2123 2653
311 222 21 35 8
754 217 209 42 Bevillnings-
971 215 159 35 Utskottets
1152 214 200 34 Betänkande
1374 213 63 34 N:o
1463 215 28 32 3.

311 319 147 25 samma
485 307 117 35 måtte
621 302 189 51 påbjudas
839 307 56 33 att
916 300 111 38 träda
1055 300 11 37 i
1094 299 306 50 verkställighet,
1429 301 42 34 så
1499 302 106 33 snart
1624 296 171 38 derefter
1814 296 106 37 detta

309 358 141 47 kunde,
478 361 92 33 utan
598 354 250 51 olägenheter
876 354 58 37 för
962 352 179 48 kontroll,
1170 351 177 51 uppbörd
1375 350 72 38 och
1470 349 261 50 redovisning,
1759 348 79 38 låta
1860 347 60 51 sig

310 423 105 37 göra.

445 461 17 36 I
502 459 194 38 motionen
722 458 72 37 N:o
825 459 43 34 18
889 457 69 36 har
986 469 145 24 samme
1159 454 200 47 motionär,
1388 453 121 38 under
1537 453 87 46 2:0),
1652 452 12 37 i
1691 451 229 37 hithörande

311 513 107 38 delar
450 512 124 50 yrkat,
603 515 55 32 att
684 509 169 49 följande
882 507 169 48 artiklar,
1085 506 230 38 tillhörande
1342 505 227 50 yppighets-
1597 503 72 39 och
1695 502 226 39 öfverflöds-

310 578 125 34 varor,
481 566 116 35 måtte
639 561 41 38 af
708 560 222 49 Riksdagen
972 563 143 34 åsättas
1156 557 297 38 nedannämnda
1495 554 425 51 införselstullafgifter,

310 616 210 49 nemligen:
563 619 138 41 nötter,
740 612 158 48 hassel-,
936 611 80 37 val-
1054 611 72 36 och
1168 609 142 50 dylika,
1351 611 46 35 35
1436 614 76 42 öre,
1546 608 153 49 risgryn
1740 607 71 37 och
1851 606 70 37 ri8-

311 668 92 48 mjöl
428 669 20 34 5
477 672 77 39 öre,
584 669 101 32 samt
712 677 197 36 sagogryn
940 664 45 35 10
1013 668 76 40 öre,
1119 661 67 37 allt
1212 661 60 37 för
1301 663 17 34 1
1349 660 201 48 kilogram.

443 716 54 38 Af
521 716 99 37 Herr
642 714 38 35 P.
708 714 170 35 Pehrsson
905 712 12 37 i
944 712 201 37 Norrsund
1172 712 129 49 yrkas,
1322 716 55 31 att
1404 710 64 36 vid
1496 709 159 37 införsel
1682 708 58 36 till
1767 708 99 36 riket
1883 708 42 36 af

311 768 169 51 följande
508 781 112 24 varor
648 766 98 38 skall
775 765 180 50 erläggas
984 777 47 24 en
1058 761 432 52 inregistreringsafgift
1520 761 42 37 af
1587 764 78 34 åtta
1688 757 50 50 (8)
1761 765 159 44 procent

313 821 42 36 af
380 833 139 24 varans
547 819 130 46 värde,
706 817 210 48 nemligen:
959 816 59 36 för
1046 814 186 50 spanmål,
1257 814 126 36 malen
1411 813 93 37 eller
1531 812 163 48 omalen,
1723 816 71 42 ost,
1819 816 103 31 smör

312 872 71 37 och
406 871 97 37 fläsk
532 874 99 33 samt
656 874 186 41 trävaror,
869 868 172 48 huggna,
1066 865 143 50 sågade
1238 864 92 38 eller
1357 864 136 38 bilade.

445 922 99 38 Herr
583 920 184 36 Fredholm
794 918 175 48 föreslår,
998 922 55 33 att
1079 917 70 38 här
1177 915 250 52 uppräknade
1455 928 113 24 varor
1595 917 61 34 må
1683 913 155 50 påföras
1851 912 70 38 föl-

308 974 118 50 jande
466 974 209 46 tullsatser,
710 971 210 49 nemligen:
949 971 113 35 hvete
1093 971 44 34 12
1163 974 76 42 öre,
1267 971 70 46 råg
1367 969 45 35 10
1441 972 75 42 öre,
1545 966 97 36 korn
1670 967 21 35 8
1720 971 77 41 öre,
1826 960 95 56 mais

316 1029 45 34 10
390 1031 76 42 öre,
496 1025 91 49 mjöl
616 1024 41 37 af
681 1023 126 47 hvete,
835 1026 70 45 råg
933 1021 71 37 och
1032 1020 95 38 mais
1158 1021 44 36 15
1232 1025 76 42 öre,
1336 1019 198 49 korngryn
1564 1019 44 35 12
1637 1022 77 41 öre,
1743 1021 104 32 smör
1875 1017 46 35 20

313 1084 76 41 öre,
418 1083 72 42 ost,
520 1076 74 37 alla
617 1075 97 49 slag,
746 1076 44 35 15
819 1079 76 42 öre,
924 1077 99 45 samt
1049 1072 98 36 fläsk
1176 1073 45 35 15
1250 1076 77 41 öre,
1357 1070 67 36 allt
1452 1070 59 36 för
1541 1071 17 34 1
1588 1068 199 49 kilogram.

446 1129 17 36 I
503 1128 145 37 Herrar
681 1125 139 37 Bezells
848 1124 71 38 och
948 1123 146 36 Örwalls
1118 1137 46 22 m.
1192 1122 58 37 fl:s
1274 1121 187 37 motioner
1483 1120 118 50 yrkas
1630 1123 292 33 sammanstäm-

312 1179 139 37 mande
493 1178 170 49 följande
704 1177 210 46 tullsatser,
954 1174 141 46 hvilka,
1137 1174 11 35 i
1176 1173 185 36 händelse
1396 1172 47 35 de
1467 1172 127 35 blefve
1622 1169 299 48 vederbörligen

311 1230 214 47 beslutade,
553 1228 120 38 borde
713 1227 238 38 omedelbart
985 1225 170 37 derefter
1182 1224 110 37 träda
1319 1223 11 36 i
1358 1222 180 49 gällande
1566 1222 116 46 kraft,
1705 1219 214 50 nemligen:

311 1283 61 36 för
399 1280 187 51 spanmål,
615 1279 168 37 omalen:
809 1278 112 36 hvete
955 1278 17 35 1
1003 1276 120 37 krona
1152 1277 46 35 50
1227 1280 76 42 öre,
1333 1279 101 32 ärter
1462 1273 72 37 och
1560 1272 132 46 bönor,
1718 1271 33 49 ej
1772 1270 149 50 specifi-

313 1332 149 48 cerade,
494 1334 17 34 1
542 1331 120 37 krona
690 1332 47 35 20
766 1335 77 42 öre,
868 1332 80 45 råg,
972 1328 96 36 korn
1097 1327 71 36 och
1192 1325 108 47 mais,
1332 1328 17 33 1
1380 1325 132 45 krona,
1542 1323 108 37 hafre
1680 1322 71 37 och
1778 1321 142 47 vicker,

314 1386 47 35 60
384 1389 76 42 öre,
491 1383 119 37 andra
638 1381 96 49 slag,
764 1383 33 45 ej
823 1379 283 50 specificerade,
1134 1380 16 34 1
1170 1377 120 37 krona
1307 1378 47 34 50
1374 1382 76 39 öre,
1468 1375 67 37 allt
1550 1375 60 36 för
1627 1375 70 35 100
1713 1373 206 48 kilogram;

313 1435 143 37 malen:
509 1433 93 49 mjöl
650 1433 72 37 och
764 1445 112 35 gryn,
913 1430 73 37 alla
1036 1429 95 49 slag,
1172 1431 20 33 2
1235 1428 142 37 kronor
1418 1428 46 35 50
1506 1431 63 32 öre
1610 1425 59 37 för
1717 1425 71 35 100
1826 1423 95 37 kilo-

313 1500 127 36 gram;
482 1484 92 50 mjöl
616 1484 42 37 af
696 1487 183 33 arrowrot
921 1481 71 37 och
1031 1481 120 36 andra
1190 1478 263 51 vegetabilier,
1487 1490 82 24 som
1598 1476 33 49 ej
1660 1476 130 36 kunna
1816 1474 105 37 inbe-

313 1537 133 49 gripas
489 1536 122 36 under
645 1533 174 50 spavmål
861 1532 93 37 eller
977 1532 183 36 hänföras
1187 1530 57 36 till
1271 1528 271 47 medicinalier,
1582 1530 10 34 2
1622 1528 140 35 kronor
1787 1527 46 35 50
1858 1531 64 30 öre

314 1590 61 36 för
417 1589 71 36 100
528 1587 207 48 kilogram;
763 1583 211 50 timotejfrö
1003 1585 21 35 5
1053 1587 65 32 öre
1146 1582 72 36 och
1247 1580 74 39 alla
1349 1580 119 37 andra
1496 1578 85 50 slag
1605 1578 41 37 af
1670 1577 70 47 frö,
1778 1576 33 49 ej
1837 1589 84 36 spe

315 1639 211 47 cificerade,
566 1637 86 37 med
692 1636 200 48 undantag
931 1635 59 36 för
1028 1634 144 49 hamp-,
1209 1632 81 47 lin-,
1336 1645 105 36 raps-
1488 1630 72 37 och
1603 1629 126 47 roffrö,
1771 1630 45 35 15
1845 1633 76 37 öre,

316 1690 68 37 allt
424 1690 58 36 för
524 1691 17 34 1
583 1688 206 49 kilogram;
830 1687 65 46 kli,
933 1685 74 37 alla
1035 1684 97 49 slag,
1162 1685 47 35 20
1233 1689 65 31 öre
1325 1683 60 36 för
1415 1683 71 35 100
1513 1681 208 49 kilogram;
1750 1678 97 38 fläsk
1877 1680 45 34 10

315 1747 77 41 öre,
421 1741 84 36 kött
533 1742 20 35 5
579 1745 76 41 öre,
681 1744 115 42 smör,
821 1738 115 36 äfven
958 1736 259 49 konstgjordt,
1249 1736 44 35 10
1319 1739 76 42 öre,
1420 1737 60 33 ost
1510 1735 43 34 15
1583 1737 76 42 öre,
1683 1731 94 36 ister
1806 1732 20 34 6
1847 1734 76 42 öre,

317 1793 67 37 allt
423 1792 58 36 för
522 1794 18 33 1
576 1790 207 48 kilogram;
827 1788 94 37 malt
950 1790 17 34 1
998 1787 121 37 krona
1147 1788 47 35 20
1223 1792 64 31 öre
1315 1785 59 37 för
1404 1785 70 36 100
1503 1783 207 48 kilogram;
1735 1780 189 51 pressjäst

318 1846 44 35 15
393 1848 64 32 öre
485 1842 58 37 för
573 1844 18 34 1
621 1840 207 50 kilogram;
857 1839 153 50 risgryn
1035 1838 71 37 och
1134 1836 144 50 rismjöl
1309 1838 20 34 3
1359 1841 64 32 öre
1451 1835 59 37 för
1540 1837 17 35 1
1587 1833 202 50 kilogram,
1824 1836 100 32 samt

316 1894 125 50 öfriga
464 1907 99 36 gryn
588 1893 42 36 af
654 1892 119 37 andra
796 1891 86 49 slag
911 1896 46 31 än
986 1890 173 48 spanmål
1189 1890 45 35 10
1262 1893 64 31 öre
1354 1887 59 37 för
1444 1889 16 34 1
1481 1886 208 48 kilogram;
1711 1883 212 49 hvarjemte

316 1946 11 36 i
367 1946 75 36 den
481 1943 286 38 förstnämndes
807 1941 144 37 motion
984 1940 144 49 jemväl
1173 1938 222 49 föreslagits
1438 1951 47 23 en
1523 1936 154 37 tullsats
1716 1938 20 34 å
1764 1933 160 38 oskalad

317 1997 51 36 ris
397 1996 42 37 af
466 1998 17 34 1
514 1996 121 36 krona
661 1994 61 36 för
752 1994 70 36 100
850 1992 199 49 kilogram.

451 2047 99 36 Herr
577 2045 209 35 Rundbäcks
814 2043 144 37 motion
985 2042 210 37 innefattar
1223 2040 64 37 det
1314 2039 203 50 yrkandet,
1546 2043 54 32 att
1618 2036 222 49 Riksdagen
1859 2035 64 37 be-

317 2098 153 50 hagade
507 2098 58 36 för
592 2095 159 38 införsel
778 2095 85 37 från
891 2093 238 39 främmande
1157 2092 136 37 länder
1321 2091 42 37 af
1388 2088 286 39 nedanstående
1702 2086 222 50 trädgårds-

320 2150 117 37 alster
478 2152 122 33 åsätta
639 2148 114 36 dessa
793 2145 169 50 följande
999 2144 209 46 tullsatser,
1241 2142 211 49 nemligen:
1488 2141 199 45 blommor,
1717 2137 206 49 naturliga,

319 2201 134 46 friska,
482 2202 46 34 30
557 2205 76 40 öre,
662 2198 202 37 blomster-
893 2196 71 37 och
991 2194 278 50 trädgårdsfrö,
1291 2193 32 48 ej
1352 2190 282 52 specificerade,
1651 2192 46 35 30
1712 2194 76 43 öre,
1805 2188 119 38 blom-

320 2251 200 47 sterlökar,
557 2252 47 34 30
629 2255 76 41 öre,
729 2248 76 48 lök,
835 2248 119 37 andra
981 2246 97 49 slag,
1103 2248 47 34 20
1179 2250 75 42 öre,
1283 2244 149 36 frukter
1460 2243 69 37 och
1558 2242 80 47 bär,
1668 2240 34 49 ej
1731 2240 194 49 specifice-

319 2302 104 48 rade,
462 2301 132 48 friska,
629 2303 46 34 20
709 2305 76 42 öre,
813 2298 224 49 grönsaker,
1072 2297 131 47 friska,
1233 2296 33 48 ej
1295 2294 282 50 specificerade,
1606 2294 48 35 20
1682 2298 76 41 öre,
1787 2295 137 42 nötter,
