1880 2786
484 191 453 31 Konstitutionsutskottets
963 188 180 31 memorial
1168 197 42 20 nr
1236 188 29 28 5.
1604 183 14 29 1

810 455 65 40 Nr
907 455 40 40 5.

333 566 452 31 Konstitutionsutskottets
812 563 183 31 memorial
1020 563 80 30 med
1124 561 133 40 förslag
1285 560 52 30 till
1363 560 54 39 lag
1443 557 178 40 angående

533 629 148 39 ändring
710 628 11 30 i
748 627 146 39 stadgan
923 626 66 30 den
1017 626 39 29 21
1085 624 157 39 februari
1271 623 81 29 1941
1386 622 61 34 (nr
1474 620 60 34 98)
1566 629 54 20 om

535 691 192 38 ersättning
764 690 58 40 för
857 686 507 41 riksdagsmannauppdragets
1401 682 220 41 fullgörande

533 763 46 21 m.
604 763 45 20 m.

179 861 435 31 Konstitutionsutskottet
633 860 65 29 har
718 859 120 30 funnit
857 857 166 41 påkallat,
1044 858 50 28 att
1114 854 311 31 bestämmelserna
1445 853 11 29 i
1478 851 146 39 stadgan

136 925 58 20 om
222 915 194 39 ersättning
446 915 57 29 för
531 911 507 41 riksdagsmannauppdragets
1067 908 220 40 fullgörande
1316 916 57 21 om
1403 905 126 30 arvode
1559 904 65 30 och

136 970 148 38 pension
310 969 53 29 till
389 967 208 39 riksdagens
622 966 192 30 ledamöter
841 966 89 28 samt
956 964 93 30 vissa
1075 963 11 29 i
1113 961 171 31 samband
1310 959 144 31 därmed
1483 957 140 30 stående

137 1022 262 30 bestämmelser
429 1020 233 30 underkastas
691 1019 162 33 revision,
883 1018 65 29 och
978 1016 54 30 får
1061 1014 155 34 härmed,
1246 1013 80 30 med
1356 1012 77 30 stöd
1463 1021 43 20 av
1536 1010 15 37 $
1583 1010 41 30 38

137 1085 105 21 mom.
273 1076 15 29 1
319 1073 366 40 riksdagsordningen,
715 1072 55 30 för
797 1071 188 38 riksdagen
1012 1068 193 39 framlägga
1233 1066 130 39 förslag
1391 1065 53 30 till
1472 1065 41 29 de
1542 1063 83 30 änd-

137 1129 118 39 ringar
276 1138 74 20 som
370 1128 171 29 utskottet
561 1126 147 30 sålunda
727 1126 115 29 ansett
861 1122 236 40 erforderliga.

608 1262 537 50 Riksdagsmannaarvodena.

183 1352 13 29 I
218 1352 15 37 $
255 1352 41 30 23
315 1350 357 40 riksdagsordningen
692 1349 149 38 stadgas,
861 1349 50 28 att
929 1347 153 29 ledamot
1100 1355 42 20 av
1159 1344 188 39 riksdagen
1365 1344 81 37 äger
1464 1350 43 21 av
1526 1342 100 28 stats-

139 1405 112 30 medel
277 1405 140 39 åtnjuta
443 1403 127 30 arvode
596 1403 64 29 och
686 1400 271 39 reseersättning
985 1401 90 28 samt
1100 1400 50 28 att
1175 1398 163 29 närmare
1363 1394 263 31 bestämmelser

139 1458 123 30 härom
282 1458 178 29 meddelas
479 1457 12 29 i
510 1466 44 20 en
573 1465 42 20 av
633 1455 196 38 Konungen
848 1453 65 30 och
933 1452 187 39 riksdagen
1140 1450 156 30 samfällt
1314 1448 161 31 beslutad
1495 1447 131 38 stadga.

139 1511 226 39 Lagrummet
387 1510 72 30 fick
482 1509 55 30 sin
558 1508 202 29 nuvarande
782 1506 129 40 lydelse
934 1506 39 29 år
997 1504 93 30 1941.
1113 1504 141 30 Samma
1275 1502 40 30 år
1336 1503 123 37 antogs
1482 1499 145 39 stadgan

139 1573 56 20 om
223 1564 193 38 ersättning
444 1563 55 29 för
527 1559 507 41 riksdagsmannauppdragets
1061 1556 231 40 fullgörande.
1319 1554 117 38 Enligt
1464 1553 164 39 stadgans

140 1617 247 40 ursprungliga
413 1616 131 39 lydelse
572 1615 111 29 skulle
711 1614 11 29 i
750 1613 125 30 arvode
903 1612 52 30 till
982 1611 255 38 riksdagsman,
1265 1609 114 30 bosatt
1406 1607 20 30 å
1453 1606 175 39 riksdags-

141 1672 109 33 orten,
271 1670 83 39 utgå
373 1670 61 30 750
454 1669 131 29 kronor
603 1668 12 29 i
633 1667 176 30 månaden
827 1667 64 29 och
910 1666 53 29 till
982 1674 117 20 annan
1117 1663 246 38 riksdagsman
1385 1661 14 29 1
1416 1660 62 30 000
1497 1660 131 29 kronor

140 1724 12 28 i
177 1723 177 30 månaden
380 1722 112 30 under
519 1722 50 29 tid
596 1721 44 30 då
667 1720 128 39 frågor,
824 1728 74 21 som
926 1718 194 38 Konungen
1147 1716 148 38 förelagt
1321 1714 198 38 riksdagen,
1546 1721 82 21 voro

141 1776 171 30 beroende
341 1776 44 40 på
414 1775 134 30 dennas
575 1773 182 41 prövning,
786 1773 58 29 vid
872 1771 144 39 lagtima
1043 1770 141 38 riksdag
1213 1768 90 30 dock
1331 1768 55 29 för
1414 1767 109 29 minst
1552 1766 77 39 fyra

141 1829 179 29 månader.
348 1828 151 39 Stadgan
525 1827 172 30 ändrades
723 1827 11 28 i
760 1826 93 29 olika
879 1823 195 31 avseenden
1098 1822 85 30 åren
1210 1821 94 34 1942,
1333 1820 83 30 1944
1441 1819 66 30 och
1536 1818 92 30 1945.

142 1882 131 29 Genom
303 1882 101 29 dessa
434 1880 190 38 ändringar
653 1878 216 40 påverkades
898 1878 76 29 icke
1004 1876 41 30 de
1075 1876 38 29 år
1145 1874 82 30 1941
1259 1873 181 30 bestämda
1470 1871 160 30 arvodes-

141 1935 182 38 beloppen.

185 1988 67 29 Vid
282 1986 201 30 införandet
514 1995 42 21 av
588 1985 80 30 1941
702 1985 58 30 års
790 1982 263 31 bestämmelser
1082 1991 57 19 om
1170 1979 319 39 arvodesbeloppen
1519 1977 111 40 gällde

142 2041 142 39 jämlikt
304 2041 40 29 33
367 2040 15 37 $
404 2041 85 28 sista
510 2039 134 39 stycket
663 2036 435 38 kommunalskattelagen,
1119 2036 50 28 att
1188 2034 68 29 den
1277 2042 73 20 som
1370 2032 115 39 åtnjöt
1505 2026 125 48 arvode

143 2094 54 29 för
220 2093 205 39 deltagande
448 2093 11 29 i
482 2092 142 39 riksdag
646 2092 19 29 å
687 2100 119 20 annan
828 2092 53 27 ort
904 2091 44 28 än
971 2089 62 29 där
1055 2088 70 29 han
1146 2087 90 29 varit
1258 2087 124 32 bosatt,
1406 2085 85 38 ägde
1516 2084 114 29 såsom

143 2147 210 28 omkostnad
379 2146 55 29 för
458 2145 212 40 uppdragets
695 2143 219 39 fullgörande
939 2142 150 37 avdraga
1113 2141 57 29 två
1194 2139 211 39 tredjedelar
1430 2147 42 20 av
1495 2137 58 29 det
1576 2137 55 28 be-

144 2199 91 39 lopp,
254 2199 142 30 varmed
415 2198 143 29 arvodet
577 2198 122 38 utgått.
720 2196 211 38 Stadgandet
950 2194 84 39 ägde
1054 2193 221 38 tillämpning
1294 2191 86 29 både
1399 2191 57 29 vid
1476 2189 155 38 taxering

144 2253 51 28 till
217 2251 305 29 kommunalskatt
543 2250 74 33 och,
639 2250 44 38 på
704 2249 114 39 grund
840 2258 41 19 av
902 2247 209 37 hänvisning
1131 2246 12 28 i
1164 2245 252 37 förordningen
1436 2252 57 20 om
1516 2242 116 38 statlig

144 2305 171 28 inkomst-
340 2305 64 28 och
429 2302 370 39 förmögenhetsskatt,
826 2301 55 29 vid
908 2299 156 38 taxering
1090 2298 51 29 till
1169 2297 109 29 sådan
1305 2297 102 28 skatt.

188 2357 45 29 År
265 2356 81 30 1947
377 2356 157 29 infördes
563 2363 122 30 genom
715 2354 189 37 ändringar
933 2353 10 28 i
972 2350 305 37 arvodesstadgan,
1306 2349 44 39 på
1379 2350 68 27 sätt
1477 2357 74 20 som
1581 2349 52 27 ut-

145 2410 138 29 vecklas
317 2410 160 28 närmare
509 2409 10 28 i
551 2408 57 29 det
640 2407 167 38 följande,
839 2405 237 40 pensionsrätt
1108 2404 54 28 för
1194 2402 205 37 riksdagens
1432 2401 199 29 ledamöter.

146 2463 128 29 Därvid
301 2462 225 33 fastställdes,
553 2463 49 27 att
627 2461 19 29 å
672 2459 172 38 utgående
870 2458 125 29 arvode
1021 2457 85 29 visst
1131 2456 124 39 belopp
1281 2464 60 30 per
1366 2454 129 29 månad
1522 2453 110 29 skulle

145 2516 169 37 avdragas
341 2516 113 28 såsom
481 2513 287 40 pensionsavgift.

149 2579 72 27 1—
233 2579 135 37 Bihang
390 2577 51 29 till
462 2576 205 37 riksdagens
688 2574 176 40 protokoll
887 2574 91 28 1954.
1001 2574 18 27 5
1040 2572 97 29 saml.
1160 2573 18 27 2
1199 2571 77 29 avd.
1297 2571 48 28 Nr
1365 2571 29 28 5.
