1898 2792
389 153 405 39 Bevillningsutskottets
820 152 219 30 betänkande
1064 161 42 20 nr
1131 152 42 29 62
1198 152 40 30 år
1264 152 84 29 1963
1598 153 18 31 d

798 396 144 43 Förslag

844 464 52 30 till

765 530 218 44 Förordning

204 634 60 20 om
280 621 150 43 ändring
445 622 13 32 i
473 619 430 44 taxeringsförordningen
919 620 68 32 den
1003 620 44 32 23
1062 619 190 33 november
1268 619 89 33 1956
1374 620 62 43 (nr
1451 618 86 45 623)

173 724 211 39 Härigenom
403 724 197 34 förordnas,

172 771 51 29 att
245 770 58 30 131
328 770 15 37 8
368 770 14 29 1
406 778 117 25 mom.,
547 769 72 34 133,
642 768 72 35 135,
738 768 72 35 137,
834 768 61 30 1388
917 768 65 30 och
1006 767 61 31 142
1091 767 51 38 88,
1167 767 61 31 143
1251 767 15 37 $
1292 768 14 29 1
1332 776 116 25 mom.,
1473 766 61 31 144
1559 766 15 37 $
1600 768 14 28 1

128 815 67 29 och
213 814 18 30 3
249 823 117 25 mom.,
387 812 184 35 145—154,
592 813 61 30 158
673 813 66 30 och
760 812 61 30 159
843 812 50 38 88,
916 812 60 30 160
999 811 15 38 8&
1039 812 14 29 1
1076 821 116 25 mom.,
1215 811 60 30 166
1299 811 15 37 8
1339 812 13 29 1
1376 820 118 25 mom.,
1517 811 60 30 172
1601 811 15 36 8

128 861 91 27 samt
247 858 61 30 173
336 858 15 37 8
382 858 14 29 1
425 857 66 30 och
518 857 18 30 3
563 866 104 21 mom.
696 856 432 40 taxeringsförordningen
1155 856 68 29 den
1249 855 41 30 23
1317 855 189 30 november
1535 855 82 30 1956

128 903 168 29 ävensom
316 902 41 30 de
380 902 159 29 närmast
562 901 73 30 före
661 900 72 36 147,
759 900 61 30 158
843 900 66 30 och
934 900 61 29 172
1022 900 37 37 $$
1085 909 135 20 samma
1244 899 207 40 förordning
1475 900 143 38 intagna

128 947 210 29 rubrikerna
355 946 101 30 skola
473 945 134 30 erhålla
623 945 137 30 ändrad
777 944 132 40 lydelse
927 944 44 39 på
991 944 68 29 sätt
1079 944 115 29 nedan
1213 944 151 39 angives.

173 991 52 29 att
245 991 61 30 132
325 991 65 29 och
411 990 170 29 155—157
605 989 37 37 $8
665 997 135 21 samma
818 987 207 39 förordning
1045 989 91 28 samt
1156 987 66 29 den
1242 988 157 29 närmast
1419 987 75 30 före
1516 987 60 30 153
1598 987 15 36 $

130 1034 252 39 förordningen
402 1034 144 38 intagna
569 1033 167 29 rubriken
757 1032 99 30 skola
877 1032 161 40 upphöra
1059 1034 50 28 att
1131 1032 100 39 gälla,

173 1081 93 28 samt
289 1080 51 28 att
364 1079 42 29 de
430 1078 11 30 i
465 1076 441 40 taxeringsförordningen,
932 1076 113 39 tredje
1070 1076 240 39 avdelningen,
1336 1076 144 40 intagna
1505 1076 111 29 rubri-

129 1124 110 30 kerna
256 1123 60 30 VII
340 1123 192 34 (163—169
553 1122 56 37 88)
633 1123 67 29 och
717 1122 78 30 VIII
820 1122 79 34 (170
920 1122 65 29 och
1007 1122 57 29 171
1090 1121 56 37 88)
1171 1121 99 30 skola
1289 1121 133 30 erhålla
1442 1130 176 20 nummer-

130 1167 297 39 beteckningarna
445 1167 44 30 VI
509 1175 88 31 resp.
617 1167 71 29 VII.

291 1256 227 34 (Nuvarande
535 1256 146 39 lydelse)

1063 1254 225 40 (Föreslagen
1313 1254 148 40 lydelse)

824 1317 57 30 131
907 1317 15 37 8

178 1374 13 28 1
231 1381 127 21 mom.
396 1373 67 28 För
489 1372 130 29 allmän
645 1371 200 39 fastighets-

131 1417 157 38 taxering
305 1417 97 30 skola
417 1417 12 29 i
445 1416 111 30 första
572 1417 137 29 instans
725 1416 119 29 finnas

180 1462 20 29 å
266 1461 189 29 landet:
523 1460 324 39 berednings-

133 1506 246 37 nämnder,
422 1514 75 20 som
530 1505 155 39 uppgöra
714 1504 133 40 förslag

134 1550 52 31 till
226 1550 165 39 taxering,
432 1550 63 29 och
546 1548 301 40 fastighets-

134 1594 525 40 tarxeringsnämnder,
693 1602 75 21 som
794 1593 54 29 be-

133 1640 92 30 sluta
249 1648 54 21 om
330 1639 166 39 taxering,
519 1640 92 28 samt

179 1685 10 29 i
238 1683 259 30 städerna:
549 1682 299 40 fastighets-

135 1724 525 48 taxeringsnämnder,
772 1735 74 22 som

134 1772 214 30 omedelbart
368 1772 187 30 verkställa
576 1772 166 39 taxering.

178 1816 455 40 Beredningsnämndernas
674 1816 65 30 och
778 1816 71 39 fas-

140 1861 547 40 tighetstaxeringsnämndernas
714 1856 17 49 —
750 1860 97 29 verk-

134 1906 325 29 samhetsområden
487 1906 60 28 äro
586 1905 263 38 berednings-

134 1950 220 30 distrikt
419 1949 63 31 och
550 1949 300 40 fastighets-

136 1989 506 44 taxeringsdistrikt.

178 2037 361 40 Beredningsdistrikt
579 2038 88 29 skall
708 2038 141 38 utgöras

135 2092 42 20 av
204 2084 171 28 kommun
403 2083 83 29 eller
514 2082 54 29 del
597 2092 40 19 av
665 2082 182 29 kommun.

135 2126 520 41 Fastighetstaxeringsdistrikt
684 2126 20 30 å
733 2126 117 29 landet

134 2171 91 29 skall
243 2172 101 38 göras
363 2171 39 30 så
421 2172 98 35 stort,
539 2180 74 20 som
634 2170 214 38 omständig-

135 2215 143 29 heterna
299 2214 186 40 lämpligen
505 2214 169 39 medgiva,
694 2214 63 29 och
778 2223 71 20 om-

135 2259 89 38 fatta
263 2258 87 39 flera
390 2257 362 40 beredningsdistrikt.
791 2258 57 28 Ett

137 2302 351 39 beredningsdistrikt
526 2302 57 29 må
620 2302 34 38 ej
681 2301 168 39 uppdelas

138 2346 128 30 mellan
321 2346 94 30 olika
469 2345 381 40 fastighetstaxerings-

136 2390 152 31 distrikt.

180 2436 181 38 Indelning
378 2436 9 28 i
404 2453 12 3 -
499 2452 108 5 -——
703 2452 4 3 -—
758 2452 9 3 -

949 1371 14 29 1
1003 1379 127 21 mom.
1167 1371 66 28 För
1259 1371 131 28 allmän
1416 1370 199 38 fastighets-

902 1415 159 39 taxering
1077 1415 97 30 skola
1190 1415 11 29 i
1217 1414 110 30 första
1344 1416 136 28 instans
1497 1414 118 29 finnas

904 1458 712 40 fastighetstaxerings-

904 1503 248 29 nämnder.

948 1815 530 39 Fastighetstaxeringsnämnds
1523 1815 97 29 verk-

905 1859 300 30 samhetsområde
1237 1860 39 29 är
1318 1859 301 39 fastighets-

907 1903 505 39 taxeringsdistrikt.

952 2036 523 40 Fastighetstaxeringsdistrikt
1531 2036 87 30 skall

906 2082 142 38 utgöras
1089 2090 43 20 av
1171 2081 169 29 kommun
1381 2081 83 29 eller
1493 2081 53 29 del
1577 2090 41 20 av

909 2126 181 29 kommun.
1127 2125 71 30 När
1233 2125 175 30 särskilda
1445 2125 78 30 skäl
1560 2125 61 30 äro

904 2169 128 36 därtill,
1051 2169 58 29 må
1129 2169 89 29 dock
1239 2169 55 30 två
1314 2169 83 30 eller
1416 2169 88 39 flera
1524 2169 97 29 kom-

906 2221 125 20 muner
1058 2212 259 39 sammanföras
1346 2212 52 29 till
1425 2213 47 28 ett
1499 2212 121 39 fastig-

907 2256 410 39 hetstaxeringsdistrikt.

878 2434 74 29 före
971 2433 262 39 taxeringsåret.
