1910 2850
627 200 231 28 Statsutskottets
883 199 145 28 utlåtande
1051 199 48 27 Nr
1121 196 28 31 Ö).
1604 195 34 31 21

145 276 114 32 lerade
292 276 64 32 och
384 275 220 42 nyreglerade
627 274 206 41 avlöningar,
859 274 41 31 de
923 273 156 41 grunder,
1105 283 74 21 som
1203 271 216 43 tillämpades
1443 271 10 32 i
1477 270 167 33 avseende

145 329 19 29 å
187 327 42 32 de
252 337 129 27 senare,
407 326 109 31 skulle
539 326 88 40 gilla
647 325 124 41 jämväl
794 324 10 31 i
829 324 93 41 fråga
945 334 53 21 om
1023 323 42 32 de
1088 322 159 42 förhöjda
1270 322 242 41 avlöningarna
1532 322 51 32 för
1599 332 45 21 nu

145 376 228 33 omhandlade
396 375 172 42 kvinnliga
590 375 216 41 tjänstemän.

198 427 18 31 I
239 426 201 41 anslutning
463 426 52 31 till
538 425 63 32 vad
625 424 145 32 sålunda
793 424 140 39 anförts,
957 424 149 41 föreslog
1129 423 126 41 Kungl.
1280 423 97 41 Maj:t
1400 422 181 41 riksdagen
1597 424 50 29 att

144 477 181 41 godkänna
358 478 50 30 ett
440 487 39 20 av
514 475 375 42 departementschefen
913 474 153 31 förordat
1088 474 128 40 förslag
1238 473 53 31 till
1315 474 257 40 övergångsstat
1594 472 53 31 för

145 526 344 42 yrkesinspektionen
513 536 39 20 av
576 524 149 42 följande
749 524 145 42 lydelse:

747 615 304 42 Övergångsstat.

181 652 17 43 am
213 652 181 43 ——————
519 652 87 43 —
630 652 9 43 "+
640 652 173 43 —>—?-—2n
874 673 93 18 2
1084 652 323 43 —————z
1476 652 176 43 nee

149 695 2 4 a
581 693 1 3 ;
909 689 1 15 ;
1236 690 1 6 ;

745 691 1 44 |
772 717 114 31 Tjänst-

634 771 60 23 Lön
765 752 124 39 görings:
911 747 10 49 |
932 751 122 25 Ortstill-|
1096 768 118 24 gymma

768 794 119 24 pennin-
959 785 68 32 lägg
1069 793 7 26 |
1235 787 2 16 I

804 828 51 24 gar
1069 831 7 12 N

1069 851 2 17 |

746 880 1 7 :
909 880 2 3 |
1069 878 3 41 |
1236 875 2 4 If
1295 882 88 21 Lönen
1413 881 50 20 kan
1488 880 66 22 efter
1579 883 13 19 5
1613 881 27 21 år

173 920 12 25 1
206 919 240 32 yrkesinspektris
483 938 26 5 ...
540 939 26 3 ...
640 914 76 32 2,400
806 914 74 28 1,200
993 913 50 26 300
1130 912 98 46 3.900]
1243 886 92 74 fröjas
1355 916 58 20 med
1433 917 46 19 300
1499 915 48 28 kr.,
1576 915 65 22 efter

174 954 11 25 1
208 954 145 31 assistent,
372 953 194 32 kvinnlig......
642 948 74 31 1,600
830 944 50 40 9200
993 947 50 26 300
1131 946 76 32 2,800
1264 953 28 19 >'+110
1312 950 28 21 år
1353 950 58 21 med
1425 949 152 28 ytterligare
1592 952 46 19 300

174 989 12 24 1
251 989 44 23 do
419 988 43 24 dio
583 983 133 35 1600
830 983 50 26 900
993 982 51 26 300
1070 991 8 22 |
1130 981 77 30 2800
1237 963 63 74 de
1320 984 49 22 och
1394 984 65 21 efter
1484 986 29 19 15
1535 984 28 21 år
1582 984 65 26 med!

746 1026 2 5 ;
911 1025 2 10 I
1071 1024 3 31 |
1238 1013 2 59 |
1262 1022 33 19 än
1314 1019 152 27 ytterligare
1487 1021 47 19 300
1554 1019 38 21 kr.

193 1048 124 29 Summa,
331 1048 126 24 bestämt
471 1047 100 31 anslag
583 1055 1 16 :
659 1058 31 4 —
823 1057 32 4 —
988 1057 30 3 —
1077 1043 2 12 I
1132 1041 76 31 ---9,500

147 1106 235 34 Anmärkningar.
421 1109 21 22 1.
472 1106 170 32 Ortstillägg
675 1107 86 31 utgår
790 1105 43 24 till
862 1105 135 24 assistent
1025 1104 91 24 under
1143 1104 56 24 den
1227 1103 50 29 tid,
1305 1102 58 25 hon
1391 1105 31 22 är
1445 1102 205 25 stationerad
1635 1098 18 46 i

473 1141 173 34 Stockholm.

424 1179 21 21 2.
475 1176 205 31 Ålderstillägg
699 1176 85 30 utgår
804 1182 34 16 av
859 1174 48 25 det
925 1173 91 25 under
1036 1173 170 24 riksstatens
1225 1170 89 27 femte
1328 1171 163 25 huvudtitel
1504 1170 144 33 uppförda

473 1218 212 25 gemensamma
704 1208 260 33 förslagsanslaget
982 1208 44 24 till
1046 1207 205 32 ålderstillägg.

200 1279 126 33 Vidare
354 1277 231 39 hemställdes,
610 1278 50 31 att
683 1276 182 42 riksdagen
888 1276 105 31 måtte
1016 1275 110 32 under
1148 1274 162 32 rubriken
1338 1272 312 43 »Yrkesinspektio-

149 1341 76 28 nen,
250 1330 276 41 övergångsstat»
553 1328 146 41 uppföra
722 1329 49 30 ett
795 1326 171 32 ordinarie
990 1325 119 42 anslag
1131 1336 40 21 av
1193 1324 95 39 9,500
1310 1324 136 32 kronor.

202 1380 175 41 Därjämte
410 1378 149 41 föreslog
591 1378 126 41 Kungl.
752 1377 99 41 Maj:t
883 1376 184 41 riksdagen
1100 1377 50 30 att
1183 1375 66 32 dels
1276 1374 165 42 medgiva,
1465 1375 49 31 att
1538 1376 113 30 såsom

150 1429 234 44 provisoriska
406 1427 299 43 avlöningstillägg
726 1429 90 40 finge
839 1427 52 32 för
913 1427 203 41 budgetåret
1140 1425 210 32 1923—1924
1372 1426 80 40 utgå
1471 1424 53 32 till
1539 1424 112 42 yrkes-

150 1480 232 44 inspektrisen
405 1482 49 30 ett
476 1479 127 42 belopp
627 1489 39 21 av
690 1478 94 39 2,500
806 1477 135 39 kronor,
964 1477 103 32 därav
1091 1476 93 39 1,650
1205 1475 128 32 kronor
1352 1475 110 32 skulle
1477 1474 174 33 betraktas

152 1534 113 31 såsom
299 1532 59 31 lön
392 1530 64 32 och
479 1530 62 32 850
562 1529 127 33 kronor
712 1531 114 30 såsom
849 1526 448 44 tjänstgöringspenningar,
1322 1528 88 30 samt
1439 1525 53 32 till
1522 1537 42 21 en
1594 1536 58 21 var

151 1594 40 21 av
224 1582 42 32 de
300 1581 171 33 ordinarie
504 1580 173 41 kvinnliga
710 1580 249 32 assistenterna
992 1580 49 30 ett
1063 1578 128 42 belopp
1214 1588 40 21 av
1279 1578 92 38 1,800
1391 1577 136 38 kronor,
1551 1576 102 32 därav

153 1634 92 39 1,200
266 1633 126 32 kronor
417 1632 110 32 skulle
548 1631 175 32 betraktas
747 1632 114 30 såsom
884 1630 58 32 lön
966 1629 64 32 och
1045 1629 62 32 600
1122 1629 127 32 kronor
1265 1630 114 31 såsom
1395 1627 258 43 tjänstgörings-

151 1684 200 43 penningar,
386 1683 66 32 dels
485 1683 53 32 ock
570 1682 52 32 för
644 1680 196 33 beredande
863 1692 40 20 av
926 1679 234 43 provisoriska
1183 1679 299 42 avlöningstillägg
1504 1680 35 30 åt
1560 1678 93 32 vissa

152 1734 171 34 ordinarie
353 1733 335 41 befattningshavare
715 1732 58 32 vid
795 1731 347 42 yrkesinspektionen
1166 1730 52 32 för
1240 1730 149 32 nämnda
1410 1729 168 41 budgetår
1599 1728 54 33 be-

152 1786 81 42 vilja
255 1787 49 31 ett
327 1786 94 31 extra
443 1784 119 41 anslag
584 1795 40 21 av
647 1783 94 39 6,100
763 1783 136 31 kronor.

207 1836 169 42 Slutligen
399 1835 176 41 föreslogs,
600 1836 50 30 att
672 1834 59 31 det
746 1833 197 43 personliga
958 1832 234 42 lönetillägget
1208 1833 19 30 å
1244 1831 93 40 1,000
1352 1831 125 32 kronor
1493 1832 34 30 åt
1542 1830 112 43 yrkes-

153 1886 232 43 inspektrisen
418 1885 142 33 Kerstin
594 1885 212 41 Hesselgren
840 1884 107 32 skulle
970 1883 167 33 beräknas
1160 1883 94 32 inom
1277 1893 116 21 ramen
1416 1893 40 20 av
1479 1881 58 32 det
1560 1882 95 31 extra

153 1938 119 41 anslag
303 1937 54 32 för
388 1934 302 44 upprätthållande
723 1946 41 21 av
796 1934 365 43 yrkesinspektionens
1195 1932 225 40 verksamhet,
1454 1933 121 31 utöver
1596 1931 59 33 det

154 1984 171 37 ordinarie
359 1987 161 42 anslaget,
555 1997 74 21 som
663 1986 52 31 för
748 1985 203 42 budgetåret
986 1985 208 32 1923—1924
1230 1984 135 32 komme
1398 1985 50 30 att
1480 1982 101 33 äskas
1614 1993 40 21 av

154 2039 192 41 riksdagen.

206 2081 76 32 Vad
305 2079 144 33 sålunda
471 2079 194 42 föreslagits
688 2078 87 39 blev,
801 2080 113 31 såsom
937 2078 12 31 i
965 2078 59 32 det
1039 2076 204 43 föregående
1259 2078 140 41 antytts,
1416 2087 41 21 av
1472 2075 183 42 riksdagen

154 2131 140 33 bifallet.

208 2207 126 42 Kungl.
369 2206 116 42 Maj:ts
520 2217 45 20 nu
588 2205 232 42 föreliggande
843 2205 127 41 förslag
992 2204 144 32 innebär
1158 2215 45 31 ny
1227 2203 154 33 definitiv
1407 2202 250 43 lönereglering

156 2259 53 32 för
233 2256 335 44 yrkesinspektrisen
592 2256 64 33 och
680 2256 42 32 de
745 2255 175 43 kvinnliga
942 2255 249 33 assistenterna
1214 2254 64 33 hos
1300 2253 355 44 yrkesinspektionen.

209 2352 18 32 I
261 2351 166 33 samband
460 2350 77 33 med
571 2351 125 41 Kungl.
721 2351 117 41 Maj:ts
861 2349 220 34 förevarande
1104 2349 128 42 förslag
1254 2349 62 32 har
1338 2349 168 32 utskottet
1529 2348 52 32 till
1603 2347 53 33 be-

157 2403 165 42 handling
344 2402 146 32 förehaft
513 2413 42 20 en
578 2401 93 32 inom
694 2401 107 32 andra
823 2401 193 32 kammaren
1040 2412 40 21 av
1102 2400 79 33 herr
1203 2399 45 32 H.
1266 2399 121 33 Hallén
1401 2399 98 32 väckt
1514 2399 141 39 motion,

156 2465 41 21 ar
220 2454 49 37 80,
292 2453 72 32 vari
386 2453 202 39 hemställts,
612 2454 50 30 att
684 2452 183 42 riksdagen
889 2452 80 32 ville

210 2505 66 33 dels
312 2503 144 41 besluta,
491 2505 49 31 att
577 2503 402 44 avlöningsreglementet
1016 2503 52 33 för
1100 2501 335 44 befattningshavare
1469 2500 57 33 vid
1560 2502 97 32 stats-
