1914 2850
48 278 161 23 Förbättrad

62 312 129 31 sjukvård

42 347 72 23 inom
131 347 83 23 rikets

50 381 149 23 ödemarks-

60 415 133 24 områden.

79 457 95 46 [88.]

253 200 40 31 92
738 202 233 29 Statsutskottets
992 203 150 28 utlåtande
1165 204 48 28 Nr
1235 202 27 29 3.

300 275 85 41 88:o0)
408 275 132 42 Kungl..
557 276 99 41 Maj:t
678 276 63 32 har
763 277 175 41 föreslagit
959 277 182 42 riksdagen
1166 277 119 42 (punkt
1312 277 51 42 88)
1386 281 50 29 att
1458 280 52 31 till
1526 279 157 42 åtgärder
1698 281 56 31 för

248 325 304 32 åstadkommande
586 338 41 20 av
660 327 189 31 förbättrad
883 327 160 41 sjukvård
1077 328 94 31 inom
1199 328 107 31 rikets
1330 328 345 34 ödemarksområden
1699 331 56 31 för

247 375 204 42 budgetåret
475 377 207 31 1925—1926
706 378 117 31 anvisa
845 379 49 30 ett
917 380 94 29 extra
1033 378 351 42 reservationsanslag
1406 390 40 20 av
1464 380 134 37 107,000
1613 381 138 31 kronor.

300 425 220 32 Beträffande
543 427 229 42 utredningen
794 428 11 30 i
829 430 114 29 ämnet
966 429 50 30 får
1038 429 170 31 utskottet
1230 429 142 31 hänvisa
1394 429 53 31 till
1471 430 62 32 sid.
1555 430 195 33 273—276
1733 421 21 54 i

248 476 388 42 statsrådsprotokollet.

299 570 69 31 För
390 573 81 29 åren
497 571 77 31 1921
600 571 63 31 och
690 571 80 31 1922
793 574 87 29 samt
896 572 107 31 första
1019 572 153 32 halvåret
1190 573 80 31 1923
1287 573 62 31 har
1364 573 181 41 riksdagen
1561 575 45 40 på
1622 574 126 41 Kungl.

247 621 117 41 Maj:ts
386 621 129 41 förslag
536 621 133 32 anvisat
691 622 119 41 anslag
825 624 19 29 å
859 624 94 29 extra
969 624 68 30 stat
1053 623 53 31 för
1120 623 234 41 provisoriska
1365 624 157 41 åtgärder
1537 624 217 44 beträffande

247 671 205 42 sjukvården
475 671 93 32 inom
592 672 107 31 rikets
723 672 352 32 ödemarksområden.

301 721 113 32 Sedan
454 733 42 20 en
533 733 40 20 av
613 722 353 43 medicinalstyrelsen
1005 723 63 32 och
1103 725 251 40 överstyrelsen
1393 725 53 31 för
1479 724 154 33 Svenska
1666 725 85 32 röda

246 774 117 30 korset
400 772 124 31 tillsatt
557 773 369 31 samarbetskommitté
960 774 157 41 framlagt
1149 775 128 41 förslag
1312 775 146 31 rörande
1494 775 92 32 vissa
1622 787 130 30 perma-

247 825 103 29 nenta
373 823 165 31 anstalter
560 823 53 31 till
635 823 234 32 förbättrande
892 835 40 20 av
949 825 204 40 sjukvården
1169 825 93 31 inom
1279 826 367 31 ödemarksområdena
1662 829 89 29 samt

247 874 95 31 detta
374 874 128 41 förslag
533 874 104 41 jämte
671 885 43 20 en
748 885 40 20 av
821 874 230 32 Norrbottens
1085 875 76 31 läns
1195 875 176 42 landsting
1398 876 171 41 uppgjord
1591 877 81 41 plan
1696 877 54 31 till

247 924 176 31 ordnande
447 935 39 20 av
510 924 439 41 sjukvårdsförhållandena
971 925 91 32 inom
1087 925 94 32 länet
1195 926 87 31 varit
1297 926 53 31 för
1364 927 159 40 yttrande
1540 927 211 31 överlämnat

249 975 51 31 till
329 974 172 41 åtskilliga
534 975 248 41 myndigheter,
815 975 180 32 däribland
1018 976 363 41 medicinalstyrelsen,
1406 987 74 21 som
1503 978 175 30 utarbetat
1700 979 50 30 ett

247 1027 75 39 eget
355 1025 128 41 förslag
515 1025 11 31 i
560 1027 123 36 ämnet,
707 1026 117 41 gjorde
858 1026 125 41 Kungl.
1019 1026 107 42 Maj:t,
1151 1029 44 39 på
1217 1027 210 41 grundvalen
1450 1039 40 19 av
1513 1027 65 32 den
1603 1028 147 31 sålunda

247 1075 192 40 förebragta
464 1075 239 42 utredningen,
727 1076 12 30 i
772 1076 217 41 proposition
1023 1088 40 19 nr
1085 1077 35 31 91
1149 1077 54 31 till
1228 1078 79 30 1923
1331 1079 55 30 års
1409 1078 138 41 riksdag
1568 1079 181 31 framställ-

246 1126 83 41 ning
362 1136 54 20 om
451 1126 185 31 anvisande
671 1137 40 20 av
744 1127 118 41 anslag
894 1127 53 31 för
979 1127 204 41 budgetåret
1208 1128 207 32 1923—1921
1438 1129 52 31 till
1513 1129 158 41 åtgärder
1694 1129 55 32 för

247 1176 312 38 åstadkommande,
594 1176 11 31 i
640 1176 151 42 enlighet
823 1177 78 31 med
923 1177 12 31 i
957 1178 263 41 propositionen
1244 1180 153 30 närmare
1421 1179 143 41 angivna
1587 1180 165 40 grunder,

247 1239 40 19 av
308 1226 191 32 förbättrad
522 1227 162 41 sjukvård
706 1227 93 31 inom
823 1228 105 31 rikets
952 1228 353 32 ödemarksområden.

299 1277 90 31 Från
412 1277 95 31 detta
529 1278 119 40 anslag
671 1278 110 31 skulle
804 1278 106 41 enligt
933 1278 124 42 Kungl.
1076 1279 116 41 Maj:ts
1216 1280 127 41 förslag
1358 1280 115 31 kunna
1488 1280 144 41 beviljas
1651 1283 99 29 stats-

246 1328 121 41 bidrag
399 1328 54 31 till
486 1328 230 41 upprättande
748 1340 41 19 av
812 1329 196 41 sjukstugor
1030 1329 58 31 vid
1110 1330 270 39 läkarstationer,
1405 1331 52 30 till
1480 1331 206 41 förhyrande
1710 1343 41 19 av

246 1379 130 31 lokaler
408 1379 53 31 för
492 1379 234 40 provisoriska
759 1379 276 42 sjukhärbärgen,
1071 1380 52 31 till
1146 1380 196 42 förhöjning
1364 1392 41 20 av
1428 1381 246 41 statsbidraget
1697 1382 53 31 till

248 1429 359 31 distriktssköterskor
639 1429 330 42 (ödemarkstillägg),
1004 1430 52 32 till
1083 1431 214 31 anställande
1320 1442 40 20 av
1384 1432 177 31 samariter
1584 1434 89 29 samt
1697 1433 52 30 till

247 1480 230 38 anskaffande,
513 1480 81 31 drift
628 1480 64 31 och
726 1480 180 32 underhåll
939 1492 40 20 av
1007 1481 230 32 automobiler
1265 1482 63 31 och
1352 1482 211 32 motorbåtar
1584 1483 55 31 för
1662 1483 91 41 sjuk-

245 1530 270 31 vårdsändamål.
562 1530 261 42 Statsbidragen
856 1531 120 38 skulle,
1008 1531 65 31 vad
1106 1534 104 39 angår
1240 1532 214 41 uppförande
1478 1544 39 19 av
1540 1533 212 41 sjukstugor,

244 1581 187 41 begränsas
453 1581 53 30 till
530 1580 364 33 ödemarksområdena
917 1582 12 30 i
951 1582 231 31 Norrbottens
1206 1582 63 31 och
1292 1582 264 33 Västerbottens
1579 1584 67 35 län,
1671 1594 79 20 men

245 1632 11 30 i
291 1631 110 41 övrigt
432 1642 79 20 avse
534 1632 234 41 nyssnämnda
791 1632 161 31 områden
980 1632 104 41 jämte
1106 1635 114 29 västra
1243 1633 138 31 delarna
1403 1645 40 19 av
1466 1634 195 31 Jämtlands
1683 1634 67 38 län,

247 1682 86 31 dock
367 1682 79 31 med
477 1683 67 30 rätt
566 1682 54 31 för
642 1682 125 41 Kungl.
791 1683 98 40 Maj:t
912 1684 50 30 att
984 1683 10 31 i
1018 1683 277 32 förekommande
1318 1684 59 30 fall
1399 1684 155 41 medgiva
1573 1684 182 42 jimkning

247 1744 40 19 av
311 1732 225 32 omförmälda
557 1733 240 41 begränsning.

300 1783 126 41 Kungl.
440 1783 116 41 Maj:ts
569 1783 128 41 förslag
711 1783 211 32 beträffande
935 1783 253 42 ifrågavarande
1202 1784 210 41 statsbidrag
1427 1785 142 31 innebar
1584 1785 11 31 i
1612 1785 139 31 korthet

247 1833 164 41 följande:

301 1883 217 42 Statsbidrag
550 1884 52 31 till
629 1886 216 39 upprättande
877 1896 39 20 av
948 1884 184 41 sjukstugor
1154 1885 56 32 vid
1231 1885 247 32 läkarstationer
1501 1885 109 32 skulle
1634 1886 118 31 kunna

246 1935 81 40 utgå
361 1934 75 31 dels
469 1934 78 31 med
570 1936 49 29 ett
647 1934 250 42 grundbelopp,
921 1935 164 32 beräknat
1107 1935 53 31 för
1183 1936 283 40 operationsrum,
1491 1936 169 31 läkarrum
1685 1936 64 31 och

246 1984 392 42 operationsavdelning,
663 1985 74 31 dels
761 1985 62 31 ock
845 1985 78 31 med
945 1986 87 31 visst
1054 1985 128 42 belopp
1205 1986 52 31 för
1278 1986 91 41 varje
1392 1986 173 41 vårdplats
1588 1988 20 29 å
1623 1986 126 31 allmän

247 2035 270 41 sjukavdelning.
563 2035 288 42 Grundbeloppet
873 2036 110 31 skulle
1006 2038 121 39 utgöra
1149 2036 54 31 för
1225 2036 178 42 sjukstuga
1425 2036 79 32 med
1526 2037 146 31 allenast
1693 2037 60 31 all-

246 2087 77 29 män
359 2085 261 41 sjukavdelning
643 2086 114 38 14,000
783 2086 134 38 kronor,
941 2086 52 31 för
1017 2086 187 41 sjukstuga,
1228 2086 241 32 innehållande
1490 2087 124 41 jämväl
1637 2087 112 32 tuber-

244 2135 293 41 kulosavdelning,
561 2136 80 31 med
663 2136 106 31 minst
791 2137 19 30 8
832 2136 212 41 vårdplatser
1059 2138 20 30 å
1094 2137 140 31 vardera
1249 2137 225 41 avdelningen
1492 2138 113 38 15,000
1620 2137 129 31 kronor

247 2186 63 31 och
343 2185 53 31 för
430 2186 179 41 sjukstuga
642 2186 78 31 med
754 2187 123 30 allmän
912 2187 64 31 och
1010 2187 394 41 tuberkulosavdelning,
1438 2188 242 31 innehållande
1710 2189 40 29 12

245 2236 214 41 vårdplatser
493 2237 19 30 å
545 2236 141 31 vardera
719 2236 234 42 avdelningen,
978 2237 114 38 20,000
1121 2237 134 31 kronor.
1300 2238 19 30 I
1341 2238 65 31 vad
1429 2238 155 41 bidraget
1606 2238 144 41 utginge

246 2287 53 31 för
331 2286 92 41 varje
456 2287 175 41 vårdplats
665 2289 20 29 å
720 2287 124 31 allmän
878 2287 262 42 sjukavdelning
1173 2288 110 31 skulle
1306 2288 59 31 det
1386 2290 121 39 utgöra
1529 2288 103 41 högst
1654 2288 96 38 3,000

246 2337 127 30 kronor
395 2337 53 31 för
471 2337 185 41 vårdplats.

298 2386 244 32 Kostnaderna
578 2387 53 31 för
667 2387 102 32 dessa
806 2387 209 42 statsbidrag
1048 2388 212 31 beräknades
1293 2389 136 31 komma
1462 2390 50 30 att
1543 2391 116 39 uppgå
1696 2389 53 31 till

246 2437 137 39 384,000
418 2437 132 38 kronor,
585 2437 106 32 vilket
724 2437 127 42 belopp
874 2440 123 39 ansågs
1020 2438 84 32 böra
1127 2439 168 40 uppdelas
1319 2441 44 39 på
1385 2439 74 42 fyra
1481 2439 167 42 budgetår
1671 2439 78 31 med
