1860 2770
412 171 123 39 Tredje
558 171 246 40 lagutskottets
827 170 178 31 utlåtande
1026 179 43 21 nr
1090 170 40 30 12
1150 169 40 30 år
1213 170 84 30 1965
1582 172 13 28 1

779 467 52 35 Nr
859 468 47 34 12

336 571 185 31 Utlåtande
545 571 11 30 i
578 571 191 39 anledning
791 579 42 22 av
856 571 124 30 väckta
1003 569 174 31 motioner
1201 579 56 21 om
1283 569 319 40 fastighetsombud

556 625 56 39 för
641 624 158 30 dödsbon
828 633 75 21 som
932 624 81 39 äger
1041 623 209 40 jordbruks-
1279 623 63 29 och
1373 622 228 40 skogsfastig-

555 677 107 31 heter.

158 785 127 39 Tredje
306 785 228 39 lagutskottet
555 785 64 30 har
641 784 190 30 behandlat
853 784 57 30 två
932 784 11 30 i
963 784 189 39 riksdagen
1174 783 136 34 väckta,
1334 783 52 29 till
1409 783 192 39 lagutskott

113 838 192 30 hänvisade
324 839 182 33 motioner,
526 847 42 20 nr
589 838 39 29 13
646 839 11 28 i
677 838 112 30 första
808 838 206 30 kammaren
1033 837 66 30 och
1118 837 81 30 herr
1221 836 137 36 Olsson,
1377 835 96 37 Erik,
1492 845 46 20 m.
1552 836 50 39 fl.,

116 893 91 29 samt
225 900 42 21 nr
287 892 36 29 11
344 892 11 29 i
372 891 111 30 andra
500 891 207 30 kammaren
726 900 43 21 av
785 891 81 30 herr
887 890 144 30 Wikner
1049 899 46 21 m.
1109 890 39 40 fl.

161 944 13 29 I
202 945 229 34 motionerna,
461 953 74 21 som
563 945 38 29 är
629 943 234 41 likalydande,
892 943 203 30 framhålles
1125 945 50 29 att
1204 943 213 40 fastigheter,
1446 943 88 39 ägda
1561 952 41 20 av

114 998 169 35 dödsbon,
308 998 198 30 föranleder
530 999 76 30 icke
629 998 123 30 enbart
775 998 220 39 olägenheter
1020 997 222 30 beträffande
1266 997 150 39 ägarnas
1440 996 163 30 inbördes

116 1051 221 31 förhållande
353 1053 85 29 utan
455 1052 87 30 även
558 1051 223 31 beträffande
797 1051 244 40 angränsande
1057 1050 290 40 fastighetsägare
1364 1050 66 30 och
1447 1050 41 30 de
1505 1058 100 31 myn-

116 1104 168 40 digheter,
302 1113 76 22 som
396 1105 65 30 har
480 1107 50 28 att
547 1105 118 29 lämna
686 1104 254 40 upplysningar
959 1113 57 21 om
1037 1104 231 39 fastighetens
1288 1103 131 30 skötsel
1440 1103 82 30 eller
1540 1103 64 29 har

115 1158 96 30 hand
231 1167 57 20 om
308 1158 490 39 strukturrationaliseringen
818 1158 95 30 inom
933 1157 96 40 jord-
1048 1158 66 29 och
1134 1156 243 40 skogsbruket.
1400 1156 116 39 Enligt
1537 1156 67 30 vad

116 1211 262 31 motionärerna
398 1211 174 30 inhämtat
592 1211 155 30 behålles
768 1220 48 21 nu
837 1211 158 30 dödsbon
1015 1210 177 31 oskiftade
1214 1209 111 31 under
1347 1210 120 39 längre
1487 1209 50 30 tid
1558 1209 46 30 än

114 1265 159 39 tidigare,
293 1265 201 39 varigenom
514 1264 201 40 problemen
736 1264 80 30 med
836 1264 158 30 dödsbon
1014 1264 10 30 i
1043 1264 102 30 dessa
1166 1263 224 30 hänseenden
1411 1262 98 31 blivit
1528 1263 77 30 allt-

117 1327 75 21 mer
209 1318 219 30 irriterande.

161 1371 132 29 Härom
310 1371 102 29 anför
430 1371 260 30 motionärerna
710 1371 172 39 följande:

163 1432 279 40 Olägenheterna
458 1441 41 21 av
514 1432 284 40 dödsboägandet
814 1433 37 29 är
866 1432 138 40 mycket
1019 1431 183 31 kännbara
1219 1431 64 30 och
1299 1431 159 30 kommer
1473 1433 49 27 att
1538 1431 67 29 öka

117 1477 187 39 väsentligt
327 1477 3 29 i
347 1477 66 29 och
430 1477 80 29 med
529 1477 66 29 den
613 1476 178 40 pågående
810 1475 571 41 rationaliseringsverksamheten
1401 1476 96 29 inom
1517 1484 88 20 ovan

117 1521 156 30 nämnda
297 1521 280 40 näringsgrenar.
603 1521 215 39 Skogsmark
841 1529 76 22 som
941 1521 80 39 äges
1046 1530 43 20 av
1112 1520 160 30 enskilda
1297 1520 65 30 och
1386 1519 157 30 dödsbon
1567 1519 39 29 är

117 1566 115 30 starkt
252 1566 172 40 splittrad,
444 1566 65 30 och
528 1566 94 30 detta
642 1566 102 39 utgör
763 1567 71 28 stor
853 1565 183 40 olägenhet
1056 1565 55 30 för
1131 1566 49 29 ett
1199 1564 177 31 rationellt
1398 1564 207 40 skogsbruk.

119 1610 329 40 Sammanslagning
473 1620 42 20 av
540 1609 137 32 mindre
703 1610 310 40 skogsfastigheter
1039 1610 64 30 har
1130 1609 181 40 påbörjats
1336 1609 55 30 för
1417 1610 49 29 att
1492 1609 115 29 åstad-

117 1655 144 31 komma
282 1664 42 21 en
345 1664 97 22 mera
462 1655 279 40 ändamålsenlig
763 1654 355 41 fastighetsbildning.
1143 1654 67 30 För
1232 1656 51 28 att
1307 1653 203 40 genomföra
1534 1654 73 29 det-

117 1702 37 27 ta
172 1700 112 30 måste
302 1701 130 38 ägarna
450 1709 84 21 vara
553 1700 100 39 eniga
671 1700 66 29 och
755 1699 339 30 överenskommelse
1113 1699 129 29 träffas
1262 1699 79 29 med
1362 1699 144 29 berörda
1529 1707 78 31 par-

118 1746 62 28 ter.
199 1745 104 30 Detta
320 1745 39 30 är
378 1745 72 29 inte
471 1745 98 29 alltid
591 1744 38 30 så
648 1745 75 34 lätt,
746 1744 44 30 då
811 1744 56 30 det
889 1744 106 39 gäller
1017 1743 159 30 dödsbon
1196 1744 79 29 med
1297 1743 128 39 många
1446 1743 160 39 delägare

119 1790 65 29 och
210 1789 45 30 då
281 1790 149 39 ägarnas
456 1789 238 30 bostadsorter
722 1789 39 29 är
789 1788 152 40 spridda.
971 1788 140 30 Samma
1140 1787 220 30 förhållande
1389 1787 145 39 uppstår
1562 1787 44 29 då

119 1833 284 40 skogsvårdande
422 1834 161 39 åtgärder
603 1833 90 30 skall
713 1832 135 31 utföras
869 1833 44 39 på
933 1833 101 29 dessa
1055 1832 216 39 fastigheter.

163 1879 65 29 Det
245 1878 64 30 har
327 1878 91 30 visat
437 1878 52 39 sig
505 1879 51 28 att
573 1878 102 39 ägare
694 1887 43 20 av
754 1877 131 30 dödsbo
903 1877 39 29 är
961 1876 136 30 mindre
1116 1876 233 30 intresserade
1369 1885 42 21 av
1432 1876 175 29 struktur-

117 1922 283 40 rationalisering
419 1922 65 30 och
505 1921 284 40 skogsvårdande
809 1921 159 39 åtgärder
991 1921 43 29 än
1057 1921 111 30 andra
1191 1920 290 40 ägarkategorier.
1505 1921 102 29 Detta

119 1967 221 30 förhållande
359 1967 294 39 sammanhänger
674 1967 72 29 inte
767 1966 98 29 alltid
887 1966 79 29 med
986 1966 50 29 att
1056 1965 131 39 ägarna
1208 1965 39 29 är
1269 1965 153 38 negativt
1442 1964 167 30 inställda

120 2014 87 28 utan
225 2021 96 21 mera
339 2012 80 30 med
437 2020 42 21 en
497 2011 70 30 viss
585 2011 191 39 passivitet,
795 2010 45 30 då
857 2010 42 30 de
918 2010 71 30 inte
1010 2010 63 29 har
1093 2010 200 29 kännedom
1314 2018 57 20 om
1392 2009 217 30 rationalise-

119 2057 143 39 ringens
286 2056 101 40 syfte.
411 2056 195 39 Delägarna
629 2056 70 29 kan
723 2055 106 30 också
850 2064 83 21 vara
956 2054 133 39 oeniga,
1114 2054 66 30 och
1204 2054 203 39 därigenom
1432 2054 176 29 försvåras

122 2101 220 33 samarbetet,
361 2101 65 30 och
446 2101 56 29 det
521 2101 38 28 är
579 2101 9 28 i
608 2099 127 40 många
756 2099 61 30 fall
838 2099 93 30 svårt
950 2101 51 28 att
1022 2098 35 30 få
1077 2099 150 29 kontakt
1245 2098 79 29 med
1344 2098 78 30 alla.
1443 2098 64 29 Om
1528 2098 80 39 lång

120 2146 52 29 tid
191 2145 154 30 förflutit
365 2145 88 30 efter
474 2144 197 34 dödsfallet,
693 2144 69 29 kan
784 2144 57 29 det
862 2152 82 21 vara
966 2143 138 40 mycket
1126 2142 94 30 svårt
1242 2144 50 28 att
1314 2142 34 30 få
1371 2143 82 29 reda
1476 2143 43 38 på
1540 2142 68 30 alla

121 2189 306 40 dödsbodelägare.

167 2261 258 29 Motionärerna
449 2259 203 30 framhåller
676 2261 50 27 att
751 2259 201 38 problemen
977 2258 75 29 icke
1075 2258 38 29 är
1138 2257 214 38 begränsade
1377 2257 51 29 till
1453 2257 156 29 dödsbon

124 2314 116 30 såsom
271 2314 102 38 ägare
403 2313 51 29 till
484 2312 207 39 jordbruks-
721 2312 64 28 och
816 2310 322 39 skogsfastigheter,
1171 2312 83 27 utan
1287 2310 220 38 olägenheter
1539 2309 70 29 kan

122 2367 87 30 även
235 2366 215 39 uppkomma
476 2365 8 29 i
511 2364 176 30 dödsbons
715 2363 242 30 förhållanden
984 2363 51 28 till
1062 2362 44 29 bl.
1122 2372 29 20 a.
1179 2362 341 39 vägsamfälligheter
1546 2362 64 29 och

124 2418 411 39 fiskevårdsföreningar.

157 2544 15 25 1
213 2542 110 30 Bihang
340 2542 46 23 till
402 2541 168 29 riksdagens
586 2540 149 31 protokoll
751 2540 75 24 1965.
841 2540 16 23 9
872 2540 84 23 saml.
971 2540 15 23 3
1002 2539 64 24 avd.
1081 2540 40 23 Nr
1136 2542 31 21 12
