2254 2644
707 181 283 32 Bankoutskottets
1023 178 172 30 memorial
1220 176 49 29 Nr
1295 177 38 26 61
1810 169 12 28 1

942 401 55 37 Nr
1026 400 64 37 61.

792 525 116 27 Ankom
929 523 46 27 till
995 522 177 33 riksdagens
1193 518 98 28 kansli
1311 517 56 26 den
1391 517 32 25 16
1444 514 56 34 maj
1525 514 69 26 1918
1613 512 38 27 kl.
1672 512 58 32 Y,
1717 508 18 44 1
1753 519 75 18 om.

555 616 209 43 Memorial,
800 612 192 48 angående
1022 607 253 39 användande
1304 618 46 24 av
1378 603 248 38 riksbankens
1655 601 98 35 vinst
1772 600 60 43 för

661 691 46 33 år
741 689 102 33 1917.

340 789 137 48 Enligt
506 791 22 44 8
559 789 21 34 1
611 787 13 36 i
654 786 74 36 den
758 786 64 35 för
851 781 332 39 bankoutskottet
1212 776 185 49 gällande
1417 772 249 38 instruktion
1682 770 149 47 åligger

235 845 67 36 det
330 844 197 36 utskottet
557 843 59 34 att
643 839 62 37 till
733 837 215 47 riksdagen
978 833 183 38 meddela
1189 829 188 51 yttrande
1406 828 77 36 och
1511 825 153 47 förslag
1685 836 64 24 om
1767 835 64 24 an-

233 896 214 39 vändande
476 907 51 24 av
557 894 78 36 den
664 892 128 36 under
820 888 241 48 föregående
1091 887 84 36 året
1202 883 215 48 upplupna
1448 879 306 38 bankovinsten.

342 950 20 36 I
392 949 77 36 den
498 947 62 37 till
587 958 57 24 nu
672 942 245 39 församlade
937 940 165 47 riksdag
1122 938 163 37 avlåtna
1304 934 307 49 propositionen
1628 928 205 49 angående

236 1003 263 38 statsverkets
528 998 184 39 tillstånd
741 997 76 37 och
845 995 132 37 behov
1007 995 75 35 har
1111 990 148 48 Kungl.
1292 989 129 46 Maj:t,
1451 986 129 37 under
1596 985 161 36 erinran
1777 984 58 34 att

238 1058 102 36 1917
384 1059 64 34 års
489 1053 167 46 riksdag
685 1075 50 3 —
766 1049 91 38 med
890 1050 161 45 hänsyn
1085 1046 61 37 till
1181 1044 259 46 svårigheten
1473 1041 60 36 att
1560 1038 178 37 beräkna
1767 1035 66 37 det

238 1110 193 38 framtida
459 1107 144 37 värdet
631 1118 51 24 av
711 1105 48 37 de
788 1102 218 38 utländska
1035 1100 216 37 valutorna
1280 1120 50 3 —
1362 1094 166 38 beslutit
1553 1094 58 49 att
1630 1101 204 26 reservera

239 1165 103 36 1916
373 1166 64 33 års
465 1160 249 39 bankovinst
742 1157 61 37 till
836 1155 267 38 riksbankens
1123 1150 193 39 framtida
1336 1147 255 48 disposition,
1617 1143 218 47 föreslagit,

240 1221 58 34 att
326 1219 133 45 någon
490 1214 117 38 andel
637 1214 13 35 i
679 1210 267 39 riksbankens
975 1209 112 36 vinst
1115 1207 86 36 icke
1232 1204 130 37 skulle
1385 1202 199 47 uppföras
1614 1197 122 39 bland
1762 1195 75 38 till-

242 1274 207 46 gångarna
477 1271 53 45 på
561 1267 101 37 1919
693 1268 64 34 års
786 1264 177 36 riksstat.

348 1322 272 46 Fullmäktige
662 1321 13 35 i
716 1317 248 38 riksbanken
1007 1316 106 35 hava
1155 1311 129 38 under
1312 1314 22 43 $
1365 1312 20 34 1
1416 1310 14 35 i
1460 1309 64 35 sin
1552 1306 62 37 till
1642 1304 197 37 utskottet

242 1379 185 46 avgivna,
472 1375 92 37 med
602 1374 217 36 utskottets
848 1368 209 38 memorial
1085 1379 48 24 nr
1164 1368 21 34 1
1215 1365 63 36 till
1307 1362 217 47 riksdagen
1554 1356 285 40 överlämnade

244 1430 210 46 berättelse
484 1426 208 49 angående
719 1423 267 38 riksbankens
1015 1419 191 44 tillstånd,
1237 1417 150 37 rörelse
1409 1415 76 37 och
1506 1411 249 47 förvaltning
1776 1422 64 24 an-

242 1486 95 44 fört,
368 1486 58 34 att
455 1481 50 38 de
533 1482 146 45 ansåge
708 1479 163 36 vinsten
898 1476 66 37 för
993 1478 43 33 är
1067 1474 101 36 1917
1200 1473 97 36 böra
1325 1468 93 38 med
1438 1469 161 45 hänsyn
1615 1464 62 38 till
1694 1464 147 46 svårig-

244 1540 120 35 heten
403 1538 57 35 att
488 1534 179 39 beräkna
696 1532 66 37 det
789 1529 194 39 framtida
1011 1527 141 38 värdet
1181 1538 51 24 av
1261 1524 48 37 de
1337 1521 220 39 utländska
1585 1519 215 37 valutorna
1828 1517 13 35 i

244 1593 63 36 sin
334 1591 138 37 helhet
500 1598 228 27 reserveras
756 1586 65 36 för
849 1583 268 37 riksbankens
1146 1578 194 38 framtida
1369 1575 254 47 disposition.

354 1644 218 42 Utskottet,
618 1652 86 26 som
748 1638 110 37 delar
901 1637 79 37 den
1016 1633 173 39 sålunda
1216 1630 179 39 uttalade
1423 1627 328 49 uppfattningen,
1782 1625 62 36 får

246 1699 129 44 alltså,
406 1696 92 38 med
527 1692 254 49 åberopande
810 1704 50 24 av
888 1688 215 39 enahanda
1131 1686 89 38 skäl
1249 1697 85 26 som
1356 1682 167 38 förlidet
1538 1683 44 34 år
1598 1681 105 36 samt
1717 1678 128 37 under

247 1753 162 36 erinran
445 1752 59 35 att
537 1748 125 47 enligt
689 1745 268 38 riksbankens
987 1742 166 38 bokslut
1182 1741 63 35 för
1275 1741 43 34 år
1350 1738 101 35 1917
1482 1735 162 37 vinsten
1675 1734 172 46 uppgått

246 1806 62 37 till
339 1802 211 48 9,680,362
581 1802 152 36 kronor
763 1800 49 36 16
843 1801 80 42 öre,
954 1795 225 43 hemställa,

782 1864 59 34 att
868 1859 216 47 riksdagen
1113 1859 66 35 må
1209 1855 166 43 besluta,
1407 1854 60 36 att
1494 1850 270 38 riksbankens
1783 1848 65 36 för

677 1919 44 34 år
750 1915 102 37 1917
886 1912 250 48 tillgängliga
1169 1906 252 46 vinstmedel,
1459 1904 210 46 9,680,362
1699 1903 150 36 kronor

678 1971 49 36 16
758 1972 79 41 öre,
873 1970 66 34 må
973 1965 221 39 bibehållas
1223 1965 41 34 åt
1291 1960 248 38 riksbanken
1567 1957 62 38 till
1657 1955 192 38 framtida

680 2022 250 48 disposition.

359 2088 235 39 Stockholm
626 2086 77 37 den
733 2086 49 35 16
813 2083 79 47 maj
927 2083 114 36 1918.

731 2174 59 36 På
818 2171 355 39 bankoutskottets
1202 2171 169 45 vägnar:

726 2244 178 38 ERNST
934 2239 448 41 HEDENSTIERNA.

293 2377 123 31 Bihang
435 2375 48 27 tiil
501 2373 185 33 riksdagens
702 2371 148 34 protokoll
870 2369 77 27 1918.
986 2368 19 26 8
1021 2368 88 26 saml.
1147 2367 35 25 51
1202 2366 76 32 häft.
1318 2364 55 34 (Nr
1393 2363 54 27 61)
1806 2357 14 25 1
