2216 2620
726 170 251 33 Statsutskottets
999 168 163 33 utlätande
1186 168 51 31 Nr
1260 169 73 30 205.
1746 165 38 30 41

1448 313 115 41 Bilaga
1589 314 41 30 A.

935 410 200 41 Förslag

1010 471 51 32 till

886 530 304 41 Kungörelse

233 597 79 32 med
335 596 181 33 allmänna
538 595 161 42 grunder
722 594 57 33 för
803 592 271 42 dyrtidstillägg
1097 591 40 33 åt
1159 588 353 41 befattningshavare
1526 587 14 31 i
1552 587 138 32 statens
1707 585 125 42 tjänst.

364 675 232 49 Härigenom
624 673 198 37 förordnas
852 685 82 23 som
962 671 125 49 följer:

237 838 42 4 —
311 835 49 4 —
389 835 40 5 —
467 835 42 4 —
548 835 37 4 —
626 835 42 5 —
700 833 46 6 —
778 831 41 7 —
856 817 41 29 -”—
933 832 40 4 —
990 817 61 29 —
1090 830 41 4 —
1164 817 43 29 -—
1244 828 46 4 —
1322 817 46 29 ——
1399 826 43 4 —
1474 817 43 29 g—
1554 825 42 5 —
1632 825 46 4 —
1708 817 44 29 S—
1784 824 50 4 —

238 1116 26 4 I
315 1113 38 5 —
363 1093 69 31 —
472 1112 36 5 —
544 1112 45 5 —
625 1112 44 5 —
706 1111 38 4 —
782 1110 43 4 —
861 1109 40 4 —
937 1108 41 4 —
1010 1093 51 31 o—
1111 1106 23 5 €
1169 1105 42 5 —
1253 1103 32 5 —
1319 1093 53 31 o—
1404 1103 34 4 —
1484 1102 42 5 —
1565 1102 35 3 —
1638 1101 44 4 —
1718 1101 39 5 —
1791 1100 45 5 —

993 1171 21 50 $
1043 1174 35 34 4.

366 1247 115 37 Mom.
500 1248 31 34 1.
561 1245 73 36 Till
648 1242 380 50 befattningshavare
1043 1241 64 36 vid
1123 1239 233 51 postverket,
1373 1236 306 50 telegrafverket,
1695 1240 144 32 statens

232 1301 211 48 järnvägar
484 1298 71 37 och
596 1302 143 31 statens
780 1293 323 48 vattenfallsverk,
1144 1292 103 36 vilka
1288 1290 147 48 åtnjuta”
1476 1289 64 37 lön
1583 1288 90 36 eller
1700 1287 139 37 arvode

239 1352 120 48 enligt
388 1349 454 49 avlöningsreglementet
870 1346 74 36 den
975 1347 45 34 19
1037 1344 86 49 juni
1146 1345 96 35 1919
1264 1342 59 37 för
1342 1342 229 49 tjänstemän
1590 1339 65 37 vid
1675 1339 165 36 nämnda

238 1403 103 47 verk,
383 1403 57 35 till
481 1399 380 50 befattningshavare
901 1397 64 36 vid
1007 1395 282 47 domänverket,
1332 1394 103 36 vilka
1476 1392 148 48 åtnjuta
1660 1391 63 36 lön
1751 1390 90 37 eller

239 1454 137 37 arvode
404 1453 122 48 enligt
554 1450 456 49 avlöningsreglementet
1038 1448 74 37 den
1141 1449 47 34 22
1213 1446 86 49 juni
1330 1446 98 35 1920
1449 1444 59 37 för
1526 1443 231 48 tjänstemän
1775 1441 66 38 vid

239 1506 284 47 domänverket,
553 1507 40 34 så
621 1503 70 37 ock
719 1502 57 37 till
804 1500 388 48 befattningshavare,
1221 1497 103 37 vilka
1344 1496 147 49 åtnjuta
1510 1495 65 37 lön
1594 1494 89 37 eller
1702 1493 139 38 arvode

240 1559 123 48 enligt
404 1555 453 49 avlöningsreglementet
898 1553 59 37 för
983 1550 379 49 befattningshavare
1389 1548 66 37 vid
1483 1546 359 50 statsdepartement

241 1610 71 38 och
340 1610 105 36 vissa
473 1609 117 36 andra
617 1607 106 47 verk,
752 1604 228 39 tillhörande
1008 1604 73 37 den
1110 1603 109 37 civila
1248 1599 397 49 statsförvaltningen,
1670 1599 90 36 eller
1779 1611 63 23 en-

238 1663 74 48 ligt
354 1660 451 50 avlöningsreglementet
847 1657 58 36 för
943 1657 194 36 officerare
1166 1655 71 36 och
1264 1652 318 37 underofficerare
1611 1655 99 32 samt
1737 1645 105 57 civil-

240 1715 162 36 militära
435 1710 391 50 beställningshavare
852 1711 50 47 på
931 1709 103 36 aktiv
1061 1712 76 33 stat
1164 1720 49 22 m.
1242 1705 36 36 fl.
1308 1705 64 36 vid
1402 1704 128 36 armén
1558 1702 71 37 och
1657 1702 183 46 marinen,

241 1767 98 36 skall
367 1764 290 51 dyrtidstillägg
683 1764 95 47 utgå
805 1762 12 36 i
846 1761 171 48 enlighet
1045 1759 85 37 med
1158 1757 288 38 föreskrifterna
1473 1756 13 36 i
1513 1754 21 50 $
1564 1757 34 45 3,
1632 1754 97 37 dock
1756 1753 86 37 med

240 1817 249 49 iakttagande
507 1816 138 46 därav,

370 1874 54 32 att
466 1866 285 52 dyrtidstillägg
791 1867 114 47 utgår
933 1864 132 36 endast
1093 1865 21 34 å
1142 1864 47 35 85
1219 1865 158 46 procent
1405 1873 47 23 av
1480 1859 45 36 de
1554 1856 288 50 sammanlagda

242 1921 408 48 avlöningsförmåner,
692 1921 48 47 på
780 1917 103 36 vilka
913 1916 133 37 sådant
1074 1915 138 49 tillägg
1239 1916 61 34 må
1327 1912 199 47 beräknas,
1555 1910 98 37 dock
1681 1910 114 48 högst
1823 1912 21 33 å

242 1979 53 32 ett
321 1974 139 48 belopp
490 1986 47 23 av
567 1972 111 48 1,250
706 1970 140 36 kronor
874 1969 60 36 för
962 1967 150 48 månad,
1142 1971 98 32 samt

372 2030 52 32 att
467 2024 62 36 det
557 2023 191 49 grundtal,
778 2034 83 24 som
889 2020 143 48 Kungl.
1063 2019 108 49 Maj:t
1194 2017 153 50 jämlikt
1376 2016 20 50 $
1426 2018 20 34 2
1475 2016 241 45 bestämmer,
1746 2013 98 37 skall

241 2079 13 35 i
282 2077 106 49 varje
416 2076 155 37 särskilt
599 2075 66 36 fall
693 2074 171 36 minskas
893 2072 86 37 med
1010 2073 58 35 16.

371 2129 82 36 Vad
482 2141 51 23 nu
562 2132 41 31 är
631 2132 87 43 sagt
747 2126 97 37 skall
867 2124 146 50 jämväl
1041 2128 71 44 äga
1131 2121 246 50 tillämpning
1398 2123 20 34 å
1438 2117 407 48 sådana
1592 2113 21 66 i
1633 2117 212 48 avlönings-

242 2182 287 48 reglementena
573 2179 60 36 för
678 2176 383 49 befattningshavare
1098 2174 64 37 vid
1190 2174 358 49 statsdepartement
1594 2184 49 22 m.
1673 2170 37 35 fl.
1745 2174 100 31 samt

245 2234 58 37 för
331 2232 195 37 officerare
554 2231 71 37 och
653 2229 317 37 underofficerare
987 2242 47 22 m.
1051 2228 36 36 fl.
1105 2226 165 37 avsedda
1285 2223 293 39 icke-ordinarie
1592 2221 252 49 befattnings-

244 2286 151 46 havare,
424 2284 58 37 till
510 2284 101 36 vilka
641 2282 138 37 arvode
798 2284 113 46 utgår
930 2280 86 37 med
1035 2281 12 35 i
1067 2278 284 38 vederbörande
1370 2282 117 31 stater
1508 2274 166 50 angivna
1693 2274 151 49 belopp.

245 2346 127 39 Bihang
396 2346 50 32 till
468 2345 188 41 riksdagens
673 2342 159 43 protokoll
856 2342 97 32 1921.
999 2343 20 30 6
1041 2341 89 31 saml.
1177 2340 42 31 86
1242 2338 77 41 häft.
1372 2338 61 41 (Nr
1455 2336 89 39 205)
1783 2334 18 31 6
