2206 2634
386 211 39 30 14
879 209 214 40 Lagulskottets
1115 207 149 32 utlåtande
1285 207 47 32 Nr
1353 209 52 30 20.

342 292 77 33 sätt
445 286 256 50 tillgodosåge
729 291 101 33 utom
860 285 255 50 äktenskapet
1143 284 116 38 födda
1286 285 114 37 barns
1420 284 75 38 och
1514 283 110 39 deras
1645 282 171 40 mödrars
1832 288 114 32 rätts-

341 338 82 48 liga
449 337 194 48 ställning.
697 336 74 38 Det
797 342 42 32 är
866 335 131 38 vidare
1024 336 155 45 bekant,
1207 341 54 31 att
1289 335 106 38 såväl
1421 334 341 50 lagberedningen,
1787 347 82 24 som
1890 333 59 38 för

342 388 237 38 närvarande
618 393 41 31 är
699 387 202 50 sysselsatt
928 385 86 39 med
1041 386 251 50 uppgörande
1321 386 42 37 af
1387 385 147 49 förslag
1560 385 57 38 till
1640 399 51 34 ny
1717 383 231 49 giftermåls-

342 439 103 47 balk,
472 452 80 24 som
581 438 73 38 ock
683 438 74 37 den
784 437 60 38 för
866 436 167 39 revision
1058 437 42 37 af
1116 436 529 49 fattigvårdslagstiftningen
1663 435 159 38 tillsatta
1840 435 108 38 kom-

344 490 108 37 mitté
479 489 179 50 upptagit
685 488 249 38 förevarande
963 492 110 33 ämne
1099 487 60 38 till
1186 486 249 50 behandling.

478 540 76 48 Jag
593 552 113 25 anser
744 539 65 38 det
849 539 119 48 högst
1005 537 272 49 tvifvelaktigt,
1311 537 190 38 huruvida
1527 537 48 38 de
1602 537 42 37 af
1666 536 284 38 motionärerna

345 590 202 51 påkallade
584 590 209 49 ändringar
824 589 11 37 i
864 588 462 50 rättegångsförfarandet
1352 588 13 38 i
1392 587 228 39 hithörande
1647 587 65 38 fall
1738 586 212 51 lämpligen

344 642 132 37 kunna
516 641 70 38 och
614 641 93 37 böra
733 640 179 49 vidtagas
940 639 231 39 annorledes
1199 644 48 33 än
1273 639 12 37 i
1313 638 279 49 sammanhang
1618 638 88 38 med
1733 651 49 25 en
1809 638 142 38 allmän

344 692 141 37 reform
522 691 40 38 af
584 690 414 50 rättegångsväsendet
1023 690 11 37 i
1061 693 85 35 vårt
1172 689 102 39 land.
1326 690 53 38 På
1406 690 114 37 dessa
1546 689 169 50 grunder
1737 692 122 46 ansåg
1879 688 73 50 jag

345 742 81 49 mig
464 742 85 38 icke
581 742 131 38 kunna
736 741 149 39 biträda
911 742 209 37 utskottets
1148 741 129 38 beslut
1304 745 56 33 att
1385 740 193 50 tillstyrka
1604 739 224 49 Riksdagen
1857 744 57 33 att
1938 739 14 37 i

345 793 209 48 anledning
596 793 43 37 af
675 792 295 49 ifrågavarande
1011 791 187 39 motioner
1230 791 153 39 besluta
1415 805 48 24 en
1490 790 224 51 ytterligare
1746 789 206 38 skrifvelse

345 843 57 37 till
445 843 140 48 Kungl.
626 843 117 49 Maj:t.
796 843 57 38 Då
895 843 187 37 utskottet
1119 841 212 39 emellertid
1372 842 39 38 af
1449 841 265 38 förekommen
1741 840 211 48 anledning

344 907 159 24 numera
543 894 167 48 frångått
749 894 104 37 detta
894 893 127 38 beslut
1060 893 73 38 och
1161 892 208 48 hemställt,
1397 898 56 32 att
1479 891 254 39 förevarande
1761 891 192 38 motioner

344 945 88 37 icke
462 947 114 35 måtte
605 944 59 37 till
690 948 126 45 någon
843 944 244 50 Riksdagens
1115 943 136 49 åtgärd
1279 943 211 49 föranleda,
1517 943 224 38 instämmer
1759 942 73 50 jag
1853 941 13 38 i
1888 941 65 38 det

346 996 87 48 slut,
462 995 153 38 hvartill
642 995 187 38 utskottet
856 994 159 39 sålunda
1040 994 194 38 kommit.»

481 1352 98 39 Herr
622 1351 156 40 Gezelius
805 1348 69 42 har
900 1348 136 52 begärt
1061 1351 38 38 få
1122 1351 70 37 här
1218 1348 247 50 antecknadt,
1494 1354 55 33 att
1572 1349 74 38 han
1675 1348 86 39 icke
1793 1348 162 49 deltagit

345 1404 13 38 i
386 1404 286 48 behandlingen
699 1403 39 38 af
762 1403 106 38 detta
895 1402 141 39 ärende
1063 1403 104 37 inom
1195 1402 202 37 utskottet.

724 2319 866 11 MMM

771 2349 164 22 STOCKHOLM,
954 2348 55 20 P,A.,
1019 2347 105 19 NYMANS
1143 2346 126 19 EFTERTBR.
1289 2346 136 20 TRYCKERI.
1465 2343 73 21 1911.
