<?xml version="1.0" encoding="UTF-8"?>
<alto xmlns="http://www.loc.gov/standards/alto/ns-v3#" xmlns:xlink="http://www.w3.org/1999/xlink" xmlns:xsi="http://www.w3.org/2001/XMLSchema-instance" xsi:schemaLocation="http://www.loc.gov/standards/alto/ns-v3# http://www.loc.gov/alto/v3/alto-3-0.xsd">
	<Description>
		<MeasurementUnit>pixel</MeasurementUnit>
		<sourceImageInformation>
			<fileName>/tmp/tess_86hj5bat_input.PNG</fileName>
		</sourceImageInformation>
		<OCRProcessing ID="OCR_0">
			<ocrProcessingStep>
				<processingSoftware>
					<softwareName>tesseract 5.3.0</softwareName>
				</processingSoftware>
			</ocrProcessingStep>
		</OCRProcessing>
	</Description>
	<Layout>
		<Page WIDTH="2152" HEIGHT="2618" PHYSICAL_IMG_NR="0" ID="page_0">
			<PrintSpace HPOS="0" VPOS="0" WIDTH="2152" HEIGHT="2618">
				<ComposedBlock ID="cblock_0" HPOS="597" VPOS="151" WIDTH="1124" HEIGHT="32">
					<TextBlock ID="block_0" HPOS="597" VPOS="151" WIDTH="1124" HEIGHT="32">
						<TextLine ID="line_0" HPOS="597" VPOS="151" WIDTH="1124" HEIGHT="32">
							<String ID="string_0" HPOS="597" VPOS="151" WIDTH="402" HEIGHT="32" WC="0.91" CONTENT="Konstitutionsutskottets"/><SP WIDTH="25" VPOS="151" HPOS="999"/>
							<String ID="string_1" HPOS="1024" VPOS="151" WIDTH="168" HEIGHT="32" WC="0.95" CONTENT="Memorial"/><SP WIDTH="23" VPOS="151" HPOS="1192"/>
							<String ID="string_2" HPOS="1215" VPOS="151" WIDTH="65" HEIGHT="32" WC="0.93" CONTENT="N:o"/><SP WIDTH="23" VPOS="151" HPOS="1280"/>
							<String ID="string_3" HPOS="1303" VPOS="153" WIDTH="29" HEIGHT="29" WC="0.96" CONTENT="5."/><SP WIDTH="350" VPOS="153" HPOS="1332"/>
							<String ID="string_4" HPOS="1682" VPOS="152" WIDTH="39" HEIGHT="31" WC="0.96" CONTENT="13"/>
						</TextLine>
					</TextBlock>
				</ComposedBlock>
				<ComposedBlock ID="cblock_1" HPOS="164" VPOS="228" WIDTH="1600" HEIGHT="254">
					<TextBlock ID="block_1" HPOS="164" VPOS="228" WIDTH="1600" HEIGHT="254">
						<TextLine ID="line_1" HPOS="165" VPOS="228" WIDTH="1598" HEIGHT="50">
							<String ID="string_5" HPOS="165" VPOS="232" WIDTH="52" HEIGHT="32" WC="0.93" CONTENT="att"/><SP WIDTH="30" VPOS="232" HPOS="217"/>
							<String ID="string_6" HPOS="247" VPOS="229" WIDTH="58" HEIGHT="35" WC="0.96" CONTENT="för"/><SP WIDTH="30" VPOS="229" HPOS="305"/>
							<String ID="string_7" HPOS="335" VPOS="228" WIDTH="201" HEIGHT="49" WC="0.96" CONTENT="professor,"/><SP WIDTH="31" VPOS="228" HPOS="536"/>
							<String ID="string_8" HPOS="567" VPOS="228" WIDTH="113" HEIGHT="37" WC="0.96" CONTENT="hvars"/><SP WIDTH="30" VPOS="228" HPOS="680"/>
							<String ID="string_9" HPOS="710" VPOS="228" WIDTH="244" HEIGHT="38" WC="0.96" CONTENT="arbetsbörda"/><SP WIDTH="30" VPOS="228" HPOS="954"/>
							<String ID="string_10" HPOS="984" VPOS="228" WIDTH="10" HEIGHT="36" WC="0.95" CONTENT="i"/><SP WIDTH="27" VPOS="228" HPOS="994"/>
							<String ID="string_11" HPOS="1021" VPOS="228" WIDTH="91" HEIGHT="48" WC="0.95" CONTENT="följd"/><SP WIDTH="21" VPOS="228" HPOS="1112"/>
							<String ID="string_12" HPOS="1133" VPOS="229" WIDTH="41" HEIGHT="35" WC="0.96" CONTENT="af"/><SP WIDTH="15" VPOS="229" HPOS="1174"/>
							<String ID="string_13" HPOS="1189" VPOS="229" WIDTH="139" HEIGHT="36" WC="0.93" CONTENT="honom"/><SP WIDTH="22" VPOS="229" HPOS="1328"/>
							<String ID="string_14" HPOS="1350" VPOS="229" WIDTH="204" HEIGHT="49" WC="0.90" CONTENT="åliggande"/><SP WIDTH="21" VPOS="229" HPOS="1554"/>
							<String ID="string_15" HPOS="1575" VPOS="230" WIDTH="188" HEIGHT="36" WC="0.90" CONTENT="examina-"/>
						</TextLine>
						<TextLine ID="line_2" HPOS="165" VPOS="279" WIDTH="1599" HEIGHT="50">
							<String ID="string_16" HPOS="165" VPOS="279" WIDTH="79" HEIGHT="37" WC="0.96" CONTENT="tion"/><SP WIDTH="41" VPOS="279" HPOS="244"/>
							<String ID="string_17" HPOS="285" VPOS="282" WIDTH="42" HEIGHT="33" WC="0.96" CONTENT="är"/><SP WIDTH="42" VPOS="282" HPOS="327"/>
							<String ID="string_18" HPOS="369" VPOS="284" WIDTH="118" HEIGHT="32" WC="0.95" CONTENT="större"/><SP WIDTH="40" VPOS="284" HPOS="487"/>
							<String ID="string_19" HPOS="527" VPOS="284" WIDTH="47" HEIGHT="32" WC="0.96" CONTENT="än"/><SP WIDTH="29" VPOS="284" HPOS="574"/>
							<String ID="string_20" HPOS="603" VPOS="280" WIDTH="84" HEIGHT="47" WC="0.95" CONTENT="den,"/><SP WIDTH="31" VPOS="280" HPOS="687"/>
							<String ID="string_21" HPOS="718" VPOS="293" WIDTH="82" HEIGHT="24" WC="0.95" CONTENT="som"/><SP WIDTH="29" VPOS="293" HPOS="800"/>
							<String ID="string_22" HPOS="829" VPOS="280" WIDTH="11" HEIGHT="36" WC="0.56" CONTENT="i"/><SP WIDTH="29" VPOS="280" HPOS="840"/>
							<String ID="string_23" HPOS="869" VPOS="280" WIDTH="206" HEIGHT="37" WC="0.93" CONTENT="allmänhet"/><SP WIDTH="27" VPOS="280" HPOS="1075"/>
							<String ID="string_24" HPOS="1102" VPOS="279" WIDTH="124" HEIGHT="37" WC="0.92" CONTENT="hvilar"/><SP WIDTH="28" VPOS="279" HPOS="1226"/>
							<String ID="string_25" HPOS="1254" VPOS="283" WIDTH="19" HEIGHT="33" WC="0.91" CONTENT="å"/><SP WIDTH="28" VPOS="283" HPOS="1273"/>
							<String ID="string_26" HPOS="1301" VPOS="281" WIDTH="193" HEIGHT="48" WC="0.96" CONTENT="professor"/><SP WIDTH="28" VPOS="281" HPOS="1494"/>
							<String ID="string_27" HPOS="1522" VPOS="280" WIDTH="63" HEIGHT="36" WC="0.93" CONTENT="vid"/><SP WIDTH="28" VPOS="280" HPOS="1585"/>
							<String ID="string_28" HPOS="1613" VPOS="280" WIDTH="151" HEIGHT="37" WC="0.92" CONTENT="univer-"/>
						</TextLine>
						<TextLine ID="line_3" HPOS="165" VPOS="331" WIDTH="1599" HEIGHT="50">
							<String ID="string_29" HPOS="165" VPOS="331" WIDTH="138" HEIGHT="46" WC="0.92" CONTENT="sitetet,"/><SP WIDTH="43" VPOS="331" HPOS="303"/>
							<String ID="string_30" HPOS="346" VPOS="331" WIDTH="59" HEIGHT="36" WC="0.96" CONTENT="för"/><SP WIDTH="38" VPOS="331" HPOS="405"/>
							<String ID="string_31" HPOS="443" VPOS="331" WIDTH="77" HEIGHT="37" WC="0.95" CONTENT="viss"/><SP WIDTH="30" VPOS="331" HPOS="520"/>
							<String ID="string_32" HPOS="550" VPOS="331" WIDTH="66" HEIGHT="47" WC="0.96" CONTENT="tid,"/><SP WIDTH="30" VPOS="331" HPOS="616"/>
							<String ID="string_33" HPOS="646" VPOS="332" WIDTH="33" HEIGHT="48" WC="0.93" CONTENT="ej"/><SP WIDTH="31" VPOS="332" HPOS="679"/>
							<String ID="string_34" HPOS="710" VPOS="331" WIDTH="286" HEIGHT="49" WC="0.91" CONTENT="öfverstigande"/><SP WIDTH="29" VPOS="331" HPOS="996"/>
							<String ID="string_35" HPOS="1025" VPOS="344" WIDTH="47" HEIGHT="23" WC="0.96" CONTENT="en"/><SP WIDTH="29" VPOS="344" HPOS="1072"/>
							<String ID="string_36" HPOS="1101" VPOS="331" WIDTH="136" HEIGHT="37" WC="0.95" CONTENT="månad"/><SP WIDTH="29" VPOS="331" HPOS="1237"/>
							<String ID="string_37" HPOS="1266" VPOS="331" WIDTH="132" HEIGHT="50" WC="0.93" CONTENT="hvarje"/><SP WIDTH="27" VPOS="331" HPOS="1398"/>
							<String ID="string_38" HPOS="1425" VPOS="331" WIDTH="206" HEIGHT="48" WC="0.91" CONTENT="lästermin,"/><SP WIDTH="30" VPOS="331" HPOS="1631"/>
							<String ID="string_39" HPOS="1661" VPOS="333" WIDTH="103" HEIGHT="35" WC="0.93" CONTENT="med-"/>
						</TextLine>
						<TextLine ID="line_4" HPOS="165" VPOS="381" WIDTH="1599" HEIGHT="51">
							<String ID="string_40" HPOS="165" VPOS="381" WIDTH="107" HEIGHT="48" WC="0.96" CONTENT="gifva"/><SP WIDTH="42" VPOS="381" HPOS="272"/>
							<String ID="string_41" HPOS="314" VPOS="381" WIDTH="280" HEIGHT="50" WC="0.96" CONTENT="inskränkning"/><SP WIDTH="41" VPOS="381" HPOS="594"/>
							<String ID="string_42" HPOS="635" VPOS="383" WIDTH="11" HEIGHT="36" WC="0.91" CONTENT="i"/><SP WIDTH="42" VPOS="383" HPOS="646"/>
							<String ID="string_43" HPOS="688" VPOS="383" WIDTH="280" HEIGHT="36" WC="0.90" CONTENT="ofvannämnda"/><SP WIDTH="43" VPOS="383" HPOS="968"/>
							<String ID="string_44" HPOS="1011" VPOS="382" WIDTH="524" HEIGHT="50" WC="0.90" CONTENT="undervisningsskyldighet"/><SP WIDTH="41" VPOS="382" HPOS="1535"/>
							<String ID="string_45" HPOS="1576" VPOS="383" WIDTH="96" HEIGHT="37" WC="0.96" CONTENT="intill"/><SP WIDTH="29" VPOS="383" HPOS="1672"/>
							<String ID="string_46" HPOS="1701" VPOS="387" WIDTH="63" HEIGHT="33" WC="0.96" CONTENT="två"/>
						</TextLine>
						<TextLine ID="line_5" HPOS="164" VPOS="432" WIDTH="1597" HEIGHT="50">
							<String ID="string_47" HPOS="164" VPOS="432" WIDTH="171" HEIGHT="37" WC="0.94" CONTENT="timmars"/><SP WIDTH="41" VPOS="432" HPOS="335"/>
							<String ID="string_48" HPOS="376" VPOS="434" WIDTH="276" HEIGHT="47" WC="0.95" CONTENT="föreläsningar"/><SP WIDTH="42" VPOS="434" HPOS="652"/>
							<String ID="string_49" HPOS="694" VPOS="434" WIDTH="11" HEIGHT="35" WC="0.96" CONTENT="i"/><SP WIDTH="29" VPOS="434" HPOS="705"/>
							<String ID="string_50" HPOS="734" VPOS="435" WIDTH="145" HEIGHT="35" WC="0.95" CONTENT="veckan"/><SP WIDTH="30" VPOS="435" HPOS="879"/>
							<String ID="string_51" HPOS="909" VPOS="434" WIDTH="90" HEIGHT="36" WC="0.96" CONTENT="eller"/><SP WIDTH="30" VPOS="434" HPOS="999"/>
							<String ID="string_52" HPOS="1029" VPOS="435" WIDTH="265" HEIGHT="35" WC="0.96" CONTENT="motsvarande"/><SP WIDTH="29" VPOS="435" HPOS="1294"/>
							<String ID="string_53" HPOS="1323" VPOS="447" WIDTH="125" HEIGHT="23" WC="0.95" CONTENT="annan"/><SP WIDTH="28" VPOS="447" HPOS="1448"/>
							<String ID="string_54" HPOS="1476" VPOS="434" WIDTH="285" HEIGHT="48" WC="0.95" CONTENT="undervisning."/>
						</TextLine>
					</TextBlock>
				</ComposedBlock>
				<ComposedBlock ID="cblock_2" HPOS="163" VPOS="586" WIDTH="1600" HEIGHT="462">
					<TextBlock ID="block_2" HPOS="163" VPOS="586" WIDTH="1600" HEIGHT="462">
						<TextLine ID="line_6" HPOS="295" VPOS="586" WIDTH="1466" HEIGHT="51">
							<String ID="string_55" HPOS="295" VPOS="586" WIDTH="131" HEIGHT="37" WC="0.96" CONTENT="Såsom"/><SP WIDTH="43" VPOS="586" HPOS="426"/>
							<String ID="string_56" HPOS="469" VPOS="587" WIDTH="40" HEIGHT="36" WC="0.96" CONTENT="af"/><SP WIDTH="41" VPOS="587" HPOS="509"/>
							<String ID="string_57" HPOS="550" VPOS="588" WIDTH="72" HEIGHT="35" WC="0.96" CONTENT="den"/><SP WIDTH="42" VPOS="588" HPOS="622"/>
							<String ID="string_58" HPOS="664" VPOS="588" WIDTH="113" HEIGHT="36" WC="0.96" CONTENT="ofvan"/><SP WIDTH="29" VPOS="588" HPOS="777"/>
							<String ID="string_59" HPOS="806" VPOS="587" WIDTH="174" HEIGHT="37" WC="0.96" CONTENT="lämnade"/><SP WIDTH="37" VPOS="587" HPOS="980"/>
							<String ID="string_60" HPOS="1017" VPOS="587" WIDTH="269" HEIGHT="48" WC="0.96" CONTENT="redogörelsen"/><SP WIDTH="29" VPOS="587" HPOS="1286"/>
							<String ID="string_61" HPOS="1315" VPOS="588" WIDTH="179" HEIGHT="47" WC="0.95" CONTENT="framgår,"/><SP WIDTH="30" VPOS="588" HPOS="1494"/>
							<String ID="string_62" HPOS="1524" VPOS="587" WIDTH="68" HEIGHT="36" WC="0.96" CONTENT="har"/><SP WIDTH="27" VPOS="587" HPOS="1592"/>
							<String ID="string_63" HPOS="1619" VPOS="587" WIDTH="142" HEIGHT="50" WC="0.95" CONTENT="Kungl."/>
						</TextLine>
						<TextLine ID="line_7" HPOS="166" VPOS="638" WIDTH="1596" HEIGHT="49">
							<String ID="string_64" HPOS="166" VPOS="638" WIDTH="118" HEIGHT="48" WC="0.96" CONTENT="Maj:t,"/><SP WIDTH="30" VPOS="638" HPOS="284"/>
							<String ID="string_65" HPOS="314" VPOS="644" WIDTH="92" HEIGHT="31" WC="0.96" CONTENT="utan"/><SP WIDTH="41" VPOS="644" HPOS="406"/>
							<String ID="string_66" HPOS="447" VPOS="644" WIDTH="55" HEIGHT="31" WC="0.96" CONTENT="att"/><SP WIDTH="41" VPOS="644" HPOS="502"/>
							<String ID="string_67" HPOS="543" VPOS="641" WIDTH="118" HEIGHT="46" WC="0.96" CONTENT="något"/><SP WIDTH="41" VPOS="641" HPOS="661"/>
							<String ID="string_68" HPOS="702" VPOS="651" WIDTH="80" HEIGHT="24" WC="0.96" CONTENT="som"/><SP WIDTH="43" VPOS="651" HPOS="782"/>
							<String ID="string_69" HPOS="825" VPOS="639" WIDTH="98" HEIGHT="36" WC="0.96" CONTENT="helst"/><SP WIDTH="42" VPOS="639" HPOS="923"/>
							<String ID="string_70" HPOS="965" VPOS="638" WIDTH="147" HEIGHT="49" WC="0.96" CONTENT="förslag"/><SP WIDTH="42" VPOS="638" HPOS="1112"/>
							<String ID="string_71" HPOS="1154" VPOS="639" WIDTH="129" HEIGHT="36" WC="0.96" CONTENT="därom"/><SP WIDTH="30" VPOS="639" HPOS="1283"/>
							<String ID="string_72" HPOS="1313" VPOS="638" WIDTH="120" HEIGHT="37" WC="0.95" CONTENT="under"/><SP WIDTH="28" VPOS="638" HPOS="1433"/>
							<String ID="string_73" HPOS="1461" VPOS="639" WIDTH="174" HEIGHT="36" WC="0.93" CONTENT="ärendets"/><SP WIDTH="28" VPOS="639" HPOS="1635"/>
							<String ID="string_74" HPOS="1663" VPOS="639" WIDTH="99" HEIGHT="36" WC="0.92" CONTENT="före-"/>
						</TextLine>
						<TextLine ID="line_8" HPOS="163" VPOS="689" WIDTH="1600" HEIGHT="50">
							<String ID="string_75" HPOS="163" VPOS="689" WIDTH="150" HEIGHT="49" WC="0.96" CONTENT="gående"/><SP WIDTH="41" VPOS="689" HPOS="313"/>
							<String ID="string_76" HPOS="354" VPOS="689" WIDTH="236" HEIGHT="49" WC="0.96" CONTENT="behandling"/><SP WIDTH="27" VPOS="689" HPOS="590"/>
							<String ID="string_77" HPOS="617" VPOS="690" WIDTH="272" HEIGHT="47" WC="0.96" CONTENT="framkommit,"/><SP WIDTH="29" VPOS="690" HPOS="889"/>
							<String ID="string_78" HPOS="918" VPOS="690" WIDTH="55" HEIGHT="36" WC="0.93" CONTENT="uti"/><SP WIDTH="41" VPOS="690" HPOS="973"/>
							<String ID="string_79" HPOS="1014" VPOS="690" WIDTH="8" HEIGHT="49" WC="0.54" CONTENT="&amp;"/><SP WIDTH="31" VPOS="690" HPOS="1022"/>
							<String ID="string_80" HPOS="1053" VPOS="692" WIDTH="72" HEIGHT="34" WC="0.96" CONTENT="104"/><SP WIDTH="30" VPOS="692" HPOS="1125"/>
							<String ID="string_81" HPOS="1155" VPOS="690" WIDTH="41" HEIGHT="36" WC="0.96" CONTENT="af"/><SP WIDTH="24" VPOS="690" HPOS="1196"/>
							<String ID="string_82" HPOS="1220" VPOS="690" WIDTH="46" HEIGHT="37" WC="0.96" CONTENT="de"/><SP WIDTH="29" VPOS="690" HPOS="1266"/>
							<String ID="string_83" HPOS="1295" VPOS="703" WIDTH="75" HEIGHT="36" WC="0.93" CONTENT="nya"/><SP WIDTH="28" VPOS="703" HPOS="1370"/>
							<String ID="string_84" HPOS="1398" VPOS="690" WIDTH="365" HEIGHT="37" WC="0.91" CONTENT="universitetsstatu-"/>
						</TextLine>
						<TextLine ID="line_9" HPOS="163" VPOS="741" WIDTH="1598" HEIGHT="50">
							<String ID="string_85" HPOS="163" VPOS="746" WIDTH="108" HEIGHT="31" WC="0.96" CONTENT="terna"/><SP WIDTH="32" VPOS="746" HPOS="271"/>
							<String ID="string_86" HPOS="303" VPOS="741" WIDTH="117" HEIGHT="37" WC="0.96" CONTENT="infört"/><SP WIDTH="32" VPOS="741" HPOS="420"/>
							<String ID="string_87" HPOS="452" VPOS="755" WIDTH="47" HEIGHT="23" WC="0.96" CONTENT="en"/><SP WIDTH="28" VPOS="755" HPOS="499"/>
							<String ID="string_88" HPOS="527" VPOS="742" WIDTH="277" HEIGHT="47" WC="0.96" CONTENT="bestämmelse,"/><SP WIDTH="33" VPOS="742" HPOS="804"/>
							<String ID="string_89" HPOS="837" VPOS="742" WIDTH="251" HEIGHT="49" WC="0.96" CONTENT="hvarigenom"/><SP WIDTH="37" VPOS="742" HPOS="1088"/>
							<String ID="string_90" HPOS="1125" VPOS="742" WIDTH="72" HEIGHT="36" WC="0.95" CONTENT="den"/><SP WIDTH="28" VPOS="742" HPOS="1197"/>
							<String ID="string_91" HPOS="1225" VPOS="741" WIDTH="193" HEIGHT="49" WC="0.95" CONTENT="professor"/><SP WIDTH="28" VPOS="741" HPOS="1418"/>
							<String ID="string_92" HPOS="1446" VPOS="741" WIDTH="63" HEIGHT="37" WC="0.96" CONTENT="vid"/><SP WIDTH="29" VPOS="741" HPOS="1509"/>
							<String ID="string_93" HPOS="1538" VPOS="742" WIDTH="223" HEIGHT="37" WC="0.96" CONTENT="universitet"/>
						</TextLine>
						<TextLine ID="line_10" HPOS="163" VPOS="771" WIDTH="1599" HEIGHT="72">
							<String ID="string_94" HPOS="163" VPOS="792" WIDTH="207" HEIGHT="49" WC="0.86" CONTENT="åliggande"/><SP WIDTH="47" VPOS="792" HPOS="370"/>
							<String ID="string_95" HPOS="417" VPOS="793" WIDTH="271" HEIGHT="49" WC="0.86" CONTENT="föreläsnings-"/><SP WIDTH="46" VPOS="793" HPOS="688"/>
							<String ID="string_96" HPOS="734" VPOS="793" WIDTH="90" HEIGHT="37" WC="0.87" CONTENT="eller"/><SP WIDTH="45" VPOS="793" HPOS="824"/>
							<String ID="string_97" HPOS="869" VPOS="771" WIDTH="519" HEIGHT="72" WC="0.92" CONTENT="undervisningsskyldighet"/><SP WIDTH="40" VPOS="771" HPOS="1388"/>
							<String ID="string_98" HPOS="1428" VPOS="793" WIDTH="125" HEIGHT="37" WC="0.94" CONTENT="blifvit"/><SP WIDTH="41" VPOS="793" HPOS="1553"/>
							<String ID="string_99" HPOS="1594" VPOS="793" WIDTH="12" HEIGHT="36" WC="0.94" CONTENT="i"/><SP WIDTH="39" VPOS="793" HPOS="1606"/>
							<String ID="string_100" HPOS="1645" VPOS="794" WIDTH="117" HEIGHT="49" WC="0.95" CONTENT="högst"/>
						</TextLine>
						<TextLine ID="line_11" HPOS="163" VPOS="823" WIDTH="1599" HEIGHT="70">
							<String ID="string_101" HPOS="163" VPOS="844" WIDTH="192" HEIGHT="48" WC="0.96" CONTENT="väsentlig"/><SP WIDTH="29" VPOS="844" HPOS="355"/>
							<String ID="string_102" HPOS="384" VPOS="845" WIDTH="94" HEIGHT="48" WC="0.96" CONTENT="grad"/><SP WIDTH="20" VPOS="845" HPOS="478"/>
							<String ID="string_103" HPOS="498" VPOS="823" WIDTH="199" HEIGHT="58" WC="0.96" CONTENT="utsträckt."/><SP WIDTH="48" VPOS="823" HPOS="697"/>
							<String ID="string_104" HPOS="745" VPOS="845" WIDTH="137" HEIGHT="36" WC="0.96" CONTENT="Medan"/><SP WIDTH="22" VPOS="845" HPOS="882"/>
							<String ID="string_105" HPOS="904" VPOS="845" WIDTH="102" HEIGHT="36" WC="0.96" CONTENT="förut"/><SP WIDTH="19" VPOS="845" HPOS="1006"/>
							<String ID="string_106" HPOS="1025" VPOS="844" WIDTH="176" HEIGHT="49" WC="0.95" CONTENT="gällande"/><SP WIDTH="20" VPOS="844" HPOS="1201"/>
							<String ID="string_107" HPOS="1221" VPOS="851" WIDTH="161" HEIGHT="30" WC="0.96" CONTENT="statuter"/><SP WIDTH="19" VPOS="851" HPOS="1382"/>
							<String ID="string_108" HPOS="1401" VPOS="845" WIDTH="195" HEIGHT="48" WC="0.96" CONTENT="stadgade,"/><SP WIDTH="21" VPOS="845" HPOS="1596"/>
							<String ID="string_109" HPOS="1617" VPOS="851" WIDTH="54" HEIGHT="30" WC="0.96" CONTENT="att"/><SP WIDTH="20" VPOS="851" HPOS="1671"/>
							<String ID="string_110" HPOS="1691" VPOS="823" WIDTH="71" HEIGHT="59" WC="0.96" CONTENT="den"/>
						</TextLine>
						<TextLine ID="line_12" HPOS="163" VPOS="895" WIDTH="1598" HEIGHT="50">
							<String ID="string_111" HPOS="163" VPOS="895" WIDTH="202" HEIGHT="49" WC="0.96" CONTENT="offentliga"/><SP WIDTH="40" VPOS="895" HPOS="365"/>
							<String ID="string_112" HPOS="405" VPOS="896" WIDTH="326" HEIGHT="48" WC="0.90" CONTENT="undervisningen"/><SP WIDTH="42" VPOS="896" HPOS="731"/>
							<String ID="string_113" HPOS="773" VPOS="897" WIDTH="103" HEIGHT="48" WC="0.96" CONTENT="finge"/><SP WIDTH="29" VPOS="897" HPOS="876"/>
							<String ID="string_114" HPOS="905" VPOS="896" WIDTH="120" HEIGHT="36" WC="0.96" CONTENT="under"/><SP WIDTH="29" VPOS="896" HPOS="1025"/>
							<String ID="string_115" HPOS="1054" VPOS="897" WIDTH="45" HEIGHT="35" WC="0.96" CONTENT="de"/><SP WIDTH="31" VPOS="897" HPOS="1099"/>
							<String ID="string_116" HPOS="1130" VPOS="896" WIDTH="141" HEIGHT="48" WC="0.96" CONTENT="fjorton"/><SP WIDTH="29" VPOS="896" HPOS="1271"/>
							<String ID="string_117" HPOS="1300" VPOS="896" WIDTH="118" HEIGHT="36" WC="0.96" CONTENT="första"/><SP WIDTH="29" VPOS="896" HPOS="1418"/>
							<String ID="string_118" HPOS="1447" VPOS="896" WIDTH="69" HEIGHT="36" WC="0.96" CONTENT="och"/><SP WIDTH="23" VPOS="896" HPOS="1516"/>
							<String ID="string_119" HPOS="1539" VPOS="896" WIDTH="52" HEIGHT="42" WC="0.96" CONTENT="de"/><SP WIDTH="28" VPOS="896" HPOS="1591"/>
							<String ID="string_120" HPOS="1619" VPOS="896" WIDTH="142" HEIGHT="48" WC="0.96" CONTENT="fjorton"/>
						</TextLine>
						<TextLine ID="line_13" HPOS="164" VPOS="946" WIDTH="1598" HEIGHT="49">
							<String ID="string_121" HPOS="164" VPOS="946" WIDTH="91" HEIGHT="37" WC="0.95" CONTENT="sista"/><SP WIDTH="28" VPOS="946" HPOS="255"/>
							<String ID="string_122" HPOS="283" VPOS="947" WIDTH="172" HEIGHT="48" WC="0.94" CONTENT="dagarna"/><SP WIDTH="28" VPOS="947" HPOS="455"/>
							<String ID="string_123" HPOS="483" VPOS="947" WIDTH="42" HEIGHT="36" WC="0.96" CONTENT="af"/><SP WIDTH="23" VPOS="947" HPOS="525"/>
							<String ID="string_124" HPOS="548" VPOS="948" WIDTH="188" HEIGHT="36" WC="0.93" CONTENT="hvardera"/><SP WIDTH="26" VPOS="948" HPOS="736"/>
							<String ID="string_125" HPOS="762" VPOS="948" WIDTH="245" HEIGHT="36" WC="0.92" CONTENT="lästerminen"/><SP WIDTH="28" VPOS="948" HPOS="1007"/>
							<String ID="string_126" HPOS="1035" VPOS="947" WIDTH="185" HEIGHT="48" WC="0.95" CONTENT="inställas,"/><SP WIDTH="27" VPOS="947" HPOS="1220"/>
							<String ID="string_127" HPOS="1247" VPOS="947" WIDTH="6" HEIGHT="36" WC="0.95" CONTENT="i"/><SP WIDTH="19" VPOS="947" HPOS="1253"/>
							<String ID="string_128" HPOS="1272" VPOS="947" WIDTH="73" HEIGHT="37" WC="0.96" CONTENT="den"/><SP WIDTH="20" VPOS="947" HPOS="1345"/>
							<String ID="string_129" HPOS="1365" VPOS="949" WIDTH="87" HEIGHT="34" WC="0.95" CONTENT="mån"/><SP WIDTH="20" VPOS="949" HPOS="1452"/>
							<String ID="string_130" HPOS="1472" VPOS="947" WIDTH="135" HEIGHT="37" WC="0.96" CONTENT="sådant"/><SP WIDTH="20" VPOS="947" HPOS="1607"/>
							<String ID="string_131" HPOS="1627" VPOS="949" WIDTH="135" HEIGHT="35" WC="0.95" CONTENT="funnes"/>
						</TextLine>
						<TextLine ID="line_14" HPOS="163" VPOS="998" WIDTH="1599" HEIGHT="50">
							<String ID="string_132" HPOS="163" VPOS="998" WIDTH="243" HEIGHT="49" WC="0.95" CONTENT="erforderligt"/><SP WIDTH="42" VPOS="998" HPOS="406"/>
							<String ID="string_133" HPOS="448" VPOS="999" WIDTH="59" HEIGHT="36" WC="0.96" CONTENT="för"/><SP WIDTH="41" VPOS="999" HPOS="507"/>
							<String ID="string_134" HPOS="548" VPOS="1004" WIDTH="55" HEIGHT="31" WC="0.96" CONTENT="att"/><SP WIDTH="39" VPOS="1004" HPOS="603"/>
							<String ID="string_135" HPOS="642" VPOS="999" WIDTH="140" HEIGHT="36" WC="0.93" CONTENT="bereda"/><SP WIDTH="29" VPOS="999" HPOS="782"/>
							<String ID="string_136" HPOS="811" VPOS="1000" WIDTH="326" HEIGHT="36" WC="0.91" CONTENT="examinatorerna"/><SP WIDTH="28" VPOS="1000" HPOS="1137"/>
							<String ID="string_137" HPOS="1165" VPOS="999" WIDTH="118" HEIGHT="49" WC="0.96" CONTENT="nödig"/><SP WIDTH="27" VPOS="999" HPOS="1283"/>
							<String ID="string_138" HPOS="1310" VPOS="999" WIDTH="55" HEIGHT="36" WC="0.96" CONTENT="tid"/><SP WIDTH="29" VPOS="999" HPOS="1365"/>
							<String ID="string_139" HPOS="1394" VPOS="998" WIDTH="57" HEIGHT="37" WC="0.93" CONTENT="till"/><SP WIDTH="28" VPOS="998" HPOS="1451"/>
							<String ID="string_140" HPOS="1479" VPOS="1012" WIDTH="179" HEIGHT="24" WC="0.92" CONTENT="examens"/><SP WIDTH="28" VPOS="1012" HPOS="1658"/>
							<String ID="string_141" HPOS="1686" VPOS="999" WIDTH="76" HEIGHT="38" WC="0.92" CONTENT="för-"/>
						</TextLine>
					</TextBlock>
				</ComposedBlock>
				<ComposedBlock ID="cblock_3" HPOS="162" VPOS="1050" WIDTH="1599" HEIGHT="154">
					<TextBlock ID="block_3" HPOS="162" VPOS="1050" WIDTH="1599" HEIGHT="154">
						<TextLine ID="line_15" HPOS="163" VPOS="1050" WIDTH="1598" HEIGHT="51">
							<String ID="string_142" HPOS="163" VPOS="1050" WIDTH="185" HEIGHT="47" WC="0.91" CONTENT="rättande,"/><SP WIDTH="44" VPOS="1050" HPOS="348"/>
							<String ID="string_143" HPOS="392" VPOS="1050" WIDTH="91" HEIGHT="37" WC="0.96" CONTENT="eller"/><SP WIDTH="37" VPOS="1050" HPOS="483"/>
							<String ID="string_144" HPOS="520" VPOS="1051" WIDTH="46" HEIGHT="36" WC="0.96" CONTENT="då"/><SP WIDTH="28" VPOS="1051" HPOS="566"/>
							<String ID="string_145" HPOS="594" VPOS="1064" WIDTH="126" HEIGHT="23" WC="0.96" CONTENT="annan"/><SP WIDTH="27" VPOS="1064" HPOS="720"/>
							<String ID="string_146" HPOS="747" VPOS="1051" WIDTH="117" HEIGHT="50" WC="0.96" CONTENT="giltig"/><SP WIDTH="27" VPOS="1051" HPOS="864"/>
							<String ID="string_147" HPOS="891" VPOS="1050" WIDTH="208" HEIGHT="49" WC="0.93" CONTENT="anledning"/><SP WIDTH="28" VPOS="1050" HPOS="1099"/>
							<String ID="string_148" HPOS="1127" VPOS="1050" WIDTH="219" HEIGHT="37" WC="0.91" CONTENT="förefunnes"/><SP WIDTH="28" VPOS="1050" HPOS="1346"/>
							<String ID="string_149" HPOS="1374" VPOS="1072" WIDTH="50" HEIGHT="4" WC="0.91" CONTENT="—"/><SP WIDTH="29" VPOS="1072" HPOS="1424"/>
							<String ID="string_150" HPOS="1453" VPOS="1056" WIDTH="53" HEIGHT="31" WC="0.96" CONTENT="ett"/><SP WIDTH="29" VPOS="1056" HPOS="1506"/>
							<String ID="string_151" HPOS="1535" VPOS="1051" WIDTH="226" HEIGHT="49" WC="0.96" CONTENT="stadgande,"/>
						</TextLine>
						<TextLine ID="line_16" HPOS="162" VPOS="1102" WIDTH="1599" HEIGHT="50">
							<String ID="string_152" HPOS="162" VPOS="1114" WIDTH="81" HEIGHT="23" WC="0.95" CONTENT="som"/><SP WIDTH="43" VPOS="1114" HPOS="243"/>
							<String ID="string_153" HPOS="286" VPOS="1102" WIDTH="12" HEIGHT="35" WC="0.95" CONTENT="i"/><SP WIDTH="41" VPOS="1102" HPOS="298"/>
							<String ID="string_154" HPOS="339" VPOS="1102" WIDTH="128" HEIGHT="49" WC="0.95" CONTENT="praxis"/><SP WIDTH="33" VPOS="1102" HPOS="467"/>
							<String ID="string_155" HPOS="500" VPOS="1102" WIDTH="109" HEIGHT="37" WC="0.95" CONTENT="ledde"/><SP WIDTH="29" VPOS="1102" HPOS="609"/>
							<String ID="string_156" HPOS="638" VPOS="1102" WIDTH="137" HEIGHT="47" WC="0.89" CONTENT="därtill,"/><SP WIDTH="31" VPOS="1102" HPOS="775"/>
							<String ID="string_157" HPOS="806" VPOS="1109" WIDTH="54" HEIGHT="31" WC="0.96" CONTENT="att"/><SP WIDTH="28" VPOS="1109" HPOS="860"/>
							<String ID="string_158" HPOS="888" VPOS="1103" WIDTH="329" HEIGHT="49" WC="0.96" CONTENT="föreläsningarna"/><SP WIDTH="27" VPOS="1103" HPOS="1217"/>
							<String ID="string_159" HPOS="1244" VPOS="1102" WIDTH="13" HEIGHT="36" WC="0.94" CONTENT="i"/><SP WIDTH="27" VPOS="1102" HPOS="1257"/>
							<String ID="string_160" HPOS="1284" VPOS="1102" WIDTH="106" HEIGHT="49" WC="0.96" CONTENT="regel"/><SP WIDTH="28" VPOS="1102" HPOS="1390"/>
							<String ID="string_161" HPOS="1418" VPOS="1102" WIDTH="194" HEIGHT="37" WC="0.96" CONTENT="inställdes"/><SP WIDTH="28" VPOS="1102" HPOS="1612"/>
							<String ID="string_162" HPOS="1640" VPOS="1102" WIDTH="121" HEIGHT="38" WC="0.96" CONTENT="under"/>
						</TextLine>
						<TextLine ID="line_17" HPOS="163" VPOS="1154" WIDTH="1598" HEIGHT="50">
							<String ID="string_163" HPOS="163" VPOS="1154" WIDTH="166" HEIGHT="36" WC="0.96" CONTENT="nämnda"/><SP WIDTH="40" VPOS="1154" HPOS="329"/>
							<String ID="string_164" HPOS="369" VPOS="1154" WIDTH="98" HEIGHT="36" WC="0.93" CONTENT="tider"/><SP WIDTH="27" VPOS="1154" HPOS="467"/>
							<String ID="string_165" HPOS="494" VPOS="1176" WIDTH="50" HEIGHT="4" WC="0.89" CONTENT="—"/><SP WIDTH="27" VPOS="1176" HPOS="544"/>
							<String ID="string_166" HPOS="571" VPOS="1154" WIDTH="69" HEIGHT="36" WC="0.96" CONTENT="har"/><SP WIDTH="41" VPOS="1154" HPOS="640"/>
							<String ID="string_167" HPOS="681" VPOS="1154" WIDTH="56" HEIGHT="36" WC="0.95" CONTENT="uti"/><SP WIDTH="41" VPOS="1154" HPOS="737"/>
							<String ID="string_168" HPOS="778" VPOS="1154" WIDTH="47" HEIGHT="38" WC="0.96" CONTENT="de"/><SP WIDTH="40" VPOS="1154" HPOS="825"/>
							<String ID="string_169" HPOS="865" VPOS="1168" WIDTH="76" HEIGHT="36" WC="0.93" CONTENT="nya"/><SP WIDTH="41" VPOS="1168" HPOS="941"/>
							<String ID="string_170" HPOS="982" VPOS="1159" WIDTH="211" HEIGHT="32" WC="0.92" CONTENT="statuterna"/><SP WIDTH="42" VPOS="1159" HPOS="1193"/>
							<String ID="string_171" HPOS="1235" VPOS="1154" WIDTH="264" HEIGHT="48" WC="0.92" CONTENT="föreskrifvits,"/><SP WIDTH="30" VPOS="1154" HPOS="1499"/>
							<String ID="string_172" HPOS="1529" VPOS="1158" WIDTH="56" HEIGHT="32" WC="0.93" CONTENT="att"/><SP WIDTH="22" VPOS="1158" HPOS="1585"/>
							<String ID="string_173" HPOS="1607" VPOS="1155" WIDTH="154" HEIGHT="36" WC="0.92" CONTENT="föreläs-"/>
						</TextLine>
					</TextBlock>
				</ComposedBlock>
				<ComposedBlock ID="cblock_4" HPOS="159" VPOS="1204" WIDTH="1604" HEIGHT="1086">
					<TextBlock ID="block_4" HPOS="161" VPOS="1204" WIDTH="1601" HEIGHT="257">
						<TextLine ID="line_18" HPOS="162" VPOS="1204" WIDTH="1599" HEIGHT="51">
							<String ID="string_174" HPOS="162" VPOS="1204" WIDTH="190" HEIGHT="49" WC="0.96" CONTENT="ningarna"/><SP WIDTH="29" VPOS="1204" HPOS="352"/>
							<String ID="string_175" HPOS="381" VPOS="1205" WIDTH="107" HEIGHT="37" WC="0.96" CONTENT="skola"/><SP WIDTH="27" VPOS="1205" HPOS="488"/>
							<String ID="string_176" HPOS="515" VPOS="1206" WIDTH="13" HEIGHT="36" WC="0.96" CONTENT="i"/><SP WIDTH="27" VPOS="1206" HPOS="528"/>
							<String ID="string_177" HPOS="555" VPOS="1206" WIDTH="244" HEIGHT="48" WC="0.96" CONTENT="vederbörlig"/><SP WIDTH="28" VPOS="1206" HPOS="799"/>
							<String ID="string_178" HPOS="827" VPOS="1206" WIDTH="164" HEIGHT="49" WC="0.96" CONTENT="ordning"/><SP WIDTH="26" VPOS="1206" HPOS="991"/>
							<String ID="string_179" HPOS="1017" VPOS="1208" WIDTH="101" HEIGHT="47" WC="0.96" CONTENT="pågå"/><SP WIDTH="27" VPOS="1208" HPOS="1118"/>
							<String ID="string_180" HPOS="1145" VPOS="1206" WIDTH="120" HEIGHT="36" WC="0.96" CONTENT="under"/><SP WIDTH="17" VPOS="1206" HPOS="1265"/>
							<String ID="string_181" HPOS="1282" VPOS="1206" WIDTH="85" HEIGHT="37" WC="0.93" CONTENT="hela"/><SP WIDTH="20" VPOS="1206" HPOS="1367"/>
							<String ID="string_182" HPOS="1387" VPOS="1206" WIDTH="256" HEIGHT="46" WC="0.92" CONTENT="lästerminen,"/><SP WIDTH="21" VPOS="1206" HPOS="1643"/>
							<String ID="string_183" HPOS="1664" VPOS="1206" WIDTH="97" HEIGHT="37" WC="0.96" CONTENT="dock"/>
						</TextLine>
						<TextLine ID="line_19" HPOS="164" VPOS="1257" WIDTH="1597" HEIGHT="50">
							<String ID="string_184" HPOS="164" VPOS="1257" WIDTH="85" HEIGHT="36" WC="0.95" CONTENT="med"/><SP WIDTH="41" VPOS="1257" HPOS="249"/>
							<String ID="string_185" HPOS="290" VPOS="1261" WIDTH="76" HEIGHT="33" WC="0.95" CONTENT="rätt"/><SP WIDTH="41" VPOS="1261" HPOS="366"/>
							<String ID="string_186" HPOS="407" VPOS="1257" WIDTH="59" HEIGHT="37" WC="0.96" CONTENT="för"/><SP WIDTH="41" VPOS="1257" HPOS="466"/>
							<String ID="string_187" HPOS="507" VPOS="1257" WIDTH="178" HEIGHT="37" WC="0.95" CONTENT="kanslern"/><SP WIDTH="42" VPOS="1257" HPOS="685"/>
							<String ID="string_188" HPOS="727" VPOS="1263" WIDTH="54" HEIGHT="31" WC="0.95" CONTENT="att"/><SP WIDTH="41" VPOS="1263" HPOS="781"/>
							<String ID="string_189" HPOS="822" VPOS="1259" WIDTH="12" HEIGHT="36" WC="0.95" CONTENT="i"/><SP WIDTH="33" VPOS="1259" HPOS="834"/>
							<String ID="string_190" HPOS="867" VPOS="1258" WIDTH="98" HEIGHT="37" WC="0.96" CONTENT="visst"/><SP WIDTH="38" VPOS="1258" HPOS="965"/>
							<String ID="string_191" HPOS="1003" VPOS="1258" WIDTH="65" HEIGHT="36" WC="0.95" CONTENT="fall"/><SP WIDTH="29" VPOS="1258" HPOS="1068"/>
							<String ID="string_192" HPOS="1097" VPOS="1257" WIDTH="119" HEIGHT="37" WC="0.96" CONTENT="under"/><SP WIDTH="28" VPOS="1257" HPOS="1216"/>
							<String ID="string_193" HPOS="1244" VPOS="1258" WIDTH="117" HEIGHT="49" WC="0.95" CONTENT="högst"/><SP WIDTH="28" VPOS="1258" HPOS="1361"/>
							<String ID="string_194" HPOS="1389" VPOS="1270" WIDTH="47" HEIGHT="24" WC="0.96" CONTENT="en"/><SP WIDTH="27" VPOS="1270" HPOS="1436"/>
							<String ID="string_195" HPOS="1463" VPOS="1258" WIDTH="137" HEIGHT="36" WC="0.96" CONTENT="månad"/><SP WIDTH="28" VPOS="1258" HPOS="1600"/>
							<String ID="string_196" HPOS="1628" VPOS="1258" WIDTH="133" HEIGHT="48" WC="0.96" CONTENT="hvarje"/>
						</TextLine>
						<TextLine ID="line_20" HPOS="162" VPOS="1308" WIDTH="1599" HEIGHT="59">
							<String ID="string_197" HPOS="162" VPOS="1308" WIDTH="193" HEIGHT="37" WC="0.90" CONTENT="lästermin"/><SP WIDTH="42" VPOS="1308" HPOS="355"/>
							<String ID="string_198" HPOS="397" VPOS="1309" WIDTH="193" HEIGHT="48" WC="0.91" CONTENT="medgifva"/><SP WIDTH="40" VPOS="1309" HPOS="590"/>
							<String ID="string_199" HPOS="630" VPOS="1309" WIDTH="282" HEIGHT="49" WC="0.95" CONTENT="inskränkning"/><SP WIDTH="40" VPOS="1309" HPOS="912"/>
							<String ID="string_200" HPOS="952" VPOS="1310" WIDTH="11" HEIGHT="35" WC="0.95" CONTENT="i"/><SP WIDTH="42" VPOS="1310" HPOS="963"/>
							<String ID="string_201" HPOS="1005" VPOS="1310" WIDTH="73" HEIGHT="36" WC="0.96" CONTENT="den"/><SP WIDTH="32" VPOS="1310" HPOS="1078"/>
							<String ID="string_202" HPOS="1110" VPOS="1309" WIDTH="192" HEIGHT="58" WC="0.79" CONTENT="professor"/><SP WIDTH="28" VPOS="1309" HPOS="1302"/>
							<String ID="string_203" HPOS="1330" VPOS="1309" WIDTH="206" HEIGHT="48" WC="0.88" CONTENT="åliggande"/><SP WIDTH="29" VPOS="1309" HPOS="1536"/>
							<String ID="string_204" HPOS="1565" VPOS="1309" WIDTH="196" HEIGHT="37" WC="0.92" CONTENT="undervis-"/>
						</TextLine>
						<TextLine ID="line_21" HPOS="162" VPOS="1339" WIDTH="1600" HEIGHT="70">
							<String ID="string_205" HPOS="162" VPOS="1359" WIDTH="338" HEIGHT="50" WC="0.90" CONTENT="ningsskyldighet"/><SP WIDTH="40" VPOS="1359" HPOS="500"/>
							<String ID="string_206" HPOS="540" VPOS="1360" WIDTH="100" HEIGHT="37" WC="0.96" CONTENT="intill"/><SP WIDTH="27" VPOS="1360" HPOS="640"/>
							<String ID="string_207" HPOS="667" VPOS="1363" WIDTH="66" HEIGHT="34" WC="0.96" CONTENT="två"/><SP WIDTH="27" VPOS="1363" HPOS="733"/>
							<String ID="string_208" HPOS="760" VPOS="1339" WIDTH="172" HEIGHT="59" WC="0.96" CONTENT="timmars"/><SP WIDTH="28" VPOS="1339" HPOS="932"/>
							<String ID="string_209" HPOS="960" VPOS="1360" WIDTH="277" HEIGHT="49" WC="0.96" CONTENT="föreläsningar"/><SP WIDTH="27" VPOS="1360" HPOS="1237"/>
							<String ID="string_210" HPOS="1264" VPOS="1361" WIDTH="12" HEIGHT="35" WC="0.84" CONTENT="i"/><SP WIDTH="28" VPOS="1361" HPOS="1276"/>
							<String ID="string_211" HPOS="1304" VPOS="1360" WIDTH="145" HEIGHT="36" WC="0.95" CONTENT="veckan"/><SP WIDTH="28" VPOS="1360" HPOS="1449"/>
							<String ID="string_212" HPOS="1477" VPOS="1360" WIDTH="91" HEIGHT="37" WC="0.93" CONTENT="eller"/><SP WIDTH="29" VPOS="1360" HPOS="1568"/>
							<String ID="string_213" HPOS="1597" VPOS="1366" WIDTH="165" HEIGHT="31" WC="0.92" CONTENT="motsva-"/>
						</TextLine>
						<TextLine ID="line_22" HPOS="161" VPOS="1411" WIDTH="589" HEIGHT="50">
							<String ID="string_214" HPOS="161" VPOS="1411" WIDTH="117" HEIGHT="37" WC="0.96" CONTENT="rande"/><SP WIDTH="29" VPOS="1411" HPOS="278"/>
							<String ID="string_215" HPOS="307" VPOS="1425" WIDTH="126" HEIGHT="23" WC="0.96" CONTENT="annan"/><SP WIDTH="28" VPOS="1425" HPOS="433"/>
							<String ID="string_216" HPOS="461" VPOS="1412" WIDTH="289" HEIGHT="49" WC="0.96" CONTENT="undervisning."/>
						</TextLine>
					</TextBlock>
					<TextBlock ID="block_5" HPOS="159" VPOS="1463" WIDTH="1604" HEIGHT="827">
						<TextLine ID="line_23" HPOS="291" VPOS="1463" WIDTH="1472" HEIGHT="51">
							<String ID="string_217" HPOS="291" VPOS="1463" WIDTH="68" HEIGHT="37" WC="0.96" CONTENT="Att"/><SP WIDTH="15" VPOS="1463" HPOS="359"/>
							<String ID="string_218" HPOS="374" VPOS="1477" WIDTH="47" HEIGHT="24" WC="0.95" CONTENT="en"/><SP WIDTH="15" VPOS="1477" HPOS="421"/>
							<String ID="string_219" HPOS="436" VPOS="1463" WIDTH="105" HEIGHT="50" WC="0.95" CONTENT="dylik"/><SP WIDTH="15" VPOS="1463" HPOS="541"/>
							<String ID="string_220" HPOS="556" VPOS="1464" WIDTH="268" HEIGHT="50" WC="0.96" CONTENT="utsträckning"/><SP WIDTH="15" VPOS="1464" HPOS="824"/>
							<String ID="string_221" HPOS="839" VPOS="1465" WIDTH="40" HEIGHT="36" WC="0.93" CONTENT="af"/><SP WIDTH="12" VPOS="1465" HPOS="879"/>
							<String ID="string_222" HPOS="891" VPOS="1463" WIDTH="528" HEIGHT="49" WC="0.91" CONTENT="föreläsningsskyldigheten"/><SP WIDTH="14" VPOS="1463" HPOS="1419"/>
							<String ID="string_223" HPOS="1433" VPOS="1466" WIDTH="49" HEIGHT="55" WC="0.96" CONTENT="på"/><SP WIDTH="11" VPOS="1466" HPOS="1482"/>
							<String ID="string_224" HPOS="1493" VPOS="1463" WIDTH="65" HEIGHT="37" WC="0.96" CONTENT="det"/><SP WIDTH="14" VPOS="1463" HPOS="1558"/>
							<String ID="string_225" HPOS="1572" VPOS="1468" WIDTH="191" HEIGHT="33" WC="0.96" CONTENT="närmaste"/>
						</TextLine>
						<TextLine ID="line_24" HPOS="161" VPOS="1494" WIDTH="1601" HEIGHT="72">
							<String ID="string_226" HPOS="161" VPOS="1514" WIDTH="112" HEIGHT="37" WC="0.96" CONTENT="berör"/><SP WIDTH="27" VPOS="1514" HPOS="273"/>
							<String ID="string_227" HPOS="300" VPOS="1515" WIDTH="83" HEIGHT="37" WC="0.96" CONTENT="icke"/><SP WIDTH="28" VPOS="1515" HPOS="383"/>
							<String ID="string_228" HPOS="411" VPOS="1515" WIDTH="97" HEIGHT="37" WC="0.96" CONTENT="blott"/><SP WIDTH="29" VPOS="1515" HPOS="508"/>
							<String ID="string_229" HPOS="537" VPOS="1494" WIDTH="301" HEIGHT="70" WC="0.92" CONTENT="professorernas"/><SP WIDTH="19" VPOS="1494" HPOS="838"/>
							<String ID="string_230" HPOS="857" VPOS="1521" WIDTH="92" HEIGHT="32" WC="0.96" CONTENT="utan"/><SP WIDTH="20" VPOS="1521" HPOS="949"/>
							<String ID="string_231" HPOS="969" VPOS="1516" WIDTH="145" HEIGHT="50" WC="0.96" CONTENT="jämväl"/><SP WIDTH="19" VPOS="1516" HPOS="1114"/>
							<String ID="string_232" HPOS="1133" VPOS="1516" WIDTH="294" HEIGHT="36" WC="0.95" CONTENT="universitetens"/><SP WIDTH="19" VPOS="1516" HPOS="1427"/>
							<String ID="string_233" HPOS="1446" VPOS="1515" WIDTH="172" HEIGHT="48" WC="0.95" CONTENT="intresse,"/><SP WIDTH="16" VPOS="1515" HPOS="1618"/>
							<String ID="string_234" HPOS="1634" VPOS="1515" WIDTH="128" HEIGHT="49" WC="0.96" CONTENT="ligger"/>
						</TextLine>
						<TextLine ID="line_25" HPOS="161" VPOS="1567" WIDTH="1602" HEIGHT="51">
							<String ID="string_235" HPOS="161" VPOS="1565" WIDTH="12" HEIGHT="36" WC="0.89" CONTENT="i"/><SP WIDTH="28" VPOS="1565" HPOS="173"/>
							<String ID="string_236" HPOS="201" VPOS="1571" WIDTH="126" HEIGHT="45" WC="0.96" CONTENT="öppen"/><SP WIDTH="29" VPOS="1571" HPOS="327"/>
							<String ID="string_237" HPOS="356" VPOS="1568" WIDTH="85" HEIGHT="36" WC="0.93" CONTENT="dag."/><SP WIDTH="56" VPOS="1568" HPOS="441"/>
							<String ID="string_238" HPOS="497" VPOS="1567" WIDTH="75" HEIGHT="37" WC="0.96" CONTENT="För"/><SP WIDTH="28" VPOS="1567" HPOS="572"/>
							<String ID="string_239" HPOS="600" VPOS="1568" WIDTH="46" HEIGHT="36" WC="0.96" CONTENT="de"/><SP WIDTH="27" VPOS="1568" HPOS="646"/>
							<String ID="string_240" HPOS="673" VPOS="1567" WIDTH="109" HEIGHT="38" WC="0.96" CONTENT="flesta"/><SP WIDTH="27" VPOS="1567" HPOS="782"/>
							<String ID="string_241" HPOS="809" VPOS="1569" WIDTH="283" HEIGHT="49" WC="0.96" CONTENT="professorerna"/><SP WIDTH="28" VPOS="1569" HPOS="1092"/>
							<String ID="string_242" HPOS="1120" VPOS="1567" WIDTH="158" HEIGHT="37" WC="0.96" CONTENT="innebär"/><SP WIDTH="28" VPOS="1567" HPOS="1278"/>
							<String ID="string_243" HPOS="1306" VPOS="1567" WIDTH="219" HEIGHT="37" WC="0.95" CONTENT="densamma"/><SP WIDTH="24" VPOS="1567" HPOS="1525"/>
							<String ID="string_244" HPOS="1549" VPOS="1580" WIDTH="47" HEIGHT="23" WC="0.95" CONTENT="en"/><SP WIDTH="20" VPOS="1580" HPOS="1596"/>
							<String ID="string_245" HPOS="1616" VPOS="1567" WIDTH="147" HEIGHT="50" WC="0.96" CONTENT="ökning"/>
						</TextLine>
						<TextLine ID="line_26" HPOS="162" VPOS="1618" WIDTH="1598" HEIGHT="50">
							<String ID="string_246" HPOS="162" VPOS="1618" WIDTH="42" HEIGHT="35" WC="0.92" CONTENT="af"/><SP WIDTH="37" VPOS="1618" HPOS="204"/>
							<String ID="string_247" HPOS="241" VPOS="1619" WIDTH="529" HEIGHT="49" WC="0.91" CONTENT="föreläsningsskyldigheten"/><SP WIDTH="41" VPOS="1619" HPOS="770"/>
							<String ID="string_248" HPOS="811" VPOS="1620" WIDTH="85" HEIGHT="37" WC="0.96" CONTENT="med"/><SP WIDTH="40" VPOS="1620" HPOS="896"/>
							<String ID="string_249" HPOS="936" VPOS="1620" WIDTH="83" HEIGHT="37" WC="0.96" CONTENT="icke"/><SP WIDTH="37" VPOS="1620" HPOS="1019"/>
							<String ID="string_250" HPOS="1056" VPOS="1619" WIDTH="146" HEIGHT="37" WC="0.96" CONTENT="mindre"/><SP WIDTH="28" VPOS="1619" HPOS="1202"/>
							<String ID="string_251" HPOS="1230" VPOS="1624" WIDTH="50" HEIGHT="31" WC="0.96" CONTENT="än"/><SP WIDTH="28" VPOS="1624" HPOS="1280"/>
							<String ID="string_252" HPOS="1308" VPOS="1619" WIDTH="215" HEIGHT="48" WC="0.95" CONTENT="omkring"/><SP WIDTH="-8" VPOS="1619" HPOS="1523"/>
							<String ID="string_253" HPOS="1515" VPOS="1621" WIDTH="46" HEIGHT="34" WC="0.96" CONTENT="33"/><SP WIDTH="30" VPOS="1621" HPOS="1561"/>
							<String ID="string_254" HPOS="1591" VPOS="1625" WIDTH="169" HEIGHT="43" WC="0.96" CONTENT="procent,"/>
						</TextLine>
						<TextLine ID="line_27" HPOS="161" VPOS="1670" WIDTH="1601" HEIGHT="50">
							<String ID="string_255" HPOS="161" VPOS="1682" WIDTH="47" HEIGHT="23" WC="0.96" CONTENT="en"/><SP WIDTH="42" VPOS="1682" HPOS="208"/>
							<String ID="string_256" HPOS="250" VPOS="1670" WIDTH="149" HEIGHT="50" WC="0.96" CONTENT="ökning"/><SP WIDTH="40" VPOS="1670" HPOS="399"/>
							<String ID="string_257" HPOS="439" VPOS="1671" WIDTH="11" HEIGHT="36" WC="0.96" CONTENT="i"/><SP WIDTH="37" VPOS="1671" HPOS="450"/>
							<String ID="string_258" HPOS="487" VPOS="1671" WIDTH="108" HEIGHT="37" WC="0.96" CONTENT="deras"/><SP WIDTH="41" VPOS="1671" HPOS="595"/>
							<String ID="string_259" HPOS="636" VPOS="1671" WIDTH="258" HEIGHT="48" WC="0.96" CONTENT="arbetsbörda,"/><SP WIDTH="34" VPOS="1671" HPOS="894"/>
							<String ID="string_260" HPOS="928" VPOS="1671" WIDTH="158" HEIGHT="37" WC="0.96" CONTENT="hvilken"/><SP WIDTH="28" VPOS="1671" HPOS="1086"/>
							<String ID="string_261" HPOS="1114" VPOS="1671" WIDTH="171" HEIGHT="37" WC="0.96" CONTENT="kommer"/><SP WIDTH="29" VPOS="1671" HPOS="1285"/>
							<String ID="string_262" HPOS="1314" VPOS="1675" WIDTH="55" HEIGHT="32" WC="0.96" CONTENT="att"/><SP WIDTH="27" VPOS="1675" HPOS="1369"/>
							<String ID="string_263" HPOS="1396" VPOS="1670" WIDTH="119" HEIGHT="37" WC="0.96" CONTENT="blifva"/><SP WIDTH="28" VPOS="1670" HPOS="1515"/>
							<String ID="string_264" HPOS="1543" VPOS="1673" WIDTH="40" HEIGHT="34" WC="0.96" CONTENT="så"/><SP WIDTH="28" VPOS="1673" HPOS="1583"/>
							<String ID="string_265" HPOS="1611" VPOS="1671" WIDTH="151" HEIGHT="49" WC="0.96" CONTENT="mycket"/>
						</TextLine>
						<TextLine ID="line_28" HPOS="162" VPOS="1722" WIDTH="1599" HEIGHT="49">
							<String ID="string_266" HPOS="162" VPOS="1734" WIDTH="101" HEIGHT="24" WC="0.96" CONTENT="mera"/><SP WIDTH="30" VPOS="1734" HPOS="263"/>
							<String ID="string_267" HPOS="293" VPOS="1722" WIDTH="255" HEIGHT="49" WC="0.95" CONTENT="betungande,"/><SP WIDTH="30" VPOS="1722" HPOS="548"/>
							<String ID="string_268" HPOS="578" VPOS="1736" WIDTH="80" HEIGHT="24" WC="0.96" CONTENT="som"/><SP WIDTH="30" VPOS="1736" HPOS="658"/>
							<String ID="string_269" HPOS="688" VPOS="1723" WIDTH="73" HEIGHT="37" WC="0.96" CONTENT="den"/><SP WIDTH="27" VPOS="1723" HPOS="761"/>
							<String ID="string_270" HPOS="788" VPOS="1723" WIDTH="173" HEIGHT="37" WC="0.93" CONTENT="inträffar"/><SP WIDTH="28" VPOS="1723" HPOS="961"/>
							<String ID="string_271" HPOS="989" VPOS="1726" WIDTH="21" HEIGHT="34" WC="0.92" CONTENT="å"/><SP WIDTH="27" VPOS="1726" HPOS="1010"/>
							<String ID="string_272" HPOS="1037" VPOS="1723" WIDTH="110" HEIGHT="46" WC="0.96" CONTENT="tider,"/><SP WIDTH="29" VPOS="1723" HPOS="1147"/>
							<String ID="string_273" HPOS="1176" VPOS="1723" WIDTH="48" HEIGHT="36" WC="0.96" CONTENT="då"/><SP WIDTH="20" VPOS="1723" HPOS="1224"/>
							<String ID="string_274" HPOS="1244" VPOS="1723" WIDTH="47" HEIGHT="36" WC="0.96" CONTENT="de"/><SP WIDTH="20" VPOS="1723" HPOS="1291"/>
							<String ID="string_275" HPOS="1311" VPOS="1722" WIDTH="114" HEIGHT="37" WC="0.96" CONTENT="hafva"/><SP WIDTH="20" VPOS="1722" HPOS="1425"/>
							<String ID="string_276" HPOS="1445" VPOS="1727" WIDTH="54" HEIGHT="32" WC="0.96" CONTENT="att"/><SP WIDTH="18" VPOS="1727" HPOS="1499"/>
							<String ID="string_277" HPOS="1517" VPOS="1727" WIDTH="90" HEIGHT="43" WC="0.91" CONTENT="taga"/><SP WIDTH="18" VPOS="1727" HPOS="1607"/>
							<String ID="string_278" HPOS="1625" VPOS="1722" WIDTH="136" HEIGHT="37" WC="0.91" CONTENT="befatt-"/>
						</TextLine>
						<TextLine ID="line_29" HPOS="162" VPOS="1773" WIDTH="1600" HEIGHT="51">
							<String ID="string_279" HPOS="162" VPOS="1773" WIDTH="93" HEIGHT="48" WC="0.96" CONTENT="ning"/><SP WIDTH="38" VPOS="1773" HPOS="255"/>
							<String ID="string_280" HPOS="293" VPOS="1775" WIDTH="84" HEIGHT="36" WC="0.96" CONTENT="med"/><SP WIDTH="37" VPOS="1775" HPOS="377"/>
							<String ID="string_281" HPOS="414" VPOS="1787" WIDTH="48" HEIGHT="24" WC="0.96" CONTENT="en"/><SP WIDTH="37" VPOS="1787" HPOS="462"/>
							<String ID="string_282" HPOS="499" VPOS="1775" WIDTH="195" HEIGHT="48" WC="0.93" CONTENT="mångfald"/><SP WIDTH="37" VPOS="1775" HPOS="694"/>
							<String ID="string_283" HPOS="731" VPOS="1775" WIDTH="211" HEIGHT="37" WC="0.91" CONTENT="kräfvande"/><SP WIDTH="41" VPOS="1775" HPOS="942"/>
							<String ID="string_284" HPOS="983" VPOS="1774" WIDTH="173" HEIGHT="50" WC="0.95" CONTENT="göromål"/><SP WIDTH="42" VPOS="1774" HPOS="1156"/>
							<String ID="string_285" HPOS="1198" VPOS="1774" WIDTH="41" HEIGHT="37" WC="0.96" CONTENT="af"/><SP WIDTH="38" VPOS="1774" HPOS="1239"/>
							<String ID="string_286" HPOS="1277" VPOS="1774" WIDTH="191" HEIGHT="37" WC="0.96" CONTENT="skiftande"/><SP WIDTH="41" VPOS="1774" HPOS="1468"/>
							<String ID="string_287" HPOS="1509" VPOS="1779" WIDTH="122" HEIGHT="32" WC="0.89" CONTENT="natur."/><SP WIDTH="55" VPOS="1779" HPOS="1631"/>
							<String ID="string_288" HPOS="1686" VPOS="1774" WIDTH="76" HEIGHT="37" WC="0.96" CONTENT="För"/>
						</TextLine>
						<TextLine ID="line_30" HPOS="161" VPOS="1824" WIDTH="1600" HEIGHT="53">
							<String ID="string_289" HPOS="161" VPOS="1824" WIDTH="274" HEIGHT="39" WC="0.96" CONTENT="universiteten"/><SP WIDTH="33" VPOS="1824" HPOS="435"/>
							<String ID="string_290" HPOS="468" VPOS="1828" WIDTH="80" HEIGHT="35" WC="0.96" CONTENT="åter"/><SP WIDTH="31" VPOS="1828" HPOS="548"/>
							<String ID="string_291" HPOS="579" VPOS="1829" WIDTH="122" HEIGHT="34" WC="0.96" CONTENT="måste"/><SP WIDTH="41" VPOS="1829" HPOS="701"/>
							<String ID="string_292" HPOS="742" VPOS="1841" WIDTH="47" HEIGHT="23" WC="0.96" CONTENT="en"/><SP WIDTH="36" VPOS="1841" HPOS="789"/>
							<String ID="string_293" HPOS="825" VPOS="1827" WIDTH="106" HEIGHT="50" WC="0.96" CONTENT="dylik"/><SP WIDTH="42" VPOS="1827" HPOS="931"/>
							<String ID="string_294" HPOS="973" VPOS="1826" WIDTH="214" HEIGHT="49" WC="0.96" CONTENT="anordning"/><SP WIDTH="24" VPOS="1826" HPOS="1187"/>
							<String ID="string_295" HPOS="1211" VPOS="1825" WIDTH="145" HEIGHT="50" WC="0.96" CONTENT="jämväl"/><SP WIDTH="27" VPOS="1825" HPOS="1356"/>
							<String ID="string_296" HPOS="1383" VPOS="1839" WIDTH="90" HEIGHT="23" WC="0.96" CONTENT="vara"/><SP WIDTH="29" VPOS="1839" HPOS="1473"/>
							<String ID="string_297" HPOS="1502" VPOS="1825" WIDTH="42" HEIGHT="37" WC="0.96" CONTENT="af"/><SP WIDTH="22" VPOS="1825" HPOS="1544"/>
							<String ID="string_298" HPOS="1566" VPOS="1826" WIDTH="195" HEIGHT="49" WC="0.96" CONTENT="betydelse"/>
						</TextLine>
						<TextLine ID="line_31" HPOS="160" VPOS="1877" WIDTH="1601" HEIGHT="64">
							<String ID="string_299" HPOS="160" VPOS="1877" WIDTH="106" HEIGHT="37" WC="0.95" CONTENT="såväl"/><SP WIDTH="37" VPOS="1877" HPOS="266"/>
							<String ID="string_300" HPOS="303" VPOS="1878" WIDTH="85" HEIGHT="36" WC="0.95" CONTENT="med"/><SP WIDTH="32" VPOS="1878" HPOS="388"/>
							<String ID="string_301" HPOS="420" VPOS="1877" WIDTH="149" HEIGHT="51" WC="0.96" CONTENT="hänsyn"/><SP WIDTH="27" VPOS="1877" HPOS="569"/>
							<String ID="string_302" HPOS="596" VPOS="1878" WIDTH="57" HEIGHT="37" WC="0.96" CONTENT="till"/><SP WIDTH="42" VPOS="1878" HPOS="653"/>
							<String ID="string_303" HPOS="695" VPOS="1879" WIDTH="347" HEIGHT="48" WC="0.96" CONTENT="undervisningens"/><SP WIDTH="32" VPOS="1879" HPOS="1042"/>
							<String ID="string_304" HPOS="1074" VPOS="1878" WIDTH="199" HEIGHT="37" WC="0.96" CONTENT="rationella"/><SP WIDTH="33" VPOS="1878" HPOS="1273"/>
							<String ID="string_305" HPOS="1306" VPOS="1878" WIDTH="70" HEIGHT="37" WC="0.96" CONTENT="och"/><SP WIDTH="31" VPOS="1878" HPOS="1376"/>
							<String ID="string_306" HPOS="1407" VPOS="1877" WIDTH="257" HEIGHT="64" WC="0.90" CONTENT="planmässiga"/><SP WIDTH="32" VPOS="1877" HPOS="1664"/>
							<String ID="string_307" HPOS="1696" VPOS="1877" WIDTH="65" HEIGHT="38" WC="0.92" CONTENT="be-"/>
						</TextLine>
						<TextLine ID="line_32" HPOS="160" VPOS="1928" WIDTH="1601" HEIGHT="52">
							<String ID="string_308" HPOS="160" VPOS="1928" WIDTH="200" HEIGHT="38" WC="0.91" CONTENT="drifvande"/><SP WIDTH="28" VPOS="1928" HPOS="360"/>
							<String ID="string_309" HPOS="388" VPOS="1929" WIDTH="120" HEIGHT="38" WC="0.93" CONTENT="under"/><SP WIDTH="24" VPOS="1929" HPOS="508"/>
							<String ID="string_310" HPOS="532" VPOS="1931" WIDTH="407" HEIGHT="49" WC="0.91" CONTENT="examensperioderna"/><SP WIDTH="28" VPOS="1931" HPOS="939"/>
							<String ID="string_311" HPOS="967" VPOS="1944" WIDTH="82" HEIGHT="23" WC="0.96" CONTENT="som"/><SP WIDTH="29" VPOS="1944" HPOS="1049"/>
							<String ID="string_312" HPOS="1078" VPOS="1930" WIDTH="70" HEIGHT="37" WC="0.96" CONTENT="ock"/><SP WIDTH="27" VPOS="1930" HPOS="1148"/>
							<String ID="string_313" HPOS="1175" VPOS="1930" WIDTH="84" HEIGHT="36" WC="0.96" CONTENT="med"/><SP WIDTH="33" VPOS="1930" HPOS="1259"/>
							<String ID="string_314" HPOS="1292" VPOS="1929" WIDTH="178" HEIGHT="37" WC="0.91" CONTENT="afseende"/><SP WIDTH="33" VPOS="1929" HPOS="1470"/>
							<String ID="string_315" HPOS="1503" VPOS="1932" WIDTH="21" HEIGHT="33" WC="0.91" CONTENT="å"/><SP WIDTH="28" VPOS="1932" HPOS="1524"/>
							<String ID="string_316" HPOS="1552" VPOS="1929" WIDTH="46" HEIGHT="37" WC="0.93" CONTENT="de"/><SP WIDTH="26" VPOS="1929" HPOS="1598"/>
							<String ID="string_317" HPOS="1624" VPOS="1929" WIDTH="137" HEIGHT="37" WC="0.92" CONTENT="konse-"/>
						</TextLine>
						<TextLine ID="line_33" HPOS="161" VPOS="1979" WIDTH="1600" HEIGHT="52">
							<String ID="string_318" HPOS="161" VPOS="1979" WIDTH="163" HEIGHT="39" WC="0.91" CONTENT="kvenser"/><SP WIDTH="42" VPOS="1979" HPOS="324"/>
							<String ID="string_319" HPOS="366" VPOS="1971" WIDTH="221" HEIGHT="47" WC="0.96" CONTENT="densamma"/><SP WIDTH="28" VPOS="1971" HPOS="587"/>
							<String ID="string_320" HPOS="615" VPOS="1982" WIDTH="123" HEIGHT="37" WC="0.96" CONTENT="skulle"/><SP WIDTH="28" VPOS="1982" HPOS="738"/>
							<String ID="string_321" HPOS="766" VPOS="1983" WIDTH="128" HEIGHT="36" WC="0.96" CONTENT="kunna"/><SP WIDTH="29" VPOS="1983" HPOS="894"/>
							<String ID="string_322" HPOS="923" VPOS="1982" WIDTH="170" HEIGHT="37" WC="0.96" CONTENT="medföra"/><SP WIDTH="28" VPOS="1982" HPOS="1093"/>
							<String ID="string_323" HPOS="1121" VPOS="1982" WIDTH="58" HEIGHT="36" WC="0.96" CONTENT="för"/><SP WIDTH="28" VPOS="1982" HPOS="1179"/>
							<String ID="string_324" HPOS="1207" VPOS="1982" WIDTH="64" HEIGHT="36" WC="0.96" CONTENT="det"/><SP WIDTH="27" VPOS="1982" HPOS="1271"/>
							<String ID="string_325" HPOS="1298" VPOS="1980" WIDTH="289" HEIGHT="51" WC="0.96" CONTENT="vetenskapliga"/><SP WIDTH="29" VPOS="1980" HPOS="1587"/>
							<String ID="string_326" HPOS="1616" VPOS="1980" WIDTH="145" HEIGHT="38" WC="0.96" CONTENT="arbetet"/>
						</TextLine>
						<TextLine ID="line_34" HPOS="160" VPOS="2031" WIDTH="1601" HEIGHT="52">
							<String ID="string_327" HPOS="160" VPOS="2031" WIDTH="64" HEIGHT="37" WC="0.95" CONTENT="vid"/><SP WIDTH="37" VPOS="2031" HPOS="224"/>
							<String ID="string_328" HPOS="261" VPOS="2033" WIDTH="286" HEIGHT="37" WC="0.95" CONTENT="universiteten."/><SP WIDTH="64" VPOS="2033" HPOS="547"/>
							<String ID="string_329" HPOS="611" VPOS="2034" WIDTH="99" HEIGHT="36" WC="0.92" CONTENT="Från"/><SP WIDTH="42" VPOS="2034" HPOS="710"/>
							<String ID="string_330" HPOS="752" VPOS="2034" WIDTH="550" HEIGHT="49" WC="0.90" CONTENT="universitetsprofessorernas"/><SP WIDTH="41" VPOS="2034" HPOS="1302"/>
							<String ID="string_331" HPOS="1343" VPOS="2032" WIDTH="80" HEIGHT="37" WC="0.95" CONTENT="sida"/><SP WIDTH="40" VPOS="2032" HPOS="1423"/>
							<String ID="string_332" HPOS="1463" VPOS="2033" WIDTH="70" HEIGHT="37" WC="0.95" CONTENT="har"/><SP WIDTH="35" VPOS="2033" HPOS="1533"/>
							<String ID="string_333" HPOS="1568" VPOS="2033" WIDTH="193" HEIGHT="50" WC="0.95" CONTENT="nämligen"/>
						</TextLine>
						<TextLine ID="line_35" HPOS="160" VPOS="2083" WIDTH="1600" HEIGHT="50">
							<String ID="string_334" HPOS="160" VPOS="2083" WIDTH="238" HEIGHT="49" WC="0.53" CONTENT="framhållits,"/><SP WIDTH="30" VPOS="2083" HPOS="398"/>
							<String ID="string_335" HPOS="428" VPOS="2090" WIDTH="55" HEIGHT="32" WC="0.95" CONTENT="att"/><SP WIDTH="27" VPOS="2090" HPOS="483"/>
							<String ID="string_336" HPOS="510" VPOS="2099" WIDTH="46" HEIGHT="23" WC="0.95" CONTENT="en"/><SP WIDTH="28" VPOS="2099" HPOS="556"/>
							<String ID="string_337" HPOS="584" VPOS="2085" WIDTH="12" HEIGHT="37" WC="0.92" CONTENT="i"/><SP WIDTH="19" VPOS="2085" HPOS="596"/>
							<String ID="string_338" HPOS="615" VPOS="2085" WIDTH="177" HEIGHT="38" WC="0.91" CONTENT="afsevärd"/><SP WIDTH="29" VPOS="2085" HPOS="792"/>
							<String ID="string_339" HPOS="821" VPOS="2089" WIDTH="87" HEIGHT="34" WC="0.95" CONTENT="mån"/><SP WIDTH="26" VPOS="2089" HPOS="908"/>
							<String ID="string_340" HPOS="934" VPOS="2085" WIDTH="186" HEIGHT="38" WC="0.93" CONTENT="utsträckt"/><SP WIDTH="23" VPOS="2085" HPOS="1120"/>
							<String ID="string_341" HPOS="1143" VPOS="2084" WIDTH="476" HEIGHT="49" WC="0.92" CONTENT="föreläsningsskyldighet"/><SP WIDTH="18" VPOS="2084" HPOS="1619"/>
							<String ID="string_342" HPOS="1637" VPOS="2085" WIDTH="123" HEIGHT="37" WC="0.95" CONTENT="skulle"/>
						</TextLine>
						<TextLine ID="line_36" HPOS="160" VPOS="2135" WIDTH="1599" HEIGHT="52">
							<String ID="string_343" HPOS="160" VPOS="2135" WIDTH="161" HEIGHT="49" WC="0.96" CONTENT="menligt"/><SP WIDTH="27" VPOS="2135" HPOS="321"/>
							<String ID="string_344" HPOS="348" VPOS="2137" WIDTH="158" HEIGHT="36" WC="0.96" CONTENT="inverka"/><SP WIDTH="26" VPOS="2137" HPOS="506"/>
							<String ID="string_345" HPOS="532" VPOS="2139" WIDTH="48" HEIGHT="47" WC="0.93" CONTENT="på"/><SP WIDTH="27" VPOS="2139" HPOS="580"/>
							<String ID="string_346" HPOS="607" VPOS="2137" WIDTH="349" HEIGHT="50" WC="0.90" CONTENT="föreläsningarnas"/><SP WIDTH="28" VPOS="2137" HPOS="956"/>
							<String ID="string_347" HPOS="984" VPOS="2137" WIDTH="290" HEIGHT="50" WC="0.96" CONTENT="vetenskapliga"/><SP WIDTH="27" VPOS="2137" HPOS="1274"/>
							<String ID="string_348" HPOS="1301" VPOS="2137" WIDTH="90" HEIGHT="47" WC="0.96" CONTENT="halt,"/><SP WIDTH="17" VPOS="2137" HPOS="1391"/>
							<String ID="string_349" HPOS="1408" VPOS="2136" WIDTH="250" HEIGHT="48" WC="0.92" CONTENT="hvarigenom"/><SP WIDTH="19" VPOS="2136" HPOS="1658"/>
							<String ID="string_350" HPOS="1677" VPOS="2137" WIDTH="82" HEIGHT="36" WC="0.91" CONTENT="uni-"/>
						</TextLine>
						<TextLine ID="line_37" HPOS="160" VPOS="2187" WIDTH="1600" HEIGHT="51">
							<String ID="string_351" HPOS="160" VPOS="2187" WIDTH="225" HEIGHT="38" WC="0.91" CONTENT="versitetens"/><SP WIDTH="33" VPOS="2187" HPOS="385"/>
							<String ID="string_352" HPOS="418" VPOS="2189" WIDTH="182" HEIGHT="48" WC="0.95" CONTENT="ställning"/><SP WIDTH="33" VPOS="2189" HPOS="600"/>
							<String ID="string_353" HPOS="633" VPOS="2191" WIDTH="123" HEIGHT="35" WC="0.94" CONTENT="såsom"/><SP WIDTH="30" VPOS="2191" HPOS="756"/>
							<String ID="string_354" HPOS="786" VPOS="2189" WIDTH="183" HEIGHT="37" WC="0.94" CONTENT="anstalter"/><SP WIDTH="33" VPOS="2189" HPOS="969"/>
							<String ID="string_355" HPOS="1002" VPOS="2189" WIDTH="58" HEIGHT="37" WC="0.96" CONTENT="för"/><SP WIDTH="32" VPOS="2189" HPOS="1060"/>
							<String ID="string_356" HPOS="1092" VPOS="2189" WIDTH="271" HEIGHT="49" WC="0.96" CONTENT="vetenskaplig"/><SP WIDTH="37" VPOS="2189" HPOS="1363"/>
							<String ID="string_357" HPOS="1400" VPOS="2187" WIDTH="203" HEIGHT="49" WC="0.94" CONTENT="forskning"/><SP WIDTH="36" VPOS="2187" HPOS="1603"/>
							<String ID="string_358" HPOS="1639" VPOS="2188" WIDTH="121" HEIGHT="37" WC="0.95" CONTENT="skulle"/>
						</TextLine>
						<TextLine ID="line_38" HPOS="159" VPOS="2239" WIDTH="495" HEIGHT="51">
							<String ID="string_359" HPOS="159" VPOS="2239" WIDTH="154" HEIGHT="38" WC="0.96" CONTENT="komma"/><SP WIDTH="29" VPOS="2239" HPOS="313"/>
							<String ID="string_360" HPOS="342" VPOS="2245" WIDTH="55" HEIGHT="32" WC="0.92" CONTENT="att"/><SP WIDTH="28" VPOS="2245" HPOS="397"/>
							<String ID="string_361" HPOS="425" VPOS="2240" WIDTH="229" HEIGHT="50" WC="0.90" CONTENT="äfventyras."/>
						</TextLine>
					</TextBlock>
				</ComposedBlock>
			</PrintSpace>
		</Page>
	</Layout>
</alto>
