2186 2618
451 135 41 45 28
843 149 408 34 Konstitutionsutskottets
1277 152 169 32 Memorial
1469 151 63 33 N:o
1557 154 29 31 5.

1178 263 73 48 1:0)

539 347 210 48 (Protokoll
778 348 109 37 öfver
917 348 258 37 civilärenden
1205 349 73 36 den
1307 351 45 34 21
1386 350 154 48 augusti
1572 352 111 47 1908,
1713 366 58 23 n:r
1799 353 51 49 4.)

535 433 108 36 Inom
686 433 232 37 Hedesunda
952 434 179 36 kommun
1162 434 13 36 i
1204 433 229 50 Gäfleborgs
1463 437 63 35 län
1554 437 121 36 finnes
1704 451 47 23 en
1779 439 245 48 nykterhets-

406 485 191 48 förening,
617 485 193 36 benämnd
830 485 235 36 Hedesunda
1084 486 407 48 nykterhetsförbund.
1538 488 299 48 TIfrågavarande
1856 490 167 38 förbund

403 541 117 43 utgör
562 549 47 24 en
651 537 348 48 sammanslutning
1040 537 41 36 af
1115 538 101 36 elfva
1244 538 187 37 särskilda
1460 539 448 51 nykterhetsföreningar
1936 543 86 36 med

403 587 161 50 tillhopa
607 587 180 49 omkring
817 590 74 34 700
920 589 247 36 medlemmar
1196 589 84 37 från
1308 589 191 38 socknens
1527 591 74 37 alla
1630 592 115 37 delar.
1800 592 222 39 Förbundet

402 639 70 36 har
514 640 100 36 varit
643 640 11 35 i
683 640 253 41 verksamhet
969 641 120 36 under
1116 640 90 37 flera
1236 644 40 33 år
1304 642 70 36 och
1404 642 70 37 har
1501 642 65 37 vid
1595 645 219 48 upprepade
1844 644 177 38 tillfällen

404 692 151 52 erhållit
584 691 136 48 anslag
748 692 40 36 af
814 692 243 37 kommunen.

533 747 35 32 A
609 743 387 37 kommunalstämma
1037 745 74 36 den
1154 747 48 34 28
1246 746 200 36 december
1487 747 95 36 1907
1613 746 148 37 beslöto
1790 748 230 37 Hedesunda

404 794 232 37 socknemän
678 795 86 36 med
806 797 115 45 4,652
963 801 121 32 röster
1127 797 42 35 af
1208 799 47 34 52
1297 798 179 36 röstande
1519 803 79 31 mot
1639 800 111 45 1,584
1779 805 122 31 röster
1929 801 43 35 af
1997 803 22 34 8

400 846 180 36 röstande
610 851 54 32 att
693 846 41 36 af
758 844 253 40 kommunens
1041 848 125 37 medel
1190 848 143 37 tilldela
1352 849 252 37 förenämnda
1622 850 397 49 nykterhetsförbund

401 902 54 31 ett
486 899 136 48 anslag
651 899 42 35 af
720 900 72 35 100
821 899 143 37 kronor
994 900 58 36 för
1079 900 250 37 bedrifvande
1360 901 41 36 af
1423 901 471 48 nykterhetsverksamhet
1913 903 104 37 inom

400 949 246 49 kommunen.

533 1000 116 38 Ofver
692 1002 103 36 detta
836 1002 124 37 beslut
1002 1003 156 38 anförde
1202 1004 343 49 hemmansägaren
1573 1005 44 36 A.
1648 1005 223 37 Andersson
1900 1020 49 22 m.
1980 1006 37 36 fl.

400 1052 137 37 besvär
578 1053 70 36 hos
692 1054 141 49 Kungl.
877 1054 130 50 Maj:ts
1048 1055 431 49 befallningshafvande
1507 1057 13 35 i
1549 1056 226 50 Gäfleborgs
1803 1059 63 35 län
1894 1058 125 36 under

398 1104 173 48 yrkande
600 1109 66 43 att,
697 1111 92 31 enär
808 1106 233 37 Hedesunda
1060 1107 396 49 nykterhetsförbund
1475 1121 92 23 vore
1586 1121 48 24 en
1654 1108 150 37 enskild
1823 1110 193 49 förening,

398 1155 117 37 hvars
556 1157 247 37 verksamhet
840 1158 85 36 icke
954 1162 49 46 på
1030 1161 120 47 något
1178 1164 76 32 sätt
1283 1159 107 36 stode
1418 1159 123 37 under
1568 1160 253 37 kommunens
1849 1161 168 37 kontroll

399 1207 90 36 eller
518 1208 127 36 kunde
675 1222 111 23 anses
816 1213 126 33 såsom
971 1223 47 24 en
1047 1210 253 37 kommunens
1319 1223 286 36 gemensamma
1625 1212 296 48 angelägenhet,
1943 1213 73 36 den

397 1258 414 39 kommunalstämman
853 1262 100 48 ägde
994 1262 127 47 vårda,
1159 1263 284 36 ofvannämnda
1473 1263 137 47 beslut,
1640 1276 83 23 som
1752 1269 130 44 syntes
1911 1264 106 37 hvila

397 1313 49 46 på
474 1312 157 35 orättvis
660 1313 127 47 grund
816 1313 72 36 och
917 1313 12 36 i
958 1314 58 36 sin
1049 1314 259 49 tillämpning,
1339 1314 47 36 då
1414 1314 84 37 icke
1528 1314 73 36 alla
1629 1315 254 37 kommunens
1912 1317 104 36 med-

396 1362 160 37 lemmar
597 1377 91 23 vore
730 1364 134 49 villiga
906 1370 56 31 att
1003 1366 250 48 understödja
1294 1365 224 37 förbundets
1558 1366 257 49 verksamhet,
1853 1368 163 36 kränkte

398 1414 193 50 enskildes
620 1420 88 42 rätt,
739 1419 118 33 måtte
886 1417 228 48 upphäfvas.

528 1466 117 37 Ofver
686 1467 186 37 besvären
914 1468 139 37 hördes
1081 1469 233 37 Hedesunda
1343 1469 161 37 sockens
1533 1469 65 37 vid
1627 1470 387 37 kommunalstämma

395 1517 326 49 röstberättigade
747 1518 293 50 icke-klagande
1061 1520 248 37 medlemmar
1329 1521 69 35 och
1419 1521 158 36 anförde
1597 1521 109 37 dessa
1726 1522 55 35 uti
1802 1534 47 24 en
1869 1535 144 35 genom

395 1568 162 37 utsedda
600 1570 141 36 ombud
783 1571 176 48 afgifven
988 1571 225 49 förklaring,
1244 1576 65 43 att,
1340 1572 47 36 då
1416 1572 123 49 enligt
1570 1575 17 33 1
1618 1572 21 49 $
1668 1573 43 36 af
1735 1573 280 49 förordningen

395 1633 61 23 om
486 1620 384 51 kommunalstyrelse
898 1626 50 45 på
976 1622 129 37 landet
1134 1623 73 37 den
1236 1625 47 34 21
1313 1636 101 24 mars
1447 1625 97 35 1862
1575 1624 134 49 hvarje
1729 1625 160 36 sockens
1909 1626 104 36 med-

393 1671 163 38 lemmar
597 1672 99 49 ägde
738 1678 54 31 att
820 1674 119 36 vårda
968 1674 84 36 sina
1079 1688 287 35 gemensamma
1395 1675 518 49 ordningsangelägenheter
1941 1678 72 35 och

393 1724 192 49 knappast
613 1728 130 46 någon
772 1725 244 37 verksamhet
1043 1726 13 35 i
1084 1727 100 49 syfte
1214 1732 55 31 att
1298 1727 236 36 förekomma
1562 1727 103 36 brott
1685 1728 72 36 och
1776 1728 236 50 oordningar

393 1776 106 36 inom
528 1780 53 32 ett
610 1776 183 37 samhälle
821 1776 128 38 kunde
978 1778 12 35 i
1018 1778 82 35 vikt
1129 1778 72 37 och
1230 1778 197 50 betydelse
1455 1783 103 32 mäta
1582 1778 62 49 sig
1663 1780 88 36 med
1771 1780 242 49 nykterhets-

393 1827 309 48 verksamheten,
732 1828 63 37 det
823 1829 105 49 finge
958 1842 111 24 anses
1098 1829 138 49 gifvet,
1267 1835 55 31 att
1346 1830 138 48 frågan
1504 1843 61 23 om
1585 1830 207 37 understöd
1813 1831 56 36 till
1890 1831 121 37 sådan

392 1879 245 37 verksamhet
679 1880 102 36 inom
824 1893 46 23 en
912 1881 183 36 kommun
1137 1882 118 36 hörde
1297 1881 58 37 till
1397 1882 47 36 de
1483 1881 336 49 angelägenheter,
1849 1884 160 36 hvarom

392 1930 235 38 kommunen
656 1931 173 49 lagligen
857 1932 101 48 ägde
985 1932 161 37 besluta.
1194 1933 76 37 Vid
1299 1933 136 37 sådant
1464 1933 241 43 förhållande
1726 1934 71 37 och
1817 1934 46 37 då
1882 1935 128 37 öfver-

391 1981 168 49 klagade
586 1982 165 38 beslutet
779 1983 173 37 hvarken
981 1983 151 38 hvilade
1160 1987 50 46 på
1230 1984 160 37 orättvis
1409 1985 129 48 grund
1557 1986 90 36 eller
1666 1986 163 36 kränkte
1848 1986 162 49 klagan-

392 2033 119 37 denas
540 2034 175 37 enskilda
743 2039 88 43 rätt,
860 2035 226 38 hemställde
1115 2036 46 37 de
1190 2036 306 49 icke-klagande,
1527 2043 54 30 att
1608 2037 187 37 besvären
1824 2041 118 33 måtte
1972 2038 45 36 af

391 2085 144 48 Kungl.
566 2086 127 49 Maj:ts
720 2087 426 48 befallningshafvande
1175 2088 147 49 ogillas.

521 2137 67 36 Uti
631 2138 146 48 afgifna
819 2140 258 48 påminnelser
1115 2140 177 37 bestredo
1328 2140 255 49 klagandena,
1612 2145 57 32 att
1697 2141 74 36 den
1799 2141 42 36 af
1865 2140 144 49 ifråga-

390 2189 170 36 varande
588 2189 393 49 nykterhetsförbund
1014 2190 176 38 bedrifna
1218 2191 245 37 verksamhet
1491 2192 125 37 kunde
1643 2192 207 37 betecknas
1880 2195 127 34 såsom

390 2253 47 24 en
482 2240 57 38 för
581 2241 299 38 medlemmarna
909 2243 44 36 af
976 2243 234 37 Hedesunda
1238 2244 180 36 kommun
1450 2257 222 36 gemensam
1702 2244 307 50 ordningsange-
