2174 2616
616 143 402 33 Konstitutionsutskottets
1043 143 169 31 Memorial
1236 141 60 32 N:o
1319 144 29 29 5.
1703 139 40 31 47

691 221 35 49 2)
755 221 12 36 i
795 220 156 37 ärendet
979 220 122 36 under
1128 219 45 49 E)
1195 219 186 36 härofvan
1401 216 214 50 (angående
1635 216 152 37 univer-

586 272 300 48 sitetsstatuter);

689 324 28 49 f)
749 323 267 37 förutvarande
1045 322 202 37 statsrådet
1275 323 95 35 Roos
1390 324 125 33 såsom
1535 323 169 33 närmast
1723 332 65 23 an-

585 376 131 48 svarig
735 375 11 36 i
762 375 138 37 ärende
919 375 119 36 under
1057 374 28 36 C
1106 373 33 48 1)
1159 374 183 35 härofvan
1362 371 211 50 (angående
1587 371 201 36 kommuns

586 428 135 47 anslag
747 427 55 36 till
833 426 271 49 nykterhetens
1131 425 314 47 befrämjande)»;

317 531 43 37 af
383 531 158 36 friherre
568 532 140 42 Bonde,
738 542 80 23 som
842 528 158 36 instämt
1028 528 86 35 med
1143 528 87 35 herr
1259 526 134 44 Staaff;

316 635 41 35 af
396 634 87 36 herr
522 635 177 36 Ericsson
727 631 13 36 i
767 631 158 48 Vallsta,
962 644 82 23 som
1077 631 157 35 instämt
1262 628 87 37 med
1377 628 88 36 herr
1495 627 123 37 Staaff
1643 631 105 31 utom
1776 626 13 36 i

189 686 450 49 anmärkningspunkten
662 684 32 36 D
718 683 34 49 1)
771 683 101 49 (ang.
894 681 267 38 innehållande
1182 681 41 36 af
1238 679 370 51 postförsändelser),
1628 678 160 37 rörande

188 738 155 37 hvilken
384 738 76 36 han
500 737 62 36 väl
604 740 135 42 ansett,
782 740 54 31 att
873 735 63 35 det
964 735 81 35 däri
1074 733 155 36 afsedda
1258 731 159 38 ärendes
1444 731 235 48 behandling
1706 729 82 37 icke

186 790 99 36 varit
324 788 364 47 tillfredsställande,
730 799 85 24 men
860 786 96 37 dock
990 786 84 36 icke
1108 785 125 36 funnit
1261 784 60 48 sig
1349 783 87 36 fullt
1465 781 239 50 öfvertygad,
1735 785 54 32 att

190 842 254 47 anmärkning
471 841 122 48 enligt
624 841 69 34 107
724 838 20 49 $
772 837 349 49 regeringsformen
1149 836 86 36 bort
1263 835 243 44 framställas;

318 943 41 37 af
398 943 86 36 herr
525 943 48 44 af
614 943 226 42 Callerholm,
887 953 82 23 som
1014 939 158 36 instämt
1212 938 88 36 med
1340 938 88 35 herr
1470 936 123 37 Staaff
1629 942 106 30 utom
1776 935 13 36 i

189 995 492 48 anmärkningspunkterna
720 993 34 37 A
785 992 34 49 1)
862 991 103 50 (ang.
1009 991 171 47 aflöning
1209 993 37 33 åt
1283 986 504 49 kommissionsledamöter),

191 1047 29 37 C
246 1047 36 49 2)
313 1047 103 49 (ang.
445 1045 243 37 fastställelse
717 1045 41 36 af
782 1044 232 37 instruktion
1041 1043 60 36 för
1129 1041 280 49 hamnstyrelse
1428 1040 12 36 i
1461 1038 234 50 Stockholm)
1717 1039 71 36 och

189 1099 33 36 D
241 1099 34 49 1)
296 1099 102 49 (ang.
419 1097 265 37 innehållande
706 1097 41 36 af
761 1093 368 52 postförsändelser),
1150 1093 161 37 rörande
1330 1092 131 37 hvilka
1478 1091 77 37 han
1574 1091 62 36 väl
1652 1096 135 41 ansett,

189 1156 55 31 att
272 1151 46 37 de
347 1151 68 36 där
442 1149 250 37 omförmälda
720 1148 207 37 ärendenas
952 1146 236 47 bebandling
1206 1145 83 36 icke
1309 1144 99 37 varit
1427 1142 360 47 tillfredsställande,

189 1216 87 24 men
304 1202 97 37 dock
429 1202 83 36 icke
542 1201 125 36 funnit
695 1201 61 47 sig
784 1199 86 37 fullt
898 1198 239 49 öfvertygad,
1168 1202 54 31 att
1250 1195 257 49 anmärkning
1531 1195 122 48 enligt
1675 1196 69 35 107
1766 1194 21 49 $

188 1254 353 49 regeringsformen
568 1253 87 36 bort
682 1252 245 44 framställas;

318 1358 41 35 af
396 1357 87 36 herr
519 1357 229 43 Sundström,
781 1354 157 37 hvilken
965 1375 51 4 —
1043 1351 120 37 under
1191 1352 150 36 erinran
1370 1355 55 31 att
1452 1350 76 36 han
1557 1350 33 48 ej
1621 1348 169 37 närvarit

189 1409 64 37 vid
283 1408 226 50 afgörandet
536 1408 42 36 af
603 1406 448 49 anmärkningspunkten
1078 1404 32 36 E
1131 1403 100 49 (ang.
1253 1400 470 49 universitetsstatuterna)
1743 1422 44 5 —

188 1461 13 36 i
229 1461 123 49 öfrigt
379 1461 156 36 instämt
562 1459 86 36 med
677 1458 85 37 herr
786 1457 122 37 Staaff
919 1462 105 31 utom
1040 1456 11 36 i
1067 1454 492 50 anmärkningspunkterna
1574 1452 29 37 C
1629 1451 36 50 2)
1687 1452 101 49 (ang.

192 1512 241 38 fastställelse
463 1512 40 36 af
527 1510 233 38 instruktion
788 1510 58 36 för
874 1508 279 49 hamnstyrelse
1181 1507 12 36 i
1222 1504 234 50 Stockholm)
1486 1505 71 36 och
1576 1504 33 36 D
1634 1505 33 48 1)
1686 1504 101 49 (ang.

189 1564 266 37 innehållande
488 1564 43 36 af
552 1560 372 52 postförsändelser),
952 1559 162 38 rörande
1141 1559 131 37 hvilka
1288 1559 87 35 han
1402 1557 63 36 väl
1494 1561 137 43 ansett,
1660 1561 55 31 att
1743 1556 46 37 de

190 1617 83 37 därr
298 1616 156 37 afsedda
480 1615 211 37 ärendenas
718 1613 235 49 behandling
979 1612 85 36 icke
1087 1610 98 37 varit
1204 1609 361 47 tillfredsställande,
1587 1621 87 23 men
1694 1608 95 37 dock

188 1668 85 37 icke
302 1667 125 38 funnit
468 1668 62 48 sig
571 1666 237 49 öfvertygad,
850 1670 55 31 att
946 1663 255 48 anmärkning
1242 1662 122 49 enligt
1408 1662 68 35 107
1520 1659 17 50 $
1569 1659 219 50 regerings-

191 1720 148 37 formen
365 1720 88 36 bort
481 1717 243 46 framställas;

319 1824 42 36 af
384 1823 89 37 herr
499 1824 167 42 Broomé,
695 1834 94 34 som,
818 1820 121 36 under
967 1820 152 36 erinran
1148 1823 55 32 att
1230 1818 77 36 han
1334 1817 83 36 icke
1432 1816 97 36 varit
1554 1815 236 37 närvarande

189 1876 64 36 vid
282 1874 226 50 afgörandet
536 1874 41 37 af
598 1871 448 50 anmärkningspunkten
1064 1872 36 35 A
1120 1869 37 50 2)
1177 1869 103 50 (ang.
1301 1868 156 37 arfvode
1477 1871 37 33 åt
1534 1879 255 25 amanuensen

188 1925 379 50 Lambert-Meuller),
596 1926 13 36 i
637 1925 118 48 öfrigt
782 1924 156 36 instämt
965 1923 87 36 med
1080 1922 88 37 herr
1197 1921 136 45 Staaff;

319 2031 42 36 af
385 2030 88 37 herr
499 2031 196 43 Beckman,
718 2041 80 24 som
817 2027 157 37 instämt
993 2026 85 36 med
1098 2026 86 36 herr
1204 2024 122 38 Staaff
1341 2030 103 30 utom
1464 2024 13 36 i
1496 2022 292 49 anmärknings-

189 2083 174 49 punkten
380 2083 33 36 B
427 2082 37 50 2)
487 2081 102 50 (ang.
610 2080 227 47 utnämning
853 2079 41 36 af
905 2075 459 50 marinöfverintendent),
1384 2075 235 37 beträffande
1634 2074 155 37 hvilken

189 2135 75 37 han
304 2135 63 36 väl
395 2138 136 43 ansett,
561 2137 56 32 att
645 2132 62 37 det
734 2131 81 37 däri
843 2130 156 37 afsedda
1027 2129 158 37 ärendes
1212 2127 237 49 behandling
1476 2127 84 37 icke
1587 2126 103 47 varit
1713 2126 74 36 till-

192 2186 301 47 fredsställande,
522 2198 87 24 men
637 2183 97 38 dock
761 2183 84 38 icke
873 2182 127 37 funnit
1015 2181 59 49 sig
1093 2181 87 36 fullt
1200 2179 240 50 öfvertygad,
1461 2183 56 33 att
1536 2178 254 49 anmärkning

190 2238 123 49 enligt
343 2240 70 36 107
445 2237 21 50 &
494 2236 346 50 regeringsformen
867 2235 87 36 bort
982 2233 244 45 framställas;
