1882 2772
236 155 238 29 Sammansatt
490 153 268 30 konstitutions-
775 154 62 28 och
858 153 269 29 bankoutskotts
1147 153 162 29 nlåtande
1326 162 42 20 nr
1388 154 13 27 1
1421 153 39 29 år
1479 153 83 29 1964
1623 152 19 28 3

160 235 151 38 fattning
330 234 110 29 måste
460 244 92 24 vara,
572 236 49 27 att
641 234 187 38 riksdagen
847 234 65 29 och
931 233 79 29 dess
1030 233 93 29 olika
1142 241 107 30 organ
1269 233 87 29 skall
1378 234 63 37 äga
1461 234 49 28 att
1531 232 111 39 själva

159 282 75 27 utse
255 280 76 29 sina
352 279 214 39 tjänstemän
587 279 64 29 och
671 280 49 28 att
740 278 97 39 varje
857 278 133 38 åtgärd,
1012 286 74 20 som
1108 277 111 29 skulle
1240 278 119 28 kunna
1380 277 169 29 innebära
1569 276 72 29 risk

159 324 54 29 för
229 327 48 26 ett
294 324 138 38 intrång
449 324 9 28 i
476 324 94 29 detta
587 323 205 39 prerogativ,
810 323 63 28 bör
888 322 184 29 undvikas.
1092 323 46 28 Ur
1153 323 115 28 denna
1285 322 179 38 synpunkt
1481 322 65 28 har
1562 321 80 29 full-

157 369 151 38 mäktige
335 368 74 29 icke
435 368 136 29 kunnat
598 368 145 38 godtaga
770 367 228 29 kommitténs
1025 367 209 28 förordande
1261 376 42 19 av
1328 368 50 27 att
1405 366 41 29 de
1472 366 171 38 ifrågava-

160 414 106 29 rande
296 414 197 37 tjänsterna
523 413 112 28 skulle
666 413 147 28 inrättas
840 413 13 28 i
884 412 240 38 departement
1153 411 66 29 och
1249 411 163 29 tillsättas
1444 420 41 20 av
1517 410 124 39 Kungl.

158 459 115 38 Maj:t.
298 458 91 29 även
415 467 57 19 om
498 457 219 39 fullmäktige
742 456 141 30 beaktat
908 455 228 30 kommitténs
1161 456 190 33 uttalande,
1378 457 50 27 att
1453 455 113 38 någon
1591 454 51 29 in-

159 502 218 39 skränkning
403 503 10 28 i
442 502 204 38 riksdagens
675 501 245 39 befogenheter
948 501 144 29 därmed
1120 500 75 29 icke
1223 502 128 27 avsetts
1379 500 65 28 och
1471 500 87 28 även
1585 508 58 20 om

159 547 124 39 Kungl.
303 547 122 39 Maj:ts
447 546 165 29 funktion
631 547 9 28 i
661 546 289 38 sammanhanget
971 545 147 29 sålunda
1138 544 111 29 skulle
1268 553 83 20 vara
1370 544 129 29 avsedd
1518 546 50 27 att
1587 544 55 28 be-

159 593 143 38 gränsas
329 592 50 28 till
407 601 42 19 en
476 600 61 20 ren
565 591 200 33 formalitet,
793 591 70 28 kan
890 599 82 20 man
999 590 107 38 enligt
1133 589 238 38 fullmäktiges
1399 588 141 38 mening
1566 588 77 29 icke

159 637 114 28 bortse
293 636 89 33 från,
401 638 50 27 att
470 635 227 30 kommitténs
716 635 268 39 ifrågavarande
1004 635 131 38 förslag
1152 636 39 27 är
1209 635 103 38 ägnat
1332 637 51 27 att
1402 635 77 38 inge
1499 634 144 29 betänk-

158 682 146 38 ligheter
325 690 42 20 av
389 680 278 29 konstitutionell
692 682 63 27 art.
779 680 125 28 Härtill
929 680 169 33 kommer,
1121 681 49 27 att
1193 679 92 29 vissa
1308 679 185 39 praktiska
1515 678 129 39 svårig-

159 726 96 29 heter
270 726 56 28 vid
343 725 268 39 tillämpningen
626 734 42 20 av
684 727 48 26 ett
749 724 124 30 sådant
890 726 131 37 system
1037 724 97 29 torde
1151 733 81 20 vara
1249 723 268 39 ofrånkomliga.

204 770 108 30 Såvitt
336 769 220 39 fullmäktige
581 770 69 29 kan
676 769 99 29 finna
799 769 97 29 torde
921 768 118 30 vidare
1064 769 40 28 de
1129 767 103 30 reella
1258 768 162 33 fördelar,
1447 777 75 20 som
1546 768 99 28 kom-

159 815 123 29 mittén
301 815 130 38 åsyftat
451 815 78 28 med
550 814 58 29 sitt
628 814 131 38 förslag
777 823 56 19 om
853 813 200 29 inrättande
1073 822 42 20 av
1133 813 278 38 helårstjänster,
1431 812 120 29 kunna
1570 812 74 29 vin-

160 869 62 20 nas
236 861 85 28 även
336 860 43 38 på
394 860 111 29 andra
517 859 114 39 vägar.
648 859 57 29 Ett
720 859 84 29 nära
820 859 50 28 till
886 858 113 29 hands
1014 858 158 38 liggande
1188 857 194 33 alternativ,
1398 865 124 31 genom
1535 856 108 29 vilket

159 904 237 40 nyssnämnda
424 903 302 30 konstitutionella
753 902 277 39 betänkligheter
1058 902 68 29 kan
1154 902 182 33 undvikas,
1365 910 102 30 synes
1495 901 148 29 sålunda

158 958 83 21 vara
261 951 49 27 att
332 949 131 28 inrätta
482 949 41 28 de
544 948 149 29 avsedda
714 947 318 39 helårstjänsterna
1051 946 18 29 å
1091 946 204 38 riksdagens
1317 948 68 27 stat
1407 946 65 29 och
1492 947 50 28 att
1564 945 79 29 med

158 993 151 30 innehav
328 1002 41 21 av
387 992 96 40 dylik
502 992 111 40 tjänst
632 991 189 40 förknippa
840 992 56 29 det
915 991 171 34 villkoret,
1106 992 50 28 att
1174 990 258 29 vederbörande
1452 990 110 29 under
1582 990 60 32 tid,

159 1038 44 29 då
225 1038 69 29 han
318 1038 30 39 ej
374 1038 150 28 behöver
546 1039 97 37 tagas
668 1037 8 28 i
701 1036 154 39 anspråk
879 1036 54 29 för
957 1035 304 39 riksdagsarbetet,
1287 1035 88 29 skall
1400 1043 82 21 vara
1506 1033 138 40 skyldig

159 1082 149 40 fullgöra
328 1082 116 30 arbete
463 1082 11 28 i
495 1081 118 40 statlig
631 1081 82 29 eller
733 1080 205 30 kommunal
959 1080 121 39 tjänst.
1101 1080 57 29 Ett
1178 1079 111 39 dylikt
1309 1078 125 30 villkor
1455 1078 112 30 skulle
1587 1078 54 29 väl

158 1126 207 40 exempelvis
391 1126 55 29 för
472 1126 315 39 statstjänstemän,
814 1135 75 20 som
914 1125 149 29 erhåller
1088 1125 63 29 här
1176 1125 266 38 ifrågavarande
1468 1125 175 39 riksdags-

159 1172 159 39 tjänster,
337 1171 153 30 normalt
506 1171 178 33 innebära,
703 1172 50 28 att
771 1170 41 29 de
832 1171 110 28 under
961 1170 41 29 de
1021 1169 98 35 tider,
1138 1170 43 29 då
1199 1170 41 29 de
1258 1170 30 39 ej
1310 1170 38 28 är
1367 1171 179 38 upptagna
1564 1169 78 29 med

158 1216 304 40 riksdagsarbetet,
489 1215 112 30 skulle
626 1215 221 40 sysselsättas
872 1215 19 29 å
918 1215 77 29 sina
1018 1215 196 29 innehavda
1239 1214 175 29 ordinarie
1439 1214 83 29 eller
1546 1215 96 28 extra

159 1261 173 29 ordinarie
352 1261 250 39 statstjänster.

203 1305 144 39 Frågan,
369 1305 67 29 hur
458 1314 81 20 man
562 1305 77 29 från
661 1305 41 29 de
724 1304 95 30 förut
840 1304 150 39 angivna
1011 1304 177 29 allmänna
1211 1303 349 39 utgångspunkterna
1581 1303 63 29 bör

159 1350 154 29 utforma
334 1352 47 27 ett
403 1351 76 37 nytt
501 1348 212 40 lönesystem
735 1349 54 28 för
810 1348 206 39 riksdagens
1038 1348 159 39 personal
1221 1356 101 31 synes
1344 1347 193 29 emellertid
1559 1347 84 29 böra

158 1395 160 29 närmare
341 1394 152 33 utredas,
516 1394 108 29 innan
649 1393 119 39 slutlig
789 1392 167 40 ställning
978 1394 94 37 tages
1096 1392 50 29 till
1171 1392 214 29 densamma.
1409 1390 234 40 Fullmäktige

158 1439 58 29 vill
235 1439 120 29 därför
371 1439 10 28 i
400 1439 110 28 likhet
528 1439 78 28 med
625 1438 209 29 kommittén
853 1438 152 33 förorda,
1024 1439 50 28 att
1093 1437 121 39 frågan
1234 1438 97 38 göres
1351 1437 50 30 till
1422 1437 146 29 föremål
1588 1437 55 29 för

158 1493 43 20 en
223 1484 168 38 ingående
416 1483 197 39 utredning,
636 1483 120 29 varvid
780 1482 92 30 olika
897 1482 172 30 tänkbara
1092 1482 183 29 alternativ
1300 1482 55 29 för
1378 1484 48 27 ett
1450 1484 76 37 nytt
1549 1482 95 28 löne-

159 1530 129 38 system
306 1528 61 29 bör
386 1529 171 38 upplagas
576 1527 51 30 till
647 1526 341 40 förutsättningslöst
1006 1526 246 39 övervägande.

203 1610 12 28 I
232 1609 186 39 anledning
434 1618 41 20 av
492 1608 193 30 skrivelsen
698 1609 110 38 jämte
824 1607 124 30 väckta
965 1607 172 29 motioner
1153 1606 158 40 uppdrog
1328 1606 82 29 1960
1428 1606 56 29 års
1500 1606 143 38 riksdag

163 1664 52 32 (se
239 1662 444 30 konstitutionsutskottets
708 1661 180 30 utlåtande
912 1670 42 20 nr
978 1661 41 29 26
1043 1661 65 29 och
1131 1660 306 30 bankoutskottets
1462 1659 180 30 utlåtande

158 1725 41 20 nr
221 1716 58 33 39)
305 1716 34 29 åt
361 1716 329 39 kanslideputerade
714 1718 50 28 att
788 1716 145 39 fungera
957 1725 74 20 som
1054 1725 42 20 en
1118 1715 204 39 riksdagens
1345 1714 296 40 personalnämnd

159 1770 78 29 med
262 1770 205 38 befogenhet
493 1772 48 27 att
567 1772 34 27 ta
627 1770 40 28 de
692 1770 152 28 initiativ
868 1769 51 29 till
946 1769 189 39 ändringar
1160 1770 10 27 i
1196 1768 446 40 personalorganisationen

159 1822 82 30 eller
259 1823 95 29 delar
370 1833 41 19 av
428 1823 125 33 denna,
571 1822 94 30 vilka
681 1822 41 30 de
741 1822 86 30 fann
844 1832 42 20 av
903 1822 144 29 behovet
1065 1822 192 39 påkallade.

203 1877 11 28 I
238 1876 121 38 frågan
381 1885 57 20 om
459 1876 67 29 den
548 1876 166 29 framtida
736 1875 255 39 gestaltningen
1013 1884 43 20 av
1076 1875 203 38 riksdagens
1302 1874 341 39 personalorganisa-

159 1930 72 28 tion
250 1930 63 28 har
329 1929 156 29 härefter
502 1929 287 29 bankoutskottet
808 1930 9 28 i
837 1929 59 28 sitt
914 1937 42 20 av
976 1928 79 29 1961
1077 1928 56 29 års
1152 1927 140 38 riksdag
1311 1927 185 38 godkända
1515 1936 129 19 memo-

159 1982 63 29 rial
246 1983 59 32 (nr
322 1982 57 33 28)
402 1983 78 28 med
501 1982 129 38 förslag
647 1982 50 28 till
717 1981 133 30 ändrad
869 1980 129 40 lydelse
1016 1991 42 19 av
1076 1981 90 29 vissa
1186 1980 214 39 stadganden
1419 1981 9 28 i
1447 1979 196 39 avlönings-

159 2035 308 29 bestämmelserna
498 2035 54 29 för
581 2035 62 29 hos
674 2034 185 40 riksdagen
890 2034 169 40 tillfälligt
1088 2034 173 30 anställda
1290 2033 219 40 tjänstemän
1537 2032 45 31 bl.
1612 2041 31 22 a.

161 2088 192 30 framhållit
371 2088 167 40 följande.

202 2151 204 38 Avlönings-
425 2152 67 28 och
510 2151 502 38 anställningsförhållandena
1033 2151 55 28 för
1107 2151 62 28 hos
1190 2150 185 38 riksdagen
1396 2150 168 38 tillfälligt
1584 2158 62 21 an-

161 2196 125 28 ställda
307 2196 214 37 tjänstemän
544 2196 64 28 har
630 2196 106 28 sedan
760 2196 85 28 flera
868 2196 38 28 år
928 2194 145 29 tillbaka
1095 2195 89 28 varit
1206 2195 9 27 i
1238 2194 109 29 behov
1369 2203 43 20 av
1432 2203 45 20 en
1497 2195 144 37 översyn

159 2240 63 28 och
242 2239 159 29 revision.
424 2240 7 28 I
455 2240 172 28 avvaktan
648 2240 42 37 på
712 2239 233 28 slutförandet
965 2248 42 19 av
1027 2238 480 37 författningsutredningens
1528 2238 115 29 arbete

161 2285 62 27 har
240 2283 190 29 emellertid
448 2301 44 3 —-
509 2293 74 18 som
602 2285 115 27 senast
738 2282 182 29 framhölls
939 2292 41 19 av
1000 2283 205 36 föregående
1223 2283 56 27 års
1298 2283 142 36 riksdag
1463 2282 66 37 (jfr
1548 2282 95 29 KU:s

161 2328 59 28 utl.
243 2337 40 19 nr
304 2328 141 30 26/1960
467 2328 63 28 och
553 2328 113 28 BoU:s
690 2328 59 28 ut!.
771 2336 41 19 nr
834 2327 160 31 39/1960)
1018 2343 10 4 -—-
1083 2328 132 27 ansetts
1236 2328 48 26 alt
1308 2326 76 28 med
1408 2326 161 37 åtgärder
1590 2326 54 27 för

159 2375 46 26 alt
227 2372 242 29 åstadkomma
489 2381 39 19 en
551 2382 71 18 mer
640 2372 217 28 omfattande
877 2371 169 38 reglering
1064 2380 41 19 av
1123 2371 98 28 dessa
1243 2370 115 37 frågor
1376 2369 187 39 lämpligen
1583 2370 60 27 bör

162 2417 31 28 få
210 2417 109 28 anstå.
337 2416 47 29 De
402 2416 129 37 förslag
548 2416 48 29 till
614 2416 190 37 ändringar
820 2416 8 27 i
846 2415 503 37 avlöningsbestämmelserna,
1367 2423 73 19 som
1459 2415 41 37 på
1517 2414 126 37 grund-

159 2462 51 28 val
234 2470 41 19 av
299 2460 264 37 förhandlingar
588 2461 124 28 mellan
739 2460 327 38 kanslideputerade
1089 2460 62 27 och
1178 2459 465 38 riksdagstjänstemännens

161 2505 437 38 personalorganisationer
626 2514 45 19 nu
702 2504 181 38 framlagts
911 2513 42 20 av
982 2503 397 32 talmanskonferensen,
1409 2503 52 28 får
1490 2512 53 18 ses
1573 2503 67 27 mot
