2219 2679
405 192 68 32 148

557 289 144 42 (Kungl.
724 287 117 43 Maj:ts
865 287 162 43 förslag:)

403 379 123 49 tingets
567 378 149 49 lagtima
757 382 100 41 möte,
899 375 185 38 innefatta
1117 380 54 32 ett

402 436 109 32 ämne
530 430 102 37 inom
650 429 255 49 landstingets
925 428 244 50 befogenhet,

401 498 91 23 vara
521 483 215 49 skriftligen
764 486 154 46 uppsatt
947 481 69 37 och
1045 486 128 32 senast

401 538 111 59 tjugu
547 537 118 49 dagar
692 536 83 37 före
803 534 255 50 landstingets
1086 535 84 36 bör-

396 591 70 49 jan
500 590 188 36 avlämnat
715 588 58 37 till
802 560 273 94 sekreteraren,
1103 586 68 38 vil-

403 644 73 37 ken
518 643 62 37 det
609 642 148 50 åligger
786 643 30 48 ej
843 642 137 36 mindre
1009 649 50 29 att
1091 646 77 31 över

402 698 42 35 de
460 697 154 48 avgivna
622 696 187 48 förslagen
835 699 174 44 upprätta
1028 708 40 22 en
1089 694 82 36 lista

402 754 47 31 än
478 754 88 31 även
586 755 50 29 att
656 747 75 37 låta
744 747 55 49 på
819 747 354 48 landstingskassans

403 802 187 37 bekostnad
617 801 120 49 trycka
766 800 160 37 nämnda
944 800 145 50 förslag
1110 800 61 36 och

402 855 61 36 och
493 855 83 36 lista
604 860 104 40 samt,
738 853 107 36 såvitt
872 854 56 34 ske
956 853 80 45 kan,
1065 852 108 36 minst

403 915 73 29 dtta
518 908 117 49 dagar
668 907 82 49 före
789 906 232 49 landstingets
1050 905 124 49 början

403 961 55 36 till
485 961 98 49 varje
610 960 148 36 medlem
786 972 43 22 av
851 960 107 48 tinget
977 958 195 37 översända

401 1020 45 30 ett
474 1013 178 48 exemplar
680 1025 44 23 av
753 1013 100 35 dessa
882 1012 229 48 handlingar.

508 1066 71 36 Till
620 1066 131 36 urtima
792 1065 184 48 landsting
1006 1065 59 35 bör
1092 1071 76 41 nytt

395 1119 157 50 förslag,
582 1117 199 50 skriftligen
810 1124 154 41 uppsatt,
994 1118 107 35 minst
1128 1130 41 22 en

402 1172 104 36 vecka
528 1172 83 48 före
641 1171 231 48 landstingets
892 1171 123 46 början
1035 1169 137 36 avläm-

403 1237 65 23 nas
496 1223 56 36 till
580 1223 241 47 sekreteraren,
842 1235 74 23 som
936 1223 66 34 har
1022 1228 51 29 att
1088 1222 83 35 där-

403 1290 55 23 om
485 1277 210 35 underrätta
724 1276 253 49 ordföranden.

478 1328 84 37 Vad
602 1342 51 22 nu
694 1332 41 32 är
777 1327 154 49 stadgat
972 1326 197 49 angående

401 1381 104 36 tiden
528 1381 59 36 för
606 1379 166 50 förslags
792 1379 248 37 avlämnande
1060 1384 113 43 utgör

401 1434 82 36 icke
516 1432 136 38 hinder
683 1433 59 36 för
770 1432 233 49 landstinget
1033 1435 65 45 att,
1128 1431 46 37 då

402 1486 246 49 synnerligen
676 1485 147 50 viktiga
843 1485 82 37 skäl
943 1483 126 38 därtill
1097 1483 75 37 för-

401 1539 145 43 anleda,
576 1551 139 35 genom
745 1538 153 36 särskilt
925 1537 125 37 beslut
1069 1536 101 37 med-

401 1591 89 50 giva
518 1590 244 50 upptagande
790 1590 59 37 till
872 1589 232 49 behandling
1124 1603 46 22 av

401 1658 53 35 ny
481 1644 118 48 fråga,
641 1657 79 23 som
748 1643 108 37 blivit
884 1643 113 36 väckt
1025 1655 145 35 senare,

404 1696 97 36 dock
528 1696 81 36 före
637 1695 254 49 landstingets
919 1695 143 49 början.

505 1957 46 49 Ej
581 1960 59 33 må
669 1970 124 23 annan
821 1970 51 36 ny
890 1956 109 49 fråga
1019 1961 46 31 än
1085 1956 86 47 den,

403 2023 82 23 som
527 2010 110 36 blivit
677 2012 48 47 på
772 2023 92 24 ovan
910 2010 141 49 angivet
1091 2013 76 32 sätt

401 2062 125 49 väckt,
569 2062 126 37 kunna
723 2062 151 36 komma
901 2062 120 36 under
1048 2061 125 37 lands-

400 2092 146 72 tingets
566 2114 293 50 överläggning,
881 2114 129 37 såvida
1034 2115 137 48 frågan

402 2168 83 37 icke
504 2167 110 38 blivit
634 2181 47 23 av
697 2167 139 49 Kungl.
855 2167 88 49 Maj:t
948 2166 81 37 till
1048 2144 125 59 lands-

402 2220 126 49 tinget
555 2219 231 49 hänskjuten
807 2219 91 38 eller
917 2219 174 38 härleder
1111 2219 60 49 sig

402 2273 83 36 från
528 2273 69 36 och
639 2275 77 34 står
743 2273 12 35 i
784 2272 274 49 sammanhang
1085 2272 86 36 med

402 2330 54 32 ett
495 2325 102 37 förut
624 2325 12 36 i
665 2325 157 49 behörig
859 2325 164 49 ordning
1058 2325 114 36 väckt

403 2378 155 48 förslag.

804 189 412 33 Konstilutionsutskottets
1243 188 171 32 utlåtande
1441 188 53 33 Nr
1523 189 55 30 25.

1393 285 214 43 (Utskottets
1630 284 164 42 förslag:)

1225 379 55 33 ett
1295 379 109 32 ämne
1420 373 103 37 inom
1539 372 255 51 landstingets
1809 372 184 50 befogen-

1224 428 76 47 het,
1342 440 91 24 vara
1474 426 213 49 skriftligen
1720 430 166 45 uppsatt
1924 425 70 37 och

1227 485 131 33 senast
1376 479 109 50 tjugu
1506 479 116 50 dagar
1642 479 80 37 före
1742 477 253 50 landstingets

1225 534 133 49 början
1399 533 190 37 avlämnat
1629 532 58 37 till
1720 532 273 47 sekreteraren,

1225 587 128 37 vilken
1395 586 64 37 det
1500 585 159 50 åligger,
1702 592 50 29 att
1792 587 95 35 inom
1920 584 74 37 dtta

1222 642 116 49 dagar
1375 640 159 48 därefter
1562 644 78 32 över
1668 639 42 36 de
1737 639 155 49 avgivna
1913 639 81 49 för-

1226 695 122 48 slagen
1375 697 171 44 upprätta
1574 706 40 23 en
1643 692 83 36 lista
1756 693 61 35 och
1846 692 66 36 den
1941 691 53 36 till

1226 746 245 50 ordföranden
1500 745 213 35 överlämna.

1328 798 242 37 Sekreteraren
1611 797 136 50 åligger
1772 796 145 50 jämväl
1945 803 51 29 att

1225 852 76 36 låta
1337 851 53 48 på
1426 851 351 48 landstingskassans
1806 850 189 36 bekostnad

1229 905 120 48 trycka
1369 904 160 36 nämnda
1541 903 145 50 förslag
1707 903 60 36 och
1789 902 83 36 lista
1890 909 103 39 samt,

1226 958 105 36 sdvilt
1358 957 57 36 ske
1442 957 82 46 kan,
1553 957 107 35 minst
1688 955 74 37 åtta
1783 956 117 48 dagar
1913 956 82 48 före

1224 1011 232 48 landstingets
1485 1010 125 49 början
1638 1008 54 37 till
1720 1009 96 48 varje
1848 1008 147 35 medlem

1221 1077 44 22 av
1304 1064 107 48 tinget
1447 1062 195 37 översända
1671 1068 44 30 ett
1742 1061 179 48 exemplar
1949 1073 44 23 av

1223 1117 101 36 dessa
1353 1115 229 49 handlingar.

1326 1324 83 37 Vad
1450 1337 50 23 nu
1542 1328 40 32 är
1617 1322 153 49 stadgat
1798 1321 197 50 angående

1225 1377 105 36 tiden
1352 1377 58 36 för
1431 1376 163 49 förslags
1615 1374 249 37 avlämnande
1882 1379 114 43 utgör

1226 1430 83 37 icke
1338 1428 132 38 hinder
1502 1428 58 37 för
1588 1427 237 50 landstinget
1853 1432 66 43 att,
1948 1426 48 37 då

1226 1482 246 51 synnerligen
1499 1481 147 49 viktiga
1674 1480 82 37 skäl
1776 1480 125 36 därtill
1911 1456 85 60 för-

1224 1535 146 59 anleda,
1398 1548 139 35 genom
1566 1533 153 37 särskilt
1743 1533 122 36 beslut
1893 1528 102 57 med-

1224 1587 89 51 giva
1340 1587 247 50 upptagande
1615 1585 58 37 till
1697 1585 234 50 behandling
1949 1599 47 23 av

1226 1654 50 35 ny
1304 1640 121 49 fråga,
1464 1653 80 24 som
1572 1639 108 37 blivit
1707 1638 116 37 väckt
1851 1651 144 35 senare,

1226 1693 97 36 dock
1351 1692 81 36 före
1460 1691 253 48 landstingets
1743 1691 144 49 början.

1328 1744 73 37 Till
1442 1744 64 37 det
1545 1743 206 49 landsting,
1790 1756 81 23 som
1901 1743 94 36 efter

1223 1797 244 38 utfärdandet
1516 1810 47 24 av
1605 1797 123 37 denna
1770 1796 226 48 förordning

1224 1851 98 36 först
1337 1849 96 37 skall
1452 1849 130 47 hållas,
1606 1849 179 37 insändas
1801 1848 193 49 förslagen

1224 1902 58 37 till
1301 1902 253 64 landstingets
1583 1900 240 38 ordförande.

1329 1955 46 49 Ej
1406 1957 58 34 må
1492 1968 126 23 annan
1636 1969 53 35 ny
1715 1954 110 48 fråga
1844 1958 48 32 än
1912 1953 82 46 den,

1221 2021 79 24 som
1343 2007 110 37 blivit
1492 2010 49 47 på
1582 2021 48 23 nu
1662 1982 142 75 föreskr
1805 2008 67 35 wet
1921 2011 76 32 sätt

1227 2060 125 47 väckt,
1389 2060 128 36 kunna
1545 2059 151 38 komma
1723 2058 120 38 under
1870 2058 126 37 lands-

1223 2090 144 73 tingets
1396 2112 289 50 överläggning,
1709 2112 129 37 såvida
1860 2112 135 47 frågan

1226 2166 82 37 icke
1328 2165 109 37 blivit
1453 2179 46 23 av
1514 2165 140 49 Kungl.
1668 2165 108 50 Maj:t
1793 2163 58 38 till
1870 2164 126 36 lands-

1225 2219 122 49 tinget
1375 2218 230 49 hänskjuten
1631 2217 90 37 eller
1740 2215 176 39 härleder
1936 2216 61 49 sig

1224 2272 84 36 från
1349 2271 70 36 och
1457 2273 78 34 står
1562 2270 12 36 1
1602 2270 275 48 sammanhang
1909 2269 87 36 med

1226 2329 53 31 ett
1319 2323 104 37 förut
1454 2323 12 36 i
1494 2322 162 49 behörig
1692 2322 165 49 ordning
1884 2321 112 37 väckt

1225 2375 156 51 förslag.
