2213 2679
226 696 95 24 11:353.

228 1045 93 23 IT:554.

242 1203 62 22 1:33.

401 175 40 33 48
840 172 402 36 Konstitutionsutskottets
1264 175 164 33 utlåtande
1451 175 52 32 Nr
1524 176 52 31 25.

1143 254 21 50 8
1195 257 56 34 11.

503 326 113 36 Mom.
650 327 31 36 1.
737 325 95 37 Lika
861 326 85 36 med
973 324 141 50 Kungl.
1144 325 126 49 Maj:ts
1300 325 154 50 förslag.

503 378 113 38 Mom.
647 381 33 34 2.
735 379 95 37 Lika
857 379 86 37 med
971 378 141 48 Kungl.
1142 377 126 51 Maj:ts
1299 378 155 50 förslag.

502 432 114 36 Mom.
648 434 33 35 3.
737 431 72 38 Vid
837 431 128 38 beslut
991 432 13 36 i
1031 431 120 49 fråga,
1181 445 79 23 som
1289 431 13 36 1
1330 430 20 50 $
1382 434 58 45 16,
1470 431 131 50 tredje,
1630 430 123 51 fjärde
1790 430 70 38 och
1880 431 116 37 femte

401 485 195 50 styckena,
626 490 97 32 samt
752 484 20 51 $&
805 487 42 35 17
878 485 12 37 i
919 485 117 37 andra
1065 484 149 50 stycket
1241 497 121 36 avses,
1391 490 164 32 ävensom
1576 486 65 49 för
1670 485 109 36 beslut
1807 498 55 24 om
1874 484 122 48 fram-

399 540 173 47 flyttande
612 552 45 23 av
692 540 93 36 tiden
817 540 66 48 för
919 539 61 36 val
1022 552 45 23 av
1096 538 299 49 landstingsmän,
1427 543 73 44 äge
1529 551 46 23 en
1603 551 66 24 var
1697 537 299 50 röstberättigad

399 591 78 38 lika
504 596 112 33 röst».

501 680 99 36 Herr
641 681 83 47 Räf
756 679 230 48 hemställer,
1015 679 84 37 »det
1128 679 130 48 Kungl
1284 679 129 49 Maj:ts
1442 678 146 49 förslag
1616 692 60 23 om
1705 684 55 31 att
1787 678 208 37 Maria-Be-

398 731 235 49 bådelsedag
674 731 122 36 skulle
837 731 101 37 bliva
979 731 140 48 valdag
1150 731 59 36 för
1238 731 490 48 landstingsmannavalens
1758 730 237 36 förrättande

397 783 83 38 icke
520 787 116 34 måtte
678 797 47 24 av
765 783 221 50 Riksdagen
1028 782 147 38 bifallas
1204 782 103 49 eiler,
1338 797 58 23 om
1425 783 220 49 Riksdagen
1673 782 150 38 bifaller
1853 796 143 23 samma
2039 798 7 3 -

398 836 156 50 förslag,
585 837 73 36 den
687 837 114 36 också
830 840 59 33 må
917 836 145 37 besluta
1091 850 45 23 en
1166 836 185 37 skrivelse
1379 835 58 37 till
1464 837 142 47 Kungl.
1635 836 120 49 Maj:t,
1784 836 81 36 vari
1892 836 104 36 hem-

399 889 129 37 ställes
556 903 61 23 om
646 889 202 49 behövliga
877 889 177 49 åtgärder
1080 888 61 37 för
1169 893 55 32 att
1250 888 424 49 Maria-Bebådelsedag
1701 891 115 34 måtte
1845 888 151 37 avföras

399 942 83 37 från
509 942 170 49 kyrkans
708 941 212 50 helgdagar
947 941 57 38 till
1033 941 177 38 arbetsfri
1238 941 177 49 vardag».

500 1039 84 37 Den
612 1038 12 36 i
652 1039 85 37 herr
765 1039 123 49 Hages
916 1052 47 23 m.
992 1038 36 36 fl.
1058 1037 143 37 motion
1230 1038 135 50 gjorda
1393 1036 224 38 hemställan
1646 1042 40 31 är
1712 1036 76 38 lika
1816 1036 85 37 med
1921 1036 74 37 den

395 1092 13 36 i
436 1091 130 37 herrar
596 1091 46 38 G.
673 1092 253 48 Magnussons
955 1091 68 37 och
1052 1091 74 37 Jan
1156 1090 91 37 Erik
1270 1090 217 49 Berglunds
1507 1090 144 37 motion
1671 1090 323 37 förekommande.

503 1195 189 49 Slutligen
732 1194 220 37 hemställer
993 1195 88 35 herr
1108 1195 183 48 Meurling
1332 1194 12 36 i
1386 1194 60 36 sin
1487 1193 146 36 motion
1672 1207 46 22 nr
1760 1196 47 33 33
1836 1193 13 36 1
1876 1194 119 35 första

397 1248 233 46 kammaren,
663 1251 76 32 »att
767 1247 94 37 sista
890 1246 147 50 stycket
1067 1260 46 23 av
1140 1245 20 50 $
1189 1248 45 35 61
1265 1247 12 35 i
1305 1245 141 50 Kungl.
1476 1245 274 50 förordningen
1780 1259 60 23 om
1868 1245 127 37 lands-

397 1300 86 49 ting
511 1300 74 37 den
614 1302 46 34 21
690 1313 101 23 mars
823 1301 96 35 1862
940 1302 114 34 måtte
1075 1299 140 37 erhålla
1242 1298 169 49 följande
1428 1298 163 50 lydelse:
1631 1300 119 35 Dessa
1768 1298 228 49 handlingar

398 1353 91 36 böra
530 1355 48 47 på
619 1352 377 49 landstingskassans
1039 1352 211 37 bekostnad
1293 1350 313 50 skyndsamligen
1647 1350 155 49 tryckas
1841 1351 69 36 och
1938 1350 56 37 till

396 1406 124 36 länets
562 1405 222 37 kommuner
826 1405 84 36 med
952 1410 55 31 ett
1035 1404 195 50 exemplar
1258 1404 57 36 till
1342 1417 68 23 var
1438 1417 46 23 av
1512 1403 86 37 dem
1627 1403 147 37 utdelas
1804 1409 96 31 samt
1928 1403 67 37 där

396 1457 121 37 hållas
545 1458 62 36 för
635 1457 253 38 allmänheten
916 1456 243 50 tillgängliga
1186 1460 20 33 å
1234 1457 56 36 tid
1310 1457 69 36 och
1399 1456 110 50 plats,
1531 1469 80 24 som
1632 1456 83 36 från
1735 1456 260 49 predikstolen

398 1511 224 49 kungöras».

502 1615 174 36 Rörande
719 1615 45 36 de
806 1615 93 48 skäl,
943 1628 80 23 som
1062 1614 281 37 motionärerna
1371 1613 127 37 anfört
1527 1613 56 36 till
1611 1613 85 37 stöd
1725 1613 59 36 för
1813 1613 82 36 sina
1922 1613 73 36 för-

400 1668 83 49 slag
511 1668 181 36 hänvisas
720 1666 57 38 till
805 1668 246 36 motionerna.

945 1918 244 56 Utskottets
1244 1917 215 72 yttrande.

500 2051 75 37 För
616 2050 190 37 vinnande
848 2063 47 24 av
936 2050 149 37 klarare
1127 2049 171 37 översikt
1336 2054 90 32 över
1456 2048 44 37 de
1527 2048 12 37 1
1568 2048 287 50 propositionen
1883 2048 112 36 fram-

398 2103 134 37 ställda
573 2103 157 49 förslag,
772 2103 67 36 har
881 2102 277 50 föredragande
1201 2101 424 51 departementschefen
1665 2101 12 36 i
1719 2101 66 37 sitt
1816 2100 178 50 yttrande

397 2156 58 37 till
496 2155 418 49 statsrådsprotokollet
956 2155 164 37 alltefter
1160 2153 209 38 innehållet
1409 2160 209 43 grupperat
1659 2153 191 37 desamma
1891 2153 11 36 1
1941 2158 55 31 ett

397 2208 122 37 fertal
559 2207 382 49 underavdelningar.
996 2207 197 38 Utskottet
1221 2207 68 36 har
1317 2206 63 37 vid
1409 2206 59 37 sin
1496 2204 234 51 behandling
1758 2219 46 24 av
1823 2204 173 50 proposi-

396 2261 133 36 tionen
569 2261 13 36 i
624 2259 64 38 allt
725 2260 211 49 väsentligt
973 2260 86 49 följt
1096 2259 75 37 den
1211 2272 48 24 av
1287 2258 423 51 departementschefen
1738 2258 173 37 använda
1940 2257 56 37 in-

398 2313 160 49 delning
599 2318 96 31 samt
736 2313 131 36 därvid
908 2312 183 49 företagit
1133 2312 46 36 de
1222 2311 265 37 ovannämnda
1528 2310 236 37 motionerna
1792 2309 58 37 till
1877 2310 117 36 hand-
