1880 2850
108 2268 136 24 Utskottet.

347 166 39 29 22
655 169 393 32 Jordbruksutskottets
1073 170 184 32 utlåtande
1281 172 51 31 Nr
1358 173 28 29 1.

343 242 88 36 48:0)
457 244 145 31 Statens
646 245 354 38 avdikningsanslag.
1049 247 120 32 Under
1208 250 115 35 punkt
1350 250 57 31 104
1436 251 64 30 har
1529 252 132 36 Kungl.
1689 252 109 36 Maj:t

305 295 185 36 föreslagit
515 296 193 37 riksdagen
732 295 32 36 1)
790 298 175 36 medgiva,
991 300 54 30 att
1070 299 134 38 Kungl.
1229 300 111 37 Maj:t
1365 303 58 30 må
1449 303 114 31 under
1585 304 214 36 budgetåret

304 345 170 36 1934/1935
491 347 135 37 bevilja
642 348 220 38 statsbidrag
877 350 82 31 från
976 351 135 31 statens
1127 352 347 38 avdikningsanslag
1491 356 20 28 å
1527 355 151 37 tillhopa
1696 357 103 35 högst

303 398 157 36 2,200,000
480 399 146 35 kronor;
647 398 32 36 2)
703 400 128 32 anvisa
849 402 55 30 för
924 402 213 37 budgetåret
1157 403 173 35 1934/1935
1350 406 111 31 under
1481 407 81 30 titel
1583 409 135 29 statens
1739 419 59 19 av-

305 450 296 38 dikningsanslag
624 453 50 30 ett
698 454 105 29 extra
825 453 280 39 förslagsanslag
1127 465 47 21 av
1197 455 157 37 3,000,000
1377 457 140 31 kronor.

344 502 143 31 Statens
509 503 345 38 avdikningsanslag
877 507 40 28 är
940 507 118 30 avsett
1082 507 54 31 för
1159 507 303 38 understödjande
1485 511 148 31 medelst
1657 512 142 31 statsbi-

302 554 88 36 drag
410 554 90 32 utan
519 555 489 38 återbetalningsskyldighet
1031 568 46 21 av
1098 558 135 32 sådana
1252 560 423 39 torrläggningsföretag,
1699 564 100 30 vilka

304 616 83 20 avse
405 606 155 36 höjande
579 617 45 20 av
643 607 364 38 alstringsförmågan
1026 610 63 30 hos
1106 611 103 30 mark
1229 612 81 30 med
1326 612 141 36 hänsyn
1486 613 57 31 till
1564 614 77 31 dess
1660 616 139 35 utnytt-

303 657 107 36 jande
430 658 118 31 såsom
570 659 85 30 åker
676 659 87 30 eller
784 660 142 37 ständig
948 661 140 31 slåtter-
1108 661 86 32 eller
1217 663 182 31 betesvall.
1442 664 274 33 Bestämmelser
1740 677 59 20 an-

305 708 133 37 gående
461 709 179 32 villkoren
666 711 56 31 för
747 711 205 32 erhållande
979 723 46 20 av
1050 713 220 38 statsbidrag
1299 715 81 31 från
1405 717 136 31 statens
1567 714 231 46 avdiknings-

304 761 124 36 anslag
454 764 63 28 äro
539 762 204 31 meddelade
768 763 13 30 i
806 763 237 37 kungörelsen
1069 765 67 31 den
1159 766 39 30 11
1221 766 82 36 juni
1328 767 78 31 1926
1433 766 55 35 (nr
1514 767 72 37 257)
1613 770 80 31 med
1719 771 79 30 däri

304 821 124 28 genom
450 813 282 37 kungörelserna
755 824 44 21 nr
822 813 150 36 215/1929
997 816 64 30 och
1083 815 151 35 299/1933
1260 818 126 36 gjorda
1407 819 207 38 ändringar.

343 867 196 37 Riksdagen
575 869 120 36 plägar
729 869 133 36 årligen
895 869 70 32 dels
998 870 188 32 bestämma
1219 872 57 31 det
1299 872 130 38 belopp,
1453 874 96 31 intill
1574 875 108 32 vilket
1704 878 98 30 stats-

299 918 121 37 bidrag
452 929 43 21 ur
528 921 156 36 anslaget
706 922 59 30 må
788 931 44 21 av
856 922 130 36 Kungl.
1011 923 101 36 Maj:t
1135 923 54 31 för
1212 924 57 31 det
1291 926 284 32 nästkommande
1599 924 204 45 budgetåret

299 971 155 37 beviljas,
479 972 73 31 dels
576 974 61 30 ock
660 974 123 30 anvisa
808 975 85 30 visst
914 975 261 37 anslagsbelopp
1199 976 54 31 för
1277 977 269 38 finansieringen
1570 990 43 20 av
1636 981 166 31 erforder-

299 1023 71 37 liga
403 1024 260 37 utbetalningar
695 1036 46 21 av
776 1026 131 37 bidrag.
953 1027 56 31 Av
1045 1028 152 36 följande
1220 1029 106 31 tabell
1349 1030 136 37 framgå
1508 1032 53 30 för
1584 1034 48 29 ett
1654 1035 80 29 vart
1756 1044 46 20 av

299 1075 210 37 budgetåren
543 1076 418 43 1930/1931—1933/1934
986 1080 64 31 den
1075 1080 173 32 bestämda
1273 1082 300 36 bidragssumman
1596 1085 61 30 och
1682 1085 40 31 de
1744 1096 59 20 an-

299 1128 116 31 visade
438 1129 322 38 anslagsbeloppen:

1340 1205 35 22 Av
1398 1206 132 29 riksdagen

338 1230 126 73 ndgettr
1387 1241 110 23 bestämd
1651 1225 105 23 Anvisat

1333 1274 198 30 bidragssumma
1652 1261 84 29 anslag

298 1309 185 43 EBTIVA
411 1305 40 51 RS
1199 1318 128 30 kronor
1355 1319 172 36 4,000,000
1617 1321 172 36 3,800,000

298 1362 185 42 1981/1982
526 1389 643 9 ne
1260 1381 12 16 >
1355 1370 172 38 —-8,300,000
1565 1344 24 75 —
1617 1373 172 37 3,800,000

298 1414 184 43 1982/1988
527 1442 120 4 oooooeersrr
660 1443 20 3 rs
689 1443 46 3 raser
746 1444 120 3 srssssraresr
876 1444 33 3 ars
925 1444 27 4 nsr
961 1445 35 3 sena
1006 1445 35 4 sene
1050 1446 65 3 sasse
1123 1447 46 3 na
1260 1434 13 15 »
1356 1423 171 37 3,000,000
1617 1426 172 37 3,000,000

298 1467 185 42 1983/1934
527 1495 121 3 sees
657 1496 513 7 rna
1261 1487 12 16 »
1356 1477 171 36 —2,500,000
1620 1479 129 35 —2,500,0
1763 1480 41 30 00

340 1572 167 37 Anslaget
541 1574 61 31 har
635 1575 54 30 till
721 1575 63 31 och
814 1576 74 30 med
912 1576 201 36 budgetåret
1137 1577 188 42 1930/1931
1351 1580 75 31 haft
1448 1581 164 31 karaktär
1635 1593 44 20 av
1703 1585 97 29 extra

297 1626 362 37 reservationsanslag.
706 1627 79 31 Med
818 1628 133 37 hänsyn
985 1629 56 31 till
1066 1631 275 32 önskvärdheten
1365 1643 43 20 av
1431 1643 43 21 en
1496 1633 159 36 jämnare
1678 1635 122 32 fördel-

296 1677 85 36 ning
403 1678 131 31 mellan
558 1679 208 36 budgetåren
789 1690 44 20 av
856 1681 404 38 medelsanvisningarna
1284 1685 55 30 till
1361 1685 157 36 anslaget
1541 1688 161 30 ävensom
1727 1688 74 30 vik-

296 1731 56 29 ten
386 1740 44 21 av
463 1732 51 30 att
546 1732 154 36 anslaget
733 1733 111 31 städse
877 1735 214 31 motsvarade
1122 1735 39 31 de
1185 1736 97 36 krav,
1307 1747 70 21 som
1400 1739 45 35 på
1468 1738 112 36 grund
1603 1749 45 20 av
1671 1741 128 30 statens

296 1782 192 36 åtaganden
525 1786 169 34 gentemot
727 1785 434 39 torrläggningsföretagen
1193 1789 140 31 ställdes
1363 1791 45 35 på
1436 1791 199 37 detsamma,
1659 1792 64 31 har
1741 1803 59 20 an-

298 1834 90 37 laget
422 1835 80 31 från
538 1836 62 30 och
636 1837 74 31 med
751 1838 198 35 budgetåret
985 1838 185 42 1931/1932
1194 1841 160 36 uppförts
1376 1844 111 29 såsom
1511 1845 98 29 extra
1633 1844 160 36 förslags-

295 1887 129 36 anslag.

340 1940 16 30 I
378 1943 87 28 nära
488 1941 166 31 samband
677 1942 76 31 med
777 1943 366 38 avdikningsanslaget
1166 1947 71 29 står
1262 1947 127 30 statens
1410 1947 389 39 avdikningslånefond,

295 2001 72 21 som
399 1995 39 28 är
469 1993 127 31 avsedd
628 1996 51 29 att
711 1995 140 31 medelst
881 1996 58 30 lån
963 1996 178 36 tillgodose
1164 2007 135 22 samma
1322 1999 87 36 syfte
1432 2009 73 21 som
1529 2000 270 38 avdikningsan-

295 2044 116 36 slaget.
457 2045 112 36 Högst
602 2046 133 31 hälften
769 2057 44 20 av
847 2048 229 32 kostnaderna
1108 2050 52 30 för
1183 2050 346 38 avdikningsföretag
1553 2052 54 31 får
1630 2053 169 32 bestridas

295 2102 121 31 genom
439 2097 216 37 statsbidrag.
701 2099 69 30 Till
794 2100 97 36 hjälp
912 2101 76 31 med
1012 2102 189 31 återstoden
1226 2113 45 21 av
1294 2103 229 32 kostnaderna
1547 2105 68 31 kan
1638 2106 60 30 lån
1714 2107 84 35 utgå

294 2149 78 30 från
395 2149 217 32 lånefonden.

335 2252 119 31 Under
474 2254 146 31 erinran
640 2256 52 29 att
711 2255 134 37 Kungl.
866 2256 108 37 Maj:t
993 2258 112 30 under
1124 2258 155 36 utgifter
1299 2260 53 29 för
1373 2260 285 37 kapitalökning,
1677 2262 115 35 punkt

296 2305 47 35 14,
366 2305 188 37 föreslagit
577 2305 194 38 riksdagen
794 2308 193 31 anvisande
1009 2309 137 36 jämväl
1170 2311 56 29 för
1248 2312 105 29 nästa
1377 2311 174 37 budgetår
1576 2322 45 21 av
1645 2314 50 30 ett
1719 2316 73 28 sär-

296 2356 84 31 skilt
397 2357 127 37 anslag
545 2359 19 29 å
584 2358 155 35 6,000,000
760 2359 130 30 kronor
907 2360 57 30 till
983 2361 302 36 understödjande
1303 2372 45 21 av
1367 2363 425 38 torrläggningsföretag,

295 2406 137 36 ägnade
453 2409 55 30 att
530 2408 185 31 motverka
735 2409 289 38 arbetslösheten,
1046 2411 58 31 får
1122 2412 185 37 utskottet,
1325 2423 75 21 som
1419 2414 79 31 icke
1517 2415 67 31 har
1602 2416 119 37 någon
1740 2426 53 22 er-

295 2460 105 31 inran
423 2465 74 26 mot
522 2460 132 37 Kungl.
679 2461 129 36 Maj:ts
832 2473 47 19 nu
905 2463 234 32 förevarande
1165 2465 280 37 framställning,
1469 2467 199 37 hemställa,
