1878 2848
325 159 42 31 14
656 157 395 33 Jordbruksutskottets
1074 155 188 32 utlåtande
1283 155 52 31 Nr
1359 157 31 29 1:

684 235 41 31 de
748 234 132 31 villkor
904 234 65 31 och
990 234 227 31 föreskrifter
1242 234 12 30 i
1277 233 174 32 avseende
1474 234 46 35 på
1543 233 237 36 analysmeto-

684 287 60 31 der
763 287 65 30 och
845 286 129 37 övriga
991 285 260 37 förhållanden,
1270 294 75 22 som
1364 285 199 31 fastställas
1582 294 46 21 av
1646 283 134 38 Kungl.

683 338 120 37 Maj:t,
823 338 128 31 anvisa
971 337 55 31 för
1042 337 214 37 budgetåret
1274 335 172 36 1934/1935
1464 337 50 30 ett
1533 337 104 30 extra
1655 336 126 36 anslag

685 400 46 21 av
753 389 88 36 6,000
865 389 139 31 kronor.

323 492 92 37 30:0)
449 494 211 34 Revisions-,
683 492 253 32 instruktions-
960 492 64 31 och
1048 490 494 38 organisationsverksamhet
1567 491 97 31 inom
1688 490 94 37 jord-

283 545 385 33 brukskasserörelsen.
707 544 134 37 Kungl.
864 544 130 36 Maj:ts
1015 543 114 32 under
1151 543 115 37 punkt
1289 543 38 31 71
1351 542 127 37 gjorda
1501 541 282 37 framställning,

285 598 153 31 innebär
464 607 43 21 en
534 597 152 37 höjning
714 607 45 21 av
787 596 164 36 anslaget
980 596 55 31 för
1063 594 283 38 ifrågavarande
1372 593 168 31 ändamål
1565 593 81 31 med
1674 593 110 36 10,000

284 650 143 36 kronor,
453 659 75 22 som
550 648 210 32 motiverats
785 648 82 31 med
890 646 475 38 jordbrukskasserörelsens
1390 647 96 29 stora
1512 645 182 36 betydelse
1718 645 66 30 och

284 701 186 38 pågående
492 701 123 31 starka
638 700 218 36 utveckling.

325 752 85 33 Med
434 752 253 37 tillstyrkande
713 762 44 21 av
784 751 174 36 förslaget
983 750 207 31 hemställer
1213 749 184 36 utskottet,

727 821 53 30 att
809 820 194 36 riksdagen
1031 821 59 29 må
1119 818 58 31 till
1206 818 199 36 revisions-,
1435 817 251 32 instruktions-
1716 816 66 32 och

686 870 494 38 organisationsverksamhet
1205 870 96 31 inom
1327 869 457 37 jordbrukskasserörelsen

687 923 125 32 anvisa
833 923 57 31 för
910 923 213 35 budgetåret
1144 921 170 33 1934/1935
1333 922 51 31 ett
1407 923 101 29 extra
1529 920 255 31 reservations-

688 975 124 36 anslag
838 985 47 20 av
907 974 106 36 50,000
1036 974 140 31 kronor.

324 1079 92 37 31:0)
450 1080 384 36 Förvaltningsbidrag
882 1079 38 30 åt
965 1076 601 39 jordbrukskasseorganisationen.
1622 1075 161 32 Förvalt-

285 1132 237 39 ningsbidrag
538 1133 37 30 åt
592 1129 593 39 jordbrukskasseorganisationen
1203 1130 106 36 utgår
1327 1129 13 31 i
1359 1127 223 33 förhållande
1600 1127 59 32 till
1676 1127 108 32 Sven-

286 1185 65 31 ska
379 1183 463 39 jordbrukskreditkassans
871 1181 271 37 sammanlagda
1170 1181 167 36 utlåning
1370 1178 56 36 (nr
1455 1177 157 37 17/1931).
1648 1179 136 38 Kungl.

284 1237 133 36 Maj:ts
440 1235 112 32 under
576 1235 116 37 punkt
718 1236 37 31 72
783 1234 128 37 gjorda
935 1232 276 38 framställning,
1242 1232 200 32 innefattar
1469 1241 44 22 en
1537 1231 82 32 med
1643 1231 142 35 hänsyn

285 1289 59 31 till
362 1287 474 39 jordbrukskasserörelsens
855 1286 210 36 utveckling
1084 1285 82 31 med
1186 1284 127 36 150,000
1335 1285 131 29 kronor
1488 1283 200 37 föreslagen
1710 1283 75 35 höj-

285 1341 90 37 ning
396 1351 46 21 av
462 1340 161 36 anslaget
645 1339 55 31 för
718 1337 282 37 ifrågavarande
1020 1336 177 31 ändamål.

325 1392 86 32 Med
431 1390 254 37 tillstyrkande
706 1400 46 21 av
771 1389 136 37 Kungl.
928 1388 128 37 Maj:ts
1078 1387 137 37 förslag
1236 1387 207 31 hemställer
1465 1387 184 36 utskottet,

728 1460 52 30 att
811 1458 195 37 riksdagen
1037 1458 59 30 må
1126 1456 58 31 till
1218 1455 372 38 förvaltningsbidrag
1623 1456 38 31 åt
1691 1455 94 37 jord-

687 1508 511 38 brukskasseorganisationen
1223 1507 128 32 anvisa
1377 1508 55 31 för
1456 1507 213 37 budgetåret
1694 1505 92 37 1934/

688 1562 79 31 1935
787 1563 51 30 ett
861 1563 103 29 extra
984 1560 282 37 förslagsanslag
1287 1570 47 21 av
1355 1559 127 37 350,000
1504 1560 141 30 kronor.

326 1658 92 36 32:0)
443 1659 105 32 Vissa
574 1658 170 36 åtgärder
771 1657 58 31 till
862 1655 289 31 beteskulturens
1194 1653 215 37 främjande.
1454 1653 18 31 I
1514 1653 159 37 enlighet
1705 1652 82 32 med

286 1710 136 38 Kungl.
446 1710 127 37 Maj:ts
597 1709 113 31 under
733 1708 116 37 punkt
873 1708 39 31 74
937 1706 126 38 gjorda
1087 1705 271 38 framställning
1383 1705 205 32 hemställer
1601 1704 186 37 utskottet,

727 1779 54 30 att
806 1777 194 36 riksdagen
1023 1776 60 31 må
1106 1775 130 32 liksom
1260 1775 55 31 för
1340 1774 244 32 innevarande
1609 1773 180 38 budgetår

689 1831 54 30 för
784 1828 290 32 beteskulturens
1115 1827 205 37 främjande
1352 1826 149 31 medelst
1523 1826 264 37 uppehållande

690 1883 52 29 att
761 1882 62 30 två
840 1879 353 38 kutiveringsförsök
1210 1880 21 29 å
1263 1878 204 32 betesmark
1486 1879 13 30 i
1520 1877 182 32 Norrland
1722 1878 67 30 och

689 1934 61 30 två
768 1931 290 37 kontrollgårdar
1079 1931 12 30 i
1111 1930 182 32 mellersta
1312 1930 148 37 Sverige
1478 1930 127 31 anvisa
1625 1930 57 31 för
1700 1929 87 31 bud-

692 1985 135 37 getåret
853 1983 171 35 1934/1935
1048 1984 51 30 ett
1125 1984 103 29 extra
1252 1982 126 36 anslag
1404 1992 45 21 av
1473 1982 107 35 15,000
1604 1981 140 31 kronor.

327 2081 93 37 33:0)
443 2081 273 36 Fraktlindring
734 2080 56 31 för
810 2079 97 31 kalk.
934 2078 133 36 Kungl.
1087 2077 130 36 Maj:ts
1236 2077 112 31 under
1366 2077 115 36 punkt
1500 2077 37 31 79
1558 2077 230 31 framställda

290 2135 137 37 förslag
448 2133 159 36 innebär,
627 2133 13 30 i
660 2131 208 37 jämförelse
887 2130 81 31 med
988 2130 57 31 det
1065 2129 56 31 för
1143 2128 243 32 innevarande
1408 2128 174 38 budgetår
1602 2128 57 32 för
1680 2128 107 34 ända-

288 2187 112 31 målet
419 2184 178 38 beviljade
619 2183 321 37 anslagsbeloppet,
960 2191 44 23 en
1025 2181 180 36 sänkning
1228 2191 45 20 av
1295 2180 163 37 anslaget
1480 2180 79 33 med
1580 2180 108 36 35,000
1708 2180 78 31 kro-

289 2248 67 22 nor
379 2238 82 32 med
483 2237 141 36 hänsyn
646 2234 57 32 till
725 2234 315 36 medelsåtgången
1065 2232 115 32 under
1204 2232 212 35 budgetåret
1442 2231 178 35 1932/1983.

328 2289 85 32 Med
433 2287 253 38 tillstyrkande
707 2297 45 20 av
773 2285 174 37 förslaget
967 2284 207 31 hemställer
1192 2283 185 37 utskottet,

730 2357 53 29 att
806 2355 194 36 riksdagen
1022 2355 59 30 må
1105 2353 59 31 till
1186 2352 261 37 fraktlindring
1471 2353 55 31 för
1550 2353 87 31 kalk
1660 2353 128 31 anvisa

692 2408 54 36 för
776 2407 213 36 budgetåret
1019 2403 172 37 1934/1935
1218 2405 51 30 ett
1299 2405 104 30 extra
1431 2404 281 38 förslagsanslag
1740 2415 47 21 av

689 2458 127 37 440,000
835 2459 141 31 kronor.
