2222 2614
440 170 40 32 10
876 169 348 35 Jordbruksutskottets
1245 173 170 32 utlåtande
1438 173 53 32 Nr
1514 176 53 29 47.

571 252 272 36 Motionärerna
885 254 93 35 'hava
1019 253 129 37 'därvid
1190 254 230 37 beträffande
1463 255 369 49 huvudprinciperna
1874 255 58 36 för
1974 258 65 34 sitt

436 304 218 50 ifrågasatta
682 305 138 49 förslag
849 307 30 47 ej
912 306 130 36 funnit
1070 308 202 48 anledning
1300 312 54 32 att
1382 315 90 42 göra
1500 309 115 36 andra
1644 309 200 48 ändringar
1863 308 82 37 från
1966 309 72 36 den

440 361 100 34 1922
572 362 57 33 års
651 360 156 48 riksdag
834 359 208 50 framlagda
1070 363 287 47 propositionen,
1388 365 48 33 än
1465 362 58 44 de,
1550 374 78 24 som
1648 363 62 35 vid
1730 373 140 26 samma
1889 363 151 48 riksdag

437 414 299 35 reservationsvis
766 413 220 37 framfördes
1015 427 44 23 av
1086 415 86 35 herr
1198 428 72 23 von
1294 414 178 37 Sneidern
1494 427 48 24 m.
1563 416 51 44 fl.,
1646 416 91 36 dock
1775 422 54 30 att
1875 418 12 33 i
1935 416 104 49 fråga

435 479 61 23 om
526 466 260 49 'statsbidraget
812 468 58 34 till
899 467 267 49 vägunderhåll
1190 469 68 35 och
1279 469 363 49 vinterväghållning
1661 470 205 35 detsamma
1885 468 153 37 föreslås

437 525 53 30 att
519 520 185 36 nedsättas
733 521 58 35 till
819 520 63 36 det
910 534 44 23 av
984 521 136 49 Kungl.
1150 521 107 49 Maj:t
1287 524 54 34 uti
1364 524 285 47 propositionen
1678 522 82 37 från
1790 523 131 47 början
1943 536 96 35 upp-

437 579 112 42 tagna
579 573 175 49 förslaget
783 587 42 23 av
854 576 128 34 trettio
1012 581 162 42 procent.

572 627 71 36 Det
679 628 71 35 kan
789 628 207 36 emellertid
1025 630 117 46 enligt
1171 630 78 34 min
1280 631 153 46 mening
1461 630 117 35 starkt
1604 629 232 47 ifrågasättas
1865 630 175 48 lämplig-

437 681 112 35 heten
579 693 44 23 av
652 686 53 30 att
733 686 90 31 utan
852 681 126 36 vidare
1011 682 182 48 ingående
1223 681 158 50 förnyad
1411 683 203 46 utredning
1643 684 90 34 eller
1762 683 277 49 undersökning

437 733 217 49 genomföra
692 740 53 30 'ett
782 733 202 50 lagförslag
1022 735 83 36 med
1134 735 71 35 den
1234 737 210 47 synnerligt
1472 741 99 30 stora
1599 737 237 34 ekonomiska
1864 737 175 35 räckvidd

437 788 63 35 det
520 800 52 23 nu
592 787 278 49 ifrågavarande
898 788 168 44 innebär,
1096 789 147 35 'särskilt
1271 791 13 33 i
1312 788 107 45 tider,
1451 801 78 24 som
1560 802 52 22 nu
1641 789 99 45 råda,
1775 790 178 46 varjämte
1973 791 67 34 ock

437 841 67 35 bör
546 847 102 42 tagas
689 842 13 34 i
739 842 242 35 betraktande
1019 841 45 36 de
1105 843 270 35 kotisekvenser
1416 847 54 31 ett
1505 842 224 36 forcerande
1766 855 44 24 av
1838 842 201 50 vägfrågan

436 896 73 34 kan
538 894 178 36 innebära
744 894 58 36 för
830 895 71 35 den
932 897 186 34 allmänna
1146 894 255 37 samfärdseln.

572 948 85 35 Med
699 947 252 37 oförminskad
994 950 125 48 styrka
1160 949 106 35 torde
1295 951 188 46 nämligen
1513 951 117 47 enligt
1660 952 77 33 min
1767 952 152 47 mening
1949 950 91 36 fort-

438 1000 154 37 farande
635 1003 97 46 gälla
774 1002 44 35 de
854 1003 91 44 skäl,
977 1015 77 23 som
1086 1002 221 48 föregående
1336 1006 39 32 år
1405 1003 220 36 framfördes
1655 1009 77 30 mot
1760 1003 281 48 ifrågavarande

439 1054 150 49 förslag.
634 1055 73 48 Jag
735 1057 138 34 tillåter
904 1057 78 46 mig
1009 1057 13 33 i
1051 1055 100 36 detta
1171 1056 179 35 avseende
1370 1057 148 35 särskilt
1538 1057 151 36 hänvisa
1708 1058 57 34 till
1787 1057 70 35 den
1877 1070 164 24 reserva-

437 1110 92 42 tion,
559 1122 79 22 som
667 1109 62 36 vid
758 1108 215 36 förberörda
1002 1109 148 47 riksdag
1179 1122 133 35 avgavs
1336 1123 43 22 av
1399 1110 85 35 herr
1503 1110 122 36 Borell
1647 1123 47 23 m.
1710 1112 37 34 fl.
1771 1111 83 35 med
1875 1110 165 50 yrkande

438 1175 59 22 om
543 1161 157 49 förnyad
739 1162 203 48 utredning
981 1175 44 22 av
1052 1161 214 49 vägfrågan,
1296 1163 68 35 och
1393 1176 82 23 vars
1506 1165 222 47 motivering
1756 1165 92 47 ägde
1879 1165 161 47 följande

437 1215 157 49 lydelse:

575 1304 106 24 >Sedan
701 1303 66 32 lång
785 1304 42 24 tid
847 1304 122 24 tillbaka
988 1304 72 24 hava
1079 1304 77 24 såväl
1169 1312 100 23 genom
1284 1305 74 24 inom
1373 1305 149 31 riksdagen
1539 1306 99 24 väckta
1651 1306 139 24 motioner
1803 1313 59 17 som
1877 1307 165 24 annorledes

439 1340 68 23 krav
528 1340 165 24 framställts
713 1339 35 31 på
763 1340 151 30 ändringar
928 1347 33 16 av
976 1348 40 16 nu
1029 1340 129 30 gällande
1172 1341 101 30 väglag
1286 1341 9 23 i
1310 1342 73 30 syfte
1397 1343 44 22 att
1454 1341 191 24 åstadkomma
1659 1342 59 23 dels
1732 1349 33 17 en
1779 1342 76 30 jämn
1871 1343 50 23 och
1941 1343 101 23 rättvis

439 1375 160 30 fördelning
617 1382 34 17 av
672 1376 169 30 vägbördan,
861 1376 96 23 vilken
977 1383 39 16 nu
1036 1377 122 29 oskäligt
1176 1376 65 24 hårt
1259 1378 111 29 trycker
1387 1377 210 30 landsbygdens
1616 1378 173 30 befolkning,
1803 1378 115 24 särskilt
1931 1379 111 24 landets

438 1411 192 30 jordbrukare,
651 1411 60 24 dels
731 1412 49 23 ock
800 1418 34 17 en
855 1412 155 23 förbättrad
1030 1411 192 31 väghållning.
1263 1413 84 24 Dessa
1366 1413 67 24 krav
1455 1413 74 24 hava
1548 1413 8 23 i
1576 1420 106 17 samma
1701 1413 63 24 mån
1784 1421 58 16 som
1858 1415 184 24 samfärdseln

439 1448 15 22 å
475 1449 122 27 vägarna
617 1447 87 29 ökats,
725 1447 9 23 i
754 1447 153 30 synnerhet
925 1447 47 24 till
993 1447 71 29 följd
1083 1455 33 16 av
1135 1448 53 23 den
1209 1448 124 29 alltjämt
1346 1448 168 31 tilltagande
1528 1449 285 29 automobiltrafiken,
1828 1450 82 23 vuxit
1924 1450 8 23 i
1947 1451 96 29 styrka

439 1483 50 23 och
511 1482 174 30 befogenhet.
719 1484 40 22 De
778 1483 253 29 huvudsakligaste
1051 1483 224 31 anledningarna
1293 1484 45 23 till
1359 1484 53 23 den
1429 1491 38 16 nu
1482 1484 122 24 rådande
1618 1484 178 29 ojämnheten
1811 1485 9 23 i
1834 1485 208 31 väghållnings-

441 1518 129 23 besväret
595 1518 115 23 hänföra
739 1518 43 30 sig
803 1518 46 24 till
869 1519 131 29 gällande
1019 1519 212 23 bestämmelser
1250 1526 44 16 om
1314 1520 170 29 vägdelning
1504 1519 49 24 och
1573 1520 243 30 uppskattningen
1835 1527 34 16 av
1889 1521 154 24 kostnaden

440 1555 42 22 för
502 1554 49 23 det
570 1553 29 23 in
619 1556 100 20 natura
738 1554 112 23 utförda
870 1552 240 32 vägunderhållet.
1142 1553 40 24 Då
1202 1554 8 23 i
1232 1555 73 29 regel
1325 1554 65 31 lång
1403 1555 41 23 tid
1459 1555 125 30 förflyter
1598 1556 103 23 mellan
1715 1556 237 30 vägdelningarna
1966 1557 77 24 inom

439 1591 42 21 ett
501 1589 51 23 och
572 1596 106 16 samma
696 1589 325 30 väghållningsdistrikt,
1042 1590 95 23 kunna
1150 1590 140 23 desamma
1305 1590 59 23 icke
1377 1591 169 30 tillräckligt
1559 1591 117 30 smidigt
1689 1599 133 23 anpassas
1836 1593 71 23 efter
1919 1593 124 23 ändrade

439 1625 251 30 taxeringsvärden
711 1625 50 24 och
782 1625 139 23 växlande
940 1625 240 24 trafikintensitet.
1213 1626 107 23 Genom
1340 1627 284 31 uppskattningarna,
1644 1634 58 17 som
1715 1627 106 30 jämväl
1840 1629 51 29 äga
1904 1636 62 16 rum
1980 1629 64 24 med

439 1660 85 30 långa
553 1660 187 30 mellantider,
769 1660 79 24 ernås
870 1661 70 29 icke,
960 1661 117 24 särskilt
1095 1661 48 23 vid
1164 1661 33 24 de
1216 1661 111 31 hastiga
1346 1662 149 31 växlingar
1513 1662 10 24 i
1543 1663 103 23 arbets-
1666 1664 50 23 och
1735 1663 229 31 materialpriser,
1984 1671 59 17 som

439 1697 89 23 under
558 1696 33 24 de
620 1703 97 17 senare
745 1696 64 24 åren
838 1698 47 28 ägt
913 1704 70 21 rum,
1012 1696 154 31 tillräcklig
1189 1698 279 24 överensstämmelse
1487 1698 104 24 mellan
1611 1698 53 25 den
1684 1699 128 24 verklika
1831 1699 51 24 och
1902 1700 54 23 den
1976 1707 67 23 upp-

439 1732 130 24 skattade
598 1732 163 28 kostnaden,
782 1740 15 16 o
814 1732 17 23 h
851 1732 196 24 erfarenheten
1067 1732 82 29 visar,
1170 1734 43 22 att
1232 1734 9 22 i
1261 1734 152 29 synnerhet
1432 1733 90 31 ifråga
1541 1741 45 17 om
1606 1734 33 24 de
1659 1735 127 30 livligast
1805 1735 166 24 trafikerade
1992 1736 50 23 och

439 1767 48 24 det
506 1769 102 22 största
627 1767 272 25 underhållsarbetet
918 1768 141 24 krävande
1077 1769 121 30 vägarna
1217 1769 53 23 den
1290 1770 188 29 uppskattade
1499 1770 165 29 kostnaden,
1678 1772 71 23 efter
1762 1770 95 24 vilken
1871 1771 173 30 statsbidrag

439 1810 119 17 numera
585 1803 89 30 utgår,
694 1803 10 24 i
723 1805 74 29 regel
817 1804 155 30 väsentligt
992 1804 175 31 understiger
1186 1805 54 23 den
1260 1805 133 30 verkliga.
1431 1805 12 23 I
1464 1804 105 25 sådana
1588 1806 50 23 fall
1657 1806 55 24 blir
1731 1807 313 29 naturaväghållnings-

440 1838 199 31 skyldigheten
660 1840 42 23 för
721 1840 33 23 de
774 1839 95 24 därtill
889 1839 202 30 förpliktigade
1110 1847 34 16 en
1163 1841 181 29 synnerligen
1363 1842 71 28 tung
1447 1840 95 29 börda,
1557 1848 59 16 som
1629 1842 163 30 ytterligare
1806 1843 122 29 skärpes,
1942 1843 101 27 därest,

441 1874 92 24 såsom
561 1874 25 30 ej
616 1874 90 24 sällan
733 1876 31 22 är
791 1874 197 31 förhållandet,
1008 1875 148 24 avståndet
1176 1876 103 23 mellan
1299 1876 196 30 väghållarnes
1514 1876 123 24 hemvist
1657 1878 50 23 och
1728 1878 157 29 respektive
1904 1878 140 30 väglotter

440 1912 30 22 är
490 1911 81 23 stort.
600 1910 184 24 Underhållet
802 1910 16 24 å
837 1912 84 29 vägar
941 1918 35 16 av
996 1918 39 16 nu
1054 1911 123 30 angivna
1195 1912 61 29 slag
1275 1912 99 24 kräver
1387 1913 60 23 ofta
1460 1912 30 24 så
1504 1913 112 29 mycket
1629 1914 94 23 arbete
1736 1913 50 24 och
1800 1912 30 25 så
1843 1916 58 21 stor
1914 1914 129 28 kostnad,

440 1948 43 22 att
512 1946 47 23 det
587 1947 43 22 för
658 1946 53 24 den
739 1946 129 24 enskilde
889 1946 180 30 väghållaren
1089 1947 60 24 icke
1169 1954 49 16 ens
1238 1949 30 22 är
1287 1947 111 31 möjligt
1417 1950 43 21 att
1478 1947 36 31 på
1534 1950 41 22 ett
1593 1948 263 25 tillfredsställande
1876 1950 56 23 sätt
1951 1951 94 22 utföra

440 1982 164 23 detsamma.
642 1982 51 23 Att
720 1981 50 24 vid
798 1981 100 25 sådant
926 1982 176 24 förhållande
1130 1983 122 30 vägarna
1279 1983 10 23 i
1318 1983 74 24 vissa
1412 1984 51 23 fall
1483 1984 62 23 icke
1564 1983 89 25 hållas
1673 1984 10 23 i
1702 1985 48 23 det
1768 1985 88 28 skick,
1875 1992 59 16 som
1954 1992 35 16 av
2009 1992 33 16 en

441 2018 128 23 växande
588 2017 97 25 trafiks
704 2017 91 24 behov
815 2017 135 31 påkallas,
971 2019 30 22 är
1020 2018 60 24 helt
1098 2018 146 30 naturligt.
1274 2019 104 23 Härtill
1398 2019 130 30 bidrager
1541 2020 59 28 ock,
1613 2021 43 23 att
1669 2020 34 24 de
1717 2021 138 23 särskilda
1869 2021 176 30 väglotterna

440 2054 60 23 ofta
528 2054 47 23 äro
604 2052 30 24 så
662 2054 80 23 korta
769 2053 50 24 och
848 2053 180 24 underhållet
1051 2053 82 24 alltså
1152 2054 137 30 uppdelat
1307 2054 36 31 på
1362 2053 30 25 så
1411 2054 100 31 många
1529 2055 168 31 väghållare,
1716 2058 43 22 att
1777 2056 127 29 jämnhet
1922 2056 52 24 och
1993 2056 51 23 lik-

440 2088 153 30 formighet
618 2088 60 24 däri
706 2088 62 25 icke
797 2090 54 23 kan
880 2089 89 29 ernås,
997 2090 132 23 ävensom
1157 2091 42 22 att
1228 2097 34 17 en
1281 2090 45 24 del
1345 2089 315 32 väghållningsdistrikt
1678 2093 48 22 äro
1746 2092 41 23 för
1806 2091 59 25 små
1885 2092 51 24 och
1957 2092 88 23 sakna

440 2124 164 30 erforderlig
633 2125 165 23 ekonomisk
824 2125 135 24 bärkraft.
997 2121 79 28 Även
1095 2125 105 24 mellan
1220 2126 34 24 de
1273 2125 139 25 särskilda
1431 2125 352 32 väghållningsdistrikten
1803 2127 79 24 råder
1902 2128 144 29 ojämnhet

440 2160 9 23 i
482 2159 78 30 fråga
590 2166 45 17 om
666 2159 338 32 väghållningsbesväret,
1032 2161 50 23 och
1111 2160 44 24 må
1174 2161 10 23 i
1204 2161 54 24 sist
1275 2161 123 31 angivna
1416 2162 160 25 hänseende
1595 2163 115 24 särskilt
1737 2163 171 29 framhållas,
1928 2165 43 22 att
1990 2164 54 23 den

440 2195 114 29 ojämna
571 2195 244 31 uppskattningen
835 2203 33 17 av
889 2196 156 24 kostnaden
1064 2198 43 22 för
1124 2197 247 31 naturaväghållet
1398 2198 99 23 verkar
1524 2197 104 31 jämväl
1657 2198 114 30 därhän,
1799 2200 42 23 att
1867 2199 49 23 det
1938 2198 106 30 bidrag,

441 2239 59 16 som
529 2231 90 30 enligt
637 2232 33 23 60
691 2228 17 33 8
727 2231 10 24 i
756 2232 136 30 väglagen
911 2232 74 24 skall
1003 2231 69 31 utgå
1093 2231 60 25 från
1173 2233 72 28 dem,
1265 2240 60 17 som
1344 2233 61 25 icke
1426 2235 100 29 utgöra
1542 2234 204 30 vägunderhåll
1765 2234 29 24 in
1813 2236 107 27 natura,
1934 2236 111 28 uttages

441 2266 181 31 synnerligen
642 2267 108 30 ojämnt
768 2267 76 24 inom
864 2267 77 24 olika
960 2267 323 31 väghållningsdistrikt.
