2218 2642
457 225 103 29 Andra
580 224 191 29 Kammarens
796 222 161 36 Tillfälliga
982 221 122 29 Utskotts
1123 221 68 33 (N:o
1211 222 34 32 2)
1270 218 150 31 Utlätande
1439 219 54 29 N:o
1513 219 44 28 19.
1762 221 23 25 11

228 301 46 36 de
316 302 46 34 36
404 299 131 49 årliga,
574 311 141 36 genom
756 297 64 48 lag
849 295 197 38 bestämda
1074 295 170 47 fridagar
1272 293 108 37 skola
1408 293 114 36 minst
1552 294 43 35 17
1625 305 90 23 vara
1744 297 86 32 sön-

227 351 130 49 dagar.
412 350 78 36 När
516 347 442 50 lokomotivpersonalen
986 349 48 46 på
1063 345 340 38 Gotthardsbanan
1431 344 11 36 i
1470 357 46 23 en
1544 343 163 49 petition
1731 343 98 36 hade

228 401 198 45 förklarat,
465 406 55 31 att
547 400 46 37 de
622 399 85 37 icke
736 397 169 50 begärde
933 398 112 36 dessa
1071 399 42 34 17
1145 395 202 49 söndagar,
1376 395 189 47 föreslogs
1595 394 77 46 det,
1702 399 53 31 att
1783 393 46 37 de

228 452 122 37 skulle
390 451 239 48 undantagas
658 450 82 37 från
768 450 74 36 den
871 448 188 37 allmänna
1088 446 312 47 bestämmelsen,
1429 459 86 23 men
1539 445 106 36 detta
1672 444 158 37 bekäm-

227 503 120 50 pades
389 503 155 49 mycket
584 501 198 48 energiskt
820 499 87 37 med
936 499 73 36 den
1037 498 294 47 motiveringen,
1361 502 55 31 att
1442 498 169 48 söndags-
1640 497 58 35 och
1725 497 103 36 hvar-

228 555 186 48 dagshvila
453 554 205 49 ingalunda
699 553 65 35 har
802 564 140 24 samma
981 550 166 48 betydelse
1166 549 67 49 för
1248 548 269 50 familjelifvet,
1542 546 73 37 och
1644 546 187 47 förslaget

228 604 242 38 förkastades
498 603 120 50 derpå
645 603 41 36 af
710 600 288 39 nationalrådet.

362 656 17 36 I
419 655 161 48 Belgien
609 654 68 36 har
700 653 121 36 under
849 655 40 33 år
919 653 95 35 1890
1041 653 50 47 på
1118 649 253 49 regeringens
1399 648 164 37 initiativ
1592 647 75 37 den
1695 646 135 39 anord-

228 707 95 48 ning
350 706 159 37 kommit
535 705 58 37 till
622 704 123 46 stånd,
773 709 55 31 att
855 701 261 51 godstrafiken
1143 700 173 37 inställes
1344 702 50 47 på
1422 699 193 48 söndagar
1635 698 72 37 och
1727 703 104 31 stora

229 757 224 49 helgdagar.

364 807 53 37 Åf
452 807 64 37 det
544 806 114 37 ofvan
687 805 120 48 sagda
834 804 179 47 framgår,
1042 807 55 32 att
1124 800 184 38 behofvet
1332 800 42 37 af
1397 799 275 49 söndagshvila
1698 799 58 37 för
1784 798 47 37 de

229 865 103 32 stora
361 871 169 36 corpser,
559 857 157 36 hvarom
741 856 68 36 här
837 860 41 31 är
905 854 121 49 fråga,
1043 853 33 49 ej
1095 852 42 37 af
1150 857 126 32 staten
1290 851 127 37 blifvit
1435 850 199 47 förbisedt,
1655 856 90 31 utan
1765 849 66 37 be-

230 910 144 41 aktadt,
402 909 70 37 och
501 914 55 31 att
584 907 177 49 åtgärder
788 905 196 48 vidtagits,
1009 917 80 23 som
1119 908 65 32 äro
1211 902 119 37 värda
1358 902 66 37 allt
1440 901 256 37 erkännande.
1742 900 88 37 Men

229 960 225 38 äfvenledes
493 958 109 38 torde
644 957 226 48 medgifvas,
907 961 55 32 att
992 960 100 32 ännu
1121 954 155 48 mycket
1304 956 158 33 återstår
1489 958 55 31 att
1570 957 95 43 göra
1692 951 59 37 för
1778 956 55 31 att

229 1012 237 47 tillmötesgå
494 1010 46 37 de
569 1008 242 49 berättigade
841 1006 158 37 krafven
1031 1005 84 37 från
1143 1004 47 37 de
1218 1007 140 45 många
1386 1003 165 37 tusental
1580 1003 38 37 af
1644 1003 12 36 i
1685 1008 145 31 statens

229 1063 118 49 tjenst
376 1061 174 38 anstälda
577 1065 90 32 män
694 1059 71 37 och
794 1058 173 49 qvinnor,
994 1056 131 37 hvilka
1153 1055 56 37 till
1236 1068 106 36 gagn
1372 1055 58 36 för
1457 1054 74 37 den
1551 1059 104 31 stora
1675 1053 156 37 allmän-

230 1114 114 36 heten
382 1113 131 37 arbeta
549 1111 62 50 sig
650 1115 127 41 trötta,
809 1112 49 47 på
882 1108 64 37 det
973 1107 139 37 snabbt
1140 1107 73 36 och
1241 1107 129 35 säkert
1394 1108 60 34 må
1476 1105 129 36 kunna
1633 1103 199 38 befordras

230 1177 198 36 personer,
471 1176 124 33 varor,
630 1160 191 49 skriftliga
850 1160 72 37 och
946 1158 186 47 muntliga
1161 1156 291 38 meddelanden.
1505 1156 76 36 För
1607 1155 225 50 ytterligare

230 1216 182 47 fortgång
451 1217 49 46 på
537 1213 74 36 den
647 1212 177 48 inslagna
864 1215 125 42 vägen
1029 1208 154 37 kräfves
1218 1208 99 36 dock
1347 1208 33 48 ej
1413 1207 160 37 allenast
1600 1205 230 50 ingripande

231 1266 81 36 från
354 1270 144 32 statens
527 1263 95 46 sida,
650 1269 91 30 utan
770 1262 111 36 äfven
911 1258 250 50 behjertande
1190 1258 71 37 och
1289 1257 336 49 tillmötesgående
1653 1256 84 37 från
1766 1256 68 37 all-

231 1316 227 37 mänhetens
492 1314 94 47 sida,
615 1314 114 36 hvars
755 1313 191 36 intressen
974 1309 136 38 härvid
1137 1311 49 47 på
1214 1309 64 37 det
1305 1313 192 32 närmaste
1526 1308 168 36 beröras.
1749 1306 82 37 Och

231 1367 66 37 det
336 1369 119 46 vågar
493 1378 87 24 man
621 1365 159 48 hoppas,
823 1367 55 32 att
907 1361 163 37 flertalet
1096 1360 117 37 bland
1242 1364 83 33 vårt
1352 1359 79 37 folk
1459 1359 32 48 ej
1517 1358 90 37 med
1635 1357 195 48 missnöje,

231 1424 91 30 utan
350 1416 87 38 med
464 1414 335 39 tillfredsställelse
829 1412 122 38 skulle
980 1411 107 37 helsa
1115 1410 140 37 sådana
1282 1409 269 49 anordningar,
1580 1409 250 49 hvarigenom

232 1467 277 49 söndagshvila
535 1465 190 38 bereddes
753 1468 37 34 åt
817 1463 256 49 statstjenare,
1102 1461 130 37 hvilka
1258 1475 50 22 nu
1338 1461 80 36 helt
1445 1460 91 37 eller
1564 1459 122 37 delvis
1714 1459 118 37 sakna

231 1520 127 37 denna
397 1518 162 49 dyrbara
600 1516 158 37 förmån.
804 1513 246 50 Exempelvis
1085 1512 108 37 torde
1235 1512 37 36 få
1312 1517 170 40 nämnas,
1515 1516 65 42 att,
1613 1515 68 32 när
1708 1510 123 36 under

231 1569 377 51 generaldirektören
628 1567 110 37 Roosg'
762 1566 54 37 tid
836 1566 41 36 af
890 1569 119 45 några
1029 1563 174 38 enskilda
1222 1575 185 37 personer
1420 1562 155 49 gjordes
1591 1560 241 46 hemställan,

231 1626 55 32 att
317 1620 269 38 brefbärarnes
613 1618 13 36 i
655 1617 199 49 Göteborg
881 1622 103 30 turer
1012 1628 60 23 om
1102 1614 239 47 söndagarne
1370 1613 122 37 skulle
1520 1612 227 37 inskränkas
1775 1611 56 37 till

231 1686 40 23 en
300 1673 103 45 enda,
431 1669 165 38 nämnde
625 1668 91 37 chef
741 1667 229 48 visserligen
997 1665 191 47 välvilligt
1216 1664 181 49 lyssnade
1425 1664 56 36 till
1499 1662 332 48 framställningen

232 1722 73 37 och
334 1722 114 36 äfven
476 1720 133 47 vidtog
638 1718 132 49 åtgärd
798 1718 12 36 i
838 1717 74 37 den
939 1715 170 38 önskade
1133 1715 236 48 rigtningen,
1399 1727 85 23 men
1513 1713 123 37 tillika
1662 1712 169 37 uttalade

232 1773 193 47 farhågor,
462 1776 54 31 att
543 1769 201 38 allehanda
770 1767 194 49 klagomål
991 1766 124 37 skulle
1144 1765 209 48 förspörjas
1377 1764 81 37 från
1485 1764 208 37 invånarne
1720 1763 12 36 i
1757 1762 74 37 den

232 1829 103 31 stora
374 1820 311 39 handelsstaden.
738 1819 90 37 Men
868 1820 105 47 ingen
1012 1817 143 48 klagan
1195 1775 190 94 afhördes.
1440 1814 81 38 Och
1561 1814 74 37 den
1668 1813 165 38 nämnda

234 1873 215 48 ordningen
473 1872 68 37 har
568 1885 50 23 nu
646 1870 122 37 under
792 1873 140 45 många
959 1872 39 34 år
1025 1867 99 37 varit
1150 1866 190 48 gällande.

366 1924 53 36 På
446 1927 315 43 statsmagternas
787 1921 162 36 intresse
977 1919 57 37 för
1062 1918 74 37 den
1155 1916 289 49 ifrågavarande
1464 1916 118 36 saken
1601 1916 113 36 beror
1733 1914 99 37 dock

232 1975 11 37 i
279 1974 194 48 väsentlig
501 1976 99 43 mån,
628 1972 188 37 huruvida
845 1968 344 50 söndagsledighet
1216 1971 60 33 må
1303 1968 128 36 kunna
1457 1967 12 36 i
1497 1969 128 45 någon
1653 1968 86 34 mån
1766 1965 66 36 be-

233 2025 112 37 redag
384 2025 98 47 dem,
522 2037 80 23 som
645 2036 49 23 nu
728 2023 34 48 ej
792 2022 115 36 hafva
933 2024 125 44 någon
1089 2018 129 47 sådan,
1247 2018 71 36 och
1347 2018 11 36 i
1387 2018 119 48 högre
1530 2016 97 48 grad
1651 2017 180 35 förunnas

234 2077 100 45 dem,
359 2089 82 23 som
470 2074 103 36 vissa
602 2074 118 47 dagar
748 2072 40 37 af
812 2075 80 33 året
919 2076 64 31 äro
1003 2069 283 37 tillförsäkrade
1306 2067 270 38 sabbatshvila.
1631 2067 66 35 Att
1714 2066 118 36 verka

233 2127 58 35 för
329 2131 56 31 ett
425 2125 135 37 sådant
600 2123 74 36 mål
716 2136 114 35 synes
872 2134 90 23 vara
994 2133 46 23 en
1069 2125 80 30 stor
1176 2118 167 49 uppgift,
1372 2118 59 36 för
1458 2118 113 35 hvars
1598 2116 156 48 lösning
1784 2129 47 23 en

234 2178 130 35 kristen
405 2181 76 30 stat
520 2174 33 48 ej
596 2174 70 36 bör
698 2186 121 36 rygga
858 2171 170 44 tillbaka,
1062 2170 125 36 fastän
1216 2169 72 35 den
1319 2174 41 31 är
1387 2167 159 37 förenad
1575 2166 86 37 med
1691 2166 143 47 svårig-

233 2227 110 36 heter
366 2225 71 37 och
462 2224 216 48 säkerligen
708 2224 31 47 ej
770 2224 73 35 kan
865 2222 133 36 vinnas
1018 2226 90 31 utan
1129 2219 249 37 ekonomiska
1397 2217 272 50 uppoffringar.
1711 2216 123 36 Dessa

234 2276 264 51 uppoffringar
526 2275 109 37 skola
663 2274 98 37 dock
788 2279 91 31 utan
906 2271 132 38 tvifvel
1065 2271 13 36 i
1107 2271 34 48 ej
1171 2270 109 48 ringa
1307 2272 85 34 mån
1420 2273 162 33 ersättas
1610 2280 139 36 genom
1770 2266 64 37 det
