2190 2628
409 170 39 30 86
889 161 230 41 Lagutskottets
1143 158 158 30 utlåtande
1324 155 53 31 Nr
1399 156 51 29 15.

372 252 167 32 huruvida
562 251 75 30 dess
660 248 74 31 dom
757 257 78 21 vore
860 245 117 40 riktig.
1013 242 135 33 Gillade
1171 241 189 39 Konungen
1384 237 196 31 hovrättens
1597 235 83 36 dom,
1697 234 84 41 ägde
1798 234 179 31 hovrätten

375 295 109 41 enligt
507 294 82 31 1734
611 293 54 30 års
688 291 58 40 lag
768 288 55 42 (R.
847 287 39 32 B.
910 286 117 40 30:17)
1049 283 137 32 behålla
1210 282 39 31 de
1272 282 62 30 200
1357 279 102 32 daler.
1483 289 69 20 som
1574 277 59 30 där
1648 276 169 39 nedsatts;
1834 275 145 32 ändrade

368 337 191 41 Konungen
593 334 127 33 domen,
755 330 85 32 hade
874 329 179 31 hovrätten
1094 325 149 32 däremot
1276 325 54 30 att
1364 321 154 32 återbära
1550 319 167 41 beloppet.
1775 318 121 31 Denna
1928 317 51 31 be-

369 378 194 32 stämmelse
597 374 164 33 ändrades
797 373 82 30 1854
902 369 139 37 därhän,
1065 369 53 30 att
1140 364 352 40 revisionsskillingen
1515 360 113 32 skulle
1651 359 143 32 tillfalla
1817 359 129 32 kronan
1970 359 11 30 i

374 420 116 32 stället
513 420 52 30 för
588 418 190 34 hovrätten,
802 419 61 26 när
886 413 199 31 hovrättens
1109 409 75 31 dom
1207 419 43 20 av
1272 407 192 39 Konungen
1486 403 154 42 gillades.

504 461 151 32 Numera
677 458 62 30 har
762 454 353 40 revisionsskillingen
1139 451 104 31 alltså
1265 451 154 29 närmast
1434 446 206 32 karaktären
1658 455 40 20 av
1714 446 51 29 ett
1780 454 44 31 pa
1839 443 144 31 förhand

372 504 183 31 deponerat
588 499 224 48 bötesbelopp,
844 508 78 20 vars
946 495 125 32 förlust
1094 494 64 30 den
1181 491 168 42 klagande
1372 492 120 39 parten
1514 488 54 30 får
1590 486 200 37 vidkännas,
1814 489 63 26 när
1900 484 83 31 hans

372 543 313 43 ändringssökande
720 542 134 41 ogillas.
900 539 120 31 Denna
1053 534 174 43 synpunkt
1260 534 60 30 har
1350 532 11 30 i
1384 530 154 32 utlandet
1560 528 83 31 fullt
1665 527 169 32 beaktats.
1880 526 18 31 I
1921 526 63 31 den

370 588 103 42 tyska
490 588 217 30 litteraturen
725 581 170 43 återgives
910 580 183 41 begreppet
1109 574 310 40 revisionsskilling
1435 572 74 31 med
1526 571 96 31 ordet
1639 568 345 38 Succumhbenzstrafe,

374 631 60 31 och
467 631 12 29 i
513 628 125 32 sådana
669 624 209 34 främmande
901 623 127 36 länder,
1053 620 61 31 där
1137 630 41 20 en
1201 616 235 33 motsvarande
1458 613 191 40 anordning
1673 617 79 36 äger
1774 622 88 26 rum,
1886 613 23 28 t.
1934 621 49 20 ex.

375 671 183 43 Ryssland,
581 667 194 34 Frankrike
799 665 60 32 och
882 664 135 37 Italien,
1040 660 180 34 betecknas
1244 660 63 31 den
1323 655 261 44 ifrågavarande
1600 653 382 43 penningdepositionen

374 712 234 44 uttryckligen
632 721 107 21 såsom
764 720 39 20 en
828 706 188 43 deposition
1039 716 43 20 av
1106 704 92 30 böter
1221 699 249 43 (consignation
1494 696 195 41 d'amende).

508 754 66 31 Det
596 752 138 40 förslag,
758 762 69 20 som
851 750 12 30 i
886 750 78 29 vårt
985 747 81 31 land
1088 744 240 35 framkommit,
1353 743 53 30 att
1429 746 80 36 göra
1531 737 358 41 revisionsskillingen
1912 746 71 32 pro-

376 796 184 44 portionell
593 794 76 32 med
698 793 188 32 sökandens
911 784 499 47 förmögenhetsförhållanden,
1435 783 72 31 står
1530 782 12 30 i
1566 780 66 42 god
1655 777 331 34 överensstämmelse

375 840 73 31 med
470 838 147 32 nämnda
639 835 288 33 betraktelsesätt.
972 831 137 32 Verkan
1133 840 42 20 av
1198 831 48 28 ett
1267 828 63 30 fixt
1351 824 216 42 bötesbelopp
1591 828 38 26 är
1651 821 224 40 naturligtvis
1897 821 10 29 i
1923 820 64 40 hög

376 882 85 42 grad
494 879 162 41 beroende
688 889 41 20 av
764 878 40 29 de
838 873 219 34 ekonomiska
1091 869 298 42 omständigheter,
1412 868 13 30 i
1446 867 96 31 vilka
1565 865 63 31 den
1652 862 163 33 bötfällde
1838 862 149 31 befinner

376 924 65 41 sig.
485 923 51 31 Är
559 933 77 20 man
660 919 123 32 beredd
807 920 52 29 att
883 918 88 29 inom
996 915 63 31 den
1082 913 170 31 allmänna
1275 910 203 41 strafflagen
1500 908 113 41 lämpa
1636 905 251 41 bötesbeloppet
1903 904 84 30 efter

377 967 60 30 den
473 963 190 32 tilltalades
695 957 430 44 förmögenhetsställning,
1160 955 35 30 så
1228 953 113 42 ligger
1364 952 56 31 det
1440 951 40 42 ju
1501 950 74 31 icke
1598 950 104 39 något
1725 946 229 42 egendomligt
1975 946 12 30 i

378 1010 51 29 att
461 1007 160 40 tillämpa
655 1014 126 21 samma
815 1000 134 44 princip
984 1000 43 41 på
1051 999 56 30 det
1131 997 74 40 slag
1228 1007 42 20 av
1292 996 105 36 böter,
1421 1005 69 20 som
1514 992 61 31 har
1597 990 57 32 till
1677 988 159 33 ändamål
1859 990 52 29 att
1933 998 54 20 av-

378 1049 144 32 skräcka
545 1057 156 32 personer
723 1046 77 30 från
825 1046 51 29 att
898 1043 13 30 i
934 1041 129 32 onödan
1086 1042 81 38 taga
1189 1038 121 41 högsta
1333 1035 201 32 domstolens
1557 1033 148 42 dyrbara
1727 1031 54 31 tid
1802 1031 9 30 i
1831 1029 157 42 anspråk.

378 1092 120 31 Denna
532 1089 177 42 synpunkt
743 1085 178 33 framhölls
956 1084 61 31 ock
1052 1093 42 20 av
1116 1082 83 30 flera
1221 1080 107 31 talare
1351 1079 13 30 i
1386 1076 200 41 riksdagens
1609 1074 104 32 andra
1736 1073 173 31 kammare
1930 1072 59 31 vid

379 1132 248 40 behandlingen
651 1131 62 30 den
738 1131 39 29 14
799 1138 92 21 mars
915 1127 81 31 1913
1020 1136 42 20 av
1085 1121 242 44 lagutskottets
1351 1118 233 34 ovannämnda
1606 1115 185 32 utlåtande.

511 1173 200 33 Emellertid
735 1171 95 32 torde
854 1170 58 30 det
935 1179 45 20 nu
1003 1166 158 43 gällande
1185 1165 164 40 systemet
1368 1162 54 31 för
1437 1158 370 41 revisionsskillingens
1823 1155 166 42 utgående

382 1218 79 31 böra
495 1216 183 31 betecknas
708 1215 109 30 såsom
840 1213 116 39 ytterst
979 1208 181 41 ocgentligt.
1205 1207 79 31 Man
1307 1205 102 31 tänke
1432 1204 53 40 sig
1507 1203 57 30 det
1585 1200 73 38 fall,
1683 1201 51 30 att
1757 1210 40 20 en
1822 1197 167 42 klagande

383 1260 5 29 i
425 1259 122 40 högsta
581 1257 183 31 domstolen
799 1255 52 31 för
885 1253 52 32 sin
970 1250 136 41 mening
1139 1251 120 30 vinner
1288 1251 50 28 tre
1366 1258 40 20 av
1431 1244 203 32 domstolens
1657 1242 189 36 ledamöter,
1872 1239 112 31 medan

380 1301 220 42 pluraliteten
633 1298 191 32 fastställer
857 1296 200 31 hovrättens
1084 1294 84 29 dom.
1213 1288 204 42 Klaganden
1441 1287 137 31 straffas
1602 1285 43 31 då
1667 1284 74 31 med
1765 1283 61 31 150
1849 1279 137 34 kronors

380 1344 93 31 böter
505 1343 53 30 för
592 1342 58 30 det
683 1341 66 31 han
775 1338 75 32 haft
872 1346 127 23 samma
1021 1334 136 40 mening
1180 1344 69 21 som
1272 1337 52 26 tre
1345 1328 209 44 justitieråd.
1600 1327 68 31 Och
1693 1331 84 26 även
1802 1324 44 31 då
1868 1323 118 41 högsta

381 1384 185 32 domstolen
590 1383 167 40 enhälligt
779 1379 188 33 fastställer
991 1380 50 29 ett
1063 1376 201 40 överklagat
1278 1373 128 41 utslag,
1422 1372 67 31 kan
1506 1368 222 42 naturligtvis
1744 1368 145 39 mången
1905 1366 87 40 gäng

381 1427 106 31 målet
520 1437 84 20 vara
638 1426 38 30 så
708 1434 78 32 pass
819 1420 230 40 tvivelaktigt,
1085 1420 52 29 att
1162 1418 95 31 böter
1279 1416 52 31 för
1353 1415 238 40 rättegangens
1614 1408 215 43 fullföljande
1853 1407 139 32 alldeles

382 1469 74 32 icke
479 1473 58 27 äro
560 1469 44 41 på
628 1467 52 31 sin
703 1465 101 43 plats.
850 1464 81 30 Man
954 1461 94 32 torde
1073 1460 115 31 därför
1210 1459 113 31 kunna
1347 1467 83 21 vara
1452 1455 81 31 fullt
1556 1464 76 21 ense
1649 1452 73 31 med
1737 1462 69 31 nya
1821 1449 171 42 lagbered-

383 1512 124 40 ningen
535 1509 217 36 därutinnan,
777 1508 55 30 att
855 1502 352 41 revisionsskillingen
1230 1499 184 41 rätteligen
1437 1497 101 31 borde
1562 1497 145 30 ersättas
1730 1492 75 32 med
1828 1503 41 20 en
1892 1492 101 30 rätte-

383 1552 231 42 gångsavgift,
650 1561 70 21 som
757 1548 107 32 under
899 1547 69 31 alla
1001 1543 288 42 omständigheter
1323 1539 163 33 stannade
1508 1538 60 32 hos
1593 1539 119 30 staten.
1756 1535 55 31 En
1835 1532 159 33 reform
1973 1528 25 54 i

385 1596 107 30 denna
514 1593 156 40 riktning
692 1592 68 31 kan
783 1589 189 33 emellertid
994 1588 72 31 icke
1089 1586 210 41 genomföras
1322 1585 82 29 utan
1427 1579 172 42 väsentlig
1615 1577 236 41 omarbetning
1868 1587 41 19 av
1924 1574 70 42 gäl-

384 1637 99 31 lande
520 1634 247 33 bestämmelser
801 1643 53 21 om
886 1627 356 44 rättegångskostnad.
1286 1625 69 32 För
1388 1622 210 34 närvarande
1627 1620 174 41 tillämpas
1826 1617 74 32 med
1923 1617 72 31 stöd

384 1691 43 20 av
461 1681 37 29 21
528 1678 77 41 kap.
630 1679 19 29 4
672 1687 71 32 par.
767 1675 40 32 R.
832 1674 38 31 B.
896 1673 63 31 den
981 1671 104 42 regel,
1109 1673 52 28 att
1182 1672 87 40 part,
1294 1679 68 20 som
1386 1665 143 32 förlorat
1550 1664 13 31 i
1585 1664 138 30 hovrätt
1745 1672 76 20 men
1844 1660 118 30 vinner
1984 1658 9 30 i

384 1721 121 41 högsta
528 1718 197 36 domstolen,
749 1717 73 31 icke
846 1717 53 30 får
923 1714 192 39 ersättning
1137 1713 51 30 för
1211 1712 73 30 sina
1307 1708 185 33 kostnader
1514 1708 9 29 i
1550 1706 84 31 sista
1657 1705 185 30 instansen.
1874 1702 17 31 I
1915 1703 81 29 mot-

384 1766 73 28 sats
487 1762 121 31 härtill
631 1760 147 41 föreslog
800 1769 70 31 nya
893 1755 295 43 lagberedningen,
1212 1755 52 29 att
1288 1752 72 36 den,
1385 1761 69 21 som
1476 1750 122 41 tappat
1620 1747 12 31 i
1654 1747 93 41 lägre
1770 1745 132 30 instans
1925 1753 69 20 men

385 1815 110 20 vunne
529 1805 13 29 i
575 1803 113 40 högre,
712 1801 111 32 skulle
846 1810 85 21 vara
953 1797 192 40 berättigad
1168 1798 51 29 att
1243 1793 132 33 erhålla
1397 1791 191 39 ersättning
1610 1790 52 30 för
1685 1788 74 31 sina
1781 1785 182 32 kostnader
1989 1786 5 28 i

386 1847 104 31 målet
520 1846 38 31 så
580 1845 58 32 väl
660 1845 12 30 i
696 1844 61 31 den
780 1843 106 41 högre
909 1852 69 20 som
1001 1841 12 29 i
1037 1839 63 31 den
1122 1839 95 40 lägre
1241 1838 182 29 instansen.
1468 1833 70 32 Till
1561 1832 40 31 de
1624 1829 216 40 nödvändiga
1863 1828 133 31 kostna-

387 1890 103 30 derna
524 1887 111 32 skulle
669 1884 225 41 naturligtvis
929 1884 12 30 i
963 1882 106 31 första
1093 1880 90 31 hand
1206 1879 123 31 räknas
1352 1873 330 42 författningsenligt
1703 1870 171 42 utgående
1896 1871 101 29 rätte-

387 1931 269 41 gangsavgifter.

521 1972 77 32 Med
622 1972 51 31 ett
696 1969 116 42 dylikt
837 1970 137 40 system,
999 1966 109 40 enligt
1131 1964 107 31 vilket
1267 1963 63 31 den
1353 1959 168 33 vinnande
1545 1969 42 20 av
1610 1957 53 31 sin
1686 1957 147 40 motpart
1857 1952 143 33 erhåller

387 2013 207 43 gottgörelse
630 2014 50 30 för
703 2012 64 31 den
789 2007 287 44 fullföljdsavgift
1098 2007 66 31 han
1187 2005 143 41 nödgats
1354 2002 149 41 erlägga,
1527 2000 87 31 låter
1636 1998 226 42 grundsatsen
1886 2006 52 20 om
1960 2005 37 20 en

389 2058 87 30 efter
508 2055 212 42 klagandens
754 2048 484 46 förmögenhetsförhållanden
1272 2045 192 44 progressiv
1494 2042 116 41 avgift
1633 2040 132 31 absolut
1787 2038 75 31 icke
1884 2037 117 31 förena

388 2100 63 40 sig.
496 2097 73 32 När
592 2108 40 20 en
655 2097 172 40 förmögen
850 2093 169 41 klagande
1046 2092 118 30 vinner
1186 2090 52 31 sin
1260 2098 143 33 process,
1428 2086 107 31 måste
1559 2084 67 31 han
1648 2080 278 44 uppenbarligen,
1950 2089 51 20 ou

389 2152 77 20 man
489 2140 75 31 icke
596 2138 64 32 vill
683 2138 185 32 åsidosätta
892 2135 134 32 likheten
1051 2134 90 39 inför
1165 2132 104 39 lagen,
1293 2130 89 31 hava
1404 2138 126 21 samma
1553 2125 148 42 anspråk
1723 2124 44 41 på
1790 2122 68 31 full
1880 2122 120 30 ersätt-

389 2183 83 41 ning
505 2182 52 31 för
590 2180 200 41 rättmätiga
823 2177 184 33 kostnader
1041 2187 69 20 som
1145 2185 39 21 en
1217 2173 115 40 fattig.
1378 2169 118 33 Skulle
1525 2168 67 31 han
1616 2178 46 20 nu
1684 2167 43 41 på
1749 2163 113 43 grund
1885 2174 42 20 av
1949 2161 50 32 sin

389 2228 108 29 större
530 2221 232 42 förmögenhet
796 2221 89 31 hava
917 2219 74 32 haft
1015 2220 51 29 att
1089 2216 138 42 erlägga
1251 2226 40 21 en
1314 2214 103 40 högre
1439 2208 291 44 fullföljdsavgift.
1755 2207 35 31 så
1813 2206 131 31 komme
1965 2203 38 42 ju
