2168 2579
745 216 284 33 Stats-Utskottets
1053 216 170 31 Memorial
1246 217 63 31 N:o
1333 217 42 30 15
1400 216 26 31 b.
1845 216 14 29 1

990 754 77 41 N:o
1099 756 48 39 15
1175 753 38 42 b.

932 911 83 30 Ank.
1039 911 48 29 till
1111 911 107 30 Riksd.
1241 911 114 30 Kansli
1378 911 56 30 den
1462 913 16 28 6
1504 912 63 38 Maj
1597 912 91 35 1884,
1711 910 42 31 kl.
1779 913 18 28 8
1822 922 22 20 e.
1868 921 39 21 m.

495 1059 205 47 Memorial,
731 1058 189 48 angdende
945 1058 151 48 fortsatt
1119 1059 252 46 pensionsrätt
1390 1059 68 48 för
1487 1059 216 35 nuvarande
1718 1058 188 37 intenden-

697 1134 56 28 ten
783 1127 98 35 inom
910 1126 402 50 Arméförvaltningens
1341 1127 467 48 intendentsdepartement.

1558 1230 74 49 (1:a
1661 1230 45 37 U.
1739 1230 60 49 A.)

424 1334 17 35 I
483 1333 76 37 den
596 1333 60 36 till
683 1332 264 37 innevarande
976 1334 62 34 års
1067 1331 174 48 Riksdag
1270 1331 141 37 aflåtna
1440 1332 143 48 Kongl.
1611 1333 294 49 propositionen

294 1385 201 49 angående
521 1385 259 36 statsverkets
809 1384 175 36 tillstånd
1014 1384 72 36 och
1118 1383 118 37 behof
1260 1383 99 36 hade
1388 1383 141 48 Kongl.
1553 1384 108 48 Maj:t
1691 1385 5 35 i
1713 1385 192 36 samman-

293 1437 106 48 hang
428 1437 88 36 med
543 1437 111 47 fråga
684 1449 59 23 om
774 1435 248 50 regleringen
1052 1435 41 36 af
1117 1435 211 48 utgifterna
1356 1435 124 36 under
1512 1435 234 38 riksstatens
1762 1437 143 36 nionde

292 1488 234 36 hufvudtitel
568 1487 205 48 föreslagit
815 1493 66 41 att,
914 1491 42 32 så
986 1487 89 36 vida
1106 1487 65 36 det
1197 1487 123 36 under
1348 1486 124 49 fjerde
1500 1487 262 37 hufvudtiteln
1791 1488 115 36 fram-

293 1540 125 36 stälda
454 1539 147 48 förslag
643 1539 167 37 rörande
840 1538 240 49 fullföljande
1110 1538 42 36 af
1176 1538 433 37 arméintendenturens
1639 1539 266 49 organisation

293 1592 128 36 blefve
451 1592 42 36 af
516 1591 225 47 Riksdagen
770 1590 212 48 godkändt,
1013 1590 75 36 den
1117 1603 51 22 nu
1196 1590 168 36 varande
1390 1589 278 38 innehafvaren
1700 1591 42 36 af
1765 1591 140 36 befatt-

292 1643 147 48 ningen
482 1645 126 34 såsom
652 1642 203 36 intendent
898 1642 70 36 och
997 1642 91 36 chef
1112 1641 59 36 för
1199 1641 265 49 militärbyrån
1495 1642 104 36 inom
1629 1643 276 36 Arméförvalt-

292 1694 167 49 ningens
501 1693 499 49 intendentsdepartement
1041 1696 128 45 måtte,
1208 1693 145 49 jemväl
1394 1693 98 36 efter
1534 1693 64 37 det
1627 1694 278 49 befattningen

292 1747 132 35 afförts
466 1746 84 36 från
591 1745 433 49 Arméförvaltningens
1067 1750 76 31 stat
1185 1745 72 36 och
1285 1744 122 37 under
1436 1744 241 50 benämning
1706 1746 198 36 öfverfält-

290 1797 204 37 intendent
534 1797 202 50 upptagits
766 1800 21 33 å
814 1796 392 50 generalitetsstaten,
1237 1796 213 37 bibehållas
1479 1796 68 37 vid
1577 1797 241 48 rättigheten
1847 1802 58 31 att

291 1849 97 36 efter
425 1849 177 37 afskedet
639 1849 156 36 komma
837 1849 13 35 i
892 1848 227 49 åtnjutande
1148 1848 43 36 af
1214 1848 74 37 den
1316 1848 166 49 pension
1510 1848 84 36 från
1624 1848 195 37 allmänna
1844 1849 59 36 in-

291 1901 360 48 dragningsstaten,
693 1914 81 23 som
819 1913 133 23 svarar
995 1905 79 31 mot
1117 1899 97 37 hans
1257 1913 51 22 nu
1350 1900 288 37 innehafvande
1667 1901 132 49 tjenst,
1830 1901 73 36 och

290 1952 160 37 hvilken
491 1952 165 50 pension
697 1954 77 34 han
818 1952 134 48 skulle,
996 1951 123 49 enligt
1160 1952 46 36 de
1248 1952 59 36 för
1349 1952 319 48 tjenstemännen
1692 1955 49 46 på
1768 1952 135 36 Armé-

291 2004 313 49 förvaltningens
634 2009 77 31 stat
740 2003 181 49 gällande
951 2003 369 50 pensionsgrunder,
1349 2004 12 35 i
1386 2003 188 37 Februari
1605 2005 98 35 1885
1724 2003 177 50 intjenat.

291 2056 58 36 Då
390 2033 140 59 denna
558 2056 108 48 fråga
708 2068 68 23 var
817 2056 191 36 beroende
1051 2055 42 36 af
1129 2055 141 48 Kongl.
1301 2055 128 49 Maj:ts
1456 2055 293 48 ofvanberörda,
1780 2055 123 36 under

290 2108 122 48 fjerde
440 2107 264 37 hufvudtiteln
734 2107 226 36 framstälda
987 2107 159 48 förslag,
1177 2080 160 80 hvilket,
1361 2070 54 74 då
1448 2107 222 37 Utskottets
1699 2107 203 36 utlåtande

290 2160 72 36 N:o
395 2160 44 36 15
470 2172 31 35 a,
532 2158 203 49 angående
765 2159 248 49 regleringen
1039 2158 41 36 af
1099 2159 214 48 utgifterna
1331 2137 133 58 'under
1493 2158 235 37 riksstatens
1759 2158 143 37 nionde

289 2206 250 59 hufvudtitel,
583 2187 140 71 afgafs,
766 2215 103 31 ännu
912 2211 85 36 icke
1028 2188 138 59 blifvit
1185 2211 42 36 af
1250 2211 224 49 Riksdagen
1504 2210 186 49 slutligen
1719 2210 183 49 afgjordt,

290 2263 100 36 hade
432 2263 202 37 Utskottet
658 2262 56 36 uti
745 2261 68 37 sitt
841 2263 163 36 berörda
1032 2261 199 39 utlåtande
1255 2240 165 59 förmält
1440 2262 62 49 sig
1530 2239 134 59 härom
1694 2262 206 37 framdeles

290 2314 91 49 vilja
410 2315 147 49 afgifva
586 2313 187 38 särskildt
802 2314 211 36 utlåtande.

378 2373 75 33 Bih.
478 2374 50 31 till
551 2373 113 32 Riksd.
690 2372 88 32 Prot.
803 2375 97 30 1884.
947 2374 21 29 4
991 2371 95 33 Saml.
1110 2375 20 28 1
1154 2372 82 40 Afd.
1262 2376 41 30 12
1327 2373 94 39 Häft.
