1906 2800
300 169 40 31 78
668 166 293 33 Statsutskottets
992 165 189 33 utlåtande
1212 165 54 32 Nr
1291 164 72 32 119.

298 256 46 20 av
367 245 119 31 herrar
510 244 36 32 O.
572 244 136 36 Olsson,
731 244 32 31 J.
790 243 38 32 G.
856 243 144 35 Walles,
1025 242 37 32 C.
1086 242 201 31 Johansson
1310 242 12 30 i
1346 241 245 36 Hälsingborg,
1624 240 42 31 A.
1693 240 71 31 An-

255 300 127 30 derson
415 299 14 29 i
462 297 156 36 Råstock,
654 295 36 33 C.
715 296 40 31 R.
789 296 154 31 Jansson
975 295 13 31 i
1021 294 114 32 Falun
1158 294 62 31 och
1253 293 37 32 L.
1318 293 34 32 J.
1379 292 384 36 Carlsson-Frosterud,

256 351 97 31 vilka
374 352 121 34 ansett,
518 350 52 31 att
592 349 65 32 den
680 350 13 30 i
716 349 83 31 sista
822 348 131 37 stycket
975 348 21 30 å
1018 348 64 31 sid.
1109 348 40 30 24
1173 346 278 32 förekommande
1474 346 201 36 meningen:

303 402 299 36 »Föredraganden
625 402 13 29 i
672 400 216 32 sistnämnda
915 400 233 36 departement
1184 409 98 26 synes
1317 401 87 28 även
1433 399 118 30 kunna
1576 398 188 35 ombesörja

255 454 287 36 föredragningen
565 454 13 29 i
600 452 469 37 jordbruksdepartementet»

300 507 75 31 bort
396 516 42 21 ur
461 505 254 36 motiveringen
739 505 101 35 utgå;

298 621 46 21 av
366 611 119 30 herrar
507 610 32 31 J.
565 609 38 31 L.
630 609 141 35 Widell,
797 608 35 31 C.
858 608 37 31 P.
924 607 39 31 V.
990 607 144 31 Nilsson
1158 607 12 29 i
1194 606 164 35 Gränebo,
1383 606 36 31 0.
1443 606 198 36 Bergqvist,
1664 606 40 31 E.
1721 605 42 31 ÅA.

256 662 135 35 Hallin,
414 662 33 31 J.
471 662 182 34 Jeansson,
678 661 36 30 P.
740 660 46 31 M.
812 660 125 31 Olsson
961 660 13 29 i
996 658 178 36 Blädinge,
1200 658 35 31 O.
1263 658 124 31 Olsson
1410 658 13 30 i
1446 657 319 37 Kullenbergstorp,

254 715 40 30 B.
331 714 106 31 F:son
471 713 194 37 Holmgren
700 712 61 31 och
797 711 37 32 O.
869 711 38 31 E.
944 711 37 30 F.
1017 710 111 36 Järte,
1161 710 97 31 vilka
1281 711 122 34 ansett,
1437 711 52 29 att
1511 709 55 31 det
1591 711 21 29 å
1634 710 63 30 sid.
1725 710 39 30 27

255 766 276 32 förekommande
565 765 194 31 uttalandet
793 774 55 21 om
884 765 69 29 rätt
987 763 54 31 för
1072 762 133 37 Kungl.
1238 762 99 37 Maj:t
1369 763 52 30 att
1443 762 155 31 överföra
1622 762 101 36 högst
1746 762 19 30 7

256 819 338 36 befattningshavare
629 819 43 36 på
705 817 299 36 indragningsstat
1036 816 77 30 bort
1147 816 83 35 utgå
1264 815 61 31 och
1359 815 251 36 motiveringen
1636 815 12 30 i
1671 814 95 32 dessa

258 872 93 31 delar
372 871 128 31 således
522 871 133 31 erhålla
680 870 152 36 följande
855 869 142 37 Iydelse:

302 923 239 32 »Beträffande
563 922 150 32 härefter
736 922 122 35 frågan
884 939 38 3 —
949 938 39 4 —
1015 938 38 3 —
1078 920 151 36 följande
1253 921 76 29 sätt.

299 976 162 36 samtliga
483 975 40 31 de
553 993 32 3 —
617 991 34 4 —
680 992 38 3 —
744 973 161 36 stadgade
927 972 129 32 åldern.

299 1028 121 36 Enligt
443 1027 66 31 vad
535 1045 39 3 —
600 1045 39 3 —
666 1044 38 4 —
731 1026 243 36 departement.

300 1079 379 38 Departementschefen
703 1079 62 31 har
789 1078 77 31 med
889 1077 262 36 utgångspunkt
1174 1078 78 36 (sid.
1279 1077 55 36 28)
1359 1094 39 3 —
1424 1093 40 3 —
1490 1088 59 15 —>

559 2535 175 28 Stockholm,
755 2535 74 24 Isaac
849 2535 117 24 Marcus”
987 2534 373 32 Boktryckeri-Aktiebolag,
1382 2535 74 23 1926.
