<?xml version="1.0" encoding="UTF-8"?>
<alto xmlns="http://www.loc.gov/standards/alto/ns-v3#" xmlns:xlink="http://www.w3.org/1999/xlink" xmlns:xsi="http://www.w3.org/2001/XMLSchema-instance" xsi:schemaLocation="http://www.loc.gov/standards/alto/ns-v3# http://www.loc.gov/alto/v3/alto-3-0.xsd">
	<Description>
		<MeasurementUnit>pixel</MeasurementUnit>
		<sourceImageInformation>
			<fileName>/tmp/tess_gpg7so_u_input.PNG</fileName>
		</sourceImageInformation>
		<OCRProcessing ID="OCR_0">
			<ocrProcessingStep>
				<processingSoftware>
					<softwareName>tesseract 5.3.0</softwareName>
				</processingSoftware>
			</ocrProcessingStep>
		</OCRProcessing>
	</Description>
	<Layout>
		<Page WIDTH="1912" HEIGHT="2802" PHYSICAL_IMG_NR="0" ID="page_0">
			<PrintSpace HPOS="0" VPOS="0" WIDTH="1912" HEIGHT="2802">
				<ComposedBlock ID="cblock_0" HPOS="311" VPOS="170" WIDTH="1059" HEIGHT="34">
					<TextBlock ID="block_0" HPOS="311" VPOS="170" WIDTH="1059" HEIGHT="34">
						<TextLine ID="line_0" HPOS="311" VPOS="170" WIDTH="1059" HEIGHT="34">
							<String ID="string_0" HPOS="311" VPOS="171" WIDTH="40" HEIGHT="31" WC="0.96" CONTENT="54"/><SP WIDTH="324" VPOS="171" HPOS="351"/>
							<String ID="string_1" HPOS="675" VPOS="170" WIDTH="295" HEIGHT="33" WC="0.90" CONTENT="Statsutskottets"/><SP WIDTH="30" VPOS="170" HPOS="970"/>
							<String ID="string_2" HPOS="1000" VPOS="170" WIDTH="189" HEIGHT="34" WC="0.95" CONTENT="utlåtande"/><SP WIDTH="31" VPOS="170" HPOS="1189"/>
							<String ID="string_3" HPOS="1220" VPOS="171" WIDTH="53" HEIGHT="32" WC="0.94" CONTENT="Nr"/><SP WIDTH="25" VPOS="171" HPOS="1273"/>
							<String ID="string_4" HPOS="1298" VPOS="171" WIDTH="72" HEIGHT="30" WC="0.95" CONTENT="119."/>
						</TextLine>
					</TextBlock>
				</ComposedBlock>
				<ComposedBlock ID="cblock_1" HPOS="265" VPOS="249" WIDTH="1511" HEIGHT="187">
					<TextBlock ID="block_1" HPOS="265" VPOS="249" WIDTH="1511" HEIGHT="187">
						<TextLine ID="line_1" HPOS="265" VPOS="249" WIDTH="1511" HEIGHT="31">
							<String ID="string_5" HPOS="265" VPOS="251" WIDTH="147" HEIGHT="29" WC="0.96" CONTENT="Befattning"/><SP WIDTH="1234" VPOS="251" HPOS="412"/>
							<String ID="string_6" HPOS="1646" VPOS="249" WIDTH="130" HEIGHT="30" WC="0.91" CONTENT="Lönegrad"/>
						</TextLine>
						<TextLine ID="line_2" HPOS="267" VPOS="301" WIDTH="1497" HEIGHT="32">
							<String ID="string_7" HPOS="267" VPOS="303" WIDTH="19" HEIGHT="30" WC="0.96" CONTENT="4"/><SP WIDTH="24" VPOS="303" HPOS="286"/>
							<String ID="string_8" HPOS="310" VPOS="303" WIDTH="108" HEIGHT="30" WC="0.93" CONTENT="förste"/><SP WIDTH="23" VPOS="303" HPOS="418"/>
							<String ID="string_9" HPOS="441" VPOS="301" WIDTH="333" HEIGHT="31" WC="0.91" CONTENT="kanslisekreterare"/><SP WIDTH="70" VPOS="301" HPOS="774"/>
							<String ID="string_10" HPOS="844" VPOS="324" WIDTH="4" HEIGHT="3" WC="0.36" CONTENT="-.."/><SP WIDTH="171" VPOS="324" HPOS="848"/>
							<String ID="string_11" HPOS="1019" VPOS="322" WIDTH="39" HEIGHT="5" WC="0.31" CONTENT="a"/><SP WIDTH="350" VPOS="322" HPOS="1058"/>
							<String ID="string_12" HPOS="1408" VPOS="321" WIDTH="121" HEIGHT="6" WC="0.12" CONTENT="ers"/><SP WIDTH="88" VPOS="321" HPOS="1529"/>
							<String ID="string_13" HPOS="1617" VPOS="323" WIDTH="4" HEIGHT="4" WC="0.36" CONTENT=".."/><SP WIDTH="50" VPOS="323" HPOS="1621"/>
							<String ID="string_14" HPOS="1671" VPOS="301" WIDTH="29" HEIGHT="30" WC="0.81" CONTENT="B"/><SP WIDTH="24" VPOS="301" HPOS="1700"/>
							<String ID="string_15" HPOS="1724" VPOS="301" WIDTH="40" HEIGHT="30" WC="0.96" CONTENT="26"/>
						</TextLine>
						<TextLine ID="line_3" HPOS="267" VPOS="351" WIDTH="1497" HEIGHT="38">
							<String ID="string_16" HPOS="267" VPOS="354" WIDTH="19" HEIGHT="30" WC="0.95" CONTENT="1"/><SP WIDTH="25" VPOS="354" HPOS="286"/>
							<String ID="string_17" HPOS="311" VPOS="353" WIDTH="205" HEIGHT="36" WC="0.89" CONTENT="registrator"/><SP WIDTH="46" VPOS="353" HPOS="516"/>
							<String ID="string_18" HPOS="562" VPOS="375" WIDTH="16" HEIGHT="4" WC="0.38" CONTENT="-.."/><SP WIDTH="90" VPOS="375" HPOS="578"/>
							<String ID="string_19" HPOS="668" VPOS="374" WIDTH="4" HEIGHT="4" WC="0.0" CONTENT=":"/><SP WIDTH="101" VPOS="374" HPOS="672"/>
							<String ID="string_20" HPOS="773" VPOS="374" WIDTH="39" HEIGHT="4" WC="0.44" CONTENT="sär."/><SP WIDTH="101" VPOS="374" HPOS="812"/>
							<String ID="string_21" HPOS="913" VPOS="374" WIDTH="4" HEIGHT="4" WC="0.21" CONTENT="3"/><SP WIDTH="185" VPOS="374" HPOS="917"/>
							<String ID="string_22" HPOS="1102" VPOS="374" WIDTH="2" HEIGHT="4" WC="0.0" CONTENT="vek"/><SP WIDTH="46" VPOS="374" HPOS="1104"/>
							<String ID="string_23" HPOS="1150" VPOS="374" WIDTH="48" HEIGHT="4" WC="0.0" CONTENT="ForEN"/><SP WIDTH="80" VPOS="374" HPOS="1198"/>
							<String ID="string_24" HPOS="1278" VPOS="374" WIDTH="36" HEIGHT="4" WC="0.39" CONTENT="eo"/><SP WIDTH="21" VPOS="374" HPOS="1314"/>
							<String ID="string_25" HPOS="1335" VPOS="374" WIDTH="27" HEIGHT="4" WC="0.9" CONTENT="bloss"/><SP WIDTH="43" VPOS="374" HPOS="1362"/>
							<String ID="string_26" HPOS="1405" VPOS="374" WIDTH="16" HEIGHT="4" WC="0.29" CONTENT="ESR)"/><SP WIDTH="32" VPOS="374" HPOS="1421"/>
							<String ID="string_27" HPOS="1453" VPOS="374" WIDTH="4" HEIGHT="4" WC="0.4" CONTENT="ENE"/><SP WIDTH="29" VPOS="374" HPOS="1457"/>
							<String ID="string_28" HPOS="1486" VPOS="374" WIDTH="6" HEIGHT="4" WC="0.52" CONTENT="&gt;"/><SP WIDTH="32" VPOS="374" HPOS="1492"/>
							<String ID="string_29" HPOS="1524" VPOS="374" WIDTH="14" HEIGHT="4" WC="0.22" CONTENT="ser"/><SP WIDTH="-1" VPOS="374" HPOS="1538"/>
							<String ID="string_30" HPOS="1537" VPOS="348" WIDTH="42" HEIGHT="41" WC="0.11" CONTENT="BARR"/><SP WIDTH="2" VPOS="348" HPOS="1579"/>
							<String ID="string_31" HPOS="1581" VPOS="374" WIDTH="52" HEIGHT="5" WC="0.32" CONTENT="ärr"/><SP WIDTH="38" VPOS="374" HPOS="1633"/>
							<String ID="string_32" HPOS="1671" VPOS="351" WIDTH="28" HEIGHT="31" WC="0.90" CONTENT="B"/><SP WIDTH="24" VPOS="351" HPOS="1699"/>
							<String ID="string_33" HPOS="1723" VPOS="353" WIDTH="41" HEIGHT="30" WC="0.95" CONTENT="22"/>
						</TextLine>
						<TextLine ID="line_4" HPOS="267" VPOS="403" WIDTH="1496" HEIGHT="33">
							<String ID="string_34" HPOS="267" VPOS="406" WIDTH="19" HEIGHT="30" WC="0.96" CONTENT="4"/><SP WIDTH="24" VPOS="406" HPOS="286"/>
							<String ID="string_35" HPOS="310" VPOS="405" WIDTH="105" HEIGHT="31" WC="0.93" CONTENT="andre"/><SP WIDTH="23" VPOS="405" HPOS="415"/>
							<String ID="string_36" HPOS="438" VPOS="404" WIDTH="336" HEIGHT="31" WC="0.92" CONTENT="kanslisekreterare"/><SP WIDTH="106" VPOS="404" HPOS="774"/>
							<String ID="string_37" HPOS="880" VPOS="426" WIDTH="73" HEIGHT="4" WC="0.10" CONTENT="SA"/><SP WIDTH="91" VPOS="426" HPOS="953"/>
							<String ID="string_38" HPOS="1044" VPOS="426" WIDTH="12" HEIGHT="4" WC="0.30" CONTENT="="/><SP WIDTH="128" VPOS="426" HPOS="1056"/>
							<String ID="string_39" HPOS="1184" VPOS="428" WIDTH="2" HEIGHT="2" WC="0.70" CONTENT=";"/><SP WIDTH="79" VPOS="428" HPOS="1186"/>
							<String ID="string_40" HPOS="1265" VPOS="426" WIDTH="74" HEIGHT="4" WC="0.2" CONTENT="FSE"/><SP WIDTH="44" VPOS="426" HPOS="1339"/>
							<String ID="string_41" HPOS="1383" VPOS="426" WIDTH="39" HEIGHT="4" WC="0.29" CONTENT="cc"/><SP WIDTH="19" VPOS="426" HPOS="1422"/>
							<String ID="string_42" HPOS="1441" VPOS="426" WIDTH="16" HEIGHT="4" WC="0.0" CONTENT="dan"/><SP WIDTH="-2" VPOS="426" HPOS="1457"/>
							<String ID="string_43" HPOS="1455" VPOS="399" WIDTH="23" HEIGHT="45" WC="0.30" CONTENT="dö"/><SP WIDTH="-2" VPOS="399" HPOS="1478"/>
							<String ID="string_44" HPOS="1476" VPOS="426" WIDTH="169" HEIGHT="5" WC="0.2" CONTENT="säkra"/><SP WIDTH="25" VPOS="426" HPOS="1645"/>
							<String ID="string_45" HPOS="1670" VPOS="403" WIDTH="29" HEIGHT="31" WC="0.23" CONTENT="DB"/><SP WIDTH="24" VPOS="403" HPOS="1699"/>
							<String ID="string_46" HPOS="1723" VPOS="405" WIDTH="40" HEIGHT="30" WC="0.86" CONTENT="21"/>
						</TextLine>
					</TextBlock>
				</ComposedBlock>
				<ComposedBlock ID="cblock_2" HPOS="266" VPOS="456" WIDTH="593" HEIGHT="187">
					<TextBlock ID="block_2" HPOS="267" VPOS="456" WIDTH="544" HEIGHT="37">
						<TextLine ID="line_5" HPOS="267" VPOS="456" WIDTH="544" HEIGHT="37">
							<String ID="string_47" HPOS="267" VPOS="458" WIDTH="18" HEIGHT="30" WC="0.96" CONTENT="1"/><SP WIDTH="24" VPOS="458" HPOS="285"/>
							<String ID="string_48" HPOS="309" VPOS="457" WIDTH="108" HEIGHT="31" WC="0.93" CONTENT="förste"/><SP WIDTH="23" VPOS="457" HPOS="417"/>
							<String ID="string_49" HPOS="440" VPOS="456" WIDTH="307" HEIGHT="37" WC="0.92" CONTENT="expeditionsvakt"/><SP WIDTH="26" VPOS="456" HPOS="747"/>
							<String ID="string_50" HPOS="773" VPOS="478" WIDTH="38" HEIGHT="4" WC="0.74" CONTENT="...."/>
						</TextLine>
					</TextBlock>
					<TextBlock ID="block_3" HPOS="266" VPOS="508" WIDTH="326" HEIGHT="32">
						<TextLine ID="line_6" HPOS="266" VPOS="508" WIDTH="326" HEIGHT="32">
							<String ID="string_51" HPOS="266" VPOS="510" WIDTH="19" HEIGHT="30" WC="0.92" CONTENT="2"/><SP WIDTH="24" VPOS="510" HPOS="285"/>
							<String ID="string_52" HPOS="309" VPOS="508" WIDTH="283" HEIGHT="31" WC="0.91" CONTENT="kanslibiträden"/>
						</TextLine>
					</TextBlock>
					<TextBlock ID="block_4" HPOS="266" VPOS="560" WIDTH="710" HEIGHT="83">
						<TextLine ID="line_7" HPOS="266" VPOS="560" WIDTH="593" HEIGHT="36">
							<String ID="string_53" HPOS="266" VPOS="561" WIDTH="19" HEIGHT="30" WC="0.92" CONTENT="2"/><SP WIDTH="24" VPOS="561" HPOS="285"/>
							<String ID="string_54" HPOS="309" VPOS="560" WIDTH="346" HEIGHT="36" WC="0.90" CONTENT="expeditionsvakter"/><SP WIDTH="83" VPOS="560" HPOS="655"/>
							<String ID="string_55" HPOS="738" VPOS="581" WIDTH="16" HEIGHT="4" WC="0.0" CONTENT="EA"/><SP WIDTH="53" VPOS="581" HPOS="754"/>
							<String ID="string_56" HPOS="807" VPOS="581" WIDTH="52" HEIGHT="4" WC="0.0" CONTENT="FOO"/><SP WIDTH="54" VPOS="581" HPOS="859"/>
							<String ID="string_57" HPOS="913" VPOS="581" WIDTH="63" HEIGHT="4" WC="0.24" CONTENT="BEST"/>
						</TextLine>
						<TextLine ID="line_8" HPOS="266" VPOS="611" WIDTH="350" HEIGHT="32">
							<String ID="string_58" HPOS="266" VPOS="613" WIDTH="18" HEIGHT="30" WC="0.93" CONTENT="4"/><SP WIDTH="24" VPOS="613" HPOS="284"/>
							<String ID="string_59" HPOS="308" VPOS="611" WIDTH="308" HEIGHT="32" WC="0.92" CONTENT="kontorsbiträden"/>
						</TextLine>
					</TextBlock>
				</ComposedBlock>
				<ComposedBlock ID="cblock_3" HPOS="265" VPOS="715" WIDTH="1509" HEIGHT="191">
					<TextBlock ID="block_5" HPOS="265" VPOS="715" WIDTH="1509" HEIGHT="191">
						<TextLine ID="line_9" HPOS="308" VPOS="715" WIDTH="1466" HEIGHT="38">
							<String ID="string_60" HPOS="308" VPOS="717" WIDTH="68" HEIGHT="31" WC="0.96" CONTENT="För"/><SP WIDTH="35" VPOS="717" HPOS="376"/>
							<String ID="string_61" HPOS="411" VPOS="715" WIDTH="311" HEIGHT="38" WC="0.94" CONTENT="upprätthållande"/><SP WIDTH="33" VPOS="715" HPOS="722"/>
							<String ID="string_62" HPOS="755" VPOS="725" WIDTH="46" HEIGHT="21" WC="0.96" CONTENT="av"/><SP WIDTH="34" VPOS="725" HPOS="801"/>
							<String ID="string_63" HPOS="835" VPOS="715" WIDTH="293" HEIGHT="36" WC="0.95" CONTENT="departementets"/><SP WIDTH="29" VPOS="715" HPOS="1128"/>
							<String ID="string_64" HPOS="1157" VPOS="715" WIDTH="225" HEIGHT="31" WC="0.95" CONTENT="verksamhet"/><SP WIDTH="35" VPOS="715" HPOS="1382"/>
							<String ID="string_65" HPOS="1417" VPOS="717" WIDTH="105" HEIGHT="35" WC="0.94" CONTENT="utgår"/><SP WIDTH="32" VPOS="717" HPOS="1522"/>
							<String ID="string_66" HPOS="1554" VPOS="716" WIDTH="54" HEIGHT="30" WC="0.93" CONTENT="för"/><SP WIDTH="23" VPOS="716" HPOS="1608"/>
							<String ID="string_67" HPOS="1631" VPOS="716" WIDTH="143" HEIGHT="36" WC="0.92" CONTENT="budget-"/>
						</TextLine>
						<TextLine ID="line_10" HPOS="265" VPOS="766" WIDTH="1508" HEIGHT="38">
							<String ID="string_68" HPOS="265" VPOS="769" WIDTH="76" HEIGHT="30" WC="0.92" CONTENT="året"/><SP WIDTH="32" VPOS="769" HPOS="341"/>
							<String ID="string_69" HPOS="373" VPOS="768" WIDTH="212" HEIGHT="30" WC="0.86" CONTENT="1925—1926"/><SP WIDTH="35" VPOS="768" HPOS="585"/>
							<String ID="string_70" HPOS="620" VPOS="768" WIDTH="126" HEIGHT="30" WC="0.70" CONTENT="utöver"/><SP WIDTH="34" VPOS="768" HPOS="746"/>
							<String ID="string_71" HPOS="780" VPOS="766" WIDTH="58" HEIGHT="31" WC="0.96" CONTENT="det"/><SP WIDTH="34" VPOS="766" HPOS="838"/>
							<String ID="string_72" HPOS="872" VPOS="766" WIDTH="177" HEIGHT="31" WC="0.96" CONTENT="ordinarie"/><SP WIDTH="35" VPOS="766" HPOS="1049"/>
							<String ID="string_73" HPOS="1084" VPOS="767" WIDTH="160" HEIGHT="35" WC="0.95" CONTENT="anslaget"/><SP WIDTH="23" VPOS="767" HPOS="1244"/>
							<String ID="string_74" HPOS="1267" VPOS="768" WIDTH="51" HEIGHT="29" WC="0.96" CONTENT="ett"/><SP WIDTH="22" VPOS="768" HPOS="1318"/>
							<String ID="string_75" HPOS="1340" VPOS="768" WIDTH="100" HEIGHT="30" WC="0.96" CONTENT="extra"/><SP WIDTH="23" VPOS="768" HPOS="1440"/>
							<String ID="string_76" HPOS="1463" VPOS="767" WIDTH="125" HEIGHT="37" WC="0.93" CONTENT="anslag"/><SP WIDTH="24" VPOS="767" HPOS="1588"/>
							<String ID="string_77" HPOS="1612" VPOS="768" WIDTH="21" HEIGHT="29" WC="0.93" CONTENT="å"/><SP WIDTH="24" VPOS="768" HPOS="1633"/>
							<String ID="string_78" HPOS="1657" VPOS="768" WIDTH="116" HEIGHT="35" WC="0.92" CONTENT="28,420"/>
						</TextLine>
						<TextLine ID="line_11" HPOS="265" VPOS="818" WIDTH="1509" HEIGHT="37">
							<String ID="string_79" HPOS="265" VPOS="820" WIDTH="140" HEIGHT="31" WC="0.95" CONTENT="kronor."/><SP WIDTH="45" VPOS="820" HPOS="405"/>
							<String ID="string_80" HPOS="450" VPOS="819" WIDTH="104" HEIGHT="30" WC="0.95" CONTENT="Detta"/><SP WIDTH="22" VPOS="819" HPOS="554"/>
							<String ID="string_81" HPOS="576" VPOS="819" WIDTH="126" HEIGHT="35" WC="0.96" CONTENT="anslag"/><SP WIDTH="23" VPOS="819" HPOS="702"/>
							<String ID="string_82" HPOS="725" VPOS="820" WIDTH="39" HEIGHT="29" WC="0.96" CONTENT="är"/><SP WIDTH="23" VPOS="820" HPOS="764"/>
							<String ID="string_83" HPOS="787" VPOS="819" WIDTH="116" HEIGHT="29" WC="0.96" CONTENT="avsett"/><SP WIDTH="22" VPOS="819" HPOS="903"/>
							<String ID="string_84" HPOS="925" VPOS="818" WIDTH="58" HEIGHT="30" WC="0.93" CONTENT="till"/><SP WIDTH="16" VPOS="818" HPOS="983"/>
							<String ID="string_85" HPOS="999" VPOS="818" WIDTH="171" HEIGHT="36" WC="0.91" CONTENT="avlöning"/><SP WIDTH="16" VPOS="818" HPOS="1170"/>
							<String ID="string_86" HPOS="1186" VPOS="828" WIDTH="45" HEIGHT="20" WC="0.96" CONTENT="av"/><SP WIDTH="17" VPOS="828" HPOS="1231"/>
							<String ID="string_87" HPOS="1248" VPOS="818" WIDTH="157" HEIGHT="36" WC="0.93" CONTENT="följande"/><SP WIDTH="16" VPOS="818" HPOS="1405"/>
							<String ID="string_88" HPOS="1421" VPOS="819" WIDTH="353" HEIGHT="36" WC="0.90" CONTENT="befattningshavare"/>
						</TextLine>
						<TextLine ID="line_12" HPOS="265" VPOS="869" WIDTH="1045" HEIGHT="37">
							<String ID="string_89" HPOS="265" VPOS="871" WIDTH="77" HEIGHT="31" WC="0.93" CONTENT="med"/><SP WIDTH="24" VPOS="871" HPOS="342"/>
							<String ID="string_90" HPOS="366" VPOS="870" WIDTH="271" HEIGHT="32" WC="0.90" CONTENT="nedannämnda"/><SP WIDTH="24" VPOS="870" HPOS="637"/>
							<String ID="string_91" HPOS="661" VPOS="870" WIDTH="125" HEIGHT="36" WC="0.96" CONTENT="belopp"/><SP WIDTH="24" VPOS="870" HPOS="786"/>
							<String ID="string_92" HPOS="810" VPOS="869" WIDTH="54" HEIGHT="31" WC="0.96" CONTENT="för"/><SP WIDTH="23" VPOS="869" HPOS="864"/>
							<String ID="string_93" HPOS="887" VPOS="870" WIDTH="40" HEIGHT="30" WC="0.96" CONTENT="år"/><SP WIDTH="23" VPOS="870" HPOS="927"/>
							<String ID="string_94" HPOS="950" VPOS="869" WIDTH="138" HEIGHT="37" WC="0.96" CONTENT="räknat,"/><SP WIDTH="25" VPOS="869" HPOS="1088"/>
							<String ID="string_95" HPOS="1113" VPOS="870" WIDTH="197" HEIGHT="36" WC="0.96" CONTENT="nämligen:"/>
						</TextLine>
					</TextBlock>
				</ComposedBlock>
				<ComposedBlock ID="cblock_4" HPOS="266" VPOS="938" WIDTH="1496" HEIGHT="153">
					<TextBlock ID="block_6" HPOS="266" VPOS="938" WIDTH="1496" HEIGHT="153">
						<TextLine ID="line_13" HPOS="266" VPOS="938" WIDTH="1496" HEIGHT="38">
							<String ID="string_96" HPOS="266" VPOS="951" WIDTH="42" HEIGHT="21" WC="0.96" CONTENT="en"/><SP WIDTH="23" VPOS="951" HPOS="308"/>
							<String ID="string_97" HPOS="331" VPOS="942" WIDTH="103" HEIGHT="30" WC="0.96" CONTENT="extra"/><SP WIDTH="23" VPOS="942" HPOS="434"/>
							<String ID="string_98" HPOS="457" VPOS="940" WIDTH="165" HEIGHT="36" WC="0.96" CONTENT="byråchef"/><SP WIDTH="24" VPOS="940" HPOS="622"/>
							<String ID="string_99" HPOS="646" VPOS="939" WIDTH="55" HEIGHT="31" WC="0.93" CONTENT="för"/><SP WIDTH="24" VPOS="939" HPOS="701"/>
							<String ID="string_100" HPOS="725" VPOS="938" WIDTH="578" HEIGHT="37" WC="0.91" CONTENT="regeringsrättsföredragningen"/><SP WIDTH="64" VPOS="938" HPOS="1303"/>
							<String ID="string_101" HPOS="1367" VPOS="962" WIDTH="4" HEIGHT="4" WC="0.30" CONTENT="-..."/><SP WIDTH="121" VPOS="962" HPOS="1371"/>
							<String ID="string_102" HPOS="1492" VPOS="940" WIDTH="130" HEIGHT="31" WC="0.92" CONTENT="kronor"/><SP WIDTH="24" VPOS="940" HPOS="1622"/>
							<String ID="string_103" HPOS="1646" VPOS="941" WIDTH="116" HEIGHT="35" WC="0.90" CONTENT="10,020"/>
						</TextLine>
						<TextLine ID="line_14" HPOS="278" VPOS="990" WIDTH="1484" HEIGHT="38">
							<String ID="string_104" HPOS="278" VPOS="1004" WIDTH="14" HEIGHT="17" WC="0.76" CONTENT="»"/><SP WIDTH="85" VPOS="1004" HPOS="292"/>
							<String ID="string_105" HPOS="377" VPOS="1000" WIDTH="14" HEIGHT="16" WC="0.92" CONTENT="»"/><SP WIDTH="137" VPOS="1000" HPOS="391"/>
							<String ID="string_106" HPOS="528" VPOS="1003" WIDTH="14" HEIGHT="17" WC="0.88" CONTENT="»"/><SP WIDTH="121" VPOS="1003" HPOS="542"/>
							<String ID="string_107" HPOS="663" VPOS="998" WIDTH="14" HEIGHT="16" WC="0.92" CONTENT="»"/><SP WIDTH="49" VPOS="998" HPOS="677"/>
							<String ID="string_108" HPOS="726" VPOS="991" WIDTH="163" HEIGHT="31" WC="0.79" CONTENT="tekniska"/><SP WIDTH="23" VPOS="991" HPOS="889"/>
							<String ID="string_109" HPOS="912" VPOS="990" WIDTH="154" HEIGHT="31" WC="0.93" CONTENT="ärenden"/><SP WIDTH="20" VPOS="990" HPOS="1066"/>
							<String ID="string_110" HPOS="1086" VPOS="1014" WIDTH="2" HEIGHT="2" WC="0.90" CONTENT="."/><SP WIDTH="208" VPOS="1014" HPOS="1088"/>
							<String ID="string_111" HPOS="1296" VPOS="1014" WIDTH="16" HEIGHT="2" WC="0.41" CONTENT="-"/><SP WIDTH="241" VPOS="1014" HPOS="1312"/>
							<String ID="string_112" HPOS="1553" VPOS="999" WIDTH="13" HEIGHT="16" WC="0.92" CONTENT="»"/><SP WIDTH="78" VPOS="999" HPOS="1566"/>
							<String ID="string_113" HPOS="1644" VPOS="993" WIDTH="118" HEIGHT="35" WC="0.91" CONTENT="12,000"/>
						</TextLine>
						<TextLine ID="line_15" HPOS="278" VPOS="1041" WIDTH="1484" HEIGHT="50">
							<String ID="string_114" HPOS="278" VPOS="1056" WIDTH="14" HEIGHT="16" WC="0.92" CONTENT="»"/><SP WIDTH="38" VPOS="1056" HPOS="292"/>
							<String ID="string_115" HPOS="330" VPOS="1043" WIDTH="153" HEIGHT="32" WC="0.75" CONTENT="särskild"/><SP WIDTH="24" VPOS="1043" HPOS="483"/>
							<String ID="string_116" HPOS="507" VPOS="1042" WIDTH="256" HEIGHT="36" WC="0.96" CONTENT="föredragande"/><SP WIDTH="24" VPOS="1042" HPOS="763"/>
							<String ID="string_117" HPOS="787" VPOS="1042" WIDTH="54" HEIGHT="30" WC="0.93" CONTENT="för"/><SP WIDTH="24" VPOS="1042" HPOS="841"/>
							<String ID="string_118" HPOS="865" VPOS="1041" WIDTH="357" HEIGHT="37" WC="0.90" CONTENT="stadsplaneärenden"/><SP WIDTH="181" VPOS="1041" HPOS="1222"/>
							<String ID="string_119" HPOS="1403" VPOS="1065" WIDTH="52" HEIGHT="4" WC="0.9" CONTENT="SES"/><SP WIDTH="100" VPOS="1065" HPOS="1455"/>
							<String ID="string_120" HPOS="1555" VPOS="1054" WIDTH="13" HEIGHT="17" WC="0.91" CONTENT="»"/><SP WIDTH="84" VPOS="1054" HPOS="1568"/>
							<String ID="string_121" HPOS="1652" VPOS="1044" WIDTH="110" HEIGHT="47" WC="0.0" CONTENT="6.400"/>
						</TextLine>
					</TextBlock>
				</ComposedBlock>
				<ComposedBlock ID="cblock_5" HPOS="1321" VPOS="1103" WIDTH="451" HEIGHT="38">
					<TextBlock ID="block_7" HPOS="1321" VPOS="1103" WIDTH="451" HEIGHT="38">
						<TextLine ID="line_16" HPOS="1321" VPOS="1103" WIDTH="451" HEIGHT="38">
							<String ID="string_122" HPOS="1321" VPOS="1103" WIDTH="148" HEIGHT="31" WC="0.95" CONTENT="Summa"/><SP WIDTH="24" VPOS="1103" HPOS="1469"/>
							<String ID="string_123" HPOS="1493" VPOS="1104" WIDTH="128" HEIGHT="30" WC="0.92" CONTENT="kronor"/><SP WIDTH="24" VPOS="1104" HPOS="1621"/>
							<String ID="string_124" HPOS="1645" VPOS="1105" WIDTH="127" HEIGHT="36" WC="0.82" CONTENT="28,420."/>
						</TextLine>
					</TextBlock>
				</ComposedBlock>
				<ComposedBlock ID="cblock_6" HPOS="261" VPOS="1197" WIDTH="1513" HEIGHT="1332">
					<TextBlock ID="block_8" HPOS="264" VPOS="1197" WIDTH="1510" HEIGHT="142">
						<TextLine ID="line_17" HPOS="307" VPOS="1197" WIDTH="1466" HEIGHT="38">
							<String ID="string_125" HPOS="307" VPOS="1199" WIDTH="146" HEIGHT="31" WC="0.96" CONTENT="Antalet"/><SP WIDTH="24" VPOS="1199" HPOS="453"/>
							<String ID="string_126" HPOS="477" VPOS="1198" WIDTH="177" HEIGHT="32" WC="0.95" CONTENT="ordinarie"/><SP WIDTH="24" VPOS="1198" HPOS="654"/>
							<String ID="string_127" HPOS="678" VPOS="1199" WIDTH="126" HEIGHT="36" WC="0.96" CONTENT="byråer"/><SP WIDTH="24" VPOS="1199" HPOS="804"/>
							<String ID="string_128" HPOS="828" VPOS="1198" WIDTH="96" HEIGHT="31" WC="0.96" CONTENT="inom"/><SP WIDTH="25" VPOS="1198" HPOS="924"/>
							<String ID="string_129" HPOS="949" VPOS="1197" WIDTH="277" HEIGHT="36" WC="0.96" CONTENT="departementet"/><SP WIDTH="24" VPOS="1197" HPOS="1226"/>
							<String ID="string_130" HPOS="1250" VPOS="1199" WIDTH="105" HEIGHT="35" WC="0.96" CONTENT="utgör"/><SP WIDTH="16" VPOS="1199" HPOS="1355"/>
							<String ID="string_131" HPOS="1371" VPOS="1200" WIDTH="63" HEIGHT="29" WC="0.93" CONTENT="tre."/><SP WIDTH="32" VPOS="1200" HPOS="1434"/>
							<String ID="string_132" HPOS="1466" VPOS="1198" WIDTH="228" HEIGHT="32" WC="0.90" CONTENT="Kansliråds-"/><SP WIDTH="17" VPOS="1198" HPOS="1694"/>
							<String ID="string_133" HPOS="1711" VPOS="1200" WIDTH="62" HEIGHT="31" WC="0.96" CONTENT="och"/>
						</TextLine>
						<TextLine ID="line_18" HPOS="264" VPOS="1249" WIDTH="1510" HEIGHT="37">
							<String ID="string_134" HPOS="264" VPOS="1250" WIDTH="608" HEIGHT="36" WC="0.90" CONTENT="kanslisekreterarbefattningarna"/><SP WIDTH="34" VPOS="1250" HPOS="872"/>
							<String ID="string_135" HPOS="906" VPOS="1252" WIDTH="59" HEIGHT="28" WC="0.96" CONTENT="äro"/><SP WIDTH="34" VPOS="1252" HPOS="965"/>
							<String ID="string_136" HPOS="999" VPOS="1249" WIDTH="178" HEIGHT="31" WC="0.96" CONTENT="fördelade"/><SP WIDTH="36" VPOS="1249" HPOS="1177"/>
							<String ID="string_137" HPOS="1213" VPOS="1250" WIDTH="44" HEIGHT="35" WC="0.96" CONTENT="på"/><SP WIDTH="23" VPOS="1250" HPOS="1257"/>
							<String ID="string_138" HPOS="1280" VPOS="1249" WIDTH="293" HEIGHT="37" WC="0.96" CONTENT="departementets"/><SP WIDTH="24" VPOS="1249" HPOS="1573"/>
							<String ID="string_139" HPOS="1597" VPOS="1251" WIDTH="96" HEIGHT="31" WC="0.93" CONTENT="olika"/><SP WIDTH="23" VPOS="1251" HPOS="1693"/>
							<String ID="string_140" HPOS="1716" VPOS="1262" WIDTH="58" HEIGHT="20" WC="0.90" CONTENT="av-"/>
						</TextLine>
						<TextLine ID="line_19" HPOS="264" VPOS="1301" WIDTH="380" HEIGHT="38">
							<String ID="string_141" HPOS="264" VPOS="1302" WIDTH="188" HEIGHT="37" WC="0.96" CONTENT="delningar"/><SP WIDTH="27" VPOS="1302" HPOS="452"/>
							<String ID="string_142" HPOS="479" VPOS="1301" WIDTH="165" HEIGHT="32" WC="0.96" CONTENT="sålunda:"/>
						</TextLine>
					</TextBlock>
					<TextBlock ID="block_9" HPOS="306" VPOS="1354" WIDTH="983" HEIGHT="36">
						<TextLine ID="line_20" HPOS="306" VPOS="1354" WIDTH="983" HEIGHT="36">
							<String ID="string_143" HPOS="306" VPOS="1355" WIDTH="64" HEIGHT="31" WC="0.92" CONTENT="hos"/><SP WIDTH="23" VPOS="1355" HPOS="370"/>
							<String ID="string_144" HPOS="393" VPOS="1354" WIDTH="345" HEIGHT="32" WC="0.92" CONTENT="statssekreteraren:"/><SP WIDTH="24" VPOS="1354" HPOS="738"/>
							<String ID="string_145" HPOS="762" VPOS="1355" WIDTH="18" HEIGHT="30" WC="0.96" CONTENT="1"/><SP WIDTH="25" VPOS="1355" HPOS="780"/>
							<String ID="string_146" HPOS="805" VPOS="1355" WIDTH="108" HEIGHT="31" WC="0.92" CONTENT="förste"/><SP WIDTH="24" VPOS="1355" HPOS="913"/>
							<String ID="string_147" HPOS="937" VPOS="1355" WIDTH="352" HEIGHT="35" WC="0.92" CONTENT="kanslisekreterare;"/>
						</TextLine>
					</TextBlock>
					<TextBlock ID="block_10" HPOS="263" VPOS="1403" WIDTH="1511" HEIGHT="192">
						<TextLine ID="line_21" HPOS="306" VPOS="1403" WIDTH="1467" HEIGHT="40">
							<String ID="string_148" HPOS="306" VPOS="1406" WIDTH="22" HEIGHT="31" WC="0.84" CONTENT="å"/><SP WIDTH="35" VPOS="1406" HPOS="328"/>
							<String ID="string_149" HPOS="363" VPOS="1408" WIDTH="53" HEIGHT="30" WC="0.87" CONTENT="1:a"/><SP WIDTH="34" VPOS="1408" HPOS="416"/>
							<String ID="string_150" HPOS="450" VPOS="1406" WIDTH="112" HEIGHT="37" WC="0.96" CONTENT="byrån"/><SP WIDTH="27" VPOS="1406" HPOS="562"/>
							<String ID="string_151" HPOS="589" VPOS="1403" WIDTH="166" HEIGHT="36" WC="0.85" CONTENT="(ärenden"/><SP WIDTH="24" VPOS="1403" HPOS="755"/>
							<String ID="string_152" HPOS="779" VPOS="1406" WIDTH="179" HEIGHT="37" WC="0.96" CONTENT="angående"/><SP WIDTH="24" VPOS="1406" HPOS="958"/>
							<String ID="string_153" HPOS="982" VPOS="1408" WIDTH="134" HEIGHT="30" WC="0.95" CONTENT="statens"/><SP WIDTH="24" VPOS="1408" HPOS="1116"/>
							<String ID="string_154" HPOS="1140" VPOS="1407" WIDTH="64" HEIGHT="31" WC="0.96" CONTENT="och"/><SP WIDTH="24" VPOS="1407" HPOS="1204"/>
							<String ID="string_155" HPOS="1228" VPOS="1406" WIDTH="161" HEIGHT="31" WC="0.96" CONTENT="enskilda"/><SP WIDTH="24" VPOS="1406" HPOS="1389"/>
							<String ID="string_156" HPOS="1413" VPOS="1406" WIDTH="195" HEIGHT="36" WC="0.93" CONTENT="järnvägar"/><SP WIDTH="24" VPOS="1406" HPOS="1608"/>
							<String ID="string_157" HPOS="1632" VPOS="1426" WIDTH="39" HEIGHT="4" WC="0.92" CONTENT="—"/><SP WIDTH="25" VPOS="1426" HPOS="1671"/>
							<String ID="string_158" HPOS="1696" VPOS="1407" WIDTH="77" HEIGHT="31" WC="0.96" CONTENT="med"/>
						</TextLine>
						<TextLine ID="line_22" HPOS="264" VPOS="1457" WIDTH="1510" HEIGHT="37">
							<String ID="string_159" HPOS="264" VPOS="1457" WIDTH="182" HEIGHT="37" WC="0.96" CONTENT="undantag"/><SP WIDTH="34" VPOS="1457" HPOS="446"/>
							<String ID="string_160" HPOS="480" VPOS="1458" WIDTH="55" HEIGHT="30" WC="0.95" CONTENT="för"/><SP WIDTH="34" VPOS="1458" HPOS="535"/>
							<String ID="string_161" HPOS="569" VPOS="1457" WIDTH="163" HEIGHT="36" WC="0.96" CONTENT="ärenden,"/><SP WIDTH="35" VPOS="1457" HPOS="732"/>
							<String ID="string_162" HPOS="767" VPOS="1468" WIDTH="74" HEIGHT="21" WC="0.96" CONTENT="som"/><SP WIDTH="34" VPOS="1468" HPOS="841"/>
							<String ID="string_163" HPOS="875" VPOS="1468" WIDTH="83" HEIGHT="21" WC="0.96" CONTENT="avse"/><SP WIDTH="35" VPOS="1468" HPOS="958"/>
							<String ID="string_164" HPOS="993" VPOS="1458" WIDTH="57" HEIGHT="31" WC="0.96" CONTENT="det"/><SP WIDTH="24" VPOS="1458" HPOS="1050"/>
							<String ID="string_165" HPOS="1074" VPOS="1459" WIDTH="54" HEIGHT="30" WC="0.93" CONTENT="för"/><SP WIDTH="23" VPOS="1459" HPOS="1128"/>
							<String ID="string_166" HPOS="1151" VPOS="1458" WIDTH="462" HEIGHT="30" WC="0.91" CONTENT="kommunikationsverken"/><SP WIDTH="24" VPOS="1458" HPOS="1613"/>
							<String ID="string_167" HPOS="1637" VPOS="1468" WIDTH="137" HEIGHT="26" WC="0.91" CONTENT="gemen-"/>
						</TextLine>
						<TextLine ID="line_23" HPOS="264" VPOS="1507" WIDTH="1509" HEIGHT="38">
							<String ID="string_168" HPOS="264" VPOS="1519" WIDTH="135" HEIGHT="20" WC="0.93" CONTENT="samma"/><SP WIDTH="33" VPOS="1519" HPOS="399"/>
							<String ID="string_169" HPOS="432" VPOS="1507" WIDTH="387" HEIGHT="37" WC="0.89" CONTENT="avlöningssystemet):"/><SP WIDTH="36" VPOS="1507" HPOS="819"/>
							<String ID="string_170" HPOS="855" VPOS="1511" WIDTH="18" HEIGHT="29" WC="0.96" CONTENT="1"/><SP WIDTH="35" VPOS="1511" HPOS="873"/>
							<String ID="string_171" HPOS="908" VPOS="1509" WIDTH="195" HEIGHT="36" WC="0.96" CONTENT="kansliråd,"/><SP WIDTH="32" VPOS="1509" HPOS="1103"/>
							<String ID="string_172" HPOS="1135" VPOS="1511" WIDTH="18" HEIGHT="28" WC="0.96" CONTENT="1"/><SP WIDTH="25" VPOS="1511" HPOS="1153"/>
							<String ID="string_173" HPOS="1178" VPOS="1510" WIDTH="107" HEIGHT="30" WC="0.93" CONTENT="förste"/><SP WIDTH="24" VPOS="1510" HPOS="1285"/>
							<String ID="string_174" HPOS="1309" VPOS="1509" WIDTH="334" HEIGHT="31" WC="0.91" CONTENT="kanslisekreterare"/><SP WIDTH="24" VPOS="1509" HPOS="1643"/>
							<String ID="string_175" HPOS="1667" VPOS="1510" WIDTH="64" HEIGHT="31" WC="0.96" CONTENT="och"/><SP WIDTH="24" VPOS="1510" HPOS="1731"/>
							<String ID="string_176" HPOS="1755" VPOS="1511" WIDTH="18" HEIGHT="29" WC="0.96" CONTENT="1"/>
						</TextLine>
						<TextLine ID="line_24" HPOS="263" VPOS="1560" WIDTH="485" HEIGHT="35">
							<String ID="string_177" HPOS="263" VPOS="1560" WIDTH="109" HEIGHT="31" WC="0.93" CONTENT="andre"/><SP WIDTH="24" VPOS="1560" HPOS="372"/>
							<String ID="string_178" HPOS="396" VPOS="1560" WIDTH="352" HEIGHT="35" WC="0.91" CONTENT="kanslisekreterare;"/>
						</TextLine>
					</TextBlock>
					<TextBlock ID="block_11" HPOS="263" VPOS="1609" WIDTH="1511" HEIGHT="194">
						<TextLine ID="line_25" HPOS="306" VPOS="1609" WIDTH="1468" HEIGHT="40">
							<String ID="string_179" HPOS="306" VPOS="1611" WIDTH="22" HEIGHT="32" WC="0.90" CONTENT="å"/><SP WIDTH="33" VPOS="1611" HPOS="328"/>
							<String ID="string_180" HPOS="361" VPOS="1613" WIDTH="55" HEIGHT="31" WC="0.92" CONTENT="2:a"/><SP WIDTH="34" VPOS="1613" HPOS="416"/>
							<String ID="string_181" HPOS="450" VPOS="1612" WIDTH="111" HEIGHT="37" WC="0.96" CONTENT="byrån"/><SP WIDTH="34" VPOS="1612" HPOS="561"/>
							<String ID="string_182" HPOS="595" VPOS="1609" WIDTH="167" HEIGHT="36" WC="0.94" CONTENT="(ärenden"/><SP WIDTH="23" VPOS="1609" HPOS="762"/>
							<String ID="string_183" HPOS="785" VPOS="1613" WIDTH="182" HEIGHT="36" WC="0.96" CONTENT="angående"/><SP WIDTH="23" VPOS="1613" HPOS="967"/>
							<String ID="string_184" HPOS="990" VPOS="1613" WIDTH="57" HEIGHT="31" WC="0.96" CONTENT="det"/><SP WIDTH="24" VPOS="1613" HPOS="1047"/>
							<String ID="string_185" HPOS="1071" VPOS="1613" WIDTH="55" HEIGHT="31" WC="0.93" CONTENT="för"/><SP WIDTH="23" VPOS="1613" HPOS="1126"/>
							<String ID="string_186" HPOS="1149" VPOS="1612" WIDTH="463" HEIGHT="32" WC="0.90" CONTENT="kommunikationsverken"/><SP WIDTH="24" VPOS="1612" HPOS="1612"/>
							<String ID="string_187" HPOS="1636" VPOS="1621" WIDTH="138" HEIGHT="28" WC="0.90" CONTENT="gemen-"/>
						</TextLine>
						<TextLine ID="line_26" HPOS="264" VPOS="1664" WIDTH="1509" HEIGHT="37">
							<String ID="string_188" HPOS="264" VPOS="1674" WIDTH="134" HEIGHT="21" WC="0.88" CONTENT="samma"/><SP WIDTH="34" VPOS="1674" HPOS="398"/>
							<String ID="string_189" HPOS="432" VPOS="1665" WIDTH="360" HEIGHT="36" WC="0.88" CONTENT="avlöningssystemet"/><SP WIDTH="34" VPOS="1665" HPOS="792"/>
							<String ID="string_190" HPOS="826" VPOS="1666" WIDTH="92" HEIGHT="30" WC="0.96" CONTENT="samt"/><SP WIDTH="33" VPOS="1666" HPOS="918"/>
							<String ID="string_191" HPOS="951" VPOS="1664" WIDTH="183" HEIGHT="37" WC="0.95" CONTENT="angående"/><SP WIDTH="34" VPOS="1664" HPOS="1134"/>
							<String ID="string_192" HPOS="1168" VPOS="1666" WIDTH="87" HEIGHT="35" WC="0.92" CONTENT="post,"/><SP WIDTH="36" VPOS="1666" HPOS="1255"/>
							<String ID="string_193" HPOS="1291" VPOS="1665" WIDTH="162" HEIGHT="36" WC="0.92" CONTENT="telegraf,"/><SP WIDTH="36" VPOS="1665" HPOS="1453"/>
							<String ID="string_194" HPOS="1489" VPOS="1665" WIDTH="141" HEIGHT="36" WC="0.96" CONTENT="telefon,"/><SP WIDTH="35" VPOS="1665" HPOS="1630"/>
							<String ID="string_195" HPOS="1665" VPOS="1665" WIDTH="108" HEIGHT="36" WC="0.96" CONTENT="radio,"/>
						</TextLine>
						<TextLine ID="line_27" HPOS="263" VPOS="1714" WIDTH="1509" HEIGHT="39">
							<String ID="string_196" HPOS="263" VPOS="1716" WIDTH="197" HEIGHT="36" WC="0.90" CONTENT="byggnads-"/><SP WIDTH="35" VPOS="1716" HPOS="460"/>
							<String ID="string_197" HPOS="495" VPOS="1716" WIDTH="63" HEIGHT="31" WC="0.93" CONTENT="och"/><SP WIDTH="35" VPOS="1716" HPOS="558"/>
							<String ID="string_198" HPOS="593" VPOS="1716" WIDTH="280" HEIGHT="32" WC="0.92" CONTENT="brandväsendet"/><SP WIDTH="35" VPOS="1716" HPOS="873"/>
							<String ID="string_199" HPOS="908" VPOS="1719" WIDTH="91" HEIGHT="29" WC="0.96" CONTENT="samt"/><SP WIDTH="34" VPOS="1719" HPOS="999"/>
							<String ID="string_200" HPOS="1033" VPOS="1718" WIDTH="156" HEIGHT="30" WC="0.96" CONTENT="kronans"/><SP WIDTH="34" VPOS="1718" HPOS="1189"/>
							<String ID="string_201" HPOS="1223" VPOS="1714" WIDTH="234" HEIGHT="39" WC="0.96" CONTENT="byggnader):"/><SP WIDTH="37" VPOS="1714" HPOS="1457"/>
							<String ID="string_202" HPOS="1494" VPOS="1718" WIDTH="17" HEIGHT="29" WC="0.96" CONTENT="1"/><SP WIDTH="26" VPOS="1718" HPOS="1511"/>
							<String ID="string_203" HPOS="1537" VPOS="1717" WIDTH="192" HEIGHT="36" WC="0.96" CONTENT="kansliråd,"/><SP WIDTH="25" VPOS="1717" HPOS="1729"/>
							<String ID="string_204" HPOS="1754" VPOS="1719" WIDTH="18" HEIGHT="29" WC="0.96" CONTENT="1"/>
						</TextLine>
						<TextLine ID="line_28" HPOS="264" VPOS="1767" WIDTH="1100" HEIGHT="36">
							<String ID="string_205" HPOS="264" VPOS="1768" WIDTH="108" HEIGHT="30" WC="0.93" CONTENT="förste"/><SP WIDTH="24" VPOS="1768" HPOS="372"/>
							<String ID="string_206" HPOS="396" VPOS="1767" WIDTH="334" HEIGHT="31" WC="0.90" CONTENT="kanslisekreterare"/><SP WIDTH="23" VPOS="1767" HPOS="730"/>
							<String ID="string_207" HPOS="753" VPOS="1768" WIDTH="64" HEIGHT="31" WC="0.96" CONTENT="och"/><SP WIDTH="24" VPOS="1768" HPOS="817"/>
							<String ID="string_208" HPOS="841" VPOS="1769" WIDTH="17" HEIGHT="30" WC="0.95" CONTENT="1"/><SP WIDTH="25" VPOS="1769" HPOS="858"/>
							<String ID="string_209" HPOS="883" VPOS="1768" WIDTH="107" HEIGHT="31" WC="0.93" CONTENT="andre"/><SP WIDTH="24" VPOS="1768" HPOS="990"/>
							<String ID="string_210" HPOS="1014" VPOS="1768" WIDTH="350" HEIGHT="35" WC="0.91" CONTENT="kanslisekreterare;"/>
						</TextLine>
					</TextBlock>
					<TextBlock ID="block_12" HPOS="262" VPOS="1816" WIDTH="1511" HEIGHT="246">
						<TextLine ID="line_29" HPOS="306" VPOS="1816" WIDTH="1467" HEIGHT="40">
							<String ID="string_211" HPOS="306" VPOS="1819" WIDTH="22" HEIGHT="30" WC="0.92" CONTENT="å"/><SP WIDTH="23" VPOS="1819" HPOS="328"/>
							<String ID="string_212" HPOS="351" VPOS="1821" WIDTH="52" HEIGHT="29" WC="0.91" CONTENT="3:e"/><SP WIDTH="23" VPOS="1821" HPOS="403"/>
							<String ID="string_213" HPOS="426" VPOS="1819" WIDTH="111" HEIGHT="37" WC="0.96" CONTENT="byrån"/><SP WIDTH="29" VPOS="1819" HPOS="537"/>
							<String ID="string_214" HPOS="566" VPOS="1816" WIDTH="167" HEIGHT="36" WC="0.89" CONTENT="(ärenden"/><SP WIDTH="23" VPOS="1816" HPOS="733"/>
							<String ID="string_215" HPOS="756" VPOS="1820" WIDTH="180" HEIGHT="36" WC="0.96" CONTENT="angående"/><SP WIDTH="24" VPOS="1820" HPOS="936"/>
							<String ID="string_216" HPOS="960" VPOS="1821" WIDTH="134" HEIGHT="30" WC="0.96" CONTENT="statens"/><SP WIDTH="24" VPOS="1821" HPOS="1094"/>
							<String ID="string_217" HPOS="1118" VPOS="1820" WIDTH="196" HEIGHT="36" WC="0.96" CONTENT="kraftverk,"/><SP WIDTH="25" VPOS="1820" HPOS="1314"/>
							<String ID="string_218" HPOS="1339" VPOS="1821" WIDTH="133" HEIGHT="30" WC="0.96" CONTENT="statens"/><SP WIDTH="24" VPOS="1821" HPOS="1472"/>
							<String ID="string_219" HPOS="1496" VPOS="1819" WIDTH="191" HEIGHT="32" WC="0.96" CONTENT="vattenfall"/><SP WIDTH="24" VPOS="1819" HPOS="1687"/>
							<String ID="string_220" HPOS="1711" VPOS="1820" WIDTH="62" HEIGHT="30" WC="0.96" CONTENT="och"/>
						</TextLine>
						<TextLine ID="line_30" HPOS="263" VPOS="1869" WIDTH="1509" HEIGHT="39">
							<String ID="string_221" HPOS="263" VPOS="1869" WIDTH="100" HEIGHT="33" WC="0.92" CONTENT="deras"/><SP WIDTH="24" VPOS="1869" HPOS="363"/>
							<String ID="string_222" HPOS="387" VPOS="1870" WIDTH="314" HEIGHT="37" WC="0.91" CONTENT="tillgodogörande,"/><SP WIDTH="18" VPOS="1870" HPOS="701"/>
							<String ID="string_223" HPOS="719" VPOS="1871" WIDTH="156" HEIGHT="37" WC="0.96" CONTENT="kanaler,"/><SP WIDTH="17" VPOS="1871" HPOS="875"/>
							<String ID="string_224" HPOS="892" VPOS="1871" WIDTH="152" HEIGHT="32" WC="0.96" CONTENT="farleder"/><SP WIDTH="16" VPOS="1871" HPOS="1044"/>
							<String ID="string_225" HPOS="1060" VPOS="1871" WIDTH="62" HEIGHT="32" WC="0.96" CONTENT="och"/><SP WIDTH="17" VPOS="1871" HPOS="1122"/>
							<String ID="string_226" HPOS="1139" VPOS="1872" WIDTH="159" HEIGHT="36" WC="0.93" CONTENT="hamnar,"/><SP WIDTH="16" VPOS="1872" HPOS="1298"/>
							<String ID="string_227" HPOS="1314" VPOS="1871" WIDTH="192" HEIGHT="37" WC="0.92" CONTENT="lufttrafik,"/><SP WIDTH="17" VPOS="1871" HPOS="1506"/>
							<String ID="string_228" HPOS="1523" VPOS="1871" WIDTH="249" HEIGHT="37" WC="0.92" CONTENT="vägväsendet,"/>
						</TextLine>
						<TextLine ID="line_31" HPOS="262" VPOS="1922" WIDTH="1511" HEIGHT="38">
							<String ID="string_229" HPOS="262" VPOS="1922" WIDTH="285" HEIGHT="37" WC="0.91" CONTENT="skjutshållning"/><SP WIDTH="36" VPOS="1922" HPOS="547"/>
							<String ID="string_230" HPOS="583" VPOS="1923" WIDTH="63" HEIGHT="31" WC="0.95" CONTENT="och"/><SP WIDTH="35" VPOS="1923" HPOS="646"/>
							<String ID="string_231" HPOS="681" VPOS="1924" WIDTH="246" HEIGHT="36" WC="0.95" CONTENT="gästgiverier,"/><SP WIDTH="25" VPOS="1924" HPOS="927"/>
							<String ID="string_232" HPOS="952" VPOS="1924" WIDTH="114" HEIGHT="36" WC="0.96" CONTENT="broar,"/><SP WIDTH="24" VPOS="1924" HPOS="1066"/>
							<String ID="string_233" HPOS="1090" VPOS="1924" WIDTH="121" HEIGHT="36" WC="0.93" CONTENT="färjor,"/><SP WIDTH="24" VPOS="1924" HPOS="1211"/>
							<String ID="string_234" HPOS="1235" VPOS="1924" WIDTH="304" HEIGHT="31" WC="0.90" CONTENT="automobiltrafik"/><SP WIDTH="24" VPOS="1924" HPOS="1539"/>
							<String ID="string_235" HPOS="1563" VPOS="1925" WIDTH="91" HEIGHT="29" WC="0.93" CONTENT="samt"/><SP WIDTH="22" VPOS="1925" HPOS="1654"/>
							<String ID="string_236" HPOS="1676" VPOS="1924" WIDTH="97" HEIGHT="31" WC="0.92" CONTENT="kom-"/>
						</TextLine>
						<TextLine ID="line_32" HPOS="263" VPOS="1973" WIDTH="1509" HEIGHT="38">
							<String ID="string_237" HPOS="263" VPOS="1975" WIDTH="415" HEIGHT="31" WC="0.91" CONTENT="munikationsväsendet"/><SP WIDTH="28" VPOS="1975" HPOS="678"/>
							<String ID="string_238" HPOS="706" VPOS="1976" WIDTH="13" HEIGHT="30" WC="0.96" CONTENT="i"/><SP WIDTH="23" VPOS="1976" HPOS="719"/>
							<String ID="string_239" HPOS="742" VPOS="1973" WIDTH="148" HEIGHT="38" WC="0.96" CONTENT="övrigt):"/><SP WIDTH="25" VPOS="1973" HPOS="890"/>
							<String ID="string_240" HPOS="915" VPOS="1977" WIDTH="18" HEIGHT="29" WC="0.77" CONTENT="1"/><SP WIDTH="25" VPOS="1977" HPOS="933"/>
							<String ID="string_241" HPOS="958" VPOS="1975" WIDTH="193" HEIGHT="36" WC="0.95" CONTENT="kansliråd,"/><SP WIDTH="26" VPOS="1975" HPOS="1151"/>
							<String ID="string_242" HPOS="1177" VPOS="1977" WIDTH="17" HEIGHT="29" WC="0.96" CONTENT="1"/><SP WIDTH="25" VPOS="1977" HPOS="1194"/>
							<String ID="string_243" HPOS="1219" VPOS="1976" WIDTH="109" HEIGHT="31" WC="0.92" CONTENT="förste"/><SP WIDTH="24" VPOS="1976" HPOS="1328"/>
							<String ID="string_244" HPOS="1352" VPOS="1976" WIDTH="333" HEIGHT="30" WC="0.91" CONTENT="kanslisekreterare"/><SP WIDTH="24" VPOS="1976" HPOS="1685"/>
							<String ID="string_245" HPOS="1709" VPOS="1976" WIDTH="63" HEIGHT="30" WC="0.96" CONTENT="och"/>
						</TextLine>
						<TextLine ID="line_33" HPOS="263" VPOS="2026" WIDTH="638" HEIGHT="36">
							<String ID="string_246" HPOS="263" VPOS="2027" WIDTH="19" HEIGHT="29" WC="0.96" CONTENT="1"/><SP WIDTH="24" VPOS="2027" HPOS="282"/>
							<String ID="string_247" HPOS="306" VPOS="2026" WIDTH="108" HEIGHT="31" WC="0.93" CONTENT="andre"/><SP WIDTH="24" VPOS="2026" HPOS="414"/>
							<String ID="string_248" HPOS="438" VPOS="2026" WIDTH="348" HEIGHT="36" WC="0.91" CONTENT="kanslisekreterare;"/><SP WIDTH="23" VPOS="2026" HPOS="786"/>
							<String ID="string_249" HPOS="809" VPOS="2028" WIDTH="92" HEIGHT="30" WC="0.96" CONTENT="samt"/>
						</TextLine>
					</TextBlock>
					<TextBlock ID="block_13" HPOS="306" VPOS="2077" WIDTH="1466" HEIGHT="38">
						<TextLine ID="line_34" HPOS="306" VPOS="2077" WIDTH="1466" HEIGHT="38">
							<String ID="string_250" HPOS="306" VPOS="2078" WIDTH="63" HEIGHT="32" WC="0.93" CONTENT="hos"/><SP WIDTH="17" VPOS="2078" HPOS="369"/>
							<String ID="string_251" HPOS="386" VPOS="2077" WIDTH="211" HEIGHT="38" WC="0.92" CONTENT="byråchefen"/><SP WIDTH="16" VPOS="2077" HPOS="597"/>
							<String ID="string_252" HPOS="613" VPOS="2078" WIDTH="56" HEIGHT="36" WC="0.91" CONTENT="för"/><SP WIDTH="12" VPOS="2078" HPOS="669"/>
							<String ID="string_253" HPOS="681" VPOS="2079" WIDTH="613" HEIGHT="36" WC="0.85" CONTENT="regeringsrättsföredragningen:1"/><SP WIDTH="14" VPOS="2079" HPOS="1294"/>
							<String ID="string_254" HPOS="1308" VPOS="2078" WIDTH="107" HEIGHT="32" WC="0.93" CONTENT="andre"/><SP WIDTH="13" VPOS="2078" HPOS="1415"/>
							<String ID="string_255" HPOS="1428" VPOS="2078" WIDTH="344" HEIGHT="32" WC="0.91" CONTENT="kanslisekreterare."/>
						</TextLine>
					</TextBlock>
					<TextBlock ID="block_14" HPOS="261" VPOS="2129" WIDTH="1512" HEIGHT="400">
						<TextLine ID="line_35" HPOS="305" VPOS="2129" WIDTH="1468" HEIGHT="38">
							<String ID="string_256" HPOS="305" VPOS="2129" WIDTH="18" HEIGHT="31" WC="0.94" CONTENT="I"/><SP WIDTH="34" VPOS="2129" HPOS="323"/>
							<String ID="string_257" HPOS="357" VPOS="2130" WIDTH="103" HEIGHT="36" WC="0.96" CONTENT="fråga"/><SP WIDTH="34" VPOS="2130" HPOS="460"/>
							<String ID="string_258" HPOS="494" VPOS="2140" WIDTH="56" HEIGHT="21" WC="0.94" CONTENT="om"/><SP WIDTH="35" VPOS="2140" HPOS="550"/>
							<String ID="string_259" HPOS="585" VPOS="2130" WIDTH="149" HEIGHT="31" WC="0.94" CONTENT="behovet"/><SP WIDTH="31" VPOS="2130" HPOS="734"/>
							<String ID="string_260" HPOS="765" VPOS="2131" WIDTH="12" HEIGHT="30" WC="0.96" CONTENT="i"/><SP WIDTH="24" VPOS="2131" HPOS="777"/>
							<String ID="string_261" HPOS="801" VPOS="2130" WIDTH="280" HEIGHT="37" WC="0.96" CONTENT="fortsättningen"/><SP WIDTH="22" VPOS="2130" HPOS="1081"/>
							<String ID="string_262" HPOS="1103" VPOS="2141" WIDTH="46" HEIGHT="20" WC="0.93" CONTENT="av"/><SP WIDTH="23" VPOS="2141" HPOS="1149"/>
							<String ID="string_263" HPOS="1172" VPOS="2130" WIDTH="254" HEIGHT="32" WC="0.92" CONTENT="arbetskrafter"/><SP WIDTH="23" VPOS="2130" HPOS="1426"/>
							<String ID="string_264" HPOS="1449" VPOS="2131" WIDTH="55" HEIGHT="31" WC="0.93" CONTENT="för"/><SP WIDTH="23" VPOS="2131" HPOS="1504"/>
							<String ID="string_265" HPOS="1527" VPOS="2130" WIDTH="246" HEIGHT="32" WC="0.92" CONTENT="kommunika-"/>
						</TextLine>
						<TextLine ID="line_36" HPOS="262" VPOS="2181" WIDTH="1510" HEIGHT="39">
							<String ID="string_266" HPOS="262" VPOS="2181" WIDTH="372" HEIGHT="37" WC="0.92" CONTENT="tionsdepartementet"/><SP WIDTH="34" VPOS="2181" HPOS="634"/>
							<String ID="string_267" HPOS="668" VPOS="2183" WIDTH="116" HEIGHT="31" WC="0.96" CONTENT="skulle"/><SP WIDTH="34" VPOS="2183" HPOS="784"/>
							<String ID="string_268" HPOS="818" VPOS="2183" WIDTH="62" HEIGHT="31" WC="0.90" CONTENT="vid"/><SP WIDTH="36" VPOS="2183" HPOS="880"/>
							<String ID="string_269" HPOS="916" VPOS="2183" WIDTH="103" HEIGHT="31" WC="0.96" CONTENT="bifall"/><SP WIDTH="34" VPOS="2183" HPOS="1019"/>
							<String ID="string_270" HPOS="1053" VPOS="2183" WIDTH="59" HEIGHT="31" WC="0.95" CONTENT="till"/><SP WIDTH="34" VPOS="2183" HPOS="1112"/>
							<String ID="string_271" HPOS="1146" VPOS="2182" WIDTH="137" HEIGHT="36" WC="0.95" CONTENT="Kungl."/><SP WIDTH="35" VPOS="2182" HPOS="1283"/>
							<String ID="string_272" HPOS="1318" VPOS="2183" WIDTH="123" HEIGHT="37" WC="0.94" CONTENT="Maj:ts"/><SP WIDTH="23" VPOS="2183" HPOS="1441"/>
							<String ID="string_273" HPOS="1464" VPOS="2183" WIDTH="132" HEIGHT="36" WC="0.96" CONTENT="förslag"/><SP WIDTH="25" VPOS="2183" HPOS="1596"/>
							<String ID="string_274" HPOS="1621" VPOS="2183" WIDTH="59" HEIGHT="31" WC="0.93" CONTENT="till"/><SP WIDTH="24" VPOS="2183" HPOS="1680"/>
							<String ID="string_275" HPOS="1704" VPOS="2183" WIDTH="68" HEIGHT="31" WC="0.92" CONTENT="för-"/>
						</TextLine>
						<TextLine ID="line_37" HPOS="262" VPOS="2233" WIDTH="1510" HEIGHT="38">
							<String ID="string_276" HPOS="262" VPOS="2233" WIDTH="154" HEIGHT="37" WC="0.95" CONTENT="ändring"/><SP WIDTH="39" VPOS="2233" HPOS="416"/>
							<String ID="string_277" HPOS="455" VPOS="2235" WIDTH="13" HEIGHT="30" WC="0.92" CONTENT="i"/><SP WIDTH="40" VPOS="2235" HPOS="468"/>
							<String ID="string_278" HPOS="508" VPOS="2234" WIDTH="599" HEIGHT="37" WC="0.90" CONTENT="regeringsrättsföredragandenas"/><SP WIDTH="40" VPOS="2234" HPOS="1107"/>
							<String ID="string_279" HPOS="1147" VPOS="2235" WIDTH="172" HEIGHT="35" WC="0.96" CONTENT="ställning"/><SP WIDTH="39" VPOS="2235" HPOS="1319"/>
							<String ID="string_280" HPOS="1358" VPOS="2244" WIDTH="44" HEIGHT="22" WC="0.96" CONTENT="en"/><SP WIDTH="38" VPOS="2244" HPOS="1402"/>
							<String ID="string_281" HPOS="1440" VPOS="2237" WIDTH="101" HEIGHT="29" WC="0.93" CONTENT="extra"/><SP WIDTH="33" VPOS="2237" HPOS="1541"/>
							<String ID="string_282" HPOS="1574" VPOS="2235" WIDTH="198" HEIGHT="36" WC="0.91" CONTENT="byråchefs-"/>
						</TextLine>
						<TextLine ID="line_38" HPOS="261" VPOS="2285" WIDTH="1512" HEIGHT="37">
							<String ID="string_283" HPOS="261" VPOS="2285" WIDTH="203" HEIGHT="37" WC="0.96" CONTENT="befattning"/><SP WIDTH="34" VPOS="2285" HPOS="464"/>
							<String ID="string_284" HPOS="498" VPOS="2286" WIDTH="64" HEIGHT="31" WC="0.96" CONTENT="och"/><SP WIDTH="34" VPOS="2286" HPOS="562"/>
							<String ID="string_285" HPOS="596" VPOS="2296" WIDTH="44" HEIGHT="21" WC="0.96" CONTENT="en"/><SP WIDTH="33" VPOS="2296" HPOS="640"/>
							<String ID="string_286" HPOS="673" VPOS="2286" WIDTH="109" HEIGHT="31" WC="0.92" CONTENT="andre"/><SP WIDTH="34" VPOS="2286" HPOS="782"/>
							<String ID="string_287" HPOS="816" VPOS="2286" WIDTH="429" HEIGHT="36" WC="0.89" CONTENT="kanslisekreterartjänst"/><SP WIDTH="35" VPOS="2286" HPOS="1245"/>
							<String ID="string_288" HPOS="1280" VPOS="2286" WIDTH="100" HEIGHT="31" WC="0.93" CONTENT="bliva"/><SP WIDTH="34" VPOS="2286" HPOS="1380"/>
							<String ID="string_289" HPOS="1414" VPOS="2287" WIDTH="221" HEIGHT="35" WC="0.91" CONTENT="obehövliga."/><SP WIDTH="56" VPOS="2287" HPOS="1635"/>
							<String ID="string_290" HPOS="1691" VPOS="2286" WIDTH="82" HEIGHT="31" WC="0.96" CONTENT="Med"/>
						</TextLine>
						<TextLine ID="line_39" HPOS="262" VPOS="2336" WIDTH="1511" HEIGHT="38">
							<String ID="string_291" HPOS="262" VPOS="2336" WIDTH="138" HEIGHT="37" WC="0.96" CONTENT="hänsyn"/><SP WIDTH="34" VPOS="2336" HPOS="400"/>
							<String ID="string_292" HPOS="434" VPOS="2337" WIDTH="109" HEIGHT="31" WC="0.96" CONTENT="bland"/><SP WIDTH="34" VPOS="2337" HPOS="543"/>
							<String ID="string_293" HPOS="577" VPOS="2339" WIDTH="111" HEIGHT="29" WC="0.95" CONTENT="annat"/><SP WIDTH="31" VPOS="2339" HPOS="688"/>
							<String ID="string_294" HPOS="719" VPOS="2338" WIDTH="58" HEIGHT="31" WC="0.95" CONTENT="till"/><SP WIDTH="24" VPOS="2338" HPOS="777"/>
							<String ID="string_295" HPOS="801" VPOS="2338" WIDTH="67" HEIGHT="31" WC="0.96" CONTENT="den"/><SP WIDTH="24" VPOS="2338" HPOS="868"/>
							<String ID="string_296" HPOS="892" VPOS="2338" WIDTH="210" HEIGHT="35" WC="0.93" CONTENT="ifrågasatta"/><SP WIDTH="24" VPOS="2338" HPOS="1102"/>
							<String ID="string_297" HPOS="1126" VPOS="2338" WIDTH="358" HEIGHT="36" WC="0.91" CONTENT="decentraliseringen"/><SP WIDTH="24" VPOS="2338" HPOS="1484"/>
							<String ID="string_298" HPOS="1508" VPOS="2338" WIDTH="44" HEIGHT="30" WC="0.96" CONTENT="ha"/><SP WIDTH="23" VPOS="2338" HPOS="1552"/>
							<String ID="string_299" HPOS="1575" VPOS="2337" WIDTH="198" HEIGHT="32" WC="0.95" CONTENT="emellertid"/>
						</TextLine>
						<TextLine ID="line_40" HPOS="262" VPOS="2388" WIDTH="1511" HEIGHT="38">
							<String ID="string_300" HPOS="262" VPOS="2388" WIDTH="208" HEIGHT="37" WC="0.92" CONTENT="ytterligare"/><SP WIDTH="35" VPOS="2388" HPOS="470"/>
							<String ID="string_301" HPOS="505" VPOS="2388" WIDTH="259" HEIGHT="38" WC="0.92" CONTENT="indragningar"/><SP WIDTH="34" VPOS="2388" HPOS="764"/>
							<String ID="string_302" HPOS="798" VPOS="2391" WIDTH="133" HEIGHT="30" WC="0.96" CONTENT="ansetts"/><SP WIDTH="35" VPOS="2391" HPOS="931"/>
							<String ID="string_303" HPOS="966" VPOS="2389" WIDTH="122" HEIGHT="30" WC="0.96" CONTENT="kunna"/><SP WIDTH="34" VPOS="2389" HPOS="1088"/>
							<String ID="string_304" HPOS="1122" VPOS="2389" WIDTH="176" HEIGHT="36" WC="0.94" CONTENT="vidtagas."/><SP WIDTH="52" VPOS="2389" HPOS="1298"/>
							<String ID="string_305" HPOS="1350" VPOS="2389" WIDTH="159" HEIGHT="31" WC="0.51" CONTENT="Sålunda"/><SP WIDTH="35" VPOS="2389" HPOS="1509"/>
							<String ID="string_306" HPOS="1544" VPOS="2390" WIDTH="64" HEIGHT="30" WC="0.95" CONTENT="har"/><SP WIDTH="30" VPOS="2390" HPOS="1608"/>
							<String ID="string_307" HPOS="1638" VPOS="2389" WIDTH="135" HEIGHT="31" WC="0.96" CONTENT="antalet"/>
						</TextLine>
						<TextLine ID="line_41" HPOS="262" VPOS="2440" WIDTH="1511" HEIGHT="37">
							<String ID="string_308" HPOS="262" VPOS="2440" WIDTH="126" HEIGHT="36" WC="0.96" CONTENT="byråer"/><SP WIDTH="34" VPOS="2440" HPOS="388"/>
							<String ID="string_309" HPOS="422" VPOS="2440" WIDTH="96" HEIGHT="31" WC="0.96" CONTENT="inom"/><SP WIDTH="34" VPOS="2440" HPOS="518"/>
							<String ID="string_310" HPOS="552" VPOS="2440" WIDTH="277" HEIGHT="36" WC="0.96" CONTENT="departementet"/><SP WIDTH="34" VPOS="2440" HPOS="829"/>
							<String ID="string_311" HPOS="863" VPOS="2441" WIDTH="100" HEIGHT="36" WC="0.96" CONTENT="synts"/><SP WIDTH="34" VPOS="2441" HPOS="963"/>
							<String ID="string_312" HPOS="997" VPOS="2441" WIDTH="124" HEIGHT="30" WC="0.96" CONTENT="kunna"/><SP WIDTH="30" VPOS="2441" HPOS="1121"/>
							<String ID="string_313" HPOS="1151" VPOS="2441" WIDTH="211" HEIGHT="31" WC="0.95" CONTENT="bestämmas"/><SP WIDTH="24" VPOS="2441" HPOS="1362"/>
							<String ID="string_314" HPOS="1386" VPOS="2441" WIDTH="58" HEIGHT="31" WC="0.96" CONTENT="till"/><SP WIDTH="24" VPOS="2441" HPOS="1444"/>
							<String ID="string_315" HPOS="1468" VPOS="2442" WIDTH="72" HEIGHT="35" WC="0.95" CONTENT="två,"/><SP WIDTH="24" VPOS="2442" HPOS="1540"/>
							<String ID="string_316" HPOS="1564" VPOS="2441" WIDTH="209" HEIGHT="36" WC="0.96" CONTENT="varigenom"/>
						</TextLine>
						<TextLine ID="line_42" HPOS="262" VPOS="2491" WIDTH="1509" HEIGHT="38">
							<String ID="string_317" HPOS="262" VPOS="2491" WIDTH="244" HEIGHT="32" WC="0.91" CONTENT="kanslirådens"/><SP WIDTH="35" VPOS="2491" HPOS="506"/>
							<String ID="string_318" HPOS="541" VPOS="2493" WIDTH="98" HEIGHT="30" WC="0.96" CONTENT="antal"/><SP WIDTH="36" VPOS="2493" HPOS="639"/>
							<String ID="string_319" HPOS="675" VPOS="2493" WIDTH="12" HEIGHT="30" WC="0.95" CONTENT="i"/><SP WIDTH="35" VPOS="2493" HPOS="687"/>
							<String ID="string_320" HPOS="722" VPOS="2503" WIDTH="134" HEIGHT="20" WC="0.96" CONTENT="samma"/><SP WIDTH="35" VPOS="2503" HPOS="856"/>
							<String ID="string_321" HPOS="891" VPOS="2493" WIDTH="83" HEIGHT="30" WC="0.95" CONTENT="mån"/><SP WIDTH="23" VPOS="2493" HPOS="974"/>
							<String ID="string_322" HPOS="997" VPOS="2492" WIDTH="116" HEIGHT="31" WC="0.96" CONTENT="skulle"/><SP WIDTH="25" VPOS="2492" HPOS="1113"/>
							<String ID="string_323" HPOS="1138" VPOS="2493" WIDTH="167" HEIGHT="36" WC="0.96" CONTENT="minskas,"/><SP WIDTH="25" VPOS="2493" HPOS="1305"/>
							<String ID="string_324" HPOS="1330" VPOS="2493" WIDTH="64" HEIGHT="31" WC="0.96" CONTENT="och"/><SP WIDTH="24" VPOS="2493" HPOS="1394"/>
							<String ID="string_325" HPOS="1418" VPOS="2493" WIDTH="91" HEIGHT="30" WC="0.96" CONTENT="hava"/><SP WIDTH="24" VPOS="2493" HPOS="1509"/>
							<String ID="string_326" HPOS="1533" VPOS="2492" WIDTH="175" HEIGHT="32" WC="0.92" CONTENT="ärendena"/><SP WIDTH="24" VPOS="2492" HPOS="1708"/>
							<String ID="string_327" HPOS="1732" VPOS="2512" WIDTH="39" HEIGHT="4" WC="0.85" CONTENT="—"/>
						</TextLine>
					</TextBlock>
				</ComposedBlock>
			</PrintSpace>
		</Page>
	</Layout>
</alto>
