<?xml version="1.0" encoding="UTF-8"?>
<alto xmlns="http://www.loc.gov/standards/alto/ns-v3#" xmlns:xlink="http://www.w3.org/1999/xlink" xmlns:xsi="http://www.w3.org/2001/XMLSchema-instance" xsi:schemaLocation="http://www.loc.gov/standards/alto/ns-v3# http://www.loc.gov/alto/v3/alto-3-0.xsd">
	<Description>
		<MeasurementUnit>pixel</MeasurementUnit>
		<sourceImageInformation>
			<fileName>/tmp/tess_qlf6i_ip_input.PNG</fileName>
		</sourceImageInformation>
		<OCRProcessing ID="OCR_0">
			<ocrProcessingStep>
				<processingSoftware>
					<softwareName>tesseract 5.3.0</softwareName>
				</processingSoftware>
			</ocrProcessingStep>
		</OCRProcessing>
	</Description>
	<Layout>
		<Page WIDTH="1907" HEIGHT="2830" PHYSICAL_IMG_NR="0" ID="page_0">
			<PrintSpace HPOS="0" VPOS="0" WIDTH="1907" HEIGHT="2830">
				<ComposedBlock ID="cblock_0" HPOS="503" VPOS="140" WIDTH="1128" HEIGHT="32">
					<TextBlock ID="block_0" HPOS="503" VPOS="140" WIDTH="1128" HEIGHT="32">
						<TextLine ID="line_0" HPOS="503" VPOS="140" WIDTH="1128" HEIGHT="32">
							<String ID="string_0" HPOS="503" VPOS="140" WIDTH="285" HEIGHT="28" WC="0.90" CONTENT="Statsutskottets"/><SP WIDTH="22" VPOS="140" HPOS="788"/>
							<String ID="string_1" HPOS="810" VPOS="140" WIDTH="177" HEIGHT="29" WC="0.95" CONTENT="utlåtande"/><SP WIDTH="19" VPOS="140" HPOS="987"/>
							<String ID="string_2" HPOS="1006" VPOS="149" WIDTH="44" HEIGHT="20" WC="0.96" CONTENT="nr"/><SP WIDTH="18" VPOS="149" HPOS="1050"/>
							<String ID="string_3" HPOS="1068" VPOS="141" WIDTH="40" HEIGHT="28" WC="0.96" CONTENT="53"/><SP WIDTH="19" VPOS="141" HPOS="1108"/>
							<String ID="string_4" HPOS="1127" VPOS="140" WIDTH="39" HEIGHT="29" WC="0.94" CONTENT="år"/><SP WIDTH="21" VPOS="140" HPOS="1166"/>
							<String ID="string_5" HPOS="1187" VPOS="141" WIDTH="82" HEIGHT="28" WC="0.96" CONTENT="1967"/><SP WIDTH="321" VPOS="141" HPOS="1269"/>
							<String ID="string_6" HPOS="1590" VPOS="143" WIDTH="41" HEIGHT="29" WC="0.96" CONTENT="17"/>
						</TextLine>
					</TextBlock>
				</ComposedBlock>
				<ComposedBlock ID="cblock_1" HPOS="191" VPOS="219" WIDTH="1437" HEIGHT="256">
					<TextBlock ID="block_1" HPOS="191" VPOS="219" WIDTH="1437" HEIGHT="256">
						<TextLine ID="line_1" HPOS="191" VPOS="219" WIDTH="405" HEIGHT="35">
							<String ID="string_7" HPOS="191" VPOS="219" WIDTH="173" HEIGHT="30" WC="0.86" CONTENT="Utskottet"/><SP WIDTH="21" VPOS="219" HPOS="364"/>
							<String ID="string_8" HPOS="385" VPOS="220" WIDTH="211" HEIGHT="34" WC="0.96" CONTENT="hemställer,"/>
						</TextLine>
						<TextLine ID="line_2" HPOS="509" VPOS="273" WIDTH="1119" HEIGHT="42">
							<String ID="string_9" HPOS="509" VPOS="273" WIDTH="35" HEIGHT="33" WC="0.95" CONTENT="a)"/><SP WIDTH="32" VPOS="273" HPOS="544"/>
							<String ID="string_10" HPOS="576" VPOS="275" WIDTH="49" HEIGHT="27" WC="0.96" CONTENT="att"/><SP WIDTH="26" VPOS="275" HPOS="625"/>
							<String ID="string_11" HPOS="651" VPOS="274" WIDTH="219" HEIGHT="29" WC="0.96" CONTENT="motionerna"/><SP WIDTH="26" VPOS="274" HPOS="870"/>
							<String ID="string_12" HPOS="896" VPOS="274" WIDTH="84" HEIGHT="30" WC="0.56" CONTENT="1:82"/><SP WIDTH="28" VPOS="274" HPOS="980"/>
							<String ID="string_13" HPOS="1008" VPOS="275" WIDTH="64" HEIGHT="29" WC="0.96" CONTENT="och"/><SP WIDTH="27" VPOS="275" HPOS="1072"/>
							<String ID="string_14" HPOS="1099" VPOS="275" WIDTH="44" HEIGHT="29" WC="0.58" CONTENT="II:"/><SP WIDTH="18" VPOS="275" HPOS="1143"/>
							<String ID="string_15" HPOS="1161" VPOS="274" WIDTH="60" HEIGHT="30" WC="0.58" CONTENT="113"/><SP WIDTH="27" VPOS="274" HPOS="1221"/>
							<String ID="string_16" HPOS="1248" VPOS="274" WIDTH="75" HEIGHT="30" WC="0.96" CONTENT="icke"/><SP WIDTH="28" VPOS="274" HPOS="1323"/>
							<String ID="string_17" HPOS="1351" VPOS="275" WIDTH="57" HEIGHT="29" WC="0.95" CONTENT="må"/><SP WIDTH="26" VPOS="275" HPOS="1408"/>
							<String ID="string_18" HPOS="1434" VPOS="275" WIDTH="52" HEIGHT="29" WC="0.96" CONTENT="till"/><SP WIDTH="28" VPOS="275" HPOS="1486"/>
							<String ID="string_19" HPOS="1514" VPOS="275" WIDTH="114" HEIGHT="40" WC="0.95" CONTENT="någon"/>
						</TextLine>
						<TextLine ID="line_3" HPOS="464" VPOS="327" WIDTH="561" HEIGHT="40">
							<String ID="string_20" HPOS="464" VPOS="327" WIDTH="204" HEIGHT="39" WC="0.96" CONTENT="riksdagens"/><SP WIDTH="21" VPOS="327" HPOS="668"/>
							<String ID="string_21" HPOS="689" VPOS="327" WIDTH="120" HEIGHT="40" WC="0.96" CONTENT="åtgärd"/><SP WIDTH="21" VPOS="327" HPOS="809"/>
							<String ID="string_22" HPOS="830" VPOS="327" WIDTH="195" HEIGHT="36" WC="0.96" CONTENT="föranleda;"/>
						</TextLine>
						<TextLine ID="line_4" HPOS="509" VPOS="381" WIDTH="1119" HEIGHT="42">
							<String ID="string_23" HPOS="509" VPOS="381" WIDTH="36" HEIGHT="33" WC="0.93" CONTENT="b)"/><SP WIDTH="29" VPOS="381" HPOS="545"/>
							<String ID="string_24" HPOS="574" VPOS="382" WIDTH="50" HEIGHT="28" WC="0.96" CONTENT="att"/><SP WIDTH="23" VPOS="382" HPOS="624"/>
							<String ID="string_25" HPOS="647" VPOS="381" WIDTH="218" HEIGHT="30" WC="0.96" CONTENT="motionerna"/><SP WIDTH="24" VPOS="381" HPOS="865"/>
							<String ID="string_26" HPOS="889" VPOS="382" WIDTH="28" HEIGHT="29" WC="0.36" CONTENT="I:"/><SP WIDTH="16" VPOS="382" HPOS="917"/>
							<String ID="string_27" HPOS="933" VPOS="382" WIDTH="62" HEIGHT="30" WC="0.36" CONTENT="262"/><SP WIDTH="25" VPOS="382" HPOS="995"/>
							<String ID="string_28" HPOS="1020" VPOS="382" WIDTH="64" HEIGHT="30" WC="0.96" CONTENT="och"/><SP WIDTH="24" VPOS="382" HPOS="1084"/>
							<String ID="string_29" HPOS="1108" VPOS="382" WIDTH="45" HEIGHT="30" WC="0.94" CONTENT="II:"/><SP WIDTH="17" VPOS="382" HPOS="1153"/>
							<String ID="string_30" HPOS="1170" VPOS="381" WIDTH="62" HEIGHT="31" WC="0.94" CONTENT="340"/><SP WIDTH="25" VPOS="381" HPOS="1232"/>
							<String ID="string_31" HPOS="1257" VPOS="382" WIDTH="74" HEIGHT="30" WC="0.96" CONTENT="icke"/><SP WIDTH="26" VPOS="382" HPOS="1331"/>
							<String ID="string_32" HPOS="1357" VPOS="383" WIDTH="56" HEIGHT="29" WC="0.96" CONTENT="må"/><SP WIDTH="24" VPOS="383" HPOS="1413"/>
							<String ID="string_33" HPOS="1437" VPOS="383" WIDTH="52" HEIGHT="29" WC="0.96" CONTENT="till"/><SP WIDTH="25" VPOS="383" HPOS="1489"/>
							<String ID="string_34" HPOS="1514" VPOS="383" WIDTH="114" HEIGHT="40" WC="0.96" CONTENT="någon"/>
						</TextLine>
						<TextLine ID="line_5" HPOS="465" VPOS="434" WIDTH="549" HEIGHT="41">
							<String ID="string_35" HPOS="465" VPOS="434" WIDTH="204" HEIGHT="40" WC="0.96" CONTENT="riksdagens"/><SP WIDTH="17" VPOS="434" HPOS="669"/>
							<String ID="string_36" HPOS="686" VPOS="435" WIDTH="120" HEIGHT="40" WC="0.96" CONTENT="åtgärd"/><SP WIDTH="18" VPOS="435" HPOS="806"/>
							<String ID="string_37" HPOS="824" VPOS="435" WIDTH="190" HEIGHT="30" WC="0.96" CONTENT="föranleda."/>
						</TextLine>
					</TextBlock>
				</ComposedBlock>
				<ComposedBlock ID="cblock_2" HPOS="439" VPOS="662" WIDTH="893" HEIGHT="34">
					<TextBlock ID="block_2" HPOS="439" VPOS="662" WIDTH="893" HEIGHT="34">
						<TextLine ID="line_6" HPOS="439" VPOS="662" WIDTH="893" HEIGHT="34">
							<String ID="string_38" HPOS="439" VPOS="662" WIDTH="246" HEIGHT="33" WC="0.92" CONTENT="Multilateralt"/><SP WIDTH="16" VPOS="662" HPOS="685"/>
							<String ID="string_39" HPOS="701" VPOS="662" WIDTH="156" HEIGHT="34" WC="0.96" CONTENT="tekniskt"/><SP WIDTH="16" VPOS="662" HPOS="857"/>
							<String ID="string_40" HPOS="873" VPOS="663" WIDTH="68" HEIGHT="33" WC="0.96" CONTENT="och"/><SP WIDTH="15" VPOS="663" HPOS="941"/>
							<String ID="string_41" HPOS="956" VPOS="663" WIDTH="221" HEIGHT="33" WC="0.96" CONTENT="humanitärt"/><SP WIDTH="15" VPOS="663" HPOS="1177"/>
							<String ID="string_42" HPOS="1192" VPOS="663" WIDTH="140" HEIGHT="33" WC="0.96" CONTENT="bistånd"/>
						</TextLine>
					</TextBlock>
				</ComposedBlock>
				<ComposedBlock ID="cblock_3" HPOS="140" VPOS="764" WIDTH="1490" HEIGHT="366">
					<TextBlock ID="block_3" HPOS="140" VPOS="764" WIDTH="1490" HEIGHT="366">
						<TextLine ID="line_7" HPOS="187" VPOS="764" WIDTH="1443" HEIGHT="40">
							<String ID="string_43" HPOS="187" VPOS="764" WIDTH="74" HEIGHT="34" WC="0.89" CONTENT="9:0)"/><SP WIDTH="30" VPOS="764" HPOS="261"/>
							<String ID="string_44" HPOS="291" VPOS="765" WIDTH="148" HEIGHT="29" WC="0.96" CONTENT="Förenta"/><SP WIDTH="15" VPOS="765" HPOS="439"/>
							<String ID="string_45" HPOS="454" VPOS="766" WIDTH="229" HEIGHT="29" WC="0.93" CONTENT="Nationernas"/><SP WIDTH="18" VPOS="766" HPOS="683"/>
							<String ID="string_46" HPOS="701" VPOS="767" WIDTH="376" HEIGHT="34" WC="0.91" CONTENT="utvecklingsprogram"/><SP WIDTH="22" VPOS="767" HPOS="1077"/>
							<String ID="string_47" HPOS="1099" VPOS="767" WIDTH="163" HEIGHT="33" WC="0.95" CONTENT="(UNDP)."/><SP WIDTH="18" VPOS="767" HPOS="1262"/>
							<String ID="string_48" HPOS="1280" VPOS="768" WIDTH="13" HEIGHT="28" WC="0.95" CONTENT="I"/><SP WIDTH="17" VPOS="768" HPOS="1293"/>
							<String ID="string_49" HPOS="1310" VPOS="767" WIDTH="261" HEIGHT="37" WC="0.96" CONTENT="propositionen"/><SP WIDTH="16" VPOS="767" HPOS="1571"/>
							<String ID="string_50" HPOS="1587" VPOS="777" WIDTH="43" HEIGHT="20" WC="0.96" CONTENT="nr"/>
						</TextLine>
						<TextLine ID="line_8" HPOS="148" VPOS="819" WIDTH="1482" HEIGHT="41">
							<String ID="string_51" HPOS="148" VPOS="819" WIDTH="12" HEIGHT="28" WC="0.92" CONTENT="1"/><SP WIDTH="28" VPOS="819" HPOS="160"/>
							<String ID="string_52" HPOS="188" VPOS="819" WIDTH="65" HEIGHT="29" WC="0.92" CONTENT="har"/><SP WIDTH="25" VPOS="819" HPOS="253"/>
							<String ID="string_53" HPOS="278" VPOS="819" WIDTH="125" HEIGHT="39" WC="0.94" CONTENT="Kungl."/><SP WIDTH="28" VPOS="819" HPOS="403"/>
							<String ID="string_54" HPOS="431" VPOS="820" WIDTH="106" HEIGHT="39" WC="0.96" CONTENT="Maj:t"/><SP WIDTH="31" VPOS="820" HPOS="537"/>
							<String ID="string_55" HPOS="568" VPOS="819" WIDTH="130" HEIGHT="40" WC="0.95" CONTENT="(bilaga"/><SP WIDTH="26" VPOS="819" HPOS="698"/>
							<String ID="string_56" HPOS="724" VPOS="820" WIDTH="29" HEIGHT="34" WC="0.96" CONTENT="5,"/><SP WIDTH="26" VPOS="820" HPOS="753"/>
							<String ID="string_57" HPOS="779" VPOS="820" WIDTH="114" HEIGHT="39" WC="0.93" CONTENT="punkt"/><SP WIDTH="26" VPOS="820" HPOS="893"/>
							<String ID="string_58" HPOS="919" VPOS="820" WIDTH="24" HEIGHT="30" WC="0.90" CONTENT="C"/><SP WIDTH="29" VPOS="820" HPOS="943"/>
							<String ID="string_59" HPOS="972" VPOS="821" WIDTH="26" HEIGHT="33" WC="0.93" CONTENT="1,"/><SP WIDTH="28" VPOS="821" HPOS="998"/>
							<String ID="string_60" HPOS="1026" VPOS="830" WIDTH="25" HEIGHT="20" WC="0.91" CONTENT="s."/><SP WIDTH="28" VPOS="830" HPOS="1051"/>
							<String ID="string_61" HPOS="1079" VPOS="820" WIDTH="126" HEIGHT="30" WC="0.90" CONTENT="20—21"/><SP WIDTH="30" VPOS="820" HPOS="1205"/>
							<String ID="string_62" HPOS="1235" VPOS="830" WIDTH="42" HEIGHT="20" WC="0.92" CONTENT="av"/><SP WIDTH="24" VPOS="830" HPOS="1277"/>
							<String ID="string_63" HPOS="1301" VPOS="821" WIDTH="107" HEIGHT="39" WC="0.92" CONTENT="bilagt"/><SP WIDTH="27" VPOS="821" HPOS="1408"/>
							<String ID="string_64" HPOS="1435" VPOS="822" WIDTH="126" HEIGHT="38" WC="0.96" CONTENT="utdrag"/><SP WIDTH="26" VPOS="822" HPOS="1561"/>
							<String ID="string_65" HPOS="1587" VPOS="831" WIDTH="43" HEIGHT="20" WC="0.96" CONTENT="av"/>
						</TextLine>
						<TextLine ID="line_9" HPOS="144" VPOS="873" WIDTH="1484" HEIGHT="42">
							<String ID="string_66" HPOS="144" VPOS="873" WIDTH="384" HEIGHT="39" WC="0.91" CONTENT="statsrådsprotokollet"/><SP WIDTH="31" VPOS="873" HPOS="528"/>
							<String ID="string_67" HPOS="559" VPOS="874" WIDTH="80" HEIGHT="29" WC="0.92" CONTENT="över"/><SP WIDTH="32" VPOS="874" HPOS="639"/>
							<String ID="string_68" HPOS="671" VPOS="874" WIDTH="549" HEIGHT="39" WC="0.91" CONTENT="utrikesdepartementsärenden"/><SP WIDTH="32" VPOS="874" HPOS="1220"/>
							<String ID="string_69" HPOS="1252" VPOS="875" WIDTH="54" HEIGHT="29" WC="0.96" CONTENT="för"/><SP WIDTH="32" VPOS="875" HPOS="1306"/>
							<String ID="string_70" HPOS="1338" VPOS="875" WIDTH="67" HEIGHT="29" WC="0.96" CONTENT="den"/><SP WIDTH="32" VPOS="875" HPOS="1405"/>
							<String ID="string_71" HPOS="1437" VPOS="875" WIDTH="17" HEIGHT="29" WC="0.96" CONTENT="3"/><SP WIDTH="32" VPOS="875" HPOS="1454"/>
							<String ID="string_72" HPOS="1486" VPOS="875" WIDTH="142" HEIGHT="40" WC="0.96" CONTENT="januari"/>
						</TextLine>
						<TextLine ID="line_10" HPOS="145" VPOS="926" WIDTH="1482" HEIGHT="43">
							<String ID="string_73" HPOS="145" VPOS="926" WIDTH="99" HEIGHT="35" WC="0.96" CONTENT="1967)"/><SP WIDTH="26" VPOS="926" HPOS="244"/>
							<String ID="string_74" HPOS="270" VPOS="926" WIDTH="179" HEIGHT="40" WC="0.96" CONTENT="föreslagit"/><SP WIDTH="19" VPOS="926" HPOS="449"/>
							<String ID="string_75" HPOS="468" VPOS="927" WIDTH="189" HEIGHT="40" WC="0.96" CONTENT="riksdagen"/><SP WIDTH="19" VPOS="927" HPOS="657"/>
							<String ID="string_76" HPOS="676" VPOS="929" WIDTH="50" HEIGHT="29" WC="0.96" CONTENT="att"/><SP WIDTH="19" VPOS="929" HPOS="726"/>
							<String ID="string_77" HPOS="745" VPOS="928" WIDTH="72" HEIGHT="29" WC="0.95" CONTENT="dels"/><SP WIDTH="20" VPOS="928" HPOS="817"/>
							<String ID="string_78" HPOS="837" VPOS="928" WIDTH="53" HEIGHT="29" WC="0.96" CONTENT="till"/><SP WIDTH="19" VPOS="928" HPOS="890"/>
							<String ID="string_79" HPOS="909" VPOS="929" WIDTH="150" HEIGHT="29" WC="0.96" CONTENT="Förenta"/><SP WIDTH="19" VPOS="929" HPOS="1059"/>
							<String ID="string_80" HPOS="1078" VPOS="929" WIDTH="232" HEIGHT="29" WC="0.93" CONTENT="Nationernas"/><SP WIDTH="21" VPOS="929" HPOS="1310"/>
							<String ID="string_81" HPOS="1331" VPOS="929" WIDTH="296" HEIGHT="40" WC="0.90" CONTENT="utvecklingspro-"/>
						</TextLine>
						<TextLine ID="line_11" HPOS="142" VPOS="982" WIDTH="1487" HEIGHT="40">
							<String ID="string_82" HPOS="142" VPOS="989" WIDTH="97" HEIGHT="31" WC="0.95" CONTENT="gram"/><SP WIDTH="28" VPOS="989" HPOS="239"/>
							<String ID="string_83" HPOS="267" VPOS="982" WIDTH="153" HEIGHT="33" WC="0.96" CONTENT="(UNDP)"/><SP WIDTH="28" VPOS="982" HPOS="420"/>
							<String ID="string_84" HPOS="448" VPOS="982" WIDTH="53" HEIGHT="29" WC="0.96" CONTENT="för"/><SP WIDTH="23" VPOS="982" HPOS="501"/>
							<String ID="string_85" HPOS="524" VPOS="982" WIDTH="203" HEIGHT="39" WC="0.93" CONTENT="budgetåret"/><SP WIDTH="26" VPOS="982" HPOS="727"/>
							<String ID="string_86" HPOS="753" VPOS="982" WIDTH="147" HEIGHT="35" WC="0.92" CONTENT="1967/68"/><SP WIDTH="24" VPOS="982" HPOS="900"/>
							<String ID="string_87" HPOS="924" VPOS="983" WIDTH="121" HEIGHT="29" WC="0.96" CONTENT="anvisa"/><SP WIDTH="22" VPOS="983" HPOS="1045"/>
							<String ID="string_88" HPOS="1067" VPOS="985" WIDTH="47" HEIGHT="27" WC="0.96" CONTENT="ett"/><SP WIDTH="24" VPOS="985" HPOS="1114"/>
							<String ID="string_89" HPOS="1138" VPOS="984" WIDTH="120" HEIGHT="38" WC="0.96" CONTENT="anslag"/><SP WIDTH="24" VPOS="984" HPOS="1258"/>
							<String ID="string_90" HPOS="1282" VPOS="993" WIDTH="43" HEIGHT="20" WC="0.96" CONTENT="av"/><SP WIDTH="22" VPOS="993" HPOS="1325"/>
							<String ID="string_91" HPOS="1347" VPOS="983" WIDTH="40" HEIGHT="30" WC="0.87" CONTENT="80"/><SP WIDTH="14" VPOS="983" HPOS="1387"/>
							<String ID="string_92" HPOS="1401" VPOS="983" WIDTH="62" HEIGHT="30" WC="0.87" CONTENT="900"/><SP WIDTH="16" VPOS="983" HPOS="1463"/>
							<String ID="string_93" HPOS="1479" VPOS="984" WIDTH="61" HEIGHT="29" WC="0.93" CONTENT="000"/><SP WIDTH="25" VPOS="984" HPOS="1540"/>
							<String ID="string_94" HPOS="1565" VPOS="985" WIDTH="64" HEIGHT="33" WC="0.93" CONTENT="kr.,"/>
						</TextLine>
						<TextLine ID="line_12" HPOS="144" VPOS="1034" WIDTH="1482" HEIGHT="41">
							<String ID="string_95" HPOS="144" VPOS="1034" WIDTH="71" HEIGHT="29" WC="0.96" CONTENT="dels"/><SP WIDTH="28" VPOS="1034" HPOS="215"/>
							<String ID="string_96" HPOS="243" VPOS="1035" WIDTH="120" HEIGHT="38" WC="0.96" CONTENT="medge"/><SP WIDTH="28" VPOS="1035" HPOS="363"/>
							<String ID="string_97" HPOS="391" VPOS="1036" WIDTH="49" HEIGHT="28" WC="0.95" CONTENT="att"/><SP WIDTH="28" VPOS="1036" HPOS="440"/>
							<String ID="string_98" HPOS="468" VPOS="1035" WIDTH="138" HEIGHT="39" WC="0.96" CONTENT="Sverige"/><SP WIDTH="26" VPOS="1035" HPOS="606"/>
							<String ID="string_99" HPOS="632" VPOS="1035" WIDTH="178" HEIGHT="30" WC="0.96" CONTENT="förbinder"/><SP WIDTH="28" VPOS="1035" HPOS="810"/>
							<String ID="string_100" HPOS="838" VPOS="1035" WIDTH="52" HEIGHT="40" WC="0.96" CONTENT="sig"/><SP WIDTH="26" VPOS="1035" HPOS="890"/>
							<String ID="string_101" HPOS="916" VPOS="1037" WIDTH="49" HEIGHT="28" WC="0.95" CONTENT="att"/><SP WIDTH="28" VPOS="1037" HPOS="965"/>
							<String ID="string_102" HPOS="993" VPOS="1037" WIDTH="86" HEIGHT="28" WC="0.96" CONTENT="även"/><SP WIDTH="27" VPOS="1037" HPOS="1079"/>
							<String ID="string_103" HPOS="1106" VPOS="1036" WIDTH="111" HEIGHT="29" WC="0.96" CONTENT="under"/><SP WIDTH="26" VPOS="1036" HPOS="1217"/>
							<String ID="string_104" HPOS="1243" VPOS="1036" WIDTH="205" HEIGHT="39" WC="0.93" CONTENT="budgetåret"/><SP WIDTH="31" VPOS="1036" HPOS="1448"/>
							<String ID="string_105" HPOS="1479" VPOS="1037" WIDTH="147" HEIGHT="36" WC="0.93" CONTENT="1969/70"/>
						</TextLine>
						<TextLine ID="line_13" HPOS="140" VPOS="1089" WIDTH="1490" HEIGHT="41">
							<String ID="string_106" HPOS="140" VPOS="1089" WIDTH="119" HEIGHT="29" WC="0.96" CONTENT="lämna"/><SP WIDTH="19" VPOS="1089" HPOS="259"/>
							<String ID="string_107" HPOS="278" VPOS="1089" WIDTH="121" HEIGHT="39" WC="0.96" CONTENT="bidrag"/><SP WIDTH="20" VPOS="1089" HPOS="399"/>
							<String ID="string_108" HPOS="419" VPOS="1089" WIDTH="52" HEIGHT="29" WC="0.96" CONTENT="till"/><SP WIDTH="21" VPOS="1089" HPOS="471"/>
							<String ID="string_109" HPOS="492" VPOS="1090" WIDTH="149" HEIGHT="29" WC="0.96" CONTENT="Förenta"/><SP WIDTH="20" VPOS="1090" HPOS="641"/>
							<String ID="string_110" HPOS="661" VPOS="1090" WIDTH="230" HEIGHT="29" WC="0.93" CONTENT="Nationernas"/><SP WIDTH="21" VPOS="1090" HPOS="891"/>
							<String ID="string_111" HPOS="912" VPOS="1090" WIDTH="382" HEIGHT="40" WC="0.91" CONTENT="utvecklingsprogram"/><SP WIDTH="22" VPOS="1090" HPOS="1294"/>
							<String ID="string_112" HPOS="1316" VPOS="1091" WIDTH="79" HEIGHT="29" WC="0.96" CONTENT="med"/><SP WIDTH="23" VPOS="1091" HPOS="1395"/>
							<String ID="string_113" HPOS="1418" VPOS="1100" WIDTH="134" HEIGHT="20" WC="0.92" CONTENT="samma"/><SP WIDTH="21" VPOS="1100" HPOS="1552"/>
							<String ID="string_114" HPOS="1573" VPOS="1092" WIDTH="57" HEIGHT="29" WC="0.92" CONTENT="be-"/>
						</TextLine>
					</TextBlock>
				</ComposedBlock>
				<ComposedBlock ID="cblock_4" HPOS="140" VPOS="1142" WIDTH="92" HEIGHT="39">
					<TextBlock ID="block_4" HPOS="140" VPOS="1142" WIDTH="92" HEIGHT="39">
						<TextLine ID="line_14" HPOS="140" VPOS="1142" WIDTH="92" HEIGHT="39">
							<String ID="string_115" HPOS="140" VPOS="1142" WIDTH="92" HEIGHT="39" WC="0.96" CONTENT="lopp."/>
						</TextLine>
					</TextBlock>
				</ComposedBlock>
				<ComposedBlock ID="cblock_5" HPOS="138" VPOS="1240" WIDTH="1492" HEIGHT="1273">
					<TextBlock ID="block_5" HPOS="186" VPOS="1240" WIDTH="1293" HEIGHT="42">
						<TextLine ID="line_15" HPOS="186" VPOS="1240" WIDTH="1293" HEIGHT="42">
							<String ID="string_116" HPOS="186" VPOS="1240" WIDTH="165" HEIGHT="40" WC="0.96" CONTENT="Anslaget"/><SP WIDTH="21" VPOS="1240" HPOS="351"/>
							<String ID="string_117" HPOS="372" VPOS="1241" WIDTH="37" HEIGHT="29" WC="0.96" CONTENT="är"/><SP WIDTH="20" VPOS="1241" HPOS="409"/>
							<String ID="string_118" HPOS="429" VPOS="1241" WIDTH="54" HEIGHT="29" WC="0.96" CONTENT="för"/><SP WIDTH="20" VPOS="1241" HPOS="483"/>
							<String ID="string_119" HPOS="503" VPOS="1242" WIDTH="234" HEIGHT="29" WC="0.96" CONTENT="innevarande"/><SP WIDTH="21" VPOS="1242" HPOS="737"/>
							<String ID="string_120" HPOS="758" VPOS="1242" WIDTH="168" HEIGHT="39" WC="0.96" CONTENT="budgetår"/><SP WIDTH="21" VPOS="1242" HPOS="926"/>
							<String ID="string_121" HPOS="947" VPOS="1242" WIDTH="143" HEIGHT="40" WC="0.96" CONTENT="uppfört"/><SP WIDTH="21" VPOS="1242" HPOS="1090"/>
							<String ID="string_122" HPOS="1111" VPOS="1243" WIDTH="79" HEIGHT="29" WC="0.96" CONTENT="med"/><SP WIDTH="23" VPOS="1243" HPOS="1190"/>
							<String ID="string_123" HPOS="1213" VPOS="1243" WIDTH="38" HEIGHT="29" WC="0.95" CONTENT="70"/><SP WIDTH="16" VPOS="1243" HPOS="1251"/>
							<String ID="string_124" HPOS="1267" VPOS="1243" WIDTH="62" HEIGHT="29" WC="0.96" CONTENT="200"/><SP WIDTH="15" VPOS="1243" HPOS="1329"/>
							<String ID="string_125" HPOS="1344" VPOS="1242" WIDTH="61" HEIGHT="30" WC="0.96" CONTENT="000"/><SP WIDTH="22" VPOS="1242" HPOS="1405"/>
							<String ID="string_126" HPOS="1427" VPOS="1244" WIDTH="52" HEIGHT="28" WC="0.96" CONTENT="kr."/>
						</TextLine>
					</TextBlock>
					<TextBlock ID="block_6" HPOS="138" VPOS="1294" WIDTH="1492" HEIGHT="887">
						<TextLine ID="line_16" HPOS="185" VPOS="1294" WIDTH="1445" HEIGHT="43">
							<String ID="string_127" HPOS="185" VPOS="1294" WIDTH="394" HEIGHT="39" WC="0.91" CONTENT="Departementschefen"/><SP WIDTH="22" VPOS="1294" HPOS="579"/>
							<String ID="string_128" HPOS="601" VPOS="1295" WIDTH="133" HEIGHT="30" WC="0.96" CONTENT="erinrar"/><SP WIDTH="22" VPOS="1295" HPOS="734"/>
							<String ID="string_129" HPOS="756" VPOS="1305" WIDTH="56" HEIGHT="19" WC="0.96" CONTENT="om"/><SP WIDTH="23" VPOS="1305" HPOS="812"/>
							<String ID="string_130" HPOS="835" VPOS="1297" WIDTH="48" HEIGHT="28" WC="0.96" CONTENT="att"/><SP WIDTH="23" VPOS="1297" HPOS="883"/>
							<String ID="string_131" HPOS="906" VPOS="1295" WIDTH="150" HEIGHT="30" WC="0.96" CONTENT="Förenta"/><SP WIDTH="21" VPOS="1295" HPOS="1056"/>
							<String ID="string_132" HPOS="1077" VPOS="1296" WIDTH="231" HEIGHT="30" WC="0.93" CONTENT="Nationernas"/><SP WIDTH="23" VPOS="1296" HPOS="1308"/>
							<String ID="string_133" HPOS="1331" VPOS="1297" WIDTH="299" HEIGHT="40" WC="0.91" CONTENT="utvecklingspro-"/>
						</TextLine>
						<TextLine ID="line_17" HPOS="144" VPOS="1347" WIDTH="1481" HEIGHT="41">
							<String ID="string_134" HPOS="144" VPOS="1355" WIDTH="98" HEIGHT="31" WC="0.95" CONTENT="gram"/><SP WIDTH="35" VPOS="1355" HPOS="242"/>
							<String ID="string_135" HPOS="277" VPOS="1347" WIDTH="143" HEIGHT="33" WC="0.96" CONTENT="(United"/><SP WIDTH="30" VPOS="1347" HPOS="420"/>
							<String ID="string_136" HPOS="450" VPOS="1348" WIDTH="145" HEIGHT="30" WC="0.96" CONTENT="Nations"/><SP WIDTH="30" VPOS="1348" HPOS="595"/>
							<String ID="string_137" HPOS="625" VPOS="1348" WIDTH="249" HEIGHT="40" WC="0.96" CONTENT="Development"/><SP WIDTH="30" VPOS="1348" HPOS="874"/>
							<String ID="string_138" HPOS="904" VPOS="1350" WIDTH="234" HEIGHT="38" WC="0.96" CONTENT="Programme,"/><SP WIDTH="32" VPOS="1350" HPOS="1138"/>
							<String ID="string_139" HPOS="1170" VPOS="1350" WIDTH="135" HEIGHT="34" WC="0.95" CONTENT="UNDP)"/><SP WIDTH="36" VPOS="1350" HPOS="1305"/>
							<String ID="string_140" HPOS="1341" VPOS="1350" WIDTH="138" HEIGHT="30" WC="0.96" CONTENT="tillkom"/><SP WIDTH="31" VPOS="1350" HPOS="1479"/>
							<String ID="string_141" HPOS="1510" VPOS="1350" WIDTH="66" HEIGHT="29" WC="0.94" CONTENT="den"/><SP WIDTH="35" VPOS="1350" HPOS="1576"/>
							<String ID="string_142" HPOS="1611" VPOS="1351" WIDTH="14" HEIGHT="28" WC="0.95" CONTENT="1"/>
						</TextLine>
						<TextLine ID="line_18" HPOS="140" VPOS="1401" WIDTH="1489" HEIGHT="41">
							<String ID="string_143" HPOS="140" VPOS="1401" WIDTH="142" HEIGHT="38" WC="0.95" CONTENT="januari"/><SP WIDTH="34" VPOS="1401" HPOS="282"/>
							<String ID="string_144" HPOS="316" VPOS="1402" WIDTH="81" HEIGHT="29" WC="0.95" CONTENT="1966"/><SP WIDTH="32" VPOS="1402" HPOS="397"/>
							<String ID="string_145" HPOS="429" VPOS="1410" WIDTH="124" HEIGHT="31" WC="0.96" CONTENT="genom"/><SP WIDTH="31" VPOS="1410" HPOS="553"/>
							<String ID="string_146" HPOS="584" VPOS="1412" WIDTH="41" HEIGHT="20" WC="0.96" CONTENT="en"/><SP WIDTH="32" VPOS="1412" HPOS="625"/>
							<String ID="string_147" HPOS="657" VPOS="1404" WIDTH="321" HEIGHT="38" WC="0.95" CONTENT="sammanslagning"/><SP WIDTH="30" VPOS="1404" HPOS="978"/>
							<String ID="string_148" HPOS="1008" VPOS="1404" WIDTH="11" HEIGHT="28" WC="0.96" CONTENT="i"/><SP WIDTH="32" VPOS="1404" HPOS="1019"/>
							<String ID="string_149" HPOS="1051" VPOS="1404" WIDTH="273" HEIGHT="29" WC="0.96" CONTENT="administrativt"/><SP WIDTH="31" VPOS="1404" HPOS="1324"/>
							<String ID="string_150" HPOS="1355" VPOS="1405" WIDTH="198" HEIGHT="29" WC="0.96" CONTENT="hänseende"/><SP WIDTH="33" VPOS="1405" HPOS="1553"/>
							<String ID="string_151" HPOS="1586" VPOS="1414" WIDTH="43" HEIGHT="20" WC="0.96" CONTENT="av"/>
						</TextLine>
						<TextLine ID="line_19" HPOS="140" VPOS="1455" WIDTH="1488" HEIGHT="43">
							<String ID="string_152" HPOS="140" VPOS="1455" WIDTH="94" HEIGHT="29" WC="0.96" CONTENT="FN:s"/><SP WIDTH="43" VPOS="1455" HPOS="234"/>
							<String ID="string_153" HPOS="277" VPOS="1455" WIDTH="179" HEIGHT="30" WC="0.95" CONTENT="Särskilda"/><SP WIDTH="43" VPOS="1455" HPOS="456"/>
							<String ID="string_154" HPOS="499" VPOS="1456" WIDTH="84" HEIGHT="29" WC="0.95" CONTENT="fond"/><SP WIDTH="43" VPOS="1456" HPOS="583"/>
							<String ID="string_155" HPOS="626" VPOS="1457" WIDTH="64" HEIGHT="29" WC="0.95" CONTENT="och"/><SP WIDTH="42" VPOS="1457" HPOS="690"/>
							<String ID="string_156" HPOS="732" VPOS="1457" WIDTH="93" HEIGHT="29" WC="0.96" CONTENT="FN:s"/><SP WIDTH="44" VPOS="1457" HPOS="825"/>
							<String ID="string_157" HPOS="869" VPOS="1457" WIDTH="184" HEIGHT="39" WC="0.95" CONTENT="utvidgade"/><SP WIDTH="43" VPOS="1457" HPOS="1053"/>
							<String ID="string_158" HPOS="1096" VPOS="1457" WIDTH="164" HEIGHT="30" WC="0.93" CONTENT="tekniska"/><SP WIDTH="44" VPOS="1457" HPOS="1260"/>
							<String ID="string_159" HPOS="1304" VPOS="1457" WIDTH="324" HEIGHT="41" WC="0.91" CONTENT="biståndsprogram"/>
						</TextLine>
						<TextLine ID="line_20" HPOS="146" VPOS="1509" WIDTH="1483" HEIGHT="41">
							<String ID="string_160" HPOS="146" VPOS="1509" WIDTH="165" HEIGHT="33" WC="0.90" CONTENT="(EPTA)."/><SP WIDTH="25" VPOS="1509" HPOS="311"/>
							<String ID="string_161" HPOS="336" VPOS="1510" WIDTH="48" HEIGHT="28" WC="0.96" CONTENT="De"/><SP WIDTH="24" VPOS="1510" HPOS="384"/>
							<String ID="string_162" HPOS="408" VPOS="1510" WIDTH="89" HEIGHT="29" WC="0.93" CONTENT="båda"/><SP WIDTH="23" VPOS="1510" HPOS="497"/>
							<String ID="string_163" HPOS="520" VPOS="1510" WIDTH="409" HEIGHT="40" WC="0.91" CONTENT="verksamhetstypernas"/><SP WIDTH="25" VPOS="1510" HPOS="929"/>
							<String ID="string_164" HPOS="954" VPOS="1511" WIDTH="123" HEIGHT="29" WC="0.96" CONTENT="fonder"/><SP WIDTH="25" VPOS="1511" HPOS="1077"/>
							<String ID="string_165" HPOS="1102" VPOS="1511" WIDTH="64" HEIGHT="29" WC="0.96" CONTENT="har"/><SP WIDTH="24" VPOS="1511" HPOS="1166"/>
							<String ID="string_166" HPOS="1190" VPOS="1511" WIDTH="71" HEIGHT="30" WC="0.96" CONTENT="tills"/><SP WIDTH="25" VPOS="1511" HPOS="1261"/>
							<String ID="string_167" HPOS="1286" VPOS="1511" WIDTH="118" HEIGHT="30" WC="0.96" CONTENT="vidare"/><SP WIDTH="25" VPOS="1511" HPOS="1404"/>
							<String ID="string_168" HPOS="1429" VPOS="1512" WIDTH="200" HEIGHT="29" WC="0.96" CONTENT="bibehållits"/>
						</TextLine>
						<TextLine ID="line_21" HPOS="140" VPOS="1562" WIDTH="1488" HEIGHT="42">
							<String ID="string_169" HPOS="140" VPOS="1562" WIDTH="162" HEIGHT="30" WC="0.93" CONTENT="åtskilda."/><SP WIDTH="30" VPOS="1562" HPOS="302"/>
							<String ID="string_170" HPOS="332" VPOS="1563" WIDTH="6" HEIGHT="28" WC="0.96" CONTENT="I"/><SP WIDTH="23" VPOS="1563" HPOS="338"/>
							<String ID="string_171" HPOS="361" VPOS="1563" WIDTH="169" HEIGHT="29" WC="0.96" CONTENT="samband"/><SP WIDTH="23" VPOS="1563" HPOS="530"/>
							<String ID="string_172" HPOS="553" VPOS="1564" WIDTH="79" HEIGHT="29" WC="0.92" CONTENT="med"/><SP WIDTH="21" VPOS="1564" HPOS="632"/>
							<String ID="string_173" HPOS="653" VPOS="1564" WIDTH="156" HEIGHT="29" WC="0.91" CONTENT="UNDP:s"/><SP WIDTH="23" VPOS="1564" HPOS="809"/>
							<String ID="string_174" HPOS="832" VPOS="1565" WIDTH="234" HEIGHT="38" WC="0.95" CONTENT="upprättande"/><SP WIDTH="23" VPOS="1565" HPOS="1066"/>
							<String ID="string_175" HPOS="1089" VPOS="1564" WIDTH="123" HEIGHT="40" WC="0.93" CONTENT="höjdes"/><SP WIDTH="23" VPOS="1564" HPOS="1212"/>
							<String ID="string_176" HPOS="1235" VPOS="1565" WIDTH="248" HEIGHT="39" WC="0.92" CONTENT="bidragsmålet"/><SP WIDTH="24" VPOS="1565" HPOS="1483"/>
							<String ID="string_177" HPOS="1507" VPOS="1566" WIDTH="55" HEIGHT="29" WC="0.96" CONTENT="för"/><SP WIDTH="24" VPOS="1566" HPOS="1562"/>
							<String ID="string_178" HPOS="1586" VPOS="1566" WIDTH="42" HEIGHT="29" WC="0.95" CONTENT="de"/>
						</TextLine>
						<TextLine ID="line_22" HPOS="140" VPOS="1616" WIDTH="1487" HEIGHT="42">
							<String ID="string_179" HPOS="140" VPOS="1616" WIDTH="90" HEIGHT="29" WC="0.92" CONTENT="båda"/><SP WIDTH="23" VPOS="1616" HPOS="230"/>
							<String ID="string_180" HPOS="253" VPOS="1617" WIDTH="466" HEIGHT="40" WC="0.91" CONTENT="programkomponenterna"/><SP WIDTH="25" VPOS="1617" HPOS="719"/>
							<String ID="string_181" HPOS="744" VPOS="1620" WIDTH="214" HEIGHT="36" WC="0.96" CONTENT="gemensamt"/><SP WIDTH="25" VPOS="1620" HPOS="958"/>
							<String ID="string_182" HPOS="983" VPOS="1618" WIDTH="52" HEIGHT="29" WC="0.96" CONTENT="till"/><SP WIDTH="26" VPOS="1618" HPOS="1035"/>
							<String ID="string_183" HPOS="1061" VPOS="1618" WIDTH="63" HEIGHT="30" WC="0.95" CONTENT="200"/><SP WIDTH="25" VPOS="1618" HPOS="1124"/>
							<String ID="string_184" HPOS="1149" VPOS="1618" WIDTH="87" HEIGHT="40" WC="0.95" CONTENT="milj."/><SP WIDTH="27" VPOS="1618" HPOS="1236"/>
							<String ID="string_185" HPOS="1263" VPOS="1619" WIDTH="120" HEIGHT="34" WC="0.96" CONTENT="dollar,"/><SP WIDTH="27" VPOS="1619" HPOS="1383"/>
							<String ID="string_186" HPOS="1410" VPOS="1628" WIDTH="80" HEIGHT="20" WC="0.96" CONTENT="men"/><SP WIDTH="26" VPOS="1628" HPOS="1490"/>
							<String ID="string_187" HPOS="1516" VPOS="1620" WIDTH="111" HEIGHT="29" WC="0.96" CONTENT="under"/>
						</TextLine>
						<TextLine ID="line_23" HPOS="140" VPOS="1670" WIDTH="1488" HEIGHT="42">
							<String ID="string_188" HPOS="140" VPOS="1670" WIDTH="56" HEIGHT="29" WC="0.96" CONTENT="det"/><SP WIDTH="27" VPOS="1670" HPOS="196"/>
							<String ID="string_189" HPOS="223" VPOS="1670" WIDTH="111" HEIGHT="29" WC="0.95" CONTENT="första"/><SP WIDTH="25" VPOS="1670" HPOS="334"/>
							<String ID="string_190" HPOS="359" VPOS="1671" WIDTH="317" HEIGHT="29" WC="0.96" CONTENT="verksamhetsåret"/><SP WIDTH="28" VPOS="1671" HPOS="676"/>
							<String ID="string_191" HPOS="704" VPOS="1672" WIDTH="169" HEIGHT="29" WC="0.93" CONTENT="stannade"/><SP WIDTH="26" VPOS="1672" HPOS="873"/>
							<String ID="string_192" HPOS="899" VPOS="1672" WIDTH="307" HEIGHT="39" WC="0.91" CONTENT="bidragssumman"/><SP WIDTH="27" VPOS="1672" HPOS="1206"/>
							<String ID="string_193" HPOS="1233" VPOS="1672" WIDTH="58" HEIGHT="30" WC="0.96" CONTENT="vid"/><SP WIDTH="27" VPOS="1672" HPOS="1291"/>
							<String ID="string_194" HPOS="1318" VPOS="1673" WIDTH="101" HEIGHT="39" WC="0.96" CONTENT="drygt"/><SP WIDTH="31" VPOS="1673" HPOS="1419"/>
							<String ID="string_195" HPOS="1450" VPOS="1673" WIDTH="58" HEIGHT="29" WC="0.95" CONTENT="155"/><SP WIDTH="30" VPOS="1673" HPOS="1508"/>
							<String ID="string_196" HPOS="1538" VPOS="1673" WIDTH="90" HEIGHT="39" WC="0.96" CONTENT="milj."/>
						</TextLine>
						<TextLine ID="line_24" HPOS="140" VPOS="1723" WIDTH="1488" HEIGHT="43">
							<String ID="string_197" HPOS="140" VPOS="1723" WIDTH="111" HEIGHT="29" WC="0.96" CONTENT="dollar"/><SP WIDTH="23" VPOS="1723" HPOS="251"/>
							<String ID="string_198" HPOS="274" VPOS="1724" WIDTH="127" HEIGHT="29" WC="0.96" CONTENT="medan"/><SP WIDTH="24" VPOS="1724" HPOS="401"/>
							<String ID="string_199" HPOS="425" VPOS="1724" WIDTH="54" HEIGHT="29" WC="0.96" CONTENT="för"/><SP WIDTH="24" VPOS="1724" HPOS="479"/>
							<String ID="string_200" HPOS="503" VPOS="1725" WIDTH="317" HEIGHT="29" WC="0.96" CONTENT="verksamhetsåret"/><SP WIDTH="28" VPOS="1725" HPOS="820"/>
							<String ID="string_201" HPOS="848" VPOS="1725" WIDTH="80" HEIGHT="29" WC="0.96" CONTENT="1967"/><SP WIDTH="27" VPOS="1725" HPOS="928"/>
							<String ID="string_202" HPOS="955" VPOS="1725" WIDTH="125" HEIGHT="30" WC="0.96" CONTENT="hittills"/><SP WIDTH="25" VPOS="1725" HPOS="1080"/>
							<String ID="string_203" HPOS="1105" VPOS="1726" WIDTH="152" HEIGHT="29" WC="0.93" CONTENT="lämnats"/><SP WIDTH="25" VPOS="1726" HPOS="1257"/>
							<String ID="string_204" HPOS="1282" VPOS="1726" WIDTH="346" HEIGHT="40" WC="0.91" CONTENT="bidragsutfästelser"/>
						</TextLine>
						<TextLine ID="line_25" HPOS="140" VPOS="1777" WIDTH="1487" HEIGHT="41">
							<String ID="string_205" HPOS="140" VPOS="1786" WIDTH="56" HEIGHT="19" WC="0.96" CONTENT="om"/><SP WIDTH="22" VPOS="1786" HPOS="196"/>
							<String ID="string_206" HPOS="218" VPOS="1777" WIDTH="61" HEIGHT="29" WC="0.96" CONTENT="170"/><SP WIDTH="20" VPOS="1777" HPOS="279"/>
							<String ID="string_207" HPOS="299" VPOS="1777" WIDTH="87" HEIGHT="39" WC="0.95" CONTENT="milj."/><SP WIDTH="20" VPOS="1777" HPOS="386"/>
							<String ID="string_208" HPOS="406" VPOS="1778" WIDTH="121" HEIGHT="29" WC="0.96" CONTENT="dollar."/><SP WIDTH="21" VPOS="1778" HPOS="527"/>
							<String ID="string_209" HPOS="548" VPOS="1778" WIDTH="47" HEIGHT="29" WC="0.96" CONTENT="På"/><SP WIDTH="20" VPOS="1778" HPOS="595"/>
							<String ID="string_210" HPOS="615" VPOS="1778" WIDTH="112" HEIGHT="39" WC="0.96" CONTENT="grund"/><SP WIDTH="20" VPOS="1778" HPOS="727"/>
							<String ID="string_211" HPOS="747" VPOS="1788" WIDTH="42" HEIGHT="20" WC="0.96" CONTENT="av"/><SP WIDTH="19" VPOS="1788" HPOS="789"/>
							<String ID="string_212" HPOS="808" VPOS="1788" WIDTH="41" HEIGHT="19" WC="0.92" CONTENT="en"/><SP WIDTH="21" VPOS="1788" HPOS="849"/>
							<String ID="string_213" HPOS="870" VPOS="1779" WIDTH="261" HEIGHT="39" WC="0.91" CONTENT="uppmjukning"/><SP WIDTH="21" VPOS="1779" HPOS="1131"/>
							<String ID="string_214" HPOS="1152" VPOS="1788" WIDTH="42" HEIGHT="20" WC="0.96" CONTENT="av"/><SP WIDTH="20" VPOS="1788" HPOS="1194"/>
							<String ID="string_215" HPOS="1214" VPOS="1779" WIDTH="41" HEIGHT="30" WC="0.96" CONTENT="de"/><SP WIDTH="21" VPOS="1779" HPOS="1255"/>
							<String ID="string_216" HPOS="1276" VPOS="1779" WIDTH="54" HEIGHT="30" WC="0.96" CONTENT="för"/><SP WIDTH="21" VPOS="1779" HPOS="1330"/>
							<String ID="string_217" HPOS="1351" VPOS="1780" WIDTH="179" HEIGHT="30" WC="0.93" CONTENT="Särskilda"/><SP WIDTH="21" VPOS="1780" HPOS="1530"/>
							<String ID="string_218" HPOS="1551" VPOS="1780" WIDTH="76" HEIGHT="30" WC="0.92" CONTENT="fon-"/>
						</TextLine>
						<TextLine ID="line_26" HPOS="140" VPOS="1830" WIDTH="1488" HEIGHT="43">
							<String ID="string_219" HPOS="140" VPOS="1831" WIDTH="66" HEIGHT="28" WC="0.95" CONTENT="den"/><SP WIDTH="20" VPOS="1831" HPOS="206"/>
							<String ID="string_220" HPOS="226" VPOS="1830" WIDTH="145" HEIGHT="40" WC="0.95" CONTENT="tidigare"/><SP WIDTH="22" VPOS="1830" HPOS="371"/>
							<String ID="string_221" HPOS="393" VPOS="1831" WIDTH="158" HEIGHT="39" WC="0.93" CONTENT="gällande"/><SP WIDTH="22" VPOS="1831" HPOS="551"/>
							<String ID="string_222" HPOS="573" VPOS="1831" WIDTH="277" HEIGHT="40" WC="0.92" CONTENT="finansreglerna"/><SP WIDTH="21" VPOS="1831" HPOS="850"/>
							<String ID="string_223" HPOS="871" VPOS="1832" WIDTH="64" HEIGHT="29" WC="0.96" CONTENT="har"/><SP WIDTH="21" VPOS="1832" HPOS="935"/>
							<String ID="string_224" HPOS="956" VPOS="1833" WIDTH="192" HEIGHT="29" WC="0.93" CONTENT="emellertid"/><SP WIDTH="22" VPOS="1833" HPOS="1148"/>
							<String ID="string_225" HPOS="1170" VPOS="1833" WIDTH="155" HEIGHT="30" WC="0.89" CONTENT="UNDP:s"/><SP WIDTH="24" VPOS="1833" HPOS="1325"/>
							<String ID="string_226" HPOS="1349" VPOS="1834" WIDTH="143" HEIGHT="39" WC="0.96" CONTENT="styrelse"/><SP WIDTH="23" VPOS="1834" HPOS="1492"/>
							<String ID="string_227" HPOS="1515" VPOS="1835" WIDTH="113" HEIGHT="29" WC="0.96" CONTENT="under"/>
						</TextLine>
						<TextLine ID="line_27" HPOS="140" VPOS="1884" WIDTH="1487" HEIGHT="42">
							<String ID="string_228" HPOS="140" VPOS="1884" WIDTH="38" HEIGHT="29" WC="0.95" CONTENT="år"/><SP WIDTH="32" VPOS="1884" HPOS="178"/>
							<String ID="string_229" HPOS="210" VPOS="1884" WIDTH="82" HEIGHT="29" WC="0.96" CONTENT="1966"/><SP WIDTH="31" VPOS="1884" HPOS="292"/>
							<String ID="string_230" HPOS="323" VPOS="1885" WIDTH="78" HEIGHT="29" WC="0.92" CONTENT="med"/><SP WIDTH="31" VPOS="1885" HPOS="401"/>
							<String ID="string_231" HPOS="432" VPOS="1885" WIDTH="177" HEIGHT="29" WC="0.92" CONTENT="anlitande"/><SP WIDTH="31" VPOS="1885" HPOS="609"/>
							<String ID="string_232" HPOS="640" VPOS="1894" WIDTH="41" HEIGHT="20" WC="0.96" CONTENT="av"/><SP WIDTH="31" VPOS="1894" HPOS="681"/>
							<String ID="string_233" HPOS="712" VPOS="1885" WIDTH="94" HEIGHT="30" WC="0.93" CONTENT="äldre"/><SP WIDTH="31" VPOS="1885" HPOS="806"/>
							<String ID="string_234" HPOS="837" VPOS="1886" WIDTH="303" HEIGHT="30" WC="0.91" CONTENT="kontantreserver"/><SP WIDTH="31" VPOS="1886" HPOS="1140"/>
							<String ID="string_235" HPOS="1171" VPOS="1887" WIDTH="136" HEIGHT="29" WC="0.96" CONTENT="kunnat"/><SP WIDTH="32" VPOS="1887" HPOS="1307"/>
							<String ID="string_236" HPOS="1339" VPOS="1887" WIDTH="186" HEIGHT="39" WC="0.93" CONTENT="godkänna"/><SP WIDTH="32" VPOS="1887" HPOS="1525"/>
							<String ID="string_237" HPOS="1557" VPOS="1888" WIDTH="70" HEIGHT="29" WC="0.92" CONTENT="för-"/>
						</TextLine>
						<TextLine ID="line_28" HPOS="138" VPOS="1937" WIDTH="1487" HEIGHT="42">
							<String ID="string_238" HPOS="138" VPOS="1937" WIDTH="408" HEIGHT="40" WC="0.90" CONTENT="investeringsprojektet"/><SP WIDTH="26" VPOS="1937" HPOS="546"/>
							<String ID="string_239" HPOS="572" VPOS="1938" WIDTH="52" HEIGHT="29" WC="0.95" CONTENT="till"/><SP WIDTH="27" VPOS="1938" HPOS="624"/>
							<String ID="string_240" HPOS="651" VPOS="1940" WIDTH="47" HEIGHT="27" WC="0.95" CONTENT="ett"/><SP WIDTH="26" VPOS="1940" HPOS="698"/>
							<String ID="string_241" HPOS="724" VPOS="1939" WIDTH="104" HEIGHT="29" WC="0.96" CONTENT="värde"/><SP WIDTH="28" VPOS="1939" HPOS="828"/>
							<String ID="string_242" HPOS="856" VPOS="1948" WIDTH="42" HEIGHT="20" WC="0.96" CONTENT="av"/><SP WIDTH="26" VPOS="1948" HPOS="898"/>
							<String ID="string_243" HPOS="924" VPOS="1940" WIDTH="161" HEIGHT="29" WC="0.96" CONTENT="närmare"/><SP WIDTH="28" VPOS="1940" HPOS="1085"/>
							<String ID="string_244" HPOS="1113" VPOS="1939" WIDTH="63" HEIGHT="30" WC="0.96" CONTENT="200"/><SP WIDTH="27" VPOS="1939" HPOS="1176"/>
							<String ID="string_245" HPOS="1203" VPOS="1940" WIDTH="87" HEIGHT="39" WC="0.95" CONTENT="milj."/><SP WIDTH="30" VPOS="1940" HPOS="1290"/>
							<String ID="string_246" HPOS="1320" VPOS="1941" WIDTH="110" HEIGHT="29" WC="0.96" CONTENT="dollar"/><SP WIDTH="28" VPOS="1941" HPOS="1430"/>
							<String ID="string_247" HPOS="1458" VPOS="1941" WIDTH="82" HEIGHT="29" WC="0.96" CONTENT="eller"/><SP WIDTH="28" VPOS="1941" HPOS="1540"/>
							<String ID="string_248" HPOS="1568" VPOS="1942" WIDTH="57" HEIGHT="29" WC="0.96" CONTENT="två"/>
						</TextLine>
						<TextLine ID="line_29" HPOS="140" VPOS="1991" WIDTH="1486" HEIGHT="42">
							<String ID="string_249" HPOS="140" VPOS="1991" WIDTH="127" HEIGHT="39" WC="0.96" CONTENT="gånger"/><SP WIDTH="23" VPOS="1991" HPOS="267"/>
							<String ID="string_250" HPOS="290" VPOS="1991" WIDTH="37" HEIGHT="29" WC="0.96" CONTENT="så"/><SP WIDTH="22" VPOS="1991" HPOS="327"/>
							<String ID="string_251" HPOS="349" VPOS="1992" WIDTH="138" HEIGHT="38" WC="0.96" CONTENT="mycket"/><SP WIDTH="24" VPOS="1992" HPOS="487"/>
							<String ID="string_252" HPOS="511" VPOS="2000" WIDTH="74" HEIGHT="20" WC="0.93" CONTENT="som"/><SP WIDTH="23" VPOS="2000" HPOS="585"/>
							<String ID="string_253" HPOS="608" VPOS="1992" WIDTH="305" HEIGHT="39" WC="0.92" CONTENT="bidragssumman"/><SP WIDTH="24" VPOS="1992" HPOS="913"/>
							<String ID="string_254" HPOS="937" VPOS="1992" WIDTH="54" HEIGHT="30" WC="0.96" CONTENT="för"/><SP WIDTH="24" VPOS="1992" HPOS="991"/>
							<String ID="string_255" HPOS="1015" VPOS="1993" WIDTH="94" HEIGHT="30" WC="0.96" CONTENT="detta"/><SP WIDTH="23" VPOS="1993" HPOS="1109"/>
							<String ID="string_256" HPOS="1132" VPOS="1993" WIDTH="39" HEIGHT="29" WC="0.96" CONTENT="år"/><SP WIDTH="22" VPOS="1993" HPOS="1171"/>
							<String ID="string_257" HPOS="1193" VPOS="1993" WIDTH="53" HEIGHT="30" WC="0.96" CONTENT="till"/><SP WIDTH="23" VPOS="1993" HPOS="1246"/>
							<String ID="string_258" HPOS="1269" VPOS="1996" WIDTH="254" HEIGHT="37" WC="0.92" CONTENT="programmets"/><SP WIDTH="26" VPOS="1996" HPOS="1523"/>
							<String ID="string_259" HPOS="1549" VPOS="1995" WIDTH="77" HEIGHT="29" WC="0.88" CONTENT="Sär-"/>
						</TextLine>
						<TextLine ID="line_30" HPOS="140" VPOS="2044" WIDTH="1485" HEIGHT="44">
							<String ID="string_260" HPOS="140" VPOS="2045" WIDTH="114" HEIGHT="28" WC="0.93" CONTENT="skilda"/><SP WIDTH="22" VPOS="2045" HPOS="254"/>
							<String ID="string_261" HPOS="276" VPOS="2044" WIDTH="326" HEIGHT="40" WC="0.90" CONTENT="fond-komponent."/><SP WIDTH="24" VPOS="2044" HPOS="602"/>
							<String ID="string_262" HPOS="626" VPOS="2045" WIDTH="65" HEIGHT="29" WC="0.96" CONTENT="Om"/><SP WIDTH="24" VPOS="2045" HPOS="691"/>
							<String ID="string_263" HPOS="715" VPOS="2055" WIDTH="81" HEIGHT="20" WC="0.95" CONTENT="man"/><SP WIDTH="22" VPOS="2055" HPOS="796"/>
							<String ID="string_264" HPOS="818" VPOS="2046" WIDTH="59" HEIGHT="29" WC="0.95" CONTENT="vill"/><SP WIDTH="24" VPOS="2046" HPOS="877"/>
							<String ID="string_265" HPOS="901" VPOS="2046" WIDTH="155" HEIGHT="30" WC="0.96" CONTENT="undvika"/><SP WIDTH="23" VPOS="2046" HPOS="1056"/>
							<String ID="string_266" HPOS="1079" VPOS="2056" WIDTH="42" HEIGHT="20" WC="0.96" CONTENT="en"/><SP WIDTH="24" VPOS="2056" HPOS="1121"/>
							<String ID="string_267" HPOS="1145" VPOS="2047" WIDTH="237" HEIGHT="40" WC="0.96" CONTENT="nedskärning"/><SP WIDTH="25" VPOS="2047" HPOS="1382"/>
							<String ID="string_268" HPOS="1407" VPOS="2057" WIDTH="42" HEIGHT="20" WC="0.93" CONTENT="av"/><SP WIDTH="22" VPOS="2057" HPOS="1449"/>
							<String ID="string_269" HPOS="1471" VPOS="2049" WIDTH="154" HEIGHT="39" WC="0.92" CONTENT="projekt-"/>
						</TextLine>
						<TextLine ID="line_31" HPOS="138" VPOS="2098" WIDTH="1487" HEIGHT="42">
							<String ID="string_270" HPOS="138" VPOS="2098" WIDTH="161" HEIGHT="39" WC="0.96" CONTENT="volymen"/><SP WIDTH="25" VPOS="2098" HPOS="299"/>
							<String ID="string_271" HPOS="324" VPOS="2098" WIDTH="95" HEIGHT="29" WC="0.96" CONTENT="inom"/><SP WIDTH="26" VPOS="2098" HPOS="419"/>
							<String ID="string_272" HPOS="445" VPOS="2099" WIDTH="113" HEIGHT="29" WC="0.96" CONTENT="denna"/><SP WIDTH="27" VPOS="2099" HPOS="558"/>
							<String ID="string_273" HPOS="585" VPOS="2099" WIDTH="116" HEIGHT="29" WC="0.96" CONTENT="sektor"/><SP WIDTH="26" VPOS="2099" HPOS="701"/>
							<String ID="string_274" HPOS="727" VPOS="2099" WIDTH="176" HEIGHT="30" WC="0.96" CONTENT="erfordras"/><SP WIDTH="28" VPOS="2099" HPOS="903"/>
							<String ID="string_275" HPOS="931" VPOS="2099" WIDTH="147" HEIGHT="30" WC="0.96" CONTENT="sålunda"/><SP WIDTH="27" VPOS="2099" HPOS="1078"/>
							<String ID="string_276" HPOS="1105" VPOS="2100" WIDTH="109" HEIGHT="29" WC="0.96" CONTENT="ökade"/><SP WIDTH="27" VPOS="2100" HPOS="1214"/>
							<String ID="string_277" HPOS="1241" VPOS="2100" WIDTH="121" HEIGHT="40" WC="0.96" CONTENT="bidrag"/><SP WIDTH="27" VPOS="2100" HPOS="1362"/>
							<String ID="string_278" HPOS="1389" VPOS="2101" WIDTH="111" HEIGHT="30" WC="0.93" CONTENT="under"/><SP WIDTH="26" VPOS="2101" HPOS="1500"/>
							<String ID="string_279" HPOS="1526" VPOS="2102" WIDTH="99" HEIGHT="30" WC="0.92" CONTENT="verk-"/>
						</TextLine>
						<TextLine ID="line_32" HPOS="139" VPOS="2151" WIDTH="347" HEIGHT="30">
							<String ID="string_280" HPOS="139" VPOS="2152" WIDTH="231" HEIGHT="29" WC="0.90" CONTENT="samhetsåret"/><SP WIDTH="24" VPOS="2152" HPOS="370"/>
							<String ID="string_281" HPOS="394" VPOS="2151" WIDTH="92" HEIGHT="30" WC="0.96" CONTENT="1967."/>
						</TextLine>
					</TextBlock>
					<TextBlock ID="block_7" HPOS="139" VPOS="2205" WIDTH="1488" HEIGHT="308">
						<TextLine ID="line_33" HPOS="186" VPOS="2205" WIDTH="1437" HEIGHT="42">
							<String ID="string_282" HPOS="186" VPOS="2205" WIDTH="82" HEIGHT="29" WC="0.96" CONTENT="1966"/><SP WIDTH="26" VPOS="2205" HPOS="268"/>
							<String ID="string_283" HPOS="294" VPOS="2206" WIDTH="56" HEIGHT="29" WC="0.96" CONTENT="års"/><SP WIDTH="25" VPOS="2206" HPOS="350"/>
							<String ID="string_284" HPOS="375" VPOS="2206" WIDTH="142" HEIGHT="38" WC="0.96" CONTENT="riksdag"/><SP WIDTH="24" VPOS="2206" HPOS="517"/>
							<String ID="string_285" HPOS="541" VPOS="2206" WIDTH="64" HEIGHT="28" WC="0.96" CONTENT="har"/><SP WIDTH="25" VPOS="2206" HPOS="605"/>
							<String ID="string_286" HPOS="630" VPOS="2206" WIDTH="151" HEIGHT="39" WC="0.96" CONTENT="medgett"/><SP WIDTH="26" VPOS="2206" HPOS="781"/>
							<String ID="string_287" HPOS="807" VPOS="2208" WIDTH="48" HEIGHT="27" WC="0.96" CONTENT="att"/><SP WIDTH="27" VPOS="2208" HPOS="855"/>
							<String ID="string_288" HPOS="882" VPOS="2206" WIDTH="135" HEIGHT="39" WC="0.96" CONTENT="Sverige"/><SP WIDTH="27" VPOS="2206" HPOS="1017"/>
							<String ID="string_289" HPOS="1044" VPOS="2207" WIDTH="178" HEIGHT="29" WC="0.96" CONTENT="förbinder"/><SP WIDTH="28" VPOS="2207" HPOS="1222"/>
							<String ID="string_290" HPOS="1250" VPOS="2208" WIDTH="50" HEIGHT="39" WC="0.96" CONTENT="sig"/><SP WIDTH="26" VPOS="2208" HPOS="1300"/>
							<String ID="string_291" HPOS="1326" VPOS="2210" WIDTH="48" HEIGHT="27" WC="0.96" CONTENT="att"/><SP WIDTH="27" VPOS="2210" HPOS="1374"/>
							<String ID="string_292" HPOS="1401" VPOS="2209" WIDTH="111" HEIGHT="29" WC="0.96" CONTENT="under"/><SP WIDTH="29" VPOS="2209" HPOS="1512"/>
							<String ID="string_293" HPOS="1541" VPOS="2209" WIDTH="82" HEIGHT="29" WC="0.96" CONTENT="1967"/>
						</TextLine>
						<TextLine ID="line_34" HPOS="139" VPOS="2258" WIDTH="1485" HEIGHT="43">
							<String ID="string_294" HPOS="139" VPOS="2259" WIDTH="64" HEIGHT="29" WC="0.96" CONTENT="och"/><SP WIDTH="26" VPOS="2259" HPOS="203"/>
							<String ID="string_295" HPOS="229" VPOS="2258" WIDTH="83" HEIGHT="30" WC="0.96" CONTENT="1968"/><SP WIDTH="23" VPOS="2258" HPOS="312"/>
							<String ID="string_296" HPOS="335" VPOS="2259" WIDTH="120" HEIGHT="29" WC="0.96" CONTENT="lämna"/><SP WIDTH="22" VPOS="2259" HPOS="455"/>
							<String ID="string_297" HPOS="477" VPOS="2259" WIDTH="121" HEIGHT="39" WC="0.96" CONTENT="bidrag"/><SP WIDTH="23" VPOS="2259" HPOS="598"/>
							<String ID="string_298" HPOS="621" VPOS="2259" WIDTH="52" HEIGHT="29" WC="0.96" CONTENT="till"/><SP WIDTH="25" VPOS="2259" HPOS="673"/>
							<String ID="string_299" HPOS="698" VPOS="2260" WIDTH="119" HEIGHT="29" WC="0.96" CONTENT="UNDP"/><SP WIDTH="26" VPOS="2260" HPOS="817"/>
							<String ID="string_300" HPOS="843" VPOS="2260" WIDTH="78" HEIGHT="29" WC="0.94" CONTENT="med"/><SP WIDTH="27" VPOS="2260" HPOS="921"/>
							<String ID="string_301" HPOS="948" VPOS="2260" WIDTH="71" HEIGHT="35" WC="0.96" CONTENT="15,5"/><SP WIDTH="26" VPOS="2260" HPOS="1019"/>
							<String ID="string_302" HPOS="1045" VPOS="2260" WIDTH="88" HEIGHT="40" WC="0.95" CONTENT="milj."/><SP WIDTH="26" VPOS="2260" HPOS="1133"/>
							<String ID="string_303" HPOS="1159" VPOS="2261" WIDTH="110" HEIGHT="29" WC="0.96" CONTENT="dollar"/><SP WIDTH="25" VPOS="2261" HPOS="1269"/>
							<String ID="string_304" HPOS="1294" VPOS="2261" WIDTH="141" HEIGHT="40" WC="0.96" CONTENT="årligen,"/><SP WIDTH="27" VPOS="2261" HPOS="1435"/>
							<String ID="string_305" HPOS="1462" VPOS="2263" WIDTH="116" HEIGHT="29" WC="0.94" CONTENT="d.v.s."/><SP WIDTH="27" VPOS="2263" HPOS="1578"/>
							<String ID="string_306" HPOS="1605" VPOS="2263" WIDTH="19" HEIGHT="29" WC="0.96" CONTENT="2"/>
						</TextLine>
						<TextLine ID="line_35" HPOS="141" VPOS="2313" WIDTH="1486" HEIGHT="42">
							<String ID="string_307" HPOS="141" VPOS="2313" WIDTH="87" HEIGHT="38" WC="0.95" CONTENT="milj."/><SP WIDTH="24" VPOS="2313" HPOS="228"/>
							<String ID="string_308" HPOS="252" VPOS="2313" WIDTH="111" HEIGHT="29" WC="0.96" CONTENT="dollar"/><SP WIDTH="23" VPOS="2313" HPOS="363"/>
							<String ID="string_309" HPOS="386" VPOS="2322" WIDTH="74" HEIGHT="19" WC="0.96" CONTENT="mer"/><SP WIDTH="24" VPOS="2322" HPOS="460"/>
							<String ID="string_310" HPOS="484" VPOS="2314" WIDTH="44" HEIGHT="28" WC="0.96" CONTENT="än"/><SP WIDTH="24" VPOS="2314" HPOS="528"/>
							<String ID="string_311" HPOS="552" VPOS="2313" WIDTH="154" HEIGHT="39" WC="0.96" CONTENT="anslaget"/><SP WIDTH="25" VPOS="2313" HPOS="706"/>
							<String ID="string_312" HPOS="731" VPOS="2314" WIDTH="54" HEIGHT="28" WC="0.96" CONTENT="för"/><SP WIDTH="24" VPOS="2314" HPOS="785"/>
							<String ID="string_313" HPOS="809" VPOS="2314" WIDTH="235" HEIGHT="29" WC="0.96" CONTENT="innevarande"/><SP WIDTH="24" VPOS="2314" HPOS="1044"/>
							<String ID="string_314" HPOS="1068" VPOS="2314" WIDTH="179" HEIGHT="40" WC="0.96" CONTENT="budgetår."/><SP WIDTH="25" VPOS="2314" HPOS="1247"/>
							<String ID="string_315" HPOS="1272" VPOS="2315" WIDTH="164" HEIGHT="40" WC="0.95" CONTENT="Anslaget"/><SP WIDTH="26" VPOS="2315" HPOS="1436"/>
							<String ID="string_316" HPOS="1462" VPOS="2316" WIDTH="54" HEIGHT="30" WC="0.93" CONTENT="för"/><SP WIDTH="25" VPOS="2316" HPOS="1516"/>
							<String ID="string_317" HPOS="1541" VPOS="2316" WIDTH="86" HEIGHT="30" WC="0.92" CONTENT="bud-"/>
						</TextLine>
						<TextLine ID="line_36" HPOS="141" VPOS="2366" WIDTH="1485" HEIGHT="43">
							<String ID="string_318" HPOS="141" VPOS="2366" WIDTH="130" HEIGHT="39" WC="0.91" CONTENT="getåret"/><SP WIDTH="31" VPOS="2366" HPOS="271"/>
							<String ID="string_319" HPOS="302" VPOS="2366" WIDTH="149" HEIGHT="35" WC="0.92" CONTENT="1967/68"/><SP WIDTH="28" VPOS="2366" HPOS="451"/>
							<String ID="string_320" HPOS="479" VPOS="2366" WIDTH="62" HEIGHT="30" WC="0.96" CONTENT="bör"/><SP WIDTH="29" VPOS="2366" HPOS="541"/>
							<String ID="string_321" HPOS="570" VPOS="2366" WIDTH="119" HEIGHT="30" WC="0.96" CONTENT="därför"/><SP WIDTH="30" VPOS="2366" HPOS="689"/>
							<String ID="string_322" HPOS="719" VPOS="2368" WIDTH="122" HEIGHT="38" WC="0.93" CONTENT="utgöra"/><SP WIDTH="30" VPOS="2368" HPOS="841"/>
							<String ID="string_323" HPOS="871" VPOS="2368" WIDTH="194" HEIGHT="29" WC="0.92" CONTENT="motvärdet"/><SP WIDTH="30" VPOS="2368" HPOS="1065"/>
							<String ID="string_324" HPOS="1095" VPOS="2377" WIDTH="41" HEIGHT="20" WC="0.96" CONTENT="av"/><SP WIDTH="30" VPOS="2377" HPOS="1136"/>
							<String ID="string_325" HPOS="1166" VPOS="2369" WIDTH="93" HEIGHT="29" WC="0.96" CONTENT="detta"/><SP WIDTH="29" VPOS="2369" HPOS="1259"/>
							<String ID="string_326" HPOS="1288" VPOS="2369" WIDTH="134" HEIGHT="40" WC="0.96" CONTENT="belopp,"/><SP WIDTH="32" VPOS="2369" HPOS="1422"/>
							<String ID="string_327" HPOS="1454" VPOS="2370" WIDTH="64" HEIGHT="29" WC="0.94" CONTENT="och"/><SP WIDTH="30" VPOS="2370" HPOS="1518"/>
							<String ID="string_328" HPOS="1548" VPOS="2371" WIDTH="78" HEIGHT="29" WC="0.94" CONTENT="hela"/>
						</TextLine>
						<TextLine ID="line_37" HPOS="140" VPOS="2419" WIDTH="1487" HEIGHT="41">
							<String ID="string_329" HPOS="140" VPOS="2420" WIDTH="66" HEIGHT="29" WC="0.95" CONTENT="den"/><SP WIDTH="30" VPOS="2420" HPOS="206"/>
							<String ID="string_330" HPOS="236" VPOS="2419" WIDTH="197" HEIGHT="40" WC="0.95" CONTENT="föreslagna"/><SP WIDTH="30" VPOS="2419" HPOS="433"/>
							<String ID="string_331" HPOS="463" VPOS="2420" WIDTH="175" HEIGHT="39" WC="0.96" CONTENT="ökningen"/><SP WIDTH="28" VPOS="2420" HPOS="638"/>
							<String ID="string_332" HPOS="666" VPOS="2420" WIDTH="44" HEIGHT="39" WC="0.96" CONTENT="på"/><SP WIDTH="29" VPOS="2420" HPOS="710"/>
							<String ID="string_333" HPOS="739" VPOS="2420" WIDTH="18" HEIGHT="29" WC="0.95" CONTENT="2"/><SP WIDTH="30" VPOS="2420" HPOS="757"/>
							<String ID="string_334" HPOS="787" VPOS="2421" WIDTH="88" HEIGHT="39" WC="0.95" CONTENT="milj."/><SP WIDTH="31" VPOS="2421" HPOS="875"/>
							<String ID="string_335" HPOS="906" VPOS="2421" WIDTH="109" HEIGHT="29" WC="0.96" CONTENT="dollar"/><SP WIDTH="30" VPOS="2421" HPOS="1015"/>
							<String ID="string_336" HPOS="1045" VPOS="2421" WIDTH="61" HEIGHT="30" WC="0.96" CONTENT="bör"/><SP WIDTH="29" VPOS="2421" HPOS="1106"/>
							<String ID="string_337" HPOS="1135" VPOS="2421" WIDTH="151" HEIGHT="31" WC="0.96" CONTENT="tillföras"/><SP WIDTH="31" VPOS="2421" HPOS="1286"/>
							<String ID="string_338" HPOS="1317" VPOS="2422" WIDTH="179" HEIGHT="31" WC="0.93" CONTENT="Särskilda"/><SP WIDTH="30" VPOS="2422" HPOS="1496"/>
							<String ID="string_339" HPOS="1526" VPOS="2423" WIDTH="101" HEIGHT="31" WC="0.91" CONTENT="fond-"/>
						</TextLine>
						<TextLine ID="line_38" HPOS="139" VPOS="2473" WIDTH="523" HEIGHT="40">
							<String ID="string_340" HPOS="139" VPOS="2474" WIDTH="261" HEIGHT="39" WC="0.96" CONTENT="komponenten"/><SP WIDTH="18" VPOS="2474" HPOS="400"/>
							<String ID="string_341" HPOS="418" VPOS="2473" WIDTH="95" HEIGHT="29" WC="0.96" CONTENT="inom"/><SP WIDTH="20" VPOS="2473" HPOS="513"/>
							<String ID="string_342" HPOS="533" VPOS="2473" WIDTH="129" HEIGHT="30" WC="0.96" CONTENT="UNDP."/>
						</TextLine>
					</TextBlock>
				</ComposedBlock>
				<ComposedBlock ID="cblock_6" HPOS="172" VPOS="2544" WIDTH="872" HEIGHT="30">
					<TextBlock ID="block_8" HPOS="172" VPOS="2544" WIDTH="872" HEIGHT="30">
						<TextLine ID="line_39" HPOS="172" VPOS="2544" WIDTH="872" HEIGHT="30">
							<String ID="string_343" HPOS="172" VPOS="2547" WIDTH="17" HEIGHT="24" WC="0.87" CONTENT="2"/><SP WIDTH="37" VPOS="2547" HPOS="189"/>
							<String ID="string_344" HPOS="226" VPOS="2544" WIDTH="112" HEIGHT="30" WC="0.87" CONTENT="Bihang"/><SP WIDTH="13" VPOS="2544" HPOS="338"/>
							<String ID="string_345" HPOS="351" VPOS="2544" WIDTH="46" HEIGHT="24" WC="0.96" CONTENT="till"/><SP WIDTH="12" VPOS="2544" HPOS="397"/>
							<String ID="string_346" HPOS="409" VPOS="2544" WIDTH="169" HEIGHT="30" WC="0.96" CONTENT="riksdagens"/><SP WIDTH="11" VPOS="2544" HPOS="578"/>
							<String ID="string_347" HPOS="589" VPOS="2545" WIDTH="147" HEIGHT="29" WC="0.93" CONTENT="protokoll"/><SP WIDTH="12" VPOS="2545" HPOS="736"/>
							<String ID="string_348" HPOS="748" VPOS="2545" WIDTH="103" HEIGHT="24" WC="0.90" CONTENT="1967.6"/><SP WIDTH="11" VPOS="2545" HPOS="851"/>
							<String ID="string_349" HPOS="862" VPOS="2546" WIDTH="83" HEIGHT="23" WC="0.94" CONTENT="saml."/><SP WIDTH="11" VPOS="2546" HPOS="945"/>
							<String ID="string_350" HPOS="956" VPOS="2546" WIDTH="39" HEIGHT="23" WC="0.94" CONTENT="Nr"/><SP WIDTH="18" VPOS="2546" HPOS="995"/>
							<String ID="string_351" HPOS="1013" VPOS="2550" WIDTH="31" HEIGHT="21" WC="0.96" CONTENT="53"/>
						</TextLine>
					</TextBlock>
				</ComposedBlock>
			</PrintSpace>
		</Page>
	</Layout>
</alto>
