2144 2616
707 215 231 32 Statsutskottets
960 220 148 29 utlåtande
1132 221 47 29 Nr
1200 223 20 27 8
1244 224 36 27 A.
1744 229 57 28 147

292 285 121 48 237:0)
445 289 9 34 I
485 289 202 49 anledning
705 305 43 22 av
768 293 136 49 Kungl.
926 295 123 48 Maj:ts
1069 297 127 37 därom
1217 300 132 47 gjorda
1369 301 276 52 framställning
1663 303 137 51 (punkt

191 334 86 46 232)
306 338 212 36 hemställer
546 341 190 44 utskottet,

691 398 53 30 att
772 394 197 47 riksdagen
999 400 68 40 må,
1096 400 12 33 i
1136 398 113 37 likhet
1279 401 83 35 med
1391 403 68 35 vad
1479 403 57 36 för
1550 404 248 38 innevarande

591 444 40 32 år
658 448 62 40 ägt
747 456 93 30 rum,
870 446 58 34 till
962 446 239 49 hyresbidrag
1220 451 39 34 åt
1279 451 71 36 den
1369 454 80 34 med
1467 454 192 48 drottning
1678 456 121 46 Sofias

589 491 155 44 stiftelse
777 495 187 43 förenade
1004 498 282 37 vårdanstalten
1320 501 69 45 för
1415 503 129 36 blinda
1570 505 229 37 dövstumma

589 541 65 35 och
681 541 129 38 blinda
835 544 211 38 sinnesslöa
1072 559 46 24 1n.
1140 547 46 46 fl.
1215 551 125 34 anvisa
1368 554 46 44 på
1442 558 104 30 extra
1573 559 72 30 stat
1674 554 57 36 för
1758 559 40 32 år

594 593 91 34 1921
717 598 53 30 ett
797 593 297 52 förslagsanslag,
1124 597 119 49 högst,
1276 602 133 42 10,000
1438 602 146 37 kronor.

287 686 122 43 238:0)
450 689 16 35 I
506 703 44 22 en
591 692 101 35 inom
726 693 119 36 andra
872 695 213 37 kammaren
1112 699 107 35 väckt
1247 702 138 34 motion
1415 699 58 48 (nr
1503 701 85 47 102)
1618 704 65 35 har
1710 706 86 35 herr

184 736 48 36 K.
270 737 38 36 J.
350 738 196 49 Söderberg
587 754 47 23 wm.
671 743 37 36 fl.
746 743 199 45 hemställt,
988 746 77 37 dels
1102 753 54 30 att
1184 749 196 49 riksdagen
1409 755 114 33 måtte
1550 754 155 45 besluta,
1734 756 62 35 det

186 787 223 49 statsbidrag
445 791 57 34 till
543 791 401 52 skyddshemsstyrelse
985 795 59 37 för
1083 798 239 38 bestridande
1362 815 43 22 av
1433 804 175 46 avlöning
1635 808 37 32 åt
1701 805 94 36 folk-

183 838 68 35 och
279 840 278 36 småskollärare
582 847 95 30 samt
698 842 90 37 folk-
807 845 67 35 och
895 847 381 46 småskollärarinnor,
1305 853 181 35 anställda
1512 854 62 35 vid
1594 867 43 23 av
1656 851 137 57 Kungl.

182 887 104 48 Maj:t
335 889 196 47 godkända
584 892 237 49 skyddshem,
852 899 115 32 måtte
1012 897 82 36 från
1135 899 68 35 och
1235 901 84 35 med
1359 904 41 32 år
1443 905 91 34 19921
1575 908 90 44 utgå
1700 905 95 36 efter

181 949 139 25 samma
360 940 164 47 grunder
560 954 77 23 som
679 944 58 34 till
777 945 119 35 lärare
936 946 67 36 och
1045 948 208 37 lärarinnor
1279 950 62 36 vid
1369 951 90 37 folk-
1495 954 69 35 och
1592 956 204 35 småskolor

182 988 118 36 under
327 988 281 52 förutsättning,
637 997 55 31 att
718 994 275 38 vederbörande
1020 997 117 37 lärare
1152 1000 68 35 och
1234 1001 209 36 lärarinnor
1458 1003 91 36 hava
1569 1003 70 37 full
1659 1006 135 35 under-

180 1039 381 50 visningsskyldighet
600 1043 62 35 vid
700 1043 83 37 med
812 1045 224 49 skyddshem
1073 1047 156 38 förenad
1260 1051 102 36 skola
1388 1053 68 36 och
1485 1055 167 47 uppbära
1679 1057 113 35 minst

179 1087 57 37 för
262 1090 118 36 lärare
408 1091 70 36 och
506 1092 208 38 lärarinnor
740 1094 61 36 vid
829 1095 95 37 folk-
953 1098 67 35 och
1049 1099 202 37 småskolor
1279 1101 154 48 stadgad
1461 1105 219 44 minimilön,

280 1139 78 37 dels
386 1142 68 35 ock
482 1140 57 38 för
565 1144 162 36 nämnda
753 1146 171 36 ändamål
952 1149 12 33 i
995 1150 92 34 1921
1118 1153 57 32 års
1203 1156 73 31 stat
1297 1152 159 49 uppföra
1484 1160 52 30 ett
1562 1154 226 51 förslagsan-

179 1189 79 49 slag
284 1204 46 22 av
358 1193 136 43 56,000
522 1194 146 37 kronor.

278 1240 238 39 Beträffande
548 1243 45 36 de
624 1258 45 23 av
697 1248 275 36 motionärerna
999 1251 58 34 till
1085 1250 83 36 stöd
1188 1250 57 37 för
1264 1251 176 50 förslaget
1459 1256 189 48 andragna
1662 1258 127 35 skälen

177 1290 138 37 tillåter
342 1293 56 47 sig
425 1294 179 36 utskottet
631 1295 152 37 hänvisa
809 1298 59 35 till
896 1299 202 37 motionen.

276 1391 16 36 I
333 1391 62 37 det
436 1394 201 45 utlåtande,
671 1408 77 24 som
777 1397 73 36 den
880 1399 45 35 19
954 1400 198 37 november
1181 1404 95 34 1918
1305 1416 133 36 avgavs
1465 1418 43 23 av
1535 1406 45 36 de
1607 1407 181 37 särskilda

175 1442 241 48 sakkunniga,
453 1445 98 35 vilka
591 1447 100 34 inom
723 1448 529 50 ecklesiastikdepartementet
1278 1454 193 37 tillkallats
1498 1455 58 37 för
1585 1458 203 48 utredning

174 1505 44 22 av
257 1491 131 49 frågan
430 1507 58 23 om
529 1495 163 37 ändrade
731 1498 165 47 grunder
927 1499 58 37 för
1012 1501 225 50 statsbidrag
1263 1504 59 35 till
1350 1504 437 51 uppfostringsanstalter

175 1542 57 36 för
259 1544 201 37 vanartade
487 1546 68 36 och
583 1547 12 34 i
623 1547 137 48 sedligt
786 1549 181 37 åvseende
995 1550 250 39 försummade
1271 1555 104 43 barn,
1405 1556 93 36 hade
1522 1558 138 45 jämväl
1689 1571 97 36 upp-

173 1594 112 47 tagits
325 1597 232 46 spörsmålet,
598 1598 185 37 huruvida
814 1600 80 36 icke
921 1602 228 49 statsbidrag
1175 1604 116 37 borde
1319 1609 90 45 utgå
1435 1607 58 35 till
1521 1608 45 36 de
1592 1608 63 36 vid
1682 1609 104 37 dessa

172 1644 180 36 anstalter
378 1647 182 35 anställda
587 1647 93 37 folk-
708 1650 68 36 och
805 1652 305 37 småskollärarna
1137 1657 47 45 på
1211 1667 139 24 samma
1377 1662 73 31 sätt
1476 1670 78 24 som
1582 1660 57 34 till
1666 1660 119 36 lärare

173 1693 62 35 vid
262 1693 97 37 folk-
388 1697 69 35 och
484 1698 204 36 småskolor
715 1701 11 34 i
754 1701 213 38 allmänhet.
1004 1703 174 37 Bemälda
1205 1706 231 49 sakkunniga
1463 1711 147 46 ansågo,
1638 1714 54 31 att
1714 1711 70 49 dy-

172 1744 69 35 likt
282 1745 132 49 bidrag
441 1747 114 36 borde
583 1752 89 45 utgå
698 1751 57 35 till
784 1751 311 49 skyddshemmen
1124 1755 118 36 under
1270 1756 281 50 förutsättning,
1580 1765 54 30 att
1660 1760 126 37 veder-

171 1794 163 37 börande
361 1797 117 36 lärare
506 1798 94 37 hade
628 1799 70 36 full
726 1802 503 51 undervisningsskyldighet
1256 1807 61 36 vid
1347 1808 84 36 med
1458 1809 224 48 skyddshem
1706 1810 77 37 för-

172 1845 93 35 enad
292 1846 103 36 skola
421 1848 68 35 och
518 1850 171 48 uppbure
717 1852 113 36 minst
857 1852 58 36 för
941 1854 117 36 lärare
1085 1855 63 36 vid
1176 1856 94 36 folk-
1295 1858 90 35 eller
1404 1861 205 35 småskolor
1627 1861 156 49 stadgad

171 1896 220 37 minimilön.
435 1898 72 36 För
533 1900 210 37 ändamålet
769 1903 228 37 beräknades
1024 1910 54 31 ett
1105 1906 135 49 belopp
1268 1920 45 24 av
1341 1910 135 43 52,000
1496 1911 146 36 kronor.
1666 1892 26 67 I
1684 1912 99 36 sitt

169 1952 85 29 över
281 1948 113 47 sagda
420 1950 399 50 sakkunnigutlåtande
847 1953 71 37 den
947 1956 46 35 28
1018 1956 150 47 januari
1199 1959 94 35 1919
1326 1960 155 47 avgivna
1511 1962 176 46 yttrande
1707 1962 74 37 för-

171 1996 147 37 klarade
347 2000 58 46 sig
431 2000 349 50 skolöverstyrelsen
808 2004 102 36 finna
936 2005 97 48 goda
1060 2007 77 35 skäl
1166 2009 74 34 tala
1261 2008 57 36 för
1336 2009 106 37 bifall
1461 2010 59 37 till
1539 2011 243 38 förenämnda

170 2046 148 49 förslag.
372 2049 55 35 Då
468 2052 205 36 emellertid
701 2071 48 7 —
777 2053 154 38 anförde
971 2059 269 47 överstyrelsen
1281 2059 126 37 vidare
1434 2079 49 6 —
1510 2061 270 50 föredragande

168 2096 419 50 departementschefen,
627 2103 61 36 vid
729 2105 171 36 anmälan
942 2108 11 33 i
989 2107 196 37 statsrådet
1212 2109 71 36 den
1312 2112 20 33 9
1357 2111 151 47 januari
1538 2114 95 35 1919
1663 2126 44 24 av
1735 2114 45 36 de

167 2148 249 50 sakkunnigas
456 2150 139 50 förslag
635 2153 59 36 för
734 2156 260 37 reserverande
1034 2159 13 33 i
1079 2159 195 36 riksstaten
1302 2173 44 23 av
1372 2161 246 49 erforderliga
1646 2164 131 45 medel,

165 2196 176 39 förklarat
368 2201 57 46 sig
451 2202 79 36 icke
557 2203 127 37 kunna
711 2203 58 37 för
796 2205 62 37 det
878 2205 208 39 dåvarande
1106 2208 145 37 biträda
1271 2210 175 50 förslaget
1465 2214 10 34 i
1495 2212 283 48 ifrågavarande

165 2250 189 45 avseende,
396 2255 134 45 ansåge
561 2255 57 47 sig
645 2258 270 46 överstyrelsen
943 2258 80 36 icke
1051 2258 46 36 då
1124 2260 88 35 böra
1241 2260 204 38 framställa
1471 2266 114 46 något
1611 2265 165 48 yrkande

1830 307 179 32 Hyresbidrag

1832 339 27 24 åt
1877 342 135 31 drottning

1845 374 83 24 Sofias
1946 375 55 25 stif-

1883 408 71 25 telse.

1864 450 116 48 [232.]

1815 708 103 24 Motion
1938 710 79 31 angå-

1837 742 65 24 ende
1920 748 74 20 stats-

1815 775 95 31 bidrag
1921 778 40 23 till
1971 785 45 17 av-

1849 809 94 31 löning
1961 810 26 25 åt

1826 842 69 24 vissa
1914 844 83 25 lärare

1824 876 50 23 och
1894 878 109 24 lärarin-

1832 917 48 16 nor
1898 912 45 23 vid
1960 920 32 16 av

1814 943 101 31 Kungl.
1938 945 76 32 Maj:t

1843 978 144 30 godkända

1827 1011 169 32 skyddshem.

1836 1423 146 26 Utskottets

1841 1459 129 29 yttrande.
