2156 2610
315 246 60 31 202
823 234 232 31 Statsutskottets
1077 229 149 30 utlåtande
1251 228 47 28 Nr
1321 227 19 27 8
1362 225 38 29 A.

718 317 59 33 må
813 313 12 35 i
853 312 196 36 riksstaten
1079 306 57 36 för
1164 308 38 33 år
1231 304 94 35 1921
1357 304 181 44 upptagas
1566 295 84 36 med
1677 291 245 40 oförändrade

720 366 147 45 belopp.

420 453 212 38 Stockholm
660 450 71 35 den
760 449 47 34 20
835 446 94 47 april
959 443 107 36 1920.

853 579 52 35 På
932 575 288 38 statsutskottets
1247 577 154 41 vägnar:

876 695 34 37 S.
939 694 45 36 H.
1014 685 354 44 KVARNZELIUS.

436 1045 64 32 Vid
524 1040 197 36 förestående
745 1037 133 33 ärendes
900 1029 260 40 slutbebandling
1182 1028 85 30 inom
1292 1024 155 32 utskottet
1469 1021 82 31 hava
1574 1017 159 34 närvarit:

438 1088 72 31 från
544 1085 102 31 första
672 1083 200 30 kammaren:
894 1077 110 31 herrar
1027 1073 31 32 S.
1084 1071 44 31 H.
1151 1067 235 36 Kvarnzelius,
1411 1065 32 31 C.
1465 1063 35 33 J.
1525 1061 38 33 G.
1588 1060 135 36 Swartz,
1744 1057 33 32 J.
1802 1055 137 33 Nilsson

333 1133 11 30 i
367 1128 253 37 Skottlandshus,
643 1126 40 31 Vv.
707 1124 38 31 A.
770 1121 149 35 Nilsson,
944 1117 90 32 Ollas
1056 1115 40 30 A.
1119 1112 171 36 Ericsson,
1316 1108 44 32 H.
1385 1107 47 31 M.
1457 1105 207 34 Bäckström,
1686 1100 34 33 J.
1743 1099 38 32 L.
1808 1096 130 37 Widell,

338 1174 34 32 C.
396 1173 38 32 G.
459 1171 144 37 Ekman,
630 1166 33 33 0.
691 1165 34 33 U.
749 1165 41 31 B.
815 1162 128 35 Olsson,
968 1158 37 34 0.
1028 1155 184 41 Bergqvist,
1235 1153 40 31 A.
1299 1151 82 31 Pers
1403 1148 55 32 och
1482 1147 34 32 J.
1540 1145 137 32 Nilsson
1700 1143 10 30 i
1738 1141 106 32 Malmö

441 1215 83 29 samt
556 1212 71 30 från
660 1208 98 31 andra
791 1206 202 30 kammaren:
1027 1200 112 30 herrar
1173 1196 39 31 A.
1248 1193 175 32 Anderson
1456 1190 11 30 i
1500 1187 149 35 Råstock,
1680 1185 40 31 ÅA.
1748 1180 155 35 Wiklund
1930 1180 11 30 i

338 1256 169 36 Brattfors,
529 1254 33 32 J.
585 1252 147 32 Jönsson
754 1249 10 30 i
788 1247 156 39 Revinge,
967 1243 36 31 P.
1028 1240 139 32 Nilsson
1190 1238 10 30 i
1222 1236 136 39 Bonarp,
1384 1232 35 32 O.
1443 1231 106 32 H:son
1570 1227 163 39 Walldén,
1750 1224 32 33 S.
1800 1224 143 39 Bengts-

338 1310 60 22 son
429 1298 10 31 i
471 1296 121 39 Norup,
616 1293 36 31 P.
677 1292 41 31 B.
741 1289 141 41 Nilsson
904 1287 10 30 i
937 1282 177 40 Landeryd,
1144 1281 45 31 W.
1214 1278 205 35 Bäckström,
1440 1273 33 33 C.
1490 1272 41 32 R.
1547 1271 165 32 Jeansson
1734 1268 11 30 i
1768 1266 114 36 Falun,
1904 1263 29 33 J.

339 1341 198 35 Erlansson,
562 1336 34 32 O.
620 1334 137 32 Nilsson
779 1332 11 30 i
813 1329 119 33 Örebro
955 1326 57 32 och
1035 1325 43 32 K.
1103 1323 41 32 A.
1176 1321 47 32 W.
1246 1318 123 43 Björck

445 1380 71 33 med
539 1378 164 36 undantag
726 1374 97 31 därav
845 1373 59 33 att,
927 1370 71 31 herr
1021 1367 126 31 Swartz
1170 1364 69 31 icke
1262 1359 137 43 deltagit
1420 1359 10 30 i
1454 1355 236 40 behandlingen
1712 1362 38 20 av
1765 1349 181 42 punkterna

343 1426 162 33 93—100,
530 1420 183 35 102—105,
736 1414 175 33 107—138
933 1412 82 30 samt
1039 1406 185 35 140—312,
1249 1402 108 32 därvid
1381 1401 74 31 herr
1476 1398 167 32 Jeansson
1661 1395 11 30 i
1687 1393 108 32 stället
1810 1389 135 42 deltagit

343 1468 53 32 vid
419 1465 181 43 punkterna
624 1460 160 32 93—100,
809 1454 186 34 102—105,
1019 1449 173 33 107—138
1217 1446 55 32 och
1297 1443 197 35 140—238;

447 1509 11 30 ;
481 1505 106 33 stället
609 1504 51 30 för
675 1501 74 31 herr
763 1499 141 32 Nilsson
920 1496 10 30 i
946 1491 244 35 Skottlandsbus
1206 1487 146 41 deltagit,
1369 1486 73 30 herr
1458 1483 160 31 Jeansson
1635 1479 11 30 i
1660 1475 236 40 behandlingen
1912 1483 37 20 av

343 1551 182 43 punkterna
547 1548 74 35 101,
655 1546 63 30 106
749 1541 57 32 och
831 1541 65 30 139
928 1538 81 30 samt
1035 1535 73 30 herr
1133 1532 34 32 OC.
1192 1531 36 31 P.
1260 1529 33 31 V.
1317 1527 140 32 Nilsson
1479 1524 51 32 vid
1554 1522 181 42 punkterna
1758 1517 193 35 153—312;

450 1592 73 30 herr
556 1589 44 31 N.
634 1589 40 30 A.
706 1584 139 33 Nilsson
869 1582 10 30 i
902 1578 149 39 Kobbarp
1073 1575 69 31 icke
1166 1572 133 41 deltagit
1324 1571 10 29 i
1358 1566 236 40 behandlingen
1616 1574 38 20 av
1676 1561 181 42 punkterna
1880 1558 67 30 268

452 1676 11 31 ;
496 1673 108 32 stället
638 1671 50 30 för
720 1669 73 30 herr
834 1662 156 33 Wiklund
1023 1658 138 41 deltagit
1194 1656 72 31 berr
1293 1654 32 32 &S.
1350 1653 42 31 E.
1416 1651 34 32 J.
1473 1648 127 33 Liibeck
1622 1647 10 30 i
1655 1643 234 40 behandlingen
1914 1651 38 20 av

349 1718 181 43 punkterna
552 1714 129 31 1—198
703 1710 55 32 och
783 1706 196 36 239—312;

455 1761 10 29 i
494 1757 109 31 stället
636 1755 47 31 för
706 1754 71 30 herr
799 1750 147 32 Jönsson
967 1747 10 29 i
1002 1743 143 40 Revinge
1168 1739 136 41 deltagit
1326 1737 74 32 herr
1422 1735 39 31 4.
1491 1731 172 39 Wassberg
1685 1730 11 29 i
1718 1725 235 40 behandlingen

352 1814 38 20 av
413 1801 181 42 punkterna
617 1795 193 33 153—312;

457 1843 72 31 herr
556 1840 49 31 W.
631 1837 197 32 Bäckström
852 1832 69 31 icke
945 1827 134 38 deltagit
1101 1826 10 31 i
1133 1823 236 40 behandlingen
1393 1831 38 20 av
1453 1817 182 42 punkterna
1657 1811 194 37 239—312;

457 1886 9 29 ;
490 1882 110 32 stället
622 1881 50 30 för
696 1879 72 31 herr
790 1875 153 33 Jansson
966 1872 10 30 i
1000 1869 102 33 Falun
1127 1866 135 40 deltagit
1284 1864 74 31 herr
1382 1860 191 33 Andersson
1596 1857 11 31 i
1629 1854 145 33 Prästbol
1789 1853 10 30 i
1814 1849 139 34 behand-

353 1929 114 41 lingen
491 1936 38 21 av
551 1923 181 42 punkterna
755 1918 160 33 55—152.
