2176 2618
726 153 232 29 Stutsutskottets
979 153 151 28 utlåtande
1154 151 46 29 Nr
1222 154 20 24 8
1266 152 35 28 A.
1782 148 37 29 Bål

617 231 9 33 i
670 229 69 36 vad
768 228 212 36 densamma
1008 229 128 46 skiljer
1163 229 56 47 sig
1247 228 82 35 från
1359 227 135 47 Kungl.
1523 226 125 47 Maj:ts
1677 225 147 47 förslag,

617 281 59 34 till
699 279 267 46 förstärkning
994 290 46 24 av
1067 279 70 35 den
1165 281 20 32 &
1212 278 185 36 ordinarie
1424 282 72 31 stat
1518 276 69 47 för
1614 276 210 43 vitterhets-,

619 330 166 36 historie-
806 330 63 35 och
889 328 436 37 antikviletsakademien
1344 328 192 46 uppförda
1549 326 277 48 anslagsposten

619 384 20 31 å
681 381 134 43 23,800
860 380 135 34 kronor
1036 379 58 35 lill
1133 390 251 24 amanuenser
1416 378 64 36 och
1509 377 316 36 vikariatsersätt-

618 431 144 45 ningar
801 432 95 33 samt
935 432 103 32 extra
1080 429 170 35 Dbiträden
1291 429 64 35 och
1381 427 283 48 vaktbetjäning
1691 427 136 46 bevilja

619 483 46 44 på
706 485 105 30 extra
852 484 72 30 stat
966 478 56 35 för
1060 482 40 31 år
1139 480 89 34 1921
1275 483 53 30 ett
1369 477 297 47 förslagsanslag,
1707 477 118 46 högst,

620 530 110 42 9,800
758 530 146 34 kronor.

316 629 99 45 53:0)
445 630 136 48 Kungl.
623 629 104 47 Maj:t
767 630 63 34 har
859 628 135 48 (punkt
1024 626 62 46 52)
1115 627 192 47 föreslagit
1335 627 196 47 riksdagen
1560 631 53 31 att
1641 626 56 36 för
1724 626 102 35 bere-
1846 615 91 64 Ökade
1959 621 87 57 medel

216 680 118 37 dande
362 694 44 23 av
434 680 114 36 ökade
577 679 120 36 medel
724 680 58 34 till
810 678 238 36 bestridande
1076 691 43 22 av
1147 678 223 43 vitterhets-,
1391 678 171 35 historie-
1583 677 67 35 och
1670 676 156 35 antikvi-
1863 689 31 23 de
1912 696 32 16 av
1963 695 67 17 rese-

214 731 309 36 tetsakademiens
564 729 156 49 utgifter
758 729 56 36 för
842 729 276 36 resekostnader
1147 727 56 36 för
1231 727 370 37 fornminnesvården
1629 727 125 35 anvisa
1782 729 45 45 på
1847 721 201 59 kostnader
2006 717 47 67 för

217 787 106 31 extra
351 787 72 30 stat
451 780 57 37 för
536 784 39 32 år
607 782 92 34 1921
731 785 52 31 ett
811 779 298 47 förslagsanslag,
1138 779 118 47 högst,
1289 779 134 43 16,000
1452 779 148 34 kronor.
1894 788 106 25 vården.

1919 836 58 33 52.

318 882 201 43 Utskottet,
562 894 79 22 som
682 881 80 35 icke
790 881 127 34 funnit
945 879 202 47 anledning
1173 879 58 35 till
1260 880 147 34 erinran
1435 883 80 30 mot
1542 878 137 46 Kungl.
1707 877 119 46 Maj:ts
1903 832 91 45 fe.

218 931 253 49 föreliggande
512 931 147 47 förslag,
686 931 114 35 vilket
840 930 153 35 innebär
1022 942 44 22 en
1096 929 156 47 höjning
1280 928 82 35 med
1392 929 111 43 2,000
1531 929 136 34 kronor
1695 940 43 23 av
1765 927 62 35 det

218 981 57 36 för
304 985 39 32 år
375 983 95 35 1920
497 982 59 34 till
585 981 209 35 ändamålet
821 979 182 48 beviljade
1031 980 178 46 anslaget,
1238 979 223 42 hemställer,

724 1036 53 31 att
804 1030 196 47 riksdagen
1028 1032 60 33 må
1115 1029 57 36 för
1198 1028 207 36 beredande
1432 1041 43 23 av
1503 1028 114 36 ökade
1643 1027 112 36 medel
1773 1027 57 36 till
1849 1019 69 30 Ökat
1946 1025 102 29 anslag.

623 1082 231 36 bestridande
881 1093 46 24 av
954 1081 214 43 vitterhets-,
1197 1079 168 36 historte-
1385 1079 64 36 och
1476 1078 351 37 antikvitetsakade-

623 1133 118 35 miens
779 1131 156 47 utgifter
961 1130 68 47 för
1055 1131 277 36 resekostnader
1353 1129 69 47 för
1442 1129 387 47 fornminnesvården

622 1184 127 35 anvisa
776 1185 46 45 på
850 1187 103 31 extra
981 1186 72 31 stat
1081 1180 58 36 för
1158 1184 39 32 år
1214 1182 94 34 1921
1327 1186 52 30 ett
1394 1179 299 48 förslagsanslag,
1709 1179 118 47 högst,

626 1234 134 43 16,000
787 1234 145 34 kronor.

322 1331 97 49 54:0)
460 1333 238 36 Beträffande
738 1333 70 36 vad
849 1333 136 46 Kungl.
1027 1332 103 46 Maj:t
1162 1330 135 49 (punkt
1326 1328 62 48 53)
1416 1330 190 47 föreslagit
1633 1330 194 47 riksdagen
1856 1335 187 30 Restaurering

220 1384 189 49 angående
450 1386 126 45 anslag
616 1385 57 34 till
713 1383 252 47 restaurering
992 1395 43 22 av
1062 1382 209 35 Varnhems
1299 1381 254 49 klosterkyrka
1580 1382 164 34 kommer
1771 1385 58 30 ut-
1848 1369 203 65 SEEN

221 1437 136 34 skottet
398 1439 53 31 att
492 1433 198 37 framdeles
731 1433 118 36 under
890 1433 197 46 riksdagen
1121 1434 130 46 avgiva
1279 1431 202 44 utlåtande,
1509 1431 113 36 vilket
1649 1431 180 35 utskottet
1904 1444 91 46 —(33.]

221 1487 119 35 skolat
367 1485 153 36 härmed
547 1484 57 36 för
627 1484 197 47 riksdagen

727 1552 154 35 anmäla.

656 1686 232 35 Akademien
910 1684 69 47 för
1006 1685 43 35 de
1070 1683 89 46 fria
1187 1683 210 36 konsterna.

325 1784 98 49 55:0)
453 1787 136 47 Kungl.
618 1786 104 48 Maj:t
749 1786 65 35 har
841 1786 134 47 (punkt
1004 1783 63 47 54)
1095 1784 191 48 föreslagit
1314 1784 196 48 riksdagen
1539 1788 55 31 att
1852 1771 129 65 SA
1993 1779 59 57 pro-

323 1838 75 37 dels
425 1838 86 47 höja
539 1837 70 36 den
636 1838 13 34 i
677 1841 120 31 staten
825 1835 57 36 för
909 1835 216 36 akademien
1148 1834 57 36 för
1233 1835 44 35 de
1305 1834 71 36 fria
1403 1836 200 34 konsterna
1630 1833 117 35 under
1771 1846 61 23 av-
1859 1839 99 39 fessorn
1976 1839 9 24 i
2004 1846 40 32 ar-

224 1889 200 47 delningen
452 1887 313 48 konsthögskolan
793 1885 184 49 uppförda
1005 1886 221 47 avlöningen
1254 1888 37 33 åt
1318 1899 45 22 en
1392 1884 187 49 professor
1598 1885 12 34 i
1629 1884 204 35 arkitektur
1863 1873 180 64 Rn

224 1939 82 36 från
346 1938 213 37 nuvarande
601 1939 108 44 6,400
749 1938 147 43 kronor,
934 1936 110 36 därav
1071 1938 111 42 4,400
1210 1937 137 34 kronor
1374 1936 61 35 lön
1463 1936 69 35 och
1561 1936 109 43 2,000
1698 1934 135 35 kronor
1852 1941 93 24 skolan
1965 1948 33 16 m.
2018 1948 34 16 m.

223 1990 490 48 tjänstgöringspenningar,
739 1989 116 46 jätnte
875 1992 53 41 ett
943 1987 256 47 ålderstillägg
1213 1989 20 32 å
1250 1988 71 34 600
1337 1987 134 35 kronor
1486 1986 56 35 till
1560 1986 110 39 7,500
1685 1985 147 42 kronor,
1868 1979 17 63 —
1906 1983 92 47 [54.]

224 2041 111 35 därav
377 2041 110 42 5,000
527 2040 140 35 kronor
707 2040 62 34 lön
801 2038 69 36 och
898 2039 110 42 2,500
1037 2038 137 35 kronor
1200 2038 491 47 tjänstgöringspenningar,
1716 2035 117 47 jämte

225 2096 51 31 ett
304 2091 255 47 ålderstillägg
586 2093 20 32 å
634 2091 72 35 600
734 2090 150 41 kronor;

325 2142 74 35 dels
425 2141 86 47 höja
538 2140 63 35 det
628 2140 118 35 under
773 2151 138 24 samma
938 2137 200 49 avdelning
1164 2143 191 43 upptagna
1383 2137 152 37 arvodet
1563 2137 56 35 till
1648 2150 44 22 en
1716 2137 117 34 lärare

224 2194 12 33 i
264 2194 147 46 etsning
438 2191 82 37 från
548 2190 213 37 nuvarande
790 2190 110 44 2,400
927 2190 136 34 kronor
1090 2189 57 35 till
1177 2189 126 44 5,000;
