2164 2616
688 171 226 29 Slutsutskottets
937 166 151 29 utlåtande
1111 164 46 29 Nr
1180 164 19 27 8
1223 165 36 26 ÅA.
1720 149 56 30 181

276 257 31 45 ej
347 254 143 36 mindre
518 260 52 27 ett
599 247 296 48 förslagsanslag,
925 245 109 45 högst
1066 241 155 41 108,075
1250 238 136 34 kronor
1414 239 53 30 att
1496 231 117 36 under
1640 229 45 35 de
1704 228 77 35 vill-

175 309 78 40 kor,
293 318 78 23 som
399 317 43 22 av
474 303 132 46 Kungl.
636 300 103 46 Maj:t
766 304 128 42 prövas
922 294 185 47 lämpliga,
1138 292 89 45 utgå
1253 288 56 35 till
1337 284 119 37 nedan
1485 282 158 47 angivna
1671 277 110 37 ända-

178 357 72 41 mål
279 356 80 35 med
391 356 106 43 högst
527 350 161 49 följande
716 350 148 45 belopp:

177 408 57 35 till
275 403 237 38 anordnande
554 401 118 36 under
711 403 39 31 år
795 398 92 34 1921
926 407 43 22 av
998 406 44 22 en
1071 391 110 35 social
1213 385 169 38 fortbild-

280 456 199 46 ningskurs
511 453 57 35 för
596 453 117 33 lärare
742 462 45 21 m.
817 446 35 35 fl.

906 475 83 5 IDF
1086 471 82 5 ra
1265 469 4 3 .
1412 435 136 34 kronor
1576 432 209 40 35,825:
1754 428 34 49 —

212 521 12 15 >
282 503 237 37 anordnande
556 501 117 35 under
701 504 39 29 år
772 498 91 34 1921
893 507 43 22 av
965 506 44 22 en
1038 505 27 22 s.
1095 491 34 34 k.
1158 489 134 35 allmän
1323 493 61 27 ut-

283 554 279 46 bildningskurs
614 581 27 5 .....
816 575 82 7 a
1040 570 94 6 vattnar
1231 569 4 4 |
1467 546 12 14 »
1580 530 143 43 11,750:
1758 545 30 5 —

212 619 14 16 >
285 603 205 48 främjande
515 615 42 21 av
576 595 364 41 centralförbundets
960 593 56 35 för
1035 585 352 54 nykterhetsunder-

284 655 146 43 visning
471 650 231 37 verksamhet
730 675 217 8 ...oeece€-Mm]oc
998 670 151 7 see
1201 667 115 5 FANER
1470 645 11 15 3
1583 626 143 46 15,000:
1744 645 47 5 —

214 720 13 16 >
286 704 194 36 underhåll
508 702 67 35 och
605 700 134 35 skötsel
768 710 41 22 av
830 689 360 42 centralförbundets
1210 687 57 36 för
1296 686 92 47 nyk-

204 787 12 7 -
247 743 15 58 —
285 752 410 45 terhetsundervisning
723 747 176 36 bibliotek
1247 766 115 6 MERA
1472 746 12 15 »
1611 725 119 50 1,000:

216 820 12 16 >»
288 804 206 47 fråmjande
533 815 44 22 av
618 800 168 46 Sveriges
826 796 180 46 storloges
1047 804 42 22 av
1131 790 24 35 I.
1198 787 43 37 0.
1280 785 42 38 G.
1350 785 41 35 T.

288 855 138 36 studie-
461 854 67 35 och
558 845 416 51 ungdomsverksamhet
1062 873 25 4 cv
1274 867 116 5 een
1476 846 11 15 2
1588 830 144 43 12,000:
1753 848 39 5 —

219 920 12 16 >»
288 904 207 47 främjande
522 916 43 22 av
589 901 168 45 Sveriges
776 893 372 43 blåbandsförenings
1168 888 140 36 studie-
1328 886 66 35 och

291 951 419 51 ungdomsverksamhet
750 978 103 6 ....e-c-
884 974 104 6 sees
1040 970 160 7 sees
1298 969 4 4 on
1477 946 13 15 >
1613 930 121 42 6,000:
1771 945 26 5 —

220 1019 14 17 >
292 1004 209 49 främjande
528 1016 43 21 av
598 1001 170 45 Sveriges
794 992 320 48 nationaltempels
1142 1002 42 23 av
1203 987 191 47 Templar-

292 1056 113 36 orden
434 1053 140 37 studie-
603 1051 68 36 och
702 1042 415 54 ungdomsverksamhet
1168 1069 150 5 ......2e-—
1336 1068 26 4 --
1483 1047 11 15 ?
1617 1029 121 43 4,500:
1754 1045 45 5 —

221 1121 15 16 >
294 1104 207 49 fräfnjande
529 1117 42 22 av
600 1092 536 54 nationalgodtemplarordens
1164 1089 138 36 studie-
1329 1086 69 36 och

295 1152 419 52 ungdomsverksamhet
732 1170 487 16 .....e----------10--0e
1282 1168 82 6 sem
1483 1147 14 16 3
1620 1130 121 44 3,000:
1777 1146 26 5 —

223 1222 15 17 >
296 1205 207 49 främjande
548 1217 43 22 av
636 1197 438 53 nykterhetsföreningen
1119 1191 88 35 Vita
1248 1187 152 38 bandets

296 1257 121 36 studie
445 1256 68 35 och
543 1244 399 61 ungdomsverksamhet
966 1253 44 28 ...
1064 1273 106 5 EE
1189 1269 139 7 SAST
1482 1249 12 14 >
1618 1231 122 43 3,000:

227 1324 11 15 >»
299 1306 207 48 främjande
554 1318 43 21 av
638 1297 332 54 nykterhetsorden
1012 1291 209 39 Verdandis
1262 1288 137 37 studie-

298 1358 70 36 och
397 1351 417 53 ungdomsverksamhet
841 1379 38 5 ....
914 1346 12 62 =
942 1371 375 11 senses
1336 1368 58 6 man
1618 1332 122 41 3,000:
1759 1351 46 5 —

228 1423 12 17 >
297 1406 208 48 främjande
532 1418 43 22 av
602 1403 170 46 Sveriges
799 1395 221 39 studerande
1049 1392 182 48 ungdoms
1251 1388 153 44 helnyk-

300 1454 324 40 terhetsförbunds
652 1450 253 37 verksamhet
970 1476 91 6 csscce
1080 1475 15 4 =
1114 1475 48 4 se
1182 1473 37 4 se
1249 1472 4 3 >
1374 1470 24 2 an
1483 1448 14 17 3
1620 1431 122 44 6,000:
1759 1448 48 4 —

231 1525 11 16 >
301 1507 208 49 främjande
548 1519 44 22 av
632 1502 169 48 Sveriges
836 1501 136 34 lärares
1007 1487 400 53 nykterhetsförbunds

300 1558 234 37 verksamhet
579 1586 61 6 ......
1489 1549 11 16 >
1623 1533 122 43 4,500:

233 1625 10 16 >»
303 1607 201 38 understöd
543 1606 55 36 för
627 1602 199 50 utgivande
854 1613 42 22 av
924 1612 45 22 en
997 1594 166 39 tidskrift
1191 1592 56 36 för
1275 1589 134 38 under-

305 1661 185 46 visnings-
516 1657 68 36 och
615 1648 526 55 upplysningsverksamheten
1170 1643 57 36 för
1255 1642 151 48 nykter-

305 1712 127 35 hetens
460 1705 208 49 främjande
714 1736 5 4 .
816 1733 25 4 oe
861 1732 59 4 rnen
951 1731 13 4 parar
987 1694 23 56 ser
1018 1730 15 4 oobeN
1074 1725 95 7 omge
1232 1721 127 8 RAT
1491 1702 11 14 3
1627 1683 120 42 2,500:
1769 1703 38 4 —

305 1820 45 27 än
380 1818 90 28 även
497 1809 58 35 till
583 1805 261 46 föreläsnings-
872 1801 68 36 och
968 1790 480 44 instruktionsverksamhet
1469 1786 58 37 för
1552 1784 262 50 nykterhetens

207 1861 207 49 främjande
446 1861 12 34 i
485 1858 166 48 enlighet
678 1854 84 37 med
788 1853 45 36 de
861 1849 285 38 bestämmelser,
1174 1843 136 47 Kungl.
1340 1841 102 46 Maj:t
1468 1839 72 35 kan
1567 1838 103 33 finna
1697 1835 117 45 lämp-

207 1916 70 44 ligt
302 1911 193 42 fastställa,
524 1914 53 31 ett
603 1902 374 46 reservationsanslag
1004 1902 20 33 å
1055 1898 133 41 18,000
1217 1895 148 40 kronor;

309 1963 74 37 dels
419 1961 64 37 ock
521 1958 181 47 medgiva,
745 1960 54 31 att
828 1947 297 54 uppkommande
1154 1945 238 49 besparingar
1419 1943 21 33 å
1466 1939 174 45 anslagen
1668 1935 58 35 till
1754 1945 63 24 an-

209 2013 190 39 ordnande
426 2025 43 22 av
496 2023 45 23 en
570 2009 111 36 social
710 2002 356 48 fortbildningskurs
1094 1997 58 36 för
1179 1998 116 33 lärare
1323 2006 48 22 in.
1399 1991 36 36 fl.
1465 1995 95 30 samt
1587 1999 43 23 av
1658 1998 45 23 en
1732 1997 27 23 s.
1778 1983 38 36 k.

211 2066 134 36 allmän
388 2059 325 48 utbildningskurs
754 2058 59 33 må
852 2054 118 46 enligt
1011 2049 135 45 Kungl.
1174 2046 124 45 Maj:ts
1326 2038 278 40 bestämmande
1632 2033 187 39 användas

211 2117 58 36 till
309 2111 238 39 anskaffande
587 2110 67 35 och
696 2106 158 37 revision
895 2116 43 22 av
975 2099 179 38 materiell
1188 2096 56 36 för
1271 2087 546 56 nykterhetsundervisningen.

313 2163 258 45 Utredningen
612 2160 12 34 i
666 2157 150 37 ärendet
856 2153 197 37 återfinnes
1095 2152 20 32 å
1151 2147 69 36 sid.
1251 2143 197 37 774—778
1476 2141 12 35 i
1516 2136 304 49 statsrådsproto-

213 2218 126 36 kollet.
