2152 2616
682 205 229 27 Statsutskoltets
936 205 149 27 utlåtande
1109 205 47 28 Nr
1179 208 18 24 5
1222 207 34 26 AA.
1716 203 59 31 165

271 281 122 37 253:0)
422 279 134 46 Kungl.
586 280 103 47 Maj:t
717 281 64 34 har
808 280 191 47 föreslagit
1026 281 194 47 riksdagen
1249 279 135 49 (punkt
1414 279 84 46 247)
1527 286 54 30 att
1609 282 55 34 till
1695 282 79 34 tek-

168 329 105 34 niska
300 330 124 35 skolan
453 331 11 33 i
492 330 213 36 Stockholm
739 330 58 35 för
824 329 165 48 följande
1021 330 168 36 andamål
1219 338 46 41 på
1293 338 104 28 extra
1424 337 71 29 stat
1523 331 58 36 för
1607 335 40 31 år
1678 333 92 34 1921

168 382 116 31 sågom
326 380 177 35 särskilda
530 380 299 47 förslagsanslag,
859 380 119 47 högst,
1008 383 125 33 anvisa
1161 381 118 35 nedan
1309 382 156 46 angivna
1493 381 146 48 belopp,
1669 389 104 28 näm-

167 428 115 47 ligen:

271 479 73 35 dels
383 480 55 34 till
482 479 270 47 uppehällande
793 492 42 22 av
872 481 147 34 skolans
1054 481 233 35 verksamhet
1317 482 132 41 17,325
1479 482 146 42 kronor,
1656 481 117 36 under

167 527 133 35 villkor
335 534 54 29 att
415 527 231 37 Stockholms
688 528 80 36 stad
809 529 57 35 för
902 532 40 32 år
973 532 106 38 1921,
1117 536 129 29 utöver
1275 530 100 35 förut
1402 532 176 46 anslagna
1607 531 117 35 medel
1753 535 21 31 å

170 578 108 39 7,500
307 579 142 43 kronor,
478 579 56 34 för
563 578 154 36 berörda
744 579 169 35 ändamål
943 580 171 47 bidrager
1142 580 83 35 med
1254 593 137 22 samma
1409 580 134 48 belopp
1563 593 78 23 som
1662 586 109 30 stats-

167 628 185 46 anslaget;

268 678 73 35 dels
380 680 55 33 till
478 678 207 36 beredande
721 692 42 21 av
792 680 223 46 provisorisk
1043 680 274 48 lönereglering
1344 680 84 35 med
1457 682 45 33 20
1531 686 154 42 procent
1712 684 21 32 å
1760 682 11 34 i

166 732 73 30 stat
281 727 181 49 uppförda
502 729 383 46 avlöningsförmåner
925 732 38 32 åt
1004 729 362 48 befattningshavare
1409 730 61 35 vid
1511 731 139 40 skolan,
1689 731 82 35 med

167 777 189 49 undantag
395 779 57 35 för
492 780 147 34 skolans
673 779 251 36 föreståndare
952 781 11 33 i
993 780 88 35 hans
1110 782 183 46 egenskap
1321 794 42 22 av
1391 780 111 36 sådan
1531 787 94 29 samt
1653 784 116 33 såsom

167 827 251 37 föreståndare
445 829 58 35 för
531 829 114 48 högre
674 829 343 36 konstindustriella
1043 831 127 34 skolan
1200 831 67 35 och
1295 832 203 34 överlärare
1525 832 101 34 inom
1650 831 122 35 denna

165 878 208 48 avdelning,
415 881 111 40 4,600
554 880 148 40 kronor,
732 880 83 35 med
844 879 232 36 beräknande
1099 886 55 29 att
1181 881 57 34 till
1267 880 121 36 denna
1414 881 274 48 lönereglering
1714 881 56 36 bi-

166 927 92 48 drag
296 929 140 35 lämnas
476 942 44 22 av
546 928 229 49 Sjöstedtska
810 928 136 37 fonden
986 930 83 35 med
1101 936 54 29 ett
1182 931 134 47 belopp
1344 944 43 21 av
1414 932 73 34 480
1515 932 135 34 kronor
1677 937 94 30 samt

166 977 119 36 under
311 979 133 35 villkor
470 985 53 29 att
541 978 229 37 Stockholms
798 979 81 36 stad
907 980 58 35 för
992 980 210 35 ändamålet
1229 981 145 35 särskilt
1402 982 203 46 tillskjuter
1632 994 139 23 samma

164 1028 135 48 belopp
327 1042 76 23 sowm
431 1030 274 47 statsanslaget;

265 1079 74 36 dels
365 1080 57 35 till
450 1080 208 36 beredande
686 1093 43 23 av
756 1081 219 48 ytterligare
1002 1080 312 48 löneförbättring
1341 1084 37 32 åt
1396 1082 146 34 lärarna
1560 1081 61 36 vid
1642 1082 128 36 skolan

166 1130 108 41 9,957
316 1130 135 36 kronor
490 1135 55 31 att
585 1144 44 22 av
669 1131 148 35 skolans
857 1132 155 47 styrelse
1048 1129 159 37 fördelas
1244 1134 45 45 på
1316 1130 44 37 de
1388 1132 98 35 olika
1512 1132 147 36 lärarna
1687 1132 84 36 med

164 1179 142 49 hänsyn
347 1180 59 36 till
445 1181 315 47 tjänstgöringens
800 1187 57 29 art
896 1181 68 36 och
992 1181 237 48 omfattning,
1257 1181 117 36 under
1401 1183 132 35 villkor
1560 1188 54 30 att
1640 1182 130 37 Stock-

164 1229 120 36 holms
320 1230 80 35 stad
427 1230 58 36 för
511 1232 210 35 ändamålet
747 1231 173 48 bidrager
947 1232 84 35 med
1058 1244 140 23 samma
1225 1232 133 48 belopp
1386 1245 77 23 som
1491 1234 278 47 statsanslaget;

265 1281 76 36 dels
366 1282 64 35 ock
460 1282 57 34 till
546 1280 207 37 beredande
780 1295 45 22 av
851 1281 311 48 löneförbättring
1188 1285 38 32 åt
1253 1282 273 36 vaktmästarna
1552 1282 62 37 vid
1642 1284 127 35 skolan

166 1331 70 34 795
277 1331 146 44 kronor,
465 1330 118 37 under
609 1333 134 35 villkor
770 1337 53 30 att
850 1344 139 23 samma
1017 1332 132 48 belopp
1178 1332 57 35 för
1262 1332 207 36 ändamålet
1496 1333 203 47 tillskjutes
1727 1346 43 23 av

162 1378 233 38 Stockholms
423 1381 93 36 stad.

266 1430 255 49 Utredningen
549 1433 202 34 återfinnes
779 1435 21 32 å
826 1432 66 35 sid.
929 1435 65 33 708
1021 1435 97 33 —715
1148 1433 12 34 i
1189 1433 412 48 statsrådsprotokollet.

263 1532 52 36 På
340 1532 225 47 tillaggsstat
591 1532 58 37 för
676 1537 40 31 år
747 1535 95 34 1920
871 1535 65 34 har
963 1534 118 35 äskats
1109 1537 119 32 såsom
1257 1533 179 36 särskilda
1467 1533 301 50 förslagsanslag,

163 1583 119 47 högst,
323 1583 75 35 dels
436 1584 57 35 till
534 1583 209 36 beredande
782 1597 44 22 av
865 1585 216 47 ytterligare
1123 1584 309 46 löneförbättring
1466 1587 38 33 åt
1535 1586 145 34 lärarna
1707 1585 61 36 vid

163 1633 124 35 skolan
329 1638 54 30 ett
413 1632 134 49 belopp
576 1647 43 22 av
648 1635 107 41 9,957
786 1635 135 34 kronor
948 1641 55 29 att
1030 1648 44 22 av
1102 1635 147 35 skolans
1281 1636 155 47 styrelse
1464 1635 158 35 fördelas
1651 1638 45 45 på
1723 1636 45 35 de

162 1684 98 34 olika
300 1685 144 34 lärarna
484 1683 82 36 med
606 1685 141 48 hänsyn
777 1686 56 34 till
861 1685 315 48 tjänstgöringens
1204 1691 56 29 art
1287 1685 69 35 och
1383 1685 237 49 omfattning,
1651 1686 117 36 under

162 1734 133 35 villkor
335 1739 53 30 att
418 1732 234 38 Stockholms
692 1734 79 36 stad
814 1735 55 35 för
909 1735 208 36 ändamålet
1157 1735 171 47 bidrager
1356 1734 83 37 med
1466 1748 139 23 samma
1632 1735 135 50 belopp

162 1796 78 23 som
268 1785 269 47 statsanslaget,
562 1785 74 36 dels
662 1786 63 35 ock
743 1785 58 36 till
821 1785 207 36 beredande
1047 1799 44 22 av
1111 1786 312 47 löneförbättring
1441 1788 37 33 åt
1492 1787 276 35 vaktmästarna

160 1834 63 36 vid
252 1835 127 35 skolan
406 1841 52 29 ett
485 1835 134 48 belopp
647 1848 44 22 av
720 1837 69 34 795
820 1837 145 40 kronor,
996 1836 116 35 under
1140 1837 135 35 villkor
1301 1843 53 28 att
1381 1849 138 23 samma
1546 1837 136 48 belopp
1711 1837 57 36 för

161 1885 209 35 ändamålet
397 1886 200 47 tillskjutes
624 1899 44 22 av
695 1885 232 37 Stockholms
955 1886 91 36 stad.

263 1935 198 44 Utskottet,
503 1948 77 23 som
623 1942 119 30 ansett
783 1938 57 46 sig
879 1936 88 36 böra
994 1937 186 48 tillstyrka
1208 1936 135 48 Kungl.
1373 1936 119 48 Maj:ts
1525 1937 148 48 förslag,
1702 1938 65 35 har

161 1985 94 36 dock
281 1986 96 35 velat
399 1987 131 42 erinra,
559 1986 176 36 hurusom
763 1986 280 49 ifrågavarande
1070 1988 235 35 läroanstalts
1323 1988 178 48 ställning
1521 1989 76 35 helt
1614 1989 152 48 nyligen

159 2036 96 35 varit
281 2036 149 35 föremål
458 2036 59 36 för
543 2050 45 22 en
617 2044 169 28 närmare
815 2037 209 48 utredning.
1072 2038 127 47 Enligt
1225 2038 69 35 vad
1321 2040 12 33 i
1360 2038 407 49 statsrådsprotokollet

161 2085 197 44 meddelas,
386 2093 40 29 är
453 2086 121 36 denna
601 2087 202 47 utredning
829 2101 155 22 numera
1010 2088 172 42 slutförd,
1209 2101 81 23 men
1320 2088 44 36 då
1393 2089 95 35 vissa
1514 2102 135 34 genom
1678 2089 89 35 den-

160 2149 139 23 samma
326 2136 233 37 framkomna
587 2137 139 48 förslag
754 2138 193 36 förutsätta
975 2138 181 49 åtgärder,
1183 2151 77 23 som
1290 2140 109 34 kräva
1425 2139 122 36 beslut
1575 2152 43 23 av
1636 2138 129 37 Stock-

160 2187 120 36 holms
321 2186 92 42 stad,
456 2188 65 35 har
560 2187 152 36 ärendet
753 2189 10 34 i
805 2188 130 36 sådant
975 2188 179 37 avseende
1194 2190 225 46 hänskjutits
1450 2190 56 35 till
1535 2189 231 37 Stockholms

1809 279 177 33 Uppehållan-

1814 314 31 23 de
1863 321 31 17 av
1914 314 57 24 tek-

1793 347 76 24 niska
1886 346 108 25 skolans

1799 381 7 24 i
1830 380 156 25 Stockholm

1804 414 173 24 verksamhet.

1835 454 115 49 [247.]
