1940 2866
507 201 124 32 Andra
650 201 253 38 lagutskottets
922 202 186 32 utlåtande
1129 203 50 31 Nr
1202 203 29 30 8.
1572 205 9 28 1

815 434 58 38 Nr
901 434 35 38 8,

583 542 111 23 Ankom
715 543 39 22 till
777 542 161 30 riksdagens
958 542 89 25 kansli
1069 543 52 24 den
1146 545 29 21 19
1196 544 118 23 februari
1338 544 66 23 1924
1424 544 36 24 kl.
1481 546 13 23 4
1515 553 20 15 e
1558 553 35 16 m.

234 634 188 31 Utlåtande
459 636 10 28 i
500 635 189 36 anledning
713 645 43 20 av
781 635 104 32 väckt
909 637 132 30 motion
1067 646 57 21 om
1152 637 67 31 viss
1242 638 150 36 ändring
1415 647 44 21 uv
1485 639 38 29 10
1548 637 77 36 kap.

429 688 39 30 72
492 681 22 41 $
536 687 232 37 vattenlagen.

164 789 17 30 I
215 799 43 21 en
293 790 94 30 inom
412 790 111 30 första
546 791 202 30 kammaren
774 792 115 35 väckt,
914 792 57 30 till
996 792 197 36 lagutskott
1218 793 173 31 hänvisad
1416 794 142 34 motion,
1584 803 41 21 nr

122 841 72 35 105,
231 841 121 31 vilken
386 842 207 31 behandlats
628 852 43 20 av
706 843 109 31 andra
852 844 242 36 lagutskottet,
1131 844 63 31 har
1223 845 79 30 herr
1326 845 66 31 Per
1417 845 208 35 Gustafsson

121 893 191 35 hemställt,
336 894 52 30 att
413 893 190 36 riksdagen
628 894 85 31 ville
738 895 53 30 för
814 896 56 29 sin
895 895 54 31 del
974 896 146 36 besluta,
1145 898 52 29 att
1223 897 39 30 10
1286 897 79 35 kap.
1391 897 40 30 72
1455 894 18 37 $
1490 897 135 30 vatten-

122 944 102 36 lagen
249 946 107 30 måtte
379 945 135 31 erhålla
539 946 72 30 viss
635 956 44 20 av
703 947 219 30 motionären
947 948 196 36 föreslagen
1161 948 131 31 ändrad
1311 948 132 37 lydelse
1460 949 84 31 eller
1561 949 63 31 ock

120 996 66 31 den
221 996 207 31 förändrade
453 997 142 36 lydelse,
620 1007 72 22 som
717 998 258 32 vederbörande
999 1000 135 31 utskott
1159 1000 115 31 kunde
1299 1000 140 31 komma
1463 1002 52 30 att
1539 1001 84 30 före-

119 1048 63 35 slå,
218 1051 165 29 ävensom
418 1049 52 31 att
494 1050 77 31 med
595 1050 193 36 anledning
812 1051 109 31 härav
947 1051 230 37 erforderliga
1203 1052 205 37 ytterligare
1432 1053 192 37 ändringar

120 1101 12 30 i
156 1100 103 37 lagen
282 1101 109 31 måtte
416 1101 173 37 vidtagas.

161 1179 75 31 Den
259 1190 45 21 av
333 1180 221 31 motionären
578 1181 199 37 föreslagna
803 1182 154 37 lydelsen
982 1193 44 21 av
1051 1184 272 35 ifrågavarande
1347 1185 140 35 lagrum
1504 1187 39 28 är
1561 1185 61 30 föl-

118 1231 119 36 jande:

165 1283 118 32 »Skall
318 1284 53 31 för
407 1285 256 31 handhavande
698 1296 44 20 av
779 1286 39 31 de
843 1287 75 31 med
944 1288 172 36 företaget
1140 1288 162 31 förenade
1326 1289 295 37 angelägenheter

117 1336 115 30 finnas
255 1336 156 36 styrelse,
437 1337 62 30 och
523 1337 63 30 har
610 1338 30 35 ej
665 1337 109 32 sådan
800 1339 91 30 valts
916 1339 110 31 under
1051 1340 273 37 förrättningen,
1349 1341 99 31 skola
1465 1342 72 30 före
1554 1341 66 31 för-

117 1388 221 36 rättningens
354 1388 211 32 avslutande
580 1392 239 33 synemännen
844 1391 182 36 uppdraga
1041 1392 37 30 åt
1093 1401 44 21 en
1153 1392 85 31 eller
1254 1392 83 31 flera
1353 1403 45 20 av
1415 1393 205 36 deltagarna

116 1440 53 30 att
192 1440 12 30 i
228 1440 220 31 föreskriven
472 1441 151 36 ordning
640 1442 141 31 utfärda
798 1443 144 31 kallelse
960 1443 57 31 till
1033 1445 259 31 sammanträde
1310 1445 53 31 för
1379 1445 237 37 styrelseval.>

159 1518 69 31 Till
252 1518 76 31 stöd
352 1519 53 31 för
429 1520 145 31 berörda
598 1520 210 32 hemställan
832 1522 63 30 har
919 1522 218 31 motionären
1161 1523 132 31 anfört:

163 1570 36 30 »I
223 1571 163 36 gällande
411 1572 181 36 vattenlag
616 1572 111 32 finnes
752 1573 64 31 den
841 1574 266 32 bestämmelsen
1132 1575 155 37 intagen,
1312 1578 52 30 att
1382 1576 43 31 då
1441 1578 178 35 deltagare

116 1623 11 29 i
151 1623 49 31 ett
224 1623 307 38 dikningsföretag
555 1627 59 29 äro
638 1625 82 31 flera
745 1628 44 28 än
814 1627 70 35 två,
909 1627 92 30 skall
1019 1629 93 29 utses
1129 1628 145 36 styrelse
1291 1629 55 31 för
1361 1630 53 30 att
1431 1629 187 32 handhava

115 1674 40 31 de
190 1675 76 31 med
301 1675 173 38 företaget
509 1677 162 31 förenade
705 1678 342 37 angelägenheterna
1072 1693 39 4 —
1136 1680 18 30 7
1179 1680 78 37 kap.
1282 1677 18 38 $
1324 1682 40 30 61
1390 1695 39 3 —
1454 1682 63 31 och
1541 1684 76 29 när-

115 1736 94 22 mare
232 1727 261 32 bestämmelser
516 1739 56 21 om
596 1731 104 30 sättet
724 1730 53 31 för
802 1731 207 36 styrelseval
1034 1731 174 32 meddelas
1232 1733 12 30 i
1269 1733 39 30 10
1333 1734 78 35 kap.
1437 1730 18 38 $
1479 1735 50 30 72.

157 1779 251 32 Erfarenheten
433 1780 80 32 från
537 1781 66 31 den
627 1781 52 32 tid
702 1782 106 36 lagen
832 1783 196 37 tillämpats
1053 1784 63 31 har
1132 1785 196 31 emellertid
1346 1786 92 35 givit
1456 1786 60 31 vid
1533 1786 82 31 han-

113 1831 66 31 den
213 1831 282 33 önskvärdheten
533 1843 44 21 av
601 1835 52 30 att
676 1835 242 35 styrelsevalet
942 1836 116 32 kunde
1081 1836 60 31 ske
1165 1837 93 31 inför
1280 1840 240 34 synemännen
1544 1839 71 31 före

113 1883 276 37 förrättningens
425 1885 210 32 avslutande
670 1886 62 31 och
766 1888 53 29 att
843 1887 56 31 det
923 1898 48 21 nu
995 1888 168 36 stadgade
1186 1890 105 30 sättet
1315 1890 123 31 endast
1462 1891 153 31 behövde

113 1935 256 36 ifrågakomma
394 1939 64 29 när
481 1937 160 37 delägare
665 1938 63 31 och
752 1939 319 38 förrättningsmän
1095 1942 37 29 så
1163 1942 129 35 ansåge
1316 1942 176 37 lämpligt.
1538 1943 77 37 Sty-

113 1987 112 31 relsen
250 1988 69 31 kan
344 1989 156 36 givetvis
524 1990 75 31 icke
623 1990 100 32 träda
747 1992 12 29 i
784 1992 167 31 funktion
976 1992 120 31 förrän
1120 1993 232 38 medgivande
1369 1995 57 30 till
1444 1995 170 37 företaget

112 2040 151 31 lämnats
288 2041 12 30 i
323 2041 82 37 laga
429 2041 161 37 ordning,
615 2043 63 30 och
701 2043 159 31 förfaller
884 2044 138 37 frågan,
1047 2045 85 31 eller
1156 2046 115 31 skulle
1296 2056 125 26 genom
1444 2049 50 30 ett
1519 2050 95 29 över-

111 2092 174 36 klagande
313 2102 42 22 en
379 2093 109 31 sådan
512 2094 151 37 ändring
689 2095 59 31 ske
772 2096 11 29 i
808 2096 434 38 delaktighetsprocenten,
1265 2099 53 30 att
1342 2098 197 38 ändringen
1563 2101 51 30 in-

112 2144 148 31 verkade
285 2146 43 35 på
351 2145 256 37 styrelsevalet,
631 2148 37 29 så
693 2147 136 32 komme
854 2148 160 37 tydligen
1039 2150 102 30 också
1166 2150 193 31 detsamma
1382 2152 53 30 att
1458 2152 153 31 förfalla.

110 2196 82 31 Men
215 2198 51 30 att
290 2197 53 31 för
371 2198 99 30 dessa
494 2199 198 36 säkerligen
715 2200 125 36 ytterst
863 2201 173 36 sällsynta
1059 2202 65 30 fall
1150 2202 124 37 betaga
1298 2203 207 36 deltagarna
1528 2205 85 35 möj-

110 2249 156 36 ligheten
300 2250 52 30 att
376 2250 61 31 vid
461 2252 49 30 ett
533 2252 345 35 synesammanträde
903 2253 93 31 inför
1021 2254 390 37 förrättningsmännen
1436 2256 96 37 välja
1556 2257 55 31 sin

109 2301 147 37 styrelse
279 2311 102 27 synes
405 2302 73 37 mig
503 2303 179 36 oriktigt.>

150 2406 49 30 De
217 2406 12 30 i
246 2407 176 31 motionen
439 2408 144 31 berörda
600 2409 62 30 och
679 2409 142 31 därmed
839 2411 345 36 sammanhängande
1198 2412 240 37 stadgandena
1452 2414 11 30 i
1477 2415 134 30 vatten-

109 2458 102 36 lagen
236 2459 190 36 innehålla,
451 2461 110 30 såvitt
584 2470 47 21 nu
656 2463 38 28 är
718 2461 11 30 i
754 2461 111 37 fråga,
890 2462 170 37 följande:
1106 2463 75 31 Har
1204 2464 57 31 till
1286 2464 146 38 företag,
1456 2476 73 21 som
1552 2477 59 20 av-

108 2518 53 22 ser
197 2510 248 38 torrläggning
481 2522 43 21 av
554 2512 98 31 mark
677 2512 145 32 medelst
847 2513 161 37 dikning,
1034 2516 315 37 vattenavledning
1374 2517 86 31 eller
1484 2518 127 31 invall-

108 2572 108 32 Bihang
239 2573 39 25 till
301 2574 167 31 riksdagens
493 2573 143 33 protokoll
661 2575 75 25 1924.
775 2579 16 22 9
810 2577 79 24 saml.
928 2578 16 24 2
963 2578 61 24 avd.
1063 2580 14 23 3
1099 2578 68 32 häft.
1205 2578 49 27 (Nr
1274 2579 34 27 8)
1563 2584 9 21 1

1630 2417 39 24 De
1686 2417 9 24 i
1707 2419 130 25 motionen

1649 2452 108 26 berörda
1776 2456 46 22 och

1630 2487 108 25 därmed
1768 2497 68 17 sam-

1629 2524 207 31 manhängande

1642 2560 162 32 stadganden
1817 2561 10 24 i

1642 2595 174 33 vattenlagen.
