1918 2856
629 207 228 29 Statsutskottets
879 203 148 30 utlåtande
1049 203 48 28 Nr
1119 199 28 33 Å.
1588 192 40 31 39

592 1352 9 9 2

137 1358 49 30 att
209 1367 39 20 av
272 1353 294 33 reservationerna
589 1362 19 19 å
635 1349 154 41 anslaget
813 1345 154 33 utbetala
989 1341 254 45 dyrtidstillägg
1266 1342 35 29 åt
1322 1338 72 32 viss
1418 1349 19 20 å
1464 1335 177 42 skytteför-

137 1407 159 32 bundens
320 1403 247 42 överstyrelses
591 1399 198 43 expedition
813 1396 150 33 anställd
986 1393 169 44 personal.

190 1509 75 33 Vad
294 1508 53 32 till
382 1518 41 20 en
446 1505 120 41 början
590 1502 162 34 beträffar
775 1501 59 31 det
856 1500 11 31 i
891 1498 176 32 motionen
1090 1496 27 31 I:
1136 1496 38 30 73
1196 1491 217 35 behandlade
1437 1488 206 43 spörsmålet

141 1573 54 20 om
230 1558 188 33 anvisande
452 1569 39 19 av
525 1555 119 40 anslag
677 1553 52 31 till
762 1549 189 43 främjande
980 1560 40 19 av
1043 1544 293 42 skolungdomens
1359 1540 130 43 fysiska
1511 1540 131 31 fostran

139 1612 109 31 under
261 1609 142 33 åttonde
419 1606 218 33 huvudtiteln
660 1604 5 31 i
682 1601 166 34 samband
864 1599 79 33 med
959 1601 50 29 att
1024 1597 153 41 anslaget
1192 1595 53 31 till
1262 1594 67 31 den
1345 1591 159 41 frivilliga
1520 1590 124 41 skytte-

140 1662 151 31 rörelsen
310 1659 111 33 skulle
444 1659 80 40 utgå
546 1667 40 21 ur
609 1655 195 36 riksstaten,
822 1652 62 31 har
898 1650 170 32 utskottet
1085 1666 37 4 —
1139 1646 58 32 vid
1213 1645 58 32 det
1287 1641 213 35 förhållande
1516 1643 50 29 att
1581 1639 64 32 till-

141 1712 127 41 räcklig
302 1709 185 41 utredning
520 1708 11 31 i
565 1707 113 31 denna
710 1705 93 41 fråga
830 1702 126 32 varken
979 1701 11 31 i
1013 1697 168 34 avseende
1205 1698 19 30 å
1247 1694 262 40 användningen
1533 1703 40 20 av
1597 1692 49 30 ett

141 1765 76 40 nytt
240 1762 118 41 anslag
380 1761 53 30 för
460 1757 292 42 skolungdomens
775 1753 131 43 fysiska
928 1752 131 31 fostran
1083 1749 82 32 eller
1188 1746 248 41 verkningarna
1458 1755 40 20 av
1522 1744 49 30 ett
1593 1742 53 31 be-

143 1815 70 32 slut
234 1813 12 32 i
270 1812 107 32 sådan
400 1809 152 41 riktning
567 1807 181 41 föreligger
764 1824 38 4 —
819 1804 74 32 icke
906 1803 131 31 kunnat
1049 1799 171 42 tillstyrka
1236 1797 176 32 motionen
1429 1795 11 31 i
1457 1794 112 32 denna
1580 1792 65 32 del.

196 1916 180 32 Utskottet
410 1914 61 30 har
504 1911 73 32 icke
607 1909 114 32 funnit
744 1908 52 40 sig
818 1907 85 31 böra
926 1903 171 42 tillstyrka
1119 1900 195 42 beviljande
1338 1910 39 20 av
1400 1898 105 40 högre
1529 1895 119 41 anslag

144 1970 43 29 än
222 1977 74 21 som
331 1966 99 40 utgår
452 1964 51 31 för
526 1960 149 43 löpande
697 1959 169 40 budgetår
889 1956 64 32 och
977 1953 187 41 tillstyrker
1187 1951 98 32 alltså
1310 1950 78 31 herr
1411 1949 39 31 E.
1474 1947 174 32 Jonssons

145 2017 131 32 motion
299 2017 27 30 I:
350 2016 51 30 42.

199 2068 53 31 Då
285 2066 127 40 Kungl.
437 2064 115 41 Maj:ts
587 2061 125 41 förslag
746 2060 11 31 i
792 2058 112 41 övrigt
938 2056 28 42 ej
1002 2054 161 34 föranlett
1196 2054 112 39 någon
1343 2049 134 33 erinran
1504 2048 74 31 från
1602 2048 48 31 ut-

147 2119 147 32 skottets
318 2116 84 37 sida,
428 2116 48 30 får
499 2113 170 32 utskottet
690 2109 190 38 hemställa,

468 2190 27 31 I.
520 2191 50 29 att
592 2188 182 40 riksdagen
797 2186 55 30 må

471 2241 28 40 a)
523 2239 77 32 med
635 2236 185 40 anledning
854 2246 39 20 av
928 2233 125 41 Kungl.
1078 2231 116 42 Maj:ts
1219 2229 127 40 förslag
1369 2227 64 31 och
1457 2225 77 32 med
1557 2224 96 32 bifall

420 2291 52 31 till
506 2291 79 30 herr
620 2289 37 30 E.
682 2288 175 31 Jonssons
881 2284 131 32 motion
1035 2283 37 40 (I:
1097 2281 51 41 42)
1182 2282 89 30 samt
1294 2278 78 32 med
1395 2277 115 40 avslag
1534 2278 19 28 å
1575 2275 79 31 herr

420 2342 31 30 J.
477 2341 36 30 P.
538 2339 219 32 Johanssons
792 2335 131 32 motion
957 2333 37 42 (I:
1020 2332 58 42 73),
1114 2332 11 31 i
1158 2330 64 32 vad
1250 2330 67 31 den
1341 2338 98 21 avser
1461 2326 119 40 anslag
1603 2324 52 31 till

422 2391 58 31 det
512 2389 160 41 frivilliga
706 2384 290 45 skytteväsendet,
1031 2383 52 31 till
1117 2382 58 31 det
1195 2378 171 43 frivilliga
1387 2374 269 43 skytteväsendets

423 2439 222 42 befrämjande
677 2439 51 31 för
750 2436 205 41 budgetåret
980 2433 175 39 1930/1931
1182 2430 118 32 anvisa
1323 2430 49 30 ett
1396 2429 93 30 extra
1511 2435 146 22 reserva-

423 2490 214 41 tionsanslag
660 2500 40 20 av
722 2487 137 39 470,000
882 2486 139 37 kronor;

1698 1490 137 23 Utskottets

1700 1524 128 30 yttrande.
