1902 2848
59 789 130 31 Byggnad
207 790 44 29 för

50 823 125 31 sjukstall
185 832 72 15 m.m.

88 859 45 22 vid
154 859 67 23 Göta

93 892 124 24 artilleri-

75 929 152 29 regemente.

108 970 94 46 [59.]

83 2143 139 24 Utskottets

86 2179 129 28 yttrande.

57 2460 139 24 Ordnande
208 2469 31 15 av

43 2496 203 30 förläggningen

77 2530 44 23 vid
134 2530 82 32 skjut-

44 2565 91 23 skolan
148 2565 43 29 för
210 2565 41 23 in-

54 2600 123 29 fanteriet
197 2600 45 22 och

65 2634 161 24 kavalleriet.

102 2676 94 46 [60.]

277 204 41 30 60
754 208 231 30 Statsutskottets
1007 210 147 28 utlåtande
1177 211 49 27 Nr
1247 210 29 31 42.

278 280 114 32 därför
425 282 31 40 ej
481 284 113 29 ansett
628 282 52 42 sig
712 283 85 31 böra
830 283 172 42 tillstyrka
1024 284 187 33 anvisande
1234 297 40 20 av
1297 286 58 32 det
1377 287 54 31 för
1454 286 193 33 ändamålet
1668 288 116 32 beräk-

277 331 87 31 nade
387 331 174 42 beloppet,
587 333 113 38 18,000
721 333 136 33 kronor.

329 381 77 31 Mot
429 382 126 42 Kungl.
579 383 116 41 Maj:ts
719 384 127 41 förslag
868 385 12 31 i
903 385 111 41 övrigt
1037 385 61 31 har
1120 386 170 32 utskottet
1306 387 73 32 icke
1403 387 114 32 funnit
1533 388 186 42 anledning
1731 389 54 32 till

277 431 145 32 erinran.

331 482 286 33 Medelsbehovet
639 484 64 31 bör
726 485 98 31 alltså
849 485 169 33 beräknas
1041 486 54 31 till
1118 487 116 38 27,000
1255 488 136 31 kronor.

329 532 182 32 Utskottet
533 534 207 39 hemställer,

597 604 51 29 att
680 602 183 42 riksdagen
897 606 55 29 må
981 604 52 32 för
1059 606 160 40 flyttning
1252 617 40 20 av
1314 617 38 21 en
1368 606 289 42 förrådsbyggnad
1678 619 39 20 m.
1743 620 39 20 m.

545 652 53 31 för
620 652 202 42 budgetåret
858 655 177 40 1930/1931
1070 656 119 31 anvisa
1221 658 49 29 ett
1304 659 95 29 extra
1432 658 352 43 reservationsanslag

546 713 40 20 av
609 703 115 39 27,000
745 704 136 32 kronor.

327 785 86 42 56:0)
441 787 126 41 Kungl.
593 788 98 41 Maj:t
713 788 63 32 har
797 789 179 41 föreslagit
997 790 182 42 riksdagen
1203 791 120 42 (punkt
1345 792 51 41 59)
1420 795 50 29 att
1491 793 53 31 för
1566 794 217 40 uppförande

276 847 40 20 av
349 848 43 20 en
425 837 160 42 byggnad
617 839 53 31 för
693 839 160 41 sjukstall
879 851 43 20 m.
947 852 42 20 m.
1013 841 56 31 vid
1093 841 91 32 Göta
1206 843 339 42 artilleriregemente
1568 844 52 31 för
1642 844 141 42 budget-

276 888 71 30 året
371 888 176 38 1930/1931
575 889 117 31 anvisa
715 891 50 30 ett
787 892 95 29 extra
904 891 351 43 reservationsanslag
1277 904 40 20 av
1340 893 115 38 88,000
1477 894 134 32 kronor.

326 938 221 32 Beträffande
570 939 228 43 utredningen
821 940 11 31 i
855 941 143 31 ärendet
1019 942 52 31 för
1093 943 170 32 utskottet
1286 944 143 31 hänvisa
1452 944 52 31 till
1528 944 62 33 sid.
1615 946 167 31 265—268

274 999 40 20 av
337 988 196 42 åberopade
556 991 389 41 statsrådsprotokollet.

327 1081 115 32 Sedan
477 1084 344 42 arméförvaltningen
854 1085 91 42 gjort
968 1086 251 42 framställning
1242 1098 55 20 om
1320 1088 189 32 anvisande
1532 1100 40 20 av
1595 1089 112 32 medel
1728 1090 54 31 för

273 1132 159 42 byggnad
456 1133 53 32 för
532 1134 158 41 sjukstall
712 1146 43 20 m.
769 1147 41 19 m.
835 1135 58 32 vid
917 1136 90 31 Göta
1023 1136 340 43 artilleriregemente
1379 1139 65 31 och
1461 1139 177 42 samtidigt
1654 1140 128 32 lämnat

274 1195 41 20 en
350 1184 219 41 redogörelse
602 1185 53 31 för
687 1185 148 32 behovet
869 1198 40 20 av
942 1187 256 41 ifrågavarande
1231 1188 170 42 byggnad,
1430 1189 61 31 har
1514 1190 267 41 departements-

274 1234 119 32 chefen
417 1234 12 31 i
452 1235 141 31 ärendet
616 1236 113 31 anfört
750 1236 161 42 följande.

328 1285 70 31 >Åv
420 1286 66 31 vad
502 1287 343 42 arméförvaltningen
870 1288 145 31 sålunda
1038 1289 112 32 anfört
1173 1300 103 31 synes
1299 1290 70 41 mig
1391 1291 138 41 framgå,
1554 1293 49 29 att
1626 1291 58 32 det
1706 1292 74 31 icke

271 1336 198 41 ytterligare
492 1336 63 32 bör
577 1339 99 29 anstå
698 1338 78 31 med
799 1338 290 41 tillgodoseendet
1111 1350 41 20 av
1174 1340 149 32 behovet
1345 1343 81 29 utav
1447 1352 42 21 en
1505 1342 207 42 nybyggnad
1727 1343 54 31 för

272 1385 323 43 veterinärtjänsten
629 1387 57 32 vid
721 1388 91 31 Göta
845 1389 347 42 artilleriregemente.
1237 1391 67 41 Jag
1336 1391 62 31 har
1432 1392 115 32 därför
1573 1395 115 29 ansett
1710 1393 70 42 mig

272 1436 84 32 böra
390 1437 173 42 tillstyrka
596 1438 364 43 arméförvaltningens
993 1440 11 31 i
1038 1442 115 30 ämnet
1185 1441 214 32 framställda
1431 1442 137 42 förslag.
1613 1443 76 32 Mot
1712 1444 66 31 den

272 1487 209 32 verkställda
503 1488 411 43 kostnadsberäkningen,
938 1490 107 42 enligt
1066 1491 114 31 vilken
1204 1492 52 31 för
1271 1491 195 33 ändamålet
1482 1493 110 31 skulle
1609 1494 171 32 erfordras

273 1539 49 29 ett
344 1538 130 42 belopp
497 1550 40 20 av
561 1539 134 38 125,000
713 1540 136 38 kronor,
866 1540 62 31 har
941 1541 57 41 jag
1013 1541 73 32 icke
1102 1542 114 31 funnit
1232 1542 187 42 anledning
1434 1543 53 31 till
1503 1545 112 40 någon
1633 1544 144 32 erinran.

326 1587 123 33 Såsom
483 1589 344 42 arméförvaltningen
861 1591 195 38 framhållit,
1090 1592 112 32 finnes
1235 1593 53 31 för
1320 1593 240 32 bestridandet
1593 1605 40 20 av
1662 1594 117 41 ifråga-

271 1639 149 31 varande
454 1639 148 32 kostnad
635 1640 106 31 redan
775 1641 207 42 tillgängligt
1016 1644 48 29 ett
1087 1642 128 42 belopp
1239 1654 40 20 av
1302 1644 115 38 37,000
1440 1644 135 31 kronor.
1620 1644 159 33 Nämnda

272 1688 128 42 belopp
424 1691 102 40 utgör
548 1701 42 20 en
614 1690 56 32 del
692 1702 41 20 av
756 1690 66 32 den
846 1692 200 42 ersättning,
1070 1703 74 21 som
1169 1692 196 43 Göteborgs
1390 1695 86 38 stad,
1500 1697 45 39 på
1568 1697 68 30 sätt
1651 1695 127 32 inhäm-

271 1741 52 30 tas
347 1751 41 20 av
410 1740 127 42 Kungl.
561 1741 116 41 Maj:ts
700 1742 219 41 proposition
942 1754 41 20 nr
1004 1744 40 30 47
1068 1743 53 31 till
1146 1744 80 31 1923
1250 1746 55 30 års
1325 1745 149 41 riksdag,
1490 1745 74 32 haft
1579 1748 50 29 att
1645 1747 135 41 erlägga

270 1791 52 31 för
356 1791 94 32 vissa
472 1791 54 31 till
549 1792 121 31 staden
693 1793 175 31 överlåtna
891 1793 205 42 byggnader.
1142 1794 172 42 Beloppet
1336 1795 63 32 har
1419 1796 135 41 jämlikt
1576 1796 202 43 riksdagens

270 1841 116 31 beslut
408 1841 12 31 i
444 1842 140 32 ärendet
617 1843 177 40 (skrivelse
828 1855 41 19 nr
899 1844 52 40 94)
985 1844 232 42 tillgodoförts
1249 1846 171 31 ordinarie
1443 1846 336 43 byggnadsanslaget

272 1894 88 29 samt
384 1892 140 32 särskilt
546 1893 155 32 bokförts
724 1894 53 31 för
799 1896 51 29 att
872 1894 182 32 framdeles
1070 1896 174 31 användas
1259 1896 53 31 till
1329 1897 216 41 uppförande
1561 1909 40 20 av
1619 1909 41 20 en
1676 1898 102 42 bygg-

271 1942 67 31 nad
361 1942 54 31 för
437 1942 286 42 hästsjukvården
747 1944 57 31 vid
828 1944 92 32 Göta
942 1945 347 42 artilleriregemente.
1327 1946 276 33 Vidkommande
1625 1948 65 31 den
1707 1949 71 31 här-

272 1994 120 30 utöver
426 1993 222 42 erforderliga
677 2005 165 28 summan,
867 1996 115 38 88,000
1004 1996 134 39 kronor,
1164 1997 98 31 torde
1285 1997 200 32 densamma
1507 1998 84 32 böra
1614 1999 100 31 äskas
1737 2011 41 19 av

269 2043 213 41 riksdagen.»

324 2137 191 39 Utskottet,
540 2149 73 20 som
637 2138 74 32 icke
735 2139 114 32 funnit
872 2140 186 42 anledning
1081 2141 52 31 till
1157 2141 133 32 erinran
1316 2144 72 29 mot
1411 2142 126 42 Kungl.
1562 2143 116 41 Maj:ts
1694 2144 83 31 före-

271 2187 148 31 varande
442 2188 136 42 förslag,
602 2189 51 31 får
675 2189 190 39 hemställa,

591 2259 49 29 att
663 2257 183 42 riksdagen
870 2260 55 30 må
947 2259 53 31 för
1022 2259 215 42 uppförande
1260 2271 41 21 av
1324 2272 42 20 en
1390 2262 148 39 byggnad
1552 2261 60 40 för
1625 2261 152 41 sjukstall

537 2318 95 21 m.m.
649 2307 55 32 vid
723 2308 83 32 Göta
821 2309 316 41 artilleriregemente
1159 2310 53 31 för
1228 2310 204 42 budgetåret
1457 2312 177 38 1930/1931
1659 2313 118 31 anvisa

539 2359 49 29 ett
612 2360 94 29 extra
728 2359 352 42 reservationsanslag
1103 2371 40 20 av
1166 2361 115 35 88,000
1303 2361 136 32 kronor.

321 2448 85 42 57:0)
429 2450 127 41 Kungl.
580 2451 99 41 Maj:t
701 2452 62 31 har
784 2452 179 42 föreslagit
984 2453 183 42 riksdagen
1191 2453 120 42 (punkt
1334 2454 51 42 60)
1409 2457 50 29 att
1474 2455 53 32 för
1543 2455 175 32 ordnande
1735 2467 41 20 av

269 2498 260 43 förläggningen
563 2501 57 31 vid
654 2502 216 40 skjutskolan
894 2503 53 31 för
968 2503 199 32 infanteriet
1189 2504 64 31 och
1276 2505 199 32 kavalleriet
1498 2506 52 31 för
1572 2506 204 41 budgetåret

271 2550 178 33 1930/1931
475 2551 117 31 anvisa
615 2554 50 29 ett
689 2555 94 28 extra
805 2553 352 42 reservationsanslag
1179 2566 40 20 av
1244 2555 135 38 110,000
1401 2556 136 32 kronor.
