1928 2858
643 212 228 31 Statsutskottets
893 209 147 29 utlåtande
1062 209 49 27 Nr
1133 205 28 29 Å.
1638 199 19 31 9

156 297 69 30 rets
249 294 120 41 anslag
391 292 52 32 till
466 293 95 31 extra
583 289 139 42 utgifter
745 288 83 32 ökas
852 286 77 32 med
952 285 94 39 3,000
1068 284 136 31 kronor.
1249 281 276 41 Anslagsposten
1549 277 110 33 skulle

157 346 100 32 alltså
290 345 137 31 komma
459 344 50 30 att
542 342 108 31 förete
684 351 41 21 en
752 336 228 42 nettoökning
1003 347 40 20 av
1066 336 62 31 600
1150 333 128 32 kronor
1301 332 64 32 och
1388 332 171 41 upptagas
1582 328 78 33 med

156 397 115 39 23,280
293 396 135 32 kronor.

208 448 53 31 De
295 458 40 20 av
369 445 125 42 Kungl.
529 444 99 41 Maj:t
658 442 192 41 föreslagna
876 438 282 41 förändringarna
1179 434 212 34 beträffande
1415 432 205 44 personalen
1643 434 19 29 å

157 499 258 32 lantförsvarets
437 492 416 44 kommandoexpedition,
877 490 90 32 vilka
990 487 267 42 sammanhänga
1279 485 79 32 med
1381 483 206 44 spörsmålet
1606 494 55 20 om

156 551 186 31 försvarets
376 547 148 33 centrala
557 545 149 41 ledning,
729 545 110 30 finner
865 541 178 38 utskottet,
1067 538 79 33 med
1172 538 134 41 hänsyn
1329 536 53 32 till
1405 534 65 33 vad
1493 534 170 32 utskottet

158 600 108 33 under
292 599 110 43 punkt
426 600 15 30 1
466 598 61 31 här
554 607 86 22 ovan
663 595 121 38 anfört,
808 594 30 41 ej
862 604 47 21 nu
932 592 84 32 böra
1038 589 177 34 föranleda
1237 588 53 32 till
1312 589 112 40 någon
1447 585 119 42 åtgärd
1589 585 73 31 från

156 651 203 41 riksdagens
382 649 84 32 sida.

208 702 302 41 Departementets
545 698 260 41 övergångsstat
837 695 64 32 bör
934 693 108 42 enligt
1075 691 126 41 Kungl.
1236 690 118 41 Maj:ts
1387 688 129 42 förslag
1548 688 116 31 kunna

159 753 152 32 minskas
335 752 78 31 med
437 750 92 39 7,200
551 749 127 31 kronor
701 747 52 32 till
778 746 113 39 19,300
913 745 136 31 kronor.

212 803 121 33 Staten
366 802 53 32 för
458 799 424 41 försvarsdepartementet
917 795 64 32 bör
1013 794 102 32 alltså
1147 794 73 30 från
1255 791 65 33 och
1353 790 78 32 med
1462 789 203 42 budgetåret

161 854 177 40 1930/1931
364 854 169 41 upptagas
556 852 45 40 på
623 848 149 44 följande
796 849 81 31 sätt:

635 971 37 32 A.
718 968 185 34 Ordinarie
928 966 265 40 avlöningsstat.

161 1043 209 41 Avlöningar
392 1041 52 32 till
467 1039 172 33 ordinarie
662 1038 215 42 tjänstemän,
893 1034 365 42 förslagsanslag........
1318 1032 126 31 kronor
1468 1031 143 38 189,600:
1626 1048 39 4 —

161 1094 211 41 Avlöningar
404 1092 53 32 till
490 1089 258 34 ieke-ordinarie
781 1086 337 42 befattningshavare
1146 1095 43 20 m.
1214 1095 42 20 m.
1280 1084 20 30 å

212 1143 350 41 kansliavdelningen,
578 1140 261 42 förslagsanslag
855 1159 395 8 .....—=.="=eumeeeev
1382 1146 12 15 >
1490 1132 123 38 23,280:
1628 1150 37 4 —

161 1195 160 33 Arvoden
346 1194 52 32 till
420 1193 201 42 registrator
642 1191 12 31 i
677 1190 273 42 departementet
973 1189 88 30 samt
1076 1186 53 32 till
1145 1185 71 32 viss
1229 1196 70 31 per-

214 1246 98 33 sonal
336 1247 19 30 å
377 1241 490 43 kommandoexpeditionerna
894 1264 36 2 ....
1273 1259 26 4 =
1384 1247 12 15 >
1489 1233 124 38 43,260:
1628 1251 39 4 —

1029 1297 270 41 Förslagsanslag
1321 1296 125 31 kronor
1470 1294 144 38 256,140:
1646 1276 22 39 —

726 1414 37 31 B.
809 1405 299 46 Övergångsstat.

164 1484 219 41 Avlöningar,
398 1481 264 42 förslagsanslag
691 1500 604 9 -————-—==-------0-0--0-0---
1321 1476 125 31 kronor
1491 1474 176 38 19,300:
1642 1470 27 59 —

217 1586 181 33 Utskottet
420 1583 208 38 hemställer,

487 1662 50 30 att
560 1659 180 42 riksdagen
764 1660 55 30 må

486 1711 30 42 a)
539 1712 74 30 från
647 1710 63 32 och
744 1709 78 32 med
856 1708 66 32 den
955 1709 14 30 1
993 1707 63 42 juli
1083 1707 82 32 1930
1186 1708 19 29 å
1228 1705 443 42 försvarsdepartementets

435 1762 171 33 ordinarie
630 1763 68 30 stat
721 1761 146 41 uppföra
889 1770 41 21 en
954 1770 45 30 ny
1023 1757 512 43 expeditionsvaktsbefattning
1557 1760 11 32 i
1584 1761 88 32 löne-

434 1813 128 42 graden
586 1812 75 38 B5;

487 1864 35 39 b)
545 1862 181 43 godkänna
749 1873 85 20 ovan
858 1861 141 41 intagna
1022 1859 172 33 ordinarie
1217 1862 107 30 stater
1339 1862 52 31 för
1406 1861 267 42 försvarsdepar-

436 1916 175 36 tementet,
636 1915 49 30 att
708 1913 174 41 tillämpas
906 1912 74 31 från
1004 1912 64 31 och
1092 1911 78 32 med
1195 1912 65 31 den
1287 1913 14 30 1
1324 1912 64 41 juli
1414 1913 93 38 1930;

488 1964 28 39 e)
540 1964 134 31 minska
707 1962 170 33 ordinarie
910 1962 304 41 förslagsanslaget
1247 1962 53 31 till
1323 1962 281 41 departementet,
1628 1975 46 19 nu

437 2016 137 37 279,040
596 2015 134 37 kronor,
755 2014 78 32 med
856 2014 95 35 3,600
972 2014 128 31 kronor
1124 2013 52 31 till
1200 2013 136 38 275,440
1358 2013 135 32 kronor.

222 2128 63 42 3:o)
308 2127 219 33 Beträffande
562 2126 125 42 Kungl.
722 2125 116 42 Majt:s
861 2124 253 42 framställning
1140 2124 146 32 rörande
1313 2124 118 41 anslag
1453 2124 53 31 till
1530 2124 145 41 dyrtids-

170 2180 118 41 tillägg
322 2180 35 30 åt
386 2177 335 41 befattningshavare
755 2176 11 31 i
789 2176 274 41 departementet
1086 2174 121 42 (punkt
1230 2174 30 41 2)
1283 2174 61 31 har
1366 2174 181 41 riksdagen
1571 2175 103 31 redan

171 2231 99 30 fattat
292 2228 132 39 beslut;
448 2239 116 20 varom
589 2227 168 31 utskottet
778 2226 90 31 velat
890 2225 62 31 här

570 2304 119 31 erinra.

1697 2132 202 31 Dyrtidstillägg

1694 2168 27 23 åt
1730 2167 168 30 befallnings-

1748 2203 95 22 havare

1726 2237 9 22 i
1754 2238 117 28 departe-

1746 2272 101 22 mentet.

1762 2313 68 45 [2.]
