1912 2820
504 168 396 37 Bevillningsutskottets
926 167 220 31 betänkande
1171 167 49 30 Nr
1241 168 47 29 4ö.
1638 161 14 29 1

811 450 60 40 Nr
898 449 62 40 43.

652 554 111 24 Ankom
781 554 42 23 till
842 554 155 29 riksdagens
1016 553 88 24 kansli
1122 553 52 23 den
1192 550 17 26 3
1228 552 142 24 december
1388 550 64 25 1941
1472 551 34 24 kl.
1527 549 32 25 12
1578 557 36 17 m.

362 641 397 36 Bevillningsutskottets
792 639 230 39 betänkande,
1052 641 10 29 i
1093 638 188 38 anledning
1310 649 41 20 av
1382 638 124 36 Kungl.
1537 638 120 35 Maj:ts

584 693 217 36 proposition
836 691 79 31 med
951 691 130 39 förslag
1106 691 50 29 till
1182 690 205 38 förordning
1414 699 56 21 om
1499 689 157 39 uppskov

583 743 80 30 med
683 743 131 30 allmän
834 742 340 38 fastighetstaxering
1197 751 45 20 m.
1265 751 44 20 m.

180 846 13 29 I
219 854 44 21 en
290 845 66 30 den
381 846 15 29 7
426 844 186 30 november
641 845 80 29 1941
750 844 228 36 dagtecknad,
1005 844 50 30 till
1081 842 375 37 bevillningsutskottet
1482 841 171 31 hänvisad

138 895 225 37 proposition,
392 905 41 20 nr
458 896 74 34 334,
559 895 63 30 har
648 895 123 36 Kungl.
801 894 110 38 Maj:t,
937 896 112 29 under
1075 893 221 39 åberopande
1324 903 42 21 av
1393 892 261 39 propositionen

138 947 107 37 bilagt
275 947 126 36 utdrag
430 956 42 21 av
502 945 379 38 statsrådsprotokollet
910 947 81 29 över
1022 945 273 30 finansärenden
1327 943 55 31 för
1412 953 136 22 samma
1578 943 76 36 dag,

139 997 176 37 föreslagit
336 998 184 35 riksdagen
544 1000 48 27 att
613 1000 128 33 antaga
761 996 156 38 följande
939 996 57 30 vid
1019 995 261 38 propositionen
1304 995 124 37 fogade

778 1143 234 44 Förslag

864 1216 50 32 till

205 1283 241 44 förordning
470 1294 65 23 om
561 1282 186 44 uppskov
772 1281 92 35 med
888 1281 152 34 allmän
1064 1280 398 45 fastighetstaxering
1486 1291 51 22 m.
1563 1290 51 23 m.

181 1382 212 37 Härigenom
413 1382 195 35 förordnas,

183 1433 72 30 dels
285 1435 50 27 att
360 1432 66 30 den
453 1432 178 30 allmänna
657 1430 351 37 fastighetstaxering,
1036 1440 76 20 som
1141 1430 140 39 jämlikt
1309 1430 307 31 bestämmelserna
1644 1430 10 30 i

138 1485 19 28 2
183 1485 18 36 8
229 1485 14 29 I
269 1493 106 21 mom.
399 1482 429 37 taxeringsförordningen
850 1483 66 29 och
946 1483 38 29 12
1011 1483 18 36 $
1059 1483 14 28 1
1100 1491 106 22 mom.
1233 1481 422 37 kommunalskattelagen

139 1534 89 31 skall
250 1535 204 30 verkställas
476 1533 40 31 år
541 1535 93 35 1943,
657 1534 11 30 i
692 1534 112 30 stället
826 1534 89 30 skall
936 1534 64 36 äga
1022 1543 80 20 rum
1125 1532 41 32 år
1191 1534 94 35 1944,

183 1586 73 31 dels
278 1587 65 30 ock
368 1589 49 27 att
440 1586 69 30 vad
529 1585 12 30 i
567 1587 38 29 12
630 1586 18 37 8
673 1587 19 28 2
715 1594 106 21 mom.
844 1585 423 36 kommunalskattelagen
1290 1585 137 36 stadgas
1450 1584 132 36 därom,
1606 1586 49 28 att

138 1647 69 27 nya
227 1637 307 37 taxeringsvärden
555 1636 98 31 skola
674 1635 130 32 åsättas
828 1637 115 30 därest
965 1636 112 30 under
1099 1636 150 36 löpande
1270 1635 297 37 taxeringsperiod
1586 1635 68 30 fas-

140 1688 124 36 tighets
289 1689 107 31 värde
418 1697 123 28 genom
567 1687 116 37 någon
706 1688 11 30 i
741 1688 209 36 lagrummet
973 1687 148 37 angiven
1144 1687 258 37 omständighet
1425 1686 38 32 så
1485 1686 170 31 minskats

140 1739 80 30 eller
244 1739 150 39 förhöjts
420 1743 50 27 att
493 1740 107 30 därav
625 1739 198 31 föranledes
848 1749 43 21 en
915 1738 203 37 minskning
1144 1739 83 30 eller
1249 1738 129 37 ökning
1402 1748 42 21 av
1467 1737 188 37 taxerings-

140 1790 119 30 värdet
284 1791 81 30 med
387 1790 107 31 minst
514 1800 43 20 en
578 1790 174 36 femtedel,
776 1790 89 31 skall
887 1789 103 31 såvitt
1014 1789 109 37 angår
1145 1789 151 31 särskild
1317 1788 339 38 fastighetstaxering

139 1840 40 31 år
200 1842 84 30 1943
305 1843 63 35 äga
390 1841 220 37 tillämpning
632 1842 64 30 där
714 1852 43 20 av
780 1842 96 36 dylik
896 1841 259 36 omständighet
1174 1841 197 30 föranledes
1393 1850 42 21 en
1455 1840 201 35 minskning

140 1892 82 30 eller
245 1892 132 36 ökning
399 1902 43 20 av
469 1892 296 36 taxeringsvärdet
791 1893 81 29 med
895 1892 105 30 minst
1025 1902 41 20 en
1090 1892 142 30 tiondel.

187 2078 113 29 Sedan
324 2077 96 36 fråga
441 2078 221 37 uppkommit
684 2088 58 20 om
765 2079 184 30 eventuellt
970 2078 159 37 uppskov
1153 2077 79 30 med
1255 2077 65 30 den
1341 2076 179 30 allmänna
1543 2075 116 36 fastig-

143 2128 243 36 hetstaxering,
413 2138 73 20 som
514 2129 105 36 enligt
644 2129 161 35 gällande
834 2128 330 37 skattelagstiftning
1190 2127 88 31 skall
1304 2128 64 35 äga
1394 2136 79 21 rum
1499 2125 40 31 år
1565 2127 94 32 1943,

142 2178 64 30 har
225 2178 96 30 inom
340 2178 393 37 finansdepartementet
753 2180 196 36 upprättats
970 2189 42 20 en
1032 2178 234 39 promemoria
1286 2177 149 31 rörande
1456 2177 115 31 denna
1591 2175 69 31 frå-

142 2236 52 27 ga.
235 2228 225 31 Beträffande
488 2228 189 31 innehållet
711 2230 6 30 i
746 2229 258 37 promemorian
1036 2228 54 30 får
1117 2229 168 30 utskottet
1314 2227 146 31 hänvisa
1491 2227 51 31 till
1571 2227 88 30 före-

143 2278 154 31 nämnda
322 2278 343 37 statsrådsprotokoll
696 2278 74 39 (sid.
795 2274 114 38 3—-4).
1540 2269 12 11 "

188 2324 91 35 Över
300 2329 258 36 promemorian
578 2329 93 30 hava
691 2329 88 30 efter
799 2329 121 30 remiss
944 2329 184 36 yttranden
1152 2328 145 36 avgivits
1318 2338 41 20 av
1382 2326 279 32 överståthållar-

144 2378 150 31 ämbetet
319 2379 65 30 och
408 2378 159 36 samtliga
590 2379 250 37 länsstyrelser,
866 2379 287 36 kammarrätten,
1181 2379 256 34 statskontoret,
1465 2378 196 30 riksräken-

144 2430 235 36 skapsverket,
418 2429 189 30 statistiska
647 2429 256 37 centralbyrån,
942 2430 311 36 domänstyrelsen,
1284 2428 377 30 kommunalskattebe-

144 2480 200 35 redningen,
387 2480 220 37 sakkunniga
652 2480 55 30 för
750 2480 379 36 värdestegringsskatt,
1173 2480 146 30 svenska
1366 2478 295 36 stadsförbundet,

179 2546 111 30 Bihany
302 2546 42 24 till
355 2546 168 30 riksdagens
535 2545 146 31 protokoll
695 2546 74 25 1941.
793 2545 15 23 7
820 2545 75 23 saml.
933 2545 38 23 Nr
989 2544 39 24 43.
1617 2541 12 25 1
