2194 2661
713 229 239 43 Lagutskottets
976 232 166 33 utlåtande
1167 234 51 31 Nr
1244 237 51 29 18.
1697 239 100 31 21

204 309 158 37 nomfört
390 310 13 36 i
431 313 355 37 rättsmedvetandet.
846 314 282 38 Bestämmelsen
1148 330 56 24 om
1224 318 44 36 de
1288 320 198 36 trehundra
1505 323 160 34 meterna
1682 321 117 38 skulle

203 363 139 37 kanske
373 365 30 48 ej
435 365 113 36 heller
576 367 221 48 principiellt
827 372 69 33 sett
923 370 13 35 i
964 372 118 47 någon
1111 373 175 36 avsevärd
1314 376 83 33 mån
1426 374 80 36 leda
1534 375 57 36 till
1618 375 141 50 intrång
1785 377 13 35 i

203 418 143 48 rimliga
389 419 197 48 plägseder.
646 422 87 35 Men
765 426 46 44 på
840 424 98 36 detta
967 429 72 32 sätt
1067 426 156 47 regleras
1252 427 181 48 knappast
1462 429 61 36 det
1550 430 162 47 verkliga
1740 431 57 35 be-

202 473 118 35 hovet.
352 474 73 35 Det
467 477 113 34 måste
608 480 103 43 tagas
739 489 98 24 mera
865 478 141 48 hänsyn
1034 479 57 36 till
1120 480 96 36 olika
1245 484 112 34 orters
1386 482 191 49 sedvänjor
1597 484 65 35 och
1682 485 115 37 behov

203 527 64 35 och
298 527 43 35 de
369 528 118 36 lokala
516 528 274 39 förhållandena
820 535 44 44 på
893 533 99 48 varje
1022 538 63 32 ort.
1130 535 64 36 Ett
1224 536 127 36 sådant
1376 538 217 46 ögonmärke
1609 551 104 34 synes
1730 540 68 34 den

203 581 233 36 schweiziska
465 583 277 49 lagstiftningen
770 585 155 38 inriktat
953 587 54 47 sig
1036 591 53 44 på.

309 637 51 34 Ur
388 636 205 48 principiell
622 641 188 45 synpunkt
839 653 82 24 vore
951 642 60 35 det
1039 642 130 49 riktigt
1198 646 53 33 att
1269 644 200 36 förbehålla
1488 646 308 49 bärplockningen

201 691 36 33 åt
280 695 131 42 ägaren
455 704 43 23 av
532 692 150 36 marken
725 694 86 35 eller
852 695 69 36 den
963 696 131 36 honom
1123 697 198 36 företräder
1350 700 64 35 och
1444 700 190 36 därutöver
1663 704 37 32 åt
1729 702 68 36 alla

200 743 140 36 mindre
369 745 218 36 bemedlade.
634 748 55 33 De
718 748 208 36 bemedlade
956 752 76 34 åter
1060 752 110 34 borde
1199 753 173 35 uteslutas
1402 754 80 34 från
1511 754 111 48 laglig
1649 758 74 33 rätt
1742 756 56 36 till

199 798 265 48 bärplockning
507 803 19 32 å
570 813 138 24 annans
750 803 112 35 mark.
922 804 127 48 Någon
1093 807 111 34 sådan
1238 807 141 47 hänsyn
1408 812 100 43 tages
1536 808 81 36 icke
1647 810 66 35 alls
1741 810 56 36 för

199 854 234 34 närvarande.
492 855 196 48 Ingenting
724 862 38 29 är
791 857 183 48 vanligare
1003 864 45 30 än
1078 863 52 33 att
1158 859 187 49 förmögna
1369 861 192 49 jordägare
1590 864 64 35 och
1684 865 112 35 andra

198 905 13 35 i
254 909 101 33 orten
397 907 141 37 bosatta
580 910 207 36 bemedlade
829 924 169 33 personer
1040 915 80 34 med
1149 915 155 49 familjer
1334 916 141 47 skynda
1505 917 53 48 sig
1587 921 54 32 att
1668 918 129 47 plocka

198 960 82 36 bort
322 961 171 47 lingonen
536 966 43 43 på
610 976 137 24 annans
776 966 104 35 mark
909 966 57 36 till
994 967 144 49 förfång
1167 969 55 35 för
1251 975 141 42 ägaren,
1423 971 73 35 han
1524 974 57 32 må
1611 984 85 24 vara
1724 973 71 35 väl-

198 1015 137 47 bärgad
364 1016 86 35 eller
478 1017 90 45 icke,
600 1018 86 35 eller
714 1018 55 36 för
798 1032 43 22 en
871 1024 112 33 större
1009 1022 208 48 jordägares
1237 1023 128 48 fattiga
1383 1025 307 37 underhafvande.
1737 1028 58 34 Så-

198 1069 93 35 dana
328 1069 154 48 familjer
512 1072 107 36 hafva
648 1072 107 36 också
784 1073 74 37 ofta
887 1075 118 36 bättre
1033 1076 54 35 tid
1115 1080 53 32 att
1198 1090 103 34 passa
1329 1081 45 44 på
1404 1084 45 30 än
1478 1079 43 35 de
1550 1080 242 46 obemedlade,

199 1135 74 23 som
317 1126 112 34 måste
472 1137 96 24 mera
612 1127 190 36 oavbrutet
830 1128 96 49 ligga
954 1130 12 34 i
995 1130 63 36 sitt
1087 1131 130 36 arbete.
1277 1133 50 34 På
1357 1133 144 46 platser,
1534 1134 64 35 där
1626 1147 167 23 sommar-

198 1180 119 43 gäster
358 1178 81 35 från
483 1181 168 35 städerna
693 1181 46 36 ha
769 1182 76 35 sina
874 1185 261 48 sommarnöjen
1165 1186 85 35 eller
1280 1187 211 36 annorledes
1522 1188 110 36 samla
1660 1189 64 48 sig,
1756 1195 39 29 är

199 1231 59 35 det
286 1235 51 33 ett
368 1233 138 48 vanligt
534 1235 284 50 septembernöje
847 1240 53 33 att
928 1238 128 47 begiva
1085 1239 55 48 sig
1168 1253 83 22 man
1280 1253 43 22 ur
1351 1241 88 36 huse
1465 1242 64 35 och
1550 1248 245 31 översvämma

198 1289 120 32 ortens
346 1286 277 48 lingonmarker.
666 1290 98 48 Själv
792 1291 65 35 har
882 1291 63 48 jag
973 1293 243 48 mångfaldiga
1244 1297 135 45 gånger
1407 1296 94 36 varit
1515 1297 81 34 med
1611 1300 45 43 på
1671 1297 123 48 dylika

199 1342 169 46 strövtåg.

305 1395 53 34 En
404 1408 120 23 annan
565 1398 253 47 begränsning,
860 1412 73 22 som
964 1401 80 35 med
1072 1402 62 46 fog
1162 1401 69 35 kan
1263 1403 238 47 ifrågasättas,
1534 1410 38 29 är
1601 1408 53 33 att
1682 1406 114 35 förbe-

199 1447 96 36 hålla
337 1448 306 49 bärplockningen
690 1455 43 43 på
776 1465 44 23 en
849 1456 54 32 ort
932 1456 37 33 åt
998 1455 342 49 ortsbefolkningen.
1399 1459 72 34 Det
1500 1458 73 36 kan
1600 1459 80 36 icke
1709 1472 84 24 vara

198 1501 129 47 riktigt
356 1504 65 34 och
451 1504 133 36 väcker
613 1506 232 47 synnerligen
874 1508 70 34 ond
972 1508 94 45 blod,
1097 1515 77 38 när,
1206 1513 113 33 såsom
1349 1512 75 35 ofta
1444 1513 94 44 sker,
1555 1513 235 46 främmande,

199 1556 80 34 med
307 1557 236 48 begagnande
572 1572 44 23 av
636 1559 43 35 de
699 1560 96 36 olika
809 1561 402 48 fortskaffningsmedel,
1236 1577 73 23 som
1325 1578 50 22 nu
1390 1569 54 32 stå
1459 1566 56 36 till
1531 1567 101 44 buds,
1651 1568 140 35 komma

198 1609 80 35 från
307 1611 170 46 avlägsna
507 1613 139 34 trakter
676 1614 64 34 och
769 1620 86 41 göra
882 1615 146 48 intrång
1057 1619 44 45 på
1129 1617 121 36 kända
1278 1619 277 48 lingonmarker.

304 1664 57 35 En
390 1678 120 22 annan
538 1667 199 45 företeelse,
769 1681 75 22 som
873 1669 12 35 i
914 1670 98 35 detta
1040 1672 64 34 fall
1132 1672 120 48 börjar
1281 1676 44 43 på
1355 1677 50 32 ett
1435 1675 174 47 olyckligt
1638 1678 69 34 sätt
1728 1677 65 34 här

198 1718 65 34 och
293 1731 63 23 var
384 1718 209 47 framträda,
639 1727 39 30 är
707 1724 52 34 ett
787 1724 373 37 motsatsförhållande
1190 1727 131 35 mellan
1349 1728 348 37 industriarbetarna
1726 1731 65 35 och

197 1773 506 49 småbrukarebefolkningen.
764 1777 94 35 Från
900 1778 43 35 de
985 1781 117 46 många
1156 1782 240 45 uppväxande
1444 1788 133 30 smärre
1623 1784 168 37 industri-

197 1829 143 32 orterna
382 1833 63 41 gör
488 1828 54 48 sig
584 1842 44 22 en
655 1829 190 50 förklarlig
873 1845 80 22 men
983 1833 194 47 ingalunda
1205 1835 103 36 alltid
1336 1836 191 49 försvarlig
1556 1838 139 35 önskan
1722 1840 71 47 gäl-

198 1880 105 36 lande
332 1884 54 33 att
414 1882 37 35 få
480 1882 225 38 konkurrera
734 1890 92 31 även
854 1887 79 35 med
968 1888 259 36 småbrukarna
1256 1902 56 23 om
1342 1890 170 47 lingonen
1530 1895 45 44 på
1591 1893 44 35 de
1650 1905 143 24 senares

199 1935 111 35 mark.
369 1937 110 35 Detta
521 1938 98 34 leder
660 1939 67 35 lätt
754 1939 56 35 till
838 1940 228 48 tvistigheter
1096 1943 64 34 och
1189 1943 108 49 ovilja
1325 1945 131 35 mellan
1485 1946 102 36 dessa
1615 1949 60 34 två
1704 1960 89 23 sam-

198 1989 242 45 hällsklasser,
472 2004 73 22 som
577 1992 91 36 dock
695 1993 87 35 böra
810 1993 112 37 förstå
951 1996 64 34 och
1044 1996 92 36 bistå
1166 1998 186 35 varandra.
1411 2000 86 35 Med
1516 2001 61 47 fog
1596 2000 73 36 kan
1689 2006 103 43 göras

198 2042 175 47 gällande,
418 2048 54 32 att
501 2046 270 46 småbrukarna,
808 2050 112 33 såsom
949 2049 229 47 ifrågasattes
1207 2051 9 35 i
1247 2053 173 35 samband
1450 2055 79 34 med
1558 2055 235 48 nedsättning

199 2109 44 23 av
285 2097 251 47 sockerpriset,
586 2100 36 35 få
651 2101 99 35 finna
779 2101 54 48 sig
860 2102 13 35 i
902 2104 53 33 att
984 2107 93 32 rätta
1106 2104 55 48 sig
1188 2108 110 45 något
1326 2106 12 35 i
1367 2107 57 35 sin
1452 2107 121 49 odling
1602 2109 90 35 efter
1720 2122 70 34 nya

198 2151 249 36 förhållanden
475 2153 56 35 till
560 2154 140 35 förmån
728 2155 55 35 för
811 2156 435 50 industribefolkningens
1274 2160 174 48 befogade
1477 2162 157 46 anspråk
1662 2165 45 44 på
1726 2163 65 36 bil-

198 2204 71 48 liga
298 2205 194 37 livsmedel.
552 2208 87 36 Men
668 2210 20 33 å
717 2210 112 35 andra
858 2210 103 35 sidan
990 2211 124 36 kunna
1142 2214 260 36 småbrukarna
1431 2217 81 34 med
1532 2216 74 35 lika
1625 2216 62 48 fog
1705 2223 87 42 göra

198 2259 176 46 gällande,
412 2262 53 33 att
494 2261 42 35 de
565 2262 13 35 i
607 2262 55 35 sin
691 2265 233 34 strävsamma
953 2264 108 48 kamp
1090 2266 55 36 för
1174 2267 168 37 tillvaron
1370 2269 86 35 böra
1485 2275 65 42 äga
1578 2271 215 36 företrädes-

211 2315 59 33 ätt
299 2318 87 30 även
418 2313 52 36 till
502 2316 43 34 de
574 2316 133 47 lingon,
739 2330 73 22 som
844 2323 90 31 växa
965 2321 43 44 på
1038 2320 101 36 deras
1156 2321 111 36 mark.
1314 2323 373 38 Industriarbetarnas
1703 2327 86 34 strä-
