2318 2707
732 205 246 27 Stats-Utskottets
1005 205 152 27 Utlåtande
1180 205 56 27 N:o
1260 203 46 29 75.
1760 207 16 26 3

621 300 204 29 innevarande
854 300 32 29 år
915 300 53 29 och
993 300 35 29 de
1054 304 133 25 närmast
1211 299 93 39 derpå
1327 301 132 37 följande
1483 304 69 26 åren
1577 300 176 39 disponeras
1777 306 43 25 ett

619 350 106 38 belopp
750 351 33 29 af
801 351 89 37 högst
913 351 131 35 300,000
1072 351 68 29 R:dr
1163 358 76 22 emot
1265 351 51 29 det
1339 355 46 25 att
1409 352 53 28 den
1488 362 37 18 nu
1548 351 44 29 till
1617 352 126 38 posthus
1767 353 54 29 här

618 402 5 28 ;
649 402 106 28 staden
781 402 170 38 begagnade
976 402 140 35 egendum
1145 403 105 27 varder
1273 402 43 29 till
1342 403 184 28 statsverket
1547 403 202 29 öfverlemnad
1774 404 47 29 för

617 456 46 24 att
686 452 44 29 för
754 453 67 28 dess
845 452 127 38 räkning
996 453 155 28 användas
1177 450 37 41 på
1237 456 62 25 sätt
1325 453 103 38 Kongl.
1454 453 87 37 Maj:t
1565 454 56 28 kan
1645 453 80 30 finna
1749 454 70 38 godt

619 503 157 28 framdeles
800 503 6 28 i
832 502 92 29 nåder
948 504 174 28 bestämma.

352 569 177 30 Stockholm
556 569 53 29 den
635 568 39 30 29
702 569 88 38 April
818 567 84 32 1570.

768 637 46 28 Pa
837 637 285 29 Stats-Utskottets
1148 641 127 35 vägnar:

847 717 75 38 Arv.
949 717 119 39 Fr:son
1095 719 121 38 Posse.

895 1001 114 41 N:o
1049 1002 93 40 5.

820 1156 72 28 Ank.
916 1156 42 28 till
982 1156 97 28 Riksd.
1102 1157 101 27 Kansli
1226 1157 25 28 d.
1276 1158 37 27 29
1337 1157 80 37 April
1443 1158 87 33 1870,
1553 1159 35 27 kl.
1612 1159 17 28 5
1654 1169 21 18 e.
1700 1170 34 18 m.

424 1255 190 44 Utlåtande,
656 1257 13 33 i
709 1257 186 44 anledning
934 1258 44 42 af
1008 1258 100 34 väckt
1138 1259 126 33 motion
1304 1260 175 43 ungående
1519 1260 149 45 eftergift
1692 1260 40 44 af
1754 1261 65 34 den

615 1325 91 34 vissa
733 1324 154 34 hemman
913 1326 90 33 inom
1030 1325 205 44 Hellestads,
1259 1326 142 44 Risinge
1429 1327 59 35 och
1516 1328 136 44 Wånga
1678 1328 142 35 socknar

621 1391 128 44 ålagda
774 1391 190 45 förhöjning
991 1393 13 33 i
1030 1392 284 35 mantalsräntan.

1632 1479 34 33 (1.
1689 1479 46 34 Al.)

352 1553 53 29 Uti
430 1563 33 18 en
489 1552 78 29 inom
603 1552 192 38 Riksdagens
826 1553 105 29 Andra
960 1554 163 29 Kammare
1152 1555 92 29 väckt
1272 1555 54 28 och
1358 1555 42 28 till
1424 1555 269 30 Stats-Utskottet
1716 1558 103 28 remit-

217 1603 85 28 terad
327 1603 113 29 motion
464 1602 73 37 (N:o
564 1602 72 40 138)
659 1602 56 29 har
740 1604 76 28 Ierr
841 1602 38 30 IJZ
907 1614 56 18 von
990 1603 122 41 Steyjern
1138 1605 109 30 anfört,
1268 1605 149 34 hurusom,
1442 1606 6 28 i
1473 1606 159 39 anledning
1655 1607 33 28 af
1708 1607 109 29 Rikets

218 1653 149 29 Ständers
403 1654 101 28 beslut
539 1653 47 28 vid
620 1652 79 30 1818
732 1663 49 18 ars
816 1654 132 37 riksdag,
986 1654 105 38 Kongl.
1115 1655 88 37 Maj:t
1225 1665 103 28 genom
1362 1653 105 40 nådiga
1502 1656 73 29 Bref
1605 1657 54 29 den
1685 1658 38 27 30
1747 1657 70 30 Juni

220 1702 88 36 1820,
332 1704 55 28 den
413 1703 38 29 26
475 1703 71 29 Juni
577 1703 68 29 1821
676 1703 53 29 och
754 1704 54 28 den
833 1704 39 28 23
898 1704 126 29 Januari
1053 1704 74 29 1830
1159 1706 163 34 förordnat,
1352 1710 46 25 att
1422 1707 175 29 Ilellestads
1621 1707 53 29 och
1702 1706 115 37 Wånga

218 1753 174 40 bergslager
414 1754 9 29 i
453 1738 234 58 Östergötlands
712 1755 46 28 län
783 1754 97 29 skulle
905 1754 43 29 till
975 1754 135 38 landslag
1135 1756 166 35 förändras,
1321 1761 80 24 samt
1424 1757 35 29 de
1484 1758 158 35 förmåner,
1664 1758 153 29 desamma

217 1805 10 28 i
250 1805 153 38 egenskap
428 1806 33 28 af
482 1805 137 35 bergslag
642 1805 32 28 af
697 1806 119 28 Kronan
842 1806 131 35 atnjutit,
994 1807 64 27 fran
1083 1806 53 28 och
1162 1807 63 28 med
1251 1816 32 19 ar
1305 1806 76 29 1830
1406 1807 148 38 indragas.
1590 1807 100 30 Sedan
1713 1809 106 38 Kongl.

219 1855 338 37 Kammar-kollegium,
581 1854 43 29 till
650 1853 143 40 atlydnad
819 1856 32 28 ar
873 1856 104 35 Kongl.
1016 1856 102 36 Maj:ts
1154 1857 164 35 föreskrift,
1348 1857 64 29 fran
1446 1857 104 39 Kongl,
1574 1858 105 37 Maj:ts
1704 1859 115 29 Befall-

219 1905 239 39 ningshafvande
482 1905 9 29 i
516 1905 80 29 länet
620 1905 149 30 infordrat
794 1906 112 37 förslag
929 1906 43 28 till
1006 1907 34 28 de
1071 1906 266 39 landslagsräntor,
1374 1917 62 19 som
1478 1908 88 28 borde
1601 1909 33 29 af
1655 1909 35 29 de
1714 1910 44 28 till
1784 1910 35 28 de

219 1956 107 29 fordna
350 1956 207 38 bergslagerna
591 1956 130 28 hörande
757 1956 138 29 hemman
930 1960 133 34 utgöras,
1097 1961 79 25 samt
1212 1957 106 38 Kongl.
1350 1958 103 37 Maj:ts
1477 1958 342 39 Befallningshafvande

218 2006 159 29 inkommit
401 2007 65 28 med
491 2006 97 38 dylikt
612 2006 122 38 förslag,
759 2006 187 29 omfattande
967 2007 111 37 jemväl
1103 2011 92 34 några
1223 2008 78 29 inom
1327 2009 209 38 bergslagerna
1563 2009 123 38 belägna
1712 2010 107 29 frälse-

219 2057 149 33 hemman,
393 2056 169 30 fastställde
588 2056 106 38 Kongl,
722 2057 320 38 Kammar-kollegiom
1069 2067 103 28 genom
1197 2058 67 30 bref
1290 2059 43 28 till
1359 2059 107 37 Kongl.
1490 2059 103 38 Maj:ts
1620 2060 199 38 Befallnings-

217 2106 155 30 hafvande
396 2108 54 28 den
481 2107 33 28 15
540 2107 166 29 December
733 2106 76 30 1830
833 2108 34 28 de
898 2108 167 38 föreslagna
1097 2109 299 37 landslagsräntorna
1420 2111 45 27 för
1488 2109 120 30 skatte-
1632 2111 53 28 och
1711 2111 109 28 krono-

218 2156 151 37 hemman,
399 2162 79 24 samt
502 2157 179 29 förordnade
706 2167 44 19 om
776 2158 87 28 deras
897 2157 156 30 införande
1087 2158 9 29 i
1126 2158 195 37 jordeboken,
1353 2160 154 28 äfvensom
1534 2170 45 18 om
1605 2161 136 37 uppbörd
1766 2161 53 29 och

218 2208 168 38 debitering
411 2208 85 29 deraf
518 2210 45 26 för
589 2208 138 29 Kronans
752 2208 135 36 räkning,
910 2209 65 28 fran
1000 2209 53 28 och
1080 2210 65 28 med
1180 2209 189 30 sistnämnda
1402 2209 41 36 år,
1472 2219 65 20 men
1569 2210 182 36 förklarade,
1776 2216 42 24 att

219 2255 38 31 då
280 2258 195 38 bergslagens
503 2258 171 39 förändring
697 2259 43 28 till
767 2258 137 39 landslag
928 2259 64 28 icke
1028 2260 151 29 medförde
1215 2263 94 35 någon
1345 2260 172 38 förändring
1547 2261 6 28 i
1578 2261 242 37 grundräntorna
