2230 2609
702 200 255 33 Statsutskottets
979 202 166 31 utlåtande
1168 202 51 31 Nr
1244 205 51 29 86.
1742 204 20 29 5

713 285 37 49 b)
792 286 158 46 besluta,
993 292 53 31 att
1087 287 119 36 under
1247 287 122 37 denna
1411 287 266 50 aflöningsstat
1709 288 91 36 skall

610 337 141 36 införas
779 338 167 49 följande
974 338 275 37 bestämmelse:

712 389 154 36 »Denna
895 390 265 49 aflöningsstat
1188 391 124 36 träder
1340 391 10 35 i
1378 391 100 36 kraft
1507 391 72 36 den
1611 393 16 34 1
1653 392 149 47 januari

613 442 95 35 1912
750 441 119 36 under
910 442 286 49 förutsättning,
1239 448 54 30 att
1335 442 140 49 Kungl.
1506 442 107 49 Maj:t
1642 443 160 37 dessför-

609 493 114 36 innan
752 493 185 37 meddelat
967 494 191 36 föreskrift
1186 494 127 36 därom
1343 499 53 31 att
1425 495 176 48 samtliga
1617 495 184 36 ordinarie

609 545 384 47 tjänsteinnehafvare
1021 546 63 35 vid
1104 550 75 44 väg
1193 546 69 36 och
1277 546 525 49 vattenbyggnadsstyrelsen

609 596 116 47 skola,
754 597 11 35 i
794 596 71 37 den
893 599 86 33 mån
1008 597 31 47 ej
1070 597 194 49 undantag
1291 598 127 35 kunna
1446 610 109 24 anses
1584 598 90 36 böra
1702 598 99 36 stad-

608 661 69 36 gas
719 648 88 36 eller
848 649 59 35 för
935 648 186 36 särskilda
1148 648 64 36 fall
1246 649 95 36 efter
1367 650 183 48 pröfning
1577 650 223 48 medgifvas,

608 712 89 23 vara
725 702 21 33 å
765 700 303 49 tjänsternmmet
1087 701 182 36 tillstädes
1289 701 115 36 minst
1424 714 65 23 sex
1504 701 148 36 timmar
1671 701 129 48 hvarje

607 751 225 49 söckendag.

709 802 32 49 c)
782 803 205 49 godkänna
1028 804 165 48 följande
1235 804 136 36 villkor
1412 805 69 35 och
1523 804 278 37 bestämmelser

607 854 58 36 för
705 854 219 49 åtnjutande
952 855 40 35 af
1017 855 45 36 de
1089 855 12 36 1
1129 855 332 49 aflöningssstaten
1489 860 195 45 upptagna
1712 856 87 36 aflö-

608 906 312 48 ningsförmåner,
951 906 206 49 nämligen:

673 1059 39 31 A)
736 1061 202 30 beträffande
963 1062 163 29 ordinario
1149 1061 343 38 befattningshafvare
1515 1062 12 29 i
1550 1062 181 38 styrelsen:

709 1166 53 31 att
789 1162 244 36 innehafvare
1061 1162 41 35 af
1127 1161 184 37 ordinarie
1339 1162 215 48 befattning
1582 1162 11 35 i
1621 1166 92 45 väg-
1729 1162 69 37 och

605 1213 521 49 vattenbyggnadsstyrelsen
1143 1213 94 36 skall
1253 1227 89 22 vara
1362 1213 251 37 underkastad
1632 1214 70 36 den
1717 1214 81 36 vid-

606 1265 204 36 sträcktare
861 1264 498 49 tjänstgöringsskyldighet
1404 1265 88 36 eller
1537 1265 203 49 jämkning
1785 1266 11 35 i

605 1316 239 48 åligganden,
875 1330 80 23 som
983 1317 63 35 vid
1075 1329 46 23 en
1148 1317 178 48 möjligen
1359 1317 220 35 inträdande
1598 1316 200 37 förändrad

605 1368 257 48 organisation
895 1368 42 36 af
961 1368 275 36 ämbetsverket
1264 1369 89 35 eller
1381 1368 84 36 dess
1485 1368 180 36 särskilda
1681 1368 116 36 afdel-

605 1420 135 48 ningar
767 1420 90 36 eller
884 1420 108 48 eljest
1019 1420 12 35 i
1061 1419 201 37 allmänhet
1280 1420 75 35 kan
1374 1420 113 36 varda
1508 1420 170 49 stadgad,
1700 1426 97 30 samt

604 1471 12 36 i
658 1471 131 36 sådant
829 1471 224 47 hänseende,
1102 1471 194 36 äfvensom
1338 1471 123 37 därest
1503 1472 294 36 ämbetsverkets

604 1523 180 49 ställning
837 1523 102 36 inom
959 1519 12 57 =
994 1523 376 49 statsförvaltningen
1415 1526 40 33 så
1492 1523 207 48 förändras,
1743 1528 54 31 att

605 1575 204 36 detsamma
838 1575 32 49 ej
900 1575 131 48 längre
1058 1575 74 36 kan
1148 1578 121 33 såsom
1286 1575 261 48 själfständigt
1562 1575 235 36 ämbetsverk

605 1639 118 34 anges,
752 1627 90 36 eller
871 1627 123 36 därest
1022 1627 102 35 vissa
1150 1626 286 49 ifrågavarande
1464 1627 239 36 ämbetsverk
1722 1627 73 36 till-

602 1678 167 36 hörande
814 1679 170 47 göromål
1025 1678 233 48 öfverflyttas
1299 1678 56 36 till
1397 1684 113 30 annat
1548 1678 247 47 ämbetsverk,

604 1742 89 23 vara
728 1730 139 48 pliktig
904 1734 65 43 att,
998 1729 85 37 med
1116 1729 260 36 bibehållande
1404 1729 41 36 af
1470 1729 71 36 den
1562 1730 233 48 tjänstegrad

603 1781 69 36 och
701 1780 70 37 den
801 1781 167 48 aflöning
995 1781 74 36 han
1096 1781 167 46 innehar,
1293 1781 94 36 efter
1413 1795 52 34 ny
1485 1781 90 36 eller
1590 1781 202 36 förändrad

604 1832 290 49 arbetsordning
921 1833 108 36 sköta
1049 1833 45 36 de
1117 1833 83 36 med
1217 1832 261 49 befattningen
1495 1832 176 37 förenade
1685 1838 110 43 göro-

602 1883 72 37 mål
702 1885 98 46 eller,
843 1885 95 36 efter
965 1884 140 49 Kungl.
1136 1884 125 49 Maj:ts
1290 1884 264 47 förordnande,
1583 1884 212 49 tjänstgöra

601 1936 12 36 i
642 1936 60 36 det
729 1936 104 46 verk,
864 1937 53 35 till
947 1936 145 36 hvilket
1119 1936 218 49 göromålen
1366 1935 267 46 öfverlämnas;

703 1993 54 30 att
798 1988 84 36 med
924 1988 185 36 ordinarie
1150 1987 214 48 befattning
1391 1988 12 35 i
1431 1993 93 43 väg-
1553 1988 68 36 och
1649 1992 146 32 vatten-

601 2039 389 48 byggnadsstyrelsen
1031 2039 82 36 icke
1161 2041 60 34 må
1262 2039 148 36 förenas
1457 2053 124 22 annan
1621 2039 117 48 tjänst
1774 2042 20 33 å

601 2090 128 47 rikets,
757 2090 238 48 Riksdagens
1024 2090 89 36 eller
1140 2090 199 36 kommuns
1368 2095 89 39 stat;

703 2147 53 30 att
796 2141 85 36 med
923 2141 183 37 ordinarie
1145 2142 214 48 befattning
1395 2142 11 34 1
1434 2147 92 42 väg-
1555 2141 69 36 och
1651 2146 143 31 vatten-

601 2193 389 48 byggnadsstyrelsen
1019 2193 36 48 ej
1086 2193 115 36 heller
1229 2196 60 33 må
1317 2194 149 35 förenas
1494 2206 88 23 vare
1610 2192 61 48 sig
1698 2206 95 35 upp-

602 2244 94 49 drag
736 2247 123 34 såsom
900 2245 223 36 ordförande
1163 2245 88 36 eller
1291 2245 162 36 ledamot
1494 2245 11 36 i
1547 2245 155 48 styrelse
1735 2244 59 37 för

603 2296 89 36 verk
734 2297 88 36 eller
862 2297 125 49 bolag,
1031 2310 79 24 som
1152 2303 40 29 är
1232 2297 84 36 med
1343 2297 140 48 Kungl.
1514 2297 126 49 Maj:ts
1669 2297 120 49 oktroj
