1886 2830
521 136 275 34 Statsutskottets
822 132 176 34 utlåtande
1022 132 51 32 Nr
1095 135 27 30 7.
1564 124 18 31 7

118 225 89 40 13:o0)
257 223 444 37 Riksräkenskapsverket:
747 219 273 33 Omkostnader.
1068 217 188 30 Allmänna
1292 210 292 35 civilförvaltnin-

73 284 84 30 gens
191 275 228 32 lönenämnd.
457 274 139 31 Statens
628 271 291 32 bostadsnämnd.
956 270 15 30 I
1008 269 149 36 enlighet
1192 267 80 30 med
1306 265 123 37 Kungl.
1465 262 119 38 Maj:ts

74 327 130 38 förslag
228 326 207 40 (punkterna
456 323 138 36 17—19,
614 322 62 31 sid.
698 320 53 41 31)
776 321 66 30 och
862 319 111 31 under
992 318 149 35 erinran,
1161 319 49 28 att
1230 324 133 25 samma
1382 315 127 37 belopp
1524 322 60 22 an-

74 379 105 31 visats
203 378 57 31 för
285 376 236 32 innevarande
546 372 177 39 budgetår,
751 372 200 31 hemställer
978 370 176 35 utskottet,

427 463 50 28 att
495 458 184 37 riksdagen
697 456 58 33 må
776 457 55 31 för
849 454 202 38 budgetåret
1073 447 183 44 1937/1938
1274 451 122 32 anvisa

427 510 32 41 a)
489 511 52 31 till
565 506 434 38 Riksräkenskapsverket:
1028 502 254 33 Omkostnader
1305 505 47 29 ett
1374 502 210 36 förslagsan-

382 563 74 36 slag
475 571 43 22 av
538 561 119 35 84,000
672 560 141 35 kronor;

427 612 35 41 b)
492 613 52 31 till
566 611 185 31 Allmänna
776 603 354 44 civilförvaltningens
1157 604 211 33 lönenämnd
1393 608 47 28 ett
1465 604 120 37 anslag

385 674 42 21 av
447 664 119 36 23,000
581 663 141 34 kronor;

428 713 30 40 ec)
488 714 51 31 till
559 712 135 31 Statens
715 709 275 33 bostadsnämnd
1012 712 46 28 ett
1079 709 120 36 anslag
1218 717 42 22 av
1283 707 96 37 6,000
1401 707 139 30 kronor.

508 894 172 41 Skatte-
702 892 83 41 och
807 890 347 42 kontrollväsen.

122 1004 89 41 14:0)
262 1004 215 31 Tullverket:
503 1000 215 37 Avlöningar
736 999 52 32 till
802 998 350 36 befattningshavare
1171 997 66 30 hos
1256 991 332 41 generaltullstyrel-

76 1065 73 23 sen.
198 1054 214 37 Avlöningar
438 1053 53 31 till
520 1051 348 37 befattningshavare
896 1048 21 32 å
945 1049 193 30 tullstaten.
1189 1045 273 32 Omkostnader.
1510 1043 78 31 Sär-

76 1107 116 30 skilda
217 1104 163 38 åtgärder
402 1104 56 30 för
481 1102 247 37 bekämpande
750 1110 43 22 av
815 1099 129 37 olovlig
970 1098 148 30 införsel
1136 1106 43 22 av
1204 1095 241 38 spritdrycker
1469 1103 48 23 m.
1541 1102 47 21 m.

77 1156 227 32 Beträffande
320 1153 265 38 ifrågavarande
604 1152 120 37 anslag
746 1150 210 40 (punkterna
973 1148 141 36 20—23,
1132 1147 63 31 sid.
1215 1145 142 41 31—33)
1381 1145 138 37 avgiver
1536 1147 51 28 ut-

77 1208 126 31 skottet
229 1216 120 22 senare
375 1206 112 31 under
511 1204 185 37 riksdagen
719 1201 188 37 utlåtande,
932 1200 106 31 vilket
1061 1199 146 31 härmed

784 1286 166 32 anmäles.

124 1409 89 40 15:o)
263 1408 350 36 Kontrollstyrelsen:
655 1404 226 37 Avlöningar.
929 1403 124 36 Kungl.
1076 1401 102 37 Maj:t
1201 1401 65 30 har
1293 1399 182 36 föreslagit
1501 1398 88 30 riks-

83 1461 111 36 dagen
219 1459 123 40 (punkt
357 1459 52 34 24,
429 1457 63 31 sid.
512 1455 142 40 33—36)
681 1458 50 28 att

122 1511 72 31 dels
224 1510 187 38 godkänna
440 1518 43 22 av
512 1505 381 39 departementschefen
924 1503 168 31 förordad
1120 1500 383 39 personalförteckning
1533 1499 56 31 för

79 1561 329 37 kontrollstyrelsen,

123 1613 72 31 dels
218 1612 187 37 godkänna
424 1620 44 21 av
489 1606 381 40 departementschefen
888 1605 168 31 förordad
1079 1604 249 36 avlöningsstat
1348 1602 56 31 för
1425 1601 165 31 kontroll-

80 1664 177 38 styrelsen,
282 1665 50 28 att
353 1662 176 36 tillämpas
551 1660 68 30 tills
644 1659 118 30 vidare
784 1656 80 32 från
887 1657 66 31 och
976 1656 81 30 med
1080 1653 202 38 budgetåret
1306 1648 195 42 1937/1938,

124 1714 72 31 dels
217 1713 65 31 ock
302 1713 51 31 till
374 1710 339 37 Kontrollstyrelsen:
735 1708 210 37 Avlöningar
967 1706 56 31 för
1043 1704 202 38 budgetåret
1267 1698 184 44 1937/1938
1471 1702 120 32 anvisa

80 1769 48 28 ett
147 1764 270 37 förslagsanslag
440 1772 44 21 av
504 1761 141 36 214,500
667 1761 138 30 kronor.

128 1864 270 38 Ifrågavarande
419 1862 122 37 anslag
560 1862 38 29 är
617 1861 11 30 i
648 1860 158 37 gällande
825 1858 141 31 riksstat
985 1859 165 35 upptaget
1170 1856 80 31 med
1270 1855 151 35 215,200.

130 1916 66 31 För
220 1917 100 29 nästa
342 1912 168 38 budgetår
534 1910 154 36 föreslås,
712 1913 49 27 att
785 1919 42 21 en
851 1908 21 31 å
895 1908 174 31 ordinarie
1093 1909 67 28 stat
1183 1906 155 37 uppförd
1361 1904 231 37 registrators-

85 1968 66 31 och
176 1964 336 37 kassörsbefattning
536 1963 11 30 i
571 1961 208 38 lönegraden
804 1960 26 30 B
859 1960 37 30 11
923 1958 172 31 ombildas
1120 1957 52 30 till
1197 1966 42 21 en
1264 1953 294 38 bokhållartjänst
1583 1953 11 30 i

86 2018 208 37 lönegraden
311 2016 26 30 B
356 2017 36 29 17
411 2017 90 28 samt
518 2016 49 28 att
584 2022 42 22 en
643 2022 46 28 ny
707 2008 376 37 kanslibiträdestjänst
1101 2008 10 30 i
1128 2007 208 36 lönegraden
1354 2006 27 30 B
1400 2007 17 29 7
1437 2005 155 30 inrättas.

86 2071 13 30 I
126 2069 111 37 övrigt
262 2058 143 41 föreslås
430 2067 122 30 endast
580 2074 41 21 av
647 2060 440 40 familjepensioneringens
1113 2057 271 39 genomförande
1412 2055 181 37 betingade

85 2119 253 37 förändringar.

129 2219 53 32 Då
206 2220 123 35 Kungl.
354 2217 120 37 Maj:ts
496 2217 129 36 förslag
649 2216 75 30 icke
748 2214 82 37 givit
855 2213 166 31 utskottet
1043 2211 185 36 anledning
1251 2210 51 30 till
1325 2209 150 35 erinran,
1499 2208 95 30 hem-

85 2271 116 30 ställer
218 2270 176 34 utskottet,

440 2354 49 28 att
506 2350 185 36 riksdagen
709 2347 58 31 må

440 2400 31 40 a)
502 2400 186 36 godkänna
714 2398 155 36 följande
894 2394 379 40 personalförteckning
1298 2393 54 31 för
1376 2392 220 37 kontrollsty-

396 2452 126 30 relsen:

1644 2208 127 27 Utskottet.
