2192 2620
720 166 253 33 Statsutskottets
1004 165 169 32 Utlåtande
1196 164 63 32 N:o
1285 165 50 30 11.
1714 161 62 33 139

224 253 79 31 stor
339 247 59 36 del
427 246 41 36 af
493 246 45 36 de
568 245 419 49 tjänstårsberättigade
1016 244 111 37 aflida
1157 246 123 34 såsom
1309 241 270 51 pensionerade
1609 241 68 36 och
1706 241 114 36 hafva

224 302 123 34 såsom
376 298 141 37 sådana
545 298 157 37 förlorat
730 298 59 36 sin
817 298 268 48 tjänstårsrätt.
1128 296 70 36 Att
1224 295 131 36 märka
1383 298 41 32 är
1452 294 123 47 äfven,
1605 299 54 30 att
1686 293 133 49 tjänst-

224 355 185 33 årsrätten
438 350 229 36 tillkommer
695 350 70 36 och
794 349 203 36 framdeles
1018 349 119 36 skulle
1156 347 212 37 tillkomma
1388 346 133 36 endast
1541 346 280 36 ämneslärarna

223 404 65 36 vid
330 403 44 36 de
412 402 190 36 allmänna
634 402 234 45 läroverken,
896 401 120 36 under
1044 400 62 36 det
1136 405 53 31 att
1217 399 360 46 seminarielärarna,
1607 398 120 35 lärare
1756 397 64 36 vid

224 455 176 37 tekniska
441 453 265 37 läroanstalter
739 453 71 37 och
842 453 308 47 öfningslärarna
1178 454 119 33 måste
1324 450 157 36 umbära
1509 450 122 36 denna
1659 449 161 47 förmån,

224 507 118 37 ehuru
372 506 121 47 dessa,
523 505 180 36 särskildt
730 505 307 48 öfningslärarna
1060 504 85 36 med
1165 504 109 35 deras
1294 504 80 34 små
1393 502 106 36 löner
1519 501 70 36 och
1609 504 80 33 små
1708 501 112 36 änke-

222 559 212 50 pensioner,
464 557 138 36 likaväl
631 570 80 23 som
741 557 262 36 de'allmänna
1031 555 242 36 läroverkens
1308 553 251 36 ämneslärare
1592 557 64 31 äro
1676 553 12 35 i
1706 552 119 37 behof

225 612 41 36 af
291 611 71 36 den
391 610 117 49 hjälp,
540 622 82 24 som
650 610 305 49 tjänstårsrätten
983 608 13 36 i
1023 608 102 48 regel
1155 606 146 37 medför
1319 605 63 36 vid
1403 604 296 49 familjefaderns
1720 604 101 36 från-

224 664 99 37 fälle.
379 661 81 37 Och
503 662 12 35 i
548 675 144 23 samma
718 664 88 34 mån
834 659 289 49 ifrågavarande
1151 663 76 32 rätt
1255 663 113 43 göres
1391 658 174 48 jämnare
1594 656 70 37 och
1691 656 131 36 värde-

225 716 143 45 fullare,
412 714 85 36 dess
539 714 178 49 skarpare
759 712 222 37 framträder
1022 711 211 36 skillnaden
1275 710 137 35 mellan
1451 709 45 35 de
1525 708 156 49 angifna
1709 708 114 36 lärar-

224 779 237 37 gruppernas
491 765 245 37 ekonomiska
765 764 178 37 situation
971 763 12 36 i
1011 763 160 36 berörda
1199 762 76 36 fall.

356 817 48 38 Se
436 818 38 35 vi
504 820 79 33 åter
611 820 48 47 på
687 816 63 37 det
777 816 193 48 vederlag,
1000 828 81 23 som
1110 814 175 48 erbjudes
1315 813 58 36 för
1401 812 193 37 afstående
1624 812 41 35 af
1687 812 136 48 tjänst-

225 875 196 42 årsrätten,
455 872 42 34 så
524 870 126 35 består
678 868 62 37 det
768 868 174 48 tydligen
970 868 12 35 i
1012 867 72 36 den
1113 865 144 49 ökning
1286 865 41 36 af
1351 864 361 49 änkepensionerna,
1742 876 80 23 som

225 923 74 36 kan
333 922 120 36 blifva
480 935 47 23 en
556 920 97 50 följd
681 920 118 47 däraf,
828 926 54 29 att
910 924 55 31 ett
992 920 96 35 visst
1117 918 113 48 årligt
1258 917 137 49 belopp
1424 916 160 36 tillföres
1612 915 113 37 änke-
1754 915 70 36 och

224 974 274 50 pupillkassan.
548 972 94 38 Sant
669 978 40 31 är
736 972 238 47 visserligen,
996 975 55 31 att
1070 970 179 49 beloppet
1270 969 42 35 af
1326 968 230 50 pensionens
1577 967 146 48 ökning
1742 966 82 36 icke

224 1026 73 37 blir
324 1026 87 36 fullt
438 1028 42 34 så
509 1031 96 31 stort
628 1038 81 24 som
727 1029 131 31 räntan
880 1026 21 33 å
920 1023 74 36 den
1013 1021 302 46 medelinkomst,
1336 1033 79 23 som
1438 1020 120 36 skulle
1577 1019 189 49 uppbäras
1786 1018 42 36 af

225 1079 46 36 de
313 1076 418 51 tjänstårsberättigade
773 1074 236 47 stärbhusen,
1053 1074 46 36 då
1136 1073 197 48 ökningen
1361 1072 120 36 skulle
1510 1071 314 49 tillgodokomma

226 1131 46 36 de
306 1129 285 47 efterlefvande,
621 1129 82 37 icke
729 1127 98 37 blott
854 1128 57 35 till
940 1127 98 46 dem,
1068 1139 81 23 som
1178 1124 122 47 aflida,
1330 1123 136 37 medan
1495 1123 46 36 de
1570 1128 64 31 äro
1662 1123 9 36 i
1694 1123 129 49 tjänst,

224 1187 92 31 utan
344 1181 71 36 ock
443 1181 60 36 till
531 1180 97 48 dem,
654 1193 80 24 som
753 1180 138 47 bortgå
910 1181 126 35 såsom
1056 1176 286 51 pensionerade.
1389 1175 89 36 Men
1498 1175 45 36 de
1562 1174 263 37 förstnämnda

226 1235 128 35 kunna
395 1233 190 49 knappast
626 1237 112 43 sägas
768 1231 220 48 därigenom
1019 1228 226 50 tillskyndas
1274 1231 128 44 någon
1430 1227 173 48 egentlig
1631 1226 193 46 orättvisa,

226 1286 47 36 då
296 1285 44 48 ju
369 1285 108 36 deras
506 1283 273 38 efterlefvande
808 1282 140 36 erhålla
976 1281 78 36 lika
1079 1286 79 30 stor
1176 1280 160 48 pension
1355 1292 81 23 som
1457 1278 46 36 de
1521 1277 303 50 pensionerades,

226 1337 120 36 ehuru
375 1337 45 35 de
448 1349 134 23 senare
612 1336 122 48 erlagt
761 1334 90 36 flera
879 1333 221 48 årsafgifter
1128 1332 56 36 till
1212 1331 137 36 kassan
1378 1336 46 30 än
1453 1330 46 36 de
1527 1331 111 35 förra.

357 1388 81 36 Den
469 1392 120 32 större
618 1386 185 46 säkerhet,
832 1385 199 50 trygghet,
1057 1383 176 48 jämnhet
1257 1382 70 37 och
1346 1381 274 49 likformighet,
1642 1394 81 23 som
1743 1379 83 37 vin-

226 1455 68 22 nes
324 1453 140 36 genom
494 1439 191 48 aflösning
713 1438 39 36 af
777 1436 401 50 tjänstårsprivilegiet
1206 1437 48 47 på
1280 1434 206 48 föreslaget
1506 1438 86 41 sätt,
1614 1432 68 37 har
1701 1432 126 36 säker-

225 1493 104 49 ligen
366 1492 114 36 också
508 1492 98 36 varit
636 1490 253 48 anledningen
917 1489 59 35 till
1006 1493 55 31 att
1085 1488 64 35 det
1177 1493 103 30 stora
1307 1486 162 36 flertalet
1497 1485 41 36 af
1562 1485 46 36 de
1638 1484 189 36 allmänna

226 1544 243 36 läroverkens
510 1542 287 48 lärarkollegier
838 1542 142 35 lämnat
1021 1540 187 47 förslaget
1249 1552 60 23 om
1351 1537 237 48 aflösningen
1629 1542 91 30 utan
1762 1549 63 23 an-

226 1596 213 48 märkning.

355 1647 87 36 Med
462 1647 177 37 afseende
658 1649 48 46 på
720 1645 218 48 betydelsen
954 1645 60 35 för
1029 1644 113 35 änke-
1160 1643 70 35 och
1246 1641 259 50 pupillkassan
1522 1640 41 36 af
1574 1654 46 22 en
1638 1639 189 48 aflösning

227 1699 40 35 af
291 1698 308 49 tjänstårsrätten
627 1698 69 35 har
723 1697 126 35 blifvit
878 1695 186 46 anmärkt,
1094 1699 56 31 att
1178 1694 72 35 den
1279 1692 119 37 skulle
1426 1705 91 23 vara
1536 1691 148 49 ganska
1703 1691 122 47 ringa,

227 1750 47 36 då
316 1750 137 36 kassan
495 1751 59 35 för
594 1748 234 37 närvarande
869 1747 142 49 slipper
1049 1751 54 30 att
1130 1745 169 36 utbetala
1326 1744 204 48 pensioner
1558 1743 56 35 till
1643 1742 45 36 de
1717 1743 109 35 efter-

227 1801 175 37 lefvande
429 1802 121 35 under
578 1801 213 49 tjänståret,
820 1812 83 23 men
935 1812 61 22 om
1027 1797 188 47 aflösning
1244 1796 100 46 sker,
1374 1799 121 32 måste
1523 1800 95 42 göra
1638 1794 74 36 det.
1756 1793 70 36 Väl

227 1859 42 31 är
307 1853 62 36 det
398 1859 96 41 sant,
525 1858 66 42 att,
622 1852 46 36 då
697 1864 137 36 genom
863 1851 222 46 tjänstårets
1113 1847 253 38 bortfallande
1393 1846 288 50 pensionstiden
1707 1845 120 36 skulle

226 1908 119 45 något
387 1904 209 49 förlängas,
638 1904 81 36 icke
759 1903 86 36 hela
887 1903 257 35 lösesumman
1186 1900 75 35 kan
1291 1899 193 36 användas
1513 1899 56 35 till
1598 1897 164 48 höjning
1791 1896 40 36 af

226 1956 265 50 pensionerna,
520 1970 88 22 men
637 1956 46 35 då
707 1955 73 36 den
800 1954 174 36 behållna
993 1953 216 36 inkomsten
1231 1952 41 35 af
1288 1964 46 23 en
1355 1948 472 48 ämneslärarebefattning

227 2014 41 31 är
309 2008 88 36 vida
438 2013 120 31 större
601 2013 47 31 än
691 2005 266 37 motsvarande
999 2004 271 48 änkepension,
1309 2006 119 32 måste
1456 2002 138 35 kassan
1622 2001 11 35 i
1662 2001 45 35 de
1736 2000 91 36 allra

229 2061 105 35 flesta
375 2060 65 35 fall
483 2059 138 36 skörda
663 2072 46 22 en
751 2057 113 47 vinst,
903 2056 145 36 hvilket
1072 2055 43 48 ju
1146 2054 113 36 också
1289 2053 206 48 möjliggör
1523 2065 46 23 en
1598 2051 163 49 höjning
1790 2052 39 34 af

226 2111 384 50 pensionsbeloppen.

356 2162 111 37 Hvad
508 2164 80 34 åter
630 2164 118 44 angår
789 2158 250 36 statsverkets
1075 2156 184 48 ställning
1287 2157 54 35 till
1373 2155 357 48 aflösningsfrågan,
1760 2155 67 34 har

228 2215 63 36 det
332 2215 127 36 blifvit
500 2213 123 49 sagdt,
667 2217 53 30 att
762 2216 121 30 staten
926 2222 139 36 genom
1105 2208 236 48 aflösningen
1377 2207 121 36 skulle
1526 2206 224 48 tillskyndas
1779 2218 45 22 en

227 2266 98 47 årlig
365 2266 118 49 utgift
521 2267 40 34 al
587 2265 107 36 öfver
724 2263 136 43 25,000
889 2262 140 35 kronor
1060 2265 87 31 utan
1178 2265 53 30 att
1260 2260 64 35 det
1352 2258 188 36 ordinarie
1570 2258 172 47 anslaget
1770 2256 53 35 till
