2200 2616
134 1396 69 31 Ang.
222 1403 31 16 en
270 1396 71 23 inom

192 1430 91 25 Andra

157 1466 158 24 Kammaren

132 1501 74 24 väckt
224 1502 109 24 motion.

167 2175 132 26 Utskottets

165 2210 127 31 yttrande.

407 164 64 33 290
860 165 254 34 Statsutskottets
1143 166 170 34 Utlåtande
1337 167 62 34 N:o
1424 168 50 32 11.

363 244 72 36 och
462 243 211 37 lärarinnor
700 243 12 37 i
739 244 199 37 läsämnen
965 245 64 37 vid
1056 245 481 39 folkskoleseminariernas
1558 247 296 50 öfningsskolor,
1875 248 98 37 före-

362 296 86 48 slog
477 308 145 24 samma
650 298 59 35 års
737 296 174 49 Riksdag
940 303 55 31 att
1023 297 59 37 för
1108 298 243 37 bestridande
1372 299 43 36 af
1430 299 46 37 de
1496 305 106 31 extra
1621 299 351 50 pensionsafgifter,

363 347 130 37 hvilka
533 350 50 47 på
623 348 125 48 grund
791 348 42 36 af
870 349 20 47 $
919 351 22 35 8
982 349 13 36 i
1036 351 253 48 reglementet
1322 351 59 36 för
1410 351 335 37 folkskollärarnas
1773 351 199 50 pensions-

361 399 212 48 inrättning
601 400 47 36 då
676 400 163 50 utginge
869 401 89 37 eller
985 402 58 36 till
1072 402 94 49 följd
1196 402 42 37 af
1262 402 45 37 de
1328 403 42 36 af
1388 404 97 35 1906
1507 406 60 34 års
1586 403 173 49 Riksdag
1778 403 204 37 beslutade

363 452 89 36 eller
483 453 95 35 1907
610 454 59 34 års
693 452 175 50 Riksdag
888 453 217 49 föreslagna
1124 454 166 37 ändrade
1309 454 288 38 bestämmelser
1616 469 61 23 om
1699 455 274 49 delaktighets-

361 503 189 50 beloppen
591 503 11 36 i
644 505 166 36 nämnda
852 505 214 50 inrättning
1108 506 152 37 komme
1301 512 56 31 att
1397 510 105 46 utgå,
1531 510 49 47 på
1609 512 106 32 extra
1743 512 74 32 stat
1846 508 60 36 för
1934 511 40 33 år

365 557 97 34 1908
504 555 120 37 under
666 556 229 38 riksstatens
936 558 130 36 tionde
1107 558 232 37 hufvudtitel
1372 559 140 48 bevilja
1540 564 53 32 ett
1622 559 303 50 förslagsanslag
1953 562 21 34 å

361 608 140 47 20,000
530 608 155 45 kronor;
716 608 71 36 och
817 609 126 36 denna
971 609 283 50 framställning
1282 610 82 37 blef
1388 611 42 35 af
1453 611 220 49 Riksdagen
1701 611 166 36 bifallen.

491 659 74 36 För
606 673 143 23 samma
792 661 177 36 ändamål
1009 661 175 50 bevijade
1225 662 221 50 Riksdagen
1487 663 59 37 för
1588 666 39 33 år
1662 664 98 35 1909
1789 663 183 37 likaledes

361 712 139 47 20,000
529 711 175 37 kronor.»

491 762 57 38 Då
589 764 185 37 utskottet
816 765 32 49 ej
894 765 82 37 haft
1016 768 121 48 något
1179 772 55 32 att
1261 767 125 36 erinra
1415 773 80 31 mot
1523 767 101 37 hvad
1653 767 140 49 Kungl.
1824 767 109 50 Maj:t
1960 767 12 37 i

360 815 251 37 omförmälda
639 815 216 38 hänseende
884 816 207 51 föreslagit,
1121 818 60 37 får
1208 818 190 38 utskottet
1426 819 210 49 hemställa,

895 927 55 32 att
991 922 224 49 Riksdagen
1257 926 61 34 må
1361 923 59 37 för
1454 923 242 38 bestridande
1724 924 43 36 af
1791 924 47 37 de
1867 930 106 32 extra

760 973 354 51 pensionsafgifter,
1145 975 129 36 hvilka
1301 978 50 47 på
1377 975 127 47 grund
1534 975 41 37 af
1598 974 21 50 $
1647 977 22 35 8
1689 976 13 36 i
1720 976 253 49 reglementet

762 1026 60 36 för
865 1025 335 38 folkskollärarnas
1242 1027 396 49 pensionsinrättning
1675 1041 51 23 nu
1758 1030 96 47 utgå
1881 1028 92 37 eller

762 1076 57 37 till
862 1077 95 45 följd
998 1077 43 36 af
1078 1077 46 37 de
1167 1078 42 36 af
1248 1080 97 35 1906
1389 1078 71 37 och
1492 1080 96 36 1907
1620 1082 109 34 årens
1757 1079 216 49 Riksdagar

761 1128 199 37 beslutade
1006 1129 167 37 ändrade
1218 1130 287 37 bestämmelser
1546 1143 60 24 om
1650 1130 322 50 delaktighetsbe-

761 1180 143 50 loppen
932 1180 13 37 i
972 1181 168 36 nämnda
1167 1182 215 49 inrättning
1410 1182 153 37 komma
1592 1187 55 32 att
1672 1185 104 47 utgå,
1797 1185 49 47 på
1865 1192 107 28 extra

762 1239 76 30 stat
879 1233 61 36 för
981 1236 39 33 år
1051 1235 99 35 1910
1178 1234 120 37 under
1325 1234 228 37 riksstatens
1582 1234 130 37 tionde
1740 1234 232 39 hufvudtitel

761 1285 142 49 bevilja
933 1291 53 30 ett
1013 1285 304 50 förslagsanslag
1346 1288 21 34 å
1396 1288 139 46 20,000
1564 1286 152 37 kronor.

493 1389 98 50 76:0)
646 1389 66 38 Uti
740 1402 48 24 en
816 1390 105 36 inom
950 1390 129 37 Andra
1098 1390 232 37 Kammaren
1349 1391 117 36 väckt
1485 1392 146 35 motion
1651 1391 75 49 (n:o
1749 1391 87 49 142)
1857 1391 114 37 hafva

359 1441 129 37 herrar
533 1443 38 35 O.
615 1443 201 36 Hellström
859 1442 72 37 och
972 1444 45 35 RB.
1059 1444 209 36 Johansson
1310 1443 203 47 hemställt,
1550 1448 55 31 att
1633 1443 222 49 Riksdagen
1882 1443 89 37 ville

358 1493 160 48 besluta,
549 1498 55 32 att
633 1494 46 36 de
708 1494 24 36 f.
759 1494 35 36 d.
824 1494 301 49 folkskollärare,
1155 1508 82 23 som
1266 1495 81 36 före
1378 1497 40 34 år
1446 1496 95 36 1907
1565 1495 146 36 erhållit
1732 1494 132 37 afsked
1884 1495 86 37 med

358 1545 159 49 pension
545 1546 84 36 från
658 1545 336 38 folkskollärarnes
1023 1546 408 49 pensionsinrättning,
1461 1550 116 33 måtte
1606 1546 141 37 erhålla
1775 1551 54 32 ett
1857 1547 114 48 årligt

357 1598 204 36 understöd
593 1598 95 36 efter
715 1598 141 36 sådana
885 1598 178 48 grunder,
1090 1604 55 31 att
1165 1599 59 36 för
1243 1599 73 35 den
1335 1599 326 48 pensionstagare,
1683 1598 175 37 hvilkens
1878 1612 91 36 pen-

356 1649 84 37 sion
467 1649 82 37 icke
573 1652 151 48 uppgår
743 1650 57 36 till
820 1651 77 35 400
917 1650 150 48 kronor,
1088 1650 248 37 understödet
1355 1650 34 48 ej
1412 1650 58 36 får
1490 1650 210 49 öfverstiga
1720 1652 75 35 200
1815 1650 153 48 kronor,

355 1715 87 23 men
484 1701 33 48 ej
548 1702 118 36 heller
689 1702 123 49 jämte
840 1702 211 49 pensionen
1080 1705 132 46 uppgå
1240 1702 56 36 till
1324 1702 121 48 högre
1474 1702 136 49 belopp
1640 1708 47 31 än
1713 1703 74 36 500
1816 1702 152 45 kronor,

355 1753 73 36 och
457 1759 55 30 att
539 1753 60 37 för
627 1753 84 48 den,
741 1753 179 38 hvilkens
948 1754 162 49 pension
1139 1757 152 47 uppgår
1319 1755 57 35 till
1406 1755 75 36 400
1509 1754 153 49 kronor,
1691 1768 87 23 men
1807 1755 84 36 icke
1910 1755 58 36 till

355 1805 75 36 600
471 1805 151 48 kronor,
660 1806 208 36 understöd
911 1809 61 33 må
1013 1809 93 46 utgå
1148 1807 85 36 med
1274 1806 118 49 högst
1438 1807 71 36 100
1537 1807 152 47 kronor,
1719 1806 97 36 dock
1844 1809 42 34 så
1914 1812 55 30 att

353 1857 249 37 understödet
643 1858 252 36 tillsammans
938 1857 84 37 med
1063 1858 212 50 pensionen
1318 1858 31 49 ej
1383 1858 56 37 får
1467 1858 210 50 öfverstiga
1706 1859 74 35 600
1809 1858 155 45 kronor;

354 1915 100 30 samt
494 1915 55 31 att
591 1910 59 36 för
687 1910 103 36 detta
819 1910 178 36 ändamål
1025 1913 20 33 å
1075 1915 107 31 extra
1211 1915 75 32 stat
1314 1910 120 36 under
1462 1909 131 37 tionde
1622 1909 258 37 hufvudtiteln
1909 1909 59 37 för

354 1963 41 33 år
426 1962 98 35 1910
553 1964 117 34 måtte
697 1961 162 50 beviljas
888 1967 55 32 ett
970 1961 305 49 förslagsanslag
1303 1963 42 35 af
1371 1963 137 46 63,711
1538 1962 151 37 kronor.

486 2013 239 37 Beträffande
767 2014 46 36 de
855 2014 58 37 till
956 2014 84 37 stöd
1079 2014 60 36 för
1173 2014 196 38 motionen
1398 2013 158 37 anförda
1585 2014 82 36 skäl
1697 2014 56 36 får
1781 2013 187 37 utskottet

355 2064 160 37 hänvisa
543 2065 56 37 till
628 2066 136 49 själfva
793 2067 208 36 motionen.

485 2169 69 49 Då,
584 2173 123 34 såsom
738 2171 12 35 i
779 2171 194 37 motionen
996 2171 146 50 jämväl
1170 2170 204 48 meddelas,
1404 2171 171 36 ansökan
1594 2170 13 36 1
1626 2170 63 37 det
1710 2170 102 48 syfte
1833 2170 134 36 motio-

354 2234 73 23 nen
466 2221 158 37 innebär
656 2222 126 37 blifvit
811 2223 174 48 ingifven
1015 2223 55 36 till
1099 2223 142 49 Kungl.
1271 2223 110 49 Maj:t
1411 2223 69 36 och
1511 2222 84 37 med
1626 2221 206 48 anledning
1859 2222 112 36 däraf
