2234 2614
406 168 62 36 252
880 176 255 35 Statsutskottets
1163 178 171 35 Utlåtande
1346 181 74 34 N:o
1443 184 52 32 11.

344 243 104 43 "Han
484 250 98 38 hade
625 253 111 38 alltså
763 253 176 53 i”40i
899 239 45 71 år
980 257 100 37 varit
1107 257 12 37 i
1148 264 146 32 statens
1335 261 132 47 tjänst.
1525 262 134 38 Under
1691 265 107 37 tiden
1826 266 82 37 före
1937 270 41 32 år

126 1593 64 31 Ang.
211 1595 109 29 löneför-

160 1628 106 31 höjning
284 1627 28 25 åt

150 1665 152 30 professorn

125 1698 70 24 A.G.
210 1699 128 26 Nathorst.

178 1734 94 48 [31.]

365 303 95 35 1877
500 302 98 38 hade
640 306 173 37 eldarens
857 308 169 50 aflöning
1055 310 32 49 ej
1119 314 165 46 uppgått
1312 313 59 36 till
1400 327 80 23 mer
1510 319 46 31 än
1586 316 118 48 högst
1733 319 74 35 300
1836 318 141 37 kronor

362 366 61 24 om
465 357 91 34 året.
615 356 149 38 Genom
807 360 137 48 nådigt
985 361 88 36 bref
1112 362 73 37 den
1231 365 43 34 12
1305 365 76 48 maj
1415 367 97 36 1876
1543 366 99 38 hade
1671 369 213 37 emellertid
1912 371 65 36 be-

363 409 144 44 stämts,
539 413 55 31 att
623 410 41 35 af
689 410 251 39 riksmuseets
970 415 431 50 expensmedelsanslag
1431 418 74 37 500
1525 419 142 36 kronor
1687 421 122 37 skulle
1830 422 147 47 årligen

361 460 94 46 utgå
492 461 127 35 såsom
649 462 172 49 aflöning
850 466 39 33 åt
917 464 165 37 eldaren.
1140 466 134 37 Denna
1303 482 159 23 numera
1489 470 170 50 oskäligt
1688 472 90 49 låga
1805 469 172 58 aflöning

360 509 98 37 hade
500 511 107 37 Blom
649 513 186 38 alltsedan
876 516 182 50 uppburit
1099 523 92 31 utan
1229 519 226 51 förhöjning
1483 522 11 35 i
1522 522 191 51 beloppet.
1779 524 198 50 Därjämte

360 560 98 38 hade
486 563 76 37 han
591 565 155 49 åtnjutit
774 567 48 36 fri
851 567 147 48 bostad,
1030 571 21 33 2
1081 583 85 23 rum
1194 571 71 36 och
1294 572 78 36 kök
1401 579 99 30 samt
1524 574 50 36 fri
1594 575 210 38 vedbrand.
1849 577 56 37 Då
1925 591 49 23 nu

360 612 108 38 Blom
495 618 50 46 på
573 618 127 46 grund
730 618 40 36 af
796 619 177 49 sjukdom
1002 633 90 25 vore
1118 623 226 48 oförmögen
1364 629 56 31 att
1439 625 167 49 fullgöra
1627 627 81 37 sina
1729 629 246 49 åligganden,

361 664 70 37 och
472 666 47 37 då
557 668 77 36 han
664 671 127 36 städse
822 671 86 37 med
938 677 96 32 stort
1061 673 59 36 nit
1149 674 70 37 och
1247 676 230 48 plikttrohet
1505 678 104 37 skött
1638 679 59 37 sin
1726 681 122 47 tjänst
1877 686 100 32 samt

359 721 163 45 uppnått
552 721 48 36 69
629 721 196 38 lefnadsår
853 724 71 36 och
953 726 48 35 40
1030 725 175 48 tjänstår,
1235 728 124 36 tilläte
1380 728 62 48 sig
1458 729 238 49 akademien,
1716 732 124 37 under
1859 733 116 36 fram-

358 768 176 40 hållande
570 772 42 36 af
637 779 56 30 att
721 774 131 38 Bloms
881 776 64 36 lön
972 777 102 36 varit
1101 779 152 48 mycket
1281 780 65 48 låg
1375 781 70 36 och
1474 787 56 31 att
1558 782 76 37 han
1664 788 102 32 ännu
1795 784 97 37 hade
1912 790 65 31 två

359 821 257 52 minderåriga
643 825 95 37 barn
767 832 55 31 att
850 827 175 50 försörja,
1056 834 56 31 att
1139 835 94 43 göra
1262 832 58 36 sin
1354 832 285 39 ofvannämnda
1667 835 241 37 hemställan.

487 874 66 38 Uti
595 876 226 50 infordradt,
864 879 88 37 den
982 882 47 34 28
1068 882 208 38 november
1308 885 98 35 1908
1436 885 165 49 afgifvet
1630 887 261 50 underdånigt
1919 894 57 30 ut-

357 923 267 55 låtandeshar,
638 929 476 52 härefter”statskontoret
1142 934 184 51 tillstyrkt
1355 936 106 36 bifall
1490 937 58 36 till
1577 938 253 38 förevarande
1859 940 116 37 fram-

358 977 221 52 ställning.»

487 1031 87 37 Med
617 1033 268 49 tillstyrkande
928 1036 41 35 af
1006 1036 107 37 bifall
1155 1038 55 36 till
1244 1038 144 50 Kungl.
1419 1039 129 49 Maj:ts
1578 1041 253 39 förevarande
1862 1044 114 36 fram-

358 1081 185 51 ställning
572 1084 57 36 får
656 1085 189 38 utskottet
873 1086 210 49 hemställa,

891 1224 55 31 att
965 1219 221 50 Riksdagen
1207 1224 61 34 må
1288 1222 208 49 medgifva,
1518 1229 56 31 att
1595 1224 155 37 eldaren
1764 1225 64 37 vid
1844 1231 130 32 natur-

759 1269 209 38 historiska
995 1271 230 39 riksmuseet
1252 1274 96 36 Lars
1377 1275 164 37 Larsson
1571 1275 106 37 Blom
1706 1279 62 34 må
1799 1277 82 38 från
1902 1279 72 36 och

759 1322 89 36 med
890 1323 186 37 månaden
1119 1330 85 31 näst
1246 1326 97 36 efter
1371 1327 84 47 den,
1485 1327 220 37 hvarunder
1732 1329 76 36 han
1837 1330 137 37 varder

759 1374 221 49 entledigad
1023 1376 83 36 från
1145 1377 59 36 sin
1232 1378 222 50 befattning
1481 1379 65 36 vid
1576 1385 158 41 museet,
1765 1381 120 37 under
1913 1383 60 36 sin

759 1427 240 37 återstående
1027 1427 120 38 lifstid
1177 1429 172 50 uppbära
1377 1432 161 48 pension
1563 1435 21 33 å
1603 1431 195 38 allmänna
1816 1433 157 50 indrag-

758 1478 244 49 ningsstaten
1031 1480 58 36 till
1118 1480 137 50 belopp
1286 1482 41 35 af
1354 1484 73 35 500
1456 1483 141 37 kronor
1626 1483 160 49 årligen.

489 1601 100 49 56:0)
646 1601 63 38 Uti
751 1602 124 49 punkt
917 1604 45 34 31
998 1603 121 36 under
1147 1604 128 36 tionde
1303 1603 259 38 hufvudtiteln
1591 1605 70 37 har
1691 1605 141 50 Kungl.
1863 1607 109 47 Maj:t

359 1652 199 49 föreslagit
599 1653 221 49 Riksdagen
863 1653 204 50 medgifva,
1102 1660 65 42 att,
1210 1655 128 37 därest
1379 1656 221 48 professorn
1650 1658 139 44 Alfred
1822 1660 151 36 Gabriel

356 1705 176 36 Nathorst
560 1705 82 36 före
672 1705 135 49 början
837 1706 40 36 af
903 1709 39 32 år
974 1708 97 34 1910
1105 1707 85 36 med
1235 1707 72 37 den
1336 1707 8 36 i
1368 1708 422 50 statsrådsprotokollet
1810 1711 159 48 angifna

357 1756 266 50 begränsning
662 1756 112 49 ingår
807 1760 50 46 på
886 1758 45 36 de
959 1758 297 47 bestämmelser,
1288 1773 81 23 som
1399 1760 107 36 skola
1526 1761 104 48 gälla
1659 1762 58 35 för
1746 1763 225 47 åtnjutande

357 1808 41 36 af
422 1808 278 38 löneförmåner
740 1810 123 48 enligt
905 1810 64 36 det
1011 1811 40 34 af
1086 1811 143 49 Kungl.
1261 1812 108 48 Maj:t
1397 1811 140 49 gillade
1565 1813 186 49 förslaget
1780 1814 58 36 till
1866 1815 104 37 löne-

354 1860 198 48 reglering
582 1863 59 34 för
669 1861 291 37 intendenterna
989 1862 63 36 vid
1081 1863 323 36 naturhistoriska
1431 1864 266 47 riksmuseum,
1728 1865 80 36 dels
1838 1866 74 36 den
1932 1870 37 33 åt

354 1911 139 38 honom
515 1916 48 45 på
585 1913 190 36 allmänna
793 1913 388 49 indragningsstaten
1212 1915 181 37 anvisade
1421 1917 222 48 personliga
1667 1917 115 36 lönen
1802 1920 61 34 må
1883 1919 85 36 från

353 1963 135 49 början
518 1965 43 36 af
586 1967 40 34 år
649 1966 97 35 1910
765 1965 194 49 uppbäras
980 1966 83 36 med
1085 1968 113 46 8,700
1219 1967 141 36 kronor
1380 1968 159 48 årligen,
1561 1968 112 37 däraf
1691 1971 113 45 5,600
1824 1969 144 38 kronor

351 2015 75 37 fast
454 2016 74 48 lön,
560 2017 254 37 inberäknadt
834 2017 286 50 ålderstillägg,
1152 2021 112 43 2,500
1294 2019 142 37 kronor
1464 2021 503 49 tjänstgöringspenningar

350 2068 70 35 och
464 2070 72 34 600
579 2069 142 36 kronor
759 2069 234 49 ortstillägg,
1025 2076 55 30 att
1108 2074 93 45 utgå
1231 2071 123 48 enligt
1384 2084 143 24 samma
1556 2072 300 43 bestämmelser,
1886 2086 78 24 som

349 2119 153 36 komma
530 2125 57 32 att
615 2121 103 49 gälla
745 2121 60 37 för
824 2121 250 37 riksmuseets
1093 2122 244 37 intendenter
1356 2123 12 36 i
1389 2123 221 49 allmänhet,
1632 2124 86 37 med
1739 2124 227 49 skyldighet

349 2172 60 36 för
436 2171 186 38 Nathorst
651 2178 54 31 att
733 2173 124 37 under
885 2174 479 49 vetenskapsakademiens
1393 2175 181 37 inseende
1601 2176 117 36 vårda
1737 2176 104 36 vissa
1861 2176 106 37 delar

349 2224 42 37 af
415 2223 253 38 riksmuseets
698 2225 214 49 samlingar
939 2228 49 47 på
1017 2227 115 36 sätt
1124 2219 21 63 i
1161 2226 129 50 kungl.
1323 2227 150 37 brefvet
1503 2228 74 36 den
1610 2230 45 35 10
1680 2228 72 50 juli
1779 2229 96 35 1884
1895 2242 66 24 an-
