2148 2616
656 158 253 34 Statsutskottets
937 157 171 34 Utlåtande
1130 157 63 33 N:o
1217 158 52 31 11.
1672 156 61 31 201

176 239 213 51 olycksfall.
419 239 476 47 Artilleridepartementet
914 236 227 38 hemställde
1161 234 245 49 fördenskull,
1425 235 64 37 det
1503 235 120 37 Eders
1639 235 142 48 Kungl.

175 293 111 49 Maj:t
327 292 146 37 täcktes
516 291 138 37 föreslå
694 289 218 49 Riksdagen
953 288 206 50 medgifva,
1190 293 56 31 att
1274 287 123 38 Oskar
1423 287 146 37 Adrian
1596 287 187 37 Mattsson

177 347 119 34 måtte
324 344 85 37 från
438 344 73 36 den
541 346 21 33 3
586 342 152 50 januari
769 343 110 47 1908,
909 341 59 36 till
995 341 87 36 dess
1110 340 76 36 han
1213 342 164 47 uppnått
1408 341 45 35 15
1483 342 61 33 års
1570 339 116 47 ålder,
1706 338 37 37 få
1763 341 20 33 å

177 396 194 37 allmänna
411 395 380 49 indragningsstaten
831 394 172 49 uppbära
1032 397 56 32 ett
1115 392 116 48 årligt
1258 391 199 37 underhåll
1486 392 41 35 af
1554 393 47 34 60
1629 391 151 36 kronor.

307 448 67 37 Uti
401 447 182 38 häröfver
610 447 74 36 den
712 448 46 34 31
791 445 175 37 sistlidne
993 457 101 24 mars
1123 444 164 48 afgifvet
1309 443 260 48 underdånigt
1587 442 195 37 utlåtande

177 500 70 37 har
275 500 287 46 statskontoret,
591 498 122 37 under
741 496 242 51 åberopande
1012 496 41 36 af
1076 496 117 48 lagen
1222 495 72 37 den
1325 497 44 34 17
1401 508 100 23 mars
1534 495 110 46 1905,
1661 494 121 49 enligt

178 552 158 37 hvilken
364 551 114 37 oäkta
505 551 96 37 barn
629 550 86 37 med
744 549 176 37 afseende
949 551 21 33 å
998 549 156 35 arfsrätt
1182 547 98 37 efter
1306 547 130 37 moder
1455 546 129 37 blifvit
1598 545 185 37 likställdt

177 603 88 37 med
293 604 89 36 äkta
408 603 109 46 barn,
547 601 207 38 framhållit
781 603 124 34 såsom
930 599 215 50 tillbörligt,
1175 604 55 32 att
1250 599 72 37 den
1342 599 229 47 ersättning,
1592 611 81 23 som
1684 598 99 46 jäm-

176 655 74 37 likt
290 655 341 38 bestämmelserna
672 653 13 37 i
725 654 103 36 förut
856 652 253 38 omförmälda
1135 652 67 48 lag
1230 651 73 37 den
1332 652 21 35 5
1378 651 73 48 juli
1482 652 96 34 1901
1609 649 173 37 otvifvel-

178 707 127 50 aktigt
333 707 123 37 skulle
484 707 116 36 hafva
627 705 222 38 tillkommit
876 709 55 33 ett
959 704 90 36 äkta
1075 703 107 48 barn,
1212 703 48 36 då
1288 703 85 36 dess
1393 702 131 37 moder
1540 702 104 48 ljutit
1658 701 125 37 döden

176 759 60 37 till
278 760 94 48 följd
401 759 41 36 af
467 758 200 50 olycksfall
694 759 12 35 i
736 757 140 48 arbete,
905 756 119 37 hvarå
1052 755 237 37 sistnämnda
1316 755 66 48 lag
1408 767 92 24 vore
1528 754 214 49 tillämplig,
1771 753 13 35 i

177 811 269 37 motsvarande
487 810 66 37 fall
595 810 183 37 bereddes
814 814 56 31 ett
898 808 113 37 oäkta
1037 807 108 37 barn.
1202 807 53 36 På
1283 807 126 48 grund
1437 806 114 37 häraf
1575 805 208 50 tillstyrkte

178 864 276 36 statskontoret
484 862 134 49 nådigt
644 862 106 36 bifall
777 860 58 37 till
862 859 295 49 ifrågavarande
1185 858 292 49 framställning.

307 915 77 48 Jag
424 915 143 36 tillåter
607 915 81 47 mig
729 913 135 36 härvid
906 912 137 46 erinra,
1086 916 56 31 att
1182 911 119 36 Eders
1333 911 143 48 Kungl.
1507 910 109 48 Maj:t
1643 922 139 35 genom

178 967 137 49 nådigt
354 967 127 36 beslut
523 966 73 36 den
624 968 49 34 24
702 964 173 38 sistlidne
905 964 96 49 april
1030 963 127 36 funnit
1183 963 96 47 godt
1306 962 145 37 tilldela
1479 975 140 35 gossen
1648 961 135 36 Matts-

178 1032 71 24 son
291 1021 124 35 såsom
456 1018 208 37 understöd
706 1017 59 37 för
802 1022 53 31 ett
883 1019 52 44 år,
964 1014 163 38 räknadt
1153 1015 85 36 från
1267 1018 73 33 den
1368 1017 21 33 3
1420 1013 147 50 januari
1596 1014 111 46 1908,
1737 1025 46 24 en

176 1070 264 50 gratifikation
482 1070 42 36 af
563 1071 47 35 60
652 1070 140 36 kronor
833 1069 84 36 från
959 1067 123 49 fjärde
1124 1066 277 37 hufvudtitelns
1429 1066 135 47 anslag
1592 1064 57 37 till
1677 1069 107 32 extra

176 1123 176 48 utgifter.

307 1175 18 36 I
365 1175 121 37 likhet
523 1174 86 37 med
637 1173 320 51 myndigheterna
985 1185 111 23 anser
1119 1172 83 48 jag,
1233 1176 55 31 att
1315 1183 143 36 gossen
1486 1169 189 37 Mattsson
1701 1168 81 45 bör,

178 1227 100 36 intill
306 1227 88 36 dess
423 1227 76 36 han
526 1229 150 46 uppnår
704 1225 117 36 sådan
850 1225 115 46 ålder,
992 1228 54 32 att
1074 1223 76 36 han
1178 1235 140 35 genom
1347 1227 89 42 eget
1463 1221 129 36 arbete
1611 1220 76 36 kan
1708 1219 76 36 för-

177 1278 107 49 tjäna
326 1279 67 36 sitt
433 1278 217 49 uppehälle,
688 1277 153 36 komma
869 1276 11 36 i
909 1274 225 49 åtnjutande
1164 1274 42 36 af
1230 1278 54 31 ett
1312 1273 114 48 årligt
1453 1271 219 38 understöd.
1728 1270 57 36 Då

177 1330 77 36 han
283 1330 207 37 emellertid
518 1330 83 36 icke
628 1329 108 36 torde
762 1329 131 35 kunna
920 1327 172 36 undvara
1118 1326 138 47 bidrag
1283 1325 57 37 till
1359 1326 67 35 sitt
1445 1323 204 50 uppehälle
1664 1323 121 36 under

178 1381 74 37 den
293 1382 68 47 tid,
405 1395 81 23 som
530 1381 182 49 förflyter,
749 1380 118 36 innan
894 1383 111 32 nästa
1033 1381 60 33 års
1121 1377 171 48 Riksdag
1319 1377 76 36 kan
1423 1377 153 35 komma
1605 1379 56 32 att
1688 1375 95 36 fatta

179 1433 126 37 beslut
333 1447 62 23 om
422 1433 208 37 understöd
660 1436 36 33 åt
724 1433 152 46 honom,
907 1444 114 37 synes
1050 1431 76 35 han
1154 1429 94 37 böra
1276 1429 140 36 erhålla
1445 1441 47 23 en
1521 1427 263 49 gratifikation

179 1485 59 37 för
279 1485 224 50 ytterligare
545 1490 54 31 ett
639 1484 97 36 halft
772 1487 41 33 år
841 1484 92 36 eller
960 1482 58 36 till
1046 1482 74 36 den
1149 1484 20 33 3
1195 1480 73 49 juli
1298 1482 109 46 1909,
1437 1481 159 35 hvarom
1625 1479 66 48 jag
1718 1492 65 22 an-

179 1536 120 38 håller
340 1543 55 31 att
423 1538 59 36 till
510 1536 231 50 protokollet
775 1536 58 36 för
862 1535 124 36 denna
1014 1535 77 47 dag
1119 1533 37 36 få
1185 1533 145 48 afgifva
1359 1531 181 37 särskildt
1567 1530 213 50 yttrande.»

309 1692 16 35 I
354 1693 101 35 detta
484 1692 276 47 sammanhang
788 1690 68 35 har
883 1689 184 36 utskottet
1095 1688 56 35 till
1175 1687 234 47 behandling
1429 1686 166 36 förehaft
1615 1698 46 24 en
1680 1686 103 35 inom

180 1743 131 37 Andra
338 1744 232 36 Kammaren
600 1744 40 35 af
665 1742 86 36 herr
778 1743 137 35 Bernh.
946 1742 183 34 Eriksson
1158 1739 12 36 1
1199 1737 273 49 Grängesberg
1499 1737 113 36 väckt
1639 1737 143 35 motion

180 1794 74 49 (n:r
285 1795 74 48 13),
402 1796 80 35 däri
524 1794 215 48 föreslagits
782 1798 53 31 att
875 1791 220 48 Riksdagen
1138 1793 115 33 måtte
1294 1789 139 48 bevilja
1475 1788 121 37 Oskar
1637 1788 144 36 Adrian

180 1847 189 36 Mattsson
411 1853 53 30 ett
505 1847 116 47 årligt
661 1844 202 37 understöd
908 1844 40 35 af
979 1845 72 34 180
1084 1843 152 45 kronor,
1271 1847 52 30 att
1359 1843 94 46 utgå
1482 1841 83 35 från
1594 1840 186 36 allmänna

182 1899 377 48 indragningsstaten
591 1898 79 36 från
699 1899 21 34 3
745 1897 72 48 juli
849 1898 97 34 1909
976 1895 77 36 tills
1082 1895 74 35 han
1184 1894 87 48 fyllt
1300 1893 155 36 aderton
1484 1895 50 33 år.

310 1951 73 35 Till
413 1951 84 36 stöd
528 1951 57 35 för
612 1950 58 36 sin
698 1948 283 47 framställning
1009 1947 69 36 har
1105 1946 235 36 motionären
1369 1945 124 35 anfört
1522 1943 181 49 följande:

309 2002 103 35 »Den
455 2006 21 32 3
514 2001 150 49 januari
710 2002 96 33 1908
848 1998 199 37 inträffade
1076 2012 46 21 en
1150 1997 197 48 explosion
1375 1997 11 34 i
1415 1996 46 36 de
1490 1995 286 36 ammunitions-

180 2054 172 36 fabriken
393 2053 227 35 tillhörande
661 2051 210 36 torkhusen
910 2049 64 36 vid
1017 2048 228 47 Marieberg,
1287 2047 168 44 hvarvid,
1498 2046 114 36 bland
1648 2046 127 46 andra,

180 2106 122 48 ogifta
340 2104 242 36 arbeterskan
609 2103 124 35 Adina
761 2101 186 36 Mattsson
976 2100 165 45 omkom,
1170 2098 297 37 efterlämnande
1495 2111 46 22 en
1562 2110 79 34 son,
1663 2096 121 37 Oskar

180 2156 142 37 Adrian
351 2156 196 45 Mattsson,
580 2154 88 36 född
697 2154 72 36 den
801 2155 45 33 18
876 2151 197 37 december
1104 2151 109 36 1905.

271 2268 72 32 Bih.
367 2268 49 32 till
441 2267 112 32 Riksd.
580 2266 87 32 Prot.
699 2266 92 32 1909.
841 2266 19 30 4
883 2263 100 33 Saml.
1040 2264 13 27 1
1076 2261 78 41 Afd.
1204 2261 39 31 11
1268 2260 92 41 Häöft.
1700 2259 41 31 26

1802 1695 68 30 Äng.
1893 1703 29 14 en
1942 1695 68 23 inom

1810 1729 92 23 Andra
1921 1729 76 23 Kam.

1809 1771 89 17 maren
1922 1764 72 23 väckt

1848 1800 99 22 motion
