2150 2616
655 176 251 35 Statsutskottets
936 171 167 34 Utlåtande
1127 169 61 32 N:o
1213 169 52 31 11.
1670 160 60 32 197

302 261 99 48 35:0)
443 260 16 36 I
500 273 46 23 en
588 258 57 36 till
687 255 220 47 Riksdagen
950 252 73 36 den
1066 252 46 34 26
1156 261 100 23 mars
1285 242 255 40 innevarande
1570 245 39 32 år
1639 239 136 37 aflåten
1794 237 91 64 ra
1905 231 43 74 dl
1961 231 47 74 vid

170 314 239 51 proposition
452 312 73 49 (n:o
571 309 85 48 177)
693 309 67 35 har
788 305 143 48 Kungl.
967 303 108 49 Maj:t
1103 299 200 48 föreslagit
1331 296 221 47 Riksdagen
1581 290 194 49 medgifva
1800 305 68 24 Karl
1888 305 108 29 Gustafs

173 374 54 29 att
269 366 144 37 enhvar
455 364 39 37 af
533 362 352 37 arbetsförmännen
927 356 62 36 vid
1032 354 92 36 Karl
1167 350 143 38 Gustaf
1349 348 104 37 stads
1496 343 280 52 gevärsfaktori
1801 342 73 57 stads
1891 342 105 37 gevärs-

172 421 71 35 Per
270 420 96 36 Erik
393 418 212 35 Andersson
626 413 71 36 och
716 413 148 34 Anders
883 409 181 45 Engblom
1085 410 97 32 samt
1203 403 201 36 arbetarna
1423 397 194 38 därstädes
1638 396 138 43 Alfred
1795 378 98 57 ställda
1914 383 92 51 arbetes

177 472 203 42 Grönlund,
430 469 87 35 Carl
548 467 121 36 Johan
697 465 219 40 Lindström,
953 460 87 36 Carl
1074 459 117 35 Oskar
1226 454 210 42 Vikstrand,
1464 452 120 35 Johan
1619 448 156 36 Vilhelm
1818 447 103 30 förmän
1942 446 45 22 och

172 525 193 44 Hallgren,
402 520 89 44 Olof
513 520 197 41 Norrman,
745 515 87 36 Carl
861 513 158 36 Fredrik
1052 506 190 48 Östergren
1272 505 71 37 och
1371 505 143 44 August
1548 501 85 35 Carl
1652 501 125 34 Petter
1836 482 128 23 arbetare.

173 575 206 37 Johansson
401 573 141 36 Sander
561 572 61 34 må
641 568 119 36 under
779 566 59 36 sin
858 562 236 38 återstående
1118 559 119 37 lifstid
1257 561 21 33 å
1299 557 188 36 allmänna
1506 551 271 49 indragnings-

175 632 125 31 staten
343 625 145 49 åtnjuta
529 636 47 22 en
619 620 95 46 årlig
752 617 156 49 pension
938 615 40 36 af
1005 615 73 35 500
1107 613 152 44 kronor,
1290 614 54 30 att
1372 609 94 46 utgå
1494 605 57 36 till
1580 601 198 39 Grönlund

175 679 83 36 från
300 678 70 36 och
411 676 85 37 med
539 674 74 36 den
644 675 17 33 1
688 669 153 51 januari
885 669 97 35 1908
1018 665 71 37 och
1130 664 57 35 till
1229 662 143 37 enhvar
1401 658 41 37 af
1467 658 44 36 de
1541 656 124 48 öfriga
1695 654 83 36 från

175 731 70 36 och
273 730 86 36 med
389 727 185 38 månaden
601 729 86 32 näst
717 723 97 35 efter
843 721 85 46 den,
958 718 119 37 under
1101 715 157 37 hvilken
1278 714 76 35 han
1374 710 148 38 erhållit
1541 707 131 37 afsked
1693 706 84 35 från

174 779 331 53 gevärsfaktoriet.

308 828 419 51 Statsrådsprotokollet
760 825 108 37 öfver
896 819 445 41 landtförsvarsärenden
1370 817 71 35 den
1470 816 46 34 26
1546 826 100 23 mars
1679 812 97 35 1909

176 885 211 37 innehåller
426 882 161 37 rörande
630 880 123 36 denna
794 875 283 46 framställning
1118 871 168 49 följande
1327 866 178 52 yttrande
1539 866 40 34 af
1605 864 172 48 departe-

177 936 275 38 mentschefen:

307 988 86 37 »Uti
434 984 238 48 underdånig
713 980 199 38 skrifvelse
954 979 72 35 den
1069 980 22 32 4
1132 974 190 37 nästlidne
1364 970 164 37 februari
1564 969 68 35 har
1661 967 119 36 armé-

177 1041 307 46 förvaltningens
526 1035 433 48 artilleridepartement,
990 1029 94 37 efter
1112 1025 282 47 framställning
1423 1022 40 36 af
1489 1028 291 42 styresmannen

177 1094 60 36 för
265 1093 93 36 Karl
387 1089 157 39 Gustafs
573 1088 104 36 stads
697 1083 294 51 gevärsfaktori,
1012 1079 194 38 hemställt
1227 1091 60 23 om
1308 1074 235 38 utverkande
1564 1072 40 36 af
1619 1070 161 50 pension

179 1148 38 34 åt
244 1142 291 39 nedannämnda
563 1139 277 37 arbetsförmän
861 1135 72 36 och
953 1134 170 36 arbetare
1143 1131 64 36 vid
1228 1129 189 44 faktoriet,
1438 1126 129 36 hvilka
1586 1126 49 46 på
1655 1121 125 50 grund

179 1197 41 36 af
244 1197 80 47 hög
351 1192 252 40 lefnadsålder
631 1191 71 36 och
730 1188 202 48 mångårig
961 1183 232 47 anställning
1222 1186 97 31 samt
1344 1178 186 37 därunder
1551 1173 231 50 ådagalagdt

179 1248 192 37 hedrande
399 1244 236 51 uppförande
665 1246 143 32 ansetts
838 1240 91 35 böra
957 1238 151 35 komma
1137 1235 11 35 i
1178 1231 222 50 åtnjutande
1429 1230 40 35 af
1485 1228 116 37 sådan
1620 1228 161 44 förmån,

179 1300 210 47 nämligen:

313 1350 35 48 1)
391 1350 131 35 filaren
563 1347 137 44 Alfred
745 1343 204 42 Grönlund,
993 1353 92 31 som,
1121 1337 92 37 född
1242 1337 74 35 den
1347 1336 44 34 16
1422 1331 214 51 september
1667 1330 110 45 1844,

181 1404 84 36 från
307 1403 73 36 den
422 1403 45 34 26
503 1398 159 38 oktober
693 1398 97 34 1872
820 1394 97 36 varit
947 1391 161 37 anställd
1136 1389 65 36 vid
1229 1387 192 45 faktoriet,
1450 1397 87 23 men
1565 1382 116 37 sedan
1710 1381 72 35 den

182 1457 47 35 20
271 1455 75 48 maj
394 1454 94 35 1907
531 1450 99 37 varit
671 1449 225 46 oförmögen
940 1445 55 35 till
1033 1443 128 36 arbete
1190 1444 48 45 på
1266 1438 124 50 grund
1420 1437 42 35 af
1485 1434 157 38 kronisk
1671 1433 112 47 lung-

183 1507 176 50 sjukdom
388 1505 71 37 och
487 1502 252 43 orkeslöshet;

313 1558 37 47 2)
382 1554 386 49 verktygsarbetaren
802 1551 87 35 Carl
915 1550 124 35 Johan
1067 1547 223 41 Lindström,
1321 1541 165 45 hvilken,
1516 1538 90 37 född
1636 1538 72 35 den
1738 1537 47 34 23

183 1610 217 50 september
432 1609 95 35 1839
557 1606 70 36 och
657 1603 161 37 anställd
847 1601 64 36 vid
950 1598 176 38 faktoriet
1155 1596 115 36 sedan
1299 1595 73 35 den
1403 1595 17 33 1
1452 1592 95 48 april
1581 1591 107 42 1868,
1718 1601 68 22 nu-

184 1676 104 22 mera
329 1665 49 45 på
412 1659 125 50 grund
568 1658 40 35 af
633 1656 103 48 dålig
764 1654 125 36 hörsel
918 1652 71 36 och
1018 1648 256 48 nervsvaghet
1303 1658 90 23 vore
1422 1644 119 47 enligt
1568 1640 220 47 läkarintyg

185 1714 226 47 oförmögen
439 1717 53 30 att
520 1712 48 46 på
595 1704 350 40 tillfredsställande
975 1707 75 31 sätt
1079 1701 110 35 sköta
1218 1698 65 36 sitt
1313 1697 144 42 arbete;

317 1764 37 47 3)
398 1760 348 39 maskinarbetaren
794 1757 88 35 Carl
927 1756 116 35 Oskar
1091 1751 211 42 Vikstrand,
1344 1746 166 46 hvilken,
1544 1744 91 36 född
1664 1743 73 35 den
1766 1744 21 34 3

186 1816 207 37 november
437 1815 109 44 1839,
588 1811 98 36 varit
728 1807 161 38 anställd
930 1806 63 36 vid
1028 1803 179 37 faktoriet
1236 1805 123 32 såsom
1388 1799 147 35 förman
1565 1796 58 36 för
1650 1794 139 36 brand-

187 1869 69 36 och
284 1866 317 37 vattenvakterna
630 1863 83 35 från
742 1860 158 37 oktober
928 1856 138 38 månad
1096 1858 39 33 år
1167 1855 96 35 1878
1294 1852 55 36 till
1375 1851 72 35 den
1469 1852 20 32 2
1510 1847 158 38 oktober
1691 1847 97 34 1899

187 1921 71 36 och
301 1919 164 35 därefter
507 1920 122 32 såsom
674 1911 334 45 maskinarbetare,
1051 1921 87 22 men
1180 1919 51 22 nu
1271 1904 120 47 enligt
1432 1900 226 48 läkarbetyg
1701 1910 89 23 vore

187 1971 152 37 lidande
369 1970 40 35 af
433 1969 136 36 döfhet
597 1966 68 36 och
694 1965 101 49 yrsel
824 1968 100 31 samt
952 1964 47 46 på
1028 1958 126 49 grund
1183 1957 111 36 däraf
1318 1953 145 37 mindre
1493 1951 204 49 tjänstbar;

319 2022 36 46 4)
386 2022 223 35 förmannen
637 2019 74 34 Per
738 2017 97 34 Erik
863 2015 223 39 Andersson,
1116 2009 90 36 född
1236 2009 73 34 den
1341 2008 44 33 19
1411 2003 152 49 januari
1594 2004 95 33 1831
1721 2000 71 36 och

189 2074 162 38 anställd
380 2072 63 36 vid
472 2070 179 37 faktoriet
679 2068 116 35 sedan
825 2069 40 32 år
901 2066 111 41 1843;

322 2125 35 49 5)
387 2125 224 35 förmannen
639 2120 148 34 Anders
811 2117 192 44 Engblom,
1026 2112 89 37 född
1137 2112 69 35 den
1232 2112 42 33 11
1298 2121 100 23 mars
1422 2109 94 33 1831
1539 2105 70 36 och
1630 2101 162 39 anställd

190 2178 63 36 vid
283 2176 178 38 faktoriet
490 2173 115 37 sedan
635 2171 73 35 den
739 2171 45 33 18
815 2167 72 47 maj
922 2167 115 42 1850;

323 2229 35 47 6)
400 2227 127 37 filaren
571 2224 122 36 Johan
742 2221 150 35 Vilhelm
935 2218 190 43 Hallgren,
1167 2213 89 36 född
1294 2212 70 35 den
1397 2212 41 34 17
1472 2208 91 50 april
1597 2209 96 34 1834
1723 2204 70 37 och

192 2280 161 37 anställd
382 2280 62 36 vid
475 2275 174 38 faktoriet
678 2273 117 36 sedan
820 2270 69 48 juli
921 2268 132 36 månad
1086 2270 39 32 år
1156 2267 114 41 1861;
