2236 2616
181 238 101 25 Motion
302 246 62 23 ang.

190 274 112 30 pension
321 273 29 24 åt

173 310 197 23 vaktmästaren

185 344 32 25 F,
235 344 31 25 L.
284 344 81 24 Fors.

188 380 72 30 bergs
279 380 79 25 änka.

201 769 139 24 Utskottets

206 805 134 30 yttrande.

232 1296 69 28 Ang.

187 1331 113 29 pension
320 1326 26 27 åt

219 1365 96 30 aflidne

194 1400 147 30 professorn

172 1434 27 25 S.
220 1436 30 22 4.
269 1435 95 30 Lager-

178 1477 75 23 grens
270 1470 79 26 änka.

219 1505 94 47 [29.]

437 159 63 33 248
912 158 232 31 Statsutskottets
1171 157 156 32 Utlåtande
1353 157 59 31 N:o
1438 157 50 32 11.

524 237 101 50 53:0)
653 237 66 39 Uti
747 251 46 24 en
822 237 105 36 inom
957 237 128 36 Andra
1113 236 232 36 Kammaren
1369 235 114 37 väckt
1509 234 156 48 motion,
1696 246 62 23 n:o
1781 234 85 47 168,
1887 232 118 38 hafva

395 289 132 37 herrar
559 292 38 35 J.
627 292 178 45 Hellgren
834 289 71 36 och
936 290 36 35 S.
1002 290 50 35 H.
1081 288 247 36 Kvarnegelius
1357 286 211 50 föreslagit,
1598 291 54 31 att
1679 284 223 49 Riksdagen
1916 284 88 37 ville

394 342 158 48 besluta,
597 347 57 32 att
694 341 145 38 tilldela
881 341 124 36 änkan
1047 340 96 37 efter
1172 339 137 37 aflidne
1337 339 288 36 vaktmästaren
1653 337 41 38 F.
1725 336 42 37 L.
1798 336 205 49 Forsberg,

394 395 186 36 Karolina
622 396 179 44 Forsberg
829 393 13 36 i
872 392 216 47 Sundsvall,
1118 396 53 32 ett
1200 391 114 48 årligt
1342 391 209 37 understöd
1580 390 41 36 af
1646 390 75 36 300
1750 388 142 37 kronor
1921 388 83 37 från

394 446 69 37 och
492 447 86 36 med
608 449 41 34 år
679 447 97 36 1910
806 450 99 32 samt
933 450 55 31 att
1015 444 221 48 Riksdagen
1264 446 118 33 måtte
1403 442 233 49 bemyndiga
1655 441 145 49 Kungl.
1822 441 108 49 Maj:t
1950 444 54 32 att

393 498 42 36 af
458 498 248 49 tillgängliga
733 498 122 36 medel
884 497 58 36 till
970 496 182 37 Karolina
1181 495 191 49 Forsberg
1391 494 169 37 utbetala
1580 499 54 31 ett
1652 493 78 37 lika
1749 497 97 32 stort
1865 492 138 49 belopp

392 551 60 36 för
482 552 108 36 1909.

520 602 244 38 Beträffande
806 601 46 37 de
893 602 58 36 till
993 601 85 37 stöd
1116 601 58 36 för
1202 600 331 48 framställningen
1565 598 160 38 anförda
1753 597 83 37 skäl
1865 596 139 37 tillåter

394 655 60 48 sig
481 655 189 36 utskottet
697 659 57 32 att
781 653 163 37 hänvisa
971 653 57 37 till
1058 653 203 36 motionen.

523 760 147 37 Hittills
712 760 107 37 torde
849 759 33 49 ej
914 759 117 36 hafva
1058 757 258 45 förekommit,
1346 761 56 32 att
1430 756 221 48 Riksdagen
1678 754 160 49 beviljat
1866 753 137 37 under-

394 813 85 36 stöd
521 815 37 34 åt
600 813 120 36 änkor
761 812 95 36 efter
893 811 260 37 vaktmästare
1181 809 64 37 vid
1274 809 193 36 allmänna
1494 807 184 37 läroverk.
1734 806 87 37 Med
1850 805 154 49 hänsyn

394 864 56 36 till
489 864 45 37 de
562 865 283 36 konsekvenser
874 863 63 37 det
965 863 121 36 skulle
1114 862 130 36 kunna
1271 861 184 46 medföra,
1486 860 126 36 därest
1641 858 210 37 understöd
1881 858 123 47 enligt

392 916 301 37 motionärernas
736 915 264 50 föreliggande
1042 914 147 48 förslag
1230 913 41 36 af
1295 912 223 49 Riksdagen
1545 910 226 50 beviljades,
1802 922 113 24 anser
1943 909 61 48 sig

390 968 187 37 utskottet
605 968 93 37 böra
727 968 171 49 afstyrka
926 967 202 37 motionen.

519 1020 198 38 Utskottet
745 1019 220 37 hemställer
994 1018 121 47 alltså,

925 1129 55 31 att
1025 1123 131 36 herrar
1197 1121 207 48 Hellgrens
1446 1118 70 38 och
1558 1118 263 37 Kvarnzelius”
1863 1117 141 49 ifråga-

791 1175 167 37 varande
987 1174 144 37 motion
1160 1173 82 37 icke
1270 1175 62 34 må
1362 1172 40 36 af
1427 1170 221 49 Riksdagen
1676 1169 162 37 bifallas.

523 1280 104 51 54:0)
666 1281 66 38 Uti
773 1279 125 51 punkt
939 1281 46 35 29
1028 1278 121 37 under
1177 1277 129 37 tionde
1336 1275 260 38 hufvudtiteln
1624 1274 70 36 har
1721 1273 142 50 Kungl.
1893 1274 110 49 Maj:t

393 1334 197 49 föreslagit
630 1333 221 48 Riksdagen
895 1331 195 49 medgifva
1130 1335 55 32 att
1226 1330 59 36 för
1323 1328 139 37 aflidne
1490 1327 152 36 läraren
1670 1326 12 36 i
1710 1325 294 50 orgelspelning

392 1386 65 37 vid
497 1385 250 38 musikaliska
789 1384 235 46 akademien,
1067 1382 221 50 professorn
1319 1380 103 38 Sven
1450 1379 152 48 August
1630 1378 245 48 Lagergrens
1904 1377 99 36 änka

391 1440 123 45 Jenny
556 1438 189 37 Mathilda
786 1438 224 44 Lagergren,
1053 1434 92 36 född
1181 1432 266 48 Fredriksson,
1477 1436 97 32 samt
1602 1429 260 50 minderåriga
1891 1434 113 32 söner

395 1491 93 37 Sven
528 1492 124 35 Johan
695 1489 70 37 och
812 1489 111 36 Gösta
964 1489 146 45 August
1138 1488 61 34 må
1228 1488 20 33 å
1277 1485 192 36 allmänna
1496 1482 387 49 indragningsstaten
1917 1481 86 36 från

392 1543 70 36 och
503 1542 87 37 med
633 1545 40 33 år
716 1541 97 37 1909
855 1539 184 50 uppföras
1074 1543 55 31 ett
1158 1537 115 49 årligt
1300 1536 140 50 belopp
1469 1535 60 37 för
1557 1535 126 36 änkan
1711 1534 225 48 Lagergren
1965 1532 41 37 af

392 1596 74 35 500
508 1595 143 36 kronor
692 1593 70 37 och
805 1592 58 37 för
905 1591 186 37 hvardera
1127 1590 42 36 af
1192 1594 163 32 sönerna
1385 1588 42 36 af
1454 1588 70 36 125
1553 1587 142 36 kronor
1725 1590 55 31 att
1808 1587 106 47 utgå,
1943 1584 59 37 för

391 1647 73 36 den
505 1645 275 48 förstnämnda,
823 1647 41 34 så
905 1644 115 48 länge
1056 1642 77 36 hon
1161 1641 13 37 i
1203 1642 65 36 sitt
1295 1639 223 38 nuvarande
1546 1637 213 38 änkestånd
1788 1636 214 49 förblifver,

391 1696 70 40 och
490 1699 59 36 för
577 1699 47 36 de
654 1698 97 37 båda
778 1696 250 45 sistnämnda,
1058 1694 100 37 intill
1186 1693 85 37 dess
1300 1693 47 36 de
1375 1693 164 49 uppnått
1570 1692 45 35 18
1646 1693 60 34 års
1735 1689 116 37 ålder.

521 1748 425 50 Statsrådsprotokollet
993 1747 107 37 öfver
1142 1743 411 39 ecklesiastikärenden
1592 1742 73 37 den
1708 1743 48 35 23
1800 1741 202 37 december

393 1805 97 35 1908
518 1802 208 37 innehåller
754 1802 131 35 härom
914 1799 168 49 följande
1110 1797 180 50 yttrande
1318 1796 44 37 af
1386 1793 438 52 departementschefen:

522 1855 104 36 »Hos
668 1854 120 36 Eders
830 1851 143 50 Kungl.
1003 1850 109 48 Maj:t
1132 1849 68 37 har
1228 1848 249 37 musikaliska
1505 1846 222 37 akademien
1754 1845 13 36 i
1797 1845 202 37 skrifvelse

390 1907 72 36 den
493 1909 43 34 17
568 1905 213 51 september
812 1906 98 35 1908
940 1903 169 47 anhållit,
1139 1907 55 31 att
1221 1901 120 36 Eders
1370 1900 143 48 Kungl.
1537 1898 106 49 Maj:t
1658 1897 147 37 täcktes
1820 1897 58 36 till
1900 1898 98 36 1909

389 1961 60 34 års
491 1959 176 47 Riksdag
707 1963 95 43 göra
836 1954 285 49 framställning
1158 1967 61 23 om
1246 1952 217 49 beviljande
1491 1951 42 36 af
1557 1964 47 23 en
1633 1950 98 48 årlig
1756 1951 157 45 pension
1941 1948 58 37 till

389 2010 137 50 belopp
568 2011 42 36 af
652 2011 111 45 1,000
790 2009 142 36 kronor
973 2010 38 33 åt
1052 2006 219 49 professorn
1314 2004 103 37 Sven
1448 2004 150 47 August
1626 2002 244 48 Lagergrens
1899 2001 100 36 änka

387 2064 124 45 Jenny
539 2064 190 36 Mathilda
756 2063 223 44 Lagergren,
1004 2059 101 44 född
1132 2059 256 35 Fredriksson.

518 2115 56 36 Af
598 2113 199 38 företedda
825 2116 124 46 präst-
977 2111 70 37 och
1071 2109 227 49 läkarbetyg
1314 2113 100 31 samt
1429 2105 571 52 bouppteckningsinstrument

389 2166 12 37 i
430 2171 213 32 transsumt
669 2166 203 47 inhämtas,
904 2168 54 32 att
986 2162 126 37 änkan
1140 2162 234 48 Lagergren,
1405 2172 81 24 som
1516 2158 85 37 med
1630 2158 61 37 sin
1719 2155 174 39 bemälde
1908 2168 91 24 man

394 2218 96 38 hade
517 2220 65 34 två
611 2223 111 32 söner
751 2216 104 38 Sven
890 2215 137 47 Johan,
1057 2213 93 38 född
1178 2213 72 37 den
1279 2215 23 33 4
1331 2211 87 50 juni
1449 2212 110 46 1894,
1589 2210 72 37 och
1690 2208 122 39 Gösta
1831 2207 167 49 August,

392 2270 90 38 född
511 2269 74 37 den
615 2272 49 34 24
692 2269 205 37 november
928 2268 109 47 1896,
1066 2278 93 25 vore
1186 2265 91 37 född
1307 2264 74 37 den
1409 2265 46 35 18
1471 2262 207 37 november
1695 2262 99 36 1862
1811 2259 73 38 och
1899 2260 101 36 änka
