2128 2517
119 2092 202 33 Angåendean-

130 2127 58 32 slag
206 2128 45 31 för
268 2128 42 25 in-

135 2162 127 25 rättande
280 2163 35 31 af

119 2204 33 17 en
169 2195 90 32 fabrik
277 2198 45 30 för

116 2229 125 33 röksvagt
251 2231 71 26 krut.

170 2266 92 46 [18.]

404 158 44 30 26
830 162 257 34 Statsutskottets
1120 166 174 32 Utlåtande
1321 169 65 31 N:o
1415 172 27 29 5.

350 236 160 38 anledda
551 239 245 49 nedsättning
834 242 83 36 med
949 245 162 45 200,000
1140 246 140 38 kronor
1307 248 12 36 i
1348 249 63 36 det
1438 250 42 35 af
1502 248 434 59 genueralfälttygmästa-

349 301 69 22 ren
445 289 59 35 för
532 290 110 36 hvart
672 293 71 35 och
772 298 55 30 ett
855 294 41 35 af
921 297 87 33 åren
1055 298 95 34 1893
1181 299 70 35 och
1284 302 96 33 1894
1409 301 222 52 ifrågasatta
1659 305 116 48 årliga
1802 308 134 48 anslag

349 339 59 36 för
436 341 242 49 anskaffning
719 344 41 36 af
785 345 527 48 mobiliseringsammunition
1340 352 95 36 hade
1465 353 225 49 visserligen
1719 358 141 37 tanken
1888 362 48 46 på

349 404 46 22 en
439 392 116 36 sådan
595 393 108 49 plans
746 396 307 49 förverkligande
1095 403 96 34 måst
1231 403 220 48 uppgifvas;
1495 419 86 22 men
1622 409 313 49 generalfälttyg-

348 447 192 32 mästaren
568 445 96 37 hade
694 452 126 30 ansett
848 451 59 45 sig
936 449 110 36 deraf
1072 452 132 36 endast
1232 453 114 37 hafva
1375 455 70 36 fått
1473 459 40 33 så
1542 458 151 48 mycket
1721 465 120 32 större
1870 476 63 22 an-

348 494 157 49 ledning
546 501 54 31 att
633 511 60 33 nu,
723 499 87 35 med
837 500 220 49 ytterligare
1086 503 215 38 betonande
1331 505 43 37 af
1396 507 131 48 vigten
1556 509 111 36 deraf
1690 516 55 30 att
1771 514 164 36 nämnda

349 545 117 37 behof
505 554 148 30 snarast
694 549 182 50 möjligen
905 552 125 38 blefve
1060 554 108 48 fyldt,
1197 556 135 49 förnya
1361 557 55 36 sin
1446 559 224 37 hemställan
1697 562 11 34 i
1737 562 107 49 fråga
1874 578 57 22 om

349 596 103 37 detta
480 599 144 48 anslag.

451 649 74 37 Det
555 650 144 50 förslag
727 666 60 22 om
816 655 244 37 anskaffande
1090 657 41 35 af
1155 671 74 36 nya
1258 659 288 51 eldhandvapen
1574 663 60 36 för
1666 665 139 46 armén,
1839 666 94 37 hvil-

348 700 64 37 ket
438 703 492 49 generalfälttygmästaren
960 707 195 48 framstält,
1185 710 114 48 gåfve
1328 712 206 47 dessutom,
1565 714 118 49 enligt
1706 716 95 36 hans
1821 717 111 49 åsigt,

347 752 59 36 för
434 752 118 49 öfrigt
580 759 53 30 ett
660 755 221 49 ytterligare
915 759 85 35 stöd
1020 760 58 35 för
1097 773 47 22 nu
1164 761 290 48 ifrågavarande
1474 765 334 50 anslagsbegäran,
1830 774 101 42 enär,

347 816 60 23 om
450 817 142 24 samma
634 806 144 49 förslag
819 809 41 35 af
897 809 138 48 Kongl.
1077 811 103 49 Maj:t
1208 814 69 35 och
1306 814 218 48 Riksdagen
1553 817 170 49 gillades,
1753 821 179 36 ammuni-

345 854 278 48 tionsanslaget
662 861 119 34 måste
823 860 164 36 fördelas
1029 865 47 46 på
1113 866 62 33 två
1203 865 171 37 kalibrar.
1437 863 495 60 Generalfälttygmästaren

346 906 95 37 hade
470 907 138 47 derför,
638 910 84 35 med
756 911 183 47 anmälan,
975 917 53 32 att
1056 914 58 36 för
1143 915 45 36 de
1217 917 122 36 medel
1367 917 55 36 till
1450 920 243 37 anskaffande
1722 923 40 35 af
1787 923 144 36 mobili-

346 958 406 48 seringsammunition,
796 976 80 22 som
921 965 95 35 1893
1055 968 58 33 års
1146 966 169 50 Riksdag
1342 972 48 45 på
1417 975 105 31 extra
1551 976 75 31 stat
1652 973 165 49 beviljat,
1845 975 87 36 krut

345 1009 69 36 och
443 1011 242 47 patrondelar
726 1013 55 35 till
821 1015 218 47 ytterligare
1079 1019 200 45 7,500,000
1318 1021 157 47 stycken
1505 1022 137 48 skarpa
1669 1030 176 42 patroner
1872 1027 60 36 för

349 1062 198 35 1867—389
590 1065 59 34 års
685 1069 118 43 govär
839 1066 124 36 blifvit
994 1067 170 38 bestälda
1193 1070 69 36 och
1292 1076 54 31 att
1374 1085 43 23 en
1449 1073 60 36 del
1536 1074 41 35 af
1602 1074 45 36 de
1676 1076 170 37 bestälda
1874 1091 56 23 ar-

344 1112 160 36 tiklarna
532 1115 114 35 redan
674 1115 217 48 levererats,
922 1118 177 37 hemstält
1126 1125 53 32 att
1201 1121 138 49 Kongl.
1360 1124 105 48 Maj:t
1484 1128 114 33 måtte
1617 1127 56 35 till
1692 1123 240 59 anskaffning

344 1163 41 36 af
409 1164 529 48 mobiliseringsammunition
979 1170 76 36 för
1036 1159 24 59 -
1074 1172 286 51 eldhandvapen
1397 1176 41 35 af
1460 1176 220 48 Riksdagen
1708 1178 140 48 begära
1877 1186 54 31 ett

344 1214 135 48 anslag
505 1220 48 44 på
581 1223 105 30 extra
714 1225 76 29 stat
819 1220 58 36 för
906 1224 39 32 år
975 1224 95 34 1895
1102 1223 41 36 af
1170 1226 200 46 1,000,000
1400 1227 150 36 kronor.

448 1267 430 49 Departementschefen
922 1273 127 48 funne,
1096 1274 11 36 i
1148 1274 118 38 likhet
1306 1278 87 35 med
1425 1280 502 52 generalfälttygmästaren,

345 1319 180 47 önskligt,
570 1325 53 30 att
664 1322 287 50 anskaffningen
986 1325 41 36 af
1051 1326 525 51 mobiliseringsammunition
1606 1335 40 33 så
1674 1334 80 35 vidt
1777 1334 152 48 möjligt

344 1370 276 49 påskyndades,
663 1386 86 23 men
791 1379 141 45 ansåge
973 1376 60 48 sig
1074 1378 97 36 dock
1203 1379 42 36 af
1270 1382 195 36 enahanda
1493 1383 93 44 skäl,
1617 1397 80 24 som
1725 1385 75 36 han
1827 1386 102 36 förut

343 1421 118 36 under
488 1423 174 49 anslaget
688 1424 54 36 till
773 1426 241 50 anskaffning
1049 1429 40 36 af
1115 1430 288 50 eldhandvapen
1431 1434 190 49 åberopat,
1650 1436 196 36 nödsakad
1874 1443 55 30 att

342 1472 223 48 ifrågasätta
592 1478 125 45 någon
746 1477 219 50 minskning
992 1480 12 35 i
1032 1481 63 36 det
1122 1482 41 35 af
1187 1484 486 49 generalfälttygmästaren
1705 1488 57 36 för
1789 1488 139 47 ifråga-

343 1525 165 35 varande
537 1526 171 37 ändamål
736 1528 167 49 begärda
931 1531 149 48 anslag;
1112 1533 70 36 och
1211 1540 131 43 syntes
1370 1536 140 37 honom
1538 1538 118 36 under
1685 1540 139 36 sådana
1853 1541 74 36 för-

342 1575 203 38 hållanden
585 1578 174 49 anslaget
799 1581 127 36 kunna
966 1583 59 36 för
1066 1586 40 33 år
1150 1586 95 36 1895
1275 1590 90 44 utgå
1394 1589 83 36 med
1507 1602 144 24 samma
1678 1590 137 50 belopp
1845 1606 80 22 som

343 1626 59 37 för
430 1627 254 39 imnevarande
713 1634 50 33 år.

443 1679 208 48 Utskottet,
695 1695 81 23 som
817 1683 83 36 icke
942 1685 80 36 haft
1061 1689 116 46 något
1217 1694 102 31 emot
1356 1690 137 49 Kongl.
1524 1691 125 51 Maj:ts
1679 1694 247 36 förevarande

342 1730 280 51 framställning
648 1738 54 31 att
730 1734 134 48 erinra,
892 1736 228 49 hemställer,

841 1843 65 42 att,
941 1839 6 35 i
983 1839 118 38 likhet
1134 1842 85 35 med
1248 1842 98 38 hvad
1375 1844 59 36 för
1462 1847 39 33 år
1533 1847 97 35 1894
1659 1852 65 42 egt
1751 1861 92 34 rum,
1874 1854 54 31 ett

737 1889 139 48 belopp
918 1890 42 35 af
985 1893 162 45 800,000
1175 1893 141 38 kronor
1343 1898 60 33 må
1429 1899 48 45 på
1505 1902 106 30 extra
1640 1903 72 31 stat
1738 1899 61 35 för
1829 1901 97 36 1895

737 1940 149 37 anvisas
932 1942 59 36 för
1040 1944 238 50 anskaffning
1322 1947 43 36 af
1400 1948 528 49 mobiliseringsammunition

738 1992 55 35 till
823 1989 296 59 eldhandvapen.

445 2093 95 34 20:0.
596 2092 17 35 I
655 2093 167 48 enlighet
863 2096 84 36 med
990 2097 136 49 Kongl.
1169 2099 125 48 Maj:ts
1329 2101 129 37 derom
1487 2103 136 48 gjorda
1651 2104 277 50 framställning

340 2140 57 36 får
436 2142 193 47 utskottet,
672 2158 81 24 som
795 2147 41 35 af
861 2149 414 49 statsrådsprotokollet
1303 2151 82 49 (sid.
1415 2153 62 49 43)
1504 2154 194 49 inhemtat,
1728 2161 54 31 att
1804 2157 123 49 sedan

343 2194 96 34 1893
469 2196 59 34 års
557 2195 179 50 Riksdag,
767 2201 47 45 på
841 2198 137 49 Kongl.
1010 2201 124 47 Maj:ts
1164 2202 156 47 förslag,
1342 2206 66 46 för
1435 2207 232 48 uppförande
1694 2209 61 34 vid
1774 2209 96 35 Åker
1885 2211 46 47 af

341 2257 39 22 en
415 2245 125 46 fabrik
574 2249 64 47 för
680 2249 223 49 tillverkning
945 2253 46 47 af
1026 2254 164 48 röksvagt
1229 2255 82 36 krut
1346 2256 154 49 beviljat
1529 2264 55 29 ett
1612 2264 105 31 extra
1746 2260 133 47 anslag
1907 2264 20 33 å
