2115 2515
380 157 40 31 58
832 162 262 35 Statsutskottets
1123 164 176 36 Utlåtande
1322 167 63 33 N:o
1407 170 27 30 5.

337 244 117 37 redan
481 246 47 36 då
556 246 154 38 dermed
737 249 114 37 hafva
879 249 161 38 bestridt
1066 251 288 51 ifrågavarande
1382 257 167 47 utgifter.
1606 257 72 37 Vid
1699 260 132 36 sådant
1850 261 74 37 för-

336 296 171 37 hållande
545 299 70 35 och
652 300 46 35 då
735 300 133 37 hinder
903 302 81 36 icke
1021 304 107 37 torde
1166 311 100 30 möta
1301 311 53 32 att
1381 307 74 37 låta
1484 308 85 37 med
1596 310 186 46 gäldande
1812 312 41 35 af
1877 314 46 36 de

335 347 275 39 förskotterade
635 350 186 50 beloppen
844 356 116 45 anstå,
980 353 56 37 till
1056 355 87 37 dess
1164 358 146 36 sådana.
1325 359 241 50 besparingar
1587 363 79 34 åter
1684 362 238 51 uppkomma,

335 398 57 37 får
428 401 196 47 utskottet,
659 416 79 23 som
768 404 118 36 under
912 406 121 47 punkt
1063 410 83 33 17:o
1176 404 67 40 här
1270 410 113 36 ofvan
1411 411 210 49 föreslagit,
1651 418 53 31 att
1731 413 192 50 besparin-

333 463 120 35 garna
489 455 20 33 å
544 453 174 49 anslaget
753 455 59 36 för
839 455 241 51 tillämpning
1106 459 41 36 af
1171 473 74 36 nya
1272 462 347 50 värnpligtslagens
1650 465 235 38 föreskrifter
1911 468 12 35 i

333 502 108 49 frågå
482 516 60 24 om
580 505 45 36 de
662 506 277 50 värnpligtiges
975 509 230 51 inskrifning
1242 512 70 36 och
1348 514 247 49 redovisning
1628 530 46 21 m.
1705 530 46 23 m.
1781 520 59 33 må
1867 518 56 36 till

333 559 56 31 ett
428 554 139 51 belopp
608 557 41 36 af
686 560 138 45 53,000
865 560 140 37 kronor
1045 563 191 36 användas
1274 564 60 37 för
1370 578 141 25 samma
1540 566 170 39 ändamål
1738 569 118 36 under
1884 572 39 33 år

338 607 108 47 1895,
474 607 210 49 hemställa,

833 684 55 31 att
928 680 138 48 Kongl.
1101 681 125 50 Maj:ts
1259 683 247 39 förevarande
1534 686 278 50 framställning
1839 688 81 37 icke

730 733 59 33 må
818 731 40 35 af
881 731 217 50 Riksdagen
1126 734 157 37 bifallas.

435 811 220 39 Stockholm
684 815 72 36 den
786 818 46 34 27
863 816 162 38 februari
1051 820 108 35 1894.

844 971 52 36 På
924 973 302 37 statsutskottets
1255 979 158 44 vägnar:

910 1073 200 39 GUSTAF
1140 1076 204 38 SPARRE.

973 1387 297 35 Reservationer:

431 1483 61 34 vid
514 1484 118 46 punkt
658 1484 58 36 3:o
744 1499 103 22 mom.
876 1487 33 46 e)
941 1486 209 49 (angående
1178 1489 197 49 ifrågasatt
1403 1491 144 49 ökning
1565 1493 41 36 af
1623 1493 292 50 dagaflöningen

328 1532 58 36 för
413 1532 193 50 korpraler
636 1535 69 36 och
733 1536 81 37 vice
843 1538 225 50 korpraler):

430 1584 43 36 af
500 1586 87 36 herr
623 1586 36 38 C.
689 1588 43 36 E.
766 1588 233 49 Casparsson,
1029 1604 80 24 som
1136 1593 122 47 yrkat,
1288 1598 55 32 att
1370 1595 185 36 utskottet
1583 1599 113 33 måtte
1725 1596 190 49 tillstyrka

327 1634 104 37 bifall
459 1636 58 36 till
544 1638 73 36 den
644 1639 13 35 i
685 1643 127 33 ämnet
839 1642 135 36 väckta
1003 1643 205 47 motionen;

430 1688 41 35 af
508 1688 86 38 herr
629 1691 45 36 BR.
717 1691 41 36 G.
787 1706 68 23 von
883 1694 207 49 Hedenberg
1119 1701 77 31 mot
1224 1696 73 36 den
1327 1697 40 36 af
1393 1698 185 36 utskottet
1608 1700 170 36 använda
1806 1700 107 36 moti-

328 1751 150 36 vering;
1862 1794 3 4 |

430 1809 61 35 vid
512 1811 120 45 punkt
657 1811 59 36 4:0
745 1811 212 48 (angående
986 1813 174 49 anslaget
1187 1814 57 36 till
1273 1815 64 36 det
1364 1816 82 37 icke
1469 1817 298 48 garnisonerade
1787 1818 126 37 kaval-

325 1857 127 38 leriets
480 1859 324 52 befälsaflöning):

429 1911 41 36 af
494 1911 88 37 herr
613 1912 38 37 C.
680 1914 44 35 E.
758 1914 243 49 Casparsson;

428 1981 61 34 vid
524 1982 118 46 punkt
682 1982 49 36 13
770 1997 103 22 mom.
916 1985 36 46 b)
997 1984 211 49 (angående
1250 1987 174 49 anslaget
1464 1988 57 36 till
1549 1989 74 36 ved
1651 1990 67 36 och
1748 1989 72 49 ljus
1849 1990 76 37 vid:

324 2029 207 50 fästnings-
561 2033 70 36 och
658 2034 335 50 garnisonsorter):

428 2083 40 36 af
492 2083 129 37 herrar
653 2084 36 49 C.
719 2087 43 35 E.
796 2086 222 49 Casparsson
1048 2088 70 36 och
1151 2089 39 37 O.
1219 2092 52 34 M.
1301 2091 268 49 Björnstjerna;

427 2153 61 35 vid
509 2153 120 47 punkt
655 2154 79 36 17:o
765 2154 207 49 (angående
1001 2157 133 48 anslag
1163 2158 58 36 för
1248 2158 241 50 tillämpning
1517 2160 42 36 af
1582 2173 75 36 nya
1684 2160 227 49 värnpligts-

323 2201 133 49 lagens
497 2204 237 41 föreskrifter
775 2206 11 35 i
827 2207 105 48 fråga
975 2221 60 23 om
1069 2208 46 36 de
1144 2210 274 49 värnpligtiges
1446 2212 232 49 inskrifning
1705 2213 70 36 och
1803 2212 107 37 redo-

323 2253 154 50 visning
504 2269 47 22 m.
581 2255 82 49 m.):
