2130 2515
417 172 46 31 24
848 175 258 33 Statsutskottets
1140 178 175 32 Utlåtande
1342 180 67 32 N:o
1439 183 27 29 5.

363 252 74 35 den
468 253 101 35 förut
600 254 59 36 för
686 268 46 22 en
761 255 161 37 division
950 257 155 48 angifna
1132 258 212 38 kostnaden
1372 274 111 23 anses
1511 262 61 35 väl
1598 263 72 48 låg.
1728 263 221 37 Sedermera

362 303 109 47 hade,
513 304 56 36 till
605 305 91 48 följd
730 307 41 35 af
796 308 72 35 den
896 308 233 37 förbättrade
1157 310 302 50 härordningens
1488 314 223 48 antagande,
1739 315 210 36 Norrlands

362 355 154 36 artilleri
555 357 211 37 utvecklats
803 358 57 36 till
894 365 53 30 ett
976 359 239 51 fullständigt
1242 368 237 42 regemente;
1509 365 70 36 och
1608 365 46 36 då
1682 366 123 36 dettas
1833 367 116 36 andra

362 407 161 36 division
563 408 150 36 komme
754 414 54 32 att
848 410 255 38 innevarande
1145 416 39 33 år
1223 413 148 50 inflytta
1411 416 12 34 i
1457 416 335 48 etablissementet,
1830 421 118 33 måste

362 458 123 36 medel
524 458 60 37 för
623 461 279 49 uppvärmning
936 463 70 35 och
1038 464 203 48 belysning
1268 466 115 36 äfven
1412 467 41 35 af
1478 467 45 36 de
1551 468 60 35 för
1638 468 121 36 denna
1787 469 161 37 division

361 509 157 37 afsedda
552 511 144 37 lokaler
724 512 169 37 beredas.
949 514 127 49 Några
1104 516 138 36 sådana
1268 530 91 24 vore
1389 518 96 36 dock
1513 519 32 48 ej
1575 520 187 45 anvisade,
1793 521 71 36 och
1892 524 56 33 så-

360 560 115 37 lunda
515 563 189 48 uppstode
744 564 57 36 till
836 566 96 48 följd
966 567 40 35 af
1036 567 209 37 Norrlands
1274 569 394 48 artilleriregementes
1697 572 250 48 uppsättande

361 613 119 36 under
520 614 253 38 innevarande
808 617 69 36 och
910 617 313 39 nästkommande
1251 620 391 49 bränningsterminer
1669 623 32 48 ej
1732 623 217 49 obetydliga

361 665 167 47 utgifter,
571 666 56 36 till
667 667 146 37 hvilkas
855 668 233 37 betäckande
1126 671 385 50 arméförvaltningen
1539 675 164 35 saknade
1733 675 213 48 tillgångar.

362 716 74 36 Det
464 722 131 42 syntes
616 718 126 37 derför
761 719 389 51 arméförvaltningen
1170 722 184 49 lämpligt,
1376 729 53 31 att
1452 725 82 36 hela
1556 726 70 35 den
1644 726 116 48 årliga
1775 727 172 47 kostnad,

360 767 152 36 hvartill
546 769 155 48 eldning
735 771 70 35 och
833 772 202 49 belysning
1063 773 41 36 af
1129 764 574 50 Östersunds-etablissementet
1730 778 126 36 kunde
1885 792 62 23 an-

360 824 109 42 tagas
510 820 150 37 komma
700 827 54 30 att
794 827 138 45 uppgå,
970 824 115 36 sedan
1121 825 208 38 detsamma
1362 827 223 37 fullbordats
1615 830 70 35 och
1712 836 237 41 regementet

362 870 79 36 deri
480 871 175 48 inflyttat,
689 872 144 38 hvilket
865 875 236 37 beräknades
1129 876 126 38 kunna
1283 892 72 34 ega
1383 893 81 21 rum
1494 880 80 37 före
1603 881 135 36 hösten
1768 884 39 33 år
1838 883 108 45 1895,

359 935 51 23 nu
425 922 309 48 tillgodokomme
754 925 247 37 förevarande
1022 927 144 49 anslag,
1190 929 68 36 och
1274 929 117 36 funne
1407 931 282 49 förvaltningen
1706 932 85 36 med
1808 932 140 37 fästadt

361 974 179 36 afseende
570 975 126 49 derpå,
725 981 54 31 att
807 977 212 37 Jemtlands
1048 979 221 49 långvariga
1298 987 99 30 samt
1424 981 98 37 kalla
1551 983 70 36 och
1650 984 129 35 mörka
1807 984 141 36 vintrar

360 1025 206 48 medförde,
602 1033 55 30 att
691 1028 374 48 cldningsterminen,
1096 1043 81 24 som
1205 1031 12 36 i
1243 1032 116 37 rikets
1389 1034 190 36 mellersta
1608 1036 68 35 och
1706 1035 111 36 södra
1846 1036 103 37 delar

361 1077 156 48 utginge
547 1078 73 36 den
649 1081 46 34 30
725 1080 104 48 april,
858 1081 11 35 i
897 1081 193 36 Jemtland
1118 1085 118 33 måste
1264 1085 215 36 utsträckas
1508 1086 112 37 äfven
1641 1087 56 35 till
1717 1088 72 48 maj
1814 1088 134 36 månad

362 1134 97 30 samt
501 1134 54 31 att
596 1130 140 36 antalet
775 1131 326 50 lysningstimmar
1141 1133 181 38 likaledes
1365 1139 119 33 måste
1526 1139 33 48 ej
1600 1138 210 49 obetydligt
1843 1139 103 47 ökas,

360 1180 288 47 ifrågavarande
690 1183 162 36 kostnad
894 1184 32 48 ej
970 1185 126 36 kunna
1130 1185 183 38 beräknas
1348 1188 58 35 till
1432 1188 105 48 lägre
1566 1189 138 49 belopp
1733 1195 47 31 än
1813 1192 134 45 12,500

359 1232 151 36 kronor.

464 1283 83 36 Den
578 1286 42 33 17
652 1283 88 37 Juni
771 1287 97 35 1893
896 1286 96 37 hade
1021 1287 140 48 Kongl.
1191 1289 105 47 Maj:t
1324 1290 246 50 bemyndigat
1598 1292 134 36 chefen
1759 1292 60 36 för
1843 1293 105 36 forti-

360 1334 205 38 fikationen
607 1340 54 31 att
701 1336 59 37 för
800 1337 46 36 de
889 1338 41 36 af
966 1338 219 49 Riksdagen
1220 1340 56 36 till
1312 1342 229 49 utvidgning
1569 1344 41 35 af
1635 1343 96 37 Svea
1758 1345 190 48 ingeniör-

361 1385 191 48 bataljons
582 1388 284 36 etablissement
894 1391 182 48 anslagna
1105 1391 120 36 medel
1253 1392 85 47 låta,
1369 1394 113 36 bland
1509 1400 125 41 annat,
1664 1396 122 36 utföra
1815 1410 47 22 en
1889 1397 60 36 för

361 1438 334 49 parkkompaniets
741 1440 291 48 inqvarterande
1075 1443 224 49 erforderlig
1339 1445 232 49 påbyggnad
1612 1447 41 36 af
1699 1448 248 47 fälttelegrai-

360 1490 238 48 kompaniets
626 1491 148 36 kasern.
831 1492 134 37 Denna
992 1494 229 48 påbyggnad
1251 1508 89 24 vore
1366 1511 155 23 numera
1539 1499 12 35 i
1571 1499 62 36 det
1653 1503 189 32 närmaste
1861 1499 83 36 full-

360 1540 143 37 bordad
545 1542 71 36 och
658 1542 118 36 delvis
819 1544 179 48 upplåten
1039 1545 58 36 till
1137 1547 163 36 nämnda
1337 1547 199 50 kompanis
1574 1550 248 48 begagnande
1852 1556 97 31 samt

360 1592 132 36 kräfde
535 1593 238 49 följaktligen
814 1595 156 49 eldning
1009 1598 71 35 och
1108 1597 202 49 belysning
1337 1599 57 36 till
1423 1613 46 24 en
1497 1601 41 36 af
1563 1602 382 48 arméförvaltningen

360 1643 56 36 till
460 1646 110 45 1,500
611 1646 140 36 kronor
794 1660 60 22 om
895 1651 79 33 året
1015 1649 192 36 beräknad
1242 1650 175 47 kostnad,
1452 1652 178 37 hvarmed
1659 1653 287 47 ifrågavarande

360 1695 134 49 anslag
536 1697 145 36 således
724 1697 149 38 komme
915 1704 54 31 att
1011 1700 118 36 under
1163 1703 86 34 åren
1280 1703 98 35 1894
1409 1704 70 35 och
1510 1706 96 34 1895
1634 1704 222 50 ytterligare
1884 1706 63 36 be-

359 1752 149 44 tungas.
564 1748 395 50 Arméförvaltningen
986 1751 98 36 hade
1114 1752 128 37 derför
1261 1753 191 49 hemstält,
1473 1760 54 32 att
1548 1757 136 48 Kongl.
1704 1757 108 47 Maj:t
1832 1760 114 33 måtte

360 1799 140 36 föreslå
540 1800 216 49 Riksdagen
799 1807 55 31 att
893 1802 89 49 höja
1021 1803 288 48 ifrågavarande
1338 1806 145 49 anslag,
1521 1821 48 22 nu
1603 1810 160 46 103,500
1792 1809 154 47 kronor,

361 1851 86 36 med
476 1851 276 49 sammanlagdt
782 1855 135 44 14,000
948 1855 141 36 kronor
1116 1856 56 35 till
1203 1858 162 45 117,500
1394 1858 150 37 kronor.

463 1902 193 50 Derjemte
699 1904 94 36 hade
836 1905 385 50 arméförvaltningen
1262 1910 48 45 på
1352 1909 94 47 skäl,
1485 1924 80 22 som
1593 1910 12 36 i
1633 1911 314 50 statsrådsproto-

360 1953 119 37 kollet
521 1955 83 48 (sid.
649 1955 62 48 28)
752 1956 121 37 finnas
916 1958 198 48 återgifna,
1158 1960 151 47 förnyat
1337 1961 59 36 sin
1425 1962 63 35 vid
1516 1963 229 47 föregående
1774 1963 173 37 tillfällen

359 2006 137 48 gjorda
529 2006 236 49 hemställan,
795 2014 54 30 att
877 2008 288 49 ifrågavarande
1194 2011 134 49 anslag
1356 2016 114 34 måtte
1498 2014 118 36 blifva
1644 2014 220 37 förändradt
1891 2015 55 36 till

361 2057 312 51 förslagsanslag.

463 2109 110 37 Hvad
601 2111 385 49 arméförvaltningen
1016 2113 155 37 sålunda
1199 2115 199 49 föreslagit
1425 2117 68 36 har
1529 2117 418 48 departementschefen

360 2166 126 32 ansett
514 2162 60 48 sig
601 2162 91 36 böra
719 2163 257 50 understödja.

464 2213 82 36 Den
573 2213 221 48 ifrågasatta
823 2216 192 48 ökningen
1044 2217 41 35 af
1110 2217 173 48 anslaget
1310 2231 90 23 vore
1430 2219 119 48 enligt
1578 2219 368 50 departementsche-

362 2264 83 36 fens
487 2265 154 48 mening
682 2279 44 23 en
768 2266 165 48 naturlig
969 2267 92 49 följd
1091 2268 41 36 af
1157 2269 44 36 de
1230 2269 62 36 vid
1325 2272 96 34 1892
1452 2273 57 34 års
1538 2272 135 36 urtima
1700 2272 157 48 riksdag
1883 2273 63 36 be-
