1928 2850
538 158 391 32 Konstitutionsutskottets
951 156 162 31 utlåtande
1136 156 53 30 Nr
1210 157 29 29 1.
1623 155 15 29 1

830 409 60 40 Nr
916 409 34 40 1.

523 507 117 28 Ankom
667 506 47 28 till
736 506 172 33 riksdagens
931 504 97 28 kansli
1050 506 55 25 den
1131 505 37 26 19
1192 503 129 28 februari
1345 503 78 27 1924
1448 501 38 28 kl.
1512 504 15 25 5
1552 511 24 17 e.
1601 511 40 17 m.

363 599 430 34 Konstitutionsutskottets
822 597 172 33 utlåtande
1021 599 12 30 i
1061 597 178 37 anledning
1268 607 39 21 av
1336 596 118 31 väckta
1483 596 156 30 motioner

585 661 51 21 om
655 649 180 32 beredande
852 660 40 20 av
910 649 183 36 ersättning
1112 649 33 30 åt
1163 647 196 31 innehavare
1375 657 39 20 av
1433 645 207 32 kommunala

586 699 341 39 förtroendeuppdrag
949 710 42 20 m.
1011 710 43 19 m.

187 811 68 33 Till
281 808 417 35 konstitutionsutskottets
725 808 255 38 handläggning
1005 807 87 32 hava
1117 806 172 32 hänvisats
1316 817 38 21 en
1380 806 12 32 i
1420 805 105 32 första
1550 804 90 32 kam-

145 875 111 20 maren
273 862 101 33 väckt
393 862 131 38 motion,
546 873 37 20 nr
604 861 51 37 52,
676 872 41 21 av
736 860 75 32 herr
830 859 192 38 Strömberg
1042 856 42 34 m.
1106 858 39 32 fl.
1167 858 57 32 och
1243 870 39 20 en
1302 857 11 32 i
1333 857 101 32 andra
1453 856 188 32 kammaren

144 913 100 33 väckt
263 913 132 38 motion,
416 925 39 20 nr
478 913 73 37 134,
572 924 41 20 av
633 912 76 32 herr
728 911 190 32 Andersson
939 910 11 31 i
970 909 158 38 Igelboda
1148 921 42 19 m.
1213 909 49 37 fl.,
1284 908 72 32 däri
1376 907 195 38 hemställts,
1593 910 48 28 att

145 965 177 37 riksdagen
345 964 103 31 måtte
471 966 122 34 antaga
614 962 62 32 här
697 962 104 31 nedan
824 961 139 37 intagna
983 960 127 37 förslag
1132 959 54 31 till

189 1015 57 38 lag
264 1026 50 20 om
334 1014 142 37 ändring
493 1014 12 31 i
523 1013 91 31 vissa
631 1012 90 32 delar
738 1023 41 20 av
798 1011 236 37 förordningen
1053 1021 50 20 om
1122 1008 329 38 kommunalstyrelse
1470 1008 44 37 på
1532 1007 111 32 landet

147 1065 61 32 den
226 1066 39 30 21
286 1076 86 20 mars
393 1064 95 37 1862,

190 1115 58 39 lag
264 1127 50 20 om
334 1114 142 39 ändring
493 1114 12 32 i
519 1113 90 32 vissa
627 1112 91 33 delar
735 1124 41 20 av
794 1111 235 38 förordningen
1046 1121 50 21 om
1114 1108 330 39 kommunalstyrelse
1461 1108 12 32 i
1491 1107 73 33 stad
1582 1107 61 32 den

147 1168 40 30 21
206 1178 86 20 mars
312 1166 95 37 1862,

191 1216 57 39 lag
268 1228 50 20 om
340 1215 143 38 ändring
502 1215 12 31 i
534 1214 89 32 vissa
646 1214 91 32 delar
757 1225 41 20 av
820 1212 234 38 förordningen
1075 1223 50 20 om
1146 1209 330 38 kommunalstyrelse
1496 1209 12 32 i
1530 1208 113 32 Stock-

146 1267 88 32 holm
253 1267 61 32 den
332 1267 41 31 23
392 1266 65 38 maj
478 1266 95 37 1862,

192 1317 57 39 lag
268 1329 51 20 om
337 1316 125 32 ändrad
480 1315 126 38 lydelse
625 1327 41 20 av
686 1313 40 39 $$
745 1315 41 31 33
804 1313 59 32 och
881 1314 41 31 40
941 1313 12 32 i
972 1312 234 38 förordningen
1224 1323 51 20 om
1293 1310 249 39 kyrkostämma
1559 1312 85 29 samt

148 1368 169 39 kyrkoråd
336 1368 59 32 och
415 1366 132 33 skolråd
568 1366 61 32 den
649 1366 39 31 21
708 1376 87 21 mars
817 1364 83 32 1862
922 1366 84 29 samt

192 1418 57 39 lag
268 1430 50 20 om
338 1418 124 32 ändrad
481 1417 126 38 lydelse
624 1428 41 20 av
685 1415 40 39 $$
745 1416 40 31 35
805 1415 59 32 och
882 1415 40 30 42
942 1415 11 31 i
973 1414 233 37 förordningen
1225 1425 50 19 om
1294 1412 249 38 kyrkostämma
1560 1414 85 29 samt

148 1469 169 38 kyrkoråd
336 1469 59 32 och
412 1468 133 32 skolråd
563 1468 12 31 i
595 1466 188 33 Stockholm
804 1466 61 32 den
884 1466 41 31 20
945 1464 171 32 november
1137 1464 95 31 1863.

194 1519 67 32 Till
281 1520 72 31 stöd
372 1519 52 32 för
444 1519 94 31 dessa
557 1518 171 38 yrkanden
748 1517 86 31 hava
853 1516 238 31 motionärerna
1111 1514 111 32 anfört
1242 1513 156 38 följande.

193 1570 89 31 »Vid
306 1569 190 38 upprepade
518 1568 161 32 tillfällen
702 1567 61 32 har
784 1567 55 31 till
863 1566 194 37 riksdagens
1080 1565 164 37 prövning
1267 1563 161 38 förelegat
1451 1562 120 38 frågan
1595 1574 51 19 om

150 1612 124 32 ändrad
303 1611 218 38 lagstiftning
548 1611 12 31 i
588 1610 90 38 syfte
706 1612 59 35 att,
794 1610 12 31 i
833 1609 112 31 vidare
972 1607 233 37 utsträckning
1231 1612 41 26 än
1300 1605 63 32 vad
1389 1605 142 37 tidigare
1559 1604 87 31 varit

149 1653 108 39 fallet,
276 1653 154 38 medgiva
450 1656 67 28 rätt
536 1652 54 31 till
610 1652 186 37 ersättning
818 1651 34 31 åt
871 1650 197 32 innehavare
1089 1661 40 19 av
1147 1648 211 32 kommunala
1379 1647 266 36 förtroendeupp-

151 1695 92 38 drag.
289 1695 189 32 Resultatet
500 1694 104 32 härav
626 1694 84 37 blev,
735 1697 49 28 att
808 1692 177 38 riksdagen
1009 1692 35 31 år
1070 1691 84 31 1918
1178 1690 104 32 beslöt
1308 1693 48 28 att
1379 1690 11 31 i
1413 1689 156 32 skrivelse
1593 1688 54 31 till

152 1738 127 39 Kungl.
299 1738 100 38 Maj:t
418 1737 186 38 hemställa,
624 1737 53 31 det
696 1735 127 38 Kungl.
842 1735 101 36 Maj:t
960 1734 78 32 ville
1056 1734 69 31 låta
1142 1733 184 31 verkställa
1343 1732 186 36 utredning,
1549 1731 98 31 huru-

149 1781 77 32 vida
248 1781 58 31 och
328 1781 11 31 i
361 1780 65 32 vad
449 1780 74 31 mån
545 1779 72 32 med
639 1777 231 33 bibehållande
893 1777 105 31 såsom
1020 1776 89 37 regel
1131 1787 40 20 av
1193 1774 155 39 gällande
1371 1773 274 38 rättsgrundsats,

151 1826 49 28 att
226 1821 211 32 kommunala
464 1820 340 38 förtroendeuppdrag
830 1819 107 31 skulle
963 1830 80 19 vara
1068 1817 188 37 oavlönade,
1282 1816 152 31 kommun
1460 1815 108 31 kunde
1595 1814 51 32 be-

150 1864 146 37 rättigas
321 1867 51 29 att
407 1864 56 31 till
488 1863 204 32 innehavare
715 1874 42 19 av
781 1861 121 38 dylika
926 1861 152 38 uppdrag
1102 1860 104 31 under
1231 1859 38 32 de
1294 1858 269 38 begränsningar
1587 1857 60 31 och

149 1906 132 39 villkor,
301 1918 67 20 som
387 1905 109 32 kunde
515 1905 151 32 befinnas
685 1904 229 37 erforderliga,
933 1903 128 31 besluta
1080 1901 195 38 ersättning,
1295 1904 83 28 samt
1399 1900 51 31 för
1470 1899 178 37 riksdagen

151 1948 191 37 framlägga
373 1948 38 32 de
444 1947 128 38 förslag
592 1947 53 31 till
665 1946 179 37 ändringar
865 1946 10 31 i
896 1944 154 39 gällande
1071 1943 442 36 kommunalförfattningar,
1535 1941 113 31 vartill

152 1991 178 38 utredning
350 1990 110 32 kunde
483 1989 181 32 föranleda.
710 1988 18 32 I
750 1988 146 37 enlighet
918 1987 134 31 härmed
1073 1986 153 38 uppdrog
1248 1986 43 37 på
1315 1986 50 30 sin
1386 1985 49 31 tid
1457 1983 116 32 chefen
1598 1983 52 31 för

152 2032 337 38 civildepartementet
509 2032 33 31 åt
564 2030 137 32 särskilt
721 2029 188 33 tillkallade
930 2028 209 38 sakkunniga
1159 2031 49 28 att
1229 2027 115 32 utreda
1364 2026 57 32 och
1442 2026 120 37 avgiva
1583 2025 64 31 för-

152 2074 73 39 slag
241 2076 11 31 i
268 2075 157 37 frågorna
442 2073 169 39 angående
626 2072 187 38 ersättning
828 2072 34 31 åt
877 2070 210 33 kommunala
1103 2069 262 32 förtroendemän
1382 2072 83 28 samt
1481 2067 167 38 angående

154 2117 286 39 dagtraktamente
467 2117 54 31 för
546 2115 265 38 landstingsmän
838 2119 81 26 även
946 2114 102 31 under
1074 2113 147 37 resedag.
1269 2108 50 35 År
1348 2112 81 31 1922
1458 2111 127 37 avgåvo
1612 2110 38 31 de

153 2159 210 38 sakkunniga
399 2157 205 33 betänkande
630 2156 232 33 innehållande
888 2155 127 38 förslag
1040 2154 52 32 till
1118 2154 149 31 lösandet
1292 2165 39 19 av
1358 2153 92 32 dessa
1477 2151 171 38 spörsmål.

152 2202 18 31 I
193 2201 194 38 anslutning
408 2200 116 32 härtill
545 2199 161 32 framlade
730 2199 127 37 Kungl.
880 2198 100 37 Maj:t
1002 2197 55 32 vid
1079 2197 84 31 1923
1186 2197 52 31 års
1262 2195 134 38 riksdag
1417 2195 11 31 i
1450 2194 199 38 proposition

152 2255 39 20 nr
214 2244 61 31 130
296 2243 127 38 förslag
444 2242 53 32 till
520 2242 124 32 ändrad
666 2241 219 38 lagstiftning
905 2240 8 31 i
937 2239 135 32 berörda
1094 2239 101 37 syfte.
1230 2237 251 38 Föredragande
1504 2237 144 36 departe-

152 2284 224 32 mentschefen
395 2283 138 33 anförde
552 2295 67 21 som
637 2284 72 31 stöd
729 2283 52 31 för
799 2283 50 31 sin
868 2281 208 39 principiella
1096 2280 205 38 ståndpunkt
1320 2279 51 32 till
1391 2279 52 31 det
1463 2278 187 37 framlagda

153 2327 161 38 förslaget
336 2326 44 33 bl.
402 2339 29 20 a.
453 2326 161 39 följande:
660 2324 147 33 »Genom
830 2325 38 32 de
889 2323 210 32 kommunala
1120 2322 343 38 arbetsuppgifternas
1487 2320 163 38 utökning

153 2370 58 31 och
236 2368 191 33 samhällets
453 2368 294 38 demokratisering
772 2367 59 32 har
855 2379 39 19 en
918 2365 132 39 mycket
1074 2369 65 28 stor
1164 2365 51 32 del
1240 2376 39 20 av
1304 2368 45 28 ett
1371 2363 166 32 krävande
1561 2362 88 32 kom-

153 2411 129 32 munalt
307 2411 298 32 förtroendearbete
629 2422 134 20 numera
786 2409 137 31 kommit
950 2412 49 28 att
1022 2408 68 31 vila
1114 2408 43 37 på
1181 2406 203 32 ekonomiskt
1409 2410 95 33 svagt
1529 2405 120 32 ställda

154 2453 308 38 samhällsklasser,
482 2453 53 31 för
552 2453 96 31 vilka
666 2455 48 29 ett
734 2451 212 32 omfattande
964 2450 225 38 gratisarbete
1209 2450 73 30 ofta
1300 2452 99 34 utgör
1417 2459 39 20 en
1473 2459 58 19 ren
1550 2447 100 37 omöj-

192 2510 131 39 Bihang
347 2510 46 31 till
415 2510 180 40 riksdagens
613 2507 157 44 protokoll
792 2508 97 30 1924.
937 2508 19 29 5
973 2507 87 30 saml.
1107 2508 16 28 1
1148 2506 77 36 häft.
1271 2505 68 36 (Nr
1362 2506 40 34 DD.
1596 2504 14 28 1
