<?xml version="1.0" encoding="UTF-8"?>
<alto xmlns="http://www.loc.gov/standards/alto/ns-v3#" xmlns:xlink="http://www.w3.org/1999/xlink" xmlns:xsi="http://www.w3.org/2001/XMLSchema-instance" xsi:schemaLocation="http://www.loc.gov/standards/alto/ns-v3# http://www.loc.gov/alto/v3/alto-3-0.xsd">
	<Description>
		<MeasurementUnit>pixel</MeasurementUnit>
		<sourceImageInformation>
			<fileName>/tmp/tess_1gl_684a_input.PNG</fileName>
		</sourceImageInformation>
		<OCRProcessing ID="OCR_0">
			<ocrProcessingStep>
				<processingSoftware>
					<softwareName>tesseract 5.3.0</softwareName>
				</processingSoftware>
			</ocrProcessingStep>
		</OCRProcessing>
	</Description>
	<Layout>
		<Page WIDTH="2154" HEIGHT="2646" PHYSICAL_IMG_NR="0" ID="page_0">
			<PrintSpace HPOS="0" VPOS="0" WIDTH="2154" HEIGHT="2646">
				<ComposedBlock ID="cblock_0" HPOS="418" VPOS="213" WIDTH="1054" HEIGHT="35">
					<TextBlock ID="block_0" HPOS="418" VPOS="213" WIDTH="1054" HEIGHT="35">
						<TextLine ID="line_0" HPOS="418" VPOS="213" WIDTH="1054" HEIGHT="35">
							<String ID="string_0" HPOS="418" VPOS="215" WIDTH="16" HEIGHT="30" WC="0.91" CONTENT="Å"/><SP WIDTH="428" VPOS="215" HPOS="434"/>
							<String ID="string_1" HPOS="862" VPOS="213" WIDTH="94" HEIGHT="34" WC="0.76" CONTENT="Stats-"/><SP WIDTH="16" VPOS="213" HPOS="956"/>
							<String ID="string_2" HPOS="972" VPOS="209" WIDTH="166" HEIGHT="47" WC="0.96" CONTENT="Utskottets"/><SP WIDTH="17" VPOS="209" HPOS="1138"/>
							<String ID="string_3" HPOS="1155" VPOS="215" WIDTH="160" HEIGHT="32" WC="0.95" CONTENT="Utlåtande"/><SP WIDTH="23" VPOS="215" HPOS="1315"/>
							<String ID="string_4" HPOS="1338" VPOS="215" WIDTH="62" HEIGHT="31" WC="0.96" CONTENT="N:o"/><SP WIDTH="25" VPOS="215" HPOS="1400"/>
							<String ID="string_5" HPOS="1425" VPOS="217" WIDTH="47" HEIGHT="29" WC="0.96" CONTENT="40."/>
						</TextLine>
					</TextBlock>
				</ComposedBlock>
				<ComposedBlock ID="cblock_1" HPOS="366" VPOS="298" WIDTH="1608" HEIGHT="2044">
					<TextBlock ID="block_1" HPOS="367" VPOS="298" WIDTH="1603" HEIGHT="196">
						<TextLine ID="line_1" HPOS="368" VPOS="298" WIDTH="1601" HEIGHT="44">
							<String ID="string_6" HPOS="368" VPOS="298" WIDTH="190" HEIGHT="43" WC="0.93" CONTENT="Styrelsens"/><SP WIDTH="24" VPOS="298" HPOS="558"/>
							<String ID="string_7" HPOS="582" VPOS="299" WIDTH="96" HEIGHT="40" WC="0.92" CONTENT="åsigt,"/><SP WIDTH="31" VPOS="299" HPOS="678"/>
							<String ID="string_8" HPOS="709" VPOS="298" WIDTH="66" HEIGHT="34" WC="0.96" CONTENT="alla"/><SP WIDTH="27" VPOS="298" HPOS="775"/>
							<String ID="string_9" HPOS="802" VPOS="298" WIDTH="243" HEIGHT="35" WC="0.96" CONTENT="förberedande"/><SP WIDTH="29" VPOS="298" HPOS="1045"/>
							<String ID="string_10" HPOS="1074" VPOS="298" WIDTH="152" HEIGHT="41" WC="0.96" CONTENT="åtgärder"/><SP WIDTH="23" VPOS="298" HPOS="1226"/>
							<String ID="string_11" HPOS="1249" VPOS="299" WIDTH="103" HEIGHT="33" WC="0.96" CONTENT="redan"/><SP WIDTH="24" VPOS="299" HPOS="1352"/>
							<String ID="string_12" HPOS="1376" VPOS="310" WIDTH="80" HEIGHT="22" WC="0.96" CONTENT="vara"/><SP WIDTH="28" VPOS="310" HPOS="1456"/>
							<String ID="string_13" HPOS="1484" VPOS="299" WIDTH="167" HEIGHT="43" WC="0.96" CONTENT="vidtagna,"/><SP WIDTH="33" VPOS="299" HPOS="1651"/>
							<String ID="string_14" HPOS="1684" VPOS="301" WIDTH="36" HEIGHT="32" WC="0.96" CONTENT="så"/><SP WIDTH="23" VPOS="301" HPOS="1720"/>
							<String ID="string_15" HPOS="1743" VPOS="303" WIDTH="58" HEIGHT="37" WC="0.96" CONTENT="att,"/><SP WIDTH="42" VPOS="303" HPOS="1801"/>
							<String ID="string_16" HPOS="1843" VPOS="311" WIDTH="51" HEIGHT="22" WC="0.88" CONTENT="om"/><SP WIDTH="25" VPOS="311" HPOS="1894"/>
							<String ID="string_17" HPOS="1919" VPOS="312" WIDTH="50" HEIGHT="22" WC="0.88" CONTENT="er-"/>
						</TextLine>
						<TextLine ID="line_2" HPOS="367" VPOS="350" WIDTH="1602" HEIGHT="44">
							<String ID="string_18" HPOS="367" VPOS="350" WIDTH="182" HEIGHT="41" WC="0.91" CONTENT="forderliga"/><SP WIDTH="23" VPOS="350" HPOS="549"/>
							<String ID="string_19" HPOS="572" VPOS="350" WIDTH="105" HEIGHT="33" WC="0.90" CONTENT="medel"/><SP WIDTH="36" VPOS="350" HPOS="677"/>
							<String ID="string_20" HPOS="713" VPOS="350" WIDTH="110" HEIGHT="33" WC="0.90" CONTENT="dertill"/><SP WIDTH="34" VPOS="350" HPOS="823"/>
							<String ID="string_21" HPOS="857" VPOS="351" WIDTH="108" HEIGHT="32" WC="0.92" CONTENT="kunde"/><SP WIDTH="36" VPOS="351" HPOS="965"/>
							<String ID="string_22" HPOS="1001" VPOS="351" WIDTH="284" HEIGHT="41" WC="0.90" CONTENT="tillvägabringas,"/><SP WIDTH="30" VPOS="351" HPOS="1285"/>
							<String ID="string_23" HPOS="1315" VPOS="351" WIDTH="255" HEIGHT="42" WC="0.89" CONTENT="ifrågavarande"/><SP WIDTH="35" VPOS="351" HPOS="1570"/>
							<String ID="string_24" HPOS="1605" VPOS="351" WIDTH="364" HEIGHT="43" WC="0.89" CONTENT="jernvägsförbindelse"/>
						</TextLine>
						<TextLine ID="line_3" HPOS="369" VPOS="401" WIDTH="1601" HEIGHT="45">
							<String ID="string_25" HPOS="369" VPOS="401" WIDTH="105" HEIGHT="33" WC="0.96" CONTENT="skulle"/><SP WIDTH="28" VPOS="401" HPOS="474"/>
							<String ID="string_26" HPOS="502" VPOS="402" WIDTH="112" HEIGHT="32" WC="0.96" CONTENT="kunna"/><SP WIDTH="26" VPOS="402" HPOS="614"/>
							<String ID="string_27" HPOS="640" VPOS="401" WIDTH="157" HEIGHT="43" WC="0.96" CONTENT="påbörjas"/><SP WIDTH="29" VPOS="401" HPOS="797"/>
							<String ID="string_28" HPOS="826" VPOS="402" WIDTH="85" HEIGHT="33" WC="0.96" CONTENT="efter"/><SP WIDTH="22" VPOS="402" HPOS="911"/>
							<String ID="string_29" HPOS="933" VPOS="402" WIDTH="233" HEIGHT="33" WC="0.96" CONTENT="fullbordande"/><SP WIDTH="26" VPOS="402" HPOS="1166"/>
							<String ID="string_30" HPOS="1192" VPOS="401" WIDTH="34" HEIGHT="34" WC="0.95" CONTENT="af"/><SP WIDTH="26" VPOS="401" HPOS="1226"/>
							<String ID="string_31" HPOS="1252" VPOS="402" WIDTH="39" HEIGHT="32" WC="0.96" CONTENT="de"/><SP WIDTH="24" VPOS="402" HPOS="1291"/>
							<String ID="string_32" HPOS="1315" VPOS="414" WIDTH="42" HEIGHT="20" WC="0.96" CONTENT="nu"/><SP WIDTH="24" VPOS="414" HPOS="1357"/>
							<String ID="string_33" HPOS="1381" VPOS="403" WIDTH="107" HEIGHT="32" WC="0.96" CONTENT="under"/><SP WIDTH="22" VPOS="403" HPOS="1488"/>
							<String ID="string_34" HPOS="1510" VPOS="403" WIDTH="154" HEIGHT="43" WC="0.96" CONTENT="byggnad"/><SP WIDTH="32" VPOS="403" HPOS="1664"/>
							<String ID="string_35" HPOS="1696" VPOS="404" WIDTH="145" HEIGHT="32" WC="0.91" CONTENT="varande"/><SP WIDTH="30" VPOS="404" HPOS="1841"/>
							<String ID="string_36" HPOS="1871" VPOS="406" WIDTH="99" HEIGHT="30" WC="0.91" CONTENT="stam-"/>
						</TextLine>
						<TextLine ID="line_4" HPOS="367" VPOS="453" WIDTH="577" HEIGHT="41">
							<String ID="string_37" HPOS="367" VPOS="453" WIDTH="228" HEIGHT="33" WC="0.91" CONTENT="banedelarne"/><SP WIDTH="25" VPOS="453" HPOS="595"/>
							<String ID="string_38" HPOS="620" VPOS="463" WIDTH="120" HEIGHT="31" WC="0.96" CONTENT="genom"/><SP WIDTH="26" VPOS="463" HPOS="740"/>
							<String ID="string_39" HPOS="766" VPOS="454" WIDTH="178" HEIGHT="33" WC="0.95" CONTENT="Norrland."/>
						</TextLine>
					</TextBlock>
					<TextBlock ID="block_2" HPOS="367" VPOS="498" WIDTH="1606" HEIGHT="975">
						<TextLine ID="line_5" HPOS="500" VPOS="498" WIDTH="1471" HEIGHT="50">
							<String ID="string_40" HPOS="500" VPOS="505" WIDTH="120" HEIGHT="32" WC="0.93" CONTENT="Denna"/><SP WIDTH="15" VPOS="505" HPOS="620"/>
							<String ID="string_41" HPOS="635" VPOS="505" WIDTH="364" HEIGHT="41" WC="0.91" CONTENT="jernvägsförbindelse"/><SP WIDTH="26" VPOS="505" HPOS="999"/>
							<String ID="string_42" HPOS="1025" VPOS="506" WIDTH="140" HEIGHT="34" WC="0.96" CONTENT="emellan"/><SP WIDTH="16" VPOS="506" HPOS="1165"/>
							<String ID="string_43" HPOS="1181" VPOS="506" WIDTH="127" HEIGHT="33" WC="0.96" CONTENT="Bräcke"/><SP WIDTH="26" VPOS="506" HPOS="1308"/>
							<String ID="string_44" HPOS="1334" VPOS="506" WIDTH="60" HEIGHT="32" WC="0.93" CONTENT="och"/><SP WIDTH="24" VPOS="506" HPOS="1394"/>
							<String ID="string_45" HPOS="1418" VPOS="498" WIDTH="299" HEIGHT="50" WC="0.91" CONTENT="Ångermanelfven"/><SP WIDTH="18" VPOS="498" HPOS="1717"/>
							<String ID="string_46" HPOS="1735" VPOS="508" WIDTH="50" HEIGHT="32" WC="0.96" CONTENT="vid"/><SP WIDTH="26" VPOS="508" HPOS="1785"/>
							<String ID="string_47" HPOS="1811" VPOS="507" WIDTH="160" HEIGHT="34" WC="0.95" CONTENT="Sollefteå"/>
						</TextLine>
						<TextLine ID="line_6" HPOS="367" VPOS="555" WIDTH="1604" HEIGHT="45">
							<String ID="string_48" HPOS="367" VPOS="555" WIDTH="152" HEIGHT="43" WC="0.96" CONTENT="utgjorde"/><SP WIDTH="28" VPOS="555" HPOS="519"/>
							<String ID="string_49" HPOS="547" VPOS="557" WIDTH="10" HEIGHT="31" WC="0.96" CONTENT="i"/><SP WIDTH="23" VPOS="557" HPOS="557"/>
							<String ID="string_50" HPOS="580" VPOS="556" WIDTH="101" HEIGHT="41" WC="0.96" CONTENT="längd"/><SP WIDTH="30" VPOS="556" HPOS="681"/>
							<String ID="string_51" HPOS="711" VPOS="559" WIDTH="63" HEIGHT="36" WC="0.64" CONTENT="13,4"/><SP WIDTH="24" VPOS="559" HPOS="774"/>
							<String ID="string_52" HPOS="798" VPOS="557" WIDTH="54" HEIGHT="31" WC="0.96" CONTENT="mil"/><SP WIDTH="30" VPOS="557" HPOS="852"/>
							<String ID="string_53" HPOS="882" VPOS="557" WIDTH="62" HEIGHT="32" WC="0.96" CONTENT="och"/><SP WIDTH="37" VPOS="557" HPOS="944"/>
							<String ID="string_54" HPOS="981" VPOS="568" WIDTH="77" HEIGHT="21" WC="0.95" CONTENT="vore"/><SP WIDTH="24" VPOS="568" HPOS="1058"/>
							<String ID="string_55" HPOS="1082" VPOS="558" WIDTH="10" HEIGHT="31" WC="0.96" CONTENT="i"/><SP WIDTH="25" VPOS="558" HPOS="1092"/>
							<String ID="string_56" HPOS="1117" VPOS="561" WIDTH="47" HEIGHT="30" WC="0.96" CONTENT="ett"/><SP WIDTH="28" VPOS="561" HPOS="1164"/>
							<String ID="string_57" HPOS="1192" VPOS="559" WIDTH="35" HEIGHT="31" WC="0.96" CONTENT="år"/><SP WIDTH="26" VPOS="559" HPOS="1227"/>
							<String ID="string_58" HPOS="1253" VPOS="560" WIDTH="79" HEIGHT="30" WC="0.93" CONTENT="1876"/><SP WIDTH="40" VPOS="560" HPOS="1332"/>
							<String ID="string_59" HPOS="1372" VPOS="558" WIDTH="194" HEIGHT="42" WC="0.91" CONTENT="upprättadt"/><SP WIDTH="33" VPOS="558" HPOS="1566"/>
							<String ID="string_60" HPOS="1599" VPOS="559" WIDTH="290" HEIGHT="41" WC="0.93" CONTENT="kostnadsförslag"/><SP WIDTH="26" VPOS="559" HPOS="1889"/>
							<String ID="string_61" HPOS="1915" VPOS="559" WIDTH="56" HEIGHT="32" WC="0.91" CONTENT="be-"/>
						</TextLine>
						<TextLine ID="line_7" HPOS="367" VPOS="607" WIDTH="1605" HEIGHT="44">
							<String ID="string_62" HPOS="367" VPOS="607" WIDTH="127" HEIGHT="33" WC="0.95" CONTENT="räknad"/><SP WIDTH="25" VPOS="607" HPOS="494"/>
							<String ID="string_63" HPOS="519" VPOS="607" WIDTH="50" HEIGHT="32" WC="0.92" CONTENT="till"/><SP WIDTH="26" VPOS="607" HPOS="569"/>
							<String ID="string_64" HPOS="595" VPOS="610" WIDTH="184" HEIGHT="37" WC="0.90" CONTENT="10,066,000"/><SP WIDTH="29" VPOS="610" HPOS="779"/>
							<String ID="string_65" HPOS="808" VPOS="608" WIDTH="124" HEIGHT="33" WC="0.96" CONTENT="kronor"/><SP WIDTH="29" VPOS="608" HPOS="932"/>
							<String ID="string_66" HPOS="961" VPOS="609" WIDTH="81" HEIGHT="32" WC="0.93" CONTENT="eller"/><SP WIDTH="29" VPOS="609" HPOS="1042"/>
							<String ID="string_67" HPOS="1071" VPOS="612" WIDTH="135" HEIGHT="37" WC="0.91" CONTENT="751,194"/><SP WIDTH="28" VPOS="612" HPOS="1206"/>
							<String ID="string_68" HPOS="1234" VPOS="609" WIDTH="124" HEIGHT="32" WC="0.96" CONTENT="kronor"/><SP WIDTH="34" VPOS="609" HPOS="1358"/>
							<String ID="string_69" HPOS="1392" VPOS="621" WIDTH="59" HEIGHT="30" WC="0.96" CONTENT="per"/><SP WIDTH="33" VPOS="621" HPOS="1451"/>
							<String ID="string_70" HPOS="1484" VPOS="610" WIDTH="65" HEIGHT="32" WC="0.95" CONTENT="mil."/><SP WIDTH="29" VPOS="610" HPOS="1549"/>
							<String ID="string_71" HPOS="1578" VPOS="611" WIDTH="99" HEIGHT="37" WC="0.95" CONTENT="Men"/><SP WIDTH="39" VPOS="611" HPOS="1677"/>
							<String ID="string_72" HPOS="1716" VPOS="611" WIDTH="42" HEIGHT="33" WC="0.95" CONTENT="då"/><SP WIDTH="27" VPOS="611" HPOS="1758"/>
							<String ID="string_73" HPOS="1785" VPOS="610" WIDTH="187" HEIGHT="34" WC="0.96" CONTENT="kostnaden"/>
						</TextLine>
						<TextLine ID="line_8" HPOS="370" VPOS="658" WIDTH="1600" HEIGHT="45">
							<String ID="string_74" HPOS="370" VPOS="658" WIDTH="89" HEIGHT="32" WC="0.95" CONTENT="såväl"/><SP WIDTH="27" VPOS="658" HPOS="459"/>
							<String ID="string_75" HPOS="486" VPOS="658" WIDTH="52" HEIGHT="32" WC="0.95" CONTENT="för"/><SP WIDTH="24" VPOS="658" HPOS="538"/>
							<String ID="string_76" HPOS="562" VPOS="659" WIDTH="109" HEIGHT="31" WC="0.96" CONTENT="denna"/><SP WIDTH="27" VPOS="659" HPOS="671"/>
							<String ID="string_77" HPOS="698" VPOS="670" WIDTH="71" HEIGHT="21" WC="0.96" CONTENT="som"/><SP WIDTH="27" VPOS="670" HPOS="769"/>
							<String ID="string_78" HPOS="796" VPOS="660" WIDTH="53" HEIGHT="31" WC="0.96" CONTENT="för"/><SP WIDTH="28" VPOS="660" HPOS="849"/>
							<String ID="string_79" HPOS="877" VPOS="660" WIDTH="65" HEIGHT="32" WC="0.96" CONTENT="alla"/><SP WIDTH="25" VPOS="660" HPOS="942"/>
							<String ID="string_80" HPOS="967" VPOS="661" WIDTH="39" HEIGHT="31" WC="0.96" CONTENT="de"/><SP WIDTH="31" VPOS="661" HPOS="1006"/>
							<String ID="string_81" HPOS="1037" VPOS="661" WIDTH="105" HEIGHT="39" WC="0.96" CONTENT="öfriga"/><SP WIDTH="28" VPOS="661" HPOS="1142"/>
							<String ID="string_82" HPOS="1170" VPOS="660" WIDTH="164" HEIGHT="33" WC="0.93" CONTENT="särskilda"/><SP WIDTH="26" VPOS="660" HPOS="1334"/>
							<String ID="string_83" HPOS="1360" VPOS="661" WIDTH="153" HEIGHT="39" WC="0.90" CONTENT="linierna,"/><SP WIDTH="26" VPOS="661" HPOS="1513"/>
							<String ID="string_84" HPOS="1539" VPOS="673" WIDTH="69" HEIGHT="21" WC="0.91" CONTENT="som"/><SP WIDTH="20" VPOS="673" HPOS="1608"/>
							<String ID="string_85" HPOS="1628" VPOS="662" WIDTH="112" HEIGHT="41" WC="0.91" CONTENT="afsåge"/><SP WIDTH="24" VPOS="662" HPOS="1740"/>
							<String ID="string_86" HPOS="1764" VPOS="662" WIDTH="206" HEIGHT="33" WC="0.96" CONTENT="förbindelse"/>
						</TextLine>
						<TextLine ID="line_9" HPOS="370" VPOS="697" WIDTH="1602" HEIGHT="60">
							<String ID="string_87" HPOS="370" VPOS="708" WIDTH="142" HEIGHT="34" WC="0.93" CONTENT="emellan"/><SP WIDTH="27" VPOS="708" HPOS="512"/>
							<String ID="string_88" HPOS="539" VPOS="708" WIDTH="182" HEIGHT="33" WC="0.91" CONTENT="tvärbanan"/><SP WIDTH="36" VPOS="708" HPOS="721"/>
							<String ID="string_89" HPOS="757" VPOS="710" WIDTH="63" HEIGHT="32" WC="0.96" CONTENT="och"/><SP WIDTH="28" VPOS="710" HPOS="820"/>
							<String ID="string_90" HPOS="848" VPOS="697" WIDTH="311" HEIGHT="60" WC="0.92" CONTENT="Ångermanelfven,"/><SP WIDTH="36" VPOS="697" HPOS="1159"/>
							<String ID="string_91" HPOS="1195" VPOS="712" WIDTH="10" HEIGHT="31" WC="0.95" CONTENT="i"/><SP WIDTH="27" VPOS="712" HPOS="1205"/>
							<String ID="string_92" HPOS="1232" VPOS="711" WIDTH="106" HEIGHT="32" WC="0.96" CONTENT="likhet"/><SP WIDTH="36" VPOS="711" HPOS="1338"/>
							<String ID="string_93" HPOS="1374" VPOS="711" WIDTH="75" HEIGHT="32" WC="0.96" CONTENT="med"/><SP WIDTH="27" VPOS="711" HPOS="1449"/>
							<String ID="string_94" HPOS="1476" VPOS="711" WIDTH="86" HEIGHT="32" WC="0.96" CONTENT="hvad"/><SP WIDTH="36" VPOS="711" HPOS="1562"/>
							<String ID="string_95" HPOS="1598" VPOS="713" WIDTH="252" HEIGHT="41" WC="0.96" CONTENT="ursprungligen"/><SP WIDTH="39" VPOS="713" HPOS="1850"/>
							<String ID="string_96" HPOS="1889" VPOS="713" WIDTH="83" HEIGHT="31" WC="0.96" CONTENT="varit"/>
						</TextLine>
						<TextLine ID="line_10" HPOS="369" VPOS="759" WIDTH="1602" HEIGHT="45">
							<String ID="string_97" HPOS="369" VPOS="759" WIDTH="109" HEIGHT="34" WC="0.90" CONTENT="afsedt"/><SP WIDTH="23" VPOS="759" HPOS="478"/>
							<String ID="string_98" HPOS="501" VPOS="760" WIDTH="94" HEIGHT="33" WC="0.96" CONTENT="äfven"/><SP WIDTH="26" VPOS="760" HPOS="595"/>
							<String ID="string_99" HPOS="621" VPOS="760" WIDTH="49" HEIGHT="32" WC="0.96" CONTENT="för"/><SP WIDTH="24" VPOS="760" HPOS="670"/>
							<String ID="string_100" HPOS="694" VPOS="761" WIDTH="194" HEIGHT="33" WC="0.95" CONTENT="stambanan"/><SP WIDTH="25" VPOS="761" HPOS="888"/>
							<String ID="string_101" HPOS="913" VPOS="772" WIDTH="120" HEIGHT="31" WC="0.96" CONTENT="genom"/><SP WIDTH="34" VPOS="772" HPOS="1033"/>
							<String ID="string_102" HPOS="1067" VPOS="763" WIDTH="176" HEIGHT="41" WC="0.95" CONTENT="Norrland,"/><SP WIDTH="38" VPOS="763" HPOS="1243"/>
							<String ID="string_103" HPOS="1281" VPOS="773" WIDTH="78" HEIGHT="22" WC="0.96" CONTENT="vore"/><SP WIDTH="34" VPOS="773" HPOS="1359"/>
							<String ID="string_104" HPOS="1393" VPOS="762" WIDTH="172" HEIGHT="34" WC="0.96" CONTENT="beräknad"/><SP WIDTH="34" VPOS="762" HPOS="1565"/>
							<String ID="string_105" HPOS="1599" VPOS="764" WIDTH="76" HEIGHT="33" WC="0.96" CONTENT="med"/><SP WIDTH="33" VPOS="764" HPOS="1675"/>
							<String ID="string_106" HPOS="1708" VPOS="764" WIDTH="120" HEIGHT="33" WC="0.91" CONTENT="lättare"/><SP WIDTH="38" VPOS="764" HPOS="1828"/>
							<String ID="string_107" HPOS="1866" VPOS="763" WIDTH="105" HEIGHT="33" WC="0.90" CONTENT="öfver-"/>
						</TextLine>
						<TextLine ID="line_11" HPOS="368" VPOS="811" WIDTH="1603" HEIGHT="47">
							<String ID="string_108" HPOS="368" VPOS="811" WIDTH="157" HEIGHT="42" WC="0.96" CONTENT="byggnad"/><SP WIDTH="25" VPOS="811" HPOS="525"/>
							<String ID="string_109" HPOS="550" VPOS="811" WIDTH="62" HEIGHT="32" WC="0.96" CONTENT="och"/><SP WIDTH="24" VPOS="811" HPOS="612"/>
							<String ID="string_110" HPOS="636" VPOS="812" WIDTH="75" HEIGHT="32" WC="0.93" CONTENT="med"/><SP WIDTH="24" VPOS="812" HPOS="711"/>
							<String ID="string_111" HPOS="735" VPOS="812" WIDTH="351" HEIGHT="43" WC="0.91" CONTENT="broöfverbyggnader"/><SP WIDTH="23" VPOS="812" HPOS="1086"/>
							<String ID="string_112" HPOS="1109" VPOS="814" WIDTH="35" HEIGHT="32" WC="0.96" CONTENT="af"/><SP WIDTH="22" VPOS="814" HPOS="1144"/>
							<String ID="string_113" HPOS="1166" VPOS="817" WIDTH="60" HEIGHT="35" WC="0.95" CONTENT="trä,"/><SP WIDTH="31" VPOS="817" HPOS="1226"/>
							<String ID="string_114" HPOS="1257" VPOS="814" WIDTH="59" HEIGHT="32" WC="0.96" CONTENT="och"/><SP WIDTH="27" VPOS="814" HPOS="1316"/>
							<String ID="string_115" HPOS="1343" VPOS="814" WIDTH="41" HEIGHT="32" WC="0.96" CONTENT="då"/><SP WIDTH="25" VPOS="814" HPOS="1384"/>
							<String ID="string_116" HPOS="1409" VPOS="814" WIDTH="63" HEIGHT="39" WC="0.96" CONTENT="det,"/><SP WIDTH="36" VPOS="814" HPOS="1472"/>
							<String ID="string_117" HPOS="1508" VPOS="814" WIDTH="104" HEIGHT="42" WC="0.95" CONTENT="enligt"/><SP WIDTH="39" VPOS="814" HPOS="1612"/>
							<String ID="string_118" HPOS="1651" VPOS="816" WIDTH="186" HEIGHT="42" WC="0.64" CONTENT="Styrelsens"/><SP WIDTH="39" VPOS="816" HPOS="1837"/>
							<String ID="string_119" HPOS="1876" VPOS="816" WIDTH="95" HEIGHT="40" WC="0.90" CONTENT="åsigt,"/>
						</TextLine>
						<TextLine ID="line_12" HPOS="368" VPOS="861" WIDTH="1605" HEIGHT="47">
							<String ID="string_120" HPOS="368" VPOS="861" WIDTH="74" HEIGHT="33" WC="0.96" CONTENT="icke"/><SP WIDTH="26" VPOS="861" HPOS="442"/>
							<String ID="string_121" HPOS="468" VPOS="873" WIDTH="75" HEIGHT="22" WC="0.96" CONTENT="vore"/><SP WIDTH="25" VPOS="873" HPOS="543"/>
							<String ID="string_122" HPOS="568" VPOS="862" WIDTH="71" HEIGHT="33" WC="0.95" CONTENT="skäl"/><SP WIDTH="24" VPOS="862" HPOS="639"/>
							<String ID="string_123" HPOS="663" VPOS="866" WIDTH="49" HEIGHT="29" WC="0.95" CONTENT="att"/><SP WIDTH="21" VPOS="866" HPOS="712"/>
							<String ID="string_124" HPOS="733" VPOS="863" WIDTH="53" HEIGHT="32" WC="0.96" CONTENT="för"/><SP WIDTH="28" VPOS="863" HPOS="786"/>
							<String ID="string_125" HPOS="814" VPOS="864" WIDTH="110" HEIGHT="32" WC="0.93" CONTENT="denna"/><SP WIDTH="21" VPOS="864" HPOS="924"/>
							<String ID="string_126" HPOS="945" VPOS="864" WIDTH="245" HEIGHT="42" WC="0.92" CONTENT="jemförelsevis"/><SP WIDTH="24" VPOS="864" HPOS="1190"/>
							<String ID="string_127" HPOS="1214" VPOS="865" WIDTH="97" HEIGHT="33" WC="0.96" CONTENT="korta"/><SP WIDTH="24" VPOS="865" HPOS="1311"/>
							<String ID="string_128" HPOS="1335" VPOS="865" WIDTH="63" HEIGHT="33" WC="0.96" CONTENT="och"/><SP WIDTH="23" VPOS="865" HPOS="1398"/>
							<String ID="string_129" HPOS="1421" VPOS="866" WIDTH="10" HEIGHT="31" WC="0.87" CONTENT="i"/><SP WIDTH="17" VPOS="866" HPOS="1431"/>
							<String ID="string_130" HPOS="1448" VPOS="865" WIDTH="205" HEIGHT="34" WC="0.87" CONTENT="förbindelse"/><SP WIDTH="25" VPOS="865" HPOS="1653"/>
							<String ID="string_131" HPOS="1678" VPOS="867" WIDTH="76" HEIGHT="32" WC="0.96" CONTENT="med"/><SP WIDTH="25" VPOS="867" HPOS="1754"/>
							<String ID="string_132" HPOS="1779" VPOS="866" WIDTH="64" HEIGHT="33" WC="0.96" CONTENT="den"/><SP WIDTH="26" VPOS="866" HPOS="1843"/>
							<String ID="string_133" HPOS="1869" VPOS="866" WIDTH="104" HEIGHT="42" WC="0.96" CONTENT="öfriga"/>
						</TextLine>
						<TextLine ID="line_13" HPOS="370" VPOS="914" WIDTH="1601" HEIGHT="45">
							<String ID="string_134" HPOS="370" VPOS="914" WIDTH="197" HEIGHT="32" WC="0.96" CONTENT="stambanan"/><SP WIDTH="29" VPOS="914" HPOS="567"/>
							<String ID="string_135" HPOS="596" VPOS="924" WIDTH="119" HEIGHT="31" WC="0.96" CONTENT="genom"/><SP WIDTH="28" VPOS="924" HPOS="715"/>
							<String ID="string_136" HPOS="743" VPOS="915" WIDTH="168" HEIGHT="33" WC="0.96" CONTENT="Norrland"/><SP WIDTH="28" VPOS="915" HPOS="911"/>
							<String ID="string_137" HPOS="939" VPOS="915" WIDTH="197" HEIGHT="34" WC="0.93" CONTENT="kommande"/><SP WIDTH="37" VPOS="915" HPOS="1136"/>
							<String ID="string_138" HPOS="1173" VPOS="916" WIDTH="121" HEIGHT="33" WC="0.91" CONTENT="bandel"/><SP WIDTH="41" VPOS="916" HPOS="1294"/>
							<String ID="string_139" HPOS="1335" VPOS="919" WIDTH="80" HEIGHT="38" WC="0.96" CONTENT="göra"/><SP WIDTH="36" VPOS="919" HPOS="1415"/>
							<String ID="string_140" HPOS="1451" VPOS="919" WIDTH="110" HEIGHT="38" WC="0.95" CONTENT="någon"/><SP WIDTH="39" VPOS="919" HPOS="1561"/>
							<String ID="string_141" HPOS="1600" VPOS="918" WIDTH="104" HEIGHT="33" WC="0.96" CONTENT="sådan"/><SP WIDTH="28" VPOS="918" HPOS="1704"/>
							<String ID="string_142" HPOS="1732" VPOS="918" WIDTH="194" HEIGHT="41" WC="0.96" CONTENT="förändring"/><SP WIDTH="34" VPOS="918" HPOS="1926"/>
							<String ID="string_143" HPOS="1960" VPOS="918" WIDTH="11" HEIGHT="32" WC="0.95" CONTENT="i"/>
						</TextLine>
						<TextLine ID="line_14" HPOS="368" VPOS="964" WIDTH="1604" HEIGHT="44">
							<String ID="string_144" HPOS="368" VPOS="964" WIDTH="245" HEIGHT="40" WC="0.96" CONTENT="konstruktion,"/><SP WIDTH="30" VPOS="964" HPOS="613"/>
							<String ID="string_145" HPOS="643" VPOS="965" WIDTH="216" HEIGHT="42" WC="0.93" CONTENT="hvarigenom"/><SP WIDTH="23" VPOS="965" HPOS="859"/>
							<String ID="string_146" HPOS="882" VPOS="967" WIDTH="272" HEIGHT="41" WC="0.90" CONTENT="trafikförmågan"/><SP WIDTH="25" VPOS="967" HPOS="1154"/>
							<String ID="string_147" HPOS="1179" VPOS="968" WIDTH="103" HEIGHT="32" WC="0.92" CONTENT="skulle"/><SP WIDTH="32" VPOS="968" HPOS="1282"/>
							<String ID="string_148" HPOS="1314" VPOS="968" WIDTH="97" HEIGHT="32" WC="0.95" CONTENT="blifva"/><SP WIDTH="28" VPOS="968" HPOS="1411"/>
							<String ID="string_149" HPOS="1439" VPOS="968" WIDTH="125" HEIGHT="32" WC="0.96" CONTENT="mindre"/><SP WIDTH="31" VPOS="968" HPOS="1564"/>
							<String ID="string_150" HPOS="1595" VPOS="969" WIDTH="63" HEIGHT="32" WC="0.92" CONTENT="och"/><SP WIDTH="28" VPOS="969" HPOS="1658"/>
							<String ID="string_151" HPOS="1686" VPOS="969" WIDTH="286" HEIGHT="33" WC="0.92" CONTENT="underhållskost-"/>
						</TextLine>
						<TextLine ID="line_15" HPOS="369" VPOS="1013" WIDTH="1604" HEIGHT="50">
							<String ID="string_152" HPOS="369" VPOS="1016" WIDTH="111" HEIGHT="33" WC="0.95" CONTENT="naden"/><SP WIDTH="25" VPOS="1016" HPOS="480"/>
							<String ID="string_153" HPOS="505" VPOS="1013" WIDTH="115" HEIGHT="36" WC="0.96" CONTENT="större"/><SP WIDTH="21" VPOS="1013" HPOS="620"/>
							<String ID="string_154" HPOS="641" VPOS="1020" WIDTH="42" HEIGHT="29" WC="0.92" CONTENT="än"/><SP WIDTH="26" VPOS="1020" HPOS="683"/>
							<String ID="string_155" HPOS="709" VPOS="1019" WIDTH="19" HEIGHT="30" WC="0.84" CONTENT="å"/><SP WIDTH="28" VPOS="1019" HPOS="728"/>
							<String ID="string_156" HPOS="756" VPOS="1018" WIDTH="64" HEIGHT="32" WC="0.95" CONTENT="den"/><SP WIDTH="25" VPOS="1018" HPOS="820"/>
							<String ID="string_157" HPOS="845" VPOS="1018" WIDTH="107" HEIGHT="42" WC="0.96" CONTENT="öfriga"/><SP WIDTH="27" VPOS="1018" HPOS="952"/>
							<String ID="string_158" HPOS="979" VPOS="1018" WIDTH="121" HEIGHT="39" WC="0.96" CONTENT="banan,"/><SP WIDTH="25" VPOS="1018" HPOS="1100"/>
							<String ID="string_159" HPOS="1125" VPOS="1019" WIDTH="62" HEIGHT="32" WC="0.96" CONTENT="och"/><SP WIDTH="29" VPOS="1019" HPOS="1187"/>
							<String ID="string_160" HPOS="1216" VPOS="1020" WIDTH="64" HEIGHT="32" WC="0.96" CONTENT="den"/><SP WIDTH="26" VPOS="1020" HPOS="1280"/>
							<String ID="string_161" HPOS="1306" VPOS="1019" WIDTH="180" HEIGHT="41" WC="0.93" CONTENT="olägenhet"/><SP WIDTH="28" VPOS="1019" HPOS="1486"/>
							<String ID="string_162" HPOS="1514" VPOS="1020" WIDTH="161" HEIGHT="42" WC="0.92" CONTENT="derjemte"/><SP WIDTH="24" VPOS="1020" HPOS="1675"/>
							<String ID="string_163" HPOS="1699" VPOS="1021" WIDTH="201" HEIGHT="42" WC="0.96" CONTENT="uppkomma"/><SP WIDTH="24" VPOS="1021" HPOS="1900"/>
							<String ID="string_164" HPOS="1924" VPOS="1023" WIDTH="49" HEIGHT="30" WC="0.96" CONTENT="att"/>
						</TextLine>
						<TextLine ID="line_16" HPOS="369" VPOS="1067" WIDTH="1603" HEIGHT="46">
							<String ID="string_165" HPOS="369" VPOS="1067" WIDTH="75" HEIGHT="33" WC="0.96" CONTENT="icke"/><SP WIDTH="24" VPOS="1067" HPOS="444"/>
							<String ID="string_166" HPOS="468" VPOS="1078" WIDTH="125" HEIGHT="22" WC="0.92" CONTENT="samma"/><SP WIDTH="29" VPOS="1078" HPOS="593"/>
							<String ID="string_167" HPOS="622" VPOS="1069" WIDTH="282" HEIGHT="33" WC="0.91" CONTENT="rörelsemateriel"/><SP WIDTH="38" VPOS="1069" HPOS="904"/>
							<String ID="string_168" HPOS="942" VPOS="1080" WIDTH="70" HEIGHT="22" WC="0.93" CONTENT="som"/><SP WIDTH="29" VPOS="1080" HPOS="1012"/>
							<String ID="string_169" HPOS="1041" VPOS="1072" WIDTH="19" HEIGHT="31" WC="0.92" CONTENT="å"/><SP WIDTH="27" VPOS="1072" HPOS="1060"/>
							<String ID="string_170" HPOS="1087" VPOS="1070" WIDTH="235" HEIGHT="33" WC="0.87" CONTENT="hufvudbanan"/><SP WIDTH="40" VPOS="1070" HPOS="1322"/>
							<String ID="string_171" HPOS="1362" VPOS="1070" WIDTH="104" HEIGHT="43" WC="0.87" CONTENT="derpå"/><SP WIDTH="40" VPOS="1070" HPOS="1466"/>
							<String ID="string_172" HPOS="1506" VPOS="1071" WIDTH="105" HEIGHT="33" WC="0.96" CONTENT="skulle"/><SP WIDTH="39" VPOS="1071" HPOS="1611"/>
							<String ID="string_173" HPOS="1650" VPOS="1072" WIDTH="110" HEIGHT="33" WC="0.96" CONTENT="kunna"/><SP WIDTH="35" VPOS="1072" HPOS="1760"/>
							<String ID="string_174" HPOS="1795" VPOS="1072" WIDTH="177" HEIGHT="39" WC="0.95" CONTENT="användas,"/>
						</TextLine>
						<TextLine ID="line_17" HPOS="371" VPOS="1119" WIDTH="1601" HEIGHT="47">
							<String ID="string_175" HPOS="371" VPOS="1120" WIDTH="124" HEIGHT="40" WC="0.90" CONTENT="ansåge"/><SP WIDTH="26" VPOS="1120" HPOS="495"/>
							<String ID="string_176" HPOS="521" VPOS="1119" WIDTH="165" HEIGHT="42" WC="0.95" CONTENT="Styrelsen"/><SP WIDTH="25" VPOS="1119" HPOS="686"/>
							<String ID="string_177" HPOS="711" VPOS="1123" WIDTH="48" HEIGHT="29" WC="0.96" CONTENT="att"/><SP WIDTH="29" VPOS="1123" HPOS="759"/>
							<String ID="string_178" HPOS="788" VPOS="1120" WIDTH="64" HEIGHT="33" WC="0.96" CONTENT="den"/><SP WIDTH="23" VPOS="1120" HPOS="852"/>
							<String ID="string_179" HPOS="875" VPOS="1120" WIDTH="194" HEIGHT="34" WC="0.96" CONTENT="beräknade"/><SP WIDTH="25" VPOS="1120" HPOS="1069"/>
							<String ID="string_180" HPOS="1094" VPOS="1122" WIDTH="197" HEIGHT="40" WC="0.96" CONTENT="kostnaden,"/><SP WIDTH="25" VPOS="1122" HPOS="1291"/>
							<String ID="string_181" HPOS="1316" VPOS="1122" WIDTH="72" HEIGHT="32" WC="0.96" CONTENT="dels"/><SP WIDTH="22" VPOS="1122" HPOS="1388"/>
							<String ID="string_182" HPOS="1410" VPOS="1122" WIDTH="76" HEIGHT="33" WC="0.96" CONTENT="med"/><SP WIDTH="24" VPOS="1122" HPOS="1486"/>
							<String ID="string_183" HPOS="1510" VPOS="1123" WIDTH="128" HEIGHT="43" WC="0.96" CONTENT="hänsyn"/><SP WIDTH="28" VPOS="1123" HPOS="1638"/>
							<String ID="string_184" HPOS="1666" VPOS="1124" WIDTH="112" HEIGHT="32" WC="0.96" CONTENT="härtill"/><SP WIDTH="25" VPOS="1124" HPOS="1778"/>
							<String ID="string_185" HPOS="1803" VPOS="1123" WIDTH="63" HEIGHT="33" WC="0.96" CONTENT="och"/><SP WIDTH="34" VPOS="1123" HPOS="1866"/>
							<String ID="string_186" HPOS="1900" VPOS="1124" WIDTH="72" HEIGHT="32" WC="0.96" CONTENT="dels"/>
						</TextLine>
						<TextLine ID="line_18" HPOS="370" VPOS="1169" WIDTH="1603" HEIGHT="47">
							<String ID="string_187" HPOS="370" VPOS="1170" WIDTH="76" HEIGHT="31" WC="0.96" CONTENT="med"/><SP WIDTH="24" VPOS="1170" HPOS="446"/>
							<String ID="string_188" HPOS="470" VPOS="1169" WIDTH="155" HEIGHT="32" WC="0.93" CONTENT="afseende"/><SP WIDTH="29" VPOS="1169" HPOS="625"/>
							<String ID="string_189" HPOS="654" VPOS="1172" WIDTH="19" HEIGHT="30" WC="0.91" CONTENT="å"/><SP WIDTH="25" VPOS="1172" HPOS="673"/>
							<String ID="string_190" HPOS="698" VPOS="1171" WIDTH="75" HEIGHT="38" WC="0.95" CONTENT="den,"/><SP WIDTH="26" VPOS="1171" HPOS="773"/>
							<String ID="string_191" HPOS="799" VPOS="1173" WIDTH="108" HEIGHT="30" WC="0.96" CONTENT="såsom"/><SP WIDTH="25" VPOS="1173" HPOS="907"/>
							<String ID="string_192" HPOS="932" VPOS="1172" WIDTH="234" HEIGHT="33" WC="0.96" CONTENT="erfarenheten"/><SP WIDTH="23" VPOS="1172" HPOS="1166"/>
							<String ID="string_193" HPOS="1189" VPOS="1175" WIDTH="94" HEIGHT="37" WC="0.96" CONTENT="visat,"/><SP WIDTH="33" VPOS="1175" HPOS="1283"/>
							<String ID="string_194" HPOS="1316" VPOS="1174" WIDTH="69" HEIGHT="31" WC="0.96" CONTENT="ofta"/><SP WIDTH="28" VPOS="1174" HPOS="1385"/>
							<String ID="string_195" HPOS="1413" VPOS="1174" WIDTH="272" HEIGHT="33" WC="0.93" CONTENT="förekommande"/><SP WIDTH="25" VPOS="1174" HPOS="1685"/>
							<String ID="string_196" HPOS="1710" VPOS="1175" WIDTH="263" HEIGHT="41" WC="0.92" CONTENT="prisstegringen"/>
						</TextLine>
						<TextLine ID="line_19" HPOS="371" VPOS="1220" WIDTH="1602" HEIGHT="46">
							<String ID="string_197" HPOS="371" VPOS="1222" WIDTH="20" HEIGHT="30" WC="0.91" CONTENT="å"/><SP WIDTH="23" VPOS="1222" HPOS="391"/>
							<String ID="string_198" HPOS="414" VPOS="1220" WIDTH="206" HEIGHT="41" WC="0.96" CONTENT="dagsverken"/><SP WIDTH="25" VPOS="1220" HPOS="620"/>
							<String ID="string_199" HPOS="645" VPOS="1221" WIDTH="63" HEIGHT="32" WC="0.93" CONTENT="och"/><SP WIDTH="23" VPOS="1221" HPOS="708"/>
							<String ID="string_200" HPOS="731" VPOS="1223" WIDTH="213" HEIGHT="38" WC="0.92" CONTENT="materialier,"/><SP WIDTH="24" VPOS="1223" HPOS="944"/>
							<String ID="string_201" HPOS="968" VPOS="1223" WIDTH="104" HEIGHT="33" WC="0.96" CONTENT="borde"/><SP WIDTH="25" VPOS="1223" HPOS="1072"/>
							<String ID="string_202" HPOS="1097" VPOS="1224" WIDTH="80" HEIGHT="32" WC="0.96" CONTENT="ökas"/><SP WIDTH="28" VPOS="1224" HPOS="1177"/>
							<String ID="string_203" HPOS="1205" VPOS="1224" WIDTH="75" HEIGHT="33" WC="0.96" CONTENT="med"/><SP WIDTH="35" VPOS="1224" HPOS="1280"/>
							<String ID="string_204" HPOS="1315" VPOS="1224" WIDTH="11" HEIGHT="32" WC="0.93" CONTENT="i"/><SP WIDTH="24" VPOS="1224" HPOS="1326"/>
							<String ID="string_205" HPOS="1350" VPOS="1224" WIDTH="103" HEIGHT="42" WC="0.92" CONTENT="jemnt"/><SP WIDTH="34" VPOS="1224" HPOS="1453"/>
							<String ID="string_206" HPOS="1487" VPOS="1225" WIDTH="46" HEIGHT="32" WC="0.93" CONTENT="tal"/><SP WIDTH="40" VPOS="1225" HPOS="1533"/>
							<String ID="string_207" HPOS="1573" VPOS="1227" WIDTH="164" HEIGHT="38" WC="0.89" CONTENT="1,180,000"/><SP WIDTH="36" VPOS="1227" HPOS="1737"/>
							<String ID="string_208" HPOS="1773" VPOS="1225" WIDTH="133" HEIGHT="39" WC="0.96" CONTENT="kronor,"/><SP WIDTH="30" VPOS="1225" HPOS="1906"/>
							<String ID="string_209" HPOS="1936" VPOS="1227" WIDTH="37" HEIGHT="31" WC="0.96" CONTENT="så"/>
						</TextLine>
						<TextLine ID="line_20" HPOS="370" VPOS="1271" WIDTH="1603" HEIGHT="47">
							<String ID="string_210" HPOS="370" VPOS="1274" WIDTH="50" HEIGHT="29" WC="0.96" CONTENT="att"/><SP WIDTH="35" VPOS="1274" HPOS="420"/>
							<String ID="string_211" HPOS="455" VPOS="1271" WIDTH="78" HEIGHT="33" WC="0.96" CONTENT="hela"/><SP WIDTH="28" VPOS="1271" HPOS="533"/>
							<String ID="string_212" HPOS="561" VPOS="1272" WIDTH="65" HEIGHT="32" WC="0.96" CONTENT="den"/><SP WIDTH="37" VPOS="1272" HPOS="626"/>
							<String ID="string_213" HPOS="663" VPOS="1273" WIDTH="218" HEIGHT="42" WC="0.95" CONTENT="erforderliga"/><SP WIDTH="27" VPOS="1273" HPOS="881"/>
							<String ID="string_214" HPOS="908" VPOS="1274" WIDTH="186" HEIGHT="33" WC="0.96" CONTENT="kostnaden"/><SP WIDTH="35" VPOS="1274" HPOS="1094"/>
							<String ID="string_215" HPOS="1129" VPOS="1275" WIDTH="51" HEIGHT="32" WC="0.96" CONTENT="för"/><SP WIDTH="39" VPOS="1275" HPOS="1180"/>
							<String ID="string_216" HPOS="1219" VPOS="1276" WIDTH="108" HEIGHT="32" WC="0.92" CONTENT="denna"/><SP WIDTH="22" VPOS="1276" HPOS="1327"/>
							<String ID="string_217" HPOS="1349" VPOS="1275" WIDTH="167" HEIGHT="42" WC="0.90" CONTENT="jernbana"/><SP WIDTH="26" VPOS="1275" HPOS="1516"/>
							<String ID="string_218" HPOS="1542" VPOS="1277" WIDTH="75" HEIGHT="32" WC="0.96" CONTENT="med"/><SP WIDTH="35" VPOS="1277" HPOS="1617"/>
							<String ID="string_219" HPOS="1652" VPOS="1277" WIDTH="68" HEIGHT="32" WC="0.96" CONTENT="lika"/><SP WIDTH="37" VPOS="1277" HPOS="1720"/>
							<String ID="string_220" HPOS="1757" VPOS="1280" WIDTH="100" HEIGHT="38" WC="0.93" CONTENT="tunga"/><SP WIDTH="27" VPOS="1280" HPOS="1857"/>
							<String ID="string_221" HPOS="1884" VPOS="1277" WIDTH="89" HEIGHT="32" WC="0.92" CONTENT="räler"/>
						</TextLine>
						<TextLine ID="line_21" HPOS="371" VPOS="1320" WIDTH="1600" HEIGHT="50">
							<String ID="string_222" HPOS="371" VPOS="1333" WIDTH="71" HEIGHT="21" WC="0.93" CONTENT="som"/><SP WIDTH="27" VPOS="1333" HPOS="442"/>
							<String ID="string_223" HPOS="469" VPOS="1320" WIDTH="255" HEIGHT="36" WC="0.91" CONTENT="hufvudbanans"/><SP WIDTH="25" VPOS="1320" HPOS="724"/>
							<String ID="string_224" HPOS="749" VPOS="1325" WIDTH="63" HEIGHT="31" WC="0.96" CONTENT="och"/><SP WIDTH="24" VPOS="1325" HPOS="812"/>
							<String ID="string_225" HPOS="836" VPOS="1327" WIDTH="72" HEIGHT="30" WC="0.93" CONTENT="med"/><SP WIDTH="24" VPOS="1327" HPOS="908"/>
							<String ID="string_226" HPOS="932" VPOS="1325" WIDTH="355" HEIGHT="44" WC="0.90" CONTENT="broöfverbyggnader"/><SP WIDTH="23" VPOS="1325" HPOS="1287"/>
							<String ID="string_227" HPOS="1310" VPOS="1327" WIDTH="36" HEIGHT="32" WC="0.93" CONTENT="af"/><SP WIDTH="13" VPOS="1327" HPOS="1346"/>
							<String ID="string_228" HPOS="1359" VPOS="1327" WIDTH="87" HEIGHT="41" WC="0.92" CONTENT="jern,"/><SP WIDTH="27" VPOS="1327" HPOS="1446"/>
							<String ID="string_229" HPOS="1473" VPOS="1327" WIDTH="35" HEIGHT="32" WC="0.96" CONTENT="af"/><SP WIDTH="31" VPOS="1327" HPOS="1508"/>
							<String ID="string_230" HPOS="1539" VPOS="1327" WIDTH="61" HEIGHT="32" WC="0.96" CONTENT="den"/><SP WIDTH="25" VPOS="1327" HPOS="1600"/>
							<String ID="string_231" HPOS="1625" VPOS="1328" WIDTH="121" HEIGHT="42" WC="0.96" CONTENT="styrka,"/><SP WIDTH="25" VPOS="1328" HPOS="1746"/>
							<String ID="string_232" HPOS="1771" VPOS="1331" WIDTH="48" HEIGHT="29" WC="0.96" CONTENT="att"/><SP WIDTH="26" VPOS="1331" HPOS="1819"/>
							<String ID="string_233" HPOS="1845" VPOS="1331" WIDTH="126" HEIGHT="29" WC="0.96" CONTENT="statens"/>
						</TextLine>
						<TextLine ID="line_22" HPOS="370" VPOS="1374" WIDTH="1603" HEIGHT="45">
							<String ID="string_234" HPOS="370" VPOS="1374" WIDTH="192" HEIGHT="32" WC="0.95" CONTENT="nuvarande"/><SP WIDTH="34" VPOS="1374" HPOS="562"/>
							<String ID="string_235" HPOS="596" VPOS="1377" WIDTH="133" HEIGHT="39" WC="0.95" CONTENT="tyngsta"/><SP WIDTH="25" VPOS="1377" HPOS="729"/>
							<String ID="string_236" HPOS="754" VPOS="1375" WIDTH="182" HEIGHT="34" WC="0.96" CONTENT="lokomotiv"/><SP WIDTH="36" VPOS="1375" HPOS="936"/>
							<String ID="string_237" HPOS="972" VPOS="1377" WIDTH="109" HEIGHT="32" WC="0.89" CONTENT="kunde"/><SP WIDTH="40" VPOS="1377" HPOS="1081"/>
							<String ID="string_238" HPOS="1121" VPOS="1377" WIDTH="152" HEIGHT="33" WC="0.89" CONTENT="deröfver"/><SP WIDTH="26" VPOS="1377" HPOS="1273"/>
							<String ID="string_239" HPOS="1299" VPOS="1388" WIDTH="149" HEIGHT="31" WC="0.93" CONTENT="passera,"/><SP WIDTH="36" VPOS="1388" HPOS="1448"/>
							<String ID="string_240" HPOS="1484" VPOS="1377" WIDTH="190" HEIGHT="42" WC="0.90" CONTENT="derigenom"/><SP WIDTH="35" VPOS="1377" HPOS="1674"/>
							<String ID="string_241" HPOS="1709" VPOS="1379" WIDTH="104" HEIGHT="33" WC="0.95" CONTENT="skulle"/><SP WIDTH="28" VPOS="1379" HPOS="1813"/>
							<String ID="string_242" HPOS="1841" VPOS="1379" WIDTH="132" HEIGHT="32" WC="0.96" CONTENT="komma"/>
						</TextLine>
						<TextLine ID="line_23" HPOS="369" VPOS="1425" WIDTH="1481" HEIGHT="48">
							<String ID="string_243" HPOS="369" VPOS="1427" WIDTH="51" HEIGHT="30" WC="0.96" CONTENT="att"/><SP WIDTH="22" VPOS="1427" HPOS="420"/>
							<String ID="string_244" HPOS="442" VPOS="1426" WIDTH="111" HEIGHT="41" WC="0.96" CONTENT="uppgå"/><SP WIDTH="26" VPOS="1426" HPOS="553"/>
							<String ID="string_245" HPOS="579" VPOS="1425" WIDTH="10" HEIGHT="32" WC="0.93" CONTENT="i"/><SP WIDTH="23" VPOS="1425" HPOS="589"/>
							<String ID="string_246" HPOS="612" VPOS="1425" WIDTH="150" HEIGHT="42" WC="0.91" CONTENT="jemnadt"/><SP WIDTH="28" VPOS="1425" HPOS="762"/>
							<String ID="string_247" HPOS="790" VPOS="1427" WIDTH="47" HEIGHT="32" WC="0.96" CONTENT="tal"/><SP WIDTH="23" VPOS="1427" HPOS="837"/>
							<String ID="string_248" HPOS="860" VPOS="1427" WIDTH="49" HEIGHT="32" WC="0.92" CONTENT="till"/><SP WIDTH="26" VPOS="1427" HPOS="909"/>
							<String ID="string_249" HPOS="935" VPOS="1431" WIDTH="185" HEIGHT="37" WC="0.92" CONTENT="11,250,000"/><SP WIDTH="23" VPOS="1431" HPOS="1120"/>
							<String ID="string_250" HPOS="1143" VPOS="1429" WIDTH="125" HEIGHT="32" WC="0.96" CONTENT="kronor"/><SP WIDTH="23" VPOS="1429" HPOS="1268"/>
							<String ID="string_251" HPOS="1291" VPOS="1429" WIDTH="79" HEIGHT="32" WC="0.93" CONTENT="eller"/><SP WIDTH="27" VPOS="1429" HPOS="1370"/>
							<String ID="string_252" HPOS="1397" VPOS="1431" WIDTH="134" HEIGHT="38" WC="0.91" CONTENT="839,553"/><SP WIDTH="25" VPOS="1431" HPOS="1531"/>
							<String ID="string_253" HPOS="1556" VPOS="1430" WIDTH="122" HEIGHT="32" WC="0.95" CONTENT="kronor"/><SP WIDTH="26" VPOS="1430" HPOS="1678"/>
							<String ID="string_254" HPOS="1704" VPOS="1441" WIDTH="60" HEIGHT="32" WC="0.95" CONTENT="per"/><SP WIDTH="22" VPOS="1441" HPOS="1764"/>
							<String ID="string_255" HPOS="1786" VPOS="1430" WIDTH="64" HEIGHT="32" WC="0.96" CONTENT="mil."/>
						</TextLine>
					</TextBlock>
					<TextBlock ID="block_3" HPOS="366" VPOS="1476" WIDTH="1608" HEIGHT="762">
						<TextLine ID="line_24" HPOS="504" VPOS="1476" WIDTH="1468" HEIGHT="45">
							<String ID="string_256" HPOS="504" VPOS="1476" WIDTH="172" HEIGHT="42" WC="0.96" CONTENT="Styrelsen"/><SP WIDTH="23" VPOS="1476" HPOS="676"/>
							<String ID="string_257" HPOS="699" VPOS="1478" WIDTH="61" HEIGHT="32" WC="0.96" CONTENT="har"/><SP WIDTH="23" VPOS="1478" HPOS="760"/>
							<String ID="string_258" HPOS="783" VPOS="1478" WIDTH="114" HEIGHT="33" WC="0.96" CONTENT="vidare"/><SP WIDTH="24" VPOS="1478" HPOS="897"/>
							<String ID="string_259" HPOS="921" VPOS="1482" WIDTH="110" HEIGHT="30" WC="0.96" CONTENT="ansett"/><SP WIDTH="24" VPOS="1482" HPOS="1031"/>
							<String ID="string_260" HPOS="1055" VPOS="1480" WIDTH="56" HEIGHT="33" WC="0.93" CONTENT="det"/><SP WIDTH="23" VPOS="1480" HPOS="1111"/>
							<String ID="string_261" HPOS="1134" VPOS="1480" WIDTH="315" HEIGHT="41" WC="0.92" CONTENT="ändamålsenligast"/><SP WIDTH="29" VPOS="1480" HPOS="1449"/>
							<String ID="string_262" HPOS="1478" VPOS="1484" WIDTH="49" HEIGHT="29" WC="0.96" CONTENT="att"/><SP WIDTH="26" VPOS="1484" HPOS="1527"/>
							<String ID="string_263" HPOS="1553" VPOS="1482" WIDTH="91" HEIGHT="31" WC="0.96" CONTENT="tiden"/><SP WIDTH="38" VPOS="1482" HPOS="1644"/>
							<String ID="string_264" HPOS="1682" VPOS="1481" WIDTH="52" HEIGHT="33" WC="0.96" CONTENT="för"/><SP WIDTH="23" VPOS="1481" HPOS="1734"/>
							<String ID="string_265" HPOS="1757" VPOS="1482" WIDTH="125" HEIGHT="32" WC="0.93" CONTENT="banans"/><SP WIDTH="24" VPOS="1482" HPOS="1882"/>
							<String ID="string_266" HPOS="1906" VPOS="1482" WIDTH="66" HEIGHT="32" WC="0.91" CONTENT="fär-"/>
						</TextLine>
						<TextLine ID="line_25" HPOS="371" VPOS="1526" WIDTH="1602" HEIGHT="48">
							<String ID="string_267" HPOS="371" VPOS="1526" WIDTH="231" HEIGHT="42" WC="0.92" CONTENT="digbyggande"/><SP WIDTH="23" VPOS="1526" HPOS="602"/>
							<String ID="string_268" HPOS="625" VPOS="1528" WIDTH="192" HEIGHT="33" WC="0.96" CONTENT="bestämdes"/><SP WIDTH="27" VPOS="1528" HPOS="817"/>
							<String ID="string_269" HPOS="844" VPOS="1530" WIDTH="50" HEIGHT="31" WC="0.95" CONTENT="till"/><SP WIDTH="33" VPOS="1530" HPOS="894"/>
							<String ID="string_270" HPOS="927" VPOS="1533" WIDTH="8" HEIGHT="29" WC="0.95" CONTENT="3"/><SP WIDTH="24" VPOS="1533" HPOS="935"/>
							<String ID="string_271" HPOS="959" VPOS="1531" WIDTH="99" HEIGHT="40" WC="0.96" CONTENT="högst"/><SP WIDTH="33" VPOS="1531" HPOS="1058"/>
							<String ID="string_272" HPOS="1091" VPOS="1534" WIDTH="16" HEIGHT="29" WC="0.96" CONTENT="5"/><SP WIDTH="38" VPOS="1534" HPOS="1107"/>
							<String ID="string_273" HPOS="1145" VPOS="1535" WIDTH="46" HEIGHT="36" WC="0.95" CONTENT="år,"/><SP WIDTH="41" VPOS="1535" HPOS="1191"/>
							<String ID="string_274" HPOS="1232" VPOS="1532" WIDTH="213" HEIGHT="40" WC="0.96" CONTENT="hvarigenom"/><SP WIDTH="29" VPOS="1532" HPOS="1445"/>
							<String ID="string_275" HPOS="1474" VPOS="1532" WIDTH="162" HEIGHT="33" WC="0.96" CONTENT="arbetena"/><SP WIDTH="28" VPOS="1532" HPOS="1636"/>
							<String ID="string_276" HPOS="1664" VPOS="1533" WIDTH="110" HEIGHT="33" WC="0.96" CONTENT="kunde"/><SP WIDTH="23" VPOS="1533" HPOS="1774"/>
							<String ID="string_277" HPOS="1797" VPOS="1534" WIDTH="110" HEIGHT="40" WC="0.96" CONTENT="fortgå"/><SP WIDTH="22" VPOS="1534" HPOS="1907"/>
							<String ID="string_278" HPOS="1929" VPOS="1535" WIDTH="44" HEIGHT="39" WC="0.96" CONTENT="på"/>
						</TextLine>
						<TextLine ID="line_26" HPOS="372" VPOS="1578" WIDTH="1600" HEIGHT="47">
							<String ID="string_279" HPOS="372" VPOS="1580" WIDTH="47" HEIGHT="30" WC="0.96" CONTENT="ett"/><SP WIDTH="23" VPOS="1580" HPOS="419"/>
							<String ID="string_280" HPOS="442" VPOS="1578" WIDTH="87" HEIGHT="33" WC="0.91" CONTENT="enda"/><SP WIDTH="23" VPOS="1578" HPOS="529"/>
							<String ID="string_281" HPOS="552" VPOS="1578" WIDTH="261" HEIGHT="43" WC="0.91" CONTENT="arbetsdistrikt,"/><SP WIDTH="31" VPOS="1578" HPOS="813"/>
							<String ID="string_282" HPOS="844" VPOS="1581" WIDTH="63" HEIGHT="32" WC="0.96" CONTENT="och"/><SP WIDTH="37" VPOS="1581" HPOS="907"/>
							<String ID="string_283" HPOS="944" VPOS="1584" WIDTH="49" HEIGHT="30" WC="0.96" CONTENT="att"/><SP WIDTH="36" VPOS="1584" HPOS="993"/>
							<String ID="string_284" HPOS="1029" VPOS="1582" WIDTH="40" HEIGHT="32" WC="0.96" CONTENT="de"/><SP WIDTH="36" VPOS="1582" HPOS="1069"/>
							<String ID="string_285" HPOS="1105" VPOS="1582" WIDTH="106" HEIGHT="43" WC="0.96" CONTENT="årliga"/><SP WIDTH="37" VPOS="1582" HPOS="1211"/>
							<String ID="string_286" HPOS="1248" VPOS="1582" WIDTH="155" HEIGHT="41" WC="0.93" CONTENT="anslagen"/><SP WIDTH="34" VPOS="1582" HPOS="1403"/>
							<String ID="string_287" HPOS="1437" VPOS="1583" WIDTH="173" HEIGHT="42" WC="0.92" CONTENT="lämpades"/><SP WIDTH="44" VPOS="1583" HPOS="1610"/>
							<String ID="string_288" HPOS="1654" VPOS="1586" WIDTH="36" HEIGHT="30" WC="0.96" CONTENT="så"/><SP WIDTH="34" VPOS="1586" HPOS="1690"/>
							<String ID="string_289" HPOS="1724" VPOS="1586" WIDTH="49" HEIGHT="31" WC="0.95" CONTENT="att"/><SP WIDTH="37" VPOS="1586" HPOS="1773"/>
							<String ID="string_290" HPOS="1810" VPOS="1584" WIDTH="162" HEIGHT="33" WC="0.96" CONTENT="arbetena"/>
						</TextLine>
						<TextLine ID="line_27" HPOS="370" VPOS="1628" WIDTH="1601" HEIGHT="48">
							<String ID="string_291" HPOS="370" VPOS="1628" WIDTH="110" HEIGHT="33" WC="0.95" CONTENT="kunde"/><SP WIDTH="25" VPOS="1628" HPOS="480"/>
							<String ID="string_292" HPOS="505" VPOS="1629" WIDTH="41" HEIGHT="32" WC="0.96" CONTENT="de"/><SP WIDTH="28" VPOS="1629" HPOS="546"/>
							<String ID="string_293" HPOS="574" VPOS="1630" WIDTH="105" HEIGHT="32" WC="0.96" CONTENT="första"/><SP WIDTH="27" VPOS="1630" HPOS="679"/>
							<String ID="string_294" HPOS="706" VPOS="1631" WIDTH="108" HEIGHT="41" WC="0.96" CONTENT="begge"/><SP WIDTH="26" VPOS="1631" HPOS="814"/>
							<String ID="string_295" HPOS="840" VPOS="1633" WIDTH="79" HEIGHT="31" WC="0.93" CONTENT="åren"/><SP WIDTH="24" VPOS="1633" HPOS="919"/>
							<String ID="string_296" HPOS="943" VPOS="1633" WIDTH="164" HEIGHT="33" WC="0.92" CONTENT="bedrifvas"/><SP WIDTH="23" VPOS="1633" HPOS="1107"/>
							<String ID="string_297" HPOS="1130" VPOS="1634" WIDTH="77" HEIGHT="33" WC="0.96" CONTENT="med"/><SP WIDTH="29" VPOS="1634" HPOS="1207"/>
							<String ID="string_298" HPOS="1236" VPOS="1637" WIDTH="107" HEIGHT="29" WC="0.96" CONTENT="större"/><SP WIDTH="24" VPOS="1637" HPOS="1343"/>
							<String ID="string_299" HPOS="1367" VPOS="1634" WIDTH="239" HEIGHT="42" WC="0.96" CONTENT="arbetsstyrka,"/><SP WIDTH="38" VPOS="1634" HPOS="1606"/>
							<String ID="string_300" HPOS="1644" VPOS="1635" WIDTH="133" HEIGHT="33" WC="0.96" CONTENT="hvilken"/><SP WIDTH="24" VPOS="1635" HPOS="1777"/>
							<String ID="string_301" HPOS="1801" VPOS="1636" WIDTH="105" HEIGHT="31" WC="0.96" CONTENT="under"/><SP WIDTH="24" VPOS="1636" HPOS="1906"/>
							<String ID="string_302" HPOS="1930" VPOS="1635" WIDTH="41" HEIGHT="33" WC="0.95" CONTENT="de"/>
						</TextLine>
						<TextLine ID="line_28" HPOS="371" VPOS="1680" WIDTH="1603" HEIGHT="48">
							<String ID="string_303" HPOS="371" VPOS="1680" WIDTH="213" HEIGHT="32" WC="0.95" CONTENT="återstående"/><SP WIDTH="29" VPOS="1680" HPOS="584"/>
							<String ID="string_304" HPOS="613" VPOS="1682" WIDTH="80" HEIGHT="31" WC="0.96" CONTENT="åren"/><SP WIDTH="37" VPOS="1682" HPOS="693"/>
							<String ID="string_305" HPOS="730" VPOS="1683" WIDTH="208" HEIGHT="41" WC="0.96" CONTENT="småningom"/><SP WIDTH="27" VPOS="1683" HPOS="938"/>
							<String ID="string_306" HPOS="965" VPOS="1684" WIDTH="109" HEIGHT="32" WC="0.95" CONTENT="kunde"/><SP WIDTH="37" VPOS="1684" HPOS="1074"/>
							<String ID="string_307" HPOS="1111" VPOS="1685" WIDTH="158" HEIGHT="40" WC="0.93" CONTENT="minskas,"/><SP WIDTH="39" VPOS="1685" HPOS="1269"/>
							<String ID="string_308" HPOS="1308" VPOS="1685" WIDTH="180" HEIGHT="42" WC="0.92" CONTENT="hvarjemte"/><SP WIDTH="39" VPOS="1685" HPOS="1488"/>
							<String ID="string_309" HPOS="1527" VPOS="1685" WIDTH="180" HEIGHT="42" WC="0.81" CONTENT="Styrelsen,"/><SP WIDTH="23" VPOS="1685" HPOS="1707"/>
							<String ID="string_310" HPOS="1730" VPOS="1688" WIDTH="43" HEIGHT="40" WC="0.96" CONTENT="på"/><SP WIDTH="36" VPOS="1688" HPOS="1773"/>
							<String ID="string_311" HPOS="1809" VPOS="1687" WIDTH="107" HEIGHT="40" WC="0.96" CONTENT="grund"/><SP WIDTH="25" VPOS="1687" HPOS="1916"/>
							<String ID="string_312" HPOS="1941" VPOS="1686" WIDTH="33" HEIGHT="33" WC="0.95" CONTENT="af"/>
						</TextLine>
						<TextLine ID="line_29" HPOS="370" VPOS="1730" WIDTH="1604" HEIGHT="49">
							<String ID="string_313" HPOS="370" VPOS="1730" WIDTH="168" HEIGHT="42" WC="0.93" CONTENT="åtskilliga"/><SP WIDTH="23" VPOS="1730" HPOS="538"/>
							<String ID="string_314" HPOS="561" VPOS="1733" WIDTH="20" HEIGHT="30" WC="0.92" CONTENT="å"/><SP WIDTH="23" VPOS="1733" HPOS="581"/>
							<String ID="string_315" HPOS="604" VPOS="1732" WIDTH="60" HEIGHT="32" WC="0.96" CONTENT="sid."/><SP WIDTH="27" VPOS="1732" HPOS="664"/>
							<String ID="string_316" HPOS="691" VPOS="1736" WIDTH="39" HEIGHT="29" WC="0.96" CONTENT="49"/><SP WIDTH="25" VPOS="1736" HPOS="730"/>
							<String ID="string_317" HPOS="755" VPOS="1733" WIDTH="35" HEIGHT="33" WC="0.93" CONTENT="af"/><SP WIDTH="19" VPOS="1733" HPOS="790"/>
							<String ID="string_318" HPOS="809" VPOS="1735" WIDTH="365" HEIGHT="41" WC="0.89" CONTENT="statsrådsprotokollet"/><SP WIDTH="28" VPOS="1735" HPOS="1174"/>
							<String ID="string_319" HPOS="1202" VPOS="1736" WIDTH="139" HEIGHT="33" WC="0.96" CONTENT="anförda"/><SP WIDTH="35" VPOS="1736" HPOS="1341"/>
							<String ID="string_320" HPOS="1376" VPOS="1736" WIDTH="244" HEIGHT="42" WC="0.95" CONTENT="förhållanden,"/><SP WIDTH="29" VPOS="1736" HPOS="1620"/>
							<String ID="string_321" HPOS="1649" VPOS="1737" WIDTH="120" HEIGHT="33" WC="0.96" CONTENT="uttalat"/><SP WIDTH="24" VPOS="1737" HPOS="1769"/>
							<String ID="string_322" HPOS="1793" VPOS="1737" WIDTH="73" HEIGHT="33" WC="0.90" CONTENT="den"/><SP WIDTH="20" VPOS="1737" HPOS="1866"/>
							<String ID="string_323" HPOS="1886" VPOS="1737" WIDTH="88" HEIGHT="42" WC="0.89" CONTENT="åsigt"/>
						</TextLine>
						<TextLine ID="line_30" HPOS="370" VPOS="1781" WIDTH="1603" HEIGHT="48">
							<String ID="string_324" HPOS="370" VPOS="1784" WIDTH="49" HEIGHT="29" WC="0.96" CONTENT="att"/><SP WIDTH="26" VPOS="1784" HPOS="419"/>
							<String ID="string_325" HPOS="445" VPOS="1781" WIDTH="195" HEIGHT="34" WC="0.96" CONTENT="utförandet"/><SP WIDTH="23" VPOS="1781" HPOS="640"/>
							<String ID="string_326" HPOS="663" VPOS="1784" WIDTH="34" HEIGHT="32" WC="0.95" CONTENT="af"/><SP WIDTH="27" VPOS="1784" HPOS="697"/>
							<String ID="string_327" HPOS="724" VPOS="1784" WIDTH="64" HEIGHT="32" WC="0.96" CONTENT="den"/><SP WIDTH="23" VPOS="1784" HPOS="788"/>
							<String ID="string_328" HPOS="811" VPOS="1785" WIDTH="250" HEIGHT="41" WC="0.92" CONTENT="ifrågavarande"/><SP WIDTH="14" VPOS="1785" HPOS="1061"/>
							<String ID="string_329" HPOS="1075" VPOS="1787" WIDTH="387" HEIGHT="42" WC="0.91" CONTENT="jernvägsförbindelsen"/><SP WIDTH="23" VPOS="1787" HPOS="1462"/>
							<String ID="string_330" HPOS="1485" VPOS="1788" WIDTH="107" HEIGHT="41" WC="0.96" CONTENT="aldrig"/><SP WIDTH="22" VPOS="1788" HPOS="1592"/>
							<String ID="string_331" HPOS="1614" VPOS="1788" WIDTH="104" HEIGHT="32" WC="0.96" CONTENT="skulle"/><SP WIDTH="18" VPOS="1788" HPOS="1718"/>
							<String ID="string_332" HPOS="1736" VPOS="1788" WIDTH="109" HEIGHT="33" WC="0.93" CONTENT="kunna"/><SP WIDTH="17" VPOS="1788" HPOS="1845"/>
							<String ID="string_333" HPOS="1862" VPOS="1788" WIDTH="111" HEIGHT="33" WC="0.91" CONTENT="åstad-"/>
						</TextLine>
						<TextLine ID="line_31" HPOS="368" VPOS="1831" WIDTH="1605" HEIGHT="50">
							<String ID="string_334" HPOS="368" VPOS="1831" WIDTH="149" HEIGHT="33" WC="0.96" CONTENT="kommas"/><SP WIDTH="36" VPOS="1831" HPOS="517"/>
							<String ID="string_335" HPOS="553" VPOS="1834" WIDTH="72" HEIGHT="31" WC="0.96" CONTENT="med"/><SP WIDTH="27" VPOS="1834" HPOS="625"/>
							<String ID="string_336" HPOS="652" VPOS="1834" WIDTH="128" HEIGHT="34" WC="0.96" CONTENT="mindre"/><SP WIDTH="28" VPOS="1834" HPOS="780"/>
							<String ID="string_337" HPOS="808" VPOS="1835" WIDTH="154" HEIGHT="41" WC="0.96" CONTENT="kostnad,"/><SP WIDTH="35" VPOS="1835" HPOS="962"/>
							<String ID="string_338" HPOS="997" VPOS="1841" WIDTH="43" HEIGHT="29" WC="0.96" CONTENT="än"/><SP WIDTH="28" VPOS="1841" HPOS="1040"/>
							<String ID="string_339" HPOS="1068" VPOS="1849" WIDTH="51" HEIGHT="22" WC="0.96" CONTENT="om"/><SP WIDTH="30" VPOS="1849" HPOS="1119"/>
							<String ID="string_340" HPOS="1149" VPOS="1839" WIDTH="56" HEIGHT="32" WC="0.95" CONTENT="det"/><SP WIDTH="29" VPOS="1839" HPOS="1205"/>
							<String ID="string_341" HPOS="1234" VPOS="1839" WIDTH="86" HEIGHT="42" WC="0.96" CONTENT="finge"/><SP WIDTH="24" VPOS="1839" HPOS="1320"/>
							<String ID="string_342" HPOS="1344" VPOS="1838" WIDTH="57" HEIGHT="33" WC="0.96" CONTENT="ske"/><SP WIDTH="28" VPOS="1838" HPOS="1401"/>
							<String ID="string_343" HPOS="1429" VPOS="1841" WIDTH="79" HEIGHT="30" WC="0.93" CONTENT="utan"/><SP WIDTH="24" VPOS="1841" HPOS="1508"/>
							<String ID="string_344" HPOS="1532" VPOS="1839" WIDTH="127" HEIGHT="33" WC="0.92" CONTENT="afbrott"/><SP WIDTH="24" VPOS="1839" HPOS="1659"/>
							<String ID="string_345" HPOS="1683" VPOS="1840" WIDTH="63" HEIGHT="32" WC="0.96" CONTENT="och"/><SP WIDTH="26" VPOS="1840" HPOS="1746"/>
							<String ID="string_346" HPOS="1772" VPOS="1840" WIDTH="11" HEIGHT="31" WC="0.93" CONTENT="i"/><SP WIDTH="24" VPOS="1840" HPOS="1783"/>
							<String ID="string_347" HPOS="1807" VPOS="1850" WIDTH="166" HEIGHT="22" WC="0.91" CONTENT="samman-"/>
						</TextLine>
						<TextLine ID="line_32" HPOS="368" VPOS="1882" WIDTH="1603" HEIGHT="49">
							<String ID="string_348" HPOS="368" VPOS="1882" WIDTH="90" HEIGHT="41" WC="0.96" CONTENT="hang"/><SP WIDTH="22" VPOS="1882" HPOS="458"/>
							<String ID="string_349" HPOS="480" VPOS="1884" WIDTH="75" HEIGHT="32" WC="0.96" CONTENT="med"/><SP WIDTH="36" VPOS="1884" HPOS="555"/>
							<String ID="string_350" HPOS="591" VPOS="1884" WIDTH="40" HEIGHT="33" WC="0.96" CONTENT="de"/><SP WIDTH="37" VPOS="1884" HPOS="631"/>
							<String ID="string_351" HPOS="668" VPOS="1896" WIDTH="43" HEIGHT="21" WC="0.96" CONTENT="nu"/><SP WIDTH="35" VPOS="1896" HPOS="711"/>
							<String ID="string_352" HPOS="746" VPOS="1888" WIDTH="173" HEIGHT="40" WC="0.93" CONTENT="pågående"/><SP WIDTH="33" VPOS="1888" HPOS="919"/>
							<String ID="string_353" HPOS="952" VPOS="1889" WIDTH="322" HEIGHT="42" WC="0.91" CONTENT="jernvägsarbetena"/><SP WIDTH="36" VPOS="1889" HPOS="1274"/>
							<String ID="string_354" HPOS="1310" VPOS="1890" WIDTH="89" HEIGHT="32" WC="0.96" CONTENT="inom"/><SP WIDTH="36" VPOS="1890" HPOS="1399"/>
							<String ID="string_355" HPOS="1435" VPOS="1890" WIDTH="183" HEIGHT="40" WC="0.95" CONTENT="Norrland;"/><SP WIDTH="36" VPOS="1890" HPOS="1618"/>
							<String ID="string_356" HPOS="1654" VPOS="1891" WIDTH="215" HEIGHT="40" WC="0.96" CONTENT="hvarigenom"/><SP WIDTH="28" VPOS="1891" HPOS="1869"/>
							<String ID="string_357" HPOS="1897" VPOS="1901" WIDTH="74" HEIGHT="22" WC="0.95" CONTENT="man"/>
						</TextLine>
						<TextLine ID="line_33" HPOS="369" VPOS="1933" WIDTH="1603" HEIGHT="50">
							<String ID="string_358" HPOS="369" VPOS="1933" WIDTH="97" HEIGHT="33" WC="0.96" CONTENT="äfven"/><SP WIDTH="27" VPOS="1933" HPOS="466"/>
							<String ID="string_359" HPOS="493" VPOS="1934" WIDTH="109" HEIGHT="33" WC="0.96" CONTENT="kunde"/><SP WIDTH="23" VPOS="1934" HPOS="602"/>
							<String ID="string_360" HPOS="625" VPOS="1937" WIDTH="49" HEIGHT="31" WC="0.96" CONTENT="till"/><SP WIDTH="30" VPOS="1937" HPOS="674"/>
							<String ID="string_361" HPOS="704" VPOS="1940" WIDTH="70" HEIGHT="30" WC="0.96" CONTENT="stor"/><SP WIDTH="24" VPOS="1940" HPOS="774"/>
							<String ID="string_362" HPOS="798" VPOS="1938" WIDTH="53" HEIGHT="32" WC="0.96" CONTENT="del"/><SP WIDTH="23" VPOS="1938" HPOS="851"/>
							<String ID="string_363" HPOS="874" VPOS="1939" WIDTH="145" HEIGHT="34" WC="0.96" CONTENT="undvika"/><SP WIDTH="24" VPOS="1939" HPOS="1019"/>
							<String ID="string_364" HPOS="1043" VPOS="1941" WIDTH="64" HEIGHT="32" WC="0.92" CONTENT="den"/><SP WIDTH="28" VPOS="1941" HPOS="1107"/>
							<String ID="string_365" HPOS="1135" VPOS="1942" WIDTH="143" HEIGHT="41" WC="0.91" CONTENT="menliga"/><SP WIDTH="36" VPOS="1942" HPOS="1278"/>
							<String ID="string_366" HPOS="1314" VPOS="1940" WIDTH="168" HEIGHT="40" WC="0.96" CONTENT="inverkan,"/><SP WIDTH="38" VPOS="1940" HPOS="1482"/>
							<String ID="string_367" HPOS="1520" VPOS="1952" WIDTH="68" HEIGHT="21" WC="0.94" CONTENT="som"/><SP WIDTH="29" VPOS="1952" HPOS="1588"/>
							<String ID="string_368" HPOS="1617" VPOS="1945" WIDTH="48" HEIGHT="29" WC="0.94" CONTENT="ett"/><SP WIDTH="29" VPOS="1945" HPOS="1665"/>
							<String ID="string_369" HPOS="1694" VPOS="1942" WIDTH="126" HEIGHT="41" WC="0.93" CONTENT="hastigt"/><SP WIDTH="26" VPOS="1942" HPOS="1820"/>
							<String ID="string_370" HPOS="1846" VPOS="1942" WIDTH="126" HEIGHT="32" WC="0.91" CONTENT="afbrott"/>
						</TextLine>
						<TextLine ID="line_34" HPOS="367" VPOS="1984" WIDTH="1604" HEIGHT="47">
							<String ID="string_371" HPOS="367" VPOS="1984" WIDTH="11" HEIGHT="32" WC="0.95" CONTENT="i"/><SP WIDTH="29" VPOS="1984" HPOS="378"/>
							<String ID="string_372" HPOS="407" VPOS="1988" WIDTH="124" HEIGHT="29" WC="0.92" CONTENT="statens"/><SP WIDTH="18" VPOS="1988" HPOS="531"/>
							<String ID="string_373" HPOS="549" VPOS="1987" WIDTH="356" HEIGHT="44" WC="0.91" CONTENT="jernvägsbyggnader"/><SP WIDTH="28" VPOS="1987" HPOS="905"/>
							<String ID="string_374" HPOS="933" VPOS="1991" WIDTH="103" HEIGHT="33" WC="0.95" CONTENT="skulle"/><SP WIDTH="36" VPOS="1991" HPOS="1036"/>
							<String ID="string_375" HPOS="1072" VPOS="1992" WIDTH="150" HEIGHT="33" WC="0.96" CONTENT="medföra"/><SP WIDTH="26" VPOS="1992" HPOS="1222"/>
							<String ID="string_376" HPOS="1248" VPOS="1993" WIDTH="72" HEIGHT="32" WC="0.93" CONTENT="icke"/><SP WIDTH="29" VPOS="1993" HPOS="1320"/>
							<String ID="string_377" HPOS="1349" VPOS="1992" WIDTH="143" HEIGHT="33" WC="0.91" CONTENT="allenast"/><SP WIDTH="22" VPOS="1992" HPOS="1492"/>
							<String ID="string_378" HPOS="1514" VPOS="1992" WIDTH="51" HEIGHT="32" WC="0.96" CONTENT="för"/><SP WIDTH="23" VPOS="1992" HPOS="1565"/>
							<String ID="string_379" HPOS="1588" VPOS="1993" WIDTH="65" HEIGHT="32" WC="0.96" CONTENT="den"/><SP WIDTH="37" VPOS="1993" HPOS="1653"/>
							<String ID="string_380" HPOS="1690" VPOS="1993" WIDTH="151" HEIGHT="32" WC="0.93" CONTENT="enskilda"/><SP WIDTH="35" VPOS="1993" HPOS="1841"/>
							<String ID="string_381" HPOS="1876" VPOS="1993" WIDTH="95" HEIGHT="32" WC="0.92" CONTENT="indu-"/>
						</TextLine>
						<TextLine ID="line_35" HPOS="367" VPOS="2036" WIDTH="1604" HEIGHT="49">
							<String ID="string_382" HPOS="367" VPOS="2036" WIDTH="103" HEIGHT="32" WC="0.91" CONTENT="strien"/><SP WIDTH="23" VPOS="2036" HPOS="470"/>
							<String ID="string_383" HPOS="493" VPOS="2036" WIDTH="89" HEIGHT="33" WC="0.96" CONTENT="inom"/><SP WIDTH="26" VPOS="2036" HPOS="582"/>
							<String ID="string_384" HPOS="608" VPOS="2038" WIDTH="124" HEIGHT="42" WC="0.96" CONTENT="landet,"/><SP WIDTH="23" VPOS="2038" HPOS="732"/>
							<String ID="string_385" HPOS="755" VPOS="2042" WIDTH="80" HEIGHT="30" WC="0.96" CONTENT="utan"/><SP WIDTH="24" VPOS="2042" HPOS="835"/>
							<String ID="string_386" HPOS="859" VPOS="2041" WIDTH="97" HEIGHT="32" WC="0.96" CONTENT="äfven"/><SP WIDTH="25" VPOS="2041" HPOS="956"/>
							<String ID="string_387" HPOS="981" VPOS="2043" WIDTH="62" HEIGHT="32" WC="0.96" CONTENT="och"/><SP WIDTH="26" VPOS="2043" HPOS="1043"/>
							<String ID="string_388" HPOS="1069" VPOS="2044" WIDTH="208" HEIGHT="41" WC="0.95" CONTENT="synnerligen"/><SP WIDTH="22" VPOS="2044" HPOS="1277"/>
							<String ID="string_389" HPOS="1299" VPOS="2043" WIDTH="52" HEIGHT="32" WC="0.96" CONTENT="för"/><SP WIDTH="28" VPOS="2043" HPOS="1351"/>
							<String ID="string_390" HPOS="1379" VPOS="2043" WIDTH="64" HEIGHT="33" WC="0.96" CONTENT="den"/><SP WIDTH="30" VPOS="2043" HPOS="1443"/>
							<String ID="string_391" HPOS="1473" VPOS="2044" WIDTH="120" HEIGHT="40" WC="0.96" CONTENT="mängd"/><SP WIDTH="24" VPOS="2044" HPOS="1593"/>
							<String ID="string_392" HPOS="1617" VPOS="2044" WIDTH="164" HEIGHT="40" WC="0.96" CONTENT="arbetare,"/><SP WIDTH="30" VPOS="2044" HPOS="1781"/>
							<String ID="string_393" HPOS="1811" VPOS="2054" WIDTH="71" HEIGHT="22" WC="0.96" CONTENT="som"/><SP WIDTH="35" VPOS="2054" HPOS="1882"/>
							<String ID="string_394" HPOS="1917" VPOS="2044" WIDTH="54" HEIGHT="32" WC="0.96" CONTENT="vid"/>
						</TextLine>
						<TextLine ID="line_36" HPOS="369" VPOS="2086" WIDTH="1603" HEIGHT="50">
							<String ID="string_395" HPOS="369" VPOS="2086" WIDTH="100" HEIGHT="33" WC="0.96" CONTENT="dessa"/><SP WIDTH="23" VPOS="2086" HPOS="469"/>
							<String ID="string_396" HPOS="492" VPOS="2087" WIDTH="195" HEIGHT="42" WC="0.96" CONTENT="byggnader"/><SP WIDTH="22" VPOS="2087" HPOS="687"/>
							<String ID="string_397" HPOS="709" VPOS="2091" WIDTH="71" HEIGHT="32" WC="0.96" CONTENT="haft"/><SP WIDTH="33" VPOS="2091" HPOS="780"/>
							<String ID="string_398" HPOS="813" VPOS="2102" WIDTH="39" HEIGHT="21" WC="0.96" CONTENT="en"/><SP WIDTH="36" VPOS="2102" HPOS="852"/>
							<String ID="string_399" HPOS="888" VPOS="2091" WIDTH="130" HEIGHT="43" WC="0.72" CONTENT="flerårig"/><SP WIDTH="32" VPOS="2091" HPOS="1018"/>
							<String ID="string_400" HPOS="1050" VPOS="2095" WIDTH="254" HEIGHT="41" WC="0.81" CONTENT="sysselsättving"/><SP WIDTH="30" VPOS="2095" HPOS="1304"/>
							<String ID="string_401" HPOS="1334" VPOS="2094" WIDTH="62" HEIGHT="32" WC="0.96" CONTENT="och"/><SP WIDTH="28" VPOS="2094" HPOS="1396"/>
							<String ID="string_402" HPOS="1424" VPOS="2094" WIDTH="112" HEIGHT="33" WC="0.96" CONTENT="hvilka"/><SP WIDTH="28" VPOS="2094" HPOS="1536"/>
							<String ID="string_403" HPOS="1564" VPOS="2095" WIDTH="103" HEIGHT="32" WC="0.96" CONTENT="under"/><SP WIDTH="22" VPOS="2095" HPOS="1667"/>
							<String ID="string_404" HPOS="1689" VPOS="2095" WIDTH="191" HEIGHT="32" WC="0.93" CONTENT="nuvarande"/><SP WIDTH="24" VPOS="2095" HPOS="1880"/>
							<String ID="string_405" HPOS="1904" VPOS="2095" WIDTH="68" HEIGHT="32" WC="0.93" CONTENT="för-"/>
						</TextLine>
						<TextLine ID="line_37" HPOS="367" VPOS="2136" WIDTH="1603" HEIGHT="52">
							<String ID="string_406" HPOS="367" VPOS="2136" WIDTH="181" HEIGHT="34" WC="0.90" CONTENT="hållanden"/><SP WIDTH="24" VPOS="2136" HPOS="548"/>
							<String ID="string_407" HPOS="572" VPOS="2141" WIDTH="177" HEIGHT="40" WC="0.96" CONTENT="sannolikt,"/><SP WIDTH="28" VPOS="2141" HPOS="749"/>
							<String ID="string_408" HPOS="777" VPOS="2142" WIDTH="11" HEIGHT="31" WC="0.96" CONTENT="i"/><SP WIDTH="23" VPOS="2142" HPOS="788"/>
							<String ID="string_409" HPOS="811" VPOS="2143" WIDTH="84" HEIGHT="33" WC="0.95" CONTENT="brist"/><SP WIDTH="21" VPOS="2143" HPOS="895"/>
							<String ID="string_410" HPOS="916" VPOS="2145" WIDTH="43" HEIGHT="40" WC="0.96" CONTENT="på"/><SP WIDTH="24" VPOS="2145" HPOS="959"/>
							<String ID="string_411" HPOS="983" VPOS="2156" WIDTH="109" HEIGHT="22" WC="0.92" CONTENT="annan"/><SP WIDTH="28" VPOS="2156" HPOS="1092"/>
							<String ID="string_412" HPOS="1120" VPOS="2146" WIDTH="278" HEIGHT="42" WC="0.92" CONTENT="arbetsförtjenst,"/><SP WIDTH="29" VPOS="2146" HPOS="1398"/>
							<String ID="string_413" HPOS="1427" VPOS="2144" WIDTH="104" HEIGHT="34" WC="0.96" CONTENT="skulle"/><SP WIDTH="25" VPOS="2144" HPOS="1531"/>
							<String ID="string_414" HPOS="1556" VPOS="2145" WIDTH="129" HEIGHT="33" WC="0.94" CONTENT="komma"/><SP WIDTH="36" VPOS="2145" HPOS="1685"/>
							<String ID="string_415" HPOS="1721" VPOS="2148" WIDTH="49" HEIGHT="30" WC="0.94" CONTENT="att"/><SP WIDTH="37" VPOS="2148" HPOS="1770"/>
							<String ID="string_416" HPOS="1807" VPOS="2145" WIDTH="64" HEIGHT="33" WC="0.96" CONTENT="öka"/><SP WIDTH="35" VPOS="2145" HPOS="1871"/>
							<String ID="string_417" HPOS="1906" VPOS="2146" WIDTH="64" HEIGHT="33" WC="0.96" CONTENT="den"/>
						</TextLine>
						<TextLine ID="line_38" HPOS="366" VPOS="2189" WIDTH="1249" HEIGHT="49">
							<String ID="string_418" HPOS="366" VPOS="2189" WIDTH="107" HEIGHT="32" WC="0.96" CONTENT="under"/><SP WIDTH="24" VPOS="2189" HPOS="473"/>
							<String ID="string_419" HPOS="497" VPOS="2189" WIDTH="40" HEIGHT="33" WC="0.95" CONTENT="de"/><SP WIDTH="25" VPOS="2189" HPOS="537"/>
							<String ID="string_420" HPOS="562" VPOS="2202" WIDTH="118" HEIGHT="22" WC="0.95" CONTENT="senare"/><SP WIDTH="25" VPOS="2202" HPOS="680"/>
							<String ID="string_421" HPOS="705" VPOS="2194" WIDTH="81" HEIGHT="31" WC="0.96" CONTENT="åren"/><SP WIDTH="23" VPOS="2194" HPOS="786"/>
							<String ID="string_422" HPOS="809" VPOS="2194" WIDTH="10" HEIGHT="32" WC="0.93" CONTENT="i"/><SP WIDTH="28" VPOS="2194" HPOS="819"/>
							<String ID="string_423" HPOS="847" VPOS="2194" WIDTH="171" HEIGHT="43" WC="0.92" CONTENT="betänklig"/><SP WIDTH="23" VPOS="2194" HPOS="1018"/>
							<String ID="string_424" HPOS="1041" VPOS="2198" WIDTH="81" HEIGHT="39" WC="0.96" CONTENT="grad"/><SP WIDTH="23" VPOS="2198" HPOS="1122"/>
							<String ID="string_425" HPOS="1145" VPOS="2197" WIDTH="196" HEIGHT="41" WC="0.96" CONTENT="tilltagande"/><SP WIDTH="26" VPOS="2197" HPOS="1341"/>
							<String ID="string_426" HPOS="1367" VPOS="2197" WIDTH="248" HEIGHT="40" WC="0.96" CONTENT="emigrationen."/>
						</TextLine>
					</TextBlock>
					<TextBlock ID="block_4" HPOS="366" VPOS="2240" WIDTH="1604" HEIGHT="102">
						<TextLine ID="line_39" HPOS="500" VPOS="2240" WIDTH="1469" HEIGHT="49">
							<String ID="string_427" HPOS="500" VPOS="2240" WIDTH="63" HEIGHT="33" WC="0.96" CONTENT="Vid"/><SP WIDTH="29" VPOS="2240" HPOS="563"/>
							<String ID="string_428" HPOS="592" VPOS="2242" WIDTH="153" HEIGHT="33" WC="0.96" CONTENT="ärendets"/><SP WIDTH="37" VPOS="2242" HPOS="745"/>
							<String ID="string_429" HPOS="782" VPOS="2244" WIDTH="235" HEIGHT="44" WC="0.96" CONTENT="föredragning"/><SP WIDTH="37" VPOS="2244" HPOS="1017"/>
							<String ID="string_430" HPOS="1054" VPOS="2248" WIDTH="87" HEIGHT="32" WC="0.96" CONTENT="inför"/><SP WIDTH="26" VPOS="2248" HPOS="1141"/>
							<String ID="string_431" HPOS="1167" VPOS="2247" WIDTH="119" HEIGHT="42" WC="0.94" CONTENT="Kongl."/><SP WIDTH="38" VPOS="2247" HPOS="1286"/>
							<String ID="string_432" HPOS="1324" VPOS="2247" WIDTH="92" HEIGHT="42" WC="0.96" CONTENT="Maj:t"/><SP WIDTH="34" VPOS="2247" HPOS="1416"/>
							<String ID="string_433" HPOS="1450" VPOS="2247" WIDTH="61" HEIGHT="33" WC="0.96" CONTENT="har"/><SP WIDTH="35" VPOS="2247" HPOS="1511"/>
							<String ID="string_434" HPOS="1546" VPOS="2247" WIDTH="186" HEIGHT="33" WC="0.95" CONTENT="Statsrådet"/><SP WIDTH="28" VPOS="2247" HPOS="1732"/>
							<String ID="string_435" HPOS="1760" VPOS="2248" WIDTH="63" HEIGHT="32" WC="0.96" CONTENT="och"/><SP WIDTH="25" VPOS="2248" HPOS="1823"/>
							<String ID="string_436" HPOS="1848" VPOS="2247" WIDTH="121" HEIGHT="33" WC="0.96" CONTENT="Chefen"/>
						</TextLine>
						<TextLine ID="line_40" HPOS="366" VPOS="2288" WIDTH="1604" HEIGHT="54">
							<String ID="string_437" HPOS="366" VPOS="2288" WIDTH="52" HEIGHT="32" WC="0.93" CONTENT="för"/><SP WIDTH="30" VPOS="2288" HPOS="418"/>
							<String ID="string_438" HPOS="448" VPOS="2289" WIDTH="353" HEIGHT="45" WC="0.92" CONTENT="Civildepartementet"/><SP WIDTH="34" VPOS="2289" HPOS="801"/>
							<String ID="string_439" HPOS="835" VPOS="2295" WIDTH="160" HEIGHT="35" WC="0.96" CONTENT="förklarat"/><SP WIDTH="36" VPOS="2295" HPOS="995"/>
							<String ID="string_440" HPOS="1031" VPOS="2300" WIDTH="50" HEIGHT="40" WC="0.96" CONTENT="sig"/><SP WIDTH="33" VPOS="2300" HPOS="1081"/>
							<String ID="string_441" HPOS="1114" VPOS="2299" WIDTH="74" HEIGHT="35" WC="0.96" CONTENT="dela"/><SP WIDTH="31" VPOS="2299" HPOS="1188"/>
							<String ID="string_442" HPOS="1219" VPOS="2299" WIDTH="62" HEIGHT="33" WC="0.96" CONTENT="den"/><SP WIDTH="39" VPOS="2299" HPOS="1281"/>
							<String ID="string_443" HPOS="1320" VPOS="2298" WIDTH="219" HEIGHT="44" WC="0.96" CONTENT="uppfattning,"/><SP WIDTH="26" VPOS="2298" HPOS="1539"/>
							<String ID="string_444" HPOS="1565" VPOS="2309" WIDTH="68" HEIGHT="23" WC="0.96" CONTENT="som"/><SP WIDTH="45" VPOS="2309" HPOS="1633"/>
							<String ID="string_445" HPOS="1678" VPOS="2298" WIDTH="165" HEIGHT="42" WC="0.93" CONTENT="Styrelsen"/><SP WIDTH="37" VPOS="2298" HPOS="1843"/>
							<String ID="string_446" HPOS="1880" VPOS="2299" WIDTH="90" HEIGHT="31" WC="0.96" CONTENT="öfver"/>
						</TextLine>
					</TextBlock>
				</ComposedBlock>
			</PrintSpace>
		</Page>
	</Layout>
</alto>
