2151 2648
399 215 38 30 16
851 211 98 35 Stats-
961 205 168 48 Utskottets
1147 210 163 35 Utlåtande
1333 209 63 33 N:o
1422 212 50 30 40.

355 299 47 32 let
424 298 131 33 bildadt
577 297 116 42 bolag;
718 297 63 32 och
805 296 109 40 hafva,
939 296 84 33 efter
1045 298 101 39 tagen
1161 295 54 32 del
1236 294 35 33 af
1287 294 92 33 detta
1391 293 182 40 utlåtande,
1587 294 88 32 vissa
1690 304 162 30 personer
1864 293 103 33 bland

355 350 151 33 bemälde
531 349 148 34 sökande
702 350 11 31 i
737 349 125 42 afgifna
889 348 232 42 underdåniga
1144 346 225 43 påminnelser
1384 346 166 40 hemstält,
1565 345 55 33 det
1633 345 119 41 Kongl.
1765 345 95 42 Maj:t
1872 345 96 32 täck-

355 406 53 29 tes
431 402 170 34 anbefalla
623 402 157 40 åtgärder
803 401 50 32 till
876 400 187 32 utrönande
1093 400 35 32 af
1147 399 210 42 lämpligaste
1382 398 237 40 sträckningen
1643 397 52 32 för
1719 408 39 21 en
1778 397 190 33 stambane-

357 454 206 33 förbindelse
588 453 121 33 mellan
733 453 145 33 Kilafors
903 452 64 33 och
992 451 207 33 Söderhamn
1224 454 85 29 samt
1321 449 245 34 förberedande
1583 449 219 42 uppgörelser
1814 449 75 32 med
1910 448 54 33 Sö-

357 506 175 33 derhamns
558 506 263 42 jernvägsbolag
849 516 52 21 om
927 504 196 33 afträdande
1147 503 49 33 till
1221 506 108 30 staten
1355 502 34 33 af
1414 502 154 40 bolagets
1593 502 141 41 jernväg
1763 500 202 33 Söderhamn

355 557 195 42 —Bergvik,
586 558 168 32 äfvensom
784 560 59 38 att,
874 557 113 32 derest
1017 567 40 21 en
1081 555 167 33 blifvande
1270 554 180 41 utredning
1479 553 104 33 skulle
1609 553 109 32 dertill
1743 553 87 40 gifva
1854 553 113 32 anled-

356 611 87 41 ning,
478 610 49 32 till
564 612 79 30 1882
677 611 53 31 års
758 609 149 40 Riksdag
941 608 101 33 aflåta
1069 607 102 41 nådig
1198 607 205 41 proposition
1434 617 51 20 om
1515 605 114 41 anslag
1652 605 51 32 till
1726 615 38 21 en
1791 605 104 32 sådan
1918 608 50 29 ut-

356 663 139 39 grening
524 661 35 33 af
591 662 208 32 stambanan.
853 661 119 32 Denna
995 659 230 41 underdåniga
1248 658 198 32 hemställan
1470 658 62 32 har
1555 660 87 29 ännu
1668 656 28 42 ej
1721 657 85 32 varit
1828 657 140 32 föremål

354 713 50 32 för
426 713 116 41 Kongl.
565 712 110 42 Maj:ts
699 712 120 41 nådiga
841 711 165 42 pröfning.

487 765 15 32 I
524 765 96 41 fråga
651 765 71 32 åter
751 775 51 21 om
826 763 64 33 den
912 762 190 41 föreslagna
1120 759 390 44 jernvägsförbindelsen
1534 759 121 33 mellan
1679 758 196 33 Hudiksvall
1904 758 63 32 och

354 827 101 22 norra
495 816 198 33 stambanan
721 816 50 32 får
798 815 172 32 Utskottet
994 814 138 42 upplysa
1160 816 57 36 att,
1252 812 103 32 sedan
1381 811 299 41 stadsfullmäktige
1705 812 10 30 i
1739 810 194 32 Hudiksvall
1957 811 9 30 i

354 868 272 41 underdånighet
647 868 169 39 hemstält,
841 867 55 31 det
919 866 129 32 täcktes
1070 864 120 41 Kongl.
1216 864 93 41 Maj:t
1331 864 10 31 i
1366 864 105 32 nåder
1499 862 169 34 anbefalla
1687 862 157 41 åtgärder
1855 862 48 32 till
1916 865 50 28 ut-

354 920 149 33 rönande
533 919 42 40 af,
602 919 162 33 huruvida
791 930 41 21 en
855 916 365 44 jernvägsförbindelse
1244 916 179 41 lämpligen
1447 915 104 32 borde
1580 915 10 31 i
1613 914 62 33 och
1703 914 51 32 för
1778 914 189 32 stambane-

353 971 140 34 trafiken
518 971 168 33 anordnas
704 971 140 33 emellan
869 969 223 34 stambanan
1073 962 21 52 i
1116 968 161 32 närheten
1301 967 34 32 af
1358 967 94 42 Hybo
1476 968 10 30 i
1509 966 135 42 Ljusdal
1668 966 62 32 och
1754 966 141 32 hamnen
1915 966 52 31 vid

354 1023 206 38 Hudiksvall,
592 1023 177 39 äfvensom,
801 1023 112 32 derest
937 1033 40 21 en
1000 1020 168 33 blifvande
1192 1019 179 41 utredning
1395 1019 105 32 skulle
1526 1017 110 33 dertill
1661 1018 87 40 gifva
1776 1017 192 41 anledning,

353 1076 51 32 till
426 1075 193 41 Riksdagen
642 1074 101 33 aflåta
766 1074 102 41 nådig
889 1073 210 42 proposition
1123 1083 52 21 om
1198 1071 115 41 anslag
1335 1071 50 32 till
1409 1082 40 21 en
1465 1070 106 32 sådan
1589 1069 377 42 jernvägsförbindelses

353 1127 231 40 anordnande,
625 1128 36 31 så
694 1126 62 33 har
790 1126 169 42 Styrelsen
997 1126 92 30 öfver
1112 1127 127 29 statens
1259 1121 354 44 jernvägsbyggnader
1635 1123 10 30 i
1669 1121 179 41 anledning
1871 1120 100 33 häraf

353 1178 130 42 afgifvit
515 1178 225 40 underdånigt
773 1176 183 39 utlåtande,
985 1176 70 31 deri
1084 1175 170 41 Styrelsen
1284 1174 70 31 dels
1380 1174 76 31 sökt
1480 1173 220 40 ådagalägga,
1730 1176 48 28 att
1807 1173 63 31 den
1894 1172 72 31 huf-

355 1230 243 40 vudsakligaste
632 1229 151 39 trafiken,
818 1239 70 21 som
913 1228 63 31 den
1000 1226 250 41 ifrågavarande
1271 1225 185 42 jernvägen
1481 1224 105 32 skulle
1610 1223 99 34 hafva
1733 1227 48 29 att
1803 1223 162 42 påräkna,

353 1282 167 40 nemligen
545 1281 65 32 den
637 1280 76 33 med
737 1279 254 42 skogseffekter,
1015 1278 154 41 utgjorde
1193 1288 40 21 en
1256 1277 51 32 för
1331 1277 110 31 denna
1468 1276 89 32 bana
1581 1275 69 32 helt
1674 1276 62 32 och
1760 1275 105 32 hållet
1878 1275 90 42 sjelf-

352 1333 146 42 ständig,
523 1332 74 33 från
621 1331 213 33 stambanans
859 1330 95 41 skild,
979 1329 108 39 trafik,
1115 1329 125 32 hvilket
1262 1328 94 32 äfven
1381 1328 106 32 skulle
1515 1327 103 32 blifva
1641 1327 227 32 förhållandet
1891 1327 75 31 med

353 1384 139 34 trafiken
515 1384 121 33 mellan
659 1383 196 33 Hudiksvall
880 1383 63 32 och
967 1382 74 32 dess
1064 1384 111 29 vester
1202 1391 51 21 om
1282 1380 64 31 den
1359 1379 234 42 uppåtgående
1611 1378 196 33 stambanan
1821 1378 145 40 belägna

354 1436 291 40 handelsområde,
682 1435 63 33 och
780 1438 49 29 att
864 1434 64 32 den
961 1432 164 42 egentliga
1160 1431 211 33 samtrafiken
1401 1431 121 32 mellan
1551 1430 196 33 stambanan
1772 1430 60 32 och
1859 1430 108 32 denna

353 1489 90 33 bana
477 1487 106 33 skulle
614 1487 133 33 komma
770 1490 49 29 att
841 1485 182 33 inskränka
1046 1485 50 40 sig
1123 1484 49 32 till
1195 1483 220 33 samfärdseln
1437 1482 122 32 mellan
1582 1482 196 32 Hudiksvall
1803 1481 63 32 och
1890 1481 76 32 dess

353 1538 281 34 handelsområde
661 1542 91 28 öster
774 1549 53 21 om
851 1537 194 32 stambanan
1069 1536 75 31 med
1167 1535 115 32 landet
1306 1535 90 32 såväl
1420 1545 79 21 norr
1523 1545 71 20 som
1617 1533 101 32 söder
1743 1544 52 21 om
1817 1533 147 41 Ljusdal,

353 1591 134 33 hvilken
516 1601 118 22 senare
659 1589 97 33 trafik
779 1589 72 32 icke
876 1588 108 32 kunde
1007 1587 102 32 blifva
1138 1587 33 32 af
1193 1588 109 39 någon
1327 1585 151 32 särdeles
1503 1589 70 28 stor
1595 1584 183 42 betydelse,
1807 1584 71 32 dels
1904 1584 63 32 ock

352 1644 11 30 i
387 1643 101 41 öfrigt
525 1641 121 40 anfört,
679 1641 104 33 bland
818 1644 111 34 annat,
966 1642 49 29 att
1044 1639 62 32 den
1136 1637 253 42 ifrågavarande
1411 1637 200 42 jernvägens
1634 1637 152 40 förmåga
1805 1639 53 29 att
1882 1635 86 42 gifva

353 1697 98 29 ränta
484 1693 130 32 komme
657 1696 49 29 att
738 1695 121 29 nästan
887 1690 211 33 uteslutande
1129 1690 78 32 bero
1233 1689 115 41 derpå,
1376 1688 161 32 huruvida
1562 1688 193 32 densamma
1782 1687 110 32 kunde
1917 1691 50 28 ut-

353 1745 90 33 hålla
476 1744 104 33 täflan
614 1744 76 32 med
726 1744 63 32 den
829 1743 104 32 redan
967 1742 174 40 befintliga
1175 1741 176 32 flottleden
1386 1740 141 32 emellan
1551 1739 94 42 Hybo
1672 1739 62 32 och
1758 1739 207 40 Hudiksvall,

353 1797 98 31 hvars
474 1807 100 30 egare
598 1796 96 32 alltid
721 1795 88 32 hade
833 1795 10 31 i
866 1795 73 31 sina
961 1794 127 32 händer
1112 1796 48 28 ett
1181 1792 140 40 kraftigt
1343 1792 111 31 medel
1477 1795 50 29 att
1549 1791 178 41 nedtvinga
1750 1791 216 41 transportaf-

352 1848 146 41 gifterna
531 1850 43 39 på
607 1847 123 39 banan,
756 1846 62 33 och
843 1846 133 32 hvilken
999 1845 131 32 flottled
1159 1844 97 32 alltså
1285 1844 27 41 ej
1337 1843 128 32 mindre
1489 1846 41 29 än
1555 1842 187 42 jernvägen
1769 1841 196 33 Hudiksvall

351 1920 35 3 —
403 1899 169 33 Näsviken
596 1900 104 31 måste
725 1897 35 33 af
781 1900 108 30 staten
918 1897 136 38 inlösas,
1080 1895 166 33 sannolikt
1268 1895 76 32 med
1369 1894 167 42 betydliga
1565 1894 262 39 kostnader;
1778 1889 52 51 att
1841 1893 34 33 af
1884 1905 82 30 upp-

352 1951 92 41 gifna
473 1950 136 33 orsaker
632 1961 39 21 en
691 1948 366 43 jernvägsförbindelse
1082 1947 122 32 mellan
1227 1946 198 33 stambanan
1448 1946 54 32 vid
1518 1946 145 32 Kilafors
1681 1946 62 31 och
1758 1945 206 32 Söderhamn

354 2006 84 28 samt
466 1993 196 53 Sundsvall
671 1999 421 43 —Torpshammar-banans
1116 1998 196 40 förändring
1335 1998 49 31 till
1407 1997 105 32 likhet
1534 1998 11 30 i
1567 1997 154 41 spårvidd
1734 1997 73 32 med
1822 1997 142 31 stamba-

352 2065 65 21 nan
455 2053 105 33 skulle
596 2055 44 39 på
675 2051 213 34 samtrafiken
911 2050 114 33 utöfva
1048 2050 76 32 vida
1148 2053 106 29 större
1283 2049 182 41 inflytande
1490 2048 63 32 och
1578 2048 197 40 derigenom.
1792 2048 174 32 framkalla

353 2108 108 29 större
485 2104 125 33 rörelse
638 2106 44 40 på
710 2103 246 39 stambanorna,
981 2106 41 29 än
1047 2113 39 21 en
1110 2102 104 32 sådan
1238 2100 203 33 förbindelse
1466 2099 121 33 mellan
1612 2100 99 32 dessa
1736 2100 62 31 och
1822 2099 143 32 Hudiks-

353 2157 80 40 vall;
458 2159 86 30 samt
567 2159 58 36 att,
649 2157 43 40 på
715 2155 106 42 grund
845 2155 34 32 af
906 2155 100 32 dessa
1030 2154 62 32 och
1117 2153 104 32 andra
1240 2152 244 38 förhållanden,
1504 2151 168 42 Styrelsen
1692 2153 124 38 ansåge
1836 2151 129 32 föreva-

352 2208 104 32 rande
476 2207 366 42 jernvägsanläggning
865 2206 73 32 icke
962 2205 180 42 lämpligen
1166 2204 83 32 böra
1272 2204 50 31 för
1346 2202 316 34 stambanetrafiken
1690 2202 179 39 anordnas,
1892 2214 71 20 men

352 2259 52 33 väl
433 2270 78 22 vara
540 2262 49 30 att
612 2270 80 22 anse
717 2260 111 31 såsom
853 2269 40 21 en
916 2257 50 32 för
990 2260 95 30 orten
1111 2256 62 33 och
1201 2255 283 33 trävarurörelsen
1509 2254 173 32 derstädes
1706 2254 101 40 vigtig
1830 2253 134 39 bibana,

351 2310 132 33 hvilken
509 2311 8 31 i
542 2310 67 41 hög
639 2310 80 41 grad
746 2310 155 41 förtjente
930 2312 49 29 att
1003 2309 74 31 med
1102 2308 167 32 allmänna
1291 2307 105 32 medel
1422 2306 248 40 understödjas;
1693 2306 61 31 och
1773 2305 61 32 har
1848 2306 116 40 Kongl.
