2174 2636
706 179 96 35 Stats-
813 174 168 48 Utskottets
996 180 160 34 Utlåtande
1179 181 63 32 N:o
1268 184 47 29 40.
1729 183 36 30 51

338 267 65 31 För
426 268 36 30 år
487 267 93 32 1880
611 267 72 31 åter
705 265 99 33 hafva
826 264 255 33 förhållandena
1104 265 195 41 visserligen
1322 266 102 40 något
1445 264 179 34 förbättrat
1648 266 59 41 sig,
1724 266 10 32 i
1752 265 56 33 det

207 322 57 34 att,
300 320 109 30 såsom
446 319 61 30 här
534 317 96 32 ofvan
659 319 141 38 nämnts,
825 327 59 31 per
906 316 124 32 banmil
1055 316 60 32 och
1139 317 10 31 i
1172 316 158 33 medeltal
1353 316 305 33 bruttoinkomsten
1681 317 127 42 utgjort

206 371 133 39 90,803
369 369 48 33 kr.
445 368 63 33 och
536 368 285 33 nettoinkomsten
849 368 132 41 35,830
1006 367 46 32 kr.
1615 399 2 2 .

340 420 247 31 Ofvanstående
616 419 109 32 siffror
761 420 105 30 vittna
888 418 180 40 ingalunda
1091 428 53 21 om
1172 421 47 29 ett
1242 421 151 38 gynsamt
1415 418 180 42 inflytande
1620 419 35 31 af
1680 419 40 32 de
1748 430 58 21 un-

207 471 59 32 der
303 481 120 22 senare
458 471 78 31 åren
572 470 130 42 byggda
738 469 221 32 norrländska
993 469 149 33 banorna
1170 470 43 40 på
1237 471 126 30 statens
1383 469 287 41 jernbanesystem
1693 469 10 32 i
1726 469 79 33 dess

205 522 125 38 helhet,
366 522 62 31 och
464 522 10 31 i
526 524 47 29 ett
601 521 64 32 den
703 522 43 31 16
788 520 188 32 December
1014 521 92 31 1880
1137 519 35 32 af
1191 519 118 41 Kongl.
1335 520 274 41 Trafikstyrelsen
1633 521 172 40 angående

208 573 100 32 dessa
342 573 105 32 banor
470 572 135 41 afgifvet
633 571 222 41 underdånigt
882 571 170 32 memorial
1080 570 60 33 har
1169 570 62 32 ock
1258 570 156 32 bemälda
1441 571 137 41 styrelse
1602 571 101 32 fästat
1724 583 82 29 upp-

208 623 271 33 märksamheten
516 622 101 33 bland
653 625 102 30 annat
780 622 102 41 derpå
906 625 53 28 att
986 621 306 39 medelinkomsten,
1315 632 59 30 per
1397 621 122 32 banmil
1543 621 152 40 räknadt,
1723 623 19 30 å
1765 622 40 32 de

208 674 219 33 norrländska
454 674 237 32 statsbanorna
714 673 105 31 under
842 674 79 30 åren
946 673 235 32 1877—1879
1201 673 84 31 varit
1299 672 149 40 omkring
1465 673 131 39 26,000
1611 672 59 39 kr.,
1687 672 30 32 d.
1737 684 26 20 v.
1778 684 25 20 s.

207 727 102 39 något
341 736 93 21 mera
467 728 41 29 än
553 735 39 21 en
632 724 164 42 fjerdedel
831 723 35 32 af
890 723 299 32 medelinkomsten
1218 724 18 30 å
1261 723 151 40 samtliga
1440 722 236 33 statsbanorna
1698 723 108 32 under

208 787 125 22 samma
368 775 198 42 tidsperiod;
601 778 49 30 att
685 775 101 31 linien
814 774 443 41 Bräcke—Torpshammar,
1282 784 68 21 som
1375 776 68 29 mot
1467 774 100 31 slutet
1590 774 35 31 af
1650 776 36 30 år
1710 775 94 32 1878

207 830 141 39 öppnats
372 826 51 32 för
449 826 107 39 trafik,
584 826 104 32 under
712 827 37 31 år
774 826 93 32 1879
893 824 92 41 gifvit
1010 835 39 22 en
1073 824 253 32 medelinkomst
1354 835 59 31 per
1440 824 124 32 banmil
1588 824 33 32 af
1646 824 74 33 icke
1733 824 74 32 fullt

209 880 132 39 20,000
367 879 63 39 kr.;
459 880 84 30 samt
566 880 48 29 att
637 877 35 33 af
693 877 150 39 samtliga
870 876 269 32 statsbanedelar
1162 875 116 32 endast
1299 875 103 32 linien
1427 875 350 41 Sköfde—Karlsborg
1796 876 11 31 i

208 929 160 33 afseende
393 931 20 31 å
435 929 231 32 inkomsterna
688 927 183 42 uppvisade
894 927 92 41 lägre
1013 926 117 33 siffror.

341 981 15 31 I
393 979 222 34 betraktande
651 978 35 33 af
717 978 96 32 ofvan
849 977 133 42 angifna
1015 976 232 34 förhållanden
1282 976 62 32 och
1370 977 42 32 då
1436 979 108 30 staten
1571 976 105 33 redan
1699 978 43 39 på
1766 987 40 21 en

206 1030 242 43 jemförelsevis
484 1031 76 32 kort
591 1030 49 32 tid
673 1031 19 31 å
721 1029 197 33 stambanan
948 1029 71 31 från
1044 1028 129 32 Storvik
1196 1028 49 31 till
1268 1027 214 41 riksgränsen
1506 1027 102 42 jemte
1633 1027 174 33 tvärbane-

208 1082 102 32 linien
344 1083 122 33 mellan
506 1072 93 50 Ånge
636 1081 62 32 och
736 1079 256 42 Torpshammar
1027 1079 134 40 nedlagt
1191 1082 48 29 ett
1266 1078 135 41 belopp,
1426 1089 77 28 som,
1529 1078 236 41 kapitalrabatt
1788 1080 19 30 å

208 1133 189 42 upplånade
432 1132 107 33 medel
577 1135 83 29 samt
687 1134 97 29 ränta
806 1130 106 33 under
938 1130 270 42 byggnadstiden
1231 1129 240 40 inberäknade,
1501 1129 28 41 ej
1553 1129 96 32 torde
1673 1128 134 42 mycket

209 1184 195 41 understiga
428 1184 219 40 50,000,000
673 1182 59 39 kr.,
755 1182 89 32 lärer
872 1181 64 32 den
964 1184 122 29 största
1110 1180 189 33 varsamhet
1322 1190 78 22 vara
1428 1179 35 33 af
1483 1179 120 41 nöden,
1632 1180 100 32 innan
1749 1179 58 32 be-

209 1235 65 32 slut
306 1235 101 33 fattas
443 1245 52 21 om
530 1245 41 20 en
608 1233 191 42 ytterligare
832 1232 231 42 utsträckning
1093 1231 33 32 af
1156 1230 415 42 stambanebyggnaderna
1597 1231 10 30 i
1630 1230 177 32 Norrland.

209 1286 245 33 Erfarenheten
477 1285 61 32 har
560 1284 116 33 hittills
700 1284 94 39 visat,
817 1286 49 30 att
888 1283 184 41 uppgjorda
1094 1282 383 40 kostnadsberäkningar
1500 1281 51 32 för
1576 1284 124 29 statens
1719 1281 88 41 jern-

210 1337 275 42 vägsbyggnader
518 1337 84 31 måst
630 1335 53 32 vid
706 1334 193 34 utförandet
923 1333 229 42 öfverskridas,
1177 1336 49 29 att
1250 1333 56 32 det
1329 1332 133 41 belopp,
1487 1343 75 21 man
1590 1332 50 32 till
1664 1342 40 21 en
1728 1332 78 32 bör-

205 1389 60 41 jan
288 1391 112 30 ämnat
424 1389 19 31 å
465 1386 197 42 byggnaden
686 1386 128 41 årligen
838 1385 163 39 använda,
1024 1384 36 36 af
1081 1395 39 21 en
1150 1384 80 32 eller
1258 1394 109 22 annan
1387 1383 180 40 anledning
1582 1383 107 31 blifvit
1701 1383 107 31 under

210 1438 266 43 byggnadstiden
503 1438 204 40 väsentligen
731 1436 111 39 ökadt,
867 1436 63 32 och
953 1436 94 39 ingen
1078 1435 56 31 full
1159 1434 155 33 säkerhet
1337 1434 96 32 torde
1459 1433 115 41 gifvas,
1602 1436 48 29 att
1667 1434 28 41 ej
1710 1433 96 32 äfven

211 1491 64 32 den
309 1501 43 21 nu
386 1489 195 41 ifrågasatta
610 1488 280 42 jernvägsliniens
923 1485 176 34 utförande
1128 1485 65 32 kan
1216 1484 75 33 leda
1318 1484 50 33 till
1390 1484 145 41 utgifter,
1563 1478 107 38 större
1695 1487 39 29 än
1766 1484 40 32 de

210 1552 43 21 nu
285 1540 204 39 beräknade,
529 1539 88 32 helst
657 1549 51 22 om
733 1538 57 33 det
812 1539 10 30 i
847 1549 39 21 en
910 1537 136 33 framtid
1069 1536 103 32 skulle
1196 1536 70 32 visa
1288 1536 59 40 sig,
1372 1538 49 29 att
1443 1534 252 41 ifrågavarande
1716 1535 90 41 jern-

210 1595 73 38 väg,
322 1602 70 23 som
428 1590 181 42 ingalunda
648 1600 97 31 synes
785 1589 172 32 Utskottet
989 1586 136 34 framför
1154 1587 185 32 tvärbanan
1366 1586 96 32 hafva
1489 1586 197 32 karakteren
1711 1585 35 32 af
1767 1596 39 21 en

212 1644 155 37 slutlinie,
392 1642 63 32 och
477 1641 145 41 hvilken,
650 1652 43 20 nu
721 1640 164 39 beslutad,
912 1639 190 40 antagligen
1125 1640 104 30 måste
1253 1637 181 39 framföras,
1463 1637 28 41 ej
1515 1636 86 32 blott
1623 1636 49 32 till
1688 1636 118 40 Sollef-

211 1696 65 37 teå,
299 1697 79 29 utan
402 1693 50 32 till
478 1692 130 42 Nyland
637 1692 81 32 eller
741 1693 110 39 någon
876 1701 109 21 annan
1008 1692 151 29 närmare
1184 1679 316 50 Ångermanelfvens
1524 1687 114 41 utlopp
1662 1687 144 41 belägen

209 1745 114 41 punkt,
363 1744 160 42 derjemte
558 1743 129 32 komme
723 1745 50 30 att
812 1741 174 33 föranleda
1010 1743 48 31 ett
1080 1740 194 42 ytterligare
1293 1738 329 43 jernvägsbyggande
1646 1749 80 21 norr
1754 1749 52 21 om

210 1788 309 49 Ångermanelfven.

344 1846 120 32 Hvilka
498 1844 118 33 tankar
642 1854 75 21 man
740 1846 41 29 än
805 1853 54 21 om
882 1842 64 32 den
969 1841 194 41 föreslagna
1182 1841 200 41 jernvägens
1405 1839 212 41 gagnelighet
1639 1840 53 30 må
1714 1838 91 42 hysa,

209 1898 88 32 lärer
332 1897 57 32 det
413 1897 27 41 ej
470 1896 110 32 kunna
606 1894 179 39 bestridas,
808 1896 49 30 att
880 1892 223 41 olägenheten
1127 1892 34 32 af
1188 1893 106 39 någon
1322 1891 66 32 tids
1410 1890 145 41 uppskof
1581 1890 28 41 ej
1639 1889 65 33 kan
1728 1900 79 21 vara

211 1948 212 42 synnerligen
458 1950 80 36 stor,
572 1956 75 23 men
671 1948 49 29 att
744 1945 149 32 deremot
915 1946 47 33 ett
986 1943 103 41 dylikt
1112 1942 141 33 anstånd
1276 1941 75 33 med
1375 1941 126 33 besluts
1525 1940 150 33 fattande
1701 1939 104 33 skulle

210 1999 153 32 medföra
397 1998 65 32 den
491 1997 183 40 väsentliga
695 1995 110 33 fördel
828 1997 49 30 att
897 1993 129 33 tillfälle
1050 1993 166 32 bereddes
1241 1995 48 30 att
1310 1992 106 32 under
1442 1992 100 36 tiden,
1568 1991 76 32 med
1670 1990 136 41 ledning

212 2049 33 33 af
277 2061 41 20 en
353 2048 85 33 ökad
475 2047 190 33 erfarenhet
707 2057 52 21 om
787 2044 143 34 trafiken
954 2046 19 31 å
997 2044 39 32 de
1061 2044 104 32 redan
1192 2043 144 41 anlagda
1358 2053 98 21 norra
1479 2042 161 39 banorna,
1665 2041 142 32 anställa

211 2111 196 30 noggranna
444 2098 284 40 undersökningar
765 2107 50 21 om
852 2098 126 30 statens
1002 2094 149 42 förmåga
1179 2097 57 36 att,
1260 2096 80 30 utan
1368 2092 253 33 åsidosättande
1646 2091 35 33 af
1702 2091 105 33 andra

213 2151 77 32 dess
328 2151 177 38 intressen,
541 2149 84 33 bära
658 2148 64 32 den
746 2147 107 33 ökade
881 2146 98 41 utgift
1001 2145 52 33 för
1075 2144 237 39 statsskulden,
1337 2154 70 22 som
1431 2143 34 33 af
1487 2146 47 29 ett
1556 2142 137 33 fortsatt
1716 2143 91 40 jern-

212 2201 258 43 vägsbyggande
515 2200 64 32 blir
620 2210 39 22 en
694 2198 93 42 följd,
823 2208 50 22 om
901 2197 64 40 det,
993 2196 75 33 med
1091 2196 127 42 hänsyn
1246 2195 50 32 till
1322 2194 253 33 förhållandena
1597 2194 10 31 i
1630 2192 176 40 Norrland,

212 2253 209 42 lämpligaste
450 2252 91 41 läget
565 2250 63 34 och
651 2249 275 44 byggnadssättet
952 2247 52 34 för
1030 2247 155 43 möjligen
1207 2244 302 44 ifrågakommande
1532 2245 180 43 jernvägar
1734 2244 73 32 der-
