2240 2642
756 234 216 38 Lagutskottets
1000 234 154 29 Utlåtande
1177 235 60 28 N:o
1264 235 28 28 6.
1806 235 15 28 7

332 311 187 37 Utskottet
560 326 105 23 anser
706 314 55 47 sig
803 314 80 35 icke
917 314 124 35 kunna
1084 312 102 50 gifva
1228 314 44 36 de
1310 312 208 51 framlagda
1548 313 183 50 förslagen
1761 314 63 36 sitt

225 366 208 38 understöd.
492 366 188 37 Utskottet
714 366 114 37 måste
856 368 186 49 nemligen
1070 369 103 34 finna
1200 370 62 35 det
1290 368 143 36 mindre
1461 369 217 35 välbetänkt
1705 374 54 31 att
1786 367 39 38 så

224 420 83 36 kort
349 420 54 36 tid
446 419 93 37 efter
582 420 63 37 det
673 420 129 50 frågan
831 434 61 23 om
921 422 205 36 ordnandet
1154 421 41 36 af
1221 424 80 35 vårt
1330 422 106 36 lands
1464 420 143 39 försvar
1635 422 187 45 förevarit,

224 473 45 48 på
301 472 276 52 framställning
611 473 41 37 af
682 475 164 36 enskilde
882 476 222 36 motionärer
1129 476 149 49 vidtaga
1307 475 119 49 någon
1455 477 158 48 ändring
1641 478 11 34 i
1681 477 45 37 de
1754 475 71 37 för-

224 526 208 47 hållanden,
473 541 77 23 som
593 529 313 49 värnpligtslagen
948 529 67 36 har
1044 535 55 30 att
1126 530 153 49 reglera.
1335 529 178 37 Särskildt
1542 530 68 36 har
1638 531 60 35 det
1725 536 101 43 synts

225 581 180 36 utskottet
447 582 208 49 betänkligt
696 588 56 30 att
794 588 87 30 utan
925 583 69 35 den
1036 583 171 49 allsidiga
1236 583 208 50 utredning,
1473 596 78 23 som
1580 585 11 34 i
1621 584 204 36 allmänhet

225 636 156 35 allenast
422 637 216 48 regeringen
667 636 84 36 med
780 636 45 36 de
854 635 150 47 krafter,
1035 650 78 23 som
1143 636 54 37 stå
1225 637 211 37 densamma
1464 638 60 35 till
1555 638 104 45 buds,
1686 637 139 37 förmår

224 687 102 51 gifva
354 688 39 37 åt
419 687 124 51 frågor
572 688 42 37 af
639 690 105 50 dylik
774 696 67 39 art,
870 689 148 37 förorda
1047 704 45 23 en
1121 690 38 37 så
1177 704 81 35 pass
1278 691 313 50 genomgripande
1610 691 216 50 förändring

225 743 12 34 i
280 743 196 37 bestående
517 742 269 47 förhållanden,
828 757 79 23 som
936 744 68 36 den
1034 746 290 36 motionärernas
1353 744 136 51 förslag
1519 745 225 37 beträffande
1775 748 48 35 25

223 796 69 35 och
336 799 45 35 27
416 796 39 49 $$
483 798 317 49 värnpligtslagen
829 798 162 37 innebär.
1047 798 53 36 På
1128 798 154 37 sålunda
1310 798 155 37 anförda
1493 800 165 49 grunder
1685 798 55 38 får
1768 805 55 30 ut-

223 850 137 37 skottet
389 852 206 44 hemställa,

762 961 55 34 1:o
846 964 56 31 att
930 959 126 36 herrar
1084 973 73 23 von
1186 959 237 50 Hedenbergs
1446 960 67 37 och
1534 959 196 39 Svenssons
1749 975 74 23 mo-

650 1012 119 37 tioner
797 1013 80 36 icke
906 1012 60 36 må
994 1012 39 36 af
1059 1013 207 49 Riksdagen
1296 1013 158 38 bifallas.

330 1225 298 37 Vidkommande
671 1227 174 48 slutligen
890 1228 82 36 herr
1001 1231 115 34 Palms
1144 1230 137 35 motion
1311 1228 105 37 anför
1444 1230 170 36 bemälde
1642 1232 183 35 motionär

223 1280 58 34 till
310 1279 82 36 stöd
420 1278 58 37 för
506 1280 54 35 sin
589 1279 279 51 framställning
896 1280 313 51 hufvudsakligen
1239 1282 173 49 följande.
1470 1284 171 36 Allmänt
1669 1285 156 35 erkändt

225 1333 104 35 torde
364 1333 61 36 väl
453 1346 100 32 vara,
581 1340 55 29 att
664 1334 45 35 de
738 1335 105 35 korta
873 1333 281 39 frihetsstraffen
1184 1337 172 48 utgjorde
1385 1342 53 31 ett
1465 1338 234 48 synnerligen
1729 1339 95 35 otill-

223 1386 280 37 fredsställande
531 1386 243 47 straffmedel;
804 1388 120 49 någon
953 1390 162 49 egentlig
1144 1389 177 50 fångvård
1350 1389 192 50 medgåfve
1572 1391 44 36 de
1644 1392 90 46 icke,
1756 1392 69 36 och

222 1441 11 34 1
275 1453 141 23 samma
458 1440 84 36 mån
572 1441 45 36 de
644 1442 131 35 talrikt
802 1443 242 45 förekommo,
1073 1443 185 37 förlorade
1287 1444 44 36 de
1360 1445 11 34 i
1399 1445 180 49 väsentlig
1607 1444 83 37 mån
1720 1458 103 36 egen-

222 1494 136 48 skapen
398 1499 54 31 att
493 1495 112 35 verka
634 1494 280 47 afskräckande;
943 1496 46 49 på
1017 1497 69 36 den
1116 1496 219 38 förhärdade
1364 1497 338 50 lagöfverträdaren
1730 1499 94 37 hade

223 1548 42 35 de
300 1548 70 36 alls
403 1548 108 49 ingen
540 1549 150 45 verkan,
718 1548 58 37 för
804 1550 70 36 den
903 1550 143 37 mindre
1074 1550 220 37 förhärdade
1323 1553 91 35 eller
1442 1553 143 35 mindre
1613 1553 211 48 lättsinnige

222 1600 78 37 åter
342 1615 89 23 voro
474 1602 43 36 de
555 1608 53 30 ett
636 1603 70 35 allt
734 1601 57 38 för
820 1603 108 37 hårdt
955 1604 115 45 straff,
1106 1605 4 35 i
1140 1605 61 36 det
1229 1605 45 36 de
1303 1604 77 37 ofta
1408 1607 12 34 i
1449 1605 104 50 långt
1581 1607 112 49 högre
1722 1607 102 49 grad,

223 1661 45 30 än
300 1653 41 37 af
367 1655 89 36 hans
483 1656 223 49 förbrytelse
734 1655 243 47 föranleddes,
1002 1658 187 36 medförde
1208 1672 42 22 en
1271 1658 60 37 för
1350 1660 132 35 honom
1502 1660 190 49 ödesdiger
1711 1661 113 36 rubb-

222 1709 91 47 ning
354 1709 13 34 i
402 1709 89 35 hans
518 1709 238 36 ekonomiska
784 1709 255 39 förhållanden
1069 1713 68 35 och
1166 1712 163 36 fläckade
1358 1713 90 36 hans
1475 1714 133 35 sociala
1637 1714 186 36 anseende.

221 1761 163 49 Insigten
413 1760 108 37 häraf
547 1762 94 36 hade
670 1763 79 44 ock,
778 1776 78 23 som
886 1765 147 45 bekant,
1063 1765 116 36 under
1207 1778 125 24 senare
1361 1765 40 37 år
1428 1767 12 35 i
1469 1766 84 36 hela
1581 1767 69 36 den
1671 1767 149 36 civilise-

221 1815 86 35 rade
351 1815 148 36 verlden
539 1814 219 38 framkallat
798 1830 43 23 en
886 1818 98 35 stark
1026 1820 135 35 rörelse
1203 1824 78 31 mot
1310 1819 101 36 dessa
1439 1819 112 46 straff,
1579 1820 127 36 hvilka
1736 1834 86 22 man

222 1868 159 36 önskade
415 1869 132 49 utbyta
577 1875 77 31 mot
683 1870 114 36 andra
826 1870 208 38 straffarter.
1093 1873 183 36 Särskildt
1305 1873 93 36 hade
1427 1886 83 23 man
1541 1875 10 34 i
1581 1873 128 36 sådant
1737 1875 86 35 hän-

221 1922 130 36 seende
381 1923 206 36 framhållit
616 1924 60 35 det
700 1924 198 50 vilkorliga
926 1924 277 47 domfällandet,
1232 1927 144 36 hvilket
1404 1933 134 43 system
1559 1928 112 35 redan
1691 1929 133 35 vunnit

220 1976 118 48 insteg
367 1976 10 34 i
406 1975 185 50 åtskilliga
622 1977 196 36 utländska
846 1979 107 48 lagar
981 1980 67 35 och
1078 1980 153 36 hvarom
1259 1979 104 50 fråga
1390 1981 96 35 varit
1513 1980 21 36 å
1565 1981 93 36 bane
1682 1982 140 48 jemväl

222 2028 64 36 hos
315 2041 66 23 oss.
438 2028 55 36 Då
520 2028 130 50 frågan
679 2044 60 22 om
769 2032 267 48 lämpligheten
1065 2032 40 36 af
1131 2038 53 31 ett
1212 2034 194 47 vilkorligt
1435 2033 251 37 domfällande
1714 2036 108 34 emel-

220 2082 111 35 lertid
375 2089 97 28 ännu
515 2083 10 34 i
569 2084 170 35 utlandet
783 2097 86 23 vore
904 2084 153 36 föremål
1086 2085 58 36 för
1173 2087 463 48 meningsskiljaktigheter
1664 2088 66 35 och
1760 2088 63 35 det

220 2134 251 48 tilläfventyrs
511 2135 149 36 komme
702 2142 54 30 att
798 2137 104 48 dröja
936 2139 105 47 länge
1071 2151 82 36 nog,
1182 2140 110 35 innan
1322 2140 194 48 opinionen
1548 2140 11 35 i
1589 2141 100 35 detta
1718 2147 104 30 ämne

221 2188 100 36 inom
356 2187 80 36 vårt
471 2189 85 34 land
585 2188 123 37 blefve
738 2190 166 48 stadgad,
935 2204 85 23 vore
1050 2191 62 36 det
1140 2191 100 37 desto
1270 2193 241 49 angelägnare
1541 2197 55 32 att
1624 2194 107 44 tillse,
1760 2207 60 22 om

220 2241 77 35 icke
327 2240 229 49 lagstiftaren
586 2242 11 34 i
627 2248 53 30 ett
707 2244 91 35 eller
827 2249 110 30 annat
965 2243 79 46 fall,
1074 2245 64 35 der
1167 2246 283 48 olägenheterna
1479 2246 39 36 af
1544 2247 45 35 de
1608 2247 213 49 kortvariga

220 2293 273 37 frihetsstraffen
524 2295 173 37 särskildt
726 2296 126 49 skarpt
880 2296 235 47 framträdde,
1145 2299 115 36 skulle
1281 2299 126 36 kunna
1423 2298 44 50 på
1487 2305 114 30 annat
1620 2305 70 31 sätt
1709 2301 112 37 vinna
