2248 2611
460 142 20 31 2
929 141 250 32 Statsutskottets
1201 140 163 32 utlåtande
1387 141 52 31 Nr
1462 141 52 31 67.

420 226 54 31 att
515 219 143 49 Kungl.
702 220 107 50 Maj:t
850 219 87 36 ville
977 219 74 36 låta
1087 218 203 37 verkställa
1316 219 216 48 utredning,
1562 218 186 37 huruvida
1776 218 69 37 och
1873 219 12 35 i
1913 218 100 36 hvad

419 275 87 34 mån
534 271 45 37 de
600 271 55 37 till
675 271 72 37 den
767 285 26 22 8.
814 271 35 36 k.
870 270 349 50 Djurgårdskassan
1238 270 208 49 inflytande
1465 270 206 36 inkomster
1690 269 136 47 kunde,
1847 270 166 36 förutom

419 324 57 36 till
517 323 63 36 det
621 323 83 36 med
746 323 136 36 kassan
924 321 155 38 afsedda
1121 322 182 46 ändamål,
1334 322 192 36 användas
1549 321 145 49 jämväl
1722 320 55 37 till
1806 321 46 36 de
1881 321 131 48 kungl.

419 374 237 37 lustslottens
698 373 207 47 underhåll,
947 373 70 37 och
1059 373 162 36 därefter
1262 373 56 36 till
1360 372 221 49 Riksdagen
1614 372 191 36 inkomma
1838 372 87 36 med
1953 373 62 36 det

420 426 157 48 förslag,
606 425 153 37 hvartill
787 424 255 49 utredningen
1069 424 125 37 kunde
1223 425 106 48 gifva
1357 424 218 48 anledning.

549 477 18 36 I
608 477 117 48 nådig
765 476 235 49 proposition
1042 477 71 36 den
1156 479 20 34 8
1220 477 72 48 maj
1338 489 143 23 samma
1522 478 40 34 år
1602 474 221 37 hemställde
1852 475 164 37 därefter

421 529 142 48 Kungl.
593 528 116 49 Maj:t,
739 534 54 30 att
820 528 219 49 Riksdagen
1067 530 115 34 måtte
1211 527 201 48 medgifva,
1443 532 55 32 att
1525 528 60 36 för
1612 525 199 38 utförande
1837 526 42 36 af
1894 526 123 50 bygg-

422 581 107 36 nads-
570 579 71 37 och
674 579 395 49 reparationsarbeten
1096 579 63 36 vid
1186 579 111 49 Haga
1326 579 70 36 och
1428 578 205 38 Ulriksdals
1661 579 89 36 slott
1778 578 85 37 med
1891 578 126 49 därtill

422 631 168 37 hörande
631 631 226 49 byggnader
896 631 103 48 finge
1042 631 41 36 af
1130 632 70 35 den
1233 645 29 22 s.
1292 631 36 35 k.
1359 630 353 49 Djurgårdsfonden
1741 629 192 37 användas
1963 636 54 30 ett

423 684 136 48 belopp
602 683 41 36 af
672 684 163 45 254,000
864 683 150 36 kronor.
1069 682 219 48 Riksdagen
1316 682 107 37 biföll
1451 685 47 46 på
1527 682 63 36 det
1618 687 75 30 sätt
1716 681 142 48 Kungl.
1889 681 128 49 Maj:ts

424 734 291 49 framställning,
758 738 55 32 att
853 734 219 48 Riksdagen
1113 735 58 35 för
1212 734 60 37 sin
1314 734 59 36 del
1415 733 156 49 medgaf
1605 738 54 31 att
1686 732 76 36 tills
1790 732 129 36 vidare
1947 732 72 37 och

425 786 57 36 till
523 786 86 36 dess
652 785 233 37 annorlunda
925 785 125 37 blefve
1091 786 203 46 bestämdt,
1323 786 61 36 för
1411 784 240 38 bestridande
1680 785 41 34 af
1744 783 45 36 de
1817 783 202 48 nödigaste

426 837 397 36 underhållsarbetena
838 839 21 34 å
873 837 287 48 ifrågavarande
1180 836 338 49 slottsbyggnader
1537 836 64 36 vid
1615 836 110 46 Haga
1740 835 69 36 och
1828 835 192 36 Ulriksdal

423 889 104 48 finge
562 888 40 36 af
627 888 45 36 de
700 888 243 48 räntemedel,
972 901 81 23 som
1082 888 186 36 tillfördes
1297 888 352 48 Djurgårdskassan
1677 887 83 36 från
1788 886 231 48 Djurgårds-

426 940 152 46 fonden,
600 939 145 49 årligen
766 940 192 36 användas
978 945 53 31 ett
1050 939 150 50 belopp,
1221 939 263 36 motsvarande
1499 944 137 31 räntan
1652 941 20 34 å
1688 939 164 45 254,000
1867 937 151 38 kronor.

556 990 124 38 Sedan
721 991 102 36 vissa
851 991 145 36 mindre
1024 991 104 36 delar
1155 991 41 35 af
1220 991 46 35 de
1294 990 245 48 erforderliga
1566 990 249 48 reparations-
1843 989 71 36 och
1943 1002 78 23 om-

426 1042 386 49 byggnadsarbetena
853 1042 135 47 blifvit,
1017 1043 13 35 i
1059 1042 171 47 enlighet
1257 1041 86 37 med
1371 1055 46 22 en
1446 1042 40 35 af
1512 1041 213 36 arkitekten
1752 1041 12 35 i
1792 1040 229 37 öfverinten-

427 1093 288 48 dentsämbetet,
771 1093 312 37 hofintendenten
1135 1092 45 37 G.
1232 1093 45 35 A.
1330 1093 48 36 H.
1427 1092 192 48 Lindgren
1672 1091 198 37 utarbetad
1921 1092 100 48 plan,

426 1145 150 37 utförda
617 1145 119 36 under
777 1148 88 33 åren
909 1146 96 36 1908
1048 1144 72 37 och
1165 1146 108 45 1909,
1316 1143 222 37 hemställde
1566 1143 140 48 Kungl.
1736 1143 105 48 Maj:t
1869 1146 9 30 i
1906 1143 118 48 nådig

427 1196 234 50 proposition
690 1196 72 37 den
790 1198 23 34 4
842 1196 94 48 april
967 1197 110 43 1910,
1107 1202 53 30 att
1187 1195 218 49 Riksdagen
1433 1198 114 34 måtte
1575 1194 204 48 medgifva,
1810 1198 55 32 att
1893 1194 41 36 af
1950 1194 73 36 den

430 1248 233 48 behållning,
707 1260 81 24 som
827 1248 73 36 den
941 1261 28 23 s.
999 1248 36 36 k.
1064 1247 355 50 Djurgårdskassan
1447 1247 126 36 kunde
1601 1247 124 36 lämna
1753 1245 59 36 för
1840 1248 42 33 år
1912 1247 111 45 1910,

427 1305 54 30 ett
508 1299 138 49 belopp
675 1299 43 36 af
740 1299 98 36 intill
867 1300 137 47 25,000
1032 1299 141 36 kronor
1199 1299 102 48 finge
1329 1298 191 36 användas
1548 1298 56 36 till
1623 1297 198 37 utförande
1842 1296 41 36 af
1897 1296 127 50 bygg-

427 1350 111 36 nads-
580 1350 71 36 och
684 1350 391 49 reparationsarbeten
1115 1350 63 36 vid
1220 1350 211 37 Ulriksdals
1473 1350 90 36 slott
1591 1349 85 37 med
1704 1348 125 37 därtill
1858 1348 166 36 hörande

429 1401 235 49 byggnader.

557 1453 132 36 Denna
716 1451 282 49 framställning
1025 1465 103 23 vann
1156 1452 237 48 Riksdagens
1421 1451 116 37 bifall.

556 1504 18 36 I
602 1505 275 47 sammanhang
905 1503 84 36 med
1009 1503 285 49 tillstyrkandet
1314 1503 41 36 af
1369 1503 230 36 sistberörda
1619 1502 280 49 framställning
1918 1503 108 36 redo-

429 1555 134 50 gjorde
593 1556 71 48 jag
696 1556 58 36 för
786 1556 72 36 den
889 1554 217 48 utredning,
1137 1568 80 23 som
1246 1554 12 36 1
1287 1554 206 49 anledning
1521 1554 41 36 af
1586 1553 236 49 Riksdagens
1851 1553 176 37 anhållan

429 1607 215 36 verkställts
688 1607 195 48 angående
923 1605 354 48 Djurgårdsfonden
1305 1606 72 35 och
1405 1605 364 49 Djurgårdskassan.
1824 1605 16 36 I
1869 1605 63 36 det
1955 1605 73 48 jag

429 1658 179 36 hänvisar
637 1659 56 35 till
723 1659 73 36 den
823 1658 255 48 redogörelse,
1102 1657 72 49 jag
1203 1657 46 36 då
1276 1657 185 47 lämnade,
1491 1657 139 36 tillåter
1658 1657 66 48 jag
1750 1657 80 48 mig
1858 1671 51 21 nu
1938 1656 88 36 alle-

430 1714 86 31 nast
544 1710 126 35 erinra
699 1710 142 47 därom,
870 1714 55 31 att
947 1708 70 49 jag
1044 1709 12 35 i
1084 1708 120 37 likhet
1232 1709 85 36 med
1345 1707 457 37 riksmarskalksämbetet
1830 1710 118 45 ansåg
1974 1713 54 30 att

433 1761 159 36 allenast
634 1761 136 48 frågan
811 1774 61 23 om
915 1759 248 38 användande
1191 1759 42 37 af
1256 1760 376 48 Djurgårdskassans
1660 1759 213 36 öfverskott
1901 1758 59 36 för
1988 1760 40 34 år

437 1813 97 35 1910
576 1812 47 36 då
663 1812 127 36 kunde
831 1812 153 36 komma
1024 1810 121 37 under
1184 1811 246 37 bedömande.
1486 1810 16 36 I
1543 1810 100 36 hvad
1685 1813 87 33 mån
1799 1809 229 48 Djurgårds-

433 1863 141 36 kassan
615 1863 200 37 framdeles
857 1862 124 37 kunde
1013 1861 128 38 lämna
1174 1863 164 48 tillgång
1366 1861 56 37 till
1451 1861 238 38 bestridande
1717 1861 41 36 af
1781 1860 161 36 kostnad
1971 1860 58 37 för

434 1914 46 36 de
521 1914 134 48 kungl.
697 1915 236 36 lustslottens
961 1913 211 48 underhåll,
1202 1919 129 43 syntes
1358 1914 82 47 mig
1466 1913 93 37 böra
1588 1913 91 36 bero
1706 1915 48 46 på
1782 1911 160 36 särskild
1970 1917 59 30 ut-

432 1965 162 50 redning
621 1966 132 49 hvarje
781 1969 52 45 år,
862 1966 56 36 till
947 1965 94 48 följd
1067 1965 140 36 hvaraf
1231 1965 137 48 frågan
1395 1977 61 23 om
1485 1970 55 31 ett
1568 1963 121 50 dylikt
1716 1963 247 36 användande
1992 1964 42 36 af

434 2016 373 49 Djurgårdskassans
840 2016 353 38 öfverskottsmedel
1221 2016 116 36 borde
1375 2016 74 36 tills
1476 2016 129 36 vidare
1633 2014 143 48 årligen
1804 2013 224 51 hänskjutas

435 2067 55 36 till
518 2067 241 50 Riksdagens
787 2068 192 51 pröfning.

563 2170 88 37 Med
691 2171 236 49 underdånig
968 2169 199 39 skrifvelse
1214 2171 72 36 den
1328 2172 47 34 23
1417 2170 166 37 februari
1628 2170 94 35 1911
1758 2169 67 36 har
1853 2183 50 22 nu
1932 2169 97 37 riks-

435 2221 377 38 marskalksämbetet
853 2222 56 37 till
950 2221 145 50 Kungl.
1140 2221 107 50 Maj:t
1289 2220 251 38 öfverlämnat
1582 2220 322 49 framställningar
1945 2221 86 37 från
