1878 2786
382 150 404 39 Bevillningsutskottets
810 147 219 31 betänkande
1052 157 41 20 nr
1117 147 42 29 22
1181 147 39 29 år
1245 146 82 29 1956
1593 144 17 28 3

107 247 62 29 syn
192 238 71 29 inte
286 238 93 37 finge
404 238 96 36 tagas
524 235 52 29 till
599 234 181 29 utfästelse
803 232 169 30 avseende
995 230 283 38 huvuddelägare
1301 229 10 29 i
1335 228 273 39 familjeföretag

107 289 106 29 måtte
235 288 91 39 utgå.

152 340 11 29 I
185 339 58 29 sitt
265 347 41 20 av
326 337 185 39 riksdagen
534 335 184 39 godkända
739 333 220 31 betänkande
983 342 40 20 nr
1045 332 39 29 45
1107 331 178 38 avstyrkte
1310 330 80 29 1955
1414 329 56 29 års
1491 328 117 30 bevill-

107 390 239 38 ningsutskott
368 387 241 39 nyssnämnda
631 386 43 29 då
697 384 227 30 förevarande
947 383 181 29 motioner.
1152 381 175 30 Utskottet
1349 379 159 30 erinrade
1532 379 76 29 där-

108 441 56 31 vid
188 450 58 20 om
271 442 51 28 att
346 440 57 30 det
427 439 80 30 från
533 435 487 40 taxeringsmyndigheternas
1047 433 75 30 sida
1148 432 179 40 påpekats,
1354 433 49 28 att
1430 430 179 41 pensions-

107 489 391 39 stiftelseavsättningar
527 488 9 28 i
564 486 194 40 betydande
786 484 213 39 omfattning
1028 483 110 39 gjorts
1167 482 147 30 allenast
1343 481 54 30 för
1424 482 50 29 att
1503 480 104 29 vinna

106 541 186 39 obehöriga
316 538 279 31 skattefördelar.
618 538 100 29 Detta
744 536 177 30 missbruk
945 544 42 19 av
1008 533 311 31 bestämmelserna
1342 532 88 29 hade
1454 531 154 29 erfaren-

108 592 224 38 hetsmässigt
354 589 263 40 ifrågakommit
642 589 124 28 främst
788 587 105 29 bland
917 585 285 39 familjeföretag.
1226 584 13 28 I
1263 583 57 29 det
1344 582 52 30 till
1419 582 112 39 grund
1557 581 53 29 för

107 641 405 41 propositionsförslaget
543 639 160 39 liggande
730 635 425 32 kommittébetänkandet
1184 634 95 30 såväl
1310 642 74 21 som
1412 633 11 28 i
1454 631 155 41 proposi-

109 693 116 30 tionen
249 693 88 29 hade
361 692 132 29 ansetts
518 688 251 40 ofrånkomligt
795 688 77 29 med
896 685 264 31 bestämmelser
1184 693 75 21 som
1284 684 10 29 i
1319 683 184 39 görligaste
1528 682 81 29 mån

108 743 227 30 förhindrade
359 742 112 39 dylikt
494 740 188 30 missbruk.
706 739 49 29 De
780 739 72 29 mot
875 735 407 42 propositionsförslaget
1305 734 136 29 riktade
1466 732 144 30 invänd-

109 794 171 39 ningarna
307 793 98 39 ginge
431 792 11 29 i
469 792 112 29 första
609 790 92 29 hand
730 791 37 27 ut
795 789 44 39 på
865 790 50 28 att
944 786 318 40 familjeföretagen
1293 793 123 30 genom
1445 783 165 39 förslaget

109 845 112 30 skulle
243 844 120 30 ställas
386 843 79 30 från
486 838 557 43 kapitalförsörjningssynpunkt
1064 837 10 30 i
1099 845 135 21 samma
1258 836 75 39 läge
1354 844 74 20 som
1451 834 159 30 enskilda

108 895 251 30 rörelseidkare
387 894 65 29 och
480 892 102 31 alltså
612 893 111 29 sämre
752 892 44 28 än
825 890 110 31 andra
963 888 197 38 aktiebolag
1189 886 64 30 och
1282 884 229 32 ekonomiska
1541 885 69 29 för-

108 946 154 39 eningar.
288 945 176 30 Utskottet
489 942 155 31 uttalade
668 941 118 30 vidare
811 940 43 31 bl.
882 949 29 20 a.

154 1005 76 30 Med
258 1004 188 38 anledning
473 1003 111 29 härav
608 1001 59 31 vill
696 1001 168 29 utskottet
892 997 193 32 emellertid
1113 996 189 30 framhålla
1328 997 50 28 att
1405 995 123 39 frågan
1556 1003 56 20 om

112 1047 262 39 utformningen
404 1055 41 21 av
472 1045 159 39 reglerna
658 1044 54 29 för
739 1041 242 40 avsättningar
1010 1040 52 30 till
1089 1038 336 41 pensionsstiftelser
1451 1037 161 39 rimligen

111 1091 70 29 inte
204 1090 62 30 bör
291 1089 144 39 avgöras
460 1087 79 30 från
565 1087 10 29 i
599 1086 135 40 princip
760 1083 294 31 ovidkommande
1079 1082 229 40 synpunkter.
1333 1080 125 30 Rätten
1485 1079 52 31 till
1562 1078 52 30 så-

111 1132 91 30 dana
224 1132 128 39 avdrag
374 1130 110 30 måste
506 1129 166 30 bedömas
695 1128 78 29 med
798 1127 136 38 hänsyn
958 1125 53 30 till
1034 1123 401 42 pensionsstiftelsernas
1459 1121 155 39 verkliga

112 1175 99 39 syfte,
240 1173 175 40 nämligen
443 1174 50 28 att
521 1174 121 37 trygga
669 1171 40 30 de
738 1169 192 30 anställdas
958 1166 257 43 pensionering.
1245 1165 176 30 Utskottet
1447 1163 60 31 vill
1536 1163 78 30 där-

110 1217 109 38 jämte
244 1216 11 30 i
280 1216 94 30 detta
402 1213 256 39 sammanhang
684 1212 115 30 erinra
827 1213 50 28 att
904 1209 319 40 familjeföretagen
1250 1208 65 29 har
1341 1207 111 29 andra
1478 1205 136 40 möjlig-

114 1260 94 29 heter
233 1260 51 29 att
309 1258 182 39 tillgodose
518 1255 217 30 önskemålet
760 1263 57 21 om
843 1252 147 41 pension
1016 1252 35 29 åt
1077 1252 170 38 delägare,
1277 1249 175 39 nämligen
1480 1257 135 21 samma

112 1301 222 39 möjligheter
358 1309 75 21 som
456 1298 184 39 föreligger
663 1297 54 29 för
741 1297 66 29 den
831 1295 264 32 rörelseidkare,
1118 1293 118 30 vilken
1260 1292 113 30 driver
1399 1291 59 30 sitt
1482 1290 133 39 företag

113 1344 115 30 såsom
249 1343 136 31 enskild
406 1341 116 30 firma.
545 1341 75 29 Den
641 1339 156 30 enskilde
818 1338 221 39 företagaren
1059 1337 69 29 kan
1151 1337 121 37 trygga
1291 1334 55 30 sin
1368 1332 247 42 pensionering

116 1394 123 30 genom
273 1386 50 28 att
355 1384 62 30 hos
451 1381 353 40 försäkringsanstalt
837 1380 126 30 teckna
996 1376 386 43 pensionsförsäkring;
1417 1375 199 41 premierna

114 1428 120 29 härför
264 1427 100 39 utgör
393 1424 209 40 avdragsgill
632 1423 220 30 omkostnad.
882 1421 132 30 Hinder
1045 1420 182 38 föreligger
1256 1418 31 39 ej
1319 1418 107 30 heller
1456 1419 50 28 att
1536 1416 79 30 från

115 1469 128 30 firman
276 1468 153 30 utbetala
458 1467 110 39 årliga
597 1465 301 40 pensionsbelopp,
928 1472 76 21 som
1034 1462 57 31 vid
1120 1460 397 38 inkomstberäkningen
1550 1458 66 30 blir

113 1511 242 39 avdragsgilla.

159 1554 185 34 Utskottet,
376 1561 72 21 som
478 1551 96 30 delar
605 1549 270 41 uppfattningen
905 1549 50 28 alt
985 1546 162 41 speciella
1176 1544 262 31 bestämmelser
1468 1543 148 30 rörande

116 1595 271 40 familjeföretag
410 1594 11 30 i
447 1593 228 30 förevarande
700 1591 178 31 hänsende
903 1590 72 30 inte
999 1590 69 29 kan
1094 1588 186 33 undvaras,
1305 1587 116 29 finner
1449 1585 168 40 följaktli-

115 1646 64 30 gen
199 1638 66 30 den
286 1647 82 29 nyss
389 1635 179 40 återgivna
586 1633 261 40 invändningen
867 1633 72 29 inte
958 1641 84 21 vara
1064 1640 42 20 av
1126 1630 198 40 avgörande
1343 1628 185 40 betydelse.

160 1680 176 30 Utskottet
366 1680 37 29 är
433 1677 192 31 emellertid
655 1677 171 29 medvetet
856 1684 57 21 om
944 1676 50 28 att
1025 1673 78 30 från
1135 1673 110 30 andra
1279 1671 217 41 synpunkter
1525 1670 93 29 vissa

116 1722 221 39 olägenheter
359 1723 37 27 är
418 1720 165 30 förenade
608 1719 76 29 med
708 1719 65 29 den
797 1718 11 29 i
831 1716 264 41 propositionen
1118 1715 101 30 valda
1244 1714 119 38 linjen.
1387 1713 58 29 Ett
1469 1712 149 39 familje-

117 1765 133 39 företag
270 1765 69 28 kan
359 1763 174 39 nämligen
556 1762 132 29 förfara
709 1760 147 30 sålunda
876 1761 51 28 att
947 1759 169 38 företaget
1138 1758 61 38 gör
1220 1755 398 38 stiftelseavsättningar.

117 1807 178 37 grundade
326 1806 42 39 på
396 1803 405 42 pensionsförpliktelser
829 1803 175 37 gentemot
1034 1801 110 29 andra
1173 1799 174 30 anställda
1376 1799 43 28 än
1449 1797 169 39 delägare,

117 1848 150 29 varefter
292 1846 435 38 stiftelseförmögenheten
754 1845 10 28 i
789 1845 110 29 större
924 1843 84 30 eller
1033 1842 136 29 mindre
1194 1840 213 40 omfattning
1431 1839 106 30 likväl
1561 1847 59 21 an-

119 1890 129 30 vändes
281 1890 54 29 för
369 1889 207 38 delägarnas
609 1886 254 40 pensionering.
896 1886 124 28 Denna
1053 1883 217 38 invändning
1303 1882 116 29 finner
1450 1881 171 29 utskottet

117 1932 192 29 emellertid
331 1931 72 30 inte
426 1931 108 29 heller
558 1939 82 20 vara
663 1939 43 19 av
729 1928 196 39 avgörande
948 1926 187 39 betydelse.
1161 1926 48 29 De
1235 1924 135 30 mindre
1396 1923 225 39 nogräknade

119 1975 143 37 företag,
287 1982 74 21 som
387 1973 69 29 kan
482 1973 125 29 tänkas
635 1971 131 30 förfara
791 1970 44 41 på
859 1971 95 29 detta
980 1970 78 34 sätt,
1083 1968 97 29 torde
1204 1976 83 20 vara
1311 1966 75 39 just
1412 1966 132 30 sådana
1567 1965 54 29 be-

121 2016 175 30 träffande
319 2015 94 30 vilka
434 2024 82 20 man
538 2014 63 29 har
623 2014 44 29 all
688 2012 189 40 anledning
899 2013 126 37 antaga
1048 2012 50 27 att
1120 2010 40 29 de
1181 2010 71 29 inte
1275 2009 107 29 heller
1405 2008 78 29 med
1503 2008 42 29 de
1568 2007 53 29 för

120 2058 217 29 närvarande
368 2057 159 39 gällande
559 2055 310 30 bestämmelserna
899 2053 183 30 verkställt
1115 2050 391 38 stiftelseavsättningar
1538 2049 10 29 i
1581 2049 41 29 de

120 2100 191 30 anställdas
331 2100 157 29 intresse.
510 2098 175 29 Utskottet
704 2097 59 29 vill
782 2097 119 30 vidare
922 2095 117 30 erinra
1059 2096 50 28 att
1129 2094 124 29 hinder
1272 2093 71 29 inte
1365 2092 184 39 föreligger
1568 2091 55 29 för

120 2143 274 38 familjeföretag
415 2143 50 28 att
487 2141 131 29 inrätta
641 2138 315 41 pensionsstiftelse
981 2137 78 30 med
1083 2136 163 30 ändamål
1270 2137 49 27 att
1346 2137 119 36 trygga
1488 2129 135 48 pensio-

122 2184 165 39 neringen
317 2183 222 30 uteslutande
569 2183 53 28 för
650 2181 182 36 anställda,
863 2190 74 20 som
967 2181 71 28 inte
1069 2180 37 28 är
1136 2179 170 37 delägare.
1337 2177 84 30 Sker
1449 2176 96 29 detta
1572 2184 52 20 er-

122 2227 108 29 hålles
250 2226 81 30 fullt
349 2226 129 39 avdrag
495 2225 54 29 för
568 2225 65 29 vad
650 2233 75 20 som
746 2232 118 20 svarar
885 2224 72 28 mot
976 2220 454 41 pensionsförpliklelserna
1450 2218 171 39 gentemot

121 2268 40 30 de
182 2268 182 33 anställda,
384 2267 173 39 varjämte
579 2264 436 39 stiftelseförmögenheten
1036 2263 72 29 inte
1128 2262 69 29 kan
1219 2261 173 39 utnyttjas
1415 2260 53 29 för
1487 2268 137 23 annans

123 2310 149 39 räkning
293 2311 42 28 än
358 2310 40 29 de
419 2309 204 29 anställdas.

165 2378 50 29 Av
244 2376 189 30 innehållet
461 2375 8 28 i
499 2375 41 29 de
566 2374 236 39 föreliggande
831 2372 220 30 motionerna
1080 2370 56 30 må
1164 2370 63 29 här
1255 2369 171 38 återgivas
1457 2367 166 39 följande.

167 2430 9 28 I
203 2428 41 30 de
271 2426 221 38 likalydande
530 2424 315 30 motionerna
883 2424 39 29 I:
986 2423 45 29 115
1069 2421 81 29 och
1188 2421 65 29 IT:
1282 2419 78 30 162
1397 2419 64 29 har
1489 2418 135 29 anförts
