1866 2780
270 157 17 29 2
544 158 404 38 Bevillningsutskottets
972 158 219 30 betänkande
1214 169 41 20 nr
1279 160 41 30 22
1342 159 40 30 år
1405 160 84 30 1956

270 241 162 37 grunder.
451 242 51 29 Då
520 251 41 20 en
582 250 126 31 person
727 242 72 29 inte
816 243 69 29 kan
905 252 82 21 vara
1006 243 151 31 anställd
1178 244 8 29 i
1207 244 52 30 sin
1279 251 84 31 egen
1382 244 222 30 verksamhet
1623 246 147 29 innebär

271 299 46 21 nu
339 292 149 37 angivna
508 292 271 36 bestämmelser,
801 294 50 28 att
870 293 128 38 avdrag
1019 294 57 29 vid
1098 294 394 41 inkomstberäkningen
1514 295 54 29 för
1590 304 43 21 en
1654 296 115 29 såsom

270 342 136 29 enskild
428 343 102 28 firma
551 342 82 30 eller
654 352 40 20 av
714 345 47 27 ett
782 343 160 30 handels-
962 344 82 29 eller
1065 344 324 39 kommanditbolag
1408 345 163 30 bedriven
1592 346 178 30 verksam-

272 392 55 29 het
347 392 71 29 inte
439 393 52 29 får
511 393 59 29 ske
592 393 54 29 för
666 394 198 39 avsättning
884 394 52 30 till
956 394 190 39 tryggande
1167 404 41 21 av
1229 396 145 38 pension
1395 396 34 29 åt
1450 397 125 37 ägaren
1600 396 82 29 eller
1701 397 68 29 del-

270 442 139 37 ägarna.

314 492 76 30 Med
416 494 313 38 pensionsstiftelse
756 494 127 30 förstås
908 495 106 39 enligt
1042 495 112 39 punkt
1182 496 17 28 6
1225 505 41 19 av
1294 496 273 39 anvisningarna
1595 497 50 30 till
1672 498 40 30 53
1741 499 27 34 $,

271 543 153 29 förutom
449 544 140 29 bunden
616 544 156 33 stiftelse,
798 545 131 38 jämväl
957 545 43 29 fri
1027 546 147 29 stiftelse
1200 546 110 30 under
1339 546 253 40 förutsättning
1617 549 51 28 att
1694 549 75 28 stif-

271 593 107 29 telsen
405 594 70 29 står
498 594 110 29 under
635 595 116 39 tillsyn
778 595 106 39 enligt
911 595 97 40 lagen
1033 604 58 21 om
1117 596 117 39 tillsyn
1259 598 80 28 över
1366 597 175 34 stiftelser,
1570 600 50 27 att
1646 599 123 29 stiftel-

270 652 78 20 sens
377 644 138 38 stadgar
544 645 185 29 fastställts
754 654 42 20 av
823 646 399 39 tillsynsmyndigheten,
1249 648 49 30 att
1327 647 189 30 stiftelsens
1545 649 131 39 kapital
1705 650 63 28 och

268 694 209 39 avkastning
495 695 55 29 må
569 696 179 28 användas
767 696 122 29 endast
909 697 50 28 till
976 697 185 39 pensioner
1182 698 42 39 på
1245 698 112 39 grund
1376 707 40 20 av
1436 699 120 37 tjänst,
1576 701 50 27 att
1644 707 122 31 genom

270 744 219 30 föreskrifter
512 746 10 27 i
547 746 223 38 reglementet
795 746 82 29 eller
901 747 99 38 eljest
1025 747 160 39 trygghet
1210 748 142 39 skapats
1378 748 54 29 för
1456 750 49 28 att
1532 749 173 30 stiftelsen
1731 751 36 28 så

271 795 98 37 länge
393 795 65 29 den
480 796 115 29 består
621 796 88 30 skall
734 796 87 30 hava
846 797 124 29 sådant
994 797 164 30 ändamål
1184 800 88 28 samt
1300 800 49 28 att
1373 799 56 29 vid
1454 800 78 28 dess
1557 800 211 39 upplösning

268 845 83 28 eller
374 845 43 29 då
439 846 56 29 det
517 846 76 29 icke
617 847 117 38 längre
757 847 114 29 finnes
894 847 82 30 eller
999 848 69 29 kan
1093 849 144 38 antagas
1260 849 143 30 komma
1426 851 49 28 att
1500 850 118 29 finnas
1643 851 124 38 någon,

269 903 79 21 vars
379 896 67 29 rätt
477 896 50 29 till
557 897 145 38 pension
733 898 43 38 på
805 898 111 38 grund
947 907 41 20 av
1018 899 112 39 tjänst
1160 899 87 29 skall
1283 899 197 39 tillgodoses
1513 909 41 20 av
1584 901 183 32 stiftelsen,

267 946 219 30 aterstaående
506 947 112 29 medel
640 947 163 38 antingen
828 948 88 29 skall
938 949 180 29 användas
1139 949 54 29 för
1214 949 96 39 dylik
1332 950 246 40 pensionering
1599 951 83 29 eller
1703 952 63 28 ock

267 996 90 29 skall
382 996 115 29 anslås
524 997 51 29 till
602 997 208 39 välgörande
836 998 83 29 eller
945 999 99 38 eljest
1072 999 262 40 allmännyttigt
1361 1000 174 30 ändamål.
1562 1001 117 39 Enligt
1706 1011 62 21 nu-

269 1054 93 21 mera
388 1047 156 37 gällande
571 1047 129 39 lydelse
724 1057 40 21 av
789 1049 239 38 nyssnämnda
1053 1049 320 40 anvisningspunkt
1398 1051 18 30 2
1441 1051 51 29 till
1518 1051 43 31 29
1586 1052 15 35 8
1628 1053 139 38 medges

267 1096 191 30 emellertid
480 1097 74 29 icke
574 1098 129 38 avdrag
724 1099 54 28 för
800 1100 198 37 avsättning
1020 1099 50 29 till
1091 1100 316 39 pensionsstiftelse
1429 1102 77 29 med
1529 1102 136 29 mindre
1687 1111 81 31 pen-

268 1147 219 38 sioneringen
513 1148 191 29 anordnats
730 1152 41 35 på
798 1150 66 28 sätt
892 1158 72 20 som
990 1150 9 28 i
1024 1150 425 40 kommunalskattelagen
1475 1152 191 30 föreskrivs
1693 1162 72 20 som

267 1196 126 30 villkor
419 1198 52 28 för
497 1199 49 28 att
572 1198 248 40 livförsäkring
847 1199 88 30 skall
961 1200 169 29 hänföras
1156 1201 51 29 till
1235 1202 379 39 pensionsförsäkring.
1644 1203 123 30 Vidare

269 1247 103 29 krävs
395 1248 53 29 för
469 1248 67 29 rätt
559 1248 52 30 till
631 1249 128 39 avdrag
780 1251 50 27 att
854 1250 136 29 medlen
1013 1250 150 30 kontant
1182 1251 82 29 eller
1286 1252 10 28 i
1319 1252 92 29 form
1432 1261 42 22 av
1493 1252 124 36 aktier,
1640 1253 128 39 obliga-

267 1297 113 29 tioner
411 1298 81 29 eller
523 1298 145 30 därmed
699 1299 201 40 jämförliga
933 1300 186 38 tillgångar
1151 1301 234 30 överlämnats
1421 1302 51 30 till
1506 1303 183 30 stiftelsen.
1722 1304 45 29 Är

271 1348 97 38 fråga
390 1357 56 20 om
467 1348 197 40 aktiebolag
685 1350 82 29 eller
788 1350 93 30 vissa
903 1351 110 30 andra
1032 1351 178 39 juridiska
1231 1361 176 31 personer,
1430 1354 164 38 godtages
1617 1354 88 30 dock
1728 1363 41 21 av

266 1398 66 28 den
356 1398 252 39 skattskyldige
631 1400 156 29 utfärdat
809 1400 64 29 och
893 1401 52 29 till
966 1401 174 30 stiftelsen
1161 1402 217 30 överlämnat
1400 1403 218 31 skuldebrev.

311 1449 13 29 I
355 1448 97 39 fråga
479 1458 57 20 om
564 1450 58 29 det
648 1450 135 39 belopp,
811 1451 116 29 vartill
955 1451 66 30 den
1048 1452 230 39 avdragsgilla
1307 1454 245 38 avsättningen
1580 1454 102 39 högst
1710 1456 56 28 må

266 1499 124 38 uppgå,
415 1499 189 30 föreskrivs
629 1501 50 28 att
703 1501 128 38 avdrag
855 1501 75 30 icke
955 1502 56 29 må
1037 1502 176 38 medgivas
1239 1503 77 29 med
1342 1503 104 39 högre
1471 1504 125 40 belopp
1622 1506 44 28 än
1692 1513 73 21 som

265 1549 110 29 måste
397 1550 151 29 avsättas
572 1550 54 29 för
649 1552 49 27 att
722 1551 190 29 stiftelsens
935 1551 241 39 förmögenhet
1197 1553 57 29 vid
1275 1553 338 40 beskattningsårets
1636 1555 129 39 utgång

266 1599 88 29 skall
381 1601 113 37 uppgå
519 1600 50 29 till
596 1600 57 29 det
677 1601 133 39 belopp,
839 1610 74 21 som
937 1602 177 30 erfordras
1140 1603 53 29 för
1219 1605 48 28 att
1292 1604 109 38 jämte
1427 1604 165 30 framtida
1619 1605 146 39 avgifter

266 1649 206 30 säkerställa
498 1650 41 29 de
566 1651 185 39 pensioner
777 1651 93 30 vilka
899 1652 87 30 skall
1013 1653 82 39 utgå
1122 1654 106 38 enligt
1254 1654 124 39 gjorda
1404 1654 178 30 bindande
1607 1655 158 30 utfästel-

266 1708 64 21 ser.
355 1700 125 38 Fjärde
506 1702 135 37 stycket
665 1710 42 22 av
730 1703 112 38 punkt
867 1703 17 31 2
910 1711 42 21 av
974 1703 273 40 anvisningarna
1273 1704 51 29 till
1349 1704 41 30 29
1416 1705 16 36 8
1458 1705 150 40 stadgar,
1634 1707 50 28 att
1708 1707 56 28 vid

263 1750 194 39 beräkning
478 1759 42 21 av
543 1752 56 31 det
622 1752 134 40 belopp,
779 1753 116 29 vartill
919 1754 209 38 avdragsgill
1151 1755 199 38 avsättning
1373 1755 52 29 till
1447 1756 316 39 pensionsstiftelse

267 1801 97 37 högst
392 1802 54 28 må
472 1802 125 38 uppgå,
623 1802 135 39 hänsyn
786 1804 8 28 i
823 1803 96 39 fråga
946 1812 56 20 om
1029 1813 25 20 s.
1082 1804 33 30 k.
1143 1805 238 39 familjebolag
1407 1806 75 29 icke
1509 1806 54 30 får
1590 1808 97 38 tagas
1713 1808 50 28 till

264 1852 350 36 pensionsutfästelse
637 1853 168 29 avseende
829 1854 124 38 någon,
977 1863 74 20 som
1075 1863 124 30 genom
1221 1857 75 37 eget
1319 1856 82 29 eller
1424 1857 165 39 anhörigs
1613 1857 151 30 innehav

264 1909 41 20 av
328 1901 112 29 aktier
465 1903 62 28 har
550 1904 48 28 ett
620 1904 194 37 avgörande
838 1904 194 39 inflytande
1056 1905 10 29 i
1089 1905 146 39 bolaget,
1259 1906 83 30 eller
1365 1907 64 28 ock
1453 1907 235 30 efterlevande
1712 1908 51 29 till

263 1952 114 37 någon
398 1960 119 21 varom
541 1953 148 29 sålunda
710 1954 37 29 är
769 1954 108 39 fråga.

307 2002 72 29 Här
399 2003 57 29 må
473 2003 200 39 ytterligare
695 2004 206 30 framhållas
924 2007 49 27 att
995 2006 9 29 i
1026 2007 117 38 praxis
1165 2007 128 38 avdrag
1313 2007 54 29 för
1388 2008 199 39 avsättning
1610 2009 51 29 till
1682 2017 81 31 pen-

263 2053 244 30 sionsstiftelse
532 2054 183 38 medgivits
740 2056 84 28 även
848 2056 57 29 vid
928 2056 194 39 beräkning
1147 2066 41 20 av
1210 2057 155 30 inkomst
1391 2067 42 21 av
1455 2066 117 22 annan
1597 2059 165 38 fastighet

258 2104 46 27 ån
331 2103 370 39 jordbruksfastighet,
733 2107 84 27 trots
844 2108 49 27 att
921 2107 190 40 uttrycklig
1138 2108 474 39 författningsbestämmelse
1639 2110 121 29 härom

262 2154 73 28 icke
358 2154 124 30 finnes.

306 2229 143 39 Förslag
474 2230 50 29 till
552 2239 47 21 nu
627 2231 148 38 angivna
801 2230 261 32 bestämmelser
1089 2233 172 30 förelades
1290 2234 81 30 1955
1398 2234 56 29 års
1480 2234 143 39 riksdag
1649 2236 9 28 i
1685 2244 77 31 pro-

261 2280 153 38 position
441 2290 40 19 nr
511 2281 70 29 100.
611 2282 12 29 I
651 2282 97 39 fråga
775 2291 58 20 om
859 2282 311 32 bestämmelserna
1197 2285 148 29 rörande
1374 2286 68 28 rätt
1470 2285 52 29 till
1550 2286 130 39 avdrag
1708 2286 54 29 för

261 2331 200 39 avsättning
487 2331 51 29 till
568 2332 315 38 pensionsstiftelse
913 2333 237 30 framställdes
1180 2335 9 28 i
1218 2335 40 29 de
1289 2334 221 39 likalydande
1541 2336 218 29 motionerna

261 2380 26 29 1:
304 2381 64 29 460
393 2381 63 29 och
481 2381 44 30 II:
542 2382 63 29 574
632 2384 89 27 samt
747 2383 27 29 I:
791 2383 63 29 464
880 2383 64 29 och
970 2384 45 29 II:
1031 2384 63 29 573
1119 2385 182 29 enahanda
1326 2385 156 39 yrkande
1510 2395 76 20 som
1609 2386 11 28 i
1646 2385 41 30 de
1713 2394 47 21 nu

261 2431 235 39 föreliggande
523 2432 218 30 motionerna
770 2433 27 29 I:
817 2434 59 29 115
906 2434 65 28 och
997 2434 45 30 II:
1062 2434 71 34 162,
1160 2435 173 38 nämligen
1364 2437 49 27 att
1439 2436 239 30 ovanberörda
1705 2436 56 29 be-

260 2482 202 29 stämmelse
489 2484 48 29 att
565 2482 57 30 vid
652 2483 193 39 beräkning
872 2492 42 21 av
941 2484 134 30 tillåten
1106 2485 198 38 avsättning
1333 2486 10 28 i
1375 2485 273 39 familjeföretag
1676 2486 84 29 hän-
