1920 2794
465 130 394 37 Bevillningsutskottets
879 130 218 31 betänkande
1116 140 41 22 nr
1178 131 49 29 45.
1566 124 38 30 19

98 215 270 30 lönerörelserna
397 213 45 38 på
468 214 331 31 arbetsmarknaden
827 215 65 30 och
922 214 65 30 den
1014 214 56 31 för
1098 214 366 37 statstjänstemännen
1493 213 109 30 beslu-

99 265 77 31 tade
193 265 300 36 löneregleringen.
512 265 193 36 Självfallet
723 266 39 30 är
779 264 105 31 också
903 264 394 37 inkomstutvecklingen
1315 264 111 30 under
1440 264 70 30 den
1525 264 78 30 när-

98 320 109 27 maste
231 315 92 32 tiden
348 315 11 30 i
382 316 67 36 hög
470 317 85 35 grad
578 315 171 31 beroende
770 325 42 21 av
834 316 68 30 den
925 315 160 31 fortsatta
1108 315 323 37 prisutvecklingen.
1458 314 64 30 Vid
1546 314 56 30 be-

98 366 234 36 räkningarna
358 367 66 29 har
446 366 190 36 förutsatts,
662 370 50 27 att
735 365 154 31 nämnda
914 365 242 37 skatteförslag
1183 365 97 31 blivit
1303 365 197 37 genomfört
1525 364 79 31 från

98 417 65 29 och
185 417 78 30 med
286 417 66 30 den
376 418 14 29 1
414 417 137 37 januari
575 418 93 29 1948.
692 416 237 31 Osäkerheten
952 417 63 30 hos
1041 417 40 30 de
1100 416 122 37 gjorda
1243 415 360 37 inkomstberäkning-

98 476 85 22 arna
206 467 156 36 framgår
384 467 138 32 särskilt
542 468 109 29 därav
674 472 49 26 att
746 467 410 37 riksräkenskapsverket
1181 467 203 37 uppskattat
1408 466 196 31 intäkterna

98 517 110 31 under
229 518 251 30 inkomsttiteln
502 518 202 36 preliminär
729 519 93 30 skatt
843 517 21 31 å
886 518 154 30 inkomst
1063 518 65 30 och
1151 517 240 37 förmögenhet
1415 527 45 20 m.
1485 527 44 20 m.
1554 516 50 32 till

99 569 125 30 mellan
252 571 13 28 1
283 569 64 30 800
372 569 66 30 och
461 570 18 29 2
494 570 66 29 000
580 568 160 37 miljoner
764 570 129 29 kronor
917 573 90 26 samt
1031 568 156 33 förordat
1210 568 113 31 titelns
1350 567 218 38 uppförande
1594 567 10 30 i

99 619 55 32 det
174 619 135 36 slutliga
328 619 323 36 riksstatsförslaget
670 620 78 30 med
771 621 14 28 1
801 620 64 30 900
886 619 162 37 miljoner
1066 620 138 30 kronor.

142 669 116 31 Under
276 669 407 36 utskottsbehandlingen
703 679 42 21 av
764 669 266 37 ifrågavarande
1050 669 125 31 ärende
1197 670 66 29 har
1282 669 131 37 jämväl
1433 669 171 36 uppkom-

98 720 63 31 mit
179 729 41 21 en
238 719 172 36 svårighet
428 729 42 21 av
486 724 108 27 annat
611 720 82 36 slag.
714 719 123 32 Såsom
855 729 81 28 nyss
955 721 138 29 nämnts
1111 720 66 31 har
1192 719 11 31 i
1223 720 64 31 den
1306 729 48 21 nu
1371 719 234 36 föreliggande

98 770 261 37 propositionen
380 770 189 36 förutsatts,
592 774 49 27 att
661 771 58 32 det
738 771 11 30 i
772 771 259 37 propositionen
1052 780 41 21 nr
1117 772 62 29 212
1205 770 194 36 framlagda
1423 770 181 30 skatteför-

99 822 106 35 slaget
224 821 99 30 blivit
343 821 197 36 genomfört
561 820 80 31 från
661 822 66 30 och
748 822 79 30 med
851 821 67 30 den
941 823 14 29 1
979 821 137 37 januari
1141 822 83 30 1948
1249 821 66 30 och
1339 820 147 31 sålunda
1507 821 97 30 kom-

98 881 73 20 mer
190 876 50 26 att
260 871 92 31 bliva
372 871 159 37 gällande
551 871 109 31 under
678 873 68 30 den
769 881 120 21 senare
911 872 133 30 hälften
1065 881 42 21 av
1128 873 99 29 nästa
1247 871 177 37 budgetår.
1446 871 158 37 Proposi-

99 922 115 30 tionen
236 932 43 20 nr
301 924 63 28 212
389 923 38 29 är
451 922 56 30 för
530 922 216 31 närvarande
769 922 110 31 under
902 922 210 37 behandling
1134 922 96 31 inom
1253 923 176 29 utskottet.
1455 922 64 33 Det
1540 922 66 30 har

98 973 189 30 emellertid
309 972 88 31 visat
421 972 49 37 sig
492 972 145 37 ogörligt
658 973 56 31 för
735 974 166 31 utskottet
924 977 50 27 att
996 972 121 37 avgiva
1142 972 220 31 betänkande
1385 973 11 30 i
1420 972 185 36 anledning

99 1032 43 21 av
166 1023 217 31 sistnämnda
405 1023 216 37 proposition
644 1023 21 31 å
687 1022 110 32 sådan
818 1023 59 38 tid,
901 1027 51 28 att
975 1024 112 30 beslut
1109 1023 11 31 i
1144 1022 237 37 skattefrågan
1404 1024 71 29 kan
1500 1023 105 31 fattas

99 1083 42 21 av
162 1073 184 36 riksdagen
366 1073 75 30 före
460 1073 170 36 ingången
649 1083 42 21 av
710 1074 100 31 nästa
831 1073 177 37 budgetår.
1031 1073 48 32 På
1097 1074 112 36 grund
1229 1074 109 30 härav
1357 1075 65 29 har
1440 1074 167 30 utskottet

99 1124 109 31 ställts
229 1123 93 31 inför
347 1124 56 31 det
425 1123 214 37 spörsmålet,
665 1123 173 32 huruvida
859 1125 11 29 i
893 1125 201 30 nuvarande
1116 1125 74 35 läge
1214 1124 179 37 möjlighet
1415 1124 191 30 förefinnes

99 1174 57 30 för
177 1174 185 36 riksdagen
384 1179 49 27 att
455 1174 76 31 före
551 1175 68 30 den
647 1177 13 28 1
686 1175 64 37 juli
774 1176 82 30 1947
883 1175 171 31 fastställa
1077 1174 236 37 beräkningen
1336 1183 43 22 av
1405 1174 200 37 bevillning-

99 1233 85 22 arna
206 1225 55 30 för
282 1225 100 31 nästa
404 1224 175 38 budgetår.

143 1277 57 29 Att
220 1275 58 32 det
297 1275 234 32 förhållandet
552 1276 112 31 skulle
682 1277 119 30 kunna
823 1276 146 31 inträffa
991 1280 50 27 att
1061 1276 314 36 statsregleringens
1397 1276 209 31 fastställan-

100 1326 41 30 de
160 1326 76 31 icke
255 1335 42 21 av
318 1326 185 36 riksdagen
522 1325 216 32 medhunnes
758 1327 75 30 före
853 1327 55 31 det
927 1336 70 27 nya
1016 1326 217 37 budgetårets
1253 1326 126 37 ingång
1400 1327 65 30 har
1485 1327 31 37 ej
1537 1326 69 30 för-

99 1376 118 31 bisetts
242 1376 57 31 vid
324 1377 210 30 tillkomsten
558 1386 42 21 av
622 1377 160 36 gällande
804 1377 446 36 grundlagsbestämmelser
1274 1376 45 38 på
1343 1376 264 37 ifrågavarande

100 1426 150 31 område.
273 1428 13 29 I
308 1427 19 37 8
348 1428 61 29 109
431 1426 107 38 tredje
557 1428 132 35 stycket
710 1427 311 36 regeringsformen
1040 1427 180 36 stadgades
1240 1427 75 30 före
1333 1426 40 31 år
1393 1429 80 29 1921
1495 1427 110 31 beslu-

101 1478 57 29 tad
176 1477 146 36 ändring
339 1486 43 21 av
398 1477 94 31 detta
509 1478 144 35 lagrum,
674 1482 49 26 att
744 1478 82 30 »där
843 1477 38 31 så
899 1478 198 31 oförmodat
1115 1478 109 30 skulle
1243 1478 127 38 hända,
1389 1482 49 26 att
1456 1478 150 35 riksdag,

99 1528 64 29 när
185 1526 65 31 den
272 1527 163 37 avslutas,
456 1527 77 31 icke
552 1528 91 30 hade
664 1532 110 27 staten
796 1528 147 36 reglerat
963 1528 82 31 eller
1066 1527 113 37 någon
1199 1537 46 28 ny
1269 1527 187 37 bevillning
1477 1527 50 32 till
1550 1527 57 31 be-

101 1579 103 29 stämt
228 1578 125 37 belopp
378 1578 49 36 sig
449 1577 116 38 åtagit,
589 1578 146 31 fortfare
759 1579 66 30 den
847 1579 95 30 förra
966 1578 296 37 statsregleringen
1286 1579 66 30 och
1376 1578 232 37 bevillningen

101 1628 89 30 intill
212 1629 100 30 nästa
335 1628 171 36 riksdag».
531 1629 210 36 Härigenom
764 1638 82 28 gavs
873 1629 146 31 sålunda
1042 1638 42 21 en
1109 1629 179 31 föreskrift
1311 1629 57 31 för
1391 1629 59 31 det
1472 1629 62 30 fall
1558 1633 50 27 att

101 1678 185 36 riksdagen
306 1680 110 29 skulle
437 1688 82 22 vara
540 1679 158 31 avslutad
719 1698 45 3 —
784 1679 208 38 exempelvis
1013 1688 124 28 genom
1158 1679 208 39 upplösning
1387 1680 66 30 och
1475 1679 132 31 förord-

101 1730 115 29 nande
239 1739 57 20 om
319 1738 70 28 nya
412 1730 55 30 val
489 1748 45 3 —
557 1734 85 26 utan
666 1734 49 27 att
737 1731 47 30 ha
809 1731 146 35 reglerat
979 1734 109 27 staten
1114 1731 81 31 eller
1216 1729 108 37 åtagit
1349 1730 49 36 sig
1421 1740 47 27 ny
1491 1730 116 30 bevill-

101 1780 92 35 ning.
222 1780 58 30 Sin
306 1779 201 31 nuvarande
533 1780 128 37 lydelse
686 1781 110 31 erhöll
822 1781 203 36 stadgandet
1051 1781 10 30 i
1089 1781 167 31 samband
1285 1782 79 30 med
1390 1780 218 37 budgetårets

102 1830 220 36 omläggning
341 1835 49 27 att
409 1840 79 20 avse
509 1830 90 31 tiden
620 1832 65 29 den
709 1833 14 28 1
745 1831 178 36 juli-den
943 1832 42 30 30
1004 1831 85 36 juni,
1112 1831 115 30 vilken
1247 1832 220 35 omläggning
1489 1831 119 30 trädde

104 1881 8 29 i
134 1880 95 31 kraft
249 1880 79 30 från
348 1881 65 30 och
434 1881 78 29 med
534 1881 64 30 den
621 1883 14 28 1
660 1881 62 36 juli
746 1882 93 30 1923.
863 1881 209 36 Stadgandet
1092 1881 310 30 omformulerades
1423 1881 121 31 därvid
1564 1880 46 37 på

103 1930 156 36 följande
275 1931 80 30 sätt:
378 1931 90 29 »Där
486 1930 37 31 så
540 1931 199 31 oförmodat
759 1932 110 29 skulle
886 1931 127 36 hända,
1034 1936 49 26 att
1100 1931 139 36 riksdag
1259 1932 75 29 före
1353 1933 54 29 det
1423 1940 70 28 nya
1512 1935 97 27 stats-

104 1980 275 36 regleringsårets
406 1981 205 30 inträdande
637 1981 75 32 icke
738 1982 90 30 hade
854 1986 112 27 staten
993 1983 144 35 reglerat
1164 1982 80 30 eller
1272 1991 47 27 ny
1346 1981 186 37 bevillning
1560 1981 50 37 sig

103 2031 114 37 åtagit,
239 2031 146 31 fortfare
403 2032 69 29 den
491 2032 95 30 förra
609 2032 297 36 statsregleringen
927 2033 65 30 och
1012 2032 239 36 bevillningen,
1274 2032 49 31 till
1347 2033 75 30 dess
1443 2042 46 27 ny
1511 2036 98 28 stats-

104 2082 165 35 reglering
292 2083 67 28 och
385 2082 185 36 bevillning
594 2082 193 31 beslutats.>
817 2083 121 30 Denna
963 2083 294 35 omformulering,
1283 2083 115 30 vilken
1422 2083 126 30 beslöts
1572 2082 39 30 år

107 2134 92 35 1921,
230 2132 88 31 hade
346 2132 193 36 föreslagits
568 2142 42 20 av
637 2132 402 37 budgetårskommittén.
1069 2133 158 31 Nämnda
1255 2133 182 30 kommitté
1464 2133 145 30 anförde

104 2182 120 30 därvid
248 2183 104 29 bland
376 2187 115 31 annat,
517 2187 58 31 att,
599 2183 112 32 därest
732 2183 201 36 budgetåret
955 2184 109 29 skulle
1088 2183 146 30 omfatta
1257 2183 94 31 tiden
1373 2184 67 29 den
1464 2185 14 28 1
1503 2183 107 37 juli>

105 2232 65 30 den
194 2234 42 28 30
258 2232 84 36 juni,
367 2242 81 20 vore
472 2233 55 29 det
548 2232 76 31 icke
649 2233 194 36 otänkbart,
867 2238 49 26 att
939 2237 46 26 ett
1007 2233 270 35 riksdagsbeslut
1300 2243 55 20 om
1380 2233 229 35 bevillningen

104 2282 116 30 kunde
239 2282 92 30 bliva
351 2281 203 37 uppskjutet
572 2282 49 30 till
637 2282 124 36 början
779 2293 42 20 av
838 2283 64 36 juli
922 2283 137 37 månad,
1078 2283 65 30 och
1161 2283 10 29 i
1189 2283 164 30 händelse
1371 2284 91 29 detta
1484 2283 127 30 skedde

106 2333 118 34 skulle,
247 2333 84 29 även
356 2342 56 19 om
433 2342 46 26 ny
500 2332 184 36 bevillning
706 2338 140 30 antoges
867 2332 111 30 under
997 2333 62 35 juli
1083 2332 145 31 månads
1250 2333 134 37 början,
1408 2334 78 29 med
1508 2332 102 30 dåva-

107 2383 104 29 rande
236 2382 257 31 bestämmelser
521 2382 64 30 den
613 2383 113 35 gamla
752 2383 229 35 bevillningen
1008 2383 140 30 komma
1175 2388 49 27 att
1249 2384 91 34 gälla
1367 2383 91 30 ända
1485 2384 47 29 till
1560 2388 50 25 ut-

105 2433 130 36 gången
262 2443 40 19 av
330 2432 55 30 det
410 2442 65 26 nya
502 2432 210 37 budgetåret,
738 2434 103 34 något
867 2443 74 20 som
966 2433 269 37 uppenbarligen
1265 2433 106 30 borde
1396 2433 213 37 förebyggas.
