1922 2790
297 126 18 30 4
675 131 392 36 Bevillningsutskottets
1087 131 218 31 betänkande
1324 142 42 21 nr
1385 132 48 29 45.

344 214 436 36 Riksräkenskapsverkets
813 213 344 37 inkomstberäkning
1193 213 90 31 visar
1318 214 10 29 i
1361 213 109 37 övrigt
1514 214 157 36 följande
1713 224 94 21 mera

299 264 260 30 framträdande
578 264 245 36 förändringar
843 266 10 29 i
875 263 219 31 förhållande
1113 264 51 30 till
1182 265 159 35 gällande
1361 264 147 30 riksstat.

345 315 305 36 Stämpelmedlen,
681 315 94 30 vilka
805 315 10 29 i
847 315 435 36 riksräkenskapsverkets
1311 315 132 36 förslag
1472 316 178 35 upptagits
1680 315 45 37 på
1755 319 52 27 tre

300 365 115 30 skilda
445 366 171 34 rubriker,
646 365 153 30 förutses
828 366 68 29 öka
926 366 80 30 med
1037 366 39 29 10
1105 365 166 36 miljoner
1300 366 142 30 kronor.
1486 365 68 31 För
1596 366 210 30 automobil-

302 417 264 31 skattemedlens
597 415 91 31 båda
718 416 247 30 inkomsttitlar
993 416 149 30 förutses
1174 425 42 21 en
1248 416 240 35 sammanlagd
1518 416 286 35 inkomstökning

299 466 78 29 med
399 467 40 29 75
461 465 159 37 miljoner
639 466 138 36 kronor,
798 475 106 21 varav
923 467 40 29 25
985 465 161 37 miljoner
1164 467 129 29 kronor
1314 465 44 37 på
1377 466 284 31 fordonsskatten
1680 467 65 30 och
1766 468 41 29 50

299 516 160 36 miljoner
484 517 128 29 kronor
637 515 46 37 på
706 516 268 30 bensinskatten.
1001 517 63 30 Det
1088 516 112 31 ökade
1224 516 219 37 varuutbytet
1466 517 79 29 med
1571 517 156 31 utlandet
1752 517 54 30 be-

299 567 128 29 räknar
448 566 406 37 riksräkenskapsverket
876 567 98 30 skola
995 566 157 31 medföra
1175 576 42 21 en
1240 567 226 31 merinkomst
1488 567 55 30 för
1564 568 203 30 tullmedlen
1787 567 20 31 å

299 618 41 29 60
368 617 160 37 miljoner
555 618 139 29 kronor.
724 618 66 30 För
819 618 232 36 varuskatten,
1079 617 51 30 till
1158 617 115 30 vilken
1300 617 70 31 titel
1400 618 407 37 riksräkenskapsverket

298 668 88 30 även
407 667 141 33 hänfört
569 666 229 33 kvarstående
822 668 94 30 delar
937 678 42 20 av
1001 668 66 29 den
1088 668 177 30 allmänna
1288 668 375 36 omsättningsskatten,
1686 669 121 30 beräk-

299 726 62 22 nas
389 727 42 21 en
458 718 128 36 ökning
610 718 80 30 med
715 719 41 29 25
781 718 162 36 miljoner
966 719 138 30 kronor.
1132 719 12 29 I
1171 718 217 31 tobaksskatt
1412 719 171 30 beräknas
1607 719 127 37 inflyta
1760 723 48 27 ett

298 769 42 29 50
364 767 161 37 miljoner
547 769 130 29 kronor
701 769 107 29 större
833 769 125 36 belopp
984 770 44 29 än
1054 769 55 30 för
1132 768 234 32 innevarande
1390 769 175 36 budgetår.
1593 770 213 36 Rusdrycks-

298 817 363 38 försäljningsmedlen
685 820 171 29 beräknas
881 820 230 35 sammanlagt
1135 820 68 30 öka
1229 820 78 29 med
1335 820 39 30 16
1401 820 161 36 miljoner
1587 821 130 29 kronor
1742 821 66 30 och

301 870 56 30 för
376 870 240 36 omsättnings-
637 870 66 30 och
725 870 386 36 utskänkningsskatter
1132 869 20 32 å
1173 870 235 37 spritdrycker
1427 871 65 29 och
1514 871 57 29 vin
1592 871 150 30 förutses
1762 879 42 21 en

298 919 131 37 ökning
449 920 80 30 med
549 921 41 29 45
613 919 162 37 miljoner
797 920 138 30 kronor.

344 970 69 29 För
441 969 160 37 uppbörd
630 970 11 30 i
672 973 128 28 statens
829 971 219 30 verksamhet
1076 970 149 31 förutses
1255 971 135 30 mindre
1420 971 170 36 ökningar
1621 972 112 30 under
1761 975 47 27 ett

299 1023 85 28 stort
402 1021 94 29 antal
514 1020 93 31 titlar
627 1021 199 35 varigenom
848 1021 67 30 den
934 1021 261 36 sammanlagda
1215 1021 196 31 inkomsten
1429 1021 172 31 beräknas
1621 1022 87 36 stiga
1728 1022 80 30 med

299 1070 30 36 ej
353 1070 79 32 fullt
454 1072 17 29 7
496 1070 161 37 miljoner
678 1071 138 30 kronor.
842 1071 445 37 Folkpensionsavgifterna
1309 1072 171 30 beräknas
1502 1072 11 30 i
1535 1072 172 31 samband
1728 1073 79 30 med

299 1120 214 37 övergången
535 1121 50 30 till
609 1121 42 30 de
671 1131 43 21 av
735 1120 155 38 fjolårets
910 1122 141 36 riksdag
1072 1121 178 32 beslutade
1271 1132 69 27 nya
1361 1123 154 35 reglerna
1534 1131 41 28 ge
1595 1126 47 28 ett
1665 1122 79 31 med
1766 1124 41 30 34

299 1171 159 37 miljoner
476 1171 130 30 kronor
624 1173 83 29 ökat
727 1171 134 38 belopp.
882 1172 118 31 Under
1017 1172 133 32 diverse
1169 1172 192 31 inkomster
1379 1173 171 30 beräknas
1570 1182 43 21 en
1633 1183 174 20 samman-

299 1222 79 35 lagd
401 1221 128 37 ökning
551 1231 42 21 av
616 1222 101 37 drygt
740 1223 39 30 10
801 1222 161 37 miljoner
982 1223 138 35 kronor,
1146 1232 105 21 varav
1272 1225 19 29 4
1313 1223 160 37 miljoner
1495 1224 129 30 kronor
1647 1224 56 30 för
1725 1224 81 36 tips-

299 1271 112 31 medel
428 1273 65 29 och
513 1274 19 29 3
552 1272 162 37 miljoner
735 1273 130 31 kronor
884 1273 56 30 för
959 1273 235 30 lotterimedel.

344 1323 68 30 För
438 1323 386 30 affärsverksfonderna
850 1323 129 30 räknar
1008 1323 252 31 ämbetsverket
1298 1324 79 30 med
1416 1324 355 37 inkomstminskning
1796 1325 13 30 i

300 1372 219 31 förhållande
542 1373 50 31 till
619 1373 160 36 gällande
803 1373 141 31 riksstat
969 1374 79 30 med
1073 1375 19 29 9
1119 1374 162 36 miljoner
1305 1375 139 32 kronor.
1473 1370 228 36 Överskotten
1727 1374 81 32 från

299 1423 259 36 telegrafverket
578 1424 65 30 och
665 1426 127 28 statens
812 1424 186 37 järnvägar
1017 1424 171 31 beräknas
1208 1424 110 37 nedgå
1338 1425 80 30 med
1440 1426 143 30 vardera
1607 1427 19 29 5
1648 1426 161 36 miljoner

300 1474 138 36 kronor,
464 1474 125 30 medan
613 1484 43 20 en
681 1474 128 37 ökning
835 1474 20 31 å
883 1477 14 28 1
928 1475 123 37 miljon
1074 1476 131 29 kronor
1229 1476 170 30 beräknas
1425 1476 56 31 för
1507 1477 206 36 postverket.
1741 1477 67 30 För

299 1523 317 32 riksbanksfonden
641 1525 148 30 förutses
812 1525 10 30 i
847 1525 198 36 anslutning
1068 1525 50 30 till
1144 1526 42 30 de
1210 1536 41 20 av
1275 1525 155 38 fjolårets
1456 1526 139 37 riksdag
1621 1527 186 36 godkända

298 1574 197 35 grunderna
513 1575 54 31 det
584 1585 47 20 nu
649 1576 51 29 till
720 1577 38 29 10
776 1575 160 37 miljoner
952 1577 130 30 kronor
1098 1579 177 35 upptagna
1293 1578 207 29 överskottet
1518 1577 98 31 skola
1633 1577 173 31 bortfalla.

343 1650 66 36 Jag
432 1650 96 32 torde
552 1650 11 30 i
588 1651 57 31 det
670 1651 155 36 följande
848 1650 37 31 få
908 1652 162 30 närmare
1092 1652 168 36 redogöra
1286 1652 55 30 för
1367 1653 239 36 utvecklingen
1632 1653 110 30 under
1765 1653 42 30 de

299 1699 93 31 olika
415 1700 303 32 inkomsttitlarna.
741 1702 48 30 Av
810 1701 113 31 denna
944 1703 213 35 redogörelse
1179 1702 162 37 framgår,
1363 1707 49 27 att
1432 1703 58 37 jag
1511 1703 11 30 i
1542 1704 185 30 huvudsak
1749 1713 58 20 an-

303 1755 64 27 sett
392 1752 71 37 mig
487 1753 85 30 böra
600 1753 10 29 i
637 1753 93 30 detta
757 1754 254 36 sammanhang
1035 1754 149 36 godtaga
1210 1754 268 31 ämbetsverkets
1506 1754 301 37 uppskattningar.

303 1802 99 30 Vissa
426 1803 132 30 smärre
582 1803 234 36 jämkningar,
843 1813 106 21 varav
974 1804 65 30 här
1064 1803 57 31 må
1146 1805 149 30 nämnas
1319 1814 43 21 en
1387 1804 285 37 inkomstökning
1697 1805 111 30 under

301 1853 98 30 titeln
423 1848 125 42 Övriga
570 1854 133 30 diverse
723 1854 190 30 inkomster
935 1853 21 31 å
977 1854 99 37 drygt
1103 1855 36 29 11
1165 1854 160 36 miljoner
1349 1855 129 29 kronor
1499 1855 11 30 i
1534 1855 171 30 samband
1726 1854 79 30 med

302 1903 253 37 upplösningen
578 1913 42 21 av
641 1904 350 31 totalisatormedlens
1015 1904 264 38 specialbudget,
1304 1906 46 29 ha
1373 1905 89 31 dock
1483 1905 152 31 medfört
1656 1915 43 21 en
1720 1915 84 27 upp-

302 1954 149 36 räkning
469 1964 42 20 av
528 1956 65 29 den
611 1964 44 20 av
671 1954 409 37 riksräkenskapsverket
1099 1955 51 31 till
1167 1955 20 30 4
1201 1955 63 31 016
1281 1955 162 37 miljoner
1460 1956 129 30 kronor
1607 1956 199 30 beräknade

302 2004 281 31 totalinkomsten
612 2005 50 30 till
694 2005 16 29 4
724 2005 64 30 035
815 2005 162 36 miljoner
1003 2005 138 30 kronor.

347 2053 121 32 Såsom
504 2055 408 36 riksräkenskapsverket
953 2055 201 37 framhållit,
1194 2055 107 32 måste
1332 2066 42 21 en
1400 2057 196 36 betydande
1625 2058 181 30 osäkerhet

301 2103 139 32 vidlåda
462 2106 42 30 de
527 2106 403 37 förhandsberäkningar
952 2115 43 21 av
1019 2106 331 38 statsinkomsterna,
1376 2116 76 22 som
1475 2117 47 21 nu
1550 2108 120 31 kunna
1697 2109 108 35 göras.

303 2154 79 31 Med
400 2156 138 36 hänsyn
554 2155 98 31 såväl
670 2156 115 30 därtill
805 2166 73 20 som
899 2156 52 31 till
971 2160 50 27 att
1039 2156 91 31 vissa
1151 2156 230 38 skattefrågor
1399 2158 61 30 äro
1479 2158 151 31 avsedda
1649 2161 50 28 att
1717 2158 88 30 före-

302 2206 116 36 läggas
435 2205 88 31 årets
541 2207 141 36 riksdag
697 2206 200 31 förutsätter
912 2206 68 37 jag,
998 2210 49 27 att
1061 2207 280 37 beräkningarna
1358 2217 121 21 senare
1496 2209 110 30 under
1621 2208 185 36 riksdagen

302 2257 228 30 underkastas
551 2266 42 21 en
614 2257 130 31 allmän
766 2258 155 35 översyn.
946 2258 63 30 Det
1029 2267 49 20 nu
1100 2257 196 37 framlagda
1320 2258 162 37 förslaget
1504 2259 39 30 är
1563 2258 102 31 alltså
1686 2258 121 31 endast

303 2307 224 36 preliminärt.

345 2410 101 31 Skatt
471 2409 20 32 å
517 2410 167 37 inkomst,
709 2408 246 37 förmögenhet
980 2408 67 30 och
1071 2408 142 31 rörelse.
1240 2408 275 36 Omläggningen
1543 2418 43 21 av
1613 2408 195 37 uppbörds-

302 2461 216 32 förfarandet
542 2460 77 32 från
647 2461 81 30 1947
755 2459 54 32 års
836 2458 126 39 ingång
984 2459 147 36 medför,
1158 2461 49 29 att
1231 2459 292 31 inkomsttitlarna
1548 2460 169 30 inkomst-
1741 2458 66 31 och
