1874 2772
442 117 388 32 Jordbruksutskottets
853 115 179 31 utlåtande
1054 124 42 21 nr
1119 115 40 30 15
1179 114 39 31 år
1243 114 83 30 1964
1589 114 36 30 11

795 254 180 33 Utskottet

190 362 121 31 Såsom
327 362 10 29 i
355 361 261 39 propositionen
634 369 40 20 nr
694 359 60 30 112
773 358 136 30 anförts
928 357 63 30 har
1010 358 132 28 statens
1159 353 328 42 jordbruksnämnd
1505 360 124 32 genom

145 416 151 30 särskild
323 415 291 38 utredningsman
640 412 77 30 låtit
744 412 111 30 företa
882 420 43 21 en
950 411 148 38 översyn
1125 419 42 20 av
1193 407 366 40 handelsregleringen
1586 405 44 40 på

146 469 218 38 strömming.
396 468 385 39 Utredningsmannens
813 465 216 40 granskning
1062 465 190 37 utmynnar
1285 462 10 29 i
1329 461 130 39 förslag
1491 469 57 20 om
1580 460 49 29 att

145 522 365 39 handelsregleringen
534 521 114 39 slopas
673 519 80 30 från
777 519 64 30 och
864 518 79 30 med
968 518 67 29 den
1060 517 14 29 1
1099 516 67 40 juli
1192 515 93 30 1965.
1310 513 321 32 Jordbruksnämnr-

146 577 65 29 den
230 576 63 29 har
312 575 86 30 efter
417 574 286 39 överläggningar
722 572 79 30 med
821 571 215 30 företrädare
1056 570 54 30 för
1131 569 107 30 fisket
1256 569 65 29 och
1341 567 151 30 handeln
1514 566 116 30 anslu-

147 630 39 29 tit
203 629 51 39 sig
269 629 52 30 till
338 628 380 38 utredningsmannens
736 624 336 40 ställningstagande
1089 623 66 30 vad
1173 623 106 39 gäller
1297 619 333 40 handelsreglering-

146 692 60 20 ens
222 682 242 40 upphävande.
479 680 136 40 Frågan
630 688 57 21 om
703 678 266 39 utformningen
984 687 43 20 av
1042 678 47 28 ett
1105 674 345 42 prisregleringsstöd
1467 672 79 31 från
1564 673 66 29 den

149 737 13 28 1
188 736 67 40 juli
280 735 83 30 1965
388 743 97 21 avses
509 734 47 29 bli
579 732 146 31 föremål
750 732 54 29 för
828 731 119 30 vidare
972 729 262 40 överväganden
1260 728 94 30 inom
1380 726 177 31 nämnden
1583 725 48 30 ef-

148 791 49 28 ter
221 789 164 29 fortsatta
408 787 285 39 överläggningar
718 785 80 30 med
822 794 43 21 av
889 784 113 30 stödet
1026 783 148 30 berörda
1198 784 127 37 parter.
1351 780 281 40 Departements-

146 842 124 31 chefen
294 851 103 21 anser
419 841 53 29 för
495 840 55 30 sin
573 840 64 33 del,
660 841 51 28 att
731 837 368 40 handelsregleringen
1120 836 12 29 i
1155 835 100 40 fråga
1278 843 58 21 om
1359 833 206 39 strömming
1588 850 44 3 —

147 898 73 27 mot
241 895 229 39 bakgrunden
494 903 42 20 av
557 893 43 30 bl.
625 903 29 19 a.
679 893 41 29 de
745 892 113 29 starkt
882 890 154 30 ändrade
1061 888 247 31 förhållanden
1333 896 75 21 som
1432 887 123 29 inträtt
1581 894 50 21 se-

147 949 69 30 dan
238 947 383 39 handelsregleringens
645 945 172 30 tillkomst
840 945 11 29 i
875 944 125 29 mitten
1023 952 42 21 av
1090 941 185 31 1930-talet
1297 959 44 4 —
1363 940 62 30 bör
1450 939 180 31 avvecklas

147 1003 37 29 så
208 1004 96 28 snart
329 1010 74 21 som
428 1000 146 39 möjligt.
607 999 5 29 I
637 999 173 29 avvaktan
835 997 45 40 på
903 996 200 40 ytterligare
1128 994 264 40 överväganden
1416 993 148 30 rörande
1591 992 40 29 de

147 1055 252 39 stödåtgärder,
427 1062 74 21 som
528 1053 70 30 kan
625 1052 177 30 erfordras
830 1051 55 29 för
910 1050 96 30 tiden
1033 1049 87 30 efter
1147 1048 156 30 nämnda
1330 1046 212 39 avveckling,
1570 1045 61 30 bör

148 1108 201 30 nuvarande
377 1105 320 40 handelsreglering
725 1104 106 39 enligt
860 1101 387 42 departementschefen
1277 1101 176 39 förlängas
1484 1102 51 27 att
1563 1098 69 40 gäl-

148 1163 32 29 la
205 1162 51 29 till
281 1161 64 30 och
370 1161 78 29 med
474 1160 68 29 den
566 1159 38 30 30
630 1159 78 39 juni
736 1157 93 30 1965.
856 1157 13 29 I
895 1156 110 30 likhet
1031 1156 78 29 med
1133 1153 371 42 jordbruksnämnden
1530 1161 101 21 anser

148 1216 70 29 han
240 1216 50 28 att
312 1214 125 39 frågan
458 1222 55 20 om
536 1212 264 39 utformningen
823 1220 42 20 av
887 1211 48 29 ett
959 1209 167 30 framtida
1150 1208 77 30 stöd
1251 1208 61 29 bör
1336 1207 47 29 bli
1407 1206 146 30 föremål
1578 1205 54 29 för

148 1269 117 29 vidare
285 1266 263 40 överväganden
570 1266 94 29 inom
686 1264 181 30 nämnder
885 1263 88 30 efter
996 1263 164 29 fortsatta
1181 1260 285 40 överläggningar
1490 1259 78 30 med
1592 1267 41 21 av

149 1322 112 29 stödet
279 1320 146 30 berörda
444 1321 126 38 parter,
590 1319 37 30 så
646 1320 50 29 att
715 1317 130 40 förslag
863 1317 11 29 i
894 1316 125 40 frågan
1037 1316 71 29 kan
1127 1314 234 30 underställas
1382 1313 124 39 Kungl.
1527 1312 106 39 Maj:t

148 1376 118 28 senast
289 1375 10 28 i
324 1374 101 29 nästa
448 1373 58 30 års
527 1370 445 41 prisregleringsskrivelse.
998 1369 74 30 Vad
1098 1366 385 41 departementschefen
1508 1366 10 29 i
1544 1365 89 30 före-

149 1428 151 30 varande
320 1426 256 38 sammanhang
595 1425 117 30 anfört
733 1423 198 30 föranleder
951 1423 103 38 ingen
1074 1421 142 30 erinran
1237 1420 79 30 från
1337 1420 189 29 utskottets
1547 1418 85 29 sida.

149 1482 13 28 I
185 1479 346 31 överensstämmelse
553 1477 147 30 härmed
722 1477 63 29 har
810 1476 170 30 utskottet
1003 1474 76 30 icke
1104 1474 118 29 funnit
1251 1474 5 29 i
1282 1473 218 29 motionerna
1525 1471 28 29 1:
1571 1471 59 29 721

149 1535 66 29 och
244 1534 45 29 II:
309 1533 59 30 880
399 1532 122 40 gjorda
550 1531 182 40 yrkanden
762 1530 9 29 i
803 1528 228 31 förevarande
1060 1528 102 29 ämne
1192 1526 84 30 böra
1307 1525 181 31 föranleda
1520 1524 113 39 någon

149 1587 206 39 riksdagens
378 1585 172 30 särskilda
572 1584 132 39 åtgärd.

195 1640 78 30 Icke
296 1639 108 30 heller
428 1639 10 29 i
463 1638 110 39 övrigt
597 1638 64 29 har
686 1636 171 30 utskottet
881 1635 105 39 något
1010 1636 50 28 att
1085 1633 153 30 invända
1263 1634 72 28 mot
1360 1632 125 39 Kungl.
1510 1631 123 39 Maj:ts

151 1693 9 29 i
174 1692 261 40 propositionen
451 1691 194 39 framlagda
663 1690 129 39 förslag
808 1689 165 29 rörandet
990 1688 56 29 det
1063 1687 164 30 fortsatta
1242 1686 188 40 prisstödet
1446 1685 34 30 åt
1498 1684 136 30 fiskeri-

151 1746 179 39 näringen.
363 1745 153 30 Sålunda
547 1743 159 31 förordar
737 1743 170 29 utskottet
939 1743 49 28 att
1019 1741 187 38 riksdagen
1239 1740 175 38 förlänger
1445 1738 189 39 giltighets-

153 1800 94 29 tiden
277 1799 53 29 för
362 1797 249 39 förordningen
642 1805 56 20 om
728 1795 70 30 viss
829 1794 171 40 reglering
1031 1803 42 20 av
1102 1793 156 30 handeln
1287 1792 81 30 med
1398 1792 82 34 fisk,
1512 1800 43 20 m.
1588 1799 45 20 m.

155 1852 118 34 (1932:
297 1851 73 31 320)
403 1851 90 29 intill
524 1851 66 28 den
622 1850 12 28 1
666 1849 67 39 juli
765 1848 93 30 1965.
889 1845 538 41 Prisregleringsverksamheten
1457 1844 61 29 bör
1548 1844 85 28 även

152 1905 110 29 under
283 1903 204 40 budgetåret
511 1902 148 36 1964/65
683 1902 9 29 i
716 1901 137 40 princip
875 1900 161 30 bedrivas
1058 1899 48 33 så,
1131 1900 50 28 att
1204 1897 277 31 medelsbehovet
1507 1896 54 30 för
1586 1897 49 28 att

152 1957 237 40 upprätthålla
416 1957 204 29 densamma
647 1955 9 29 i
684 1954 187 30 huvudsak
897 1953 71 29 kan
995 1952 120 30 täckas
1143 1961 42 20 av
1212 1951 51 29 till
1291 1949 344 41 prisregleringskas-

152 2020 63 20 san
236 2009 195 40 inflytande
452 2009 122 30 medel.

199 2064 10 28 [I
228 2064 111 29 likhet
356 2063 77 29 med
452 2062 65 30 vad
537 2070 75 21 som
631 2061 106 39 gäller
757 2060 53 29 för
829 2058 236 31 innevarande
1085 2057 168 40 budgetår
1273 2057 61 29 bör
1355 2057 10 29 i
1386 2056 150 39 enlighet
1557 2055 78 29 med

153 2117 124 38 Kungl.
300 2116 123 39 Maj:ts
446 2115 130 38 förslag
598 2113 244 39 behållningen
866 2113 10 29 i
899 2110 396 41 prisregleringskassan
1320 2109 35 30 få
1379 2109 178 30 användas
1582 2108 53 29 för

153 2170 56 28 lån
231 2169 50 29 till
303 2167 515 40 prisregleringsföreningarna
840 2165 43 39 på
906 2165 124 29 fiskets
1052 2163 142 29 område
1218 2163 53 29 för
1295 2162 151 39 tillfällig
1470 2161 165 30 finansie-

153 2223 76 38 ring
252 2231 41 20 av
316 2220 367 39 kreditförsäljningar
707 2218 44 40 på
773 2219 131 38 export.
929 2217 175 30 Utskottet
1128 2216 116 29 finner
1269 2215 122 33 likaså,
1416 2216 50 28 att
1489 2214 147 39 prisreg-

155 2273 379 40 leringsföreningarna
553 2272 130 39 jämväl
706 2270 111 30 under
838 2270 102 29 nästa
961 2268 167 40 budgetår
1151 2268 61 29 bör
1236 2268 35 29 få
1295 2268 49 29 till
1368 2267 87 29 fulla
1478 2267 158 38 beloppet

156 2327 151 39 utnyttja
326 2327 40 29 de
385 2326 162 32 krediter,
565 2325 53 28 för
635 2324 94 29 vilka
746 2324 114 28 staten
878 2322 95 29 ställt
991 2321 145 39 garanti.

200 2381 70 29 Vad
291 2379 123 38 Kungl.
433 2378 103 39 Maj:t
556 2377 156 29 förordat
730 2376 8 29 i
758 2375 98 39 fråga
873 2384 57 20 om
948 2373 215 39 regleringen
1183 2382 41 20 av
1243 2373 174 39 importen
1434 2372 65 29 och
1517 2380 119 31 expor-

154 2436 55 27 ten
233 2443 41 20 av
297 2432 68 30 fisk
390 2440 43 20 m.
457 2440 44 20 m.
527 2430 195 29 föranleder
747 2429 102 39 ingen
873 2427 139 31 erinran
1039 2426 77 29 från
1142 2426 187 29 utskottets
1354 2425 84 29 sida.
1463 2425 174 29 Utskottet
