<?xml version="1.0" encoding="UTF-8"?>
<alto xmlns="http://www.loc.gov/standards/alto/ns-v3#" xmlns:xlink="http://www.w3.org/1999/xlink" xmlns:xsi="http://www.w3.org/2001/XMLSchema-instance" xsi:schemaLocation="http://www.loc.gov/standards/alto/ns-v3# http://www.loc.gov/alto/v3/alto-3-0.xsd">
	<Description>
		<MeasurementUnit>pixel</MeasurementUnit>
		<sourceImageInformation>
			<fileName>/tmp/tess_dcvgjs5l_input.PNG</fileName>
		</sourceImageInformation>
		<OCRProcessing ID="OCR_0">
			<ocrProcessingStep>
				<processingSoftware>
					<softwareName>tesseract 5.3.0</softwareName>
				</processingSoftware>
			</ocrProcessingStep>
		</OCRProcessing>
	</Description>
	<Layout>
		<Page WIDTH="1878" HEIGHT="2772" PHYSICAL_IMG_NR="0" ID="page_0">
			<PrintSpace HPOS="0" VPOS="0" WIDTH="1878" HEIGHT="2772">
				<ComposedBlock ID="cblock_0" HPOS="431" VPOS="136" WIDTH="1192" HEIGHT="37">
					<TextBlock ID="block_0" HPOS="431" VPOS="136" WIDTH="1192" HEIGHT="37">
						<TextLine ID="line_0" HPOS="431" VPOS="136" WIDTH="1192" HEIGHT="37">
							<String ID="string_0" HPOS="431" VPOS="136" WIDTH="388" HEIGHT="31" WC="0.87" CONTENT="Jordbruksutskottets"/><SP WIDTH="24" VPOS="136" HPOS="819"/>
							<String ID="string_1" HPOS="843" VPOS="138" WIDTH="179" HEIGHT="30" WC="0.96" CONTENT="utlåtande"/><SP WIDTH="22" VPOS="138" HPOS="1022"/>
							<String ID="string_2" HPOS="1044" VPOS="148" WIDTH="41" HEIGHT="20" WC="0.96" CONTENT="nr"/><SP WIDTH="25" VPOS="148" HPOS="1085"/>
							<String ID="string_3" HPOS="1110" VPOS="140" WIDTH="39" HEIGHT="28" WC="0.95" CONTENT="15"/><SP WIDTH="22" VPOS="140" HPOS="1149"/>
							<String ID="string_4" HPOS="1171" VPOS="139" WIDTH="39" HEIGHT="29" WC="0.95" CONTENT="år"/><SP WIDTH="24" VPOS="139" HPOS="1210"/>
							<String ID="string_5" HPOS="1234" VPOS="140" WIDTH="83" HEIGHT="29" WC="0.96" CONTENT="1964"/><SP WIDTH="287" VPOS="140" HPOS="1317"/>
							<String ID="string_6" HPOS="1604" VPOS="143" WIDTH="19" HEIGHT="30" WC="0.77" CONTENT="5"/>
						</TextLine>
					</TextBlock>
				</ComposedBlock>
				<ComposedBlock ID="cblock_1" HPOS="136" VPOS="214" WIDTH="1488" HEIGHT="534">
					<TextBlock ID="block_1" HPOS="136" VPOS="214" WIDTH="1488" HEIGHT="534">
						<TextLine ID="line_1" HPOS="139" VPOS="214" WIDTH="1483" HEIGHT="42">
							<String ID="string_7" HPOS="139" VPOS="214" WIDTH="129" HEIGHT="30" WC="0.96" CONTENT="vändas"/><SP WIDTH="28" VPOS="214" HPOS="268"/>
							<String ID="string_8" HPOS="296" VPOS="224" WIDTH="73" HEIGHT="20" WC="0.93" CONTENT="som"/><SP WIDTH="28" VPOS="224" HPOS="369"/>
							<String ID="string_9" HPOS="397" VPOS="215" WIDTH="202" HEIGHT="39" WC="0.92" CONTENT="grundfond"/><SP WIDTH="28" VPOS="215" HPOS="599"/>
							<String ID="string_10" HPOS="627" VPOS="216" WIDTH="53" HEIGHT="29" WC="0.96" CONTENT="för"/><SP WIDTH="31" VPOS="216" HPOS="680"/>
							<String ID="string_11" HPOS="711" VPOS="216" WIDTH="156" HEIGHT="40" WC="0.96" CONTENT="Sveriges"/><SP WIDTH="27" VPOS="216" HPOS="867"/>
							<String ID="string_12" HPOS="894" VPOS="217" WIDTH="149" HEIGHT="30" WC="0.96" CONTENT="fiskares"/><SP WIDTH="29" VPOS="217" HPOS="1043"/>
							<String ID="string_13" HPOS="1072" VPOS="218" WIDTH="156" HEIGHT="30" WC="0.93" CONTENT="erkända"/><SP WIDTH="28" VPOS="218" HPOS="1228"/>
							<String ID="string_14" HPOS="1256" VPOS="219" WIDTH="366" HEIGHT="31" WC="0.91" CONTENT="arbetslöshetskassa."/>
						</TextLine>
						<TextLine ID="line_2" HPOS="138" VPOS="259" WIDTH="1483" HEIGHT="43">
							<String ID="string_15" HPOS="138" VPOS="259" WIDTH="116" HEIGHT="39" WC="0.95" CONTENT="Enligt"/><SP WIDTH="21" VPOS="259" HPOS="254"/>
							<String ID="string_16" HPOS="275" VPOS="260" WIDTH="67" HEIGHT="29" WC="0.96" CONTENT="den"/><SP WIDTH="20" VPOS="260" HPOS="342"/>
							<String ID="string_17" HPOS="362" VPOS="260" WIDTH="52" HEIGHT="29" WC="0.95" CONTENT="till"/><SP WIDTH="23" VPOS="260" HPOS="414"/>
							<String ID="string_18" HPOS="437" VPOS="260" WIDTH="113" HEIGHT="39" WC="0.96" CONTENT="grund"/><SP WIDTH="22" VPOS="260" HPOS="550"/>
							<String ID="string_19" HPOS="572" VPOS="260" WIDTH="54" HEIGHT="29" WC="0.96" CONTENT="för"/><SP WIDTH="22" VPOS="260" HPOS="626"/>
							<String ID="string_20" HPOS="648" VPOS="261" WIDTH="246" HEIGHT="30" WC="0.95" CONTENT="ovannämnda"/><SP WIDTH="23" VPOS="261" HPOS="894"/>
							<String ID="string_21" HPOS="917" VPOS="261" WIDTH="113" HEIGHT="30" WC="0.96" CONTENT="beslut"/><SP WIDTH="23" VPOS="261" HPOS="1030"/>
							<String ID="string_22" HPOS="1053" VPOS="262" WIDTH="159" HEIGHT="39" WC="0.95" CONTENT="liggande"/><SP WIDTH="23" VPOS="262" HPOS="1212"/>
							<String ID="string_23" HPOS="1235" VPOS="264" WIDTH="262" HEIGHT="38" WC="0.96" CONTENT="propositionen"/><SP WIDTH="26" VPOS="264" HPOS="1497"/>
							<String ID="string_24" HPOS="1523" VPOS="264" WIDTH="98" HEIGHT="30" WC="0.96" CONTENT="1962:"/>
						</TextLine>
						<TextLine ID="line_3" HPOS="137" VPOS="304" WIDTH="1487" HEIGHT="40">
							<String ID="string_25" HPOS="137" VPOS="304" WIDTH="60" HEIGHT="29" WC="0.96" CONTENT="201"/><SP WIDTH="29" VPOS="304" HPOS="197"/>
							<String ID="string_26" HPOS="226" VPOS="304" WIDTH="65" HEIGHT="29" WC="0.96" CONTENT="har"/><SP WIDTH="24" VPOS="304" HPOS="291"/>
							<String ID="string_27" HPOS="315" VPOS="304" WIDTH="254" HEIGHT="39" WC="0.92" CONTENT="föredragande"/><SP WIDTH="25" VPOS="304" HPOS="569"/>
							<String ID="string_28" HPOS="594" VPOS="305" WIDTH="385" HEIGHT="39" WC="0.91" CONTENT="departementschefen"/><SP WIDTH="28" VPOS="305" HPOS="979"/>
							<String ID="string_29" HPOS="1007" VPOS="307" WIDTH="136" HEIGHT="34" WC="0.95" CONTENT="uttalat,"/><SP WIDTH="25" VPOS="307" HPOS="1143"/>
							<String ID="string_30" HPOS="1168" VPOS="307" WIDTH="44" HEIGHT="29" WC="0.93" CONTENT="bl."/><SP WIDTH="28" VPOS="307" HPOS="1212"/>
							<String ID="string_31" HPOS="1240" VPOS="317" WIDTH="41" HEIGHT="26" WC="0.91" CONTENT="a.,"/><SP WIDTH="28" VPOS="317" HPOS="1281"/>
							<String ID="string_32" HPOS="1309" VPOS="310" WIDTH="50" HEIGHT="27" WC="0.91" CONTENT="att"/><SP WIDTH="29" VPOS="310" HPOS="1359"/>
							<String ID="string_33" HPOS="1388" VPOS="308" WIDTH="130" HEIGHT="30" WC="0.76" CONTENT="»sedan"/><SP WIDTH="27" VPOS="308" HPOS="1518"/>
							<String ID="string_34" HPOS="1545" VPOS="309" WIDTH="79" HEIGHT="29" WC="0.91" CONTENT="när-"/>
						</TextLine>
						<TextLine ID="line_4" HPOS="137" VPOS="349" WIDTH="1487" HEIGHT="44">
							<String ID="string_35" HPOS="137" VPOS="358" WIDTH="95" HEIGHT="20" WC="0.94" CONTENT="mare"/><SP WIDTH="23" VPOS="358" HPOS="232"/>
							<String ID="string_36" HPOS="255" VPOS="349" WIDTH="238" HEIGHT="30" WC="0.95" CONTENT="erfarenheter"/><SP WIDTH="23" VPOS="349" HPOS="493"/>
							<String ID="string_37" HPOS="516" VPOS="349" WIDTH="141" HEIGHT="29" WC="0.96" CONTENT="vunnits"/><SP WIDTH="24" VPOS="349" HPOS="657"/>
							<String ID="string_38" HPOS="681" VPOS="359" WIDTH="43" HEIGHT="20" WC="0.91" CONTENT="av"/><SP WIDTH="23" VPOS="359" HPOS="724"/>
							<String ID="string_39" HPOS="747" VPOS="349" WIDTH="499" HEIGHT="41" WC="0.91" CONTENT="försäkringsverksamheten,"/><SP WIDTH="27" VPOS="349" HPOS="1246"/>
							<String ID="string_40" HPOS="1273" VPOS="361" WIDTH="101" HEIGHT="30" WC="0.96" CONTENT="synes"/><SP WIDTH="26" VPOS="361" HPOS="1374"/>
							<String ID="string_41" HPOS="1400" VPOS="353" WIDTH="121" HEIGHT="30" WC="0.93" CONTENT="kunna"/><SP WIDTH="25" VPOS="353" HPOS="1521"/>
							<String ID="string_42" HPOS="1546" VPOS="354" WIDTH="78" HEIGHT="39" WC="0.92" CONTENT="prö-"/>
						</TextLine>
						<TextLine ID="line_5" HPOS="136" VPOS="393" WIDTH="1486" HEIGHT="41">
							<String ID="string_43" HPOS="136" VPOS="402" WIDTH="71" HEIGHT="26" WC="0.96" CONTENT="vas,"/><SP WIDTH="24" VPOS="402" HPOS="207"/>
							<String ID="string_44" HPOS="231" VPOS="402" WIDTH="57" HEIGHT="20" WC="0.95" CONTENT="om"/><SP WIDTH="21" VPOS="402" HPOS="288"/>
							<String ID="string_45" HPOS="309" VPOS="393" WIDTH="201" HEIGHT="40" WC="0.95" CONTENT="ytterligare"/><SP WIDTH="25" VPOS="393" HPOS="510"/>
							<String ID="string_46" HPOS="535" VPOS="394" WIDTH="148" HEIGHT="30" WC="0.96" CONTENT="tillskott"/><SP WIDTH="25" VPOS="394" HPOS="683"/>
							<String ID="string_47" HPOS="708" VPOS="404" WIDTH="42" HEIGHT="20" WC="0.92" CONTENT="av"/><SP WIDTH="23" VPOS="404" HPOS="750"/>
							<String ID="string_48" HPOS="773" VPOS="395" WIDTH="304" HEIGHT="39" WC="0.91" CONTENT="regleringsmedel"/><SP WIDTH="26" VPOS="395" HPOS="1077"/>
							<String ID="string_49" HPOS="1103" VPOS="396" WIDTH="159" HEIGHT="30" WC="0.95" CONTENT="kommer"/><SP WIDTH="26" VPOS="396" HPOS="1262"/>
							<String ID="string_50" HPOS="1288" VPOS="399" WIDTH="50" HEIGHT="27" WC="0.95" CONTENT="att"/><SP WIDTH="26" VPOS="399" HPOS="1338"/>
							<String ID="string_51" HPOS="1364" VPOS="397" WIDTH="176" HEIGHT="31" WC="0.96" CONTENT="erfordras"/><SP WIDTH="28" VPOS="397" HPOS="1540"/>
							<String ID="string_52" HPOS="1568" VPOS="398" WIDTH="54" HEIGHT="29" WC="0.96" CONTENT="för"/>
						</TextLine>
						<TextLine ID="line_6" HPOS="136" VPOS="438" WIDTH="1486" HEIGHT="41">
							<String ID="string_53" HPOS="136" VPOS="440" WIDTH="49" HEIGHT="28" WC="0.96" CONTENT="att"/><SP WIDTH="24" VPOS="440" HPOS="185"/>
							<String ID="string_54" HPOS="209" VPOS="438" WIDTH="245" HEIGHT="39" WC="0.96" CONTENT="försäkringen"/><SP WIDTH="24" VPOS="438" HPOS="454"/>
							<String ID="string_55" HPOS="478" VPOS="438" WIDTH="91" HEIGHT="30" WC="0.95" CONTENT="skall"/><SP WIDTH="22" VPOS="438" HPOS="569"/>
							<String ID="string_56" HPOS="591" VPOS="439" WIDTH="121" HEIGHT="29" WC="0.95" CONTENT="kunna"/><SP WIDTH="24" VPOS="439" HPOS="712"/>
							<String ID="string_57" HPOS="736" VPOS="439" WIDTH="147" HEIGHT="39" WC="0.96" CONTENT="fungera"/><SP WIDTH="23" VPOS="439" HPOS="883"/>
							<String ID="string_58" HPOS="906" VPOS="440" WIDTH="43" HEIGHT="39" WC="0.96" CONTENT="på"/><SP WIDTH="23" VPOS="440" HPOS="949"/>
							<String ID="string_59" HPOS="972" VPOS="442" WIDTH="110" HEIGHT="28" WC="0.93" CONTENT="avsett"/><SP WIDTH="25" VPOS="442" HPOS="1082"/>
							<String ID="string_60" HPOS="1107" VPOS="441" WIDTH="98" HEIGHT="29" WC="0.91" CONTENT="sätt.&gt;"/><SP WIDTH="26" VPOS="441" HPOS="1205"/>
							<String ID="string_61" HPOS="1231" VPOS="441" WIDTH="391" HEIGHT="31" WC="0.91" CONTENT="Arbetslöshetskassan"/>
						</TextLine>
						<TextLine ID="line_7" HPOS="136" VPOS="482" WIDTH="1487" HEIGHT="40">
							<String ID="string_62" HPOS="136" VPOS="501" WIDTH="43" HEIGHT="2" WC="0.88" CONTENT="—"/><SP WIDTH="22" VPOS="501" HPOS="179"/>
							<String ID="string_63" HPOS="201" VPOS="491" WIDTH="73" HEIGHT="20" WC="0.95" CONTENT="som"/><SP WIDTH="22" VPOS="491" HPOS="274"/>
							<String ID="string_64" HPOS="296" VPOS="482" WIDTH="192" HEIGHT="40" WC="0.96" CONTENT="påbörjade"/><SP WIDTH="21" VPOS="482" HPOS="488"/>
							<String ID="string_65" HPOS="509" VPOS="483" WIDTH="53" HEIGHT="29" WC="0.96" CONTENT="sin"/><SP WIDTH="22" VPOS="483" HPOS="562"/>
							<String ID="string_66" HPOS="584" VPOS="483" WIDTH="222" HEIGHT="30" WC="0.96" CONTENT="verksamhet"/><SP WIDTH="23" VPOS="483" HPOS="806"/>
							<String ID="string_67" HPOS="829" VPOS="484" WIDTH="66" HEIGHT="29" WC="0.96" CONTENT="den"/><SP WIDTH="25" VPOS="484" HPOS="895"/>
							<String ID="string_68" HPOS="920" VPOS="485" WIDTH="14" HEIGHT="28" WC="0.96" CONTENT="1"/><SP WIDTH="26" VPOS="485" HPOS="934"/>
							<String ID="string_69" HPOS="960" VPOS="485" WIDTH="180" HEIGHT="30" WC="0.96" CONTENT="december"/><SP WIDTH="24" VPOS="485" HPOS="1140"/>
							<String ID="string_70" HPOS="1164" VPOS="485" WIDTH="83" HEIGHT="30" WC="0.93" CONTENT="1963"/><SP WIDTH="21" VPOS="485" HPOS="1247"/>
							<String ID="string_71" HPOS="1268" VPOS="505" WIDTH="44" HEIGHT="2" WC="0.91" CONTENT="—"/><SP WIDTH="22" VPOS="505" HPOS="1312"/>
							<String ID="string_72" HPOS="1334" VPOS="486" WIDTH="64" HEIGHT="30" WC="0.96" CONTENT="har"/><SP WIDTH="23" VPOS="486" HPOS="1398"/>
							<String ID="string_73" HPOS="1421" VPOS="486" WIDTH="124" HEIGHT="30" WC="0.70" CONTENT="hittills"/><SP WIDTH="25" VPOS="486" HPOS="1545"/>
							<String ID="string_74" HPOS="1570" VPOS="489" WIDTH="53" HEIGHT="27" WC="0.93" CONTENT="ut-"/>
						</TextLine>
						<TextLine ID="line_8" HPOS="136" VPOS="527" WIDTH="1487" HEIGHT="43">
							<String ID="string_75" HPOS="136" VPOS="527" WIDTH="129" HEIGHT="29" WC="0.96" CONTENT="betalat"/><SP WIDTH="22" VPOS="527" HPOS="265"/>
							<String ID="string_76" HPOS="287" VPOS="527" WIDTH="122" HEIGHT="29" WC="0.96" CONTENT="endast"/><SP WIDTH="22" VPOS="527" HPOS="409"/>
							<String ID="string_77" HPOS="431" VPOS="527" WIDTH="196" HEIGHT="40" WC="0.96" CONTENT="obetydliga"/><SP WIDTH="21" VPOS="527" HPOS="627"/>
							<String ID="string_78" HPOS="648" VPOS="527" WIDTH="124" HEIGHT="40" WC="0.96" CONTENT="belopp"/><SP WIDTH="23" VPOS="527" HPOS="772"/>
							<String ID="string_79" HPOS="795" VPOS="529" WIDTH="10" HEIGHT="28" WC="0.93" CONTENT="i"/><SP WIDTH="23" VPOS="529" HPOS="805"/>
							<String ID="string_80" HPOS="828" VPOS="528" WIDTH="453" HEIGHT="31" WC="0.92" CONTENT="arbetslöshetsunderstöd."/><SP WIDTH="25" VPOS="528" HPOS="1281"/>
							<String ID="string_81" HPOS="1306" VPOS="530" WIDTH="51" HEIGHT="29" WC="0.96" CONTENT="En"/><SP WIDTH="24" VPOS="530" HPOS="1357"/>
							<String ID="string_82" HPOS="1381" VPOS="531" WIDTH="242" HEIGHT="39" WC="0.96" CONTENT="förstärkning"/>
						</TextLine>
						<TextLine ID="line_9" HPOS="138" VPOS="571" WIDTH="1484" HEIGHT="44">
							<String ID="string_83" HPOS="138" VPOS="581" WIDTH="41" HEIGHT="20" WC="0.96" CONTENT="av"/><SP WIDTH="22" VPOS="581" HPOS="179"/>
							<String ID="string_84" HPOS="201" VPOS="571" WIDTH="147" HEIGHT="30" WC="0.96" CONTENT="kassans"/><SP WIDTH="21" VPOS="571" HPOS="348"/>
							<String ID="string_85" HPOS="369" VPOS="571" WIDTH="124" HEIGHT="30" WC="0.95" CONTENT="fonder"/><SP WIDTH="23" VPOS="571" HPOS="493"/>
							<String ID="string_86" HPOS="516" VPOS="572" WIDTH="10" HEIGHT="29" WC="0.96" CONTENT="i"/><SP WIDTH="23" VPOS="572" HPOS="526"/>
							<String ID="string_87" HPOS="549" VPOS="572" WIDTH="150" HEIGHT="39" WC="0.96" CONTENT="enlighet"/><SP WIDTH="23" VPOS="572" HPOS="699"/>
							<String ID="string_88" HPOS="722" VPOS="573" WIDTH="78" HEIGHT="29" WC="0.93" CONTENT="med"/><SP WIDTH="22" VPOS="573" HPOS="800"/>
							<String ID="string_89" HPOS="822" VPOS="573" WIDTH="279" HEIGHT="30" WC="0.91" CONTENT="motionärernas"/><SP WIDTH="24" VPOS="573" HPOS="1101"/>
							<String ID="string_90" HPOS="1125" VPOS="574" WIDTH="131" HEIGHT="40" WC="0.96" CONTENT="förslag"/><SP WIDTH="23" VPOS="574" HPOS="1256"/>
							<String ID="string_91" HPOS="1279" VPOS="575" WIDTH="71" HEIGHT="29" WC="0.96" CONTENT="kan"/><SP WIDTH="21" VPOS="575" HPOS="1350"/>
							<String ID="string_92" HPOS="1371" VPOS="575" WIDTH="123" HEIGHT="30" WC="0.96" CONTENT="därför"/><SP WIDTH="24" VPOS="575" HPOS="1494"/>
							<String ID="string_93" HPOS="1518" VPOS="576" WIDTH="29" HEIGHT="39" WC="0.96" CONTENT="ej"/><SP WIDTH="27" VPOS="576" HPOS="1547"/>
							<String ID="string_94" HPOS="1574" VPOS="585" WIDTH="48" HEIGHT="20" WC="0.95" CONTENT="nu"/>
						</TextLine>
						<TextLine ID="line_10" HPOS="137" VPOS="616" WIDTH="1485" HEIGHT="43">
							<String ID="string_95" HPOS="137" VPOS="625" WIDTH="83" HEIGHT="21" WC="0.96" CONTENT="vara"/><SP WIDTH="19" VPOS="625" HPOS="220"/>
							<String ID="string_96" HPOS="239" VPOS="616" WIDTH="141" HEIGHT="30" WC="0.95" CONTENT="aktuell."/><SP WIDTH="20" VPOS="616" HPOS="380"/>
							<String ID="string_97" HPOS="400" VPOS="617" WIDTH="65" HEIGHT="29" WC="0.97" CONTENT="Det"/><SP WIDTH="19" VPOS="617" HPOS="465"/>
							<String ID="string_98" HPOS="484" VPOS="616" WIDTH="61" HEIGHT="29" WC="0.97" CONTENT="bör"/><SP WIDTH="21" VPOS="616" HPOS="545"/>
							<String ID="string_99" HPOS="566" VPOS="617" WIDTH="53" HEIGHT="29" WC="0.96" CONTENT="för"/><SP WIDTH="20" VPOS="617" HPOS="619"/>
							<String ID="string_100" HPOS="639" VPOS="617" WIDTH="111" HEIGHT="39" WC="0.93" CONTENT="övrigt"/><SP WIDTH="20" VPOS="617" HPOS="750"/>
							<String ID="string_101" HPOS="770" VPOS="618" WIDTH="134" HEIGHT="29" WC="0.91" CONTENT="erinras"/><SP WIDTH="21" VPOS="618" HPOS="904"/>
							<String ID="string_102" HPOS="925" VPOS="627" WIDTH="57" HEIGHT="20" WC="0.96" CONTENT="om"/><SP WIDTH="20" VPOS="627" HPOS="982"/>
							<String ID="string_103" HPOS="1002" VPOS="620" WIDTH="60" HEIGHT="32" WC="0.96" CONTENT="att,"/><SP WIDTH="20" VPOS="620" HPOS="1062"/>
							<String ID="string_104" HPOS="1082" VPOS="619" WIDTH="116" HEIGHT="29" WC="0.96" CONTENT="därest"/><SP WIDTH="21" VPOS="619" HPOS="1198"/>
							<String ID="string_105" HPOS="1219" VPOS="619" WIDTH="130" HEIGHT="29" WC="0.93" CONTENT="fonden"/><SP WIDTH="22" VPOS="619" HPOS="1349"/>
							<String ID="string_106" HPOS="1371" VPOS="620" WIDTH="129" HEIGHT="39" WC="0.91" CONTENT="nedgår"/><SP WIDTH="22" VPOS="620" HPOS="1500"/>
							<String ID="string_107" HPOS="1522" VPOS="621" WIDTH="9" HEIGHT="28" WC="0.96" CONTENT="i"/><SP WIDTH="22" VPOS="621" HPOS="1531"/>
							<String ID="string_108" HPOS="1553" VPOS="621" WIDTH="69" HEIGHT="29" WC="0.96" CONTENT="viss"/>
						</TextLine>
						<TextLine ID="line_11" HPOS="138" VPOS="661" WIDTH="1486" HEIGHT="42">
							<String ID="string_109" HPOS="138" VPOS="661" WIDTH="253" HEIGHT="39" WC="0.95" CONTENT="utsträckning,"/><SP WIDTH="26" VPOS="661" HPOS="391"/>
							<String ID="string_110" HPOS="417" VPOS="661" WIDTH="89" HEIGHT="29" WC="0.96" CONTENT="skall"/><SP WIDTH="26" VPOS="661" HPOS="506"/>
							<String ID="string_111" HPOS="532" VPOS="661" WIDTH="65" HEIGHT="30" WC="0.96" CONTENT="den"/><SP WIDTH="26" VPOS="661" HPOS="597"/>
							<String ID="string_112" HPOS="623" VPOS="661" WIDTH="107" HEIGHT="40" WC="0.96" CONTENT="enligt"/><SP WIDTH="23" VPOS="661" HPOS="730"/>
							<String ID="string_113" HPOS="753" VPOS="662" WIDTH="148" HEIGHT="29" WC="0.96" CONTENT="kassans"/><SP WIDTH="27" VPOS="662" HPOS="901"/>
							<String ID="string_114" HPOS="928" VPOS="663" WIDTH="141" HEIGHT="38" WC="0.92" CONTENT="stadgar"/><SP WIDTH="25" VPOS="663" HPOS="1069"/>
							<String ID="string_115" HPOS="1094" VPOS="663" WIDTH="215" HEIGHT="39" WC="0.91" CONTENT="uppbringas"/><SP WIDTH="23" VPOS="663" HPOS="1309"/>
							<String ID="string_116" HPOS="1332" VPOS="665" WIDTH="210" HEIGHT="38" WC="0.93" CONTENT="exempelvis"/><SP WIDTH="27" VPOS="665" HPOS="1542"/>
							<String ID="string_117" HPOS="1569" VPOS="672" WIDTH="55" HEIGHT="31" WC="0.92" CONTENT="ge-"/>
						</TextLine>
						<TextLine ID="line_12" HPOS="137" VPOS="706" WIDTH="1442" HEIGHT="42">
							<String ID="string_118" HPOS="137" VPOS="714" WIDTH="83" HEIGHT="20" WC="0.96" CONTENT="nom"/><SP WIDTH="21" VPOS="714" HPOS="220"/>
							<String ID="string_119" HPOS="241" VPOS="706" WIDTH="224" HEIGHT="39" WC="0.96" CONTENT="nedsättning"/><SP WIDTH="21" VPOS="706" HPOS="465"/>
							<String ID="string_120" HPOS="486" VPOS="715" WIDTH="43" HEIGHT="20" WC="0.93" CONTENT="av"/><SP WIDTH="20" VPOS="715" HPOS="529"/>
							<String ID="string_121" HPOS="549" VPOS="706" WIDTH="229" HEIGHT="39" WC="0.91" CONTENT="daghjälpens"/><SP WIDTH="21" VPOS="706" HPOS="778"/>
							<String ID="string_122" HPOS="799" VPOS="706" WIDTH="124" HEIGHT="40" WC="0.96" CONTENT="belopp"/><SP WIDTH="23" VPOS="706" HPOS="923"/>
							<String ID="string_123" HPOS="946" VPOS="707" WIDTH="82" HEIGHT="29" WC="0.96" CONTENT="eller"/><SP WIDTH="22" VPOS="707" HPOS="1028"/>
							<String ID="string_124" HPOS="1050" VPOS="714" WIDTH="124" HEIGHT="32" WC="0.96" CONTENT="genom"/><SP WIDTH="21" VPOS="714" HPOS="1174"/>
							<String ID="string_125" HPOS="1195" VPOS="708" WIDTH="153" HEIGHT="30" WC="0.93" CONTENT="särskild"/><SP WIDTH="23" VPOS="708" HPOS="1348"/>
							<String ID="string_126" HPOS="1371" VPOS="709" WIDTH="208" HEIGHT="39" WC="0.91" CONTENT="uttaxering."/>
						</TextLine>
					</TextBlock>
				</ComposedBlock>
				<ComposedBlock ID="cblock_2" HPOS="138" VPOS="785" WIDTH="1485" HEIGHT="94">
					<TextBlock ID="block_2" HPOS="138" VPOS="785" WIDTH="1485" HEIGHT="94">
						<TextLine ID="line_13" HPOS="182" VPOS="785" WIDTH="1441" HEIGHT="43">
							<String ID="string_127" HPOS="182" VPOS="785" WIDTH="324" HEIGHT="40" WC="0.91" CONTENT="Sjöfartsstyrelsen"/><SP WIDTH="26" VPOS="785" HPOS="506"/>
							<String ID="string_128" HPOS="532" VPOS="786" WIDTH="63" HEIGHT="30" WC="0.96" CONTENT="har"/><SP WIDTH="24" VPOS="786" HPOS="595"/>
							<String ID="string_129" HPOS="619" VPOS="786" WIDTH="10" HEIGHT="29" WC="0.96" CONTENT="i"/><SP WIDTH="25" VPOS="786" HPOS="629"/>
							<String ID="string_130" HPOS="654" VPOS="786" WIDTH="41" HEIGHT="30" WC="0.96" CONTENT="de"/><SP WIDTH="25" VPOS="786" HPOS="695"/>
							<String ID="string_131" HPOS="720" VPOS="786" WIDTH="94" HEIGHT="30" WC="0.96" CONTENT="delar"/><SP WIDTH="25" VPOS="786" HPOS="814"/>
							<String ID="string_132" HPOS="839" VPOS="796" WIDTH="42" HEIGHT="20" WC="0.96" CONTENT="av"/><SP WIDTH="24" VPOS="796" HPOS="881"/>
							<String ID="string_133" HPOS="905" VPOS="787" WIDTH="229" HEIGHT="34" WC="0.95" CONTENT="motionerna,"/><SP WIDTH="27" VPOS="787" HPOS="1134"/>
							<String ID="string_134" HPOS="1161" VPOS="796" WIDTH="74" HEIGHT="21" WC="0.96" CONTENT="som"/><SP WIDTH="26" VPOS="796" HPOS="1235"/>
							<String ID="string_135" HPOS="1261" VPOS="788" WIDTH="99" HEIGHT="29" WC="0.96" CONTENT="berör"/><SP WIDTH="25" VPOS="788" HPOS="1360"/>
							<String ID="string_136" HPOS="1385" VPOS="788" WIDTH="117" HEIGHT="40" WC="0.96" CONTENT="frågor"/><SP WIDTH="26" VPOS="788" HPOS="1502"/>
							<String ID="string_137" HPOS="1528" VPOS="789" WIDTH="95" HEIGHT="29" WC="0.96" CONTENT="inom"/>
						</TextLine>
						<TextLine ID="line_14" HPOS="138" VPOS="839" WIDTH="883" HEIGHT="40">
							<String ID="string_138" HPOS="138" VPOS="839" WIDTH="187" HEIGHT="39" WC="0.93" CONTENT="styrelsens"/><SP WIDTH="26" VPOS="839" HPOS="325"/>
							<String ID="string_139" HPOS="351" VPOS="839" WIDTH="279" HEIGHT="30" WC="0.91" CONTENT="ämbetsområde"/><SP WIDTH="25" VPOS="839" HPOS="630"/>
							<String ID="string_140" HPOS="655" VPOS="840" WIDTH="173" HEIGHT="29" WC="0.95" CONTENT="meddelat"/><SP WIDTH="25" VPOS="840" HPOS="828"/>
							<String ID="string_141" HPOS="853" VPOS="840" WIDTH="168" HEIGHT="39" WC="0.95" CONTENT="följande."/>
						</TextLine>
					</TextBlock>
				</ComposedBlock>
				<ComposedBlock ID="cblock_3" HPOS="138" VPOS="910" WIDTH="1489" HEIGHT="1552">
					<TextBlock ID="block_3" HPOS="138" VPOS="910" WIDTH="1489" HEIGHT="1320">
						<TextLine ID="line_15" HPOS="183" VPOS="910" WIDTH="1441" HEIGHT="42">
							<String ID="string_142" HPOS="183" VPOS="910" WIDTH="13" HEIGHT="28" WC="0.95" CONTENT="I"/><SP WIDTH="23" VPOS="910" HPOS="196"/>
							<String ID="string_143" HPOS="219" VPOS="910" WIDTH="164" HEIGHT="29" WC="0.96" CONTENT="skrivelse"/><SP WIDTH="22" VPOS="910" HPOS="383"/>
							<String ID="string_144" HPOS="405" VPOS="910" WIDTH="52" HEIGHT="29" WC="0.95" CONTENT="till"/><SP WIDTH="24" VPOS="910" HPOS="457"/>
							<String ID="string_145" HPOS="481" VPOS="910" WIDTH="125" HEIGHT="39" WC="0.94" CONTENT="Kungl."/><SP WIDTH="23" VPOS="910" HPOS="606"/>
							<String ID="string_146" HPOS="629" VPOS="910" WIDTH="106" HEIGHT="40" WC="0.96" CONTENT="Maj:t"/><SP WIDTH="21" VPOS="910" HPOS="735"/>
							<String ID="string_147" HPOS="756" VPOS="911" WIDTH="65" HEIGHT="29" WC="0.96" CONTENT="den"/><SP WIDTH="25" VPOS="911" HPOS="821"/>
							<String ID="string_148" HPOS="846" VPOS="911" WIDTH="39" HEIGHT="29" WC="0.96" CONTENT="12"/><SP WIDTH="24" VPOS="911" HPOS="885"/>
							<String ID="string_149" HPOS="909" VPOS="911" WIDTH="185" HEIGHT="30" WC="0.96" CONTENT="november"/><SP WIDTH="26" VPOS="911" HPOS="1094"/>
							<String ID="string_150" HPOS="1120" VPOS="911" WIDTH="82" HEIGHT="30" WC="0.96" CONTENT="1960"/><SP WIDTH="24" VPOS="911" HPOS="1202"/>
							<String ID="string_151" HPOS="1226" VPOS="912" WIDTH="203" HEIGHT="30" WC="0.96" CONTENT="redovisade"/><SP WIDTH="25" VPOS="912" HPOS="1429"/>
							<String ID="string_152" HPOS="1454" VPOS="914" WIDTH="170" HEIGHT="38" WC="0.96" CONTENT="styrelsen"/>
						</TextLine>
						<TextLine ID="line_16" HPOS="138" VPOS="954" WIDTH="1486" HEIGHT="40">
							<String ID="string_153" HPOS="138" VPOS="954" WIDTH="67" HEIGHT="29" WC="0.96" CONTENT="den"/><SP WIDTH="25" VPOS="954" HPOS="205"/>
							<String ID="string_154" HPOS="230" VPOS="963" WIDTH="42" HEIGHT="20" WC="0.96" CONTENT="av"/><SP WIDTH="24" VPOS="963" HPOS="272"/>
							<String ID="string_155" HPOS="296" VPOS="954" WIDTH="124" HEIGHT="39" WC="0.88" CONTENT="Kungl."/><SP WIDTH="28" VPOS="954" HPOS="420"/>
							<String ID="string_156" HPOS="448" VPOS="955" WIDTH="106" HEIGHT="38" WC="0.93" CONTENT="Maj:t"/><SP WIDTH="26" VPOS="955" HPOS="554"/>
							<String ID="string_157" HPOS="580" VPOS="955" WIDTH="198" HEIGHT="30" WC="0.91" CONTENT="anbefallda"/><SP WIDTH="25" VPOS="955" HPOS="778"/>
							<String ID="string_158" HPOS="803" VPOS="956" WIDTH="192" HEIGHT="38" WC="0.96" CONTENT="översynen"/><SP WIDTH="28" VPOS="956" HPOS="995"/>
							<String ID="string_159" HPOS="1023" VPOS="965" WIDTH="40" HEIGHT="20" WC="0.96" CONTENT="av"/><SP WIDTH="30" VPOS="965" HPOS="1063"/>
							<String ID="string_160" HPOS="1093" VPOS="955" WIDTH="82" HEIGHT="30" WC="0.96" CONTENT="1944"/><SP WIDTH="27" VPOS="955" HPOS="1175"/>
							<String ID="string_161" HPOS="1202" VPOS="956" WIDTH="55" HEIGHT="30" WC="0.93" CONTENT="års"/><SP WIDTH="28" VPOS="956" HPOS="1257"/>
							<String ID="string_162" HPOS="1285" VPOS="957" WIDTH="339" HEIGHT="30" WC="0.91" CONTENT="fiskehamnsutred-"/>
						</TextLine>
						<TextLine ID="line_17" HPOS="138" VPOS="999" WIDTH="1485" HEIGHT="40">
							<String ID="string_163" HPOS="138" VPOS="999" WIDTH="94" HEIGHT="39" WC="0.96" CONTENT="ning."/><SP WIDTH="26" VPOS="999" HPOS="232"/>
							<String ID="string_164" HPOS="258" VPOS="999" WIDTH="131" HEIGHT="29" WC="0.96" CONTENT="Därvid"/><SP WIDTH="24" VPOS="999" HPOS="389"/>
							<String ID="string_165" HPOS="413" VPOS="999" WIDTH="264" HEIGHT="30" WC="0.96" CONTENT="konstaterades"/><SP WIDTH="26" VPOS="999" HPOS="677"/>
							<String ID="string_166" HPOS="703" VPOS="999" WIDTH="45" HEIGHT="30" WC="0.93" CONTENT="bl."/><SP WIDTH="27" VPOS="999" HPOS="748"/>
							<String ID="string_167" HPOS="775" VPOS="1009" WIDTH="29" HEIGHT="20" WC="0.93" CONTENT="a."/><SP WIDTH="28" VPOS="1009" HPOS="804"/>
							<String ID="string_168" HPOS="832" VPOS="1002" WIDTH="50" HEIGHT="27" WC="0.96" CONTENT="att"/><SP WIDTH="27" VPOS="1002" HPOS="882"/>
							<String ID="string_169" HPOS="909" VPOS="1000" WIDTH="243" HEIGHT="39" WC="0.96" CONTENT="utvecklingen"/><SP WIDTH="27" VPOS="1000" HPOS="1152"/>
							<String ID="string_170" HPOS="1179" VPOS="1004" WIDTH="75" HEIGHT="27" WC="0.96" CONTENT="mot"/><SP WIDTH="26" VPOS="1004" HPOS="1254"/>
							<String ID="string_171" HPOS="1280" VPOS="1002" WIDTH="111" HEIGHT="29" WC="0.96" CONTENT="större"/><SP WIDTH="26" VPOS="1002" HPOS="1391"/>
							<String ID="string_172" HPOS="1417" VPOS="1001" WIDTH="206" HEIGHT="30" WC="0.95" CONTENT="effektivare"/>
						</TextLine>
						<TextLine ID="line_18" HPOS="138" VPOS="1043" WIDTH="1487" HEIGHT="42">
							<String ID="string_173" HPOS="138" VPOS="1043" WIDTH="159" HEIGHT="39" WC="0.92" CONTENT="båttyper"/><SP WIDTH="20" VPOS="1043" HPOS="297"/>
							<String ID="string_174" HPOS="317" VPOS="1043" WIDTH="96" HEIGHT="30" WC="0.96" CONTENT="ställt"/><SP WIDTH="22" VPOS="1043" HPOS="413"/>
							<String ID="string_175" HPOS="435" VPOS="1044" WIDTH="111" HEIGHT="29" WC="0.96" CONTENT="större"/><SP WIDTH="21" VPOS="1044" HPOS="546"/>
							<String ID="string_176" HPOS="567" VPOS="1044" WIDTH="86" HEIGHT="29" WC="0.96" CONTENT="krav"/><SP WIDTH="18" VPOS="1044" HPOS="653"/>
							<String ID="string_177" HPOS="671" VPOS="1044" WIDTH="45" HEIGHT="39" WC="0.93" CONTENT="på"/><SP WIDTH="22" VPOS="1044" HPOS="716"/>
							<String ID="string_178" HPOS="738" VPOS="1044" WIDTH="307" HEIGHT="30" WC="0.91" CONTENT="fiskehamnarnas"/><SP WIDTH="24" VPOS="1044" HPOS="1045"/>
							<String ID="string_179" HPOS="1069" VPOS="1045" WIDTH="166" HEIGHT="30" WC="0.96" CONTENT="standard"/><SP WIDTH="24" VPOS="1045" HPOS="1235"/>
							<String ID="string_180" HPOS="1259" VPOS="1046" WIDTH="9" HEIGHT="29" WC="0.96" CONTENT="i"/><SP WIDTH="24" VPOS="1046" HPOS="1268"/>
							<String ID="string_181" HPOS="1292" VPOS="1045" WIDTH="98" HEIGHT="40" WC="0.96" CONTENT="fråga"/><SP WIDTH="23" VPOS="1045" HPOS="1390"/>
							<String ID="string_182" HPOS="1413" VPOS="1055" WIDTH="57" HEIGHT="20" WC="0.93" CONTENT="om"/><SP WIDTH="22" VPOS="1055" HPOS="1470"/>
							<String ID="string_183" HPOS="1492" VPOS="1048" WIDTH="133" HEIGHT="28" WC="0.92" CONTENT="vatten-"/>
						</TextLine>
						<TextLine ID="line_19" HPOS="138" VPOS="1088" WIDTH="1486" HEIGHT="41">
							<String ID="string_184" HPOS="138" VPOS="1088" WIDTH="99" HEIGHT="39" WC="0.93" CONTENT="djup,"/><SP WIDTH="20" VPOS="1088" HPOS="237"/>
							<String ID="string_185" HPOS="257" VPOS="1088" WIDTH="217" HEIGHT="40" WC="0.91" CONTENT="kajlängder,"/><SP WIDTH="21" VPOS="1088" HPOS="474"/>
							<String ID="string_186" HPOS="495" VPOS="1090" WIDTH="173" HEIGHT="37" WC="0.95" CONTENT="utrymme"/><SP WIDTH="21" VPOS="1090" HPOS="668"/>
							<String ID="string_187" HPOS="689" VPOS="1089" WIDTH="54" HEIGHT="29" WC="0.96" CONTENT="för"/><SP WIDTH="21" VPOS="1089" HPOS="743"/>
							<String ID="string_188" HPOS="764" VPOS="1089" WIDTH="201" HEIGHT="39" WC="0.96" CONTENT="navigering"/><SP WIDTH="22" VPOS="1089" HPOS="965"/>
							<String ID="string_189" HPOS="987" VPOS="1091" WIDTH="62" HEIGHT="28" WC="0.92" CONTENT="etc."/><SP WIDTH="22" VPOS="1091" HPOS="1049"/>
							<String ID="string_190" HPOS="1071" VPOS="1089" WIDTH="479" HEIGHT="40" WC="0.90" CONTENT="Anläggningskostnaderna"/><SP WIDTH="20" VPOS="1089" HPOS="1550"/>
							<String ID="string_191" HPOS="1570" VPOS="1090" WIDTH="54" HEIGHT="29" WC="0.96" CONTENT="för"/>
						</TextLine>
						<TextLine ID="line_20" HPOS="139" VPOS="1132" WIDTH="1487" HEIGHT="42">
							<String ID="string_192" HPOS="139" VPOS="1133" WIDTH="196" HEIGHT="29" WC="0.96" CONTENT="hamnarna"/><SP WIDTH="18" VPOS="1133" HPOS="335"/>
							<String ID="string_193" HPOS="353" VPOS="1132" WIDTH="66" HEIGHT="29" WC="0.96" CONTENT="blir"/><SP WIDTH="19" VPOS="1132" HPOS="419"/>
							<String ID="string_194" HPOS="438" VPOS="1133" WIDTH="204" HEIGHT="39" WC="0.96" CONTENT="härigenom"/><SP WIDTH="20" VPOS="1133" HPOS="642"/>
							<String ID="string_195" HPOS="662" VPOS="1133" WIDTH="99" HEIGHT="39" WC="0.96" CONTENT="höga,"/><SP WIDTH="21" VPOS="1133" HPOS="761"/>
							<String ID="string_196" HPOS="782" VPOS="1134" WIDTH="119" HEIGHT="29" WC="0.96" CONTENT="varför"/><SP WIDTH="18" VPOS="1134" HPOS="901"/>
							<String ID="string_197" HPOS="919" VPOS="1134" WIDTH="108" HEIGHT="29" WC="0.96" CONTENT="redan"/><SP WIDTH="22" VPOS="1134" HPOS="1027"/>
							<String ID="string_198" HPOS="1049" VPOS="1134" WIDTH="228" HEIGHT="30" WC="0.96" CONTENT="ekonomiska"/><SP WIDTH="21" VPOS="1134" HPOS="1277"/>
							<String ID="string_199" HPOS="1298" VPOS="1134" WIDTH="75" HEIGHT="30" WC="0.96" CONTENT="skäl"/><SP WIDTH="22" VPOS="1134" HPOS="1373"/>
							<String ID="string_200" HPOS="1395" VPOS="1135" WIDTH="61" HEIGHT="39" WC="0.96" CONTENT="gör"/><SP WIDTH="20" VPOS="1135" HPOS="1456"/>
							<String ID="string_201" HPOS="1476" VPOS="1145" WIDTH="42" HEIGHT="19" WC="0.92" CONTENT="en"/><SP WIDTH="23" VPOS="1145" HPOS="1518"/>
							<String ID="string_202" HPOS="1541" VPOS="1136" WIDTH="85" HEIGHT="28" WC="0.91" CONTENT="kon-"/>
						</TextLine>
						<TextLine ID="line_21" HPOS="139" VPOS="1177" WIDTH="1486" HEIGHT="41">
							<String ID="string_203" HPOS="139" VPOS="1177" WIDTH="194" HEIGHT="29" WC="0.92" CONTENT="centration"/><SP WIDTH="23" VPOS="1177" HPOS="333"/>
							<String ID="string_204" HPOS="356" VPOS="1186" WIDTH="42" HEIGHT="20" WC="0.96" CONTENT="av"/><SP WIDTH="22" VPOS="1186" HPOS="398"/>
							<String ID="string_205" HPOS="420" VPOS="1178" WIDTH="102" HEIGHT="29" WC="0.96" CONTENT="dessa"/><SP WIDTH="23" VPOS="1178" HPOS="522"/>
							<String ID="string_206" HPOS="545" VPOS="1178" WIDTH="51" HEIGHT="29" WC="0.96" CONTENT="till"/><SP WIDTH="24" VPOS="1178" HPOS="596"/>
							<String ID="string_207" HPOS="620" VPOS="1179" WIDTH="47" HEIGHT="28" WC="0.95" CONTENT="ett"/><SP WIDTH="25" VPOS="1179" HPOS="667"/>
							<String ID="string_208" HPOS="692" VPOS="1177" WIDTH="91" HEIGHT="30" WC="0.96" CONTENT="färre"/><SP WIDTH="23" VPOS="1177" HPOS="783"/>
							<String ID="string_209" HPOS="806" VPOS="1178" WIDTH="96" HEIGHT="29" WC="0.96" CONTENT="antal"/><SP WIDTH="24" VPOS="1178" HPOS="902"/>
							<String ID="string_210" HPOS="926" VPOS="1178" WIDTH="110" HEIGHT="30" WC="0.96" CONTENT="större"/><SP WIDTH="24" VPOS="1178" HPOS="1036"/>
							<String ID="string_211" HPOS="1060" VPOS="1178" WIDTH="148" HEIGHT="30" WC="0.95" CONTENT="hamnar"/><SP WIDTH="26" VPOS="1178" HPOS="1208"/>
							<String ID="string_212" HPOS="1234" VPOS="1179" WIDTH="208" HEIGHT="39" WC="0.93" CONTENT="nödvändig."/><SP WIDTH="26" VPOS="1179" HPOS="1442"/>
							<String ID="string_213" HPOS="1468" VPOS="1179" WIDTH="157" HEIGHT="30" WC="0.92" CONTENT="Koncen-"/>
						</TextLine>
						<TextLine ID="line_22" HPOS="139" VPOS="1222" WIDTH="1485" HEIGHT="41">
							<String ID="string_214" HPOS="139" VPOS="1222" WIDTH="175" HEIGHT="29" WC="0.90" CONTENT="trationen"/><SP WIDTH="19" VPOS="1222" HPOS="314"/>
							<String ID="string_215" HPOS="333" VPOS="1222" WIDTH="114" HEIGHT="29" WC="0.91" CONTENT="drives"/><SP WIDTH="20" VPOS="1222" HPOS="447"/>
							<String ID="string_216" HPOS="467" VPOS="1222" WIDTH="87" HEIGHT="29" WC="0.96" CONTENT="även"/><SP WIDTH="21" VPOS="1222" HPOS="554"/>
							<String ID="string_217" HPOS="575" VPOS="1222" WIDTH="90" HEIGHT="29" WC="0.96" CONTENT="fram"/><SP WIDTH="21" VPOS="1222" HPOS="665"/>
							<String ID="string_218" HPOS="686" VPOS="1232" WIDTH="42" HEIGHT="20" WC="0.96" CONTENT="av"/><SP WIDTH="20" VPOS="1232" HPOS="728"/>
							<String ID="string_219" HPOS="748" VPOS="1222" WIDTH="109" HEIGHT="30" WC="0.95" CONTENT="andra"/><SP WIDTH="22" VPOS="1222" HPOS="857"/>
							<String ID="string_220" HPOS="879" VPOS="1223" WIDTH="87" HEIGHT="34" WC="0.96" CONTENT="skäl,"/><SP WIDTH="22" VPOS="1223" HPOS="966"/>
							<String ID="string_221" HPOS="988" VPOS="1231" WIDTH="77" HEIGHT="21" WC="0.96" CONTENT="som"/><SP WIDTH="17" VPOS="1231" HPOS="1065"/>
							<String ID="string_222" HPOS="1082" VPOS="1223" WIDTH="125" HEIGHT="29" WC="0.96" CONTENT="främst"/><SP WIDTH="23" VPOS="1223" HPOS="1207"/>
							<String ID="string_223" HPOS="1230" VPOS="1224" WIDTH="293" HEIGHT="39" WC="0.96" CONTENT="sammanhänger"/><SP WIDTH="22" VPOS="1224" HPOS="1523"/>
							<String ID="string_224" HPOS="1545" VPOS="1224" WIDTH="79" HEIGHT="29" WC="0.96" CONTENT="med"/>
						</TextLine>
						<TextLine ID="line_23" HPOS="139" VPOS="1266" WIDTH="1485" HEIGHT="41">
							<String ID="string_225" HPOS="139" VPOS="1266" WIDTH="331" HEIGHT="39" WC="0.91" CONTENT="fiskprodukternas"/><SP WIDTH="22" VPOS="1266" HPOS="470"/>
							<String ID="string_226" HPOS="492" VPOS="1266" WIDTH="189" HEIGHT="40" WC="0.96" CONTENT="beredning"/><SP WIDTH="21" VPOS="1266" HPOS="681"/>
							<String ID="string_227" HPOS="702" VPOS="1267" WIDTH="65" HEIGHT="29" WC="0.96" CONTENT="och"/><SP WIDTH="21" VPOS="1267" HPOS="767"/>
							<String ID="string_228" HPOS="788" VPOS="1267" WIDTH="235" HEIGHT="29" WC="0.96" CONTENT="distribution."/><SP WIDTH="23" VPOS="1267" HPOS="1023"/>
							<String ID="string_229" HPOS="1046" VPOS="1268" WIDTH="249" HEIGHT="39" WC="0.96" CONTENT="Utbyggnaden"/><SP WIDTH="24" VPOS="1268" HPOS="1295"/>
							<String ID="string_230" HPOS="1319" VPOS="1278" WIDTH="41" HEIGHT="20" WC="0.93" CONTENT="av"/><SP WIDTH="22" VPOS="1278" HPOS="1360"/>
							<String ID="string_231" HPOS="1382" VPOS="1268" WIDTH="242" HEIGHT="30" WC="0.92" CONTENT="fiskehamnar"/>
						</TextLine>
						<TextLine ID="line_24" HPOS="140" VPOS="1310" WIDTH="1485" HEIGHT="42">
							<String ID="string_232" HPOS="140" VPOS="1311" WIDTH="56" HEIGHT="29" WC="0.96" CONTENT="för"/><SP WIDTH="23" VPOS="1311" HPOS="196"/>
							<String ID="string_233" HPOS="219" VPOS="1311" WIDTH="109" HEIGHT="29" WC="0.96" CONTENT="större"/><SP WIDTH="24" VPOS="1311" HPOS="328"/>
							<String ID="string_234" HPOS="352" VPOS="1310" WIDTH="98" HEIGHT="30" WC="0.96" CONTENT="båtar"/><SP WIDTH="25" VPOS="1310" HPOS="450"/>
							<String ID="string_235" HPOS="475" VPOS="1311" WIDTH="37" HEIGHT="29" WC="0.95" CONTENT="är"/><SP WIDTH="25" VPOS="1311" HPOS="512"/>
							<String ID="string_236" HPOS="537" VPOS="1313" WIDTH="48" HEIGHT="28" WC="0.95" CONTENT="ett"/><SP WIDTH="21" VPOS="1313" HPOS="585"/>
							<String ID="string_237" HPOS="606" VPOS="1311" WIDTH="124" HEIGHT="39" WC="0.96" CONTENT="viktigt"/><SP WIDTH="25" VPOS="1311" HPOS="730"/>
							<String ID="string_238" HPOS="755" VPOS="1312" WIDTH="53" HEIGHT="29" WC="0.96" CONTENT="led"/><SP WIDTH="25" VPOS="1312" HPOS="808"/>
							<String ID="string_239" HPOS="833" VPOS="1312" WIDTH="10" HEIGHT="29" WC="0.96" CONTENT="i"/><SP WIDTH="26" VPOS="1312" HPOS="843"/>
							<String ID="string_240" HPOS="869" VPOS="1321" WIDTH="47" HEIGHT="19" WC="0.96" CONTENT="nu"/><SP WIDTH="26" VPOS="1321" HPOS="916"/>
							<String ID="string_241" HPOS="942" VPOS="1311" WIDTH="176" HEIGHT="40" WC="0.93" CONTENT="pågående"/><SP WIDTH="26" VPOS="1311" HPOS="1118"/>
							<String ID="string_242" HPOS="1144" VPOS="1312" WIDTH="327" HEIGHT="40" WC="0.91" CONTENT="rationaliseringen"/><SP WIDTH="26" VPOS="1312" HPOS="1471"/>
							<String ID="string_243" HPOS="1497" VPOS="1323" WIDTH="42" HEIGHT="19" WC="0.91" CONTENT="av"/><SP WIDTH="25" VPOS="1323" HPOS="1539"/>
							<String ID="string_244" HPOS="1564" VPOS="1313" WIDTH="61" HEIGHT="29" WC="0.91" CONTENT="fis-"/>
						</TextLine>
						<TextLine ID="line_25" HPOS="140" VPOS="1355" WIDTH="1484" HEIGHT="41">
							<String ID="string_245" HPOS="140" VPOS="1355" WIDTH="68" HEIGHT="33" WC="0.96" CONTENT="ket,"/><SP WIDTH="28" VPOS="1355" HPOS="208"/>
							<String ID="string_246" HPOS="236" VPOS="1356" WIDTH="50" HEIGHT="28" WC="0.96" CONTENT="till"/><SP WIDTH="27" VPOS="1356" HPOS="286"/>
							<String ID="string_247" HPOS="313" VPOS="1355" WIDTH="106" HEIGHT="30" WC="0.96" CONTENT="vilket"/><SP WIDTH="29" VPOS="1355" HPOS="419"/>
							<String ID="string_248" HPOS="448" VPOS="1356" WIDTH="133" HEIGHT="39" WC="0.96" CONTENT="statligt"/><SP WIDTH="28" VPOS="1356" HPOS="581"/>
							<String ID="string_249" HPOS="609" VPOS="1356" WIDTH="75" HEIGHT="29" WC="0.96" CONTENT="stöd"/><SP WIDTH="29" VPOS="1356" HPOS="684"/>
							<String ID="string_250" HPOS="713" VPOS="1356" WIDTH="86" HEIGHT="29" WC="0.95" CONTENT="även"/><SP WIDTH="29" VPOS="1356" HPOS="799"/>
							<String ID="string_251" HPOS="828" VPOS="1356" WIDTH="301" HEIGHT="39" WC="0.95" CONTENT="fortsättningsvis"/><SP WIDTH="28" VPOS="1356" HPOS="1129"/>
							<String ID="string_252" HPOS="1157" VPOS="1356" WIDTH="61" HEIGHT="29" WC="0.96" CONTENT="bör"/><SP WIDTH="29" VPOS="1356" HPOS="1218"/>
							<String ID="string_253" HPOS="1247" VPOS="1357" WIDTH="146" HEIGHT="29" WC="0.93" CONTENT="lämnas."/><SP WIDTH="32" VPOS="1357" HPOS="1393"/>
							<String ID="string_254" HPOS="1425" VPOS="1356" WIDTH="199" HEIGHT="40" WC="0.91" CONTENT="Översynen"/>
						</TextLine>
						<TextLine ID="line_26" HPOS="141" VPOS="1400" WIDTH="1484" HEIGHT="39">
							<String ID="string_255" HPOS="141" VPOS="1400" WIDTH="170" HEIGHT="29" WC="0.92" CONTENT="förelades"/><SP WIDTH="24" VPOS="1400" HPOS="311"/>
							<String ID="string_256" HPOS="335" VPOS="1400" WIDTH="82" HEIGHT="29" WC="0.96" CONTENT="1962"/><SP WIDTH="22" VPOS="1400" HPOS="417"/>
							<String ID="string_257" HPOS="439" VPOS="1400" WIDTH="59" HEIGHT="29" WC="0.96" CONTENT="års"/><SP WIDTH="18" VPOS="1400" HPOS="498"/>
							<String ID="string_258" HPOS="516" VPOS="1400" WIDTH="153" HEIGHT="39" WC="0.96" CONTENT="riksdag,"/><SP WIDTH="22" VPOS="1400" HPOS="669"/>
							<String ID="string_259" HPOS="691" VPOS="1409" WIDTH="74" HEIGHT="20" WC="0.96" CONTENT="som"/><SP WIDTH="21" VPOS="1409" HPOS="765"/>
							<String ID="string_260" HPOS="786" VPOS="1400" WIDTH="77" HEIGHT="30" WC="0.95" CONTENT="icke"/><SP WIDTH="20" VPOS="1400" HPOS="863"/>
							<String ID="string_261" HPOS="883" VPOS="1401" WIDTH="90" HEIGHT="29" WC="0.96" CONTENT="hade"/><SP WIDTH="22" VPOS="1401" HPOS="973"/>
							<String ID="string_262" HPOS="995" VPOS="1400" WIDTH="113" HEIGHT="39" WC="0.96" CONTENT="någon"/><SP WIDTH="22" VPOS="1400" HPOS="1108"/>
							<String ID="string_263" HPOS="1130" VPOS="1401" WIDTH="141" HEIGHT="29" WC="0.95" CONTENT="erinran"/><SP WIDTH="22" VPOS="1401" HPOS="1271"/>
							<String ID="string_264" HPOS="1293" VPOS="1403" WIDTH="73" HEIGHT="27" WC="0.96" CONTENT="mot"/><SP WIDTH="21" VPOS="1403" HPOS="1366"/>
							<String ID="string_265" HPOS="1387" VPOS="1402" WIDTH="10" HEIGHT="28" WC="0.96" CONTENT="i"/><SP WIDTH="23" VPOS="1402" HPOS="1397"/>
							<String ID="string_266" HPOS="1420" VPOS="1402" WIDTH="205" HEIGHT="29" WC="0.95" CONTENT="densamma"/>
						</TextLine>
						<TextLine ID="line_27" HPOS="140" VPOS="1444" WIDTH="1484" HEIGHT="40">
							<String ID="string_267" HPOS="140" VPOS="1444" WIDTH="195" HEIGHT="40" WC="0.96" CONTENT="framlagda"/><SP WIDTH="26" VPOS="1444" HPOS="335"/>
							<String ID="string_268" HPOS="361" VPOS="1444" WIDTH="187" HEIGHT="39" WC="0.96" CONTENT="principer,"/><SP WIDTH="25" VPOS="1444" HPOS="548"/>
							<String ID="string_269" HPOS="573" VPOS="1444" WIDTH="236" HEIGHT="30" WC="0.96" CONTENT="innebärande"/><SP WIDTH="28" VPOS="1444" HPOS="809"/>
							<String ID="string_270" HPOS="837" VPOS="1445" WIDTH="133" HEIGHT="38" WC="0.96" CONTENT="statligt"/><SP WIDTH="28" VPOS="1445" HPOS="970"/>
							<String ID="string_271" HPOS="998" VPOS="1445" WIDTH="77" HEIGHT="29" WC="0.96" CONTENT="stöd"/><SP WIDTH="28" VPOS="1445" HPOS="1075"/>
							<String ID="string_272" HPOS="1103" VPOS="1445" WIDTH="54" HEIGHT="29" WC="0.96" CONTENT="för"/><SP WIDTH="28" VPOS="1445" HPOS="1157"/>
							<String ID="string_273" HPOS="1185" VPOS="1445" WIDTH="141" HEIGHT="30" WC="0.96" CONTENT="fortsatt"/><SP WIDTH="29" VPOS="1445" HPOS="1326"/>
							<String ID="string_274" HPOS="1355" VPOS="1446" WIDTH="200" HEIGHT="38" WC="0.96" CONTENT="utbyggnad"/><SP WIDTH="29" VPOS="1446" HPOS="1555"/>
							<String ID="string_275" HPOS="1584" VPOS="1455" WIDTH="40" HEIGHT="20" WC="0.96" CONTENT="av"/>
						</TextLine>
						<TextLine ID="line_28" HPOS="140" VPOS="1488" WIDTH="1485" HEIGHT="41">
							<String ID="string_276" HPOS="140" VPOS="1489" WIDTH="241" HEIGHT="29" WC="0.91" CONTENT="fiskehamnar"/><SP WIDTH="25" VPOS="1489" HPOS="381"/>
							<String ID="string_277" HPOS="406" VPOS="1489" WIDTH="54" HEIGHT="29" WC="0.96" CONTENT="för"/><SP WIDTH="25" VPOS="1489" HPOS="460"/>
							<String ID="string_278" HPOS="485" VPOS="1490" WIDTH="95" HEIGHT="28" WC="0.96" CONTENT="stora"/><SP WIDTH="22" VPOS="1490" HPOS="580"/>
							<String ID="string_279" HPOS="602" VPOS="1489" WIDTH="166" HEIGHT="29" WC="0.93" CONTENT="moderna"/><SP WIDTH="24" VPOS="1489" HPOS="768"/>
							<String ID="string_280" HPOS="792" VPOS="1488" WIDTH="127" HEIGHT="30" WC="0.90" CONTENT="trålare"/><SP WIDTH="26" VPOS="1488" HPOS="919"/>
							<String ID="string_281" HPOS="945" VPOS="1491" WIDTH="90" HEIGHT="27" WC="0.96" CONTENT="samt"/><SP WIDTH="23" VPOS="1491" HPOS="1035"/>
							<String ID="string_282" HPOS="1058" VPOS="1489" WIDTH="54" HEIGHT="29" WC="0.96" CONTENT="för"/><SP WIDTH="24" VPOS="1489" HPOS="1112"/>
							<String ID="string_283" HPOS="1136" VPOS="1489" WIDTH="242" HEIGHT="30" WC="0.96" CONTENT="bibehållande"/><SP WIDTH="26" VPOS="1489" HPOS="1378"/>
							<String ID="string_284" HPOS="1404" VPOS="1499" WIDTH="42" HEIGHT="20" WC="0.93" CONTENT="av"/><SP WIDTH="24" VPOS="1499" HPOS="1446"/>
							<String ID="string_285" HPOS="1470" VPOS="1490" WIDTH="155" HEIGHT="39" WC="0.92" CONTENT="drägliga"/>
						</TextLine>
						<TextLine ID="line_29" HPOS="140" VPOS="1533" WIDTH="1484" HEIGHT="40">
							<String ID="string_286" HPOS="140" VPOS="1533" WIDTH="357" HEIGHT="30" WC="0.91" CONTENT="hamnförhållanden"/><SP WIDTH="29" VPOS="1533" HPOS="497"/>
							<String ID="string_287" HPOS="526" VPOS="1534" WIDTH="10" HEIGHT="28" WC="0.96" CONTENT="i"/><SP WIDTH="32" VPOS="1534" HPOS="536"/>
							<String ID="string_288" HPOS="568" VPOS="1533" WIDTH="131" HEIGHT="30" WC="0.96" CONTENT="sådana"/><SP WIDTH="29" VPOS="1533" HPOS="699"/>
							<String ID="string_289" HPOS="728" VPOS="1533" WIDTH="160" HEIGHT="34" WC="0.96" CONTENT="hamnar,"/><SP WIDTH="31" VPOS="1533" HPOS="888"/>
							<String ID="string_290" HPOS="919" VPOS="1534" WIDTH="62" HEIGHT="28" WC="0.96" CONTENT="där"/><SP WIDTH="31" VPOS="1534" HPOS="981"/>
							<String ID="string_291" HPOS="1012" VPOS="1533" WIDTH="292" HEIGHT="40" WC="0.96" CONTENT="förutsättningar"/><SP WIDTH="33" VPOS="1533" HPOS="1304"/>
							<String ID="string_292" HPOS="1337" VPOS="1534" WIDTH="129" HEIGHT="29" WC="0.95" CONTENT="saknas"/><SP WIDTH="31" VPOS="1534" HPOS="1466"/>
							<String ID="string_293" HPOS="1497" VPOS="1534" WIDTH="53" HEIGHT="29" WC="0.96" CONTENT="för"/><SP WIDTH="33" VPOS="1534" HPOS="1550"/>
							<String ID="string_294" HPOS="1583" VPOS="1543" WIDTH="41" HEIGHT="20" WC="0.96" CONTENT="en"/>
						</TextLine>
						<TextLine ID="line_30" HPOS="140" VPOS="1577" WIDTH="1483" HEIGHT="40">
							<String ID="string_295" HPOS="140" VPOS="1578" WIDTH="280" HEIGHT="39" WC="0.96" CONTENT="rationalisering"/><SP WIDTH="24" VPOS="1578" HPOS="420"/>
							<String ID="string_296" HPOS="444" VPOS="1587" WIDTH="42" HEIGHT="20" WC="0.96" CONTENT="av"/><SP WIDTH="23" VPOS="1587" HPOS="486"/>
							<String ID="string_297" HPOS="509" VPOS="1577" WIDTH="105" HEIGHT="30" WC="0.96" CONTENT="fisket"/><SP WIDTH="23" VPOS="1577" HPOS="614"/>
							<String ID="string_298" HPOS="637" VPOS="1587" WIDTH="80" HEIGHT="20" WC="0.96" CONTENT="men"/><SP WIDTH="23" VPOS="1587" HPOS="717"/>
							<String ID="string_299" HPOS="740" VPOS="1578" WIDTH="61" HEIGHT="29" WC="0.96" CONTENT="där"/><SP WIDTH="25" VPOS="1578" HPOS="801"/>
							<String ID="string_300" HPOS="826" VPOS="1578" WIDTH="106" HEIGHT="29" WC="0.95" CONTENT="fisket"/><SP WIDTH="24" VPOS="1578" HPOS="932"/>
							<String ID="string_301" HPOS="956" VPOS="1578" WIDTH="137" HEIGHT="29" WC="0.96" CONTENT="ändock"/><SP WIDTH="23" VPOS="1578" HPOS="1093"/>
							<String ID="string_302" HPOS="1116" VPOS="1578" WIDTH="112" HEIGHT="29" WC="0.96" CONTENT="måste"/><SP WIDTH="21" VPOS="1578" HPOS="1228"/>
							<String ID="string_303" HPOS="1249" VPOS="1578" WIDTH="114" HEIGHT="39" WC="0.96" CONTENT="fortgå"/><SP WIDTH="24" VPOS="1578" HPOS="1363"/>
							<String ID="string_304" HPOS="1387" VPOS="1579" WIDTH="96" HEIGHT="29" WC="0.96" CONTENT="ännu"/><SP WIDTH="26" VPOS="1579" HPOS="1483"/>
							<String ID="string_305" HPOS="1509" VPOS="1588" WIDTH="41" HEIGHT="20" WC="0.95" CONTENT="en"/><SP WIDTH="25" VPOS="1588" HPOS="1550"/>
							<String ID="string_306" HPOS="1575" VPOS="1579" WIDTH="48" HEIGHT="29" WC="0.95" CONTENT="tid"/>
						</TextLine>
						<TextLine ID="line_31" HPOS="140" VPOS="1622" WIDTH="1486" HEIGHT="39">
							<String ID="string_307" HPOS="140" VPOS="1632" WIDTH="43" HEIGHT="20" WC="0.96" CONTENT="av"/><SP WIDTH="24" VPOS="1632" HPOS="183"/>
							<String ID="string_308" HPOS="207" VPOS="1622" WIDTH="72" HEIGHT="29" WC="0.96" CONTENT="ofta"/><SP WIDTH="24" VPOS="1622" HPOS="279"/>
							<String ID="string_309" HPOS="303" VPOS="1624" WIDTH="76" HEIGHT="27" WC="0.96" CONTENT="rent"/><SP WIDTH="27" VPOS="1624" HPOS="379"/>
							<String ID="string_310" HPOS="406" VPOS="1622" WIDTH="128" HEIGHT="30" WC="0.96" CONTENT="sociala"/><SP WIDTH="27" VPOS="1622" HPOS="534"/>
							<String ID="string_311" HPOS="561" VPOS="1622" WIDTH="85" HEIGHT="29" WC="0.93" CONTENT="skäl."/><SP WIDTH="27" VPOS="1622" HPOS="646"/>
							<String ID="string_312" HPOS="673" VPOS="1623" WIDTH="74" HEIGHT="29" WC="0.93" CONTENT="Den"/><SP WIDTH="28" VPOS="1623" HPOS="747"/>
							<String ID="string_313" HPOS="775" VPOS="1622" WIDTH="177" HEIGHT="39" WC="0.76" CONTENT="5-årsplan"/><SP WIDTH="28" VPOS="1622" HPOS="952"/>
							<String ID="string_314" HPOS="980" VPOS="1622" WIDTH="53" HEIGHT="29" WC="0.96" CONTENT="för"/><SP WIDTH="27" VPOS="1622" HPOS="1033"/>
							<String ID="string_315" HPOS="1060" VPOS="1622" WIDTH="200" HEIGHT="39" WC="0.96" CONTENT="utbyggnad"/><SP WIDTH="28" VPOS="1622" HPOS="1260"/>
							<String ID="string_316" HPOS="1288" VPOS="1632" WIDTH="41" HEIGHT="20" WC="0.96" CONTENT="av"/><SP WIDTH="27" VPOS="1632" HPOS="1329"/>
							<String ID="string_317" HPOS="1356" VPOS="1623" WIDTH="136" HEIGHT="30" WC="0.93" CONTENT="landets"/><SP WIDTH="28" VPOS="1623" HPOS="1492"/>
							<String ID="string_318" HPOS="1520" VPOS="1623" WIDTH="106" HEIGHT="29" WC="0.90" CONTENT="fiske-"/>
						</TextLine>
						<TextLine ID="line_32" HPOS="140" VPOS="1667" WIDTH="1486" HEIGHT="39">
							<String ID="string_319" HPOS="140" VPOS="1667" WIDTH="159" HEIGHT="33" WC="0.95" CONTENT="hamnar,"/><SP WIDTH="20" VPOS="1667" HPOS="299"/>
							<String ID="string_320" HPOS="319" VPOS="1675" WIDTH="76" HEIGHT="20" WC="0.96" CONTENT="som"/><SP WIDTH="18" VPOS="1675" HPOS="395"/>
							<String ID="string_321" HPOS="413" VPOS="1667" WIDTH="189" HEIGHT="29" WC="0.96" CONTENT="framlades"/><SP WIDTH="19" VPOS="1667" HPOS="602"/>
							<String ID="string_322" HPOS="621" VPOS="1667" WIDTH="10" HEIGHT="28" WC="0.96" CONTENT="i"/><SP WIDTH="20" VPOS="1667" HPOS="631"/>
							<String ID="string_323" HPOS="651" VPOS="1667" WIDTH="169" HEIGHT="29" WC="0.96" CONTENT="samband"/><SP WIDTH="20" VPOS="1667" HPOS="820"/>
							<String ID="string_324" HPOS="840" VPOS="1667" WIDTH="79" HEIGHT="29" WC="0.95" CONTENT="med"/><SP WIDTH="20" VPOS="1667" HPOS="919"/>
							<String ID="string_325" HPOS="939" VPOS="1667" WIDTH="242" HEIGHT="39" WC="0.95" CONTENT="utredningen,"/><SP WIDTH="22" VPOS="1667" HPOS="1181"/>
							<String ID="string_326" HPOS="1203" VPOS="1667" WIDTH="186" HEIGHT="30" WC="0.96" CONTENT="förutsatte"/><SP WIDTH="19" VPOS="1667" HPOS="1389"/>
							<String ID="string_327" HPOS="1408" VPOS="1667" WIDTH="111" HEIGHT="30" WC="0.92" CONTENT="under"/><SP WIDTH="21" VPOS="1667" HPOS="1519"/>
							<String ID="string_328" HPOS="1540" VPOS="1668" WIDTH="86" HEIGHT="29" WC="0.92" CONTENT="fem-"/>
						</TextLine>
						<TextLine ID="line_33" HPOS="141" VPOS="1711" WIDTH="1484" HEIGHT="40">
							<String ID="string_329" HPOS="141" VPOS="1711" WIDTH="223" HEIGHT="39" WC="0.91" CONTENT="årsperioden"/><SP WIDTH="25" VPOS="1711" HPOS="364"/>
							<String ID="string_330" HPOS="389" VPOS="1712" WIDTH="13" HEIGHT="28" WC="0.95" CONTENT="1"/><SP WIDTH="25" VPOS="1712" HPOS="402"/>
							<String ID="string_331" HPOS="427" VPOS="1711" WIDTH="69" HEIGHT="39" WC="0.93" CONTENT="juli"/><SP WIDTH="23" VPOS="1711" HPOS="496"/>
							<String ID="string_332" HPOS="519" VPOS="1711" WIDTH="169" HEIGHT="30" WC="0.63" CONTENT="1960—30"/><SP WIDTH="23" VPOS="1711" HPOS="688"/>
							<String ID="string_333" HPOS="711" VPOS="1712" WIDTH="79" HEIGHT="38" WC="0.96" CONTENT="juni"/><SP WIDTH="26" VPOS="1712" HPOS="790"/>
							<String ID="string_334" HPOS="816" VPOS="1711" WIDTH="82" HEIGHT="29" WC="0.96" CONTENT="1965"/><SP WIDTH="24" VPOS="1711" HPOS="898"/>
							<String ID="string_335" HPOS="922" VPOS="1713" WIDTH="47" HEIGHT="28" WC="0.94" CONTENT="ett"/><SP WIDTH="25" VPOS="1713" HPOS="969"/>
							<String ID="string_336" HPOS="994" VPOS="1712" WIDTH="232" HEIGHT="38" WC="0.96" CONTENT="sammanlagt"/><SP WIDTH="25" VPOS="1712" HPOS="1226"/>
							<String ID="string_337" HPOS="1251" VPOS="1712" WIDTH="210" HEIGHT="39" WC="0.96" CONTENT="statsbidrag"/><SP WIDTH="25" VPOS="1712" HPOS="1461"/>
							<String ID="string_338" HPOS="1486" VPOS="1722" WIDTH="42" HEIGHT="20" WC="0.96" CONTENT="av"/><SP WIDTH="25" VPOS="1722" HPOS="1528"/>
							<String ID="string_339" HPOS="1553" VPOS="1711" WIDTH="72" HEIGHT="34" WC="0.96" CONTENT="14,5"/>
						</TextLine>
						<TextLine ID="line_34" HPOS="141" VPOS="1755" WIDTH="1484" HEIGHT="40">
							<String ID="string_340" HPOS="141" VPOS="1756" WIDTH="88" HEIGHT="39" WC="0.94" CONTENT="milj."/><SP WIDTH="25" VPOS="1756" HPOS="229"/>
							<String ID="string_341" HPOS="254" VPOS="1755" WIDTH="140" HEIGHT="35" WC="0.96" CONTENT="kronor,"/><SP WIDTH="25" VPOS="1755" HPOS="394"/>
							<String ID="string_342" HPOS="419" VPOS="1756" WIDTH="107" HEIGHT="29" WC="0.96" CONTENT="därav"/><SP WIDTH="24" VPOS="1756" HPOS="526"/>
							<String ID="string_343" HPOS="550" VPOS="1756" WIDTH="18" HEIGHT="29" WC="0.95" CONTENT="2"/><SP WIDTH="25" VPOS="1756" HPOS="568"/>
							<String ID="string_344" HPOS="593" VPOS="1756" WIDTH="87" HEIGHT="38" WC="0.95" CONTENT="milj."/><SP WIDTH="25" VPOS="1756" HPOS="680"/>
							<String ID="string_345" HPOS="705" VPOS="1756" WIDTH="129" HEIGHT="29" WC="0.95" CONTENT="kronor"/><SP WIDTH="24" VPOS="1756" HPOS="834"/>
							<String ID="string_346" HPOS="858" VPOS="1756" WIDTH="55" HEIGHT="29" WC="0.93" CONTENT="för"/><SP WIDTH="27" VPOS="1756" HPOS="913"/>
							<String ID="string_347" HPOS="940" VPOS="1755" WIDTH="160" HEIGHT="35" WC="0.91" CONTENT="1960/61,"/><SP WIDTH="26" VPOS="1755" HPOS="1100"/>
							<String ID="string_348" HPOS="1126" VPOS="1756" WIDTH="51" HEIGHT="33" WC="0.96" CONTENT="3,5"/><SP WIDTH="24" VPOS="1756" HPOS="1177"/>
							<String ID="string_349" HPOS="1201" VPOS="1756" WIDTH="88" HEIGHT="39" WC="0.96" CONTENT="milj."/><SP WIDTH="26" VPOS="1756" HPOS="1289"/>
							<String ID="string_350" HPOS="1315" VPOS="1756" WIDTH="52" HEIGHT="29" WC="0.96" CONTENT="kr."/><SP WIDTH="27" VPOS="1756" HPOS="1367"/>
							<String ID="string_351" HPOS="1394" VPOS="1756" WIDTH="54" HEIGHT="29" WC="0.93" CONTENT="för"/><SP WIDTH="29" VPOS="1756" HPOS="1448"/>
							<String ID="string_352" HPOS="1477" VPOS="1757" WIDTH="148" HEIGHT="35" WC="0.92" CONTENT="1961/62"/>
						</TextLine>
						<TextLine ID="line_35" HPOS="141" VPOS="1800" WIDTH="1485" HEIGHT="40">
							<String ID="string_353" HPOS="141" VPOS="1800" WIDTH="64" HEIGHT="29" WC="0.95" CONTENT="och"/><SP WIDTH="22" VPOS="1800" HPOS="205"/>
							<String ID="string_354" HPOS="227" VPOS="1800" WIDTH="17" HEIGHT="29" WC="0.95" CONTENT="3"/><SP WIDTH="21" VPOS="1800" HPOS="244"/>
							<String ID="string_355" HPOS="265" VPOS="1800" WIDTH="86" HEIGHT="39" WC="0.95" CONTENT="milj."/><SP WIDTH="22" VPOS="1800" HPOS="351"/>
							<String ID="string_356" HPOS="373" VPOS="1800" WIDTH="51" HEIGHT="29" WC="0.95" CONTENT="kr."/><SP WIDTH="24" VPOS="1800" HPOS="424"/>
							<String ID="string_357" HPOS="448" VPOS="1800" WIDTH="54" HEIGHT="29" WC="0.93" CONTENT="för"/><SP WIDTH="21" VPOS="1800" HPOS="502"/>
							<String ID="string_358" HPOS="523" VPOS="1800" WIDTH="160" HEIGHT="30" WC="0.91" CONTENT="vartdera"/><SP WIDTH="21" VPOS="1800" HPOS="683"/>
							<String ID="string_359" HPOS="704" VPOS="1809" WIDTH="41" HEIGHT="21" WC="0.91" CONTENT="av"/><SP WIDTH="21" VPOS="1809" HPOS="745"/>
							<String ID="string_360" HPOS="766" VPOS="1800" WIDTH="215" HEIGHT="39" WC="0.90" CONTENT="budgetåren"/><SP WIDTH="24" VPOS="1800" HPOS="981"/>
							<String ID="string_361" HPOS="1005" VPOS="1800" WIDTH="357" HEIGHT="35" WC="0.58" CONTENT="1962/63—1964/65."/><SP WIDTH="24" VPOS="1800" HPOS="1362"/>
							<String ID="string_362" HPOS="1386" VPOS="1801" WIDTH="66" HEIGHT="28" WC="0.93" CONTENT="Till"/><SP WIDTH="24" VPOS="1801" HPOS="1452"/>
							<String ID="string_363" HPOS="1476" VPOS="1801" WIDTH="150" HEIGHT="39" WC="0.92" CONTENT="byggan-"/>
						</TextLine>
						<TextLine ID="line_36" HPOS="141" VPOS="1843" WIDTH="1483" HEIGHT="40">
							<String ID="string_364" HPOS="141" VPOS="1845" WIDTH="41" HEIGHT="29" WC="0.96" CONTENT="de"/><SP WIDTH="22" VPOS="1845" HPOS="182"/>
							<String ID="string_365" HPOS="204" VPOS="1854" WIDTH="41" HEIGHT="19" WC="0.93" CONTENT="av"/><SP WIDTH="20" VPOS="1854" HPOS="245"/>
							<String ID="string_366" HPOS="265" VPOS="1844" WIDTH="244" HEIGHT="30" WC="0.92" CONTENT="fiskehamnar"/><SP WIDTH="19" VPOS="1844" HPOS="509"/>
							<String ID="string_367" HPOS="528" VPOS="1845" WIDTH="63" HEIGHT="29" WC="0.96" CONTENT="har"/><SP WIDTH="23" VPOS="1845" HPOS="591"/>
							<String ID="string_368" HPOS="614" VPOS="1844" WIDTH="197" HEIGHT="39" WC="0.96" CONTENT="Riksdagen"/><SP WIDTH="23" VPOS="1844" HPOS="811"/>
							<String ID="string_369" HPOS="834" VPOS="1844" WIDTH="111" HEIGHT="29" WC="0.96" CONTENT="under"/><SP WIDTH="23" VPOS="1844" HPOS="945"/>
							<String ID="string_370" HPOS="968" VPOS="1845" WIDTH="40" HEIGHT="28" WC="0.96" CONTENT="de"/><SP WIDTH="23" VPOS="1845" HPOS="1008"/>
							<String ID="string_371" HPOS="1031" VPOS="1843" WIDTH="18" HEIGHT="29" WC="0.93" CONTENT="4"/><SP WIDTH="21" VPOS="1843" HPOS="1049"/>
							<String ID="string_372" HPOS="1070" VPOS="1844" WIDTH="212" HEIGHT="39" WC="0.91" CONTENT="budgetåren"/><SP WIDTH="27" VPOS="1844" HPOS="1282"/>
							<String ID="string_373" HPOS="1309" VPOS="1844" WIDTH="146" HEIGHT="35" WC="0.92" CONTENT="1960/61"/><SP WIDTH="27" VPOS="1844" HPOS="1455"/>
							<String ID="string_374" HPOS="1482" VPOS="1847" WIDTH="21" HEIGHT="27" WC="0.91" CONTENT="t."/><SP WIDTH="24" VPOS="1847" HPOS="1503"/>
							<String ID="string_375" HPOS="1527" VPOS="1854" WIDTH="29" HEIGHT="20" WC="0.91" CONTENT="o."/><SP WIDTH="24" VPOS="1854" HPOS="1556"/>
							<String ID="string_376" HPOS="1580" VPOS="1854" WIDTH="44" HEIGHT="19" WC="0.91" CONTENT="m."/>
						</TextLine>
						<TextLine ID="line_37" HPOS="143" VPOS="1888" WIDTH="1483" HEIGHT="40">
							<String ID="string_377" HPOS="143" VPOS="1888" WIDTH="150" HEIGHT="35" WC="0.92" CONTENT="1963/64"/><SP WIDTH="18" VPOS="1888" HPOS="293"/>
							<String ID="string_378" HPOS="311" VPOS="1889" WIDTH="136" HEIGHT="29" WC="0.95" CONTENT="anvisat"/><SP WIDTH="19" VPOS="1889" HPOS="447"/>
							<String ID="string_379" HPOS="466" VPOS="1889" WIDTH="233" HEIGHT="39" WC="0.95" CONTENT="sammanlagt"/><SP WIDTH="23" VPOS="1889" HPOS="699"/>
							<String ID="string_380" HPOS="722" VPOS="1888" WIDTH="68" HEIGHT="34" WC="0.92" CONTENT="(2,0"/><SP WIDTH="23" VPOS="1888" HPOS="790"/>
							<String ID="string_381" HPOS="813" VPOS="1890" WIDTH="36" HEIGHT="35" WC="0.35" CONTENT="-L-"/><SP WIDTH="22" VPOS="1890" HPOS="849"/>
							<String ID="string_382" HPOS="871" VPOS="1888" WIDTH="52" HEIGHT="34" WC="0.95" CONTENT="2,0"/><SP WIDTH="22" VPOS="1888" HPOS="923"/>
							<String ID="string_383" HPOS="945" VPOS="1890" WIDTH="36" HEIGHT="35" WC="0.34" CONTENT="+"/><SP WIDTH="23" VPOS="1890" HPOS="981"/>
							<String ID="string_384" HPOS="1004" VPOS="1888" WIDTH="50" HEIGHT="33" WC="0.95" CONTENT="3,0"/><SP WIDTH="24" VPOS="1888" HPOS="1054"/>
							<String ID="string_385" HPOS="1078" VPOS="1889" WIDTH="35" HEIGHT="36" WC="0.46" CONTENT="4"/><SP WIDTH="23" VPOS="1889" HPOS="1113"/>
							<String ID="string_386" HPOS="1136" VPOS="1888" WIDTH="68" HEIGHT="34" WC="0.92" CONTENT="3,0)"/><SP WIDTH="28" VPOS="1888" HPOS="1204"/>
							<String ID="string_387" HPOS="1232" VPOS="1889" WIDTH="37" HEIGHT="29" WC="0.95" CONTENT="10"/><SP WIDTH="22" VPOS="1889" HPOS="1269"/>
							<String ID="string_388" HPOS="1291" VPOS="1889" WIDTH="87" HEIGHT="38" WC="0.94" CONTENT="milj."/><SP WIDTH="22" VPOS="1889" HPOS="1378"/>
							<String ID="string_389" HPOS="1400" VPOS="1889" WIDTH="139" HEIGHT="29" WC="0.96" CONTENT="kronor."/><SP WIDTH="20" VPOS="1889" HPOS="1539"/>
							<String ID="string_390" HPOS="1559" VPOS="1889" WIDTH="67" HEIGHT="29" WC="0.96" CONTENT="För"/>
						</TextLine>
						<TextLine ID="line_38" HPOS="141" VPOS="1932" WIDTH="1484" HEIGHT="40">
							<String ID="string_391" HPOS="141" VPOS="1933" WIDTH="202" HEIGHT="39" WC="0.93" CONTENT="budgetåret"/><SP WIDTH="26" VPOS="1933" HPOS="343"/>
							<String ID="string_392" HPOS="369" VPOS="1933" WIDTH="150" HEIGHT="35" WC="0.91" CONTENT="1964/65"/><SP WIDTH="25" VPOS="1933" HPOS="519"/>
							<String ID="string_393" HPOS="544" VPOS="1933" WIDTH="184" HEIGHT="29" WC="0.96" CONTENT="förordade"/><SP WIDTH="24" VPOS="1933" HPOS="728"/>
							<String ID="string_394" HPOS="752" VPOS="1933" WIDTH="167" HEIGHT="38" WC="0.96" CONTENT="styrelsen"/><SP WIDTH="27" VPOS="1933" HPOS="919"/>
							<String ID="string_395" HPOS="946" VPOS="1934" WIDTH="47" HEIGHT="28" WC="0.96" CONTENT="ett"/><SP WIDTH="25" VPOS="1934" HPOS="993"/>
							<String ID="string_396" HPOS="1018" VPOS="1933" WIDTH="120" HEIGHT="38" WC="0.96" CONTENT="anslag"/><SP WIDTH="24" VPOS="1933" HPOS="1138"/>
							<String ID="string_397" HPOS="1162" VPOS="1942" WIDTH="41" HEIGHT="20" WC="0.96" CONTENT="av"/><SP WIDTH="25" VPOS="1942" HPOS="1203"/>
							<String ID="string_398" HPOS="1228" VPOS="1932" WIDTH="51" HEIGHT="34" WC="0.93" CONTENT="4,0"/><SP WIDTH="27" VPOS="1932" HPOS="1279"/>
							<String ID="string_399" HPOS="1306" VPOS="1933" WIDTH="86" HEIGHT="39" WC="0.96" CONTENT="milj."/><SP WIDTH="27" VPOS="1933" HPOS="1392"/>
							<String ID="string_400" HPOS="1419" VPOS="1933" WIDTH="129" HEIGHT="29" WC="0.96" CONTENT="kronor"/><SP WIDTH="26" VPOS="1933" HPOS="1548"/>
							<String ID="string_401" HPOS="1574" VPOS="1933" WIDTH="51" HEIGHT="29" WC="0.96" CONTENT="till"/>
						</TextLine>
						<TextLine ID="line_39" HPOS="141" VPOS="1977" WIDTH="1485" HEIGHT="39">
							<String ID="string_402" HPOS="141" VPOS="1977" WIDTH="122" HEIGHT="39" WC="0.96" CONTENT="bidrag"/><SP WIDTH="31" VPOS="1977" HPOS="263"/>
							<String ID="string_403" HPOS="294" VPOS="1978" WIDTH="51" HEIGHT="28" WC="0.95" CONTENT="till"/><SP WIDTH="31" VPOS="1978" HPOS="345"/>
							<String ID="string_404" HPOS="376" VPOS="1977" WIDTH="180" HEIGHT="39" WC="0.96" CONTENT="byggande"/><SP WIDTH="33" VPOS="1977" HPOS="556"/>
							<String ID="string_405" HPOS="589" VPOS="1987" WIDTH="41" HEIGHT="20" WC="0.90" CONTENT="av"/><SP WIDTH="31" VPOS="1987" HPOS="630"/>
							<String ID="string_406" HPOS="661" VPOS="1977" WIDTH="251" HEIGHT="29" WC="0.90" CONTENT="fiskehamnar."/><SP WIDTH="35" VPOS="1977" HPOS="912"/>
							<String ID="string_407" HPOS="947" VPOS="1977" WIDTH="12" HEIGHT="28" WC="0.96" CONTENT="I"/><SP WIDTH="34" VPOS="1977" HPOS="959"/>
							<String ID="string_408" HPOS="993" VPOS="1977" WIDTH="90" HEIGHT="29" WC="0.93" CONTENT="årets"/><SP WIDTH="35" VPOS="1977" HPOS="1083"/>
							<String ID="string_409" HPOS="1118" VPOS="1977" WIDTH="411" HEIGHT="39" WC="0.91" CONTENT="statsverksproposition"/><SP WIDTH="34" VPOS="1977" HPOS="1529"/>
							<String ID="string_410" HPOS="1563" VPOS="1978" WIDTH="63" HEIGHT="28" WC="0.96" CONTENT="har"/>
						</TextLine>
						<TextLine ID="line_40" HPOS="142" VPOS="2021" WIDTH="1485" HEIGHT="40">
							<String ID="string_411" HPOS="142" VPOS="2022" WIDTH="125" HEIGHT="39" WC="0.93" CONTENT="Kungl."/><SP WIDTH="19" VPOS="2022" HPOS="267"/>
							<String ID="string_412" HPOS="286" VPOS="2022" WIDTH="104" HEIGHT="39" WC="0.93" CONTENT="Maj:t"/><SP WIDTH="18" VPOS="2022" HPOS="390"/>
							<String ID="string_413" HPOS="408" VPOS="2022" WIDTH="178" HEIGHT="29" WC="0.91" CONTENT="hemställt"/><SP WIDTH="19" VPOS="2022" HPOS="586"/>
							<String ID="string_414" HPOS="605" VPOS="2031" WIDTH="55" HEIGHT="19" WC="0.93" CONTENT="om"/><SP WIDTH="20" VPOS="2031" HPOS="660"/>
							<String ID="string_415" HPOS="680" VPOS="2022" WIDTH="189" HEIGHT="29" WC="0.89" CONTENT="anvisande"/><SP WIDTH="20" VPOS="2022" HPOS="869"/>
							<String ID="string_416" HPOS="889" VPOS="2031" WIDTH="43" HEIGHT="20" WC="0.96" CONTENT="av"/><SP WIDTH="18" VPOS="2031" HPOS="932"/>
							<String ID="string_417" HPOS="950" VPOS="2021" WIDTH="51" HEIGHT="34" WC="0.96" CONTENT="3,0"/><SP WIDTH="20" VPOS="2021" HPOS="1001"/>
							<String ID="string_418" HPOS="1021" VPOS="2021" WIDTH="86" HEIGHT="39" WC="0.95" CONTENT="milj."/><SP WIDTH="21" VPOS="2021" HPOS="1107"/>
							<String ID="string_419" HPOS="1128" VPOS="2022" WIDTH="129" HEIGHT="28" WC="0.96" CONTENT="kronor"/><SP WIDTH="21" VPOS="2022" HPOS="1257"/>
							<String ID="string_420" HPOS="1278" VPOS="2021" WIDTH="53" HEIGHT="29" WC="0.96" CONTENT="för"/><SP WIDTH="21" VPOS="2021" HPOS="1331"/>
							<String ID="string_421" HPOS="1352" VPOS="2022" WIDTH="148" HEIGHT="38" WC="0.93" CONTENT="angivna"/><SP WIDTH="21" VPOS="2022" HPOS="1500"/>
							<String ID="string_422" HPOS="1521" VPOS="2022" WIDTH="106" HEIGHT="29" WC="0.90" CONTENT="ända-"/>
						</TextLine>
						<TextLine ID="line_41" HPOS="142" VPOS="2066" WIDTH="1485" HEIGHT="39">
							<String ID="string_423" HPOS="142" VPOS="2066" WIDTH="80" HEIGHT="29" WC="0.93" CONTENT="mål."/><SP WIDTH="24" VPOS="2066" HPOS="222"/>
							<String ID="string_424" HPOS="246" VPOS="2067" WIDTH="130" HEIGHT="29" WC="0.96" CONTENT="Planen"/><SP WIDTH="23" VPOS="2067" HPOS="376"/>
							<String ID="string_425" HPOS="399" VPOS="2066" WIDTH="229" HEIGHT="39" WC="0.96" CONTENT="förverkligas"/><SP WIDTH="24" VPOS="2066" HPOS="628"/>
							<String ID="string_426" HPOS="652" VPOS="2066" WIDTH="148" HEIGHT="29" WC="0.95" CONTENT="sålunda"/><SP WIDTH="23" VPOS="2066" HPOS="800"/>
							<String ID="string_427" HPOS="823" VPOS="2067" WIDTH="9" HEIGHT="28" WC="0.96" CONTENT="i"/><SP WIDTH="24" VPOS="2067" HPOS="832"/>
							<String ID="string_428" HPOS="856" VPOS="2066" WIDTH="256" HEIGHT="38" WC="0.95" CONTENT="långsammare"/><SP WIDTH="25" VPOS="2066" HPOS="1112"/>
							<String ID="string_429" HPOS="1137" VPOS="2066" WIDTH="75" HEIGHT="29" WC="0.96" CONTENT="takt"/><SP WIDTH="25" VPOS="2066" HPOS="1212"/>
							<String ID="string_430" HPOS="1237" VPOS="2066" WIDTH="43" HEIGHT="29" WC="0.96" CONTENT="än"/><SP WIDTH="26" VPOS="2066" HPOS="1280"/>
							<String ID="string_431" HPOS="1306" VPOS="2067" WIDTH="64" HEIGHT="28" WC="0.96" CONTENT="vad"/><SP WIDTH="27" VPOS="2067" HPOS="1370"/>
							<String ID="string_432" HPOS="1397" VPOS="2075" WIDTH="74" HEIGHT="20" WC="0.96" CONTENT="som"/><SP WIDTH="25" VPOS="2075" HPOS="1471"/>
							<String ID="string_433" HPOS="1496" VPOS="2067" WIDTH="11" HEIGHT="28" WC="0.93" CONTENT="i"/><SP WIDTH="25" VPOS="2067" HPOS="1507"/>
							<String ID="string_434" HPOS="1532" VPOS="2067" WIDTH="95" HEIGHT="28" WC="0.92" CONTENT="över-"/>
						</TextLine>
						<TextLine ID="line_42" HPOS="142" VPOS="2110" WIDTH="1485" HEIGHT="39">
							<String ID="string_435" HPOS="142" VPOS="2120" WIDTH="108" HEIGHT="29" WC="0.96" CONTENT="synen"/><SP WIDTH="27" VPOS="2120" HPOS="250"/>
							<String ID="string_436" HPOS="277" VPOS="2111" WIDTH="196" HEIGHT="38" WC="0.96" CONTENT="föreslagits"/><SP WIDTH="27" VPOS="2111" HPOS="473"/>
							<String ID="string_437" HPOS="500" VPOS="2111" WIDTH="140" HEIGHT="28" WC="0.95" CONTENT="särskilt"/><SP WIDTH="26" VPOS="2111" HPOS="640"/>
							<String ID="string_438" HPOS="666" VPOS="2111" WIDTH="78" HEIGHT="29" WC="0.95" CONTENT="med"/><SP WIDTH="27" VPOS="2111" HPOS="744"/>
							<String ID="string_439" HPOS="771" VPOS="2111" WIDTH="136" HEIGHT="38" WC="0.95" CONTENT="hänsyn"/><SP WIDTH="28" VPOS="2111" HPOS="907"/>
							<String ID="string_440" HPOS="935" VPOS="2111" WIDTH="51" HEIGHT="29" WC="0.93" CONTENT="till"/><SP WIDTH="28" VPOS="2111" HPOS="986"/>
							<String ID="string_441" HPOS="1014" VPOS="2110" WIDTH="195" HEIGHT="38" WC="0.92" CONTENT="stegringen"/><SP WIDTH="28" VPOS="2110" HPOS="1209"/>
							<String ID="string_442" HPOS="1237" VPOS="2120" WIDTH="41" HEIGHT="19" WC="0.93" CONTENT="av"/><SP WIDTH="27" VPOS="2120" HPOS="1278"/>
							<String ID="string_443" HPOS="1305" VPOS="2110" WIDTH="322" HEIGHT="39" WC="0.91" CONTENT="byggnadskostna-"/>
						</TextLine>
						<TextLine ID="line_43" HPOS="142" VPOS="2154" WIDTH="1484" HEIGHT="39">
							<String ID="string_444" HPOS="142" VPOS="2156" WIDTH="118" HEIGHT="33" WC="0.96" CONTENT="derna,"/><SP WIDTH="29" VPOS="2156" HPOS="260"/>
							<String ID="string_445" HPOS="289" VPOS="2164" WIDTH="71" HEIGHT="20" WC="0.96" CONTENT="som"/><SP WIDTH="31" VPOS="2164" HPOS="360"/>
							<String ID="string_446" HPOS="391" VPOS="2156" WIDTH="107" HEIGHT="28" WC="0.93" CONTENT="sedan"/><SP WIDTH="30" VPOS="2156" HPOS="498"/>
							<String ID="string_447" HPOS="528" VPOS="2155" WIDTH="229" HEIGHT="29" WC="0.91" CONTENT="förenämnda"/><SP WIDTH="29" VPOS="2155" HPOS="757"/>
							<String ID="string_448" HPOS="786" VPOS="2155" WIDTH="81" HEIGHT="38" WC="0.95" CONTENT="plan"/><SP WIDTH="30" VPOS="2155" HPOS="867"/>
							<String ID="string_449" HPOS="897" VPOS="2155" WIDTH="226" HEIGHT="38" WC="0.95" CONTENT="upprättades"/><SP WIDTH="30" VPOS="2155" HPOS="1123"/>
							<String ID="string_450" HPOS="1153" VPOS="2155" WIDTH="68" HEIGHT="28" WC="0.96" CONTENT="kan"/><SP WIDTH="31" VPOS="2155" HPOS="1221"/>
							<String ID="string_451" HPOS="1252" VPOS="2154" WIDTH="172" HEIGHT="30" WC="0.96" CONTENT="beräknas"/><SP WIDTH="31" VPOS="2154" HPOS="1424"/>
							<String ID="string_452" HPOS="1455" VPOS="2155" WIDTH="51" HEIGHT="29" WC="0.94" CONTENT="till"/><SP WIDTH="34" VPOS="2155" HPOS="1506"/>
							<String ID="string_453" HPOS="1540" VPOS="2155" WIDTH="37" HEIGHT="29" WC="0.91" CONTENT="15"/><SP WIDTH="30" VPOS="2155" HPOS="1577"/>
							<String ID="string_454" HPOS="1607" VPOS="2155" WIDTH="19" HEIGHT="29" WC="0.85" CONTENT="å"/>
						</TextLine>
						<TextLine ID="line_44" HPOS="143" VPOS="2200" WIDTH="107" HEIGHT="30">
							<String ID="string_455" HPOS="143" VPOS="2200" WIDTH="40" HEIGHT="29" WC="0.92" CONTENT="20"/><SP WIDTH="23" VPOS="2200" HPOS="183"/>
							<String ID="string_456" HPOS="206" VPOS="2200" WIDTH="44" HEIGHT="30" WC="0.42" CONTENT="cc."/>
						</TextLine>
					</TextBlock>
					<TextBlock ID="block_4" HPOS="142" VPOS="2242" WIDTH="1485" HEIGHT="220">
						<TextLine ID="line_45" HPOS="188" VPOS="2242" WIDTH="1438" HEIGHT="40">
							<String ID="string_457" HPOS="188" VPOS="2244" WIDTH="119" HEIGHT="29" WC="0.95" CONTENT="Såsom"/><SP WIDTH="23" VPOS="2244" HPOS="307"/>
							<String ID="string_458" HPOS="330" VPOS="2244" WIDTH="167" HEIGHT="37" WC="0.95" CONTENT="styrelsen"/><SP WIDTH="26" VPOS="2244" HPOS="497"/>
							<String ID="string_459" HPOS="523" VPOS="2242" WIDTH="192" HEIGHT="30" WC="0.96" CONTENT="framhållit"/><SP WIDTH="24" VPOS="2242" HPOS="715"/>
							<String ID="string_460" HPOS="739" VPOS="2243" WIDTH="7" HEIGHT="28" WC="0.96" CONTENT="i"/><SP WIDTH="26" VPOS="2243" HPOS="746"/>
							<String ID="string_461" HPOS="772" VPOS="2243" WIDTH="73" HEIGHT="29" WC="0.96" CONTENT="sina"/><SP WIDTH="26" VPOS="2243" HPOS="845"/>
							<String ID="string_462" HPOS="871" VPOS="2242" WIDTH="54" HEIGHT="29" WC="0.96" CONTENT="för"/><SP WIDTH="23" VPOS="2242" HPOS="925"/>
							<String ID="string_463" HPOS="948" VPOS="2242" WIDTH="202" HEIGHT="38" WC="0.90" CONTENT="budgetåret"/><SP WIDTH="26" VPOS="2242" HPOS="1150"/>
							<String ID="string_464" HPOS="1176" VPOS="2242" WIDTH="149" HEIGHT="35" WC="0.90" CONTENT="1964/65"/><SP WIDTH="25" VPOS="2242" HPOS="1325"/>
							<String ID="string_465" HPOS="1350" VPOS="2243" WIDTH="145" HEIGHT="38" WC="0.93" CONTENT="avgivna"/><SP WIDTH="25" VPOS="2243" HPOS="1495"/>
							<String ID="string_466" HPOS="1520" VPOS="2243" WIDTH="106" HEIGHT="39" WC="0.51" CONTENT="petita"/>
						</TextLine>
						<TextLine ID="line_46" HPOS="142" VPOS="2286" WIDTH="1485" HEIGHT="40">
							<String ID="string_467" HPOS="142" VPOS="2290" WIDTH="60" HEIGHT="28" WC="0.96" CONTENT="äro"/><SP WIDTH="26" VPOS="2290" HPOS="202"/>
							<String ID="string_468" HPOS="228" VPOS="2288" WIDTH="39" HEIGHT="29" WC="0.95" CONTENT="de"/><SP WIDTH="28" VPOS="2288" HPOS="267"/>
							<String ID="string_469" HPOS="295" VPOS="2288" WIDTH="8" HEIGHT="28" WC="0.92" CONTENT="i"/><SP WIDTH="28" VPOS="2288" HPOS="303"/>
							<String ID="string_470" HPOS="331" VPOS="2287" WIDTH="223" HEIGHT="39" WC="0.84" CONTENT="5-årsplanen"/><SP WIDTH="27" VPOS="2287" HPOS="554"/>
							<String ID="string_471" HPOS="581" VPOS="2287" WIDTH="237" HEIGHT="29" WC="0.96" CONTENT="kvarvarande"/><SP WIDTH="28" VPOS="2287" HPOS="818"/>
							<String ID="string_472" HPOS="846" VPOS="2286" WIDTH="164" HEIGHT="38" WC="0.95" CONTENT="objekten"/><SP WIDTH="29" VPOS="2286" HPOS="1010"/>
							<String ID="string_473" HPOS="1039" VPOS="2286" WIDTH="217" HEIGHT="29" WC="0.95" CONTENT="fortfarande"/><SP WIDTH="29" VPOS="2286" HPOS="1256"/>
							<String ID="string_474" HPOS="1285" VPOS="2286" WIDTH="163" HEIGHT="34" WC="0.93" CONTENT="aktuella,"/><SP WIDTH="28" VPOS="2286" HPOS="1448"/>
							<String ID="string_475" HPOS="1476" VPOS="2288" WIDTH="151" HEIGHT="38" WC="0.91" CONTENT="varjäm-"/>
						</TextLine>
						<TextLine ID="line_47" HPOS="145" VPOS="2330" WIDTH="1482" HEIGHT="39">
							<String ID="string_476" HPOS="145" VPOS="2337" WIDTH="29" HEIGHT="26" WC="0.90" CONTENT="te"/><SP WIDTH="87" VPOS="2337" HPOS="174"/>
							<String ID="string_477" HPOS="261" VPOS="2336" WIDTH="113" HEIGHT="26" WC="0.96" CONTENT="såsom"/><SP WIDTH="23" VPOS="2336" HPOS="374"/>
							<String ID="string_478" HPOS="397" VPOS="2332" WIDTH="184" HEIGHT="29" WC="0.96" CONTENT="framhölls"/><SP WIDTH="23" VPOS="2332" HPOS="581"/>
							<String ID="string_479" HPOS="604" VPOS="2331" WIDTH="106" HEIGHT="29" WC="0.96" CONTENT="redan"/><SP WIDTH="23" VPOS="2331" HPOS="710"/>
							<String ID="string_480" HPOS="733" VPOS="2331" WIDTH="54" HEIGHT="29" WC="0.96" CONTENT="vid"/><SP WIDTH="24" VPOS="2331" HPOS="787"/>
							<String ID="string_481" HPOS="811" VPOS="2331" WIDTH="146" HEIGHT="38" WC="0.96" CONTENT="planens"/><SP WIDTH="25" VPOS="2331" HPOS="957"/>
							<String ID="string_482" HPOS="982" VPOS="2330" WIDTH="233" HEIGHT="39" WC="0.92" CONTENT="upprättande"/><SP WIDTH="23" VPOS="2330" HPOS="1215"/>
							<String ID="string_483" HPOS="1238" VPOS="2349" WIDTH="9" HEIGHT="2" WC="0.62" CONTENT="---"/><SP WIDTH="58" VPOS="2349" HPOS="1247"/>
							<String ID="string_484" HPOS="1305" VPOS="2330" WIDTH="175" HEIGHT="39" WC="0.90" CONTENT="åtskilliga"/><SP WIDTH="26" VPOS="2330" HPOS="1480"/>
							<String ID="string_485" HPOS="1506" VPOS="2332" WIDTH="121" HEIGHT="28" WC="0.90" CONTENT="hamn-"/>
						</TextLine>
						<TextLine ID="line_48" HPOS="144" VPOS="2375" WIDTH="1482" HEIGHT="43">
							<String ID="string_486" HPOS="144" VPOS="2378" WIDTH="148" HEIGHT="40" WC="0.96" CONTENT="projekt,"/><SP WIDTH="22" VPOS="2378" HPOS="292"/>
							<String ID="string_487" HPOS="314" VPOS="2386" WIDTH="73" HEIGHT="20" WC="0.95" CONTENT="som"/><SP WIDTH="23" VPOS="2386" HPOS="387"/>
							<String ID="string_488" HPOS="410" VPOS="2377" WIDTH="146" HEIGHT="38" WC="0.95" CONTENT="tidigare"/><SP WIDTH="20" VPOS="2377" HPOS="556"/>
							<String ID="string_489" HPOS="576" VPOS="2376" WIDTH="75" HEIGHT="29" WC="0.96" CONTENT="icke"/><SP WIDTH="22" VPOS="2376" HPOS="651"/>
							<String ID="string_490" HPOS="673" VPOS="2376" WIDTH="157" HEIGHT="29" WC="0.96" CONTENT="bedömts"/><SP WIDTH="23" VPOS="2376" HPOS="830"/>
							<String ID="string_491" HPOS="853" VPOS="2375" WIDTH="36" HEIGHT="29" WC="0.96" CONTENT="så"/><SP WIDTH="24" VPOS="2375" HPOS="889"/>
							<String ID="string_492" HPOS="913" VPOS="2375" WIDTH="190" HEIGHT="38" WC="0.96" CONTENT="angelägna"/><SP WIDTH="23" VPOS="2375" HPOS="1103"/>
							<String ID="string_493" HPOS="1126" VPOS="2376" WIDTH="50" HEIGHT="28" WC="0.96" CONTENT="att"/><SP WIDTH="21" VPOS="2376" HPOS="1176"/>
							<String ID="string_494" HPOS="1197" VPOS="2375" WIDTH="41" HEIGHT="29" WC="0.96" CONTENT="de"/><SP WIDTH="23" VPOS="2375" HPOS="1238"/>
							<String ID="string_495" HPOS="1261" VPOS="2375" WIDTH="117" HEIGHT="30" WC="0.96" CONTENT="kunde"/><SP WIDTH="22" VPOS="2375" HPOS="1378"/>
							<String ID="string_496" HPOS="1400" VPOS="2376" WIDTH="193" HEIGHT="38" WC="0.95" CONTENT="inrymmas"/><SP WIDTH="24" VPOS="2376" HPOS="1593"/>
							<String ID="string_497" HPOS="1617" VPOS="2376" WIDTH="9" HEIGHT="29" WC="0.96" CONTENT="i"/>
						</TextLine>
						<TextLine ID="line_49" HPOS="142" VPOS="2420" WIDTH="637" HEIGHT="42">
							<String ID="string_498" HPOS="142" VPOS="2424" WIDTH="139" HEIGHT="38" WC="0.95" CONTENT="planen,"/><SP WIDTH="20" VPOS="2424" HPOS="281"/>
							<String ID="string_499" HPOS="301" VPOS="2431" WIDTH="45" HEIGHT="20" WC="0.96" CONTENT="nu"/><SP WIDTH="20" VPOS="2431" HPOS="346"/>
							<String ID="string_500" HPOS="366" VPOS="2422" WIDTH="43" HEIGHT="28" WC="0.96" CONTENT="än"/><SP WIDTH="22" VPOS="2422" HPOS="409"/>
							<String ID="string_501" HPOS="431" VPOS="2430" WIDTH="72" HEIGHT="21" WC="0.96" CONTENT="mer"/><SP WIDTH="21" VPOS="2430" HPOS="503"/>
							<String ID="string_502" HPOS="524" VPOS="2420" WIDTH="255" HEIGHT="30" WC="0.95" CONTENT="aktualiserats."/>
						</TextLine>
					</TextBlock>
				</ComposedBlock>
			</PrintSpace>
		</Page>
	</Layout>
</alto>
