1896 2852
520 148 103 28 Andra
647 147 199 34 lagutskottets
868 144 153 29 utlåtande
1044 144 44 28 Nr
1110 145 50 27 29.
1565 137 17 30 7

93 224 64 39 ligt
181 225 64 32 vad
269 224 160 32 utskottet
453 223 162 32 inhämtat
641 222 74 32 från
740 221 391 40 justitiedepartementet,
1157 230 75 20 vore
1259 217 126 38 förslag
1409 215 176 33 berörande

96 269 90 33 detta
203 274 92 27 ämne
314 272 48 28 att
380 268 153 32 förvänta
551 267 97 32 redan
665 266 56 32 vid
740 277 123 20 samma
881 266 52 31 års
952 264 158 37 riksdag.

142 322 100 33 Såväl
263 322 55 31 vid
340 322 83 31 1922
448 333 67 20 som
535 321 84 31 1923
642 320 52 32 års
714 319 172 37 riksdagar
906 317 83 32 hade
1010 316 158 32 utskottet
1191 314 121 33 uttalat
1332 314 50 39 sig
1404 313 50 32 för
1475 324 39 20 en
1535 314 50 29 ut-

96 367 136 38 redning
249 379 41 20 av
308 366 118 38 frågan
444 377 52 20 om
511 365 189 38 hyresgästs
717 365 204 39 optionsrätt,
940 361 169 33 utlåtande
1127 372 38 19 nr
1184 361 40 30 23
1243 358 183 39 respektive
1443 353 142 46 utlåtan-

95 413 39 31 de
152 424 38 20 nr
210 413 29 31 6.
259 411 130 38 Frågan
408 423 51 19 om
478 410 170 31 införande
666 409 11 31 i
696 408 117 33 svensk
833 411 66 28 rätt
916 419 42 20 av
976 418 39 20 en
1033 405 233 39 prioritetsrätt
1285 415 41 20 av
1346 402 101 33 sådan
1466 406 51 28 art
1536 402 51 31 för

95 457 175 38 hyresgäst
287 456 83 32 hade
389 455 98 32 också
507 454 191 32 behandlats
718 453 11 31 i
748 452 162 39 professor
930 450 199 33 Lundstedts
1150 448 185 38 utredning.

140 510 75 32 Vad
240 509 164 33 beträffar
429 508 54 32 det
507 520 40 20 av
572 507 236 32 motionärerna
832 504 137 34 berörda
994 503 192 39 spörsmålet
1211 514 51 20 om
1287 513 39 21 en
1351 499 144 35 effektiv
1520 499 67 38 lag-

96 556 157 37 stiftning
281 557 65 29 mot
375 554 110 40 hyror,
513 564 67 20 som
607 552 164 37 överstiga
798 551 61 31 den
886 549 168 33 allmänna
1082 548 209 40 hyresnivån,
1319 546 85 32 hade
1429 545 160 32 utskottet

97 603 110 29 senast
226 600 11 31 i
259 599 169 32 utlåtande
450 610 38 19 nr
511 598 39 31 25
572 597 56 32 vid
652 597 84 31 1924
759 597 51 31 års
832 594 137 39 riksdag
990 593 186 33 framhållit
1197 592 37 32 de
1256 591 177 38 allvarliga
1455 589 134 33 betänk-

97 644 149 41 ligheter,
272 655 67 21 som
363 644 103 30 måste
490 645 86 29 möta
599 645 49 28 att
671 640 208 33 beträffande
902 638 231 39 hyresavtalen
1158 637 140 38 belägga
1321 636 72 32 med
1417 635 102 32 straff
1543 637 47 29 ett

99 688 199 42 förfarande,
323 700 77 29 som,
426 688 41 31 då
490 687 53 32 det
565 686 92 38 eljest
680 685 215 32 förekommer
918 683 56 33 vid
998 683 106 32 avtals
1128 681 168 41 ingående,
1320 681 72 31 icke
1415 684 36 28 är
1473 679 116 32 under-

97 734 113 32 kastat
238 744 127 30 ansvar,
396 737 151 27 ävensom
576 730 244 38 svårigheterna
848 732 49 29 att
924 740 116 26 genom
1068 725 336 34 ockerbestämmelser
1431 723 160 34 effektivt

98 778 146 39 påverka
270 775 361 41 hyresprisbildningen
658 774 58 32 och
743 773 188 39 därigenom
960 772 202 32 förekomma
1189 782 39 20 en
1256 769 124 33 allmän
1406 769 184 38 hyressteg-

99 823 85 38 ring.
221 821 200 39 Spörsmålet
444 833 52 20 om
522 819 209 39 möjligheten
756 822 48 29 att
827 817 133 39 ingripa
983 820 67 28 mot
1073 817 12 31 i
1109 815 248 38 vinningssyfte
1383 812 209 34 framställda

99 880 25 20 s.
149 868 34 32 k.
208 866 149 39 oskäliga
380 864 244 40 hyresanspråk
649 863 83 33 hade
756 862 170 39 upptagits
951 861 54 32 till
1030 860 201 38 behandling
1255 860 12 31 i
1291 859 165 39 professor
1480 857 110 33 Lund-

99 912 102 33 stedts
222 911 176 38 utredning
417 910 59 32 och
495 921 75 20 vore
590 908 138 33 sålunda
748 907 136 32 föremål
905 906 52 32 för
975 905 235 39 övervägande.

143 965 69 32 Vid
237 965 83 31 1923
345 964 52 32 års
422 962 135 39 riksdag
580 962 83 32 hade
687 961 158 32 utskottet
868 960 12 32 i
903 959 170 33 utlåtande
1098 971 38 19 nr
1162 959 18 31 6
1206 956 186 34 framhållit
1415 955 177 34 önskvärd-

99 1010 96 32 heten
217 1022 40 20 av
279 1011 49 29 att
347 1008 39 32 de
406 1020 41 20 av
469 1007 236 32 motionärerna
725 1018 44 19 nu
790 1005 136 32 berörda
946 1003 208 33 önskemålen
1176 1014 50 20 om
1248 1001 187 33 reviderade
1456 1001 136 32 bestäm-

101 1054 117 32 melser
246 1054 51 38 för
326 1052 181 33 bevarande
534 1063 40 20 av
602 1050 137 38 ordning
767 1050 59 31 och
853 1048 94 33 skick
975 1048 88 32 inom
1092 1047 199 38 fastigheten
1319 1046 59 32 och
1406 1048 107 29 rätten
1541 1045 52 38 för

101 1100 174 36 hyresgäst
292 1100 48 30 att
357 1099 12 30 i
387 1098 89 31 vissa
494 1096 61 38 fall
572 1095 123 37 uthyra
712 1094 137 39 förhyrd
866 1093 151 38 lägenhet
1034 1092 128 39 gjordes
1180 1091 53 32 till
1253 1091 137 32 föremål
1409 1091 52 31 för
1478 1090 115 32 under-

101 1143 151 38 sökning.
284 1142 75 32 Vad
381 1141 142 38 anginge
545 1140 117 38 frågan
684 1151 51 20 om
758 1137 298 39 lagbestämmelser
1076 1136 137 32 rörande
1235 1135 227 38 hälsovådliga
1485 1134 109 38 lägen-

101 1188 89 32 heter
221 1187 135 32 anförde
373 1186 160 32 utskottet
550 1185 56 32 vid
626 1185 83 31 1922
728 1185 52 31 års
798 1183 145 41 riksdag,
962 1181 170 33 utlåtande
1151 1192 39 20 nr
1207 1181 51 42 23,
1279 1184 49 28 att
1346 1180 160 32 utskottet
1523 1178 72 33 icke

101 1232 110 33 kunde
231 1232 94 32 finna
342 1243 68 26 nya
429 1229 200 39 stadganden
648 1229 11 31 i
679 1229 105 32 denna
803 1228 52 32 del
874 1226 225 39 erforderliga.
1131 1225 118 39 Enligt
1268 1225 175 32 utskottets
1464 1224 132 38 mening

102 1277 91 33 torde
217 1276 164 38 nämligen
406 1275 101 39 givna
530 1273 249 40 politirättsliga
803 1271 207 33 föreskrifter
1034 1274 83 29 samt
1142 1271 39 31 de
1204 1270 12 31 i
1241 1269 354 39 nyttjanderättslagen

107 1321 208 38 förefintliga
332 1319 241 34 bestämmelser
590 1319 11 31 i
619 1317 179 33 allmänhet
814 1316 137 39 erbjuda
968 1316 254 38 hyresgästerna
1239 1313 209 39 erforderligt
1465 1312 132 40 skydd.

149 1375 167 32 Utskottet
348 1373 113 33 delade
495 1372 251 32 motionärernas
779 1369 219 40 uppfattning
1029 1381 52 20 om
1113 1368 138 33 behovet
1283 1380 42 20 av
1357 1379 38 20 en
1429 1379 76 20 snar
1537 1365 59 33 och

103 1419 203 33 omfattande
328 1418 140 32 revision
490 1430 41 19 av
553 1416 153 39 gällande
728 1414 324 40 hyreslagstiftning.
1087 1413 116 33 Denna
1227 1413 96 38 fråga
1345 1411 135 33 tarvade
1503 1410 94 33 emel-

104 1464 99 33 lertid
226 1463 259 39 uppenbarligen
513 1462 51 32 för
590 1461 50 33 sin
666 1461 129 38 lösning
819 1472 40 20 en
885 1459 158 39 grundlig
1067 1457 244 38 undersökning
1336 1469 42 20 av
1403 1455 195 33 hithörande

106 1508 228 33 förhållanden
357 1507 59 33 och
440 1519 38 20 en
502 1506 211 38 omsorgsfull
735 1504 189 39 avvägning
948 1516 41 19 av
1013 1503 68 32 alla
1102 1502 90 32 olika
1215 1502 168 32 intressen.
1420 1500 113 33 Såsom
1556 1511 42 21 av

105 1554 55 32 det
176 1553 139 33 anförda
332 1552 197 41 framginge,
545 1551 83 32 hade
646 1550 125 38 Kungl.
790 1549 100 38 Maj:t
907 1548 99 32 redan
1024 1546 210 33 föranstaltat
1249 1558 51 20 om
1316 1557 39 21 en
1373 1545 101 33 sådan
1491 1543 107 34 utred-

106 1599 90 41 ning,
217 1598 111 32 vilken
349 1597 98 32 också
469 1597 51 31 för
541 1595 201 32 närvarande
762 1594 152 39 påginge.
949 1591 158 34 Grundad
1129 1590 177 38 anledning
1327 1593 111 35 syntes
1461 1588 139 33 sålunda

107 1643 111 32 finnas
243 1645 48 29 att
316 1645 130 37 antaga,
474 1643 50 29 att
547 1640 117 38 frågan
687 1651 51 20 om
761 1651 40 20 en
826 1637 99 34 social
949 1635 315 40 hyreslagstiftning
1288 1635 127 32 komme
1441 1637 50 29 att
1517 1634 81 32 före-

106 1688 116 38 läggas
246 1686 184 41 riksdagen,
454 1686 36 31 så
512 1688 90 28 snart
625 1683 249 32 förhållandena
895 1682 55 32 det
971 1681 166 38 medgåve.
1170 1679 67 33 Vid
1261 1679 142 33 nämnda
1424 1678 175 39 utredning

107 1732 92 32 torde
226 1730 122 39 jämväl
376 1730 38 32 de
444 1741 42 20 av
514 1728 238 32 motionärerna
780 1726 192 42 framförda,
1002 1726 12 31 i
1043 1724 171 39 åtskilliga
1241 1724 204 32 hänseenden
1473 1722 126 39 behjär-

107 1775 178 33 tansvärda
305 1774 208 32 önskemålen
532 1773 131 32 komma
681 1772 101 32 under
802 1770 226 39 övervägande
1047 1769 68 42 och,
1137 1770 11 32 i
1170 1769 60 32 den
1252 1770 74 31 mån
1348 1769 35 32 så
1403 1768 109 32 kunde
1533 1767 65 41 ske,

108 1821 93 32 bliva
222 1819 248 39 tillgodosedda.
506 1817 117 39 Någon
647 1816 141 33 särskild
812 1816 116 38 åtgärd
954 1815 75 32 från
1054 1814 191 38 riksdagens
1270 1813 71 33 sida
1363 1813 11 32 i
1398 1813 90 32 detta
1511 1812 89 39 syfte

108 1869 113 35 syntes
240 1864 159 32 utskottet
417 1863 72 32 icke
508 1861 202 39 erforderlig.

155 1953 168 32 Utskottet
346 1950 203 42 hemställde,
576 1953 49 29 att
648 1949 160 32 motionen
833 1949 29 37 ej
888 1949 101 31 måtte
1014 1947 169 32 föranleda
1206 1948 106 37 någon
1337 1946 192 38 riksdagens
1555 1945 46 32 åt-

110 2006 92 42 gärd,
229 2006 111 31 vilken
364 2004 196 32 hemställan
585 2016 41 19 av
651 2002 173 39 riksdagen
849 2001 126 33 bifölls.

155 2122 68 32 Vid
244 2123 81 31 1927
346 2122 51 31 års
419 2120 134 38 riksdag
570 2119 193 32 hemställde
780 2118 74 32 herr
872 2117 96 38 Hage
986 2117 11 31 i
1015 2128 40 20 en
1073 2116 87 32 inom
1178 2115 102 32 andra
1296 2115 190 32 kammaren
1504 2113 99 32 väckt
1617 2119 67 25 1927
1704 2116 43 27 års
1760 2116 66 27 riks-

113 2176 120 32 motion
265 2175 55 39 (nr
348 2174 58 39 68)
439 2175 43 37 på
508 2173 139 32 anförda
673 2172 73 32 skäl
773 2175 83 29 samt
883 2171 103 32 under
1013 2170 152 40 begäran,
1193 2172 49 28 att
1269 2167 182 39 respektive
1478 2166 126 33 utskott
1691 2153 60 33 dag.

113 2230 100 31 måtte
232 2228 145 32 utforma
395 2227 38 32 de
452 2224 421 40 övergångsbestämmelser
893 2236 41 20 m.
954 2236 52 29 m.,
1027 2235 67 20 som
1113 2222 57 32 vid
1188 2225 46 29 ett
1253 2221 98 33 bifall
1371 2220 53 33 till
1443 2220 160 32 motionen

158 2319 6 13 i
193 2318 110 24 Erinras
331 2317 49 28 må,
399 2317 41 23 att
459 2316 43 23 det
520 2314 115 25 väntade
655 2314 127 29 förslaget
799 2320 89 17 senare
908 2312 143 24 framlades
1071 2311 41 24 för
1132 2309 64 26 1925
1215 2310 42 24 års
1276 2310 109 30 riksdag
1403 2309 47 24 och
1470 2308 74 24 ledde
1562 2308 45 24 till

114 2352 115 31 positivt
257 2351 112 23 resultat
397 2349 9 24 i
425 2349 48 24 och
493 2349 57 23 med
570 2348 30 24 de
619 2354 100 17 samma
738 2347 28 23 år
784 2347 130 29 vidtagna
932 2345 143 29 ändringar
1094 2345 8 23 i
1123 2344 243 29 utsökningslagen,
1384 2343 78 23 som
1450 2337 14 41 i
1481 2342 44 24 det
1543 2341 64 24 före-

115 2385 101 30 gående
235 2385 107 23 berörts.

156 2418 10 14 2
185 2418 195 24 Motionärerna
390 2416 68 24 hade
477 2418 64 21 även
562 2415 97 24 önskat
678 2414 199 24 bestämmelser
896 2413 46 23 till
962 2410 93 26 bättre
1074 2409 92 35 skydd
1180 2408 54 35 för
1253 2407 355 34 lägenheteinnehavarens

115 2452 63 24 rätt
205 2449 47 27 till
279 2458 20 17 8.
328 2448 23 26 k.
380 2448 88 33 köpta
488 2447 167 34 lägenheter.
693 2447 56 25 Vad
769 2447 134 23 utskottet
922 2446 30 23 år
972 2444 64 25 1925
1055 2444 109 24 anförde
1183 2443 162 25 härutinnan
1365 2442 47 24 har
1431 2442 111 24 förlorat
1561 2442 48 23 sitt

115 2487 121 28 intresse,
256 2484 77 25 sedan
354 2483 142 30 riksdagen
517 2481 64 26 1930
600 2481 107 31 antagit
727 2482 42 28 lag
787 2489 41 16 om
847 2479 331 28 bostadsrättsföreningar
1197 2486 33 15 m.
1250 2485 32 16 m.
