2327 2758
572 228 19 31 4
1004 228 136 33 Banko-
1150 228 173 34 Utskottets
1347 227 177 33 Memorial
1547 227 64 32 N:o
1635 229 31 30 3.

532 312 131 48 belopp
702 316 61 30 äro
804 312 162 47 förlagda
994 312 86 35 flera
1107 319 149 41 trappor
1285 325 72 35 upp
1386 311 11 35 i
1426 311 128 47 högsta
1582 309 178 47 våningen
1791 308 38 34 af
1855 320 44 21 en
1926 307 121 47 trångt
2075 305 61 35 ber

532 363 104 48 lägen
661 362 177 49 byggnad,
870 376 78 22 som
973 364 133 48 jemväl
1130 363 200 35 innesluter
1358 361 262 49 sedeltryckeri
1649 360 83 35 med
1759 359 165 47 torkugn,
1946 358 189 47 brännugn

532 416 55 34 för
622 415 119 35 sedlar
770 415 68 35 och
866 415 412 40 bokbindareverkstad;
1308 421 96 29 samt
1431 420 54 29 att
1505 414 11 34 i
1536 413 89 49 följd
1640 411 106 36 häraf
1757 411 43 35 de
1814 409 206 36 nuvarande
2034 409 100 35 loka”

532 466 101 36 lerna
670 466 178 36 innefatta
885 468 31 47 ej
957 467 153 36 allenast
1151 466 245 49 olägenheter,
1422 471 87 29 utan
1534 464 135 50 jemväl
1692 463 167 48 äfventyr
1887 461 38 35 af
1951 460 184 47 betänklig

532 517 261 37 beskaffenhet.

669 568 190 37 Utskottet
886 569 66 36 har
976 576 119 29 ansett
1121 569 54 49 sig
1202 569 78 35 icke
1309 568 86 36 böra
1422 567 191 36 underlåta
1641 572 62 35 att,
1731 565 12 35 i
1771 563 261 48 sammanhang
2051 563 83 35 med

534 622 282 34 omnämnandet
844 622 38 34 af
903 622 43 34 de
976 622 177 48 åtgärder,
1181 634 129 34 genom
1338 620 123 35 hvilka
1487 618 230 47 fullmäktige
1746 617 81 35 sökt
1854 615 77 41 och,
1959 616 92 34 efter
2064 613 69 37 Ut-

534 673 153 36 skottets
726 673 176 41 omdöme,
930 674 41 35 så
998 673 76 36 vidt
1101 672 273 36 förhållandena
1397 670 200 49 medgifvit,
1626 670 140 48 lyckats
1794 668 12 35 i
1833 668 86 35 flera
1947 667 99 36 delar
2069 672 64 29 än-

535 724 254 49 damålsenligt
828 724 161 36 ombilda
1026 725 160 35 bankens
1219 724 76 35 inre
1319 723 210 48 inrättning,
1556 722 96 35 fästa
1679 720 230 48 Riksdagens
1938 718 197 50 uppmärk-

535 777 143 34 samhet
704 777 47 47 på
779 777 43 34 de
851 790 48 21 nu
928 777 199 40 anmärkta,
1154 775 284 48 missgynnande
1467 773 366 47 omständigheterna.

670 981 239 36 Revisorerne
950 981 109 35 hafva
1099 979 52 36 uti
1192 982 45 32 26
1267 975 18 48 $
1314 979 39 34 af
1378 978 104 35 deras
1506 977 194 37 berättelse
1729 976 210 36 omförmält
1966 976 61 34 det
2055 980 82 33 sätt,

536 1034 137 48 hvarpå
699 1033 229 47 fullmäktige
956 1032 104 48 bragt
1087 1032 11 35 i
1125 1030 277 47 verkställighet
1426 1030 68 34 den
1522 1030 60 35 vid
1610 1029 166 35 sistlidne
1804 1027 147 48 riksdag
1977 1026 161 35 ibanko-

537 1085 254 48 reglementets
820 1080 18 49 $
868 1087 44 32 35
943 1096 108 22 mom.
1081 1087 17 31 1
1129 1081 142 37 införda
1303 1080 197 42 föreskrift,
1533 1081 112 48 enligt
1672 1080 146 35 hvilken
1846 1078 110 35 borde
1986 1077 151 35 beredas

536 1136 143 36 tillfälle
708 1137 55 34 för
790 1134 244 36 allmänheten
1063 1140 52 30 att
1138 1134 11 34 i
1178 1146 91 35 upp-
1297 1132 67 35 och
1379 1132 343 48 utlåningsärenden
1739 1131 65 35 hos
1819 1129 237 36 Riksbanken
2072 1128 67 35 och

537 1187 258 35 lånekontoren
822 1187 120 34 kunna
977 1185 224 36 omedelbart
1228 1196 129 36 genom
1386 1183 253 47 skriftvexling
1666 1183 37 34 få
1731 1182 78 35 sina
1837 1180 302 48 angelägenheter

539 1238 206 48 afgiftsfritt
783 1237 243 48 ombesörjda;
1054 1237 12 35 i
1094 1236 137 35 hvilket
1267 1235 181 39 afseende,
1475 1234 11 35 i
1511 1234 194 47 anledning
1737 1233 39 35 af
1800 1232 250 46 fullmäktiges
2077 1231 62 35 be-

540 1289 73 36 slut
640 1295 62 34 att,
731 1289 93 34 hvad
852 1288 127 48 angick
1002 1287 238 36 Riksbanken
1267 1291 95 29 samt
1389 1285 258 35 lånekontoren
1676 1284 10 35 i
1707 1282 185 48 Göteborg
1907 1282 67 36 och
1989 1281 150 41 Malmö,

541 1341 183 47 undantag
756 1340 80 34 från
859 1339 219 48 rättigheten
1106 1345 53 28 att
1182 1350 128 35 genom
1339 1336 251 48 skriftvexling
1618 1334 224 37 omedelbart
1868 1334 191 34 hänvända
2087 1333 54 47 sig

540 1391 55 36 till
619 1392 106 34 dessa
753 1390 115 35 skulle
897 1403 65 35 ega
989 1403 81 22 rum
1097 1390 56 34 för
1179 1389 121 47 frågor
1328 1400 58 22 om
1415 1387 208 35 erhållande
1652 1386 86 36 eller
1766 1384 223 48 omsättning
2017 1385 37 34 af
2080 1384 59 34 lån

541 1442 83 36 med
664 1441 325 48 omsättningsrätt,
1028 1441 233 39 revisorerna,
1290 1439 114 35 under
1432 1438 229 36 erkännande
1690 1444 52 28 att
1770 1437 70 34 den
1867 1435 273 48 ifrågavarande

542 1493 243 41 föreskriften,
823 1492 118 36 tillika
981 1493 84 35 med
1087 1492 86 35 flera
1201 1491 111 34 andra
1345 1490 39 35 af
1409 1490 169 35 sednaste
1607 1489 165 47 Riksdag
1804 1487 187 35 beslutade
2020 1487 121 34 förän-

541 1545 154 47 dringar,
723 1544 11 35 i
762 1544 163 48 betydlig
963 1545 83 33 mån
1085 1542 203 36 förorsakat
1325 1540 179 49 rubbning
1532 1541 11 34 i
1566 1542 98 34 förut
1696 1539 156 36 varande
1880 1534 262 48 förhållanden,

541 1596 66 36 och
636 1603 52 27 att
715 1594 227 48 fullmäktige
971 1596 47 47 på
1045 1595 116 47 grund
1189 1593 104 36 deraf
1318 1593 79 34 haft
1425 1592 77 35 skäl
1531 1593 55 34 för
1614 1592 69 34 den
1702 1590 277 48 försigtigheten
1997 1595 53 29 att
2063 1589 78 34 icke

542 1648 58 34 vid
636 1646 236 35 Riksbanken
911 1646 67 35 och
1018 1645 71 35 alla
1126 1645 258 35 lånekontoren
1408 1645 47 46 på
1482 1656 44 22 en
1554 1644 93 47 gång
1674 1641 231 47 fullständigt
1933 1640 210 48 genomföra

541 1699 118 34 denna
698 1697 219 48 förändring,
957 1697 177 40 anmärkt,
1162 1703 53 28 att
1241 1694 438 49 reglementsstadgandet
1706 1692 110 36 likväl
1845 1692 76 35 icke
1950 1691 193 47 medgåfve

541 1763 43 21 en
624 1749 114 35 sådan
776 1748 175 47 tolkning,
991 1755 52 28 att
1071 1748 61 34 det
1159 1747 119 34 kunde
1306 1747 47 47 på
1380 1746 230 46 fullmäktige
1639 1745 195 34 ankomma
1862 1750 52 27 att
1941 1742 203 35 bestämma

539 1799 180 36 huruvida
752 1812 44 21 en
835 1799 57 34 del
932 1799 183 47 låntagare
1156 1797 115 36 skulle
1301 1796 181 35 komma
1465 1789 20 61 i
1510 1795 211 48 åtnjutande
1750 1795 38 34 af
1814 1794 68 34 den
1910 1794 56 34 för
1994 1793 69 34 alla
2091 1793 53 34 af-

540 1851 112 36 sedda
689 1850 161 35 fördelen
890 1855 52 30 att
970 1850 10 34 i
1008 1849 240 35 låneärenden
1276 1848 37 35 få
1340 1847 116 36 vända
1485 1846 53 48 sig
1567 1845 224 36 omedelbart
1817 1844 56 36 till
1897 1844 248 40 Riksbanken,

540 1902 87 35 eller
654 1901 89 35 icke.

674 1951 189 37 Utskottet
891 1952 100 34 delar
1018 1951 242 35 revisorernes
1289 1949 234 49 uppfattning
1552 1949 38 34 af
1615 1948 118 35 denna
1760 1948 79 39 sak;
1873 1959 83 22 men
1984 1946 46 35 då
2056 1946 90 35 full-

541 2003 162 48 mäktige
732 2003 11 35 i
772 2003 104 35 deras
905 2002 195 36 berättelse
1128 2002 56 35 till
1210 2000 202 42 Utskottet,
1441 1996 18 49 $
1488 2003 58 38 20,
1573 2005 115 43 yttrat
1706 2005 61 34 att,
1781 1998 115 35 ehuru
1916 1997 229 47 fullmäktige

540 2061 119 29 ansett
686 2054 61 35 det
779 2055 31 48 ej
839 2066 85 22 vara
951 2059 72 30 rätt
1050 2053 167 48 lämpligt
1245 2058 62 35 att,
1336 2057 64 29 när
1420 2051 58 35 vid
1500 2050 242 35 innevarande
1756 2050 58 34 års
1828 2048 123 49 början
1965 2060 43 22 en
2024 2048 122 35 förän-

541 2106 89 35 drad
658 2105 245 48 organisation
932 2105 38 34 af
992 2105 175 34 kontoren
1201 2110 95 29 samt
1312 2116 44 22 en
1390 2103 58 34 del
1476 2101 161 49 göromål
1666 2101 188 34 derstädes
1883 2099 115 35 skulle
2012 2099 135 34 träda
2125 2095 24 62 i

540 2156 284 48 verkställighet,
853 2155 189 48 samtidigt
1070 2155 149 36 dermed
1247 2154 145 48 vidtaga
1420 2153 212 47 förändring
1660 2152 106 35 äfven
1794 2151 151 35 rörande
1969 2150 177 35 kommis-

541 2207 386 40 sionsförhållandena,
971 2207 69 35 den
1078 2206 53 36 tid
1172 2206 91 35 dock
1304 2206 78 34 icke
1416 2205 102 34 torde
1552 2216 84 23 vara
1665 2203 169 48 aflägsen,
1862 2202 46 34 då
1936 2202 62 34 det
2024 2201 122 35 kunde

542 2259 202 48 medgifvas
769 2258 248 35 allmänheten
1045 2264 53 28 att
1125 2258 11 34 i
1165 2257 70 35 alla
1258 2254 491 50 utlåningsangelägenheter
1778 2252 226 36 omedelbart
2023 2252 125 35 skrift-

543 2310 103 36 vexla
685 2310 82 35 med
808 2309 99 35 såväl
949 2309 236 35 Riksbanken
1225 2321 77 22 som
1337 2308 83 34 dess
1454 2306 168 48 samtliga
1650 2305 225 40 lånekontor,
1906 2311 62 40 gör
1996 2304 54 47 sig
2077 2303 68 35 Ut-
