1864 2790
443 158 112 26 Första
578 156 217 34 lagutiskottets
820 154 162 27 utlåtande
1006 162 39 18 nr
1066 153 37 27 23
1126 153 37 27 år
1185 153 75 26 1955
1558 153 40 30 13

107 239 102 30 svåra
231 239 269 29 förhållandena
521 237 11 30 i
556 237 140 38 nuläget
718 236 75 29 icke
817 235 62 29 bör
905 234 151 39 tillgripa
1080 242 42 20 en
1148 233 108 29 sådan
1281 232 239 38 oåterkallelig
1545 232 53 27 ut-

107 286 66 37 väg
198 293 74 20 som
299 283 273 38 steriliseringen
598 281 155 30 innebär.
791 281 124 28 Denna
941 278 261 39 omständighet
1228 278 62 38 gör
1316 278 57 29 det
1400 276 198 38 naturligen

122 329 207 38 ranskligare
344 330 53 27 att
413 327 158 39 tillämpa
587 336 42 19 en
647 324 319 31 social-medicinsk
983 323 197 30 indikation
1196 322 57 30 vid
1270 321 187 39 ifrågasatt
1475 320 123 31 sterili-

109 374 117 38 sering
249 375 45 27 än
316 373 57 29 vid
398 382 43 19 en
466 371 132 30 aktuell
623 371 98 29 abort
746 370 64 29 och
836 370 97 28 torde
958 369 123 38 utgöra
1107 367 242 38 förklaringen
1375 366 52 29 till
1454 368 50 28 att
1530 365 69 39 lag-

108 418 163 29 stiftaren
292 418 11 29 i
326 417 229 30 förevarande
579 416 61 29 fall
662 414 125 39 intagit
811 423 42 20 en
877 412 275 31 förhållandevis
1175 412 179 29 restriktiv
1379 409 219 40 ståndpunkt

108 463 53 29 Lill
178 463 124 39 frågan
318 462 44 40 på
377 462 95 29 vilka
490 462 151 38 grunder
660 459 185 30 samhället
861 459 64 29 bör
943 458 111 29 tillåta
1074 456 238 31 sterilisering.
1341 455 117 39 Enligt
1478 454 120 31 social-

109 508 188 39 styrelsens
315 507 144 39 mening
475 506 45 30 ha
539 506 88 29 dock
645 506 40 29 de
701 504 151 30 anförda
870 503 326 38 betänkligheterna
1216 504 72 27 mot
1306 502 67 29 den
1392 500 205 39 ifrågasatta

108 552 309 40 uppmjukningen
437 561 43 20 av
498 549 349 40 steriliseringslagen
865 549 77 29 icke
963 557 41 20 en
1025 547 110 29 sådan
1156 546 129 39 styrka,
1306 548 50 28 att
1376 554 83 21 man
1479 545 118 38 längre

108 598 62 29 bör
184 597 105 39 dröja
304 597 79 30 med
400 598 51 28 att
467 596 84 29 söka
567 595 100 29 finna
684 604 42 19 en
743 593 140 39 lösning
897 593 44 39 på
957 592 193 40 problemet
1167 592 10 29 i
1194 592 67 29 den
1278 601 43 20 av
1338 590 261 30 motionärerna

108 642 161 39 åsyftade
300 642 213 38 riktningen.
546 640 65 30 Vid
645 638 266 39 utformningen
945 646 40 20 av
1017 646 42 20 en
1094 636 110 30 sådan
1237 635 198 30 indikation
1470 635 37 29 är
1541 634 57 29 det

108 687 193 29 emellertid
326 696 42 20 av
392 686 75 29 vikt
493 687 49 28 att
567 684 93 30 hålla
683 684 11 29 i
721 683 88 29 sikte
836 681 300 39 förutsättningen
1159 682 53 28 att
1239 680 203 30 samhällets
1471 678 128 30 sociala

108 732 260 39 hjälpresurser
388 731 10 29 i
422 731 110 29 första
554 729 94 30 hand
672 728 110 29 måste
806 729 98 37 tagas
927 727 10 29 i
962 726 154 40 anspråk
1140 726 57 29 för
1219 727 49 27 att
1291 724 201 39 undanröja
1516 723 81 29 eller

108 777 128 29 mildra
254 777 41 29 de
316 775 213 39 svårigheter
550 783 74 21 som
645 773 229 30 aktualiserat
896 769 568 40 steriliseringsframställningen.

164 821 260 29 Motionärerna
439 820 47 29 ha
501 820 118 29 vidare
637 819 228 32 konstaterat,
884 818 50 29 att
949 818 50 28 ett
1019 815 396 39 steriliseringsingrepp
1433 814 77 30 icke
1529 814 69 37 lag-

109 866 91 39 ligen
216 866 71 29 kan
302 865 136 30 utföras
456 864 45 40 på
518 872 162 24 mannen,
699 862 44 30 då
759 863 154 28 hustrun
931 861 113 30 skulle
1062 861 122 28 kunna
1204 859 207 30 steriliseras
1430 859 44 40 på
1490 857 108 31 medi-

108 911 124 29 cinska
250 911 152 38 grunder
422 919 80 19 men
522 917 154 21 mannen
695 907 106 29 likväl
821 906 127 30 ansökt
969 907 50 28 att
1040 905 90 39 själv
1148 904 48 30 bli
1218 904 213 30 steriliserad
1450 904 11 29 i
1483 902 115 30 stället

109 956 56 29 för
188 956 123 29 henne.
348 955 270 32 Motionärerna,
645 961 75 21 som
745 951 124 30 härvid
895 951 46 29 ha
967 950 78 30 haft
1070 950 11 29 i
1109 949 89 30 sikte
1226 951 47 27 ett
1301 948 206 39 äktenskap,
1536 947 61 29 där

108 1009 172 20 mannens
303 999 166 39 sjukdom
493 998 64 29 och
579 997 178 30 bristande
780 994 399 40 försörjningsförmåga
1202 995 90 28 varit
1316 994 67 29 den
1408 993 115 29 direkt
1546 993 52 27 ut-

108 1045 145 29 lösande
276 1044 151 29 orsaken
452 1043 52 29 till
529 1042 174 29 kvinnans
730 1039 402 40 uttröttningstillstånd,
1160 1039 45 29 ha
1231 1037 205 35 framhållit,
1462 1038 53 29 att
1541 1037 57 29 det

108 1089 168 30 framstår
298 1098 74 20 som
394 1087 224 39 orättfärdigt
639 1086 64 30 och
726 1085 171 34 stötande,
920 1086 51 28 att
991 1084 119 39 lagens
1132 1084 89 29 enda
1243 1084 105 38 utväg
1372 1084 49 28 att
1444 1082 75 30 lösa
1541 1082 57 28 det

108 1134 154 30 aktuella
292 1133 250 39 äktenskapets
572 1131 156 40 problem
759 1132 37 28 är
823 1131 53 28 att
906 1129 156 38 företaga
1094 1127 432 40 steriliseringsoperation
1555 1134 43 22 av

107 1179 158 29 kvinnan
289 1179 79 28 med
392 1178 139 38 hänsyn
556 1177 51 28 till
631 1176 133 29 hennes
788 1174 195 39 biologiska
1009 1173 177 30 funktion.
1224 1172 121 30 Såsom
1373 1172 75 29 skäl
1474 1171 55 30 för
1555 1179 42 20 en

108 1223 207 39 lagändring
334 1222 182 39 härvidlag
536 1221 63 29 har
620 1221 10 29 i
652 1220 221 29 motionerna
895 1220 87 28 även
1004 1218 184 39 åberopats
1212 1216 386 39 steriliseringsingrep-

106 1271 77 37 pets
206 1268 135 29 mindre
365 1267 218 30 omfattande
606 1266 64 29 och
693 1265 137 29 mindre
854 1263 127 40 farliga
1002 1263 179 33 karaktär,
1205 1262 45 30 då
1274 1262 57 29 det
1355 1261 172 39 företages
1552 1260 44 39 på

107 1322 164 20 mannen.

163 1358 102 29 Detta
281 1357 158 40 problem
457 1365 62 20 var
536 1355 146 30 föremål
700 1354 55 30 för
773 1353 239 38 övervägande
1031 1353 109 29 redan
1158 1352 96 29 inom
1273 1350 324 39 befolkningskom-

107 1403 202 32 missionen,
330 1411 74 20 som
425 1402 10 28 i
457 1401 59 29 sitt
536 1401 67 29 den
624 1399 38 29 19
685 1399 145 29 oktober
852 1398 83 29 1936
958 1397 195 39 framlagda
1174 1396 222 29 betänkande
1418 1395 177 38 angående

108 1447 228 38 sterilisering
360 1446 161 38 föreslog,
547 1446 49 28 att
621 1443 229 38 sterilisering
875 1442 112 29 skulle
1012 1442 36 29 få
1073 1443 65 37 äga
1161 1450 80 20 rum
1266 1441 43 39 på
1336 1450 25 19 s.
1387 1440 33 29 k.
1444 1439 152 29 blandad

107 1491 208 34 indikation,
335 1491 64 29 och
419 1491 10 28 i
450 1491 94 29 detta
564 1489 198 29 hänseende
783 1489 132 37 upptog
936 1496 42 19 en
999 1486 255 33 bestämmelse,
1276 1485 108 38 enligt
1404 1484 128 34 vilken,
1554 1483 43 29 då

107 1537 10 29 i
144 1536 97 39 fråga
268 1545 55 20 om
348 1545 83 19 man
455 1535 65 29 och
545 1533 141 33 kvinna,
714 1542 74 20 som
813 1532 112 29 bildat
950 1531 126 38 familj,
1105 1539 41 20 av
1171 1530 139 38 hänsyn
1337 1529 52 30 till
1416 1528 180 39 familjens

106 1581 138 30 välfärd
261 1581 63 28 och
341 1579 267 30 förhållandena
622 1579 11 28 i
650 1577 111 39 övrigt
778 1576 151 39 förelåge
948 1575 199 39 synnerliga
1166 1575 75 29 skäl
1259 1584 42 20 av
1315 1573 162 40 varaktig
1493 1574 103 28 natur

108 1626 52 29 till
184 1625 226 38 sterilisering
434 1633 42 20 av
499 1632 153 20 mannen
676 1622 81 29 eller
782 1621 168 33 kvinnan,
976 1620 109 29 sådan
1110 1619 122 39 åtgärd
1257 1619 94 39 finge
1377 1618 174 39 företagas
1578 1617 19 29 å

108 1672 67 28 den
192 1680 41 19 av
249 1671 77 28 dem
346 1678 74 21 som
439 1668 193 38 samtyckte
651 1666 127 31 därtill.
808 1666 13 28 I
839 1666 162 39 yttrande
1021 1666 80 28 över
1121 1666 47 27 ett
1187 1664 95 29 inom
1301 1663 297 40 justitiedeparte-

107 1716 132 28 mentet
255 1714 43 39 på
314 1713 171 40 grundval
502 1722 41 20 av
558 1712 236 29 betänkandet
809 1711 182 39 upprättat
1007 1710 120 29 utkast
1143 1709 52 29 till
1213 1709 53 39 lag
1283 1718 56 20 om
1358 1706 238 40 sterilisering,

108 1769 75 20 som
211 1759 75 29 icke
314 1760 132 38 upptog
475 1759 66 28 den
570 1757 197 38 föreslagna
795 1755 173 29 blandade
997 1753 253 34 indikationen,
1280 1753 166 29 framhöll
1477 1752 120 29 social-

109 1804 180 38 styrelsen,
319 1805 49 27 att
398 1803 57 29 det
481 1802 77 29 icke
587 1801 117 29 kunde
734 1800 83 30 råda
847 1799 105 39 något
982 1799 103 29 tvivel
1115 1808 56 19 om
1202 1800 50 27 att
1280 1798 246 38 borttagandet
1556 1805 40 20 av

107 1850 114 28 denna
249 1847 198 30 indikation
477 1847 111 28 skulle
617 1845 148 30 avskära
794 1844 270 38 möjligheterna
1094 1843 51 29 till
1176 1842 227 38 sterilisering
1431 1842 10 29 i
1470 1841 128 38 många

107 1893 73 33 fall,
202 1892 44 30 då
267 1892 111 38 dylikt
399 1891 206 39 ingripande
627 1898 80 21 vore
729 1888 171 30 indicerat
922 1897 41 20 av
986 1887 127 29 sociala
1138 1887 86 33 skäl,
1248 1887 64 28 och
1336 1886 170 38 styrelsen
1528 1885 69 29 för-

108 1938 129 28 ordade
255 1937 203 37 intagandet
476 1936 11 28 i
508 1933 349 39 steriliseringslagen
877 1942 41 20 av
939 1942 41 19 en
999 1932 197 29 indikation
1216 1932 78 29 med
1315 1930 281 37 huvudsakligen

108 1991 133 20 samma
262 1980 155 30 innehåll
439 1989 74 20 som
534 1980 66 28 den
620 1988 42 20 av
681 1976 505 40 befolkningskommissionen
1208 1975 208 38 föreslagna.
1449 1976 49 28 De
1520 1975 77 28 där-

108 2026 86 29 efter
212 2034 116 20 vunna
347 2024 285 30 erfarenheterna
649 2023 44 29 ha
712 2023 112 38 styrkt
843 2021 280 38 socialstyrelsen
1142 2021 9 28 i
1170 2019 283 39 uppfattningen,
1473 2021 49 28 att
1540 2020 56 28 det

108 2071 183 37 föreligger
309 2072 47 26 ett
373 2069 149 38 verkligt
537 2068 112 29 behov
668 2077 42 20 av
729 2077 40 19 en
791 2066 109 29 sådan
920 2065 207 33 indikation,
1149 2066 63 28 och
1233 2065 108 28 saken
1360 2064 61 29 bör
1440 2065 46 28 bli
1509 2063 86 29 före-

107 2115 69 29 mål
193 2115 55 29 för
264 2115 139 37 förnyat
419 2113 237 37 övervägande
673 2112 9 29 i
700 2112 169 28 samband
886 2111 79 29 med
982 2111 66 29 den
1065 2119 40 20 av
1121 2109 261 29 motionärerna
1398 2107 198 37 föreslagna

106 2161 204 36 översynen.
350 2158 93 29 Även
472 2158 9 28 i
511 2158 92 28 detta
632 2155 257 38 sammanhang
915 2155 83 29 böra
1029 2155 40 29 de
1099 2154 219 38 synpunkter
1347 2153 144 29 beaktas
1522 2161 74 19 som

108 2204 169 37 styrelsen
301 2202 165 29 framfört
489 2203 8 27 i
521 2202 57 28 det
600 2200 206 38 föregående
829 2200 9 28 i
863 2199 170 29 samband
1057 2199 79 28 med
1161 2198 183 38 ifrågasatt
1369 2197 227 37 sterilisering

107 2248 43 39 på
180 2246 339 30 social-medicinska
549 2246 161 37 grunder.

162 2292 65 28 Vid
251 2292 112 28 denna
387 2292 147 36 översyn
559 2289 172 38 förtjänar
754 2289 84 28 även
864 2287 43 39 på
931 2288 40 28 de
996 2296 41 19 av
1061 2287 259 28 motionärerna
1346 2285 147 29 anförda
1520 2284 76 29 skä-

108 2336 54 28 len
186 2335 132 37 frågan,
342 2334 173 29 huruvida
538 2343 81 19 man
641 2334 8 28 i
672 2333 91 28 vissa
789 2332 71 32 fall,
886 2332 107 28 innan
1018 2330 157 29 tillstånd
1200 2338 56 29 ges
1282 2330 50 28 till
1358 2329 237 36 sterilisering,

106 2380 63 29 bör
194 2379 181 29 underlåta
402 2381 49 26 att
476 2378 155 29 inhämta
658 2377 120 28 makes
803 2375 173 39 yttrande,
1004 2374 150 29 särskild
1181 2374 326 38 uppmärksamhet.

162 2424 284 37 Socialstyrelsen
476 2424 36 27 är
541 2421 219 39 följaktligen
789 2430 81 19 ense
900 2420 77 28 med
1007 2419 260 28 motionärerna
1296 2428 56 19 om
1381 2418 146 29 behovet
1556 2425 40 20 av

107 2478 41 20 en
170 2469 146 37 översyn
339 2477 39 20 av
402 2467 358 37 steriliseringslagen.
797 2465 8 28 I
828 2464 229 29 betraktande
1080 2473 40 19 av
1142 2464 55 28 det
1221 2463 83 29 nära
1329 2463 169 29 samband
1522 2471 73 19 som
