2188 2638
702 205 231 42 Lagutskottets
961 207 174 33 Utlåtande
1158 208 65 33 N:o
1246 212 28 28 4.
1730 212 13 29 1

902 733 86 38 N:o
1016 735 44 35 4.

924 883 70 27 Ank.
1013 884 41 26 till
1073 884 94 27 Riksd.
1186 884 88 27 kansli
1292 884 53 27 den
1363 887 16 24 4
1397 885 119 27 februari
1534 886 73 32 1901,
1625 886 36 26 kl.
1682 887 12 26 1
1714 895 21 18 e.
1754 895 34 19 m.

392 1020 199 41 Utlåtande,
633 1022 14 34 i
684 1022 197 47 anledning
920 1022 48 49 af
995 1023 128 49 Kongl.
1153 1023 127 49 Maj:ts
1301 1025 218 48 proposition
1546 1027 79 35 med
1644 1026 144 50 förslag

582 1089 55 36 till
665 1089 58 48 lag
751 1102 54 23 om
833 1091 144 35 ändrad
1005 1091 125 48 lydelse
1156 1092 47 45 af
1224 1092 24 36 4
1275 1092 80 49 kap.
1386 1093 39 35 11
1454 1091 23 42 $
1501 1094 221 49 strafflagen.

319 1237 150 37 Genom
498 1251 47 23 en
574 1238 75 37 den
677 1241 46 34 21
754 1239 202 38 december
984 1240 166 39 sistlidet
1178 1245 40 34 år
1242 1243 139 37 aflåten
1399 1244 253 50 proposition,
1672 1258 61 24 n:o
1755 1248 33 43 S,

187 1287 156 37 hvilken
381 1287 42 37 af
450 1288 98 37 båda
575 1289 201 37 kamrarne
804 1290 125 37 blifvit
955 1291 57 36 till
1041 1291 255 48 lagutskottet
1323 1294 200 48 hänvisad,
1550 1295 69 37 har
1646 1296 141 48 Kongl.

185 1338 117 48 Maj:t,
329 1338 123 37 under
479 1339 246 50 åberopande
754 1341 40 36 af
809 1342 289 48 propositionen
1117 1343 167 49 bilagda,
1304 1344 11 36 i
1335 1345 206 37 statsrådet
1560 1346 72 37 och
1650 1346 139 48 högsta

184 1387 216 39 domstolen
428 1389 109 37 förda
563 1391 206 48 protokoll,
798 1391 201 48 föreslagit
1026 1392 222 49 Riksdagen
1277 1399 55 32 att
1358 1401 142 42 antaga
1526 1395 168 50 följande
1715 1397 73 37 för-

184 1438 85 49 slag
295 1439 57 37 till

928 1593 108 47 Lag

525 1701 53 19 om
604 1691 132 30 ändrad
760 1692 133 39 lydeise
918 1694 39 29 af
976 1694 22 29 4
1021 1694 76 39 kap.
1127 1695 37 29 11
1192 1694 22 40 $S
1238 1696 212 39 strafflagen.

316 1800 237 49 Härigenom
593 1801 213 49 förordnas,
846 1808 56 32 att
940 1805 24 35 4
1004 1804 86 50 kap.
1133 1807 43 34 11
1211 1802 16 49 $
1259 1802 221 52 strafflagen
1514 1806 96 38 skall
1644 1808 143 38 erhålla

182 1850 166 49 följande
376 1851 169 37 ändrade
572 1852 167 48 lydelse:

315 1901 77 37 Der
419 1902 113 48 lagen
559 1907 165 33 utsätter
753 1904 181 37 särskildt
962 1906 110 36 straff
1095 1906 60 36 för
1183 1906 87 45 den,
1299 1920 81 23 som
1410 1910 97 47 ånyo
1535 1907 121 48 begår
1674 1907 113 46 brott,

182 1951 98 36 skall
309 1952 64 35 det
402 1953 111 36 straff
535 1953 33 47 ej
598 1953 168 48 ådömas,
794 1960 90 31 utan
904 1955 48 37 då
969 1956 134 36 sådant
1123 1957 147 37 återfall
1292 1957 103 36 skett
1414 1958 117 37 sedan
1552 1958 74 37 den
1647 1958 139 37 brotts-

181 2001 77 47 lige
287 2002 58 36 till
372 2001 92 38 fullo
493 2003 208 49 undergått
728 2004 63 37 det
819 2005 56 36 för
903 2005 101 37 förra
1032 2007 143 36 brottet
1202 2007 140 37 honom
1372 2008 163 37 ådömda
1562 2009 118 36 straff.

315 2052 45 47 Ej
400 2052 121 37 heller
556 2057 73 43 må,
657 2054 98 36 ändå
783 2060 55 31 att
865 2056 147 36 straffet
1040 2056 55 36 för
1123 2057 66 36 det
1217 2057 99 36 förra
1343 2058 145 37 brottet
1516 2072 65 23 var
1607 2059 57 36 till
1693 2059 92 36 fullo

181 2102 225 46 verkstäldt,
434 2103 57 36 till
519 2103 181 37 särskildt
728 2105 109 36 straff
861 2105 58 36 för
946 2106 149 36 återfall
1115 2106 146 47 dömas,
1281 2107 66 36 der
1367 2107 74 37 den
1461 2108 190 47 straffade,
1667 2108 117 37 sedan

183 2152 346 48 verkställigheten
557 2153 212 38 afslutades
797 2155 70 36 och
895 2155 116 37 innan
1039 2156 65 36 det
1131 2170 75 34 nya
1234 2157 144 37 brottet
1404 2158 231 47 föröfvadeg,
1667 2159 120 36 under

182 2215 47 23 en
259 2202 54 36 tid
342 2202 43 36 af
409 2202 53 36 tio
493 2206 39 33 år
560 2203 170 37 hvarken
759 2205 132 47 begått
917 2206 177 48 gerning,
1124 2220 82 23 som
1233 2207 12 36 i
1269 2207 238 37 förhållande
1527 2208 55 37 till
1603 2208 65 37 det
1686 2208 100 37 förra

181 2252 144 37 brottet
365 2258 115 42 utgör
520 2254 160 47 återfall,
723 2255 93 36 eller
856 2255 58 37 för
955 2256 115 36 sådan
1100 2257 165 47 gerning
1292 2258 206 47 undergått
1525 2259 259 48 bestraffning.

264 2307 75 31 Bih.
365 2308 48 31 till
436 2308 113 32 Riksd.
574 2308 87 33 Prot.
687 2312 97 30 1901,
833 2313 18 28 7
876 2311 99 31 Saml.
1022 2314 18 28 4
1065 2312 95 40 Häft.
1208 2312 92 39 (N:is
1324 2316 113 38 4—6.)
1729 2317 12 29 1
