1862 2772
347 130 187 30 Allmänna
558 130 398 39 beredningsutskottets
981 128 179 30 utlåtande
1184 137 42 20 nr
1248 129 39 28 21
1313 128 40 29 år
1378 128 83 29 1965
1610 126 37 30 13

207 210 176 30 Utskottet
408 209 117 30 finner
549 210 91 29 dock
664 209 179 39 angeläget
868 211 50 28 att
944 208 239 39 ansökningar
1208 217 56 20 om
1290 206 277 31 arbetstillstånd
1591 206 58 29 be-

163 263 148 30 handlas
334 264 80 29 med
437 264 45 28 all
505 263 122 39 möjlig
650 262 169 30 snabbhet
843 272 40 20 av
907 262 290 39 myndigheterna
1220 261 65 29 och
1308 261 42 30 de
1372 268 108 31 organ
1503 261 10 28 i
1537 260 112 38 övrigt

164 326 76 21 som
264 318 65 29 har
353 319 51 28 att
431 320 36 27 ta
491 316 196 40 befattning
713 316 79 29 med
818 315 295 38 ansökningarna.
1141 315 81 29 Skäl
1250 323 102 30 synes
1379 313 118 30 finnas
1525 313 55 29 för
1606 321 43 21 en

164 371 239 29 liberaliserad
422 371 66 29 och
506 370 135 30 mindre
661 370 225 40 byråkratisk
904 370 117 38 praxis
1040 368 60 31 vid
1119 368 258 39 behandlingen
1397 376 43 20 av
1458 367 101 29 dessa
1580 366 69 29 frå-

163 432 71 32 gor.
257 425 176 30 Utskottet
455 424 205 30 förutsätter
682 426 51 27 att
755 423 95 30 detta
870 423 156 39 problem
1048 422 192 30 behandlas
1262 431 43 20 av
1326 419 323 40 utlänningsutred-

164 479 139 39 ningen,
326 487 76 20 som
423 487 100 20 avser
544 480 50 28 att
617 478 111 29 under
748 476 235 30 innevarande
1006 476 39 29 år
1065 483 83 32 avge
1171 477 48 28 ett
1242 474 287 33 delbetänkande,
1552 474 97 29 inne-

164 532 157 30 fattande
341 532 45 30 bl.
407 541 30 20 a.
459 531 129 39 förslag
609 531 52 30 till
682 531 238 39 organisation
942 530 54 29 för
1016 529 67 30 den
1104 529 155 30 centrala
1279 528 306 39 handläggningen
1607 535 42 21 av

165 586 369 38 utlänningsärenden.

208 639 202 39 Väsentliga
435 638 117 39 frågor
578 638 149 29 rörande
753 636 398 40 invandringspolitiken
1178 636 10 29 i
1215 635 111 39 övrigt
1352 634 65 30 har
1441 633 208 30 behandlats

165 703 42 20 av
226 691 544 39 arbetsmarknadsutredningen
789 692 11 29 i
819 691 146 39 kapitlet
987 690 37 29 17
1046 699 43 20 av
1108 689 78 30 dess
1207 689 10 29 i
1236 688 142 40 januari
1401 687 82 30 1965
1504 687 147 39 avgivna

163 746 222 30 betänkande
412 744 485 39 »Arbetsmarknadspolitik>
932 743 100 34 (SOU
1062 743 166 33 1965:9).
1256 741 238 39 Utredningen
1520 742 131 37 uttryc-

165 801 63 29 ker
248 801 63 29 där
331 799 271 40 uppfattningen
624 801 51 27 att
697 808 44 20 en
760 798 253 38 liberalisering
1035 806 42 21 av
1098 797 115 29 denna
1233 795 126 40 politik
1378 795 73 29 kan
1472 794 86 39 fylla
1580 793 71 40 syf-

165 857 81 27 tena
265 854 73 30 dels
359 855 50 28 att
429 853 181 39 tillgodose
629 852 77 30 vårt
725 852 110 30 behov
855 861 41 20 av
917 850 223 34 arbetskraft,
1162 850 72 29 dels
1255 851 51 27 att
1327 856 38 32 ge
1387 848 263 38 arbetstagarna

166 909 110 29 större
296 907 222 39 möjligheter
537 907 52 29 till
609 906 167 39 rörlighet
795 906 64 29 och
879 904 174 30 valfrihet.
1075 903 239 39 Utredningen
1334 902 117 29 finner
1471 901 58 30 det
1549 908 102 31 ange-

166 962 100 38 läget,
296 963 50 27 att
375 960 298 38 liberaliseringen
704 969 41 21 av
776 957 383 41 flyttningsrörelserna
1188 956 170 29 länderna
1387 955 150 29 emellan
1566 953 85 30 fort-

167 1015 136 30 skrider
322 1015 66 29 och
407 1016 52 28 att
479 1013 135 39 Sverige
635 1014 10 28 i
666 1012 282 30 internationella
970 1011 255 38 sammanhang
1247 1017 58 31 ger
1327 1009 59 29 sitt
1408 1008 88 30 fulla
1516 1007 78 30 stöd
1616 1007 35 29 åt

166 1068 234 30 strävandena
425 1069 11 28 i
464 1067 114 30 denna
606 1066 167 39 riktning.
802 1067 51 28 En
882 1065 90 29 ökad
1002 1064 184 39 framgång
1216 1063 54 29 för
1299 1063 40 29 de
1368 1061 284 30 internationella

165 1121 508 40 liberaliseringssträvandena
689 1120 144 38 skärper
847 1119 106 39 enligt
969 1118 250 38 utredningens
1236 1116 141 39 mening
1390 1116 146 29 behovet
1552 1124 42 20 av
1608 1123 44 20 en

167 1176 96 30 aktiv
284 1175 183 40 planering
489 1174 79 30 från
590 1174 128 29 svensk
740 1173 75 30 sida
836 1173 45 39 på
902 1170 418 40 invandringspolitikens
1343 1168 152 30 område.
1520 1168 13 29 I
1557 1168 94 29 detta

166 1230 169 30 avseende
367 1228 148 30 föreslår
544 1228 233 38 utredningen
807 1229 50 28 att
888 1223 482 40 arbetsmarknadsstyrelsen
1403 1230 57 31 ges
1489 1221 162 39 befogen-

166 1284 99 30 heter
282 1283 64 29 och
364 1292 158 20 resurser
539 1284 52 27 att
607 1299 44 3 —
669 1282 9 29 i
697 1281 100 39 lägen
815 1281 63 29 där
897 1279 137 30 tillfälle
1052 1287 112 31 yppar
1183 1278 51 38 sig
1253 1279 51 28 att
1323 1277 180 38 rekrytera
1521 1276 131 29 arbets-

167 1337 96 30 kraft
279 1337 54 29 för
348 1346 43 20 en
408 1337 52 29 till
477 1336 128 29 svensk
620 1334 328 38 arbetsförmedling
965 1332 142 30 anmäld
1124 1331 215 38 efterfrågan
1355 1348 44 3 —
1415 1330 10 29 i
1443 1329 208 30 samverkan

168 1391 78 29 med
261 1390 147 30 berörda
425 1389 248 39 arbetsgivare-
689 1389 66 28 och
770 1385 516 40 arbetstagareorganisationer
1302 1385 91 28 samt
1410 1384 79 29 med
1506 1382 41 29 de
1562 1382 91 29 före-

167 1446 67 36 tag,
262 1453 76 20 som
365 1452 98 20 avser
490 1445 50 27 att
566 1442 152 29 anställa
744 1441 65 29 den
838 1439 187 30 utländska
1052 1437 270 34 arbetskraften,
1350 1438 110 37 uppta
1487 1435 166 29 förhand-

168 1498 113 39 lingar
310 1498 80 29 med
416 1495 259 31 vederbörande
706 1491 515 40 arbetsmarknadsmyndighet
1252 1499 58 21 om
1339 1489 219 39 rekrytering
1588 1487 65 30 och

168 1550 198 39 överföring
387 1560 42 19 av
449 1549 168 30 utländsk
637 1547 212 31 arbetskraft
870 1547 52 29 till
943 1546 147 38 Sverige.

213 1603 492 39 Arbetsmarknadsstyrelsen
724 1602 63 29 har
805 1602 11 29 i
836 1601 59 29 sitt
914 1599 161 40 yttrande
1095 1599 81 29 över
1195 1596 267 40 ifrågavarande
1481 1595 173 29 motioner

168 1659 45 29 bl.
239 1668 29 20 a.
294 1657 118 30 anfört
438 1659 49 27 att
513 1666 41 20 en
581 1656 128 39 positiv
733 1655 64 29 och
823 1654 96 30 aktiv
943 1652 206 39 inställning
1174 1652 63 28 bör
1262 1653 97 36 tagas
1385 1650 53 29 till
1464 1648 190 30 utländska

170 1712 244 38 medborgares
432 1710 209 38 invandring
660 1709 65 29 och
742 1708 162 30 hänvisat
921 1707 51 29 till
992 1716 42 20 en
1053 1704 261 39 framställning
1332 1703 52 30 till
1404 1702 125 39 Kungl.
1548 1701 107 39 Maj:t

169 1766 67 29 den
257 1766 39 29 19
315 1765 70 39 maj
410 1764 94 35 1964,
524 1764 63 29 där
605 1764 171 39 styrelsen
795 1762 147 30 anhållit
961 1771 57 20 om
1038 1760 278 40 bemyndigande
1335 1761 50 28 att
1404 1759 90 29 efter
1514 1757 140 31 samråd

169 1819 80 29 med
268 1818 148 30 berörda
436 1817 248 38 arbetsgivare-
705 1817 65 28 och
790 1814 516 39 arbetstagareorganisationer
1327 1813 11 29 i
1360 1812 193 29 samarbete
1575 1810 80 30 med

172 1872 187 29 utländska
386 1869 554 39 arbetsmarknadsmyndigheter
967 1868 201 37 organisera
1194 1866 199 38 överföring
1420 1875 41 20 av
1489 1864 167 30 utländsk

170 1924 215 31 arbetskraft
414 1924 52 29 till
498 1924 147 37 Sverige.

215 1979 12 28 I
255 1978 203 38 anslutning
481 1977 118 29 härtill
626 1976 58 30 må
709 1977 84 29 även
819 1974 208 30 framhållas
1052 1976 50 27 att
1129 1973 112 29 ASEA
1267 1973 10 28 i
1302 1972 61 29 sitt
1389 1971 160 39 yttrande
1576 1971 81 28 över

171 2032 218 29 motionerna
415 2031 117 29 anfört
558 2032 50 27 att
634 2029 209 38 invandring
869 2038 42 20 av
938 2027 188 30 utländska
1152 2025 265 40 yrkesarbetare
1443 2024 214 29 underlättat

171 2085 294 39 arbetsplacering
487 2094 42 19 av
549 2084 75 29 icke
646 2083 240 39 yrkeskunnig
909 2081 127 30 svensk
1058 2079 223 30 arbetskraft.
1304 2079 78 28 Med
1405 2078 188 37 anledning
1616 2086 40 19 av

171 2140 41 28 de
237 2140 9 28 i
271 2138 218 29 motionerna
514 2137 193 38 åberopade
733 2136 71 33 fall,
829 2135 61 29 där
918 2134 223 38 utlänningar
1165 2133 66 29 fått
1257 2133 105 28 vänta
1386 2132 10 28 i
1422 2130 167 29 månader
1614 2129 42 39 på

172 2191 276 30 arbetstillstånd
479 2191 64 28 och
571 2190 113 29 under
712 2189 94 29 tiden
837 2187 88 30 varit
956 2187 189 29 hänvisade
1176 2186 51 28 till
1259 2184 218 38 socialhjälp,
1508 2183 149 29 framför

172 2245 112 29 ASEA
308 2244 269 38 uppfattningen
600 2244 50 28 att
673 2243 114 28 denna
811 2241 90 28 form
924 2250 41 19 av
988 2239 219 36 invandring,
1230 2238 63 29 där
1317 2237 184 37 utlänning
1522 2236 57 28 vid
1603 2236 55 28 be-

173 2298 162 29 söksresa
361 2297 52 28 till
444 2295 135 39 Sverige
607 2297 165 37 spontant
803 2297 143 26 stannar
974 2294 86 28 kvar
1089 2293 53 29 för
1171 2295 49 27 att
1251 2293 86 28 söka
1364 2292 126 32 arbete,
1521 2291 70 29 inte
1620 2291 38 27 är

173 2351 105 37 något
300 2350 340 29 eftersträvansvärt.
663 2349 69 28 För
755 2350 49 27 att
828 2347 152 29 undvika
1006 2345 247 29 missförstånd
1278 2355 41 19 av
1342 2344 94 29 olika
1460 2345 72 36 slag
1557 2352 102 20 anser

173 2404 113 29 ASEA
303 2413 42 20 en
364 2402 207 37 invandring
590 2402 146 28 baserad
754 2401 44 38 på
816 2400 193 29 samarbete
1028 2399 126 29 mellan
1175 2397 481 38 arbetsmarknadsstyrelsen

175 2458 63 28 och
259 2456 244 30 motsvarande
524 2463 105 30 organ
652 2455 9 28 i
683 2453 309 30 utvandrarlandet
1012 2462 84 19 vara
1118 2454 50 27 att
1190 2451 192 37 föredraga.

219 2510 115 37 Enligt
359 2510 187 28 utskottets
572 2508 140 37 mening
736 2508 95 28 torde
856 2507 55 28 det
937 2507 7 28 i
970 2506 128 37 dagens
1125 2506 72 36 läge
1223 2504 116 29 finnas
1366 2503 220 39 möjligheter
1611 2504 47 28 att
