1908 2846
318 172 19 30 2
700 171 315 33 Bankoutskottets
1038 174 185 31 memorial
1245 173 53 32 Nr
1322 175 49 30 76.

318 252 29 35 e)
370 250 54 30 för
446 250 216 36 fyringenjör
685 250 60 31 och
762 251 234 30 verkmästare
1013 250 59 32 vid
1089 251 240 38 lotsstyrelsen,
1345 254 22 29 å
1383 253 200 31 lotsverkets
1598 254 184 37 ångfartyg

274 301 151 31 anställd
449 302 217 31 befälhavare
689 302 61 30 och
765 303 192 35 maskinist,
973 304 21 29 å
1011 303 159 36 fyrskepp
1185 304 151 32 anställd
1352 305 214 36 fyrmästare,
1584 305 197 37 fyrvaktare

274 354 62 31 och
359 353 190 37 fyrbiträde
572 356 88 29 samt
678 354 368 38 distriktsfyrmästare,
1062 356 132 36 manlig
1211 356 348 37 befattningshavare,
1576 357 206 33 tillhörande

273 406 358 36 ekonomipersonalen
666 407 59 31 vid
759 408 126 30 statens
916 408 162 31 anstalter
1101 408 54 31 för
1177 409 224 36 sinnessjuka,
1425 410 132 36 manlig
1583 410 199 36 tjänstinne-

274 458 127 31 havare
424 458 59 31 vid
506 458 205 32 tullverkets
734 459 93 31 kust-
849 459 63 31 och
935 460 308 37 gränsbevakning,
1263 460 206 32 tillhörande
1485 463 113 35 någon
1614 472 44 21 av
1675 463 105 31 1-—15

274 510 244 36 lönegraderna
551 512 12 30 i
595 511 188 36 avdelning
806 512 28 30 B
867 522 46 21 av
941 512 403 37 avlöningsreglementet
1367 512 63 31 den
1454 514 40 30 22
1517 514 79 35 juni
1620 515 83 31 1921
1727 515 55 31 för

274 562 339 37 befattningshavare
636 563 59 31 vid
718 563 313 37 statsdepartement
1054 564 62 31 och
1139 565 90 30 vissa
1252 564 108 32 andra
1382 565 92 36 verk,
1494 566 206 31 tillhörande
1716 567 65 31 den

273 615 106 30 civila
418 616 352 36 statsförvaltningen,
809 618 160 29 ävensom
1008 617 326 36 gränstullmästare,
1374 618 306 36 gymnastiklärare
1718 620 63 30 och

274 667 229 31 musiklärare
526 668 60 31 vid
609 668 40 31 de
671 668 177 31 allmänna
872 668 209 37 läroverken,
1105 669 102 36 högre
1231 669 374 32 lärarinneseminariet
1620 671 60 30 och
1697 671 84 31 folk-

272 720 346 36 skoleseminarierna,
643 720 39 31 de
699 720 59 31 vid
774 720 579 37 blindundervisningsanstalterna
1368 722 169 32 anställda
1552 723 112 31 lärare
1679 725 101 29 även-

272 781 72 21 som
368 772 154 31 beridare
546 772 60 31 vid
630 772 216 37 hingstdepå:
871 773 60 30 vid
954 773 169 31 sextiotvå
1148 773 152 31 levnads-
1323 774 62 31 och
1409 775 116 30 trettio
1548 775 161 36 tjänstår:;

317 824 26 37 f)
367 823 53 31 för
442 824 102 31 förste
570 842 39 3 —
631 842 43 4 —
698 842 39 4 —
763 825 152 36 tjugutre
939 825 162 36 tjänstår;

317 877 33 36 g)
374 876 52 31 för
449 876 274 36 yrkesinspektör
748 895 39 3 —
814 895 39 3 —
879 895 41 3 —
944 877 171 36 tjugufem
1139 878 161 36 tjänstår;

316 929 35 37 h)
376 928 54 31 för
464 929 148 30 rektorer
646 929 61 30 och
741 929 146 31 lektorer
916 929 59 31 vid
997 930 155 30 tekniska
1175 931 203 36 fackskolor,
1403 932 158 30 tekniska
1585 932 194 36 gymnasier

271 981 62 30 och
369 981 156 30 tekniska
559 981 298 31 elementarskolor
891 983 88 29 samt
1013 982 53 30 för
1099 983 130 35 manlig
1263 983 114 30 rektor
1405 983 58 30 vid
1487 983 291 31 vårdanstalten
1757 977 24 45 i

271 1033 102 31 Lund
407 1033 54 30 för
494 1033 118 30 blinda
647 1033 77 31 med
758 1033 221 36 komplicerat
1010 1034 83 36 lyte:
1118 1035 59 30 vid
1200 1035 178 30 sextiofem
1403 1035 153 31 levnads-
1578 1036 63 30 och
1663 1036 115 31 trettio

271 1085 161 37 tjänstår;

316 1138 24 36 i)
364 1137 53 31 för
440 1137 113 31 läkare
580 1155 39 4 —
647 1155 38 3 —
712 1155 38 3 —
775 1138 165 31 trettiotre
964 1138 162 36 tjänstår;

316 1190 34 37 k)
374 1189 53 30 för
461 1189 64 31 den
560 1189 154 36 manliga
748 1190 414 36 bevakningspersonalen
1196 1191 59 30 vid
1290 1192 397 36 fångvårdsanstalterna
1715 1193 61 30 och

270 1243 128 29 statens
432 1241 410 36 tvångsarbetsanstalter,
877 1242 305 37 uppsyningsman,
1215 1244 191 35 maskinist,
1431 1244 102 30 förste
1557 1244 135 30 förman
1715 1244 62 31 och

271 1294 137 30 förman
431 1293 60 31 vid
514 1295 127 29 statens
657 1294 362 36 uppfostringsanstalt
1045 1295 10 29 å
1071 1295 106 36 Bona,
1196 1295 53 31 för
1265 1296 191 36 lotskapten
1472 1296 62 30 och
1551 1296 225 36 lotslöjtnant,

269 1346 160 35 överlots,
461 1347 21 29 å
509 1346 68 30 fast
600 1346 57 35 fyr
680 1345 81 30 eller
786 1346 184 35 gasstation
993 1347 151 30 anställd
1167 1347 212 36 fyrmästare,
1404 1348 198 36 fyrvaktare
1625 1348 61 30 och
1708 1349 69 36 fyr-

271 1397 143 36 biträde,
448 1397 197 36 landsfogde
677 1397 61 31 och
763 1397 208 37 landsfiskal,
995 1399 132 36 manlig
1151 1400 317 36 tjänstinnehavare
1491 1400 60 31 vid
1576 1401 201 30 tullverkets

271 1450 319 36 lokalförvaltning,
616 1449 206 31 tillhörande
845 1451 115 35 någon
982 1462 45 19 av
1051 1452 106 30 1—15
1181 1452 247 36 lönegraderna
1450 1453 12 30 i
1485 1452 186 37 avdelning
1688 1453 28 30 B
1732 1463 44 20 av

268 1502 60 31 det
351 1502 108 30 under
481 1503 28 36 e)
528 1502 227 30 omförmälda
771 1503 398 36 avlöningsreglemente,
1186 1503 75 31 med
1278 1504 177 36 undantag
1470 1515 46 20 av
1531 1505 245 36 tullkontorist,

270 1554 287 36 skogsförvaltare
593 1554 60 30 vid
687 1554 237 31 universitetet
947 1555 12 30 i
982 1555 150 36 Uppsala
1166 1556 61 30 och
1261 1556 158 31 assistent
1450 1557 59 30 hos
1542 1557 124 31 honom
1689 1560 87 28 samt

269 1606 228 36 skogvaktare
531 1606 59 30 vid
625 1606 151 31 nämnda
810 1607 212 35 universitet,
1057 1607 106 31 andra
1194 1610 129 28 ämnes-
1351 1609 63 30 och
1437 1609 255 37 övningslärare
1717 1610 58 31 vid

268 1660 128 29 statens
420 1658 156 31 läroverk
600 1660 45 29 än
669 1658 39 30 de
731 1658 109 31 under
862 1660 39 36 e),
926 1660 43 36 g),
993 1659 35 37 h)
1052 1660 61 30 och
1137 1660 25 37 i)
1178 1660 141 31 särskilt
1334 1661 153 36 angivna
1503 1664 162 29 ävensom
1679 1664 96 29 stats-

268 1711 168 35 geologer,
471 1710 377 36 lantbruksingenjörer
883 1711 62 30 och
980 1711 370 37 distriktslantmätare,
1386 1713 214 32 förvaltande
1634 1715 61 30 och
1723 1715 52 30 be-

268 1762 156 31 vakande
458 1762 154 36 personal
646 1762 60 31 vid
740 1763 209 36 skogsstaten
983 1765 89 29 samt
1106 1764 229 31 föreståndare
1370 1765 62 31 och
1465 1766 228 36 skogsrättare
1716 1767 59 30 vid

268 1816 128 30 statens
419 1814 225 37 skogsskolor,
668 1815 271 31 distriktschefer
962 1816 60 30 och
1046 1816 356 37 distriktsingenjörer
1424 1818 12 29 i
1459 1819 81 35 väg-
1563 1818 61 31 och
1646 1820 128 30 vatten-

268 1867 364 37 byggnadsdistrikten
654 1869 160 29 ävensom
836 1868 240 36 observatorer,
1093 1869 247 36 statsgeodeter,
1357 1870 308 37 statskartografer,
1682 1881 92 21 man-

270 1920 71 35 liga
364 1921 163 34 gravörer
549 1919 62 31 och
634 1920 323 36 heliogravyrritare
980 1920 59 31 vid
1063 1921 106 31 rikets
1191 1921 179 31 allmänna
1389 1923 164 30 kartverk
1569 1925 89 28 samt
1673 1923 101 31 förste

267 1972 168 36 aktuarie,
458 1972 167 36 aktuarie,
649 1972 184 36 kartograf,
857 1973 153 36 manliga
1033 1973 104 31 ritare
1160 1974 61 30 och
1237 1976 163 33 gravörer
1416 1974 59 31 vid
1491 1975 282 36 sjökarteverket;

266 2023 61 31 vid
352 2024 176 30 sextiofem
552 2024 154 31 levnads-
730 2024 62 31 och
815 2025 183 31 trettiofem
1022 2025 159 36 tjänstår:

311 2076 24 37 1)
359 2076 53 30 för
435 2076 118 31 chefen
578 2094 39 3 —
643 2094 40 3 —
706 2094 43 3 —
771 2077 153 31 nämnda
947 2077 154 36 styrelse;

311 2129 46 37 m)
381 2128 51 31 för
456 2128 396 36 lantbruksinspektoren
878 2147 38 3 —
942 2148 40 3 —
1008 2147 38 4 —
1073 2130 169 36 tjugufem
1266 2131 155 35 tjänstår.

310 2206 121 36 Enligt
455 2207 160 30 utskottet
639 2207 295 31 tillhandakomna
954 2208 308 36 protokollsutdrag
1278 2208 63 31 har
1357 2209 108 31 första
1481 2209 197 31 kammaren
1694 2209 76 31 med

265 2258 120 36 avslag
408 2259 21 30 å
452 2259 179 31 utskottets
655 2259 215 37 hemställan,
894 2261 132 35 antagit
1048 2261 56 31 det
1127 2261 137 36 förslag,
1288 2271 73 21 som
1386 2261 227 31 innefattades
1635 2262 13 31 i
1670 2272 102 21 ovan-

266 2311 143 31 berörda
443 2311 218 37 reservation,
696 2314 152 29 varemot
882 2312 107 32 andra
1023 2313 200 31 kammaren
1254 2314 129 31 bifallit
1412 2313 65 31 vad
1501 2315 164 31 utskottet
1687 2315 12 31 i
1722 2317 52 29 ut”

267 2363 151 32 låtandet
442 2364 181 31 hemställt.
