2190 2630
424 204 120 33 Andra
565 204 203 33 kammarens
792 205 129 42 tredje
944 204 174 43 tillfälliga
1141 205 132 33 utskotts
1293 206 167 32 utlåtande
1482 205 55 32 Nr
1561 209 30 29 6.
1789 208 15 31 1

938 516 71 42 Nr
1038 516 49 43 6.

829 681 110 24 Ankom
958 679 46 25 till
1023 679 173 33 Riksdagens
1216 681 93 25 kansli
1328 681 53 25 den
1402 682 32 24 138
1454 688 73 18 mars
1547 681 67 25 1911
1635 682 37 24 kl.
1693 683 15 23 2
1728 689 23 18 e.
1770 689 37 18 m.

420 820 131 36 Andra
578 822 221 35 kammarens
834 823 136 42 tredje
1007 822 184 46 tillfälliga
1227 824 146 35 utskotts
1399 824 181 36 utlåtande
1606 837 46 23 nr
1681 828 23 32 6
1730 826 79 34 med

632 893 190 45 anledning
850 893 50 44 af
920 894 81 35 herr
1032 893 140 45 Tynells
1199 895 138 44 motion,
1367 907 46 23 nr
1439 897 90 44 274,
1548 897 179 45 angående
1746 908 60 23 an-

631 964 171 36 ställande
831 964 49 45 af
901 966 212 43 tjänstemän
1142 965 49 44 af
1212 966 96 45 lägre
1326 968 96 44 grad
1446 968 63 35 vid
1528 968 198 45 postverket
1751 969 55 34 så-

631 1047 72 24 som
725 1036 251 43 föreståndare
996 1037 67 43 för
1090 1040 110 33 större
1221 1039 260 44 poststationer.

312 1194 63 37 Uti
402 1206 47 24 en
476 1195 98 35 inom
602 1195 128 36 Andra
758 1195 211 37 kammaren
997 1197 41 35 af
1062 1198 85 35 herr
1175 1197 129 48 Tynell
1331 1198 109 36 väckt
1468 1199 66 34 och
1552 1198 58 36 till
1628 1198 178 37 utskottet

203 1248 57 37 för
300 1248 224 47 behandling
564 1249 177 36 hänvisad
782 1249 135 36 motion
944 1262 46 22 nr
1020 1253 76 32 274
1125 1251 218 44 hemställes,
1373 1254 55 33 att
1455 1251 212 48 Riksdagen
1694 1255 111 33 måtte

200 1302 144 36 besluta
385 1305 54 32 att
465 1301 14 36 i
512 1301 192 37 skrifvelse
732 1303 66 35 hos
826 1303 137 47 Kungl.
994 1304 107 48 Maj:t
1128 1304 155 45 anhålla,
1314 1307 54 33 att
1395 1305 169 47 åtgärder
1591 1308 111 34 måtte
1730 1305 74 37 vid-

201 1359 103 43 tagas
346 1355 56 35 för
442 1355 259 36 realiserandet
739 1355 41 36 af
804 1355 131 49 frågan
962 1369 58 23 om
1049 1361 115 32 större
1192 1358 273 47 poststationers
1493 1358 247 37 öfverlåtande
1767 1362 37 33 åt

194 1409 227 48 tjänstemän
450 1409 41 35 af
515 1409 98 48 lägre
640 1410 91 47 grad
758 1409 62 36 vid
847 1411 220 45 postverket.

310 1462 70 36 Till
408 1463 80 35 stöd
517 1462 56 36 för
601 1463 118 35 denna
747 1463 56 35 sin
830 1464 172 35 anhållan
1030 1464 106 36 anför
1162 1465 224 36 motionären
1413 1465 177 49 följande:

314 1516 40 35 »I
381 1516 137 36 motion
545 1529 45 22 nr
619 1519 61 42 82,
710 1517 163 48 afgifven
899 1517 15 35 i
941 1518 128 36 Andra
1096 1519 211 36 kammaren
1333 1518 58 37 till
1422 1522 99 33 1909
1552 1522 58 33 års
1642 1519 158 49 riksdag,

196 1570 221 36 -hemställde
458 1571 274 35 undertecknad
760 1571 129 47 Tynell
920 1584 48 23 m.
1003 1572 35 35 £l.
1068 1572 112 36 bland
1208 1576 111 33 annat
1346 1573 134 45 därom,
1512 1577 54 32 att
1593 1573 211 48 Riksdagen

201 1626 115 33 måtte
344 1623 142 37 besluta
514 1624 126 44 uttala,

310 1680 63 40 att,
402 1676 15 35 i
444 1677 97 46 syfte
570 1680 53 32 att
650 1677 163 35 undvika
842 1678 337 36 öfverkvalificerad
1206 1679 232 45 arbetskraft,
1470 1684 53 32 ett
1551 1680 167 36 effektivt
1744 1683 60 44 på-

200 1730 216 46 skyndande
459 1730 40 35 af
538 1730 261 48 postbetjäntes
842 1732 238 35 användande
1113 1731 14 35 i
1154 1736 115 32 större
1310 1733 255 48 utsträckning
1608 1733 62 36 vid
1710 1737 94 43 post-

199 1783 180 40 kontoren
407 1783 164 36 kommer
597 1783 58 36 till
682 1784 117 44 stånd,
830 1784 67 35 och

310 1840 53 32 att
389 1836 200 37 försöksvis
616 1836 154 37 inrättas
798 1837 258 47 poststationer
1083 1839 83 35 med
1193 1839 220 48 tjänstemän
1441 1839 40 36 af
1501 1839 100 48 lägre
1619 1841 90 47 grad
1728 1853 75 23 som

198 1890 261 36 föreståndare.

307 1943 20 35 I
368 1944 60 35 det
465 1943 188 37 utlåtande
687 1944 56 45 (nr
773 1944 75 47 93),
878 1957 77 23 som
984 1945 41 36 af
1050 1946 272 36 statsutskottet
1350 1947 118 47 afgafs
1496 1947 85 36 med
1608 1947 196 48 anledning

200 1997 42 35 af
266 1997 246 46 nyssnämnda
541 1997 225 45 hemställan,
797 1997 167 37 erinrade
988 1999 180 36 utskottet
1186 2011 69 32 om,
1278 2000 76 35 dels
1379 2000 195 36 »hurusom
1593 2000 211 48 Riksdagen

199 2050 115 35 redan
341 2049 14 34 i
383 2049 192 36 skrifvelse
603 2051 70 34 den
706 2052 44 33 15
782 2051 71 48 maj
887 2053 100 33 1902
1017 2055 116 43 yttrat
1160 2051 56 49 sig
1244 2053 186 47 angående
1457 2053 130 48 frågan
1615 2066 57 22 om
1693 2054 111 37 ökadt

200 2103 400 35 verksamhetsområde
627 2103 58 35 för
712 2103 244 49 postbetjänte
983 2117 130 34 genom
1143 2105 277 46 öfverflyttande
1448 2108 46 43 på
1522 2107 82 34 dem
1625 2106 101 36 af:en
1745 2106 59 36 del

192 2155 178 47 göromål,
401 2167 76 23 som
505 2156 99 35 förut
632 2160 137 32 ansetts
797 2157 87 35 böra
911 2157 140 36 utföras
1079 2157 41 36 af
1143 2158 230 48 tjänstemän,
1394 2159 67 35 och
1481 2158 128 36 därvid
1626 2159 178 36 förklarat

200 2208 57 47 sig
285 2220 86 24 anse
400 2209 118 35 denna
545 2208 103 48 fråga
676 2221 85 24 vara
789 2210 153 48 förtjänt
970 2209 40 37 af
1035 2210 186 48 synnerlig
1249 2212 360 45 uppmärksamhet»,
1639 2212 66 35 och
1726 2212 76 37 dels

192 2265 64 32 att
297 2261 211 48 Riksdagen
549 2262 108 36 äfven
698 2265 40 33 år
783 2265 99 33 1907
931 2263 119 49 »gjort
1077 2267 53 32 ett
1158 2264 186 36 uttalande
1372 2264 13 36 i
1413 2266 100 35 detta
1541 2271 141 30 ämne».
1735 2266 68 36 Ut-

201 2322 133 40 Bihang
358 2322 49 32 till
430 2322 115 32 Biksd.
564 2325 85 37 prot.
676 2326 94 29 1911.
811 2327 21 28 9
857 2323 100 33 Saml.
998 2325 25 30 2
1046 2325 80 40 Afd.
1157 2326 12 30 2
1185 2325 108 32 Bund.
1316 2329 22 29 3
1355 2325 70 33 Ser.
1455 2329 10 28 6
1480 2326 96 36 Häft.
1614 2326 70 41 (Nr
1704 2329 46 37 6).
1783 2329 15 30 1
