1844 2794
543 164 307 36 Bankoutskottets
866 162 172 36 memorial
1055 174 39 22 nr
1113 166 32 31 1.
1546 162 40 30 15

92 253 53 30 att
171 249 46 43 på
244 246 155 44 lämpligt
426 249 71 32 sätt
523 245 156 44 utnyttja
705 245 270 43 tjänstemännen
1003 243 92 34 inom
1121 241 65 34 den
1213 252 67 30 nya
1308 238 277 44 organisationen.

91 302 216 35 Personalens
325 299 306 43 sammansättning
648 298 58 34 vid
724 298 169 42 utgången
913 308 43 22 av
973 296 40 34 år
1031 298 87 32 1944
1136 294 129 43 belyses
1282 296 151 31 närmare
1451 304 43 22 av
1512 291 74 34 här-

92 356 56 34 vid
171 355 154 43 bifogade
348 354 125 42 bilagor
497 356 99 31 1—4.
618 353 56 34 Av
697 352 96 34 dessa
816 350 160 42 framgår,
999 354 53 29 att
1072 349 59 34 det
1155 351 90 31 ännu
1268 346 172 41 föreligger
1462 344 126 44 ganska

92 408 195 45 betydande
310 407 187 35 avvikelser
519 406 74 34 från
616 404 319 44 övergångsplanen.
970 403 110 34 Detta
1103 401 102 43 gäller
1227 400 131 35 särskilt
1381 399 10 34 1
1414 399 94 42 fråga
1532 410 56 22 om

93 462 289 40 huvudkontoret,
410 461 159 34 kontoret
596 460 12 34 i
638 458 171 42 Göteborg
836 457 63 35 och
927 456 87 35 vissa
1043 468 44 22 av
1114 455 41 34 de
1185 458 43 31 23
1257 453 128 35 mindre
1413 452 175 34 kontoren.

94 516 145 34 Sålunda
261 515 130 43 uppgår
413 514 58 34 vid
494 514 42 34 de
559 517 42 31 23
625 512 130 35 mindre
778 510 360 41 avdelningskontoren
1160 507 132 35 antalet
1313 505 277 43 kassörstjänster

94 570 11 34 i
124 574 43 30 20
187 569 200 42 lönegraden
405 567 52 35 för
474 566 208 35 närvarande
700 566 51 34 till
772 569 41 31 17
833 569 94 30 emot
945 568 20 30 8
985 563 142 43 tjänster
1145 561 104 43 enligt
1267 559 322 44 övergångsplanen.

96 624 109 33 Detta
227 621 203 35 förhållande
452 621 62 34 har
536 620 145 41 bidragit
704 619 49 34 till
777 623 54 30 att
853 630 43 21 av
917 617 42 34 de
981 617 19 34 å
1022 614 305 44 övergångsplanen
1347 618 176 38 upptagna
1547 615 42 31 15

96 676 184 43 tjänsterna
301 676 12 34 i
334 678 43 32 20
399 673 200 43 lönegraden
619 673 58 34 vid
696 672 277 34 huvudkontoret
993 669 119 35 endast
1133 673 20 30 2
1174 668 130 34 kunnat
1325 667 160 35 tillsättas
1505 670 86 29 utan

98 735 54 30 att
176 730 59 34 det
259 727 263 43 sammanlagda,
546 726 50 35 för
620 726 132 34 banken
777 725 12 34 i
813 725 74 34 dess
911 723 116 35 helhet
1050 722 180 43 medgivna
1255 720 130 35 antalet
1410 720 147 42 tjänster
1580 718 10 34 i

97 783 210 35 sistnämnda
331 782 76 34 eller
429 781 102 42 högre
554 780 161 42 lönegrad
738 779 133 34 komme
895 781 54 30 att
972 775 221 36 överskridas.
1216 774 87 35 Med
1326 774 131 42 hänsyn
1480 771 111 35 härtill

96 837 62 35 har
176 837 11 34 i
206 836 113 35 stället
337 838 184 40 temporärt
542 838 20 31 8
582 834 142 43 tjänster
743 832 11 34 i
774 836 42 30 18
835 830 201 43 lönegraden
1054 828 215 44 överflyttats
1287 828 75 34 från
1381 826 211 42 avdelnings-

96 891 124 34 kontor
236 890 51 35 till
302 889 283 34 huvudkontoret.

143 944 87 34 Med
251 943 76 34 stöd
349 955 43 21 av
414 942 191 42 riksdagens
625 940 111 35 beslut
755 939 45 34 ha
823 942 41 31 12
887 938 206 43 tjänstemän
1114 934 164 37 överförts
1298 935 45 43 på
1363 932 229 42 indragnings-

98 1002 80 37 stat,
200 1009 103 22 varav
326 1001 19 30 6
369 996 11 34 i
401 995 199 42 lönegraden
621 995 66 34 RA
711 997 42 31 22
776 992 62 35 och
862 996 16 30 1
904 992 11 33 i
937 990 199 42 lönegraden
1158 990 67 34 RA
1249 992 41 30 16
1313 987 58 35 vid
1393 982 200 50 huvudkon-

98 1056 91 30 toret
210 1055 91 29 samt
322 1054 20 30 2
364 1050 11 33 i
397 1048 201 43 lönegraden
619 1048 66 34 RA
708 1050 56 38 24,
784 1050 20 30 2
826 1046 12 34 i
857 1044 201 43 lönegraden
1078 1044 67 34 RA
1167 1046 43 31 22
1232 1041 63 35 och
1318 1045 17 30 1
1358 1041 12 34 i
1390 1039 204 44 lönegraden

98 1106 67 34 RA
188 1108 42 31 18
251 1103 58 35 vid
330 1102 371 43 avdelningskontoren.

144 1159 19 34 I
185 1159 65 34 den
271 1158 80 33 mån
373 1169 73 22 som
466 1155 200 34 riksbanken
685 1152 170 43 övertagit
874 1152 110 34 risken
1004 1151 51 34 för
1074 1149 235 41 felräkningar,
1327 1148 45 34 ha
1393 1148 43 34 de
1454 1146 140 41 tidigare

98 1211 79 35 med
195 1210 237 43 kassörstjänst
451 1209 155 34 förenade
625 1205 431 44 felräkningspenningarna
1075 1203 147 44 upphört
1240 1207 54 29 att
1312 1202 94 41 utgå.

145 1264 221 35 Föreskrifter
384 1262 174 43 angående
576 1260 257 45 kompensation
851 1259 51 35 för
920 1258 122 36 mistad
1061 1255 352 42 vikariatsersättning
1431 1253 76 35 eller
1519 1252 76 35 mis-

100 1319 80 35 tade
199 1316 389 44 felräkningspenningar
605 1315 44 34 ha
667 1314 187 35 fastställts.
884 1312 120 41 Enligt
1024 1311 94 34 dessa
1136 1308 204 36 föreskrifter
1358 1308 101 43 utgår
1477 1308 11 34 i
1507 1306 89 45 prin-

101 1373 54 43 cip
178 1372 94 43 dylik
292 1370 258 43 kompensation
572 1369 10 34 i
604 1369 41 34 de
666 1368 70 41 fall,
758 1368 43 33 då
823 1367 209 43 tjänsteman
1053 1363 152 35 innehaft
1227 1362 151 41 ständiga
1400 1361 77 34 eller
1499 1359 97 45 prak-

102 1426 84 34 tiskt
207 1430 94 36 taget
321 1423 157 43 ständiga
500 1421 244 36 förordnanden
766 1421 20 34 å
807 1420 107 42 tjänst
934 1419 12 34 i
966 1419 101 42 högre
1088 1417 161 42 lönegrad
1270 1415 104 34 under
1394 1415 105 34 minst
1520 1418 20 29 2
1562 1413 36 34 år

103 1479 70 35 före
197 1479 64 33 den
287 1482 16 30 1
329 1477 133 43 januari
487 1479 101 37 1944,
612 1475 106 34 under
741 1472 243 42 förutsättning
1008 1476 54 30 att
1086 1471 272 42 tjänstemannen
1382 1479 121 31 genom
1526 1478 71 22 om-

104 1531 268 43 organisationen
395 1531 76 42 gått
494 1529 97 35 miste
615 1541 56 21 om
694 1526 242 36 motsvarande
960 1523 257 36 förordnanden.
1251 1521 157 35 Rörande
1433 1520 64 34 den
1520 1523 77 31 när-

103 1598 91 22 mare
217 1583 204 36 innebörden
445 1595 43 22 av
511 1580 252 45 ifrågavarande
785 1578 204 36 föreskrifter
1012 1577 97 35 torde
1131 1576 36 34 få
1189 1575 156 35 hänvisas
1368 1575 51 34 till
1442 1572 154 36 fullmäk-

104 1640 84 42 tiges
212 1637 165 45 protokoll
401 1637 65 34 den
490 1640 20 30 4
534 1636 68 43 maj
630 1638 100 37 1944,
757 1634 15 39 8
800 1637 54 31 14.
888 1632 101 35 Efter
1011 1630 195 35 individuell
1229 1628 163 44 prövning
1413 1627 68 34 kan
1504 1627 94 34 kom-

104 1692 178 44 pensation
300 1690 215 35 tillerkännas
534 1689 217 43 tjänsteman,
769 1699 71 23 som
859 1686 73 35 icke
951 1684 166 44 uppfyller
1136 1695 87 23 ovan
1243 1681 145 35 avsedda
1405 1681 131 34 villkor.

152 1789 376 40 Ombyggnadsfrågor
546 1799 48 19 m.
613 1798 48 19 m.
693 1787 57 33 De
767 1782 371 45 ombyggnadsarbeten
1155 1780 58 34 vid
1229 1779 288 38 huvudkontoret,
1529 1789 73 22 som

106 1843 176 35 föranletts
310 1854 42 22 av
378 1840 323 42 omorganisationen
728 1838 91 34 inom
844 1836 201 35 riksbanken
1075 1833 135 44 (jämför
1236 1833 94 34 BU:s
1356 1831 178 35 utlåtande
1561 1842 40 22 nr

110 1896 187 45 64/1944),
312 1895 46 34 ha
375 1906 139 23 numera
530 1894 11 34 i
556 1892 176 35 huvudsak
749 1891 174 34 avslutats.
939 1887 201 36 Kostnaden
1155 1886 52 34 för
1223 1886 170 33 desamma
1407 1884 62 34 har
1485 1883 119 34 hittills

109 1951 148 43 uppgått
270 1948 51 36 till
337 1951 64 31 154
416 1951 66 30 477
494 1947 122 33 kronor
629 1949 42 31 60
685 1948 67 30 öre.
766 1943 124 35 Härtill
904 1942 135 34 komma
1053 1939 180 35 kostnader
1246 1938 50 34 för
1310 1937 188 42 rengöring,
1508 1936 96 42 flytt-

112 2004 84 42 ning
213 2015 46 22 av
275 2001 134 35 möbler
425 2013 48 21 m.
489 2012 48 21 m.
554 1999 11 35 i
581 1997 171 36 samband
768 1996 81 35 med
865 1992 271 45 ombyggnaden
1154 1992 52 34 till
1223 1990 236 41 sammanlagt
1476 1988 127 42 belopp

113 2068 45 23 av
177 2056 96 34 cirka
292 2058 20 31 7
325 2057 66 31 500
409 2054 142 34 kronor.

154 2118 83 43 Nya
255 2117 129 34 möbler
403 2115 63 35 och
486 2115 93 42 övrig
598 2113 187 40 inredning,
804 2124 71 22 som
895 2110 182 35 erfordrats
1096 2108 51 35 för
1166 2107 187 35 lokalernas
1372 2103 233 45 utnyttjande,

110 2172 44 33 ha
175 2170 185 35 anskaffats
379 2169 51 34 för
450 2172 44 30 83
508 2172 66 30 258
593 2168 121 33 kronor
735 2170 43 31 97
798 2169 67 31 öre.

156 2223 134 35 Hittills
314 2222 111 42 erlagd
450 2221 103 34 likvid
577 2220 50 34 för
651 2220 43 34 de
717 2216 317 40 kontorsmaskiner,
1057 2215 108 34 vilkas
1190 2212 215 35 anskaffande
1429 2213 101 38 utgör
1553 2214 52 31 ett

111 2277 53 34 led
183 2278 10 33 i
212 2275 199 42 åtgärderna
430 2274 51 33 för
499 2272 265 41 rationalisering
782 2283 43 22 av
843 2269 283 35 arbetsrutinerna
1144 2267 57 33 vid
1219 2265 284 39 huvudkontoret,
1522 2274 83 31 upp-

112 2331 59 42 går
191 2329 49 35 till
260 2332 43 30 44
317 2332 65 30 339
402 2328 124 33 kronor
547 2330 41 30 14
608 2329 66 31 öre.
