1884 2848
532 155 292 35 Statsutskottets
848 153 187 34 utlåtande
1058 152 53 33 Nr
1130 152 73 32 164.
1533 147 19 31 1

761 426 58 43 Nr
847 421 90 50 164.

644 552 109 25 Ankom
774 552 42 24 till
835 552 162 32 riksdagens
1016 552 92 25 kansli
1128 551 54 26 den
1202 553 15 23 5
1235 552 59 31 juni
1317 552 64 24 1935
1401 552 37 24 kl.
1460 552 30 24 12
1510 559 37 17 m.

87 634 20 51 qv
197 643 195 32 Utlåtande
431 646 12 30 i
480 645 194 38 anledning
703 656 46 21 av
776 646 134 37 Kungl.
936 646 128 38 Maj:ts
1092 647 12 30 i
1132 646 465 37 statsverkspropositionen

396 697 65 31 och
483 698 12 30 i
520 698 268 36 propositionen
812 708 45 21 nr
881 699 58 30 249
962 698 130 37 gjorda
1117 698 315 38 framställningar
1455 708 57 22 om
1536 708 61 21 an-

395 749 78 38 slag
495 749 56 32 till
571 749 232 38 avbetalning
825 750 22 32 å
866 749 253 33 statsskulden.

1371 800 67 37 (4:e
1459 800 94 38 avd.)

134 904 72 36 1:0)
230 906 232 37 Amortering
490 907 20 31 å
537 907 98 31 vissa
659 907 70 31 lån.
776 908 18 30 I
822 906 66 32 den
915 907 58 31 till
1000 907 193 37 riksdagen
1222 907 156 37 avlåtna,
1406 907 69 32 den
1498 908 19 31 4
1543 907 52 37 ja-

94 957 108 31 nuari
231 958 79 31 1935
337 958 244 37 dagtecknade
610 959 278 37 propositionen,
916 969 42 21 nr
989 961 28 35 1,
1046 959 184 38 angående
1259 960 234 32 statsverkets
1523 959 72 32 till-

92 1010 109 31 stånd
226 1010 65 31 och
314 1010 115 31 behov
454 1011 112 31 under
590 1011 213 37 budgetåret
829 1010 172 37 1935/1936
1026 1012 66 30 har
1116 1011 134 38 Kungl.
1276 1011 110 37 Maj:t
1414 1009 129 39 (punkt
1567 1012 28 36 3,

91 1061 67 31 sid.
178 1062 18 30 9
215 1063 65 30 och
300 1063 47 35 10,
369 1072 45 21 av
436 1062 57 32 det
513 1063 62 31 vid
595 1063 268 37 propositionen
884 1063 112 31 under
1015 1064 127 31 rubrik
1164 1063 180 37 »Utgifter
1365 1064 55 31 för
1441 1063 153 37 kapital-

90 1113 148 37 ökning.
272 1113 68 32 Bil.
364 1115 36 30 4>
429 1115 128 36 fogade
581 1115 168 37 utdraget
776 1125 46 21 av
845 1115 392 37 statsrådsprotokollet
1262 1118 83 29 över
1371 1115 222 31 finansären-

90 1165 72 32 den
185 1166 55 31 för
265 1176 136 21 samma
424 1165 83 39 dag)
534 1167 188 37 föreslagit
746 1167 194 38 riksdagen
963 1168 53 31 att
1040 1167 57 32 till
1122 1168 221 37 amortering
1367 1169 22 30 å
1412 1168 98 31 vissa
1533 1168 60 30 lån

95 1218 55 31 för
197 1218 212 37 budgetåret
444 1217 172 36 1935/1936
644 1219 127 32 anvisa
798 1219 42 32 de
866 1219 136 37 anslag,
1031 1219 239 32 tillsammans
1298 1219 209 38 uppgående
1535 1219 58 32 till

92 1270 159 36 4,117,800
276 1270 141 37 kronor,
443 1270 99 32 vilka
567 1271 121 31 finnas
713 1272 187 36 upptagna
923 1271 13 31 i
959 1271 123 37 bilaga
1106 1271 62 32 vid
1191 1271 400 37 statsrådsprotokollet.

133 1365 125 37 Enligt
288 1366 175 31 utskottet
495 1366 83 31 från
609 1366 347 38 riksgäldskontoret
987 1367 310 31 tillhandakomna
1327 1367 264 38 upplysningar

92 1418 65 31 bör
184 1417 59 32 det
271 1418 13 30 i
313 1418 469 37 statsverkspropositionen
809 1418 57 32 till
895 1419 127 36 792,360
1052 1419 131 31 kronor
1213 1421 186 36 upptagna
1428 1420 164 37 anslaget

91 1469 60 31 till
173 1470 220 36 amortering
416 1480 46 20 av
485 1470 77 31 1899
587 1471 59 30 års
668 1469 67 36 3'!/»
758 1472 166 35 procents
946 1471 61 30 lån
1028 1472 89 35 utgå
1140 1472 47 35 på
1210 1471 117 37 grund
1350 1482 45 20 av
1417 1472 54 30 att
1494 1471 98 31 lånet

92 1523 173 35 uppsagts
290 1521 56 31 till
369 1521 138 32 inlösen
532 1531 61 27 per
616 1522 70 31 den
711 1522 37 31 15
772 1523 146 35 augusti
943 1522 87 32 1935.
1074 1522 134 32 Vidare
1234 1523 61 32 bör
1321 1524 54 31 för
1399 1523 193 36 jämnande

89 1583 49 21 av
164 1574 237 31 slutsumman
428 1574 320 36 förslagsanslaget
776 1574 56 31 till
856 1575 220 36 amortering
1102 1576 23 30 å
1150 1575 78 31 1886
1253 1576 58 30 års
1336 1574 67 36 3'!/:
1428 1576 164 36 procents

91 1624 71 38 lån,
188 1626 12 30 i
222 1625 464 37 statsverkspropositionen
710 1627 172 36 upptaget
908 1626 56 31 till
987 1626 158 37 1,003,157
1168 1627 141 37 kronor,
1332 1627 157 32 minskas
1512 1628 79 31 med

91 1678 39 30 40
163 1677 130 31 kronor
329 1678 55 31 till
421 1678 156 36 1,003,117
610 1678 142 32 kronor.
799 1678 245 32 Slutsumman
1070 1689 45 21 av
1142 1678 169 37 samtliga
1335 1689 49 21 nu
1409 1679 182 36 ifrågava-

91 1729 111 32 rande
224 1730 126 36 anslag
374 1730 113 32 skulle
511 1730 107 33 alltså
641 1731 159 32 minskas
822 1731 81 33 med
929 1730 140 38 (792,360
1093 1731 35 37 +
1155 1730 51 37 40)
1232 1731 128 37 792,400
1380 1731 130 32 kronor
1534 1731 57 32 till

90 1781 159 37 3.325,400
275 1782 141 31 kronor.

128 1832 184 33 Utskottet
331 1834 206 33 hemställer
557 1836 117 36 alltså,

530 1914 55 30 att
633 1913 192 37 riksdagen
862 1915 59 30 må
948 1913 55 32 till
1029 1914 220 37 amortering
1276 1914 22 31 å
1325 1915 96 30 vissa
1445 1914 61 32 lån
1534 1915 55 31 för

491 1965 213 36 budgetåret
752 1964 171 36 1985/1936
960 1964 128 32 anvisa
1116 1965 41 31 de
1185 1965 136 37 anslag,
1350 1965 239 32 tillsammans

491 2017 210 36 uppgående
724 2017 57 31 till
804 2017 157 36 3,325,400
985 2017 140 36 kronor,
1150 2017 99 31 vilka
1273 2017 121 31 finnas
1418 2018 113 31 under
1556 2017 33 31 A

491 2070 186 35 upptagna
708 2069 12 31 i
747 2068 167 37 bifogade
943 2069 338 37 sammanställning
1313 2068 168 38 (Bilaga).

127 2189 70 36 2:0)
221 2191 145 31 Fonden
389 2190 56 32 för
467 2190 261 31 statsskuldens
750 2190 230 37 amortering.
1003 2189 83 32 Med
1109 2190 253 36 tillstyrkande
1386 2202 45 20 av
1453 2191 134 37 Kungl.

89 2242 128 36 Maj:ts
244 2242 134 36 förslag
409 2241 128 37 (punkt
561 2242 28 36 4,
615 2242 65 31 sid.
707 2241 51 35 10)
786 2241 205 32 hemställer
1020 2242 183 36 utskottet,

528 2311 54 30 att
630 2310 192 36 riksdagen
869 2311 58 30 må
965 2310 57 31 till
1050 2311 209 37 avsättning
1289 2311 56 31 till
1372 2311 132 36 fonden
1531 2311 57 36 för

486 2362 261 31 statsskuldens
772 2363 219 36 amortering
1018 2362 54 31 för
1098 2362 212 36 budgetåret
1333 2362 170 36 19385/1936
1526 2372 60 21 an-

489 2413 77 31 visa
589 2414 51 30 ett
664 2413 126 36 anslag
814 2424 44 20 av
881 2414 158 35 1,000,000
1063 2413 139 35 kronor,

89 2484 110 33 Bihang
222 2484 40 26 till
284 2484 166 32 riksdagens
472 2484 145 32 protokoll
639 2485 75 26 1935.
750 2487 16 23 6
784 2486 82 24 saml.
904 2485 40 26 Nr
964 2486 56 25 164,
1538 2484 13 28 1

1657 1375 137 24 Utskottet.
