1904 2762
268 145 19 30 2
629 149 286 33 Statsutskottets
937 153 178 31 utlåtande
1137 164 42 21 nr
1201 156 40 30 13
1262 157 39 30 år
1323 158 85 30 1962

579 232 162 40 uppförts
762 234 21 30 å
804 234 110 32 sådan
935 236 293 42 beredskapsstat,
1251 249 121 22 varom
1394 242 165 33 förmäles
1580 247 12 29 i
1614 245 16 38 $
1654 246 41 30 63
1716 256 51 21 re-

578 282 288 41 geringsformen,

600 336 90 28 samt
712 336 49 29 att
783 339 122 35 genast
926 337 57 31 vid
1004 339 102 30 nästa
1127 340 160 41 riksdags
1308 341 127 42 början
1456 353 43 21 en
1520 346 150 31 särskild
1692 357 74 30 spe-

576 382 165 33 cificerad
759 387 166 30 anmälan
943 389 97 39 göres
1058 389 53 30 till
1128 390 187 41 riksdagen
1332 402 58 21 om
1408 394 42 30 de
1468 396 153 39 utgifter,
1640 397 125 41 Kungl.

576 433 106 41 Maj:t
702 435 111 31 under
832 437 58 30 det
910 441 135 28 senaste
1065 440 74 31 året
1160 442 136 31 anvisat
1315 445 51 28 att
1385 445 84 39 utgå
1487 456 42 21 av
1548 448 170 40 anslaget;

619 484 39 35 b)
686 486 131 40 medge,
843 489 51 29 att
917 488 133 41 belopp,
1076 499 76 22 som
1175 491 137 32 kronan
1336 495 165 40 antingen
1525 504 124 32 genom
1673 499 92 40 laga-

572 534 239 33 kraftvunnen
839 538 83 31 dom
949 539 111 41 ålagts
1088 543 50 29 att
1167 545 79 37 utge
1274 544 83 30 eller
1385 546 53 29 till
1466 546 90 41 följd
1584 558 42 21 av
1655 550 108 30 skada

571 584 12 30 i
610 586 169 31 samband
807 589 81 30 med
916 591 116 40 statlig
1058 592 224 32 verksamhet
1307 594 88 31 efter
1424 599 205 38 uppgörelse
1656 600 107 41 åtagit

571 635 52 40 sig
646 639 50 28 att
719 639 80 38 utge
823 647 76 22 som
922 641 203 41 ersättning,
1149 644 59 30 må
1230 644 174 33 bestridas
1427 646 79 32 från
1530 650 156 40 anslaget
1710 651 52 30 till

571 685 227 34 oförutsedda
828 689 145 40 utgifter
1003 692 111 30 under
1144 693 254 44 förutsättning
1429 699 50 29 att
1510 700 110 30 andra
1650 702 112 30 medel

569 735 76 31 icke
667 737 72 31 står
759 738 53 30 till
833 739 207 41 förfogande
1061 742 56 31 för
1138 744 214 40 ändamålet;

616 788 34 34 c)
680 789 131 39 medge,
837 792 50 29 att
912 790 79 31 från
1016 793 157 41 anslaget
1196 795 53 30 till
1273 796 227 34 oförutsedda
1524 801 144 40 utgifter
1692 803 67 36 må,

568 837 45 38 på
637 839 68 30 sätt
728 839 11 30 i
763 840 382 41 statsrådsprolokollet
1169 846 81 30 över
1273 846 274 34 finansärenden
1572 851 55 31 för
1650 853 66 30 den
1742 854 18 30 3

566 887 143 39 januari
746 889 82 31 1962
865 891 207 42 föreslagits,
1109 896 111 30 under
1254 896 205 42 budgetåret
1492 901 149 38 1962/63
1677 905 82 39 utgå

567 937 73 31 dels
659 940 189 39 ersättning
866 942 56 31 för
940 943 126 31 förlust
1084 954 42 22 av
1145 946 82 31 eller
1246 948 108 32 skada
1372 949 20 31 å
1411 952 167 38 egendom
1599 955 96 29 utom
1715 956 45 29 ri-

565 987 59 31 ket
645 988 52 31 till
719 998 176 31 personer,
917 992 94 32 vilka
1032 995 203 39 uppehåller
1257 998 51 40 sig
1330 999 183 33 därstädes
1534 1003 64 30 och
1621 1005 39 29 är
1681 1005 11 30 i
1714 1005 45 30 ri-

564 1037 77 32 kets
667 1039 119 40 tjänst,
813 1042 164 31 ävensom
999 1044 52 31 till
1076 1046 101 31 deras
1202 1047 367 42 familjemedlemmar
1594 1055 64 29 och
1683 1064 75 31 per-

566 1088 133 41 sonliga
717 1090 148 40 tjänare,
885 1093 73 31 dels
976 1095 64 30 ock
1058 1092 413 54 krigsskadeersättning.

302 1168 202 33 Stockholm
523 1172 67 30 den
612 1174 39 30 16
671 1174 155 32 februari
847 1177 83 31 1962

751 1276 49 30 På
816 1279 279 33 statsutskottets
1110 1282 145 40 vägnar:

791 1360 144 32 ERNST
953 1364 39 30 V.
1012 1364 202 34 STAXÄNG

299 1563 65 31 Vid
385 1565 221 40 förestående
630 1569 145 32 ärendes
800 1572 285 44 slutbehandling
1109 1577 93 31 inom
1228 1580 171 31 utskottet
1420 1582 66 31 har
1508 1584 156 31 närvarit

297 1622 80 31 från
409 1624 165 33 första
603 1628 221 34 kammaren:
848 1632 122 31 herrar
989 1634 188 40 Gillström,
1199 1638 143 36 Boman,
1364 1640 107 31 Einar
1493 1643 159 37 Persson,
1674 1645 77 30 Ivar

252 1664 210 38 Johansson,
485 1668 93 31 Fritz
599 1670 158 37 Persson,
779 1673 187 40 Bengtson,
988 1676 113 36 Birke,
1125 1678 57 30 fru
1205 1680 145 40 Myrdal,
1372 1683 81 30 herr
1474 1685 126 31 Manne
1623 1686 127 32 Olsson

252 1706 64 30 och
338 1707 126 32 fröken
484 1710 215 43 Ljungberg;
724 1717 91 28 samt

294 1765 80 31 från
408 1768 152 31 andra
592 1771 221 34 kammaren:
838 1775 122 30 herrar
984 1777 160 42 Staxäng,
1169 1781 181 32 Petterson
1372 1783 12 30 i
1406 1785 196 40 Degerfors,
1627 1788 122 31 Svens-

251 1815 63 23 son
332 1808 12 30 i
365 1809 205 41 Stenkyrka,
591 1813 162 38 Blidfors,
775 1816 177 40 Almgren,
972 1819 125 31 fröken
1117 1822 133 36 Elmén,
1272 1824 122 31 herrar
1414 1827 139 31 Nilsson
1573 1829 12 30 i
1605 1829 143 42 Göinge-

250 1849 140 39 gården,
417 1851 233 39 Andreasson,
677 1856 160 32 Eliasson
862 1859 12 30 i
900 1860 195 37 Sundborn,
1123 1864 172 32 Svensson
1321 1867 12 29 i
1357 1868 216 41 Ljungskile,
1599 1872 149 31 Johans-

251 1898 62 23 son
337 1894 13 30 i
373 1893 231 42 Norrköping,
631 1897 144 37 Carbell,
801 1901 217 42 Heidenberg
1044 1905 65 30 och
1135 1907 96 39 Berg.

494 2468 167 26 Stockholm
673 2470 75 25 1962.
769 2472 81 25 Isaac
860 2474 113 25 Marcus
984 2476 187 32 Boktryckeri
1183 2479 171 34 Aktiebolag
1396 2487 98 22 620143
