<?xml version="1.0" encoding="UTF-8"?>
<alto xmlns="http://www.loc.gov/standards/alto/ns-v3#" xmlns:xlink="http://www.w3.org/1999/xlink" xmlns:xsi="http://www.w3.org/2001/XMLSchema-instance" xsi:schemaLocation="http://www.loc.gov/standards/alto/ns-v3# http://www.loc.gov/alto/v3/alto-3-0.xsd">
	<Description>
		<MeasurementUnit>pixel</MeasurementUnit>
		<sourceImageInformation>
			<fileName>/tmp/tess_l0a16njo_input.PNG</fileName>
		</sourceImageInformation>
		<OCRProcessing ID="OCR_0">
			<ocrProcessingStep>
				<processingSoftware>
					<softwareName>tesseract 5.3.0</softwareName>
				</processingSoftware>
			</ocrProcessingStep>
		</OCRProcessing>
	</Description>
	<Layout>
		<Page WIDTH="2238" HEIGHT="2599" PHYSICAL_IMG_NR="0" ID="page_0">
			<PrintSpace HPOS="0" VPOS="0" WIDTH="2238" HEIGHT="2599">
				<ComposedBlock ID="cblock_0" HPOS="769" VPOS="167" WIDTH="1072" HEIGHT="34">
					<TextBlock ID="block_0" HPOS="769" VPOS="167" WIDTH="1072" HEIGHT="34">
						<TextLine ID="line_0" HPOS="769" VPOS="167" WIDTH="1072" HEIGHT="34">
							<String ID="string_0" HPOS="769" VPOS="167" WIDTH="230" HEIGHT="30" WC="0.91" CONTENT="Statsutskottets"/><SP WIDTH="21" VPOS="167" HPOS="999"/>
							<String ID="string_1" HPOS="1020" VPOS="168" WIDTH="153" HEIGHT="29" WC="0.96" CONTENT="utlåtande"/><SP WIDTH="21" VPOS="168" HPOS="1173"/>
							<String ID="string_2" HPOS="1194" VPOS="168" WIDTH="50" HEIGHT="30" WC="0.95" CONTENT="Nr"/><SP WIDTH="22" VPOS="168" HPOS="1244"/>
							<String ID="string_3" HPOS="1266" VPOS="170" WIDTH="49" HEIGHT="28" WC="0.86" CONTENT="33."/><SP WIDTH="506" VPOS="170" HPOS="1315"/>
							<String ID="string_4" HPOS="1821" VPOS="171" WIDTH="20" HEIGHT="30" WC="0.96" CONTENT="3"/>
						</TextLine>
					</TextBlock>
				</ComposedBlock>
				<ComposedBlock ID="cblock_1" HPOS="893" VPOS="311" WIDTH="295" HEIGHT="42">
					<TextBlock ID="block_1" HPOS="893" VPOS="311" WIDTH="295" HEIGHT="42">
						<TextLine ID="line_1" HPOS="893" VPOS="311" WIDTH="295" HEIGHT="42">
							<String ID="string_5" HPOS="893" VPOS="311" WIDTH="295" HEIGHT="42" WC="0.90" CONTENT="Sjöaflöning."/>
						</TextLine>
					</TextBlock>
				</ComposedBlock>
				<ComposedBlock ID="cblock_2" HPOS="1005" VPOS="409" WIDTH="79" HEIGHT="48">
					<TextBlock ID="block_2" HPOS="1005" VPOS="409" WIDTH="79" HEIGHT="48">
						<TextLine ID="line_2" HPOS="1005" VPOS="409" WIDTH="79" HEIGHT="48">
							<String ID="string_6" HPOS="1005" VPOS="409" WIDTH="19" HEIGHT="48" WC="0.47" CONTENT="$"/><SP WIDTH="29" VPOS="409" HPOS="1024"/>
							<String ID="string_7" HPOS="1053" VPOS="414" WIDTH="31" HEIGHT="33" WC="0.47" CONTENT="1."/>
						</TextLine>
					</TextBlock>
				</ComposedBlock>
				<ComposedBlock ID="cblock_3" HPOS="238" VPOS="490" WIDTH="1603" HEIGHT="102">
					<TextBlock ID="block_3" HPOS="238" VPOS="490" WIDTH="1603" HEIGHT="102">
						<TextLine ID="line_3" HPOS="341" VPOS="490" WIDTH="1500" HEIGHT="51">
							<String ID="string_8" HPOS="341" VPOS="490" WIDTH="227" HEIGHT="50" WC="0.89" CONTENT="Sjöaflöning"/><SP WIDTH="41" VPOS="490" HPOS="568"/>
							<String ID="string_9" HPOS="609" VPOS="497" WIDTH="119" HEIGHT="44" WC="0.96" CONTENT="utgår,"/><SP WIDTH="43" VPOS="497" HPOS="728"/>
							<String ID="string_10" HPOS="771" VPOS="494" WIDTH="65" HEIGHT="36" WC="0.96" CONTENT="där"/><SP WIDTH="39" VPOS="494" HPOS="836"/>
							<String ID="string_11" HPOS="875" VPOS="496" WIDTH="79" HEIGHT="34" WC="0.96" CONTENT="icke"/><SP WIDTH="32" VPOS="496" HPOS="954"/>
							<String ID="string_12" HPOS="986" VPOS="496" WIDTH="66" HEIGHT="34" WC="0.95" CONTENT="här"/><SP WIDTH="27" VPOS="496" HPOS="1052"/>
							<String ID="string_13" HPOS="1079" VPOS="495" WIDTH="120" HEIGHT="36" WC="0.96" CONTENT="nedan"/><SP WIDTH="28" VPOS="495" HPOS="1199"/>
							<String ID="string_14" HPOS="1227" VPOS="495" WIDTH="57" HEIGHT="37" WC="0.96" CONTENT="för"/><SP WIDTH="27" VPOS="495" HPOS="1284"/>
							<String ID="string_15" HPOS="1311" VPOS="497" WIDTH="178" HEIGHT="36" WC="0.96" CONTENT="särskilda"/><SP WIDTH="27" VPOS="497" HPOS="1489"/>
							<String ID="string_16" HPOS="1516" VPOS="497" WIDTH="65" HEIGHT="36" WC="0.96" CONTENT="fall"/><SP WIDTH="27" VPOS="497" HPOS="1581"/>
							<String ID="string_17" HPOS="1608" VPOS="503" WIDTH="111" HEIGHT="30" WC="0.93" CONTENT="annat"/><SP WIDTH="25" VPOS="503" HPOS="1719"/>
							<String ID="string_18" HPOS="1744" VPOS="497" WIDTH="97" HEIGHT="37" WC="0.92" CONTENT="före-"/>
						</TextLine>
						<TextLine ID="line_4" HPOS="238" VPOS="539" WIDTH="1281" HEIGHT="53">
							<String ID="string_19" HPOS="238" VPOS="539" WIDTH="169" HEIGHT="47" WC="0.90" CONTENT="skrifves,"/><SP WIDTH="28" VPOS="539" HPOS="407"/>
							<String ID="string_20" HPOS="435" VPOS="542" WIDTH="56" HEIGHT="35" WC="0.96" CONTENT="till"/><SP WIDTH="29" VPOS="542" HPOS="491"/>
							<String ID="string_21" HPOS="520" VPOS="542" WIDTH="146" HEIGHT="50" WC="0.96" CONTENT="belopp,"/><SP WIDTH="29" VPOS="542" HPOS="666"/>
							<String ID="string_22" HPOS="695" VPOS="557" WIDTH="78" HEIGHT="22" WC="0.93" CONTENT="som"/><SP WIDTH="28" VPOS="557" HPOS="773"/>
							<String ID="string_23" HPOS="801" VPOS="545" WIDTH="168" HEIGHT="47" WC="0.92" CONTENT="angifvas"/><SP WIDTH="28" VPOS="545" HPOS="969"/>
							<String ID="string_24" HPOS="997" VPOS="546" WIDTH="13" HEIGHT="35" WC="0.96" CONTENT="i"/><SP WIDTH="26" VPOS="546" HPOS="1010"/>
							<String ID="string_25" HPOS="1036" VPOS="545" WIDTH="272" HEIGHT="37" WC="0.96" CONTENT="nedanstående"/><SP WIDTH="28" VPOS="545" HPOS="1308"/>
							<String ID="string_26" HPOS="1336" VPOS="546" WIDTH="111" HEIGHT="37" WC="0.96" CONTENT="tabell"/><SP WIDTH="27" VPOS="546" HPOS="1447"/>
							<String ID="string_27" HPOS="1474" VPOS="548" WIDTH="45" HEIGHT="35" WC="0.52" CONTENT="ÅA."/>
						</TextLine>
					</TextBlock>
				</ComposedBlock>
				<ComposedBlock ID="cblock_4" HPOS="1000" VPOS="675" WIDTH="79" HEIGHT="49">
					<TextBlock ID="block_4" HPOS="1000" VPOS="675" WIDTH="79" HEIGHT="49">
						<TextLine ID="line_5" HPOS="1000" VPOS="675" WIDTH="79" HEIGHT="49">
							<String ID="string_28" HPOS="1000" VPOS="675" WIDTH="18" HEIGHT="49" WC="0.64" CONTENT="$"/><SP WIDTH="22" VPOS="675" HPOS="1018"/>
							<String ID="string_29" HPOS="1040" VPOS="650" WIDTH="39" HEIGHT="79" WC="0.54" CONTENT="2."/>
						</TextLine>
					</TextBlock>
				</ComposedBlock>
				<ComposedBlock ID="cblock_5" HPOS="236" VPOS="758" WIDTH="1603" HEIGHT="408">
					<TextBlock ID="block_5" HPOS="236" VPOS="758" WIDTH="1603" HEIGHT="408">
						<TextLine ID="line_6" HPOS="336" VPOS="758" WIDTH="1492" HEIGHT="50">
							<String ID="string_30" HPOS="336" VPOS="758" WIDTH="39" HEIGHT="36" WC="0.90" CONTENT="A"/><SP WIDTH="40" VPOS="758" HPOS="375"/>
							<String ID="string_31" HPOS="415" VPOS="758" WIDTH="135" HEIGHT="50" WC="0.94" CONTENT="fartyg,"/><SP WIDTH="42" VPOS="758" HPOS="550"/>
							<String ID="string_32" HPOS="592" VPOS="760" WIDTH="139" HEIGHT="36" WC="0.96" CONTENT="hvilket"/><SP WIDTH="34" VPOS="760" HPOS="731"/>
							<String ID="string_33" HPOS="765" VPOS="761" WIDTH="151" HEIGHT="46" WC="0.96" CONTENT="jämlikt"/><SP WIDTH="39" VPOS="761" HPOS="916"/>
							<String ID="string_34" HPOS="955" VPOS="761" WIDTH="58" HEIGHT="37" WC="0.96" CONTENT="för"/><SP WIDTH="40" VPOS="761" HPOS="1013"/>
							<String ID="string_35" HPOS="1053" VPOS="763" WIDTH="274" HEIGHT="37" WC="0.93" CONTENT="vederbörande"/><SP WIDTH="39" VPOS="763" HPOS="1327"/>
							<String ID="string_36" HPOS="1366" VPOS="764" WIDTH="250" HEIGHT="37" WC="0.91" CONTENT="befälhafvare"/><SP WIDTH="40" VPOS="764" HPOS="1616"/>
							<String ID="string_37" HPOS="1656" VPOS="765" WIDTH="172" HEIGHT="38" WC="0.96" CONTENT="utfärdad"/>
						</TextLine>
						<TextLine ID="line_7" HPOS="237" VPOS="809" WIDTH="1600" HEIGHT="53">
							<String ID="string_38" HPOS="237" VPOS="809" WIDTH="227" HEIGHT="36" WC="0.95" CONTENT="instruktion"/><SP WIDTH="39" VPOS="809" HPOS="464"/>
							<String ID="string_39" HPOS="503" VPOS="816" WIDTH="39" HEIGHT="29" WC="0.92" CONTENT="är"/><SP WIDTH="40" VPOS="816" HPOS="542"/>
							<String ID="string_40" HPOS="582" VPOS="809" WIDTH="120" HEIGHT="36" WC="0.91" CONTENT="afsedt"/><SP WIDTH="39" VPOS="809" HPOS="702"/>
							<String ID="string_41" HPOS="741" VPOS="816" WIDTH="53" HEIGHT="30" WC="0.96" CONTENT="att"/><SP WIDTH="41" VPOS="816" HPOS="794"/>
							<String ID="string_42" HPOS="835" VPOS="812" WIDTH="119" HEIGHT="36" WC="0.96" CONTENT="under"/><SP WIDTH="40" VPOS="812" HPOS="954"/>
							<String ID="string_43" HPOS="994" VPOS="818" WIDTH="116" HEIGHT="31" WC="0.96" CONTENT="större"/><SP WIDTH="41" VPOS="818" HPOS="1110"/>
							<String ID="string_44" HPOS="1151" VPOS="814" WIDTH="104" HEIGHT="35" WC="0.96" CONTENT="delen"/><SP WIDTH="41" VPOS="814" HPOS="1255"/>
							<String ID="string_45" HPOS="1296" VPOS="813" WIDTH="41" HEIGHT="36" WC="0.96" CONTENT="af"/><SP WIDTH="36" VPOS="813" HPOS="1337"/>
							<String ID="string_46" HPOS="1373" VPOS="815" WIDTH="261" HEIGHT="47" WC="0.96" CONTENT="expeditionen"/><SP WIDTH="34" VPOS="815" HPOS="1634"/>
							<String ID="string_47" HPOS="1668" VPOS="829" WIDTH="85" HEIGHT="22" WC="0.96" CONTENT="vara"/><SP WIDTH="25" VPOS="829" HPOS="1753"/>
							<String ID="string_48" HPOS="1778" VPOS="817" WIDTH="59" HEIGHT="35" WC="0.96" CONTENT="för"/>
						</TextLine>
						<TextLine ID="line_8" HPOS="238" VPOS="857" WIDTH="1600" HEIGHT="50">
							<String ID="string_49" HPOS="238" VPOS="857" WIDTH="172" HEIGHT="49" WC="0.89" CONTENT="öfningar"/><SP WIDTH="38" VPOS="857" HPOS="410"/>
							<String ID="string_50" HPOS="448" VPOS="858" WIDTH="156" HEIGHT="49" WC="0.89" CONTENT="förtöjdt"/><SP WIDTH="40" VPOS="858" HPOS="604"/>
							<String ID="string_51" HPOS="644" VPOS="860" WIDTH="61" HEIGHT="36" WC="0.89" CONTENT="vid"/><SP WIDTH="40" VPOS="860" HPOS="705"/>
							<String ID="string_52" HPOS="745" VPOS="862" WIDTH="149" HEIGHT="35" WC="0.87" CONTENT="fottans"/><SP WIDTH="40" VPOS="862" HPOS="894"/>
							<String ID="string_53" HPOS="934" VPOS="864" WIDTH="135" HEIGHT="35" WC="0.96" CONTENT="station"/><SP WIDTH="40" VPOS="864" HPOS="1069"/>
							<String ID="string_54" HPOS="1109" VPOS="865" WIDTH="101" HEIGHT="34" WC="0.95" CONTENT="inom"/><SP WIDTH="39" VPOS="865" HPOS="1210"/>
							<String ID="string_55" HPOS="1249" VPOS="869" WIDTH="54" HEIGHT="30" WC="0.93" CONTENT="ett"/><SP WIDTH="38" VPOS="869" HPOS="1303"/>
							<String ID="string_56" HPOS="1341" VPOS="864" WIDTH="146" HEIGHT="37" WC="0.92" CONTENT="afstånd"/><SP WIDTH="40" VPOS="864" HPOS="1487"/>
							<String ID="string_57" HPOS="1527" VPOS="865" WIDTH="40" HEIGHT="36" WC="0.96" CONTENT="af"/><SP WIDTH="38" VPOS="865" HPOS="1567"/>
							<String ID="string_58" HPOS="1605" VPOS="868" WIDTH="20" HEIGHT="34" WC="0.94" CONTENT="2"/><SP WIDTH="29" VPOS="868" HPOS="1625"/>
							<String ID="string_59" HPOS="1654" VPOS="867" WIDTH="72" HEIGHT="34" WC="0.96" CONTENT="km."/><SP WIDTH="28" VPOS="867" HPOS="1726"/>
							<String ID="string_60" HPOS="1754" VPOS="866" WIDTH="84" HEIGHT="36" WC="0.96" CONTENT="från"/>
						</TextLine>
						<TextLine ID="line_9" HPOS="238" VPOS="908" WIDTH="1601" HEIGHT="55">
							<String ID="string_61" HPOS="238" VPOS="908" WIDTH="451" HEIGHT="38" WC="0.92" CONTENT="stationsbefälhafvarens"/><SP WIDTH="39" VPOS="908" HPOS="689"/>
							<String ID="string_62" HPOS="728" VPOS="911" WIDTH="251" HEIGHT="45" WC="0.71" CONTENT="ämbetslokal,"/><SP WIDTH="33" VPOS="911" HPOS="979"/>
							<String ID="string_63" HPOS="1012" VPOS="914" WIDTH="89" HEIGHT="35" WC="0.96" CONTENT="skall"/><SP WIDTH="28" VPOS="914" HPOS="1101"/>
							<String ID="string_64" HPOS="1129" VPOS="913" WIDTH="58" HEIGHT="36" WC="0.96" CONTENT="för"/><SP WIDTH="26" VPOS="913" HPOS="1187"/>
							<String ID="string_65" HPOS="1213" VPOS="914" WIDTH="126" HEIGHT="47" WC="0.96" CONTENT="hvarje"/><SP WIDTH="27" VPOS="914" HPOS="1339"/>
							<String ID="string_66" HPOS="1366" VPOS="914" WIDTH="83" HEIGHT="49" WC="0.96" CONTENT="dag,"/><SP WIDTH="28" VPOS="914" HPOS="1449"/>
							<String ID="string_67" HPOS="1477" VPOS="916" WIDTH="120" HEIGHT="35" WC="0.96" CONTENT="under"/><SP WIDTH="27" VPOS="916" HPOS="1597"/>
							<String ID="string_68" HPOS="1624" VPOS="917" WIDTH="106" HEIGHT="35" WC="0.96" CONTENT="hvars"/><SP WIDTH="27" VPOS="917" HPOS="1730"/>
							<String ID="string_69" HPOS="1757" VPOS="917" WIDTH="82" HEIGHT="35" WC="0.96" CONTENT="hela"/>
						</TextLine>
						<TextLine ID="line_10" HPOS="236" VPOS="957" WIDTH="1603" HEIGHT="58">
							<String ID="string_70" HPOS="236" VPOS="957" WIDTH="147" HEIGHT="50" WC="0.96" CONTENT="förlopp"/><SP WIDTH="42" VPOS="957" HPOS="383"/>
							<String ID="string_71" HPOS="425" VPOS="959" WIDTH="163" HEIGHT="49" WC="0.96" CONTENT="fartyget"/><SP WIDTH="37" VPOS="959" HPOS="588"/>
							<String ID="string_72" HPOS="625" VPOS="961" WIDTH="96" HEIGHT="35" WC="0.93" CONTENT="varit"/><SP WIDTH="31" VPOS="961" HPOS="721"/>
							<String ID="string_73" HPOS="752" VPOS="960" WIDTH="156" HEIGHT="49" WC="0.92" CONTENT="förtöjdt"/><SP WIDTH="26" VPOS="960" HPOS="908"/>
							<String ID="string_74" HPOS="934" VPOS="963" WIDTH="62" HEIGHT="35" WC="0.96" CONTENT="vid"/><SP WIDTH="26" VPOS="963" HPOS="996"/>
							<String ID="string_75" HPOS="1022" VPOS="964" WIDTH="87" HEIGHT="34" WC="0.96" CONTENT="land"/><SP WIDTH="28" VPOS="964" HPOS="1109"/>
							<String ID="string_76" HPOS="1137" VPOS="965" WIDTH="88" HEIGHT="34" WC="0.93" CONTENT="eller"/><SP WIDTH="27" VPOS="965" HPOS="1225"/>
							<String ID="string_77" HPOS="1252" VPOS="964" WIDTH="173" HEIGHT="49" WC="0.88" CONTENT="dykdalb,"/><SP WIDTH="29" VPOS="964" HPOS="1425"/>
							<String ID="string_78" HPOS="1454" VPOS="966" WIDTH="267" HEIGHT="48" WC="0.91" CONTENT="sjöaflöningen"/><SP WIDTH="28" VPOS="966" HPOS="1721"/>
							<String ID="string_79" HPOS="1749" VPOS="970" WIDTH="90" HEIGHT="45" WC="0.96" CONTENT="utgå"/>
						</TextLine>
						<TextLine ID="line_11" HPOS="236" VPOS="1009" WIDTH="1603" HEIGHT="50">
							<String ID="string_80" HPOS="236" VPOS="1009" WIDTH="57" HEIGHT="34" WC="0.87" CONTENT="till"/><SP WIDTH="39" VPOS="1009" HPOS="293"/>
							<String ID="string_81" HPOS="332" VPOS="1010" WIDTH="146" HEIGHT="48" WC="0.93" CONTENT="belopp,"/><SP WIDTH="29" VPOS="1010" HPOS="478"/>
							<String ID="string_82" HPOS="507" VPOS="1022" WIDTH="78" HEIGHT="24" WC="0.93" CONTENT="som"/><SP WIDTH="27" VPOS="1022" HPOS="585"/>
							<String ID="string_83" HPOS="612" VPOS="1010" WIDTH="165" HEIGHT="48" WC="0.91" CONTENT="angifvas"/><SP WIDTH="28" VPOS="1010" HPOS="777"/>
							<String ID="string_84" HPOS="805" VPOS="1013" WIDTH="12" HEIGHT="34" WC="0.96" CONTENT="i"/><SP WIDTH="27" VPOS="1013" HPOS="817"/>
							<String ID="string_85" HPOS="844" VPOS="1013" WIDTH="272" HEIGHT="36" WC="0.96" CONTENT="nedanstående"/><SP WIDTH="26" VPOS="1013" HPOS="1116"/>
							<String ID="string_86" HPOS="1142" VPOS="1015" WIDTH="112" HEIGHT="34" WC="0.93" CONTENT="tabell"/><SP WIDTH="26" VPOS="1015" HPOS="1254"/>
							<String ID="string_87" HPOS="1280" VPOS="1015" WIDTH="40" HEIGHT="44" WC="0.92" CONTENT="B,"/><SP WIDTH="28" VPOS="1015" HPOS="1320"/>
							<String ID="string_88" HPOS="1348" VPOS="1019" WIDTH="105" HEIGHT="32" WC="0.96" CONTENT="utom"/><SP WIDTH="28" VPOS="1019" HPOS="1453"/>
							<String ID="string_89" HPOS="1481" VPOS="1015" WIDTH="58" HEIGHT="37" WC="0.96" CONTENT="för"/><SP WIDTH="26" VPOS="1015" HPOS="1539"/>
							<String ID="string_90" HPOS="1565" VPOS="1016" WIDTH="71" HEIGHT="36" WC="0.96" CONTENT="den"/><SP WIDTH="37" VPOS="1016" HPOS="1636"/>
							<String ID="string_91" HPOS="1673" VPOS="1016" WIDTH="39" HEIGHT="36" WC="0.92" CONTENT="af"/><SP WIDTH="24" VPOS="1016" HPOS="1712"/>
							<String ID="string_92" HPOS="1736" VPOS="1030" WIDTH="103" HEIGHT="22" WC="0.92" CONTENT="man-"/>
						</TextLine>
						<TextLine ID="line_12" HPOS="237" VPOS="1060" WIDTH="1602" HEIGHT="55">
							<String ID="string_93" HPOS="237" VPOS="1060" WIDTH="137" HEIGHT="47" WC="0.96" CONTENT="skapet,"/><SP WIDTH="29" VPOS="1060" HPOS="374"/>
							<String ID="string_94" HPOS="403" VPOS="1072" WIDTH="78" HEIGHT="23" WC="0.96" CONTENT="som"/><SP WIDTH="27" VPOS="1072" HPOS="481"/>
							<String ID="string_95" HPOS="508" VPOS="1067" WIDTH="40" HEIGHT="28" WC="0.96" CONTENT="är"/><SP WIDTH="22" VPOS="1067" HPOS="548"/>
							<String ID="string_96" HPOS="570" VPOS="1060" WIDTH="72" HEIGHT="48" WC="0.96" CONTENT="gift"/><SP WIDTH="17" VPOS="1060" HPOS="642"/>
							<String ID="string_97" HPOS="659" VPOS="1062" WIDTH="89" HEIGHT="35" WC="0.96" CONTENT="eller"/><SP WIDTH="18" VPOS="1062" HPOS="748"/>
							<String ID="string_98" HPOS="766" VPOS="1063" WIDTH="153" HEIGHT="47" WC="0.96" CONTENT="änkling"/><SP WIDTH="17" VPOS="1063" HPOS="919"/>
							<String ID="string_99" HPOS="936" VPOS="1064" WIDTH="85" HEIGHT="35" WC="0.93" CONTENT="med"/><SP WIDTH="19" VPOS="1064" HPOS="1021"/>
							<String ID="string_100" HPOS="1040" VPOS="1064" WIDTH="241" HEIGHT="48" WC="0.92" CONTENT="minderårigt"/><SP WIDTH="17" VPOS="1064" HPOS="1281"/>
							<String ID="string_101" HPOS="1298" VPOS="1064" WIDTH="107" HEIGHT="45" WC="0.93" CONTENT="barn;"/><SP WIDTH="20" VPOS="1064" HPOS="1405"/>
							<String ID="string_102" HPOS="1425" VPOS="1066" WIDTH="176" HEIGHT="36" WC="0.91" CONTENT="skolande"/><SP WIDTH="18" VPOS="1066" HPOS="1601"/>
							<String ID="string_103" HPOS="1619" VPOS="1067" WIDTH="220" HEIGHT="48" WC="0.92" CONTENT="sjöaflöning"/>
						</TextLine>
						<TextLine ID="line_13" HPOS="236" VPOS="1108" WIDTH="1601" HEIGHT="58">
							<String ID="string_104" HPOS="236" VPOS="1108" WIDTH="57" HEIGHT="36" WC="0.96" CONTENT="för"/><SP WIDTH="36" VPOS="1108" HPOS="293"/>
							<String ID="string_105" HPOS="329" VPOS="1109" WIDTH="119" HEIGHT="48" WC="0.96" CONTENT="dylikt"/><SP WIDTH="39" VPOS="1109" HPOS="448"/>
							<String ID="string_106" HPOS="487" VPOS="1112" WIDTH="177" HEIGHT="46" WC="0.96" CONTENT="manskap"/><SP WIDTH="36" VPOS="1112" HPOS="664"/>
							<String ID="string_107" HPOS="700" VPOS="1112" WIDTH="12" HEIGHT="34" WC="0.96" CONTENT="i"/><SP WIDTH="28" VPOS="1112" HPOS="712"/>
							<String ID="string_108" HPOS="740" VPOS="1125" WIDTH="50" HEIGHT="22" WC="0.96" CONTENT="nu"/><SP WIDTH="29" VPOS="1125" HPOS="790"/>
							<String ID="string_109" HPOS="819" VPOS="1113" WIDTH="160" HEIGHT="35" WC="0.96" CONTENT="nämnda"/><SP WIDTH="26" VPOS="1113" HPOS="979"/>
							<String ID="string_110" HPOS="1005" VPOS="1113" WIDTH="65" HEIGHT="36" WC="0.96" CONTENT="fall"/><SP WIDTH="28" VPOS="1113" HPOS="1070"/>
							<String ID="string_111" HPOS="1098" VPOS="1118" WIDTH="89" HEIGHT="45" WC="0.96" CONTENT="utgå"/><SP WIDTH="27" VPOS="1118" HPOS="1187"/>
							<String ID="string_112" HPOS="1214" VPOS="1115" WIDTH="57" HEIGHT="35" WC="0.96" CONTENT="till"/><SP WIDTH="26" VPOS="1115" HPOS="1271"/>
							<String ID="string_113" HPOS="1297" VPOS="1117" WIDTH="13" HEIGHT="33" WC="0.96" CONTENT="i"/><SP WIDTH="26" VPOS="1117" HPOS="1310"/>
							<String ID="string_114" HPOS="1336" VPOS="1115" WIDTH="73" HEIGHT="36" WC="0.91" CONTENT="tab."/><SP WIDTH="28" VPOS="1115" HPOS="1409"/>
							<String ID="string_115" HPOS="1437" VPOS="1116" WIDTH="34" HEIGHT="35" WC="0.89" CONTENT="A"/><SP WIDTH="27" VPOS="1116" HPOS="1471"/>
							<String ID="string_116" HPOS="1498" VPOS="1115" WIDTH="167" HEIGHT="48" WC="0.90" CONTENT="angifvet"/><SP WIDTH="26" VPOS="1115" HPOS="1665"/>
							<String ID="string_117" HPOS="1691" VPOS="1118" WIDTH="146" HEIGHT="48" WC="0.96" CONTENT="belopp."/>
						</TextLine>
					</TextBlock>
				</ComposedBlock>
				<ComposedBlock ID="cblock_6" HPOS="229" VPOS="1202" WIDTH="1606" HEIGHT="903">
					<TextBlock ID="block_6" HPOS="1000" VPOS="1202" WIDTH="77" HEIGHT="48">
						<TextLine ID="line_14" HPOS="1000" VPOS="1202" WIDTH="77" HEIGHT="48">
							<String ID="string_118" HPOS="1000" VPOS="1202" WIDTH="18" HEIGHT="48" WC="0.79" CONTENT="$"/><SP WIDTH="27" VPOS="1202" HPOS="1018"/>
							<String ID="string_119" HPOS="1045" VPOS="1208" WIDTH="32" HEIGHT="33" WC="0.88" CONTENT="3."/>
						</TextLine>
					</TextBlock>
					<TextBlock ID="block_7" HPOS="232" VPOS="1267" WIDTH="1603" HEIGHT="303">
						<TextLine ID="line_15" HPOS="337" VPOS="1267" WIDTH="1498" HEIGHT="55">
							<String ID="string_120" HPOS="337" VPOS="1269" WIDTH="32" HEIGHT="33" WC="0.94" CONTENT="1."/><SP WIDTH="54" VPOS="1269" HPOS="369"/>
							<String ID="string_121" HPOS="423" VPOS="1267" WIDTH="74" HEIGHT="37" WC="0.96" CONTENT="Vid"/><SP WIDTH="34" VPOS="1267" HPOS="497"/>
							<String ID="string_122" HPOS="531" VPOS="1268" WIDTH="215" HEIGHT="48" WC="0.96" CONTENT="expedition"/><SP WIDTH="27" VPOS="1268" HPOS="746"/>
							<String ID="string_123" HPOS="773" VPOS="1271" WIDTH="120" HEIGHT="35" WC="0.96" CONTENT="under"/><SP WIDTH="27" VPOS="1271" HPOS="893"/>
							<String ID="string_124" HPOS="920" VPOS="1272" WIDTH="225" HEIGHT="36" WC="0.96" CONTENT="månaderna"/><SP WIDTH="26" VPOS="1272" HPOS="1145"/>
							<String ID="string_125" HPOS="1171" VPOS="1272" WIDTH="203" HEIGHT="46" WC="0.96" CONTENT="december,"/><SP WIDTH="24" VPOS="1272" HPOS="1374"/>
							<String ID="string_126" HPOS="1398" VPOS="1275" WIDTH="150" HEIGHT="47" WC="0.96" CONTENT="januari"/><SP WIDTH="27" VPOS="1275" HPOS="1548"/>
							<String ID="string_127" HPOS="1575" VPOS="1276" WIDTH="69" HEIGHT="35" WC="0.96" CONTENT="och"/><SP WIDTH="28" VPOS="1276" HPOS="1644"/>
							<String ID="string_128" HPOS="1672" VPOS="1274" WIDTH="163" HEIGHT="38" WC="0.96" CONTENT="februari"/>
						</TextLine>
						<TextLine ID="line_16" HPOS="234" VPOS="1316" WIDTH="1601" HEIGHT="57">
							<String ID="string_129" HPOS="234" VPOS="1319" WIDTH="12" HEIGHT="33" WC="0.96" CONTENT="i"/><SP WIDTH="28" VPOS="1319" HPOS="246"/>
							<String ID="string_130" HPOS="274" VPOS="1316" WIDTH="184" HEIGHT="38" WC="0.95" CONTENT="farvatten"/><SP WIDTH="40" VPOS="1316" HPOS="458"/>
							<String ID="string_131" HPOS="498" VPOS="1331" WIDTH="87" HEIGHT="24" WC="0.95" CONTENT="norr"/><SP WIDTH="40" VPOS="1331" HPOS="585"/>
							<String ID="string_132" HPOS="625" VPOS="1332" WIDTH="60" HEIGHT="23" WC="0.96" CONTENT="om"/><SP WIDTH="28" VPOS="1332" HPOS="685"/>
							<String ID="string_133" HPOS="713" VPOS="1317" WIDTH="63" HEIGHT="39" WC="0.89" CONTENT="50”"/><SP WIDTH="27" VPOS="1317" HPOS="776"/>
							<String ID="string_134" HPOS="803" VPOS="1321" WIDTH="150" HEIGHT="48" WC="0.96" CONTENT="nordlig"/><SP WIDTH="25" VPOS="1321" HPOS="953"/>
							<String ID="string_135" HPOS="978" VPOS="1322" WIDTH="136" HEIGHT="36" WC="0.96" CONTENT="latitud"/><SP WIDTH="27" VPOS="1322" HPOS="1114"/>
							<String ID="string_136" HPOS="1141" VPOS="1326" WIDTH="109" HEIGHT="45" WC="0.93" CONTENT="utgår"/><SP WIDTH="26" VPOS="1326" HPOS="1250"/>
							<String ID="string_137" HPOS="1276" VPOS="1325" WIDTH="188" HEIGHT="48" WC="0.91" CONTENT="sjötillägg"/><SP WIDTH="27" VPOS="1325" HPOS="1464"/>
							<String ID="string_138" HPOS="1491" VPOS="1325" WIDTH="83" HEIGHT="36" WC="0.96" CONTENT="med"/><SP WIDTH="27" VPOS="1325" HPOS="1574"/>
							<String ID="string_139" HPOS="1601" VPOS="1325" WIDTH="138" HEIGHT="36" WC="0.96" CONTENT="dubbla"/><SP WIDTH="30" VPOS="1325" HPOS="1739"/>
							<String ID="string_140" HPOS="1769" VPOS="1327" WIDTH="66" HEIGHT="34" WC="0.96" CONTENT="sitt"/>
						</TextLine>
						<TextLine ID="line_17" HPOS="233" VPOS="1368" WIDTH="1602" HEIGHT="49">
							<String ID="string_141" HPOS="233" VPOS="1368" WIDTH="134" HEIGHT="47" WC="0.96" CONTENT="belopp"/><SP WIDTH="36" VPOS="1368" HPOS="367"/>
							<String ID="string_142" HPOS="403" VPOS="1369" WIDTH="151" HEIGHT="46" WC="0.96" CONTENT="jämlikt"/><SP WIDTH="29" VPOS="1369" HPOS="554"/>
							<String ID="string_143" HPOS="583" VPOS="1370" WIDTH="250" HEIGHT="47" WC="0.96" CONTENT="nyssnämnda"/><SP WIDTH="26" VPOS="1370" HPOS="833"/>
							<String ID="string_144" HPOS="859" VPOS="1372" WIDTH="74" HEIGHT="35" WC="0.93" CONTENT="tab."/><SP WIDTH="28" VPOS="1372" HPOS="933"/>
							<String ID="string_145" HPOS="961" VPOS="1372" WIDTH="43" HEIGHT="35" WC="0.88" CONTENT="A."/><SP WIDTH="54" VPOS="1372" HPOS="1004"/>
							<String ID="string_146" HPOS="1058" VPOS="1372" WIDTH="72" HEIGHT="36" WC="0.96" CONTENT="För"/><SP WIDTH="27" VPOS="1372" HPOS="1130"/>
							<String ID="string_147" HPOS="1157" VPOS="1373" WIDTH="128" HEIGHT="36" WC="0.96" CONTENT="officer"/><SP WIDTH="26" VPOS="1373" HPOS="1285"/>
							<String ID="string_148" HPOS="1311" VPOS="1376" WIDTH="89" HEIGHT="34" WC="0.93" CONTENT="eller"/><SP WIDTH="25" VPOS="1376" HPOS="1400"/>
							<String ID="string_149" HPOS="1425" VPOS="1375" WIDTH="198" HEIGHT="40" WC="0.92" CONTENT="vederlike,"/><SP WIDTH="29" VPOS="1375" HPOS="1623"/>
							<String ID="string_150" HPOS="1652" VPOS="1388" WIDTH="76" HEIGHT="24" WC="0.97" CONTENT="som"/><SP WIDTH="27" VPOS="1388" HPOS="1728"/>
							<String ID="string_151" HPOS="1755" VPOS="1376" WIDTH="80" HEIGHT="36" WC="0.96" CONTENT="icke"/>
						</TextLine>
						<TextLine ID="line_18" HPOS="233" VPOS="1418" WIDTH="1601" HEIGHT="55">
							<String ID="string_152" HPOS="233" VPOS="1418" WIDTH="165" HEIGHT="47" WC="0.93" CONTENT="åtnjuter"/><SP WIDTH="39" VPOS="1418" HPOS="398"/>
							<String ID="string_153" HPOS="437" VPOS="1418" WIDTH="236" HEIGHT="50" WC="0.91" CONTENT="dagaflöning"/><SP WIDTH="38" VPOS="1418" HPOS="673"/>
							<String ID="string_154" HPOS="711" VPOS="1421" WIDTH="89" HEIGHT="35" WC="0.93" CONTENT="eller"/><SP WIDTH="25" VPOS="1421" HPOS="800"/>
							<String ID="string_155" HPOS="825" VPOS="1421" WIDTH="474" HEIGHT="51" WC="0.91" CONTENT="tjänstgöringspenningar"/><SP WIDTH="26" VPOS="1421" HPOS="1299"/>
							<String ID="string_156" HPOS="1325" VPOS="1426" WIDTH="117" HEIGHT="46" WC="0.96" CONTENT="enligt"/><SP WIDTH="27" VPOS="1426" HPOS="1442"/>
							<String ID="string_157" HPOS="1469" VPOS="1430" WIDTH="84" HEIGHT="38" WC="0.96" CONTENT="stat,"/><SP WIDTH="28" VPOS="1430" HPOS="1553"/>
							<String ID="string_158" HPOS="1581" VPOS="1427" WIDTH="87" HEIGHT="34" WC="0.93" CONTENT="ökas"/><SP WIDTH="27" VPOS="1427" HPOS="1668"/>
							<String ID="string_159" HPOS="1695" VPOS="1427" WIDTH="139" HEIGHT="46" WC="0.88" CONTENT="sjöaflö-"/>
						</TextLine>
						<TextLine ID="line_19" HPOS="233" VPOS="1469" WIDTH="1602" HEIGHT="52">
							<String ID="string_160" HPOS="233" VPOS="1469" WIDTH="138" HEIGHT="47" WC="0.96" CONTENT="ningen"/><SP WIDTH="41" VPOS="1469" HPOS="371"/>
							<String ID="string_161" HPOS="412" VPOS="1469" WIDTH="93" HEIGHT="36" WC="0.95" CONTENT="dock"/><SP WIDTH="39" VPOS="1469" HPOS="505"/>
							<String ID="string_162" HPOS="544" VPOS="1469" WIDTH="130" HEIGHT="36" WC="0.96" CONTENT="endast"/><SP WIDTH="38" VPOS="1469" HPOS="674"/>
							<String ID="string_163" HPOS="712" VPOS="1471" WIDTH="84" HEIGHT="35" WC="0.96" CONTENT="med"/><SP WIDTH="36" VPOS="1471" HPOS="796"/>
							<String ID="string_164" HPOS="832" VPOS="1484" WIDTH="139" HEIGHT="23" WC="0.96" CONTENT="samma"/><SP WIDTH="25" VPOS="1484" HPOS="971"/>
							<String ID="string_165" HPOS="996" VPOS="1473" WIDTH="147" HEIGHT="48" WC="0.96" CONTENT="belopp,"/><SP WIDTH="29" VPOS="1473" HPOS="1143"/>
							<String ID="string_166" HPOS="1172" VPOS="1486" WIDTH="77" HEIGHT="23" WC="0.97" CONTENT="som"/><SP WIDTH="28" VPOS="1486" HPOS="1249"/>
							<String ID="string_167" HPOS="1277" VPOS="1474" WIDTH="58" HEIGHT="36" WC="0.96" CONTENT="för"/><SP WIDTH="26" VPOS="1474" HPOS="1335"/>
							<String ID="string_168" HPOS="1361" VPOS="1474" WIDTH="128" HEIGHT="37" WC="0.96" CONTENT="officer"/><SP WIDTH="27" VPOS="1474" HPOS="1489"/>
							<String ID="string_169" HPOS="1516" VPOS="1475" WIDTH="40" HEIGHT="36" WC="0.96" CONTENT="af"/><SP WIDTH="24" VPOS="1475" HPOS="1556"/>
							<String ID="string_170" HPOS="1580" VPOS="1476" WIDTH="255" HEIGHT="36" WC="0.96" CONTENT="motsvarande"/>
						</TextLine>
						<TextLine ID="line_20" HPOS="232" VPOS="1517" WIDTH="745" HEIGHT="53">
							<String ID="string_171" HPOS="232" VPOS="1517" WIDTH="101" HEIGHT="48" WC="0.95" CONTENT="grad,"/><SP WIDTH="29" VPOS="1517" HPOS="333"/>
							<String ID="string_172" HPOS="362" VPOS="1519" WIDTH="148" HEIGHT="36" WC="0.96" CONTENT="hvilken"/><SP WIDTH="29" VPOS="1519" HPOS="510"/>
							<String ID="string_173" HPOS="539" VPOS="1520" WIDTH="163" HEIGHT="46" WC="0.93" CONTENT="åtnjuter"/><SP WIDTH="27" VPOS="1520" HPOS="702"/>
							<String ID="string_174" HPOS="729" VPOS="1520" WIDTH="248" HEIGHT="50" WC="0.92" CONTENT="dagaflöning."/>
						</TextLine>
					</TextBlock>
					<TextBlock ID="block_8" HPOS="232" VPOS="1568" WIDTH="1601" HEIGHT="151">
						<TextLine ID="line_21" HPOS="331" VPOS="1568" WIDTH="1502" HEIGHT="53">
							<String ID="string_175" HPOS="331" VPOS="1568" WIDTH="61" HEIGHT="36" WC="0.96" CONTENT="Nu"/><SP WIDTH="27" VPOS="1568" HPOS="392"/>
							<String ID="string_176" HPOS="419" VPOS="1569" WIDTH="138" HEIGHT="36" WC="0.93" CONTENT="nämnd"/><SP WIDTH="31" VPOS="1569" HPOS="557"/>
							<String ID="string_177" HPOS="588" VPOS="1569" WIDTH="216" HEIGHT="50" WC="0.93" CONTENT="förhöjning"/><SP WIDTH="26" VPOS="1569" HPOS="804"/>
							<String ID="string_178" HPOS="830" VPOS="1572" WIDTH="179" HEIGHT="36" WC="0.88" CONTENT="beräknas"/><SP WIDTH="32" VPOS="1572" HPOS="1009"/>
							<String ID="string_179" HPOS="1041" VPOS="1577" WIDTH="47" HEIGHT="44" WC="0.96" CONTENT="på"/><SP WIDTH="27" VPOS="1577" HPOS="1088"/>
							<String ID="string_180" HPOS="1115" VPOS="1586" WIDTH="81" HEIGHT="24" WC="0.96" CONTENT="resa"/><SP WIDTH="25" VPOS="1586" HPOS="1196"/>
							<String ID="string_181" HPOS="1221" VPOS="1574" WIDTH="84" HEIGHT="36" WC="0.95" CONTENT="med"/><SP WIDTH="27" VPOS="1574" HPOS="1305"/>
							<String ID="string_182" HPOS="1332" VPOS="1574" WIDTH="225" HEIGHT="36" WC="0.95" CONTENT="destination"/><SP WIDTH="27" VPOS="1574" HPOS="1557"/>
							<String ID="string_183" HPOS="1584" VPOS="1575" WIDTH="160" HEIGHT="45" WC="0.96" CONTENT="söderut,"/><SP WIDTH="31" VPOS="1575" HPOS="1744"/>
							<String ID="string_184" HPOS="1775" VPOS="1577" WIDTH="58" HEIGHT="35" WC="0.96" CONTENT="till"/>
						</TextLine>
						<TextLine ID="line_22" HPOS="232" VPOS="1619" WIDTH="1600" HEIGHT="55">
							<String ID="string_185" HPOS="232" VPOS="1619" WIDTH="67" HEIGHT="34" WC="0.95" CONTENT="och"/><SP WIDTH="44" VPOS="1619" HPOS="299"/>
							<String ID="string_186" HPOS="343" VPOS="1619" WIDTH="96" HEIGHT="43" WC="0.96" CONTENT="med,"/><SP WIDTH="41" VPOS="1619" HPOS="439"/>
							<String ID="string_187" HPOS="480" VPOS="1625" WIDTH="94" HEIGHT="30" WC="0.96" CONTENT="samt"/><SP WIDTH="39" VPOS="1625" HPOS="574"/>
							<String ID="string_188" HPOS="613" VPOS="1623" WIDTH="46" HEIGHT="45" WC="0.95" CONTENT="på"/><SP WIDTH="39" VPOS="1623" HPOS="659"/>
							<String ID="string_189" HPOS="698" VPOS="1634" WIDTH="78" HEIGHT="22" WC="0.96" CONTENT="resa"/><SP WIDTH="40" VPOS="1634" HPOS="776"/>
							<String ID="string_190" HPOS="816" VPOS="1622" WIDTH="85" HEIGHT="35" WC="0.94" CONTENT="med"/><SP WIDTH="28" VPOS="1622" HPOS="901"/>
							<String ID="string_191" HPOS="929" VPOS="1622" WIDTH="222" HEIGHT="37" WC="0.94" CONTENT="destination"/><SP WIDTH="27" VPOS="1622" HPOS="1151"/>
							<String ID="string_192" HPOS="1178" VPOS="1631" WIDTH="131" HEIGHT="29" WC="0.96" CONTENT="norrut"/><SP WIDTH="25" VPOS="1631" HPOS="1309"/>
							<String ID="string_193" HPOS="1334" VPOS="1624" WIDTH="83" HEIGHT="36" WC="0.96" CONTENT="från"/><SP WIDTH="28" VPOS="1624" HPOS="1417"/>
							<String ID="string_194" HPOS="1445" VPOS="1625" WIDTH="68" HEIGHT="36" WC="0.96" CONTENT="och"/><SP WIDTH="28" VPOS="1625" HPOS="1513"/>
							<String ID="string_195" HPOS="1541" VPOS="1626" WIDTH="86" HEIGHT="35" WC="0.96" CONTENT="med"/><SP WIDTH="26" VPOS="1626" HPOS="1627"/>
							<String ID="string_196" HPOS="1653" VPOS="1626" WIDTH="71" HEIGHT="35" WC="0.95" CONTENT="den"/><SP WIDTH="26" VPOS="1626" HPOS="1724"/>
							<String ID="string_197" HPOS="1750" VPOS="1627" WIDTH="82" HEIGHT="47" WC="0.95" CONTENT="dag,"/>
						</TextLine>
						<TextLine ID="line_23" HPOS="233" VPOS="1668" WIDTH="765" HEIGHT="51">
							<String ID="string_198" HPOS="233" VPOS="1668" WIDTH="212" HEIGHT="35" WC="0.92" CONTENT="hvarunder"/><SP WIDTH="25" VPOS="1668" HPOS="445"/>
							<String ID="string_199" HPOS="470" VPOS="1670" WIDTH="162" HEIGHT="35" WC="0.96" CONTENT="nämnda"/><SP WIDTH="25" VPOS="1670" HPOS="632"/>
							<String ID="string_200" HPOS="657" VPOS="1671" WIDTH="138" HEIGHT="35" WC="0.96" CONTENT="latitud"/><SP WIDTH="26" VPOS="1671" HPOS="795"/>
							<String ID="string_201" HPOS="821" VPOS="1685" WIDTH="177" HEIGHT="34" WC="0.96" CONTENT="passeras."/>
						</TextLine>
					</TextBlock>
					<TextBlock ID="block_9" HPOS="332" VPOS="1718" WIDTH="1499" HEIGHT="56">
						<TextLine ID="line_24" HPOS="332" VPOS="1718" WIDTH="1499" HEIGHT="56">
							<String ID="string_202" HPOS="332" VPOS="1720" WIDTH="33" HEIGHT="33" WC="0.93" CONTENT="2."/><SP WIDTH="54" VPOS="1720" HPOS="365"/>
							<String ID="string_203" HPOS="419" VPOS="1718" WIDTH="96" HEIGHT="36" WC="0.95" CONTENT="Från"/><SP WIDTH="39" VPOS="1718" HPOS="515"/>
							<String ID="string_204" HPOS="554" VPOS="1721" WIDTH="12" HEIGHT="33" WC="0.95" CONTENT="i"/><SP WIDTH="36" VPOS="1721" HPOS="566"/>
							<String ID="string_205" HPOS="602" VPOS="1733" WIDTH="110" HEIGHT="22" WC="0.92" CONTENT="mom."/><SP WIDTH="40" VPOS="1733" HPOS="712"/>
							<String ID="string_206" HPOS="752" VPOS="1722" WIDTH="17" HEIGHT="34" WC="0.95" CONTENT="1"/><SP WIDTH="43" VPOS="1722" HPOS="769"/>
							<String ID="string_207" HPOS="812" VPOS="1721" WIDTH="139" HEIGHT="36" WC="0.95" CONTENT="nämnd"/><SP WIDTH="45" VPOS="1721" HPOS="951"/>
							<String ID="string_208" HPOS="996" VPOS="1721" WIDTH="215" HEIGHT="50" WC="0.95" CONTENT="förhöjning"/><SP WIDTH="39" VPOS="1721" HPOS="1211"/>
							<String ID="string_209" HPOS="1250" VPOS="1723" WIDTH="40" HEIGHT="35" WC="0.88" CONTENT="af"/><SP WIDTH="37" VPOS="1723" HPOS="1290"/>
							<String ID="string_210" HPOS="1327" VPOS="1724" WIDTH="225" HEIGHT="48" WC="0.88" CONTENT="sjötillägget"/><SP WIDTH="39" VPOS="1724" HPOS="1552"/>
							<String ID="string_211" HPOS="1591" VPOS="1725" WIDTH="240" HEIGHT="49" WC="0.91" CONTENT="undantagas,"/>
						</TextLine>
					</TextBlock>
					<TextBlock ID="block_10" HPOS="233" VPOS="1768" WIDTH="1600" HEIGHT="99">
						<TextLine ID="line_25" HPOS="331" VPOS="1768" WIDTH="1502" HEIGHT="55">
							<String ID="string_212" HPOS="331" VPOS="1768" WIDTH="77" HEIGHT="35" WC="0.96" CONTENT="dels"/><SP WIDTH="27" VPOS="1768" HPOS="408"/>
							<String ID="string_213" HPOS="435" VPOS="1768" WIDTH="134" HEIGHT="49" WC="0.93" CONTENT="fartyg,"/><SP WIDTH="28" VPOS="1768" HPOS="569"/>
							<String ID="string_214" HPOS="597" VPOS="1770" WIDTH="150" HEIGHT="35" WC="0.92" CONTENT="hvarom"/><SP WIDTH="27" VPOS="1770" HPOS="747"/>
							<String ID="string_215" HPOS="774" VPOS="1778" WIDTH="82" HEIGHT="41" WC="0.95" CONTENT="sägs"/><SP WIDTH="27" VPOS="1778" HPOS="856"/>
							<String ID="string_216" HPOS="883" VPOS="1773" WIDTH="13" HEIGHT="34" WC="0.93" CONTENT="i"/><SP WIDTH="27" VPOS="1773" HPOS="896"/>
							<String ID="string_217" HPOS="923" VPOS="1769" WIDTH="18" HEIGHT="48" WC="0.92" CONTENT="$"/><SP WIDTH="28" VPOS="1769" HPOS="941"/>
							<String ID="string_218" HPOS="969" VPOS="1774" WIDTH="33" HEIGHT="43" WC="0.96" CONTENT="2,"/><SP WIDTH="21" VPOS="1774" HPOS="1002"/>
							<String ID="string_219" HPOS="1023" VPOS="1773" WIDTH="119" HEIGHT="35" WC="0.96" CONTENT="under"/><SP WIDTH="27" VPOS="1773" HPOS="1142"/>
							<String ID="string_220" HPOS="1169" VPOS="1773" WIDTH="70" HEIGHT="35" WC="0.96" CONTENT="den"/><SP WIDTH="27" VPOS="1773" HPOS="1239"/>
							<String ID="string_221" HPOS="1266" VPOS="1774" WIDTH="55" HEIGHT="35" WC="0.93" CONTENT="tid"/><SP WIDTH="27" VPOS="1774" HPOS="1321"/>
							<String ID="string_222" HPOS="1348" VPOS="1775" WIDTH="220" HEIGHT="48" WC="0.92" CONTENT="sjöaflöning"/><SP WIDTH="23" VPOS="1775" HPOS="1568"/>
							<String ID="string_223" HPOS="1591" VPOS="1778" WIDTH="21" HEIGHT="33" WC="0.90" CONTENT="å"/><SP WIDTH="18" VPOS="1778" HPOS="1612"/>
							<String ID="string_224" HPOS="1630" VPOS="1775" WIDTH="203" HEIGHT="37" WC="0.94" CONTENT="detsamma"/>
						</TextLine>
						<TextLine ID="line_26" HPOS="233" VPOS="1820" WIDTH="425" HEIGHT="47">
							<String ID="string_225" HPOS="233" VPOS="1821" WIDTH="108" HEIGHT="44" WC="0.96" CONTENT="utgår"/><SP WIDTH="27" VPOS="1821" HPOS="341"/>
							<String ID="string_226" HPOS="368" VPOS="1820" WIDTH="117" HEIGHT="47" WC="0.96" CONTENT="enligt"/><SP WIDTH="27" VPOS="1820" HPOS="485"/>
							<String ID="string_227" HPOS="512" VPOS="1820" WIDTH="71" HEIGHT="35" WC="0.93" CONTENT="tab."/><SP WIDTH="29" VPOS="1820" HPOS="583"/>
							<String ID="string_228" HPOS="612" VPOS="1820" WIDTH="46" HEIGHT="42" WC="0.92" CONTENT="B;"/>
						</TextLine>
					</TextBlock>
					<TextBlock ID="block_11" HPOS="229" VPOS="1868" WIDTH="1606" HEIGHT="237">
						<TextLine ID="line_27" HPOS="356" VPOS="1868" WIDTH="1477" HEIGHT="57">
							<String ID="string_229" HPOS="356" VPOS="1868" WIDTH="78" HEIGHT="36" WC="0.95" CONTENT="dels"/><SP WIDTH="40" VPOS="1868" HPOS="434"/>
							<String ID="string_230" HPOS="474" VPOS="1870" WIDTH="129" HEIGHT="35" WC="0.96" CONTENT="sådant"/><SP WIDTH="41" VPOS="1870" HPOS="603"/>
							<String ID="string_231" HPOS="644" VPOS="1869" WIDTH="123" HEIGHT="51" WC="0.96" CONTENT="fartyg"/><SP WIDTH="39" VPOS="1869" HPOS="767"/>
							<String ID="string_232" HPOS="806" VPOS="1871" WIDTH="58" HEIGHT="36" WC="0.93" CONTENT="för"/><SP WIDTH="41" VPOS="1871" HPOS="864"/>
							<String ID="string_233" HPOS="905" VPOS="1874" WIDTH="229" HEIGHT="48" WC="0.89" CONTENT="rekrytskola"/><SP WIDTH="31" VPOS="1874" HPOS="1134"/>
							<String ID="string_234" HPOS="1165" VPOS="1874" WIDTH="89" HEIGHT="36" WC="0.91" CONTENT="eller"/><SP WIDTH="26" VPOS="1874" HPOS="1254"/>
							<String ID="string_235" HPOS="1280" VPOS="1875" WIDTH="214" HEIGHT="48" WC="0.91" CONTENT="yrkesskola"/><SP WIDTH="27" VPOS="1875" HPOS="1494"/>
							<String ID="string_236" HPOS="1521" VPOS="1872" WIDTH="148" HEIGHT="51" WC="0.92" CONTENT="(skjut-,"/><SP WIDTH="28" VPOS="1872" HPOS="1669"/>
							<String ID="string_237" HPOS="1697" VPOS="1877" WIDTH="136" HEIGHT="48" WC="0.90" CONTENT="signal-"/>
						</TextLine>
						<TextLine ID="line_28" HPOS="230" VPOS="1919" WIDTH="1605" HEIGHT="56">
							<String ID="string_238" HPOS="230" VPOS="1919" WIDTH="163" HEIGHT="47" WC="0.92" CONTENT="torped-,"/><SP WIDTH="15" VPOS="1919" HPOS="393"/>
							<String ID="string_239" HPOS="408" VPOS="1920" WIDTH="223" HEIGHT="48" WC="0.90" CONTENT="minerings-"/><SP WIDTH="28" VPOS="1920" HPOS="631"/>
							<String ID="string_240" HPOS="659" VPOS="1922" WIDTH="90" HEIGHT="34" WC="0.93" CONTENT="eller"/><SP WIDTH="26" VPOS="1922" HPOS="749"/>
							<String ID="string_241" HPOS="775" VPOS="1923" WIDTH="275" HEIGHT="44" WC="0.91" CONTENT="maskinskola),"/><SP WIDTH="28" VPOS="1923" HPOS="1050"/>
							<String ID="string_242" HPOS="1078" VPOS="1925" WIDTH="112" HEIGHT="35" WC="0.91" CONTENT="hvarå"/><SP WIDTH="27" VPOS="1925" HPOS="1190"/>
							<String ID="string_243" HPOS="1217" VPOS="1925" WIDTH="89" HEIGHT="42" WC="0.96" CONTENT="icke,"/><SP WIDTH="25" VPOS="1925" HPOS="1306"/>
							<String ID="string_244" HPOS="1331" VPOS="1926" WIDTH="148" HEIGHT="47" WC="0.93" CONTENT="jämlikt"/><SP WIDTH="27" VPOS="1926" HPOS="1479"/>
							<String ID="string_245" HPOS="1506" VPOS="1922" WIDTH="19" HEIGHT="49" WC="0.93" CONTENT="$"/><SP WIDTH="27" VPOS="1922" HPOS="1525"/>
							<String ID="string_246" HPOS="1552" VPOS="1928" WIDTH="34" HEIGHT="42" WC="0.93" CONTENT="2,"/><SP WIDTH="29" VPOS="1928" HPOS="1586"/>
							<String ID="string_247" HPOS="1615" VPOS="1928" WIDTH="220" HEIGHT="47" WC="0.92" CONTENT="sjöaflöning"/>
						</TextLine>
						<TextLine ID="line_29" HPOS="230" VPOS="1970" WIDTH="1603" HEIGHT="53">
							<String ID="string_248" HPOS="230" VPOS="1972" WIDTH="107" HEIGHT="44" WC="0.95" CONTENT="utgår"/><SP WIDTH="28" VPOS="1972" HPOS="337"/>
							<String ID="string_249" HPOS="365" VPOS="1970" WIDTH="117" HEIGHT="47" WC="0.96" CONTENT="enligt"/><SP WIDTH="26" VPOS="1970" HPOS="482"/>
							<String ID="string_250" HPOS="508" VPOS="1970" WIDTH="72" HEIGHT="36" WC="0.92" CONTENT="tab."/><SP WIDTH="28" VPOS="1970" HPOS="580"/>
							<String ID="string_251" HPOS="608" VPOS="1970" WIDTH="45" HEIGHT="44" WC="0.91" CONTENT="B;"/><SP WIDTH="29" VPOS="1970" HPOS="653"/>
							<String ID="string_252" HPOS="682" VPOS="1972" WIDTH="174" HEIGHT="36" WC="0.90" CONTENT="skolande"/><SP WIDTH="28" VPOS="1972" HPOS="856"/>
							<String ID="string_253" HPOS="884" VPOS="1976" WIDTH="21" HEIGHT="32" WC="0.92" CONTENT="å"/><SP WIDTH="25" VPOS="1976" HPOS="905"/>
							<String ID="string_254" HPOS="930" VPOS="1973" WIDTH="120" HEIGHT="49" WC="0.96" CONTENT="dylikt"/><SP WIDTH="28" VPOS="1973" HPOS="1050"/>
							<String ID="string_255" HPOS="1078" VPOS="1973" WIDTH="126" HEIGHT="50" WC="0.93" CONTENT="fartyg"/><SP WIDTH="20" VPOS="1973" HPOS="1204"/>
							<String ID="string_256" HPOS="1224" VPOS="1978" WIDTH="17" HEIGHT="32" WC="0.93" CONTENT="å"/><SP WIDTH="17" VPOS="1978" HPOS="1241"/>
							<String ID="string_257" HPOS="1258" VPOS="1976" WIDTH="56" HEIGHT="34" WC="0.96" CONTENT="tid"/><SP WIDTH="14" VPOS="1976" HPOS="1314"/>
							<String ID="string_258" HPOS="1328" VPOS="1976" WIDTH="96" HEIGHT="35" WC="0.96" CONTENT="och"/><SP WIDTH="-17" VPOS="1976" HPOS="1424"/>
							<String ID="string_259" HPOS="1407" VPOS="1966" WIDTH="20" HEIGHT="61" WC="0.96" CONTENT="i"/><SP WIDTH="16" VPOS="1966" HPOS="1427"/>
							<String ID="string_260" HPOS="1443" VPOS="1974" WIDTH="195" HEIGHT="46" WC="0.96" CONTENT="farvatten,"/><SP WIDTH="20" VPOS="1974" HPOS="1638"/>
							<String ID="string_261" HPOS="1658" VPOS="1989" WIDTH="77" HEIGHT="23" WC="0.93" CONTENT="som"/><SP WIDTH="20" VPOS="1989" HPOS="1735"/>
							<String ID="string_262" HPOS="1755" VPOS="1990" WIDTH="78" HEIGHT="22" WC="0.92" CONTENT="om-"/>
						</TextLine>
						<TextLine ID="line_30" HPOS="230" VPOS="2018" WIDTH="1603" HEIGHT="56">
							<String ID="string_263" HPOS="230" VPOS="2018" WIDTH="172" HEIGHT="36" WC="0.91" CONTENT="förmälas"/><SP WIDTH="41" VPOS="2018" HPOS="402"/>
							<String ID="string_264" HPOS="443" VPOS="2021" WIDTH="12" HEIGHT="33" WC="0.96" CONTENT="i"/><SP WIDTH="39" VPOS="2021" HPOS="455"/>
							<String ID="string_265" HPOS="494" VPOS="2033" WIDTH="110" HEIGHT="22" WC="0.96" CONTENT="mom."/><SP WIDTH="45" VPOS="2033" HPOS="604"/>
							<String ID="string_266" HPOS="649" VPOS="2023" WIDTH="32" HEIGHT="41" WC="0.92" CONTENT="1,"/><SP WIDTH="42" VPOS="2023" HPOS="681"/>
							<String ID="string_267" HPOS="723" VPOS="2022" WIDTH="220" HEIGHT="49" WC="0.92" CONTENT="sjöaflöning"/><SP WIDTH="39" VPOS="2022" HPOS="943"/>
							<String ID="string_268" HPOS="982" VPOS="2027" WIDTH="90" HEIGHT="45" WC="0.94" CONTENT="utgå"/><SP WIDTH="27" VPOS="2027" HPOS="1072"/>
							<String ID="string_269" HPOS="1099" VPOS="2025" WIDTH="57" HEIGHT="35" WC="0.96" CONTENT="till"/><SP WIDTH="27" VPOS="2025" HPOS="1156"/>
							<String ID="string_270" HPOS="1183" VPOS="2024" WIDTH="145" HEIGHT="48" WC="0.96" CONTENT="belopp,"/><SP WIDTH="29" VPOS="2024" HPOS="1328"/>
							<String ID="string_271" HPOS="1357" VPOS="2038" WIDTH="78" HEIGHT="22" WC="0.93" CONTENT="som"/><SP WIDTH="29" VPOS="2038" HPOS="1435"/>
							<String ID="string_272" HPOS="1464" VPOS="2025" WIDTH="166" HEIGHT="49" WC="0.92" CONTENT="angifvas"/><SP WIDTH="26" VPOS="2025" HPOS="1630"/>
							<String ID="string_273" HPOS="1656" VPOS="2028" WIDTH="13" HEIGHT="33" WC="0.93" CONTENT="i"/><SP WIDTH="27" VPOS="2028" HPOS="1669"/>
							<String ID="string_274" HPOS="1696" VPOS="2027" WIDTH="137" HEIGHT="35" WC="0.91" CONTENT="nedan-"/>
						</TextLine>
						<TextLine ID="line_31" HPOS="229" VPOS="2069" WIDTH="319" HEIGHT="36">
							<String ID="string_275" HPOS="229" VPOS="2069" WIDTH="151" HEIGHT="35" WC="0.96" CONTENT="stående"/><SP WIDTH="27" VPOS="2069" HPOS="380"/>
							<String ID="string_276" HPOS="407" VPOS="2070" WIDTH="73" HEIGHT="35" WC="0.93" CONTENT="tab."/><SP WIDTH="30" VPOS="2070" HPOS="480"/>
							<String ID="string_277" HPOS="510" VPOS="2069" WIDTH="38" HEIGHT="36" WC="0.90" CONTENT="C."/>
						</TextLine>
					</TextBlock>
				</ComposedBlock>
			</PrintSpace>
		</Page>
	</Layout>
</alto>
