2121 2664
686 252 126 33 Bunko-
820 253 157 33 Utskottets
1004 254 162 33 Utlåtande
1187 256 63 31 N:o
1276 259 48 29 11.
1750 261 18 30 3

210 347 52 21 ras
286 336 192 33 vistelseort
505 341 36 28 är
570 337 96 39 känd,
692 338 85 31 efter
801 337 97 33 deras
922 338 195 41 tillgångars
1144 340 196 32 afträdande
1366 341 48 32 till
1438 342 146 32 konkurs
1608 343 135 33 befinna
1762 346 50 40 sig

208 388 10 30 1
243 389 37 30 så
303 387 165 33 utblottad
493 389 212 42 belägenhet,
731 392 48 29 att
803 391 109 38 någon
935 391 103 39 utsigt
1061 391 49 31 till
1125 391 279 33 utbekommande
1419 394 33 31 af
1465 396 106 30 större
1588 395 80 32 eller
1685 396 126 32 mindre

210 439 52 31 del
278 438 42 40 af
342 439 231 33 Riksbankens
597 440 185 39 fordringar
808 441 58 31 hos
896 441 71 31 dem
997 441 72 31 icke
1083 442 189 39 förefinnes,
1289 448 82 26 samt
1391 448 47 27 att
1452 446 18 30 å
1487 449 46 27 ett
1554 445 28 31 af
1593 445 219 34 förenämnda

207 490 56 31 lån
299 490 288 40 borgensskriften
622 491 165 32 befunnits
817 491 95 40 falsk,
954 492 59 32 har
1037 492 168 33 Utskottet
1231 498 109 28 ansett
1363 495 50 40 sig
1435 495 81 32 böra
1539 496 60 32 hos
1623 497 186 41 Riksdagen

208 540 174 42 tillstyrka,

705 597 49 28 att
788 593 316 34 ofvanomförmälda
1138 595 185 40 fordringar
1358 599 19 30 å
1409 598 140 41 tillhopa
1573 601 91 37 6,883
1688 599 124 33 kronor

606 648 35 28 41
675 648 54 28 öre
759 646 101 31 måtte
884 645 33 32 få
943 657 39 20 ur
1004 646 230 33 Riksbankens
1258 648 226 42 räkenskaper
1512 650 183 33 afskrifvas.

340 744 194 34 Stockholm
558 746 64 33 den
647 749 36 30 21
710 747 86 33 Mars
822 749 89 31 1881.

797 900 45 31 På
866 900 187 33 Utskottets
1077 905 138 37 vägnar:

842 980 41 41 J.
908 981 41 40 J.
976 981 188 41 Ekman.

934 1504 76 39 N:o
1042 1503 56 40 II.

822 1664 69 24 Ank.
909 1663 46 25 till
973 1664 95 25 Riksd.
1087 1665 97 24 Kansli
1204 1665 53 24 den
1277 1667 25 22 21
1327 1666 71 24 Mars
1418 1666 74 30 1881,
1510 1667 35 23 kl.
1566 1669 14 21 2
1599 1675 22 17 e.
1640 1675 34 17 m.

410 1798 189 45 Utlåtande,
626 1800 12 33 i
665 1800 182 45 anledning
870 1801 44 44 af
932 1803 94 34 väckt
1052 1803 123 34 motion
1197 1814 51 24 om
1274 1804 196 35 inrättande
1493 1804 44 45 af
1554 1816 39 24 en
1615 1816 24 24 s.
1662 1806 27 34 k.
1710 1807 99 42 jord-

606 1859 191 36 bruksbank
835 1861 13 34 i
882 1862 244 45 sammanhang
1149 1864 75 34 med
1246 1863 216 36 Riksbanken
1487 1864 56 44 för
1570 1864 240 38 tillhandahål-

605 1918 100 36 lande
728 1919 44 44 af
786 1919 57 35 lån
866 1920 51 35 till
938 1922 213 45 nyodlingar.

337 2068 116 32 Under
475 2069 183 33 anförande
681 2070 159 33 hurusom
868 2072 143 33 orsaken
1036 2073 120 38 dertill,
1183 2077 47 29 att
1255 2074 39 32 de
1318 2076 10 30 i
1353 2075 66 32 alla
1441 2075 127 33 trakter
1592 2075 35 33 af
1648 2078 70 31 vårt
1731 2076 77 33 land

204 2117 205 42 förefintliga
445 2120 329 41 odlingslägenheter
807 2122 73 33 icke
916 2123 107 33 blefve
1054 2124 76 32 med
1154 2128 106 29 större
1284 2126 87 32 kraft
1394 2126 62 32 och
1479 2127 10 31 i
1514 2130 106 29 större
1644 2128 165 32 utsträck-

205 2169 79 40 ning
317 2170 216 40 bearbetade,
556 2183 91 28 vore,
677 2173 222 41 synnerligast
922 2174 84 33 hvad
1032 2175 65 32 den
1120 2176 127 32 mindre
1267 2177 246 41 jordbrukaren
1537 2178 197 40 beträffade,
1760 2182 49 29 att

207 2220 82 32 söka
311 2221 10 32 i
344 2221 125 32 bristen
493 2224 43 39 på
561 2223 109 32 dertill
693 2224 212 41 erforderligt
927 2226 293 41 förskottskapital,
1245 2228 61 32 har
1329 2230 45 29 uti
1399 2240 39 20 en
1467 2230 88 30 inom
1577 2230 112 32 Andra
1712 2230 96 32 Kam-

206 2282 113 21 maren
343 2273 97 31 väckt
469 2274 62 30 och
555 2274 49 32 till
626 2275 303 33 Banko-Utskottet
953 2277 158 32 hänvisad
1135 2279 136 38 motion,
1294 2279 61 32 N:o
1384 2282 50 36 49,
1458 2280 86 32 Herr
1566 2280 39 32 P.
1635 2279 40 33 G.
1703 2280 105 33 Sand-

208 2321 73 41 berg
312 2322 11 31 1
362 2327 82 38 sytte
483 2329 57 34 att,
566 2325 50 32 till
652 2327 90 30 såväl
768 2326 118 32 allmän
912 2338 68 22 som
1010 2328 129 33 enskild
1164 2329 132 40 båtnad,
1320 2330 156 33 befordra
1499 2332 309 41 nyodlingsarbetet
