1916 2840
525 169 288 36 Statsutskottets
837 167 182 35 utlåtande
1043 179 42 22 nr
1103 169 53 31 65.
1547 167 39 30 11

144 255 68 43 Jag
231 265 96 23 anser
348 253 72 42 mig
439 252 11 34 i
468 251 116 42 övrigt
602 251 84 33 böra
705 248 181 35 framhålla
904 246 287 44 angelägenheten
1211 245 77 34 från
1308 240 282 52 praktisk-admi-

100 299 161 34 nistrativ
284 297 179 43 synpunkt
484 309 43 20 av
549 300 54 29 att
624 294 258 43 ifrågavarande
902 293 52 33 för
973 291 296 42 församlingarnas
1290 290 160 34 ekonomi
1473 289 10 33 i
1504 288 87 43 regel

101 344 246 43 betydelselösa
371 342 227 41 ersättningar
621 339 166 42 indragas.
811 339 67 42 Jag
903 337 125 34 erinrar
1053 349 59 21 om
1136 336 64 33 den
1225 334 199 35 invecklade
1449 329 142 51 admini-

101 389 144 34 strativa
263 387 180 43 procedur,
463 398 74 21 som
556 388 37 30 är
613 385 138 34 förenad
770 383 79 34 med
870 382 288 42 ersättningarnas
1177 378 212 36 uträknande
1409 379 62 33 och
1494 378 98 33 utbe-

103 434 141 42 talning.
267 433 66 42 Jag
355 432 61 34 vill
440 430 117 35 vidare
581 428 235 43 understryka,
840 427 67 34 vad
931 425 192 35 dåvarande
1147 424 119 35 chefen
1289 425 52 32 för
1364 422 228 35 ecklesiastik-

104 479 273 42 departementet
405 476 60 34 vid
495 474 280 43 föredragningen
805 473 64 33 den
899 475 42 31 17
970 471 146 34 oktober
1147 473 85 31 1941
1265 482 46 21 av
1339 480 131 21 samma
1497 467 98 42 fråga

105 524 114 33 anfört
240 535 57 21 om
317 527 53 29 att
388 526 52 29 ett
460 520 158 43 generellt
638 519 113 34 beslut
770 530 56 22 om
847 516 199 42 indragning
1065 528 45 21 av
1129 514 276 42 ersättningarna
1423 513 74 33 icke
1515 523 79 31 syn-

104 573 51 29 tes
180 569 84 33 böra
286 570 123 39 utgöra
431 565 118 34 hinder
572 564 52 34 för
646 564 130 41 Kungl.
799 562 111 42 Maj:t
933 566 53 29 att
1009 561 87 33 efter
1118 559 168 43 prövning
1308 559 11 33 1
1344 558 93 42 varje
1461 556 135 34 särskilt

104 613 71 40 fall,
193 625 60 21 om
274 611 164 35 särskilda
458 610 72 34 skäl
551 609 115 34 därtill
687 606 204 40 föranledde,
912 606 160 42 antingen
1092 604 170 42 medgiva,
1282 608 54 29 att
1355 601 241 43 församlingen

104 658 92 42 finge
220 656 172 35 bibehålla
416 654 244 42 ersättningen,
684 653 77 33 eller
784 651 203 35 tillerkänna
1012 649 242 42 församlingen
1278 647 127 42 skäligt
1428 646 169 42 vederlag.

150 703 50 33 På
225 705 70 30 sätt
318 701 151 42 framgår
496 712 45 21 av
566 699 69 33 vad
658 699 37 32 år
722 701 83 30 1941
832 709 45 21 av
901 695 252 42 föredragande
1178 690 386 45 departementschefen
1587 690 10 33 i

106 751 120 30 ämnet
249 745 160 35 anfördes
432 744 118 34 kunde
574 742 236 42 ersättningen
833 741 52 33 till
909 738 224 35 Marstrands
1156 738 114 42 kyrka
1295 748 99 23 anses
1417 736 44 42 på
1485 734 113 43 grund

106 804 45 21 av
168 792 53 33 sin
238 790 128 34 storlek
382 790 119 41 intaga
516 800 42 22 en
575 787 220 41 särställning
812 785 64 33 och
892 784 107 34 borde
1015 784 11 33 i
1042 783 189 41 anledning
1249 783 108 33 därav
1373 779 226 34 Marstrands

105 835 204 42 församling
326 835 10 33 i
356 833 172 35 samband
547 832 80 33 med
646 828 451 44 indelningsersättningens
1119 826 167 43 slopande
1304 825 224 34 tillerkännas
1547 828 52 29 ett

108 880 273 42 engångsanslag
396 890 45 22 av
460 881 40 30 15
515 881 65 29 000
597 877 140 32 kronor.
754 875 200 33 Sedermera
969 873 63 33 har
1049 871 224 35 Marstrands
1289 869 202 42 församling
1507 868 92 43 gjort

107 924 258 42 framställning
384 935 58 21 om
463 927 66 34 att,
549 922 11 33 i
580 920 164 34 händelse
765 916 434 44 indelningsersättningen
1219 915 172 42 indroges,
1412 913 126 34 erhålla
1559 924 42 22 en

108 967 358 44 engångsersättning,
520 964 249 35 motsvarande
824 961 454 43 indelningsersättningens
1332 957 270 44 kapitaliserade

110 1014 119 33 värde.
256 1011 101 35 Även
382 1012 59 42 jag
467 1022 111 28 anser,
606 1015 54 29 att
686 1007 224 35 Marstrands
936 1006 202 41 församling
1164 1005 10 33 i
1200 1003 228 35 förevarande
1453 1002 60 34 fall
1540 1002 63 33 bör

110 1058 128 34 erhålla
257 1057 147 34 särskild
425 1054 217 44 gottgörelse.
660 1052 277 42 Församlingens
956 1050 210 34 hemställan
1186 1061 58 21 om
1263 1061 43 21 en
1325 1048 277 42 engångsersätt-

111 1102 94 42 ning,
234 1100 251 35 motsvarande
515 1096 453 44 indelningsersättningens
997 1093 271 43 kapitaliserade
1299 1092 118 40 värde,
1445 1092 71 32 kan
1545 1090 59 43 jag

112 1147 90 34 dock
229 1146 75 34 icke
328 1144 150 35 biträda.
504 1144 56 33 Då
586 1141 387 42 ersättningsbeloppet,
998 1139 112 33 vilket
1135 1138 53 33 för
1214 1137 206 42 budgetåret
1447 1135 157 42 1939/40

112 1190 164 43 utgjorde
304 1193 20 30 3
340 1193 64 30 157
431 1189 129 33 kronor
587 1190 42 31 84
658 1189 68 37 öre,
752 1185 53 34 för
831 1184 207 42 budgetåret
1068 1182 155 42 1944/45
1252 1181 117 43 utgått
1394 1181 82 33 med
1503 1182 100 31 4079

111 1236 130 33 kronor
263 1238 42 30 45
328 1237 68 37 öre,
418 1245 102 30 synes
543 1230 193 35 emellertid
758 1228 309 44 engångsanslaget
1089 1227 84 34 böra
1194 1226 86 42 utgå
1303 1225 80 34 med
1405 1223 200 43 förslagsvis

113 1284 44 30 20
171 1284 66 29 000
256 1279 140 33 kronor.

160 1340 226 43 Äberopande
408 1338 59 35 det
489 1338 139 35 anförda
650 1337 145 42 föreslog
814 1334 240 43 föredragande
1077 1333 196 40 statsrådet,

159 1395 73 34 dels
254 1400 53 29 att
328 1392 228 36 omförmälda
576 1404 41 21 ur
636 1389 293 43 förslagsanslaget
950 1388 52 34 till
1023 1387 242 41 Ersättningar
1285 1386 53 33 till
1357 1384 132 43 kyrkor
1507 1384 99 42 utgå-

117 1449 83 34 ende
226 1447 227 42 ersättningar
477 1445 53 34 för
555 1445 72 33 vin-
654 1444 64 34 och
744 1441 250 45 byggnadssäd,
1018 1440 54 34 för
1096 1438 344 42 kronotiondeanslag
1465 1437 65 34 och
1555 1436 52 34 för

116 1502 184 34 avskrivna
317 1500 232 33 kvarnräntor
567 1498 66 33 och
651 1497 107 34 andra
777 1495 138 34 därmed
933 1493 194 43 jämförliga
1145 1491 228 43 ersättningar
1392 1491 52 34 till
1464 1490 143 34 försam-

118 1555 218 43 lingskyrkor
354 1557 161 30 ävensom
534 1551 58 34 det
611 1563 40 21 ur
669 1548 375 42 reservationsanslaget
1063 1547 53 33 till
1135 1546 159 42 Kyrkors
1313 1543 176 35 underhåll
1508 1543 100 42 utgå-

119 1609 81 34 ende
218 1608 156 42 bidraget
391 1607 53 34 till
459 1605 181 35 underhåll
659 1616 44 22 av
720 1602 191 36 Varnhems
927 1601 25 34 f.
968 1601 33 33 d.
1017 1598 243 44 klosterkyrka
1278 1598 120 40 måtte,
1414 1597 111 34 därest
1540 1595 69 35 vad

121 1676 45 22 av
190 1662 192 35 statsrådet
405 1660 135 35 anförts
563 1659 30 42 ej
619 1659 54 33 till
696 1662 110 30 annat
828 1655 214 40 föranledde,
1066 1654 162 41 indragas
1253 1652 80 34 med
1359 1652 178 41 utgången
1562 1662 44 22 av

121 1717 210 42 budgetåret
356 1714 168 42 1946/47;

166 1768 69 35 dels
249 1768 65 34 ock
329 1773 54 29 att
397 1765 217 36 Marstrands
629 1763 199 42 församling
842 1762 110 34 måtte
966 1760 175 43 medgivas
1155 1758 144 34 särskild
1314 1757 203 44 gottgörelse
1531 1755 79 35 med

122 1827 42 29 20
180 1827 65 29 000
269 1822 125 33 kronor
418 1820 50 34 för
492 1819 64 33 den
579 1819 52 34 till
654 1816 257 42 församlingens
934 1814 110 42 kyrka
1067 1812 126 35 hittills
1217 1811 170 43 utgående
1412 1809 199 43 indelnings-

122 1875 242 42 ersättningen,
385 1878 56 29 att
461 1871 171 36 utbetalas
654 1883 45 21 av
721 1868 195 37 statsmedel
938 1867 107 34 under
1067 1866 204 42 budgetåret
1294 1867 84 31 1947
1387 1863 74 44 /48.

168 1930 18 33 I
212 1929 160 34 skrivelse
400 1928 52 42 (nr
477 1927 35 40 2)
539 1926 52 33 till
616 1924 227 43 kyrkomötet
866 1920 202 35 inhämtade
1092 1918 133 43 Kungl.
1250 1918 110 42 Maj:t
1384 1916 161 44 yttrande
1569 1928 44 20 av

124 1983 235 43 kyrkomötet,
386 1978 174 36 huruvida
586 1978 236 42 kyrkomötet,
850 1974 109 34 såvitt
986 1972 273 44 prästerskapets
1287 1970 193 43 privilegier
1508 1969 106 33 därav

127 2035 165 39 berördes,
315 2033 159 35 lämnade
497 2031 96 34 bifall
617 2031 52 34 till
692 2030 40 33 de
754 2029 186 41 föreslagna
961 2026 213 43 åtgärderna.

170 2091 18 32 I
214 2089 161 34 skrivelse
399 2087 65 34 den
488 2090 42 30 28
556 2084 187 34 november
770 2086 85 30 1946
885 2083 53 42 (nr
962 2082 34 41 6)
1023 2080 62 33 har
1107 2079 223 43 kyrkomötet
1356 2076 181 40 meddelat,
1562 2080 54 29 att

127 2144 225 42 kyrkomötet
372 2141 132 33 lämnat
524 2139 62 34 sitt
606 2138 94 33 bifall
723 2136 124 34 därtill.

173 2196 66 34 Vid
262 2194 159 35 anmälan
443 2206 43 22 av
508 2192 136 33 ärendet
667 2191 63 33 den
753 2193 41 30 24
818 2187 133 44 januari
975 2190 86 30 1947
1085 2186 62 33 har
1166 2183 247 43 föredragande
1434 2182 184 34 statsrådet

130 2263 44 20 nu
196 2249 114 35 anfört
332 2247 161 43 följande.

175 2320 121 34 Såsom
323 2331 45 21 av
393 2316 224 41 utredningen
643 2316 10 32 i
681 2314 139 33 ärendet
844 2311 162 42 framgår,
1032 2313 58 29 äro
1117 2308 41 34 de
1185 2308 106 42 årliga
1315 2306 227 42 ersättningar
1566 2306 52 33 till

131 2362 356 42 församlingskyrkor,
515 2372 74 22 som
618 2364 84 36 utgå
730 2358 74 33 från
833 2354 220 35 förevarande
1081 2354 128 39 anslag,
1238 2357 54 28 att
1322 2351 156 33 betrakta
1507 2354 112 29 såsom

130 2422 42 21 en
191 2404 172 38 föråldrad
382 2406 162 33 kvarleva
562 2404 73 32 från
654 2414 39 22 en
714 2402 64 40 tid,
796 2401 43 33 då
858 2398 295 42 församlingarnas
1173 2395 238 42 utgiftsbehov
1432 2398 91 30 ännu
1545 2394 76 33 icke

131 2452 113 34 kunde
266 2451 119 34 täckas
406 2461 123 31 genom
550 2444 433 40 kommunalbeskattning.
1003 2444 56 32 Av
1081 2440 220 41 utredningen
1323 2439 149 42 framgår
1494 2438 127 39 vidare,

132 2503 55 29 att
205 2496 275 41 ersättningarna
500 2498 58 30 äro
578 2498 55 28 att
652 2503 78 22 anse
750 2503 74 21 som
845 2501 38 21 en
904 2488 90 34 äldre
1013 2487 89 33 form
1123 2498 45 21 av
1187 2484 205 42 statsanslag
1409 2484 51 33 till
1480 2483 141 34 försam-
