1916 2788
442 146 119 31 Andra
581 146 248 41 lagutskottets
848 147 180 31 utlåtande
1046 157 44 21 nr
1109 148 42 30 43
1169 148 41 30 år
1229 148 85 30 1960
1592 150 40 31 39

128 229 395 36 skinbefälsförbundet,
547 229 58 31 två
626 230 90 30 efter
737 230 131 40 förslag
888 240 43 20 av
955 231 155 30 Svenska
1132 231 342 39 sjöfolksförbundet
1496 232 66 30 och
1584 242 44 20 en

128 280 89 30 efter
239 280 131 40 förslag
393 289 43 21 av
459 280 156 31 Svenska
638 280 368 41 stewardföreningen.
1032 281 279 41 Suppleanterna
1334 282 55 30 för
1412 283 102 30 dessa
1534 283 95 30 leda-

128 332 113 28 möter
260 333 95 28 utses
374 331 12 30 i
406 331 185 30 enahanda
610 331 160 40 ordning.

171 382 13 29 I
209 381 220 31 motionerna
450 382 29 29 1:
496 381 62 31 665
581 382 66 30 och
669 382 46 30 II:
731 382 64 31 819
818 382 211 36 hemställes,
1052 384 51 29 att
1127 383 157 40 Sveriges
1306 383 321 40 fartygsbefälsför-

127 432 105 40 ening
252 432 108 31 måtte
381 433 196 30 företrädas
598 442 43 21 av
662 433 59 30 två
740 435 282 38 representanter
1041 433 11 30 i
1074 434 350 39 sjömansnämnden.
1448 435 81 31 Som
1551 435 76 30 skäl

128 482 54 30 för
204 483 173 39 yrkandet
398 484 65 29 har
485 483 185 41 åberopats
691 486 52 28 att
764 484 58 30 det
843 485 79 29 med
944 485 139 38 hänsyn
1104 484 53 31 till
1179 485 43 30 de
1244 485 285 40 disciplinfrågor
1551 495 76 21 som

128 533 339 40 sjömansnämnden
484 535 88 30 skall
587 534 199 41 handlägga
804 536 38 29 är
857 532 187 43 väsentligt
1059 537 51 28 att
1126 536 180 30 nämnden
1323 536 236 31 tillförsäkras
1576 546 52 20 er-

127 584 161 31 farenhet
306 584 81 31 från
405 594 167 31 personer
588 586 80 29 med
687 585 112 40 tjänst
818 595 75 21 som
911 586 235 31 befälhavare.

171 635 176 30 Utskottet
362 636 98 30 delar
475 636 38 30 så
526 636 53 30 till
594 636 81 30 vida
690 636 281 31 motionärernas
986 636 229 40 uppfattning
1231 646 75 21 som
1322 637 171 30 utskottet
1509 637 118 31 finner

126 685 58 30 det
207 686 200 35 värdefullt,
429 688 61 34 att,
513 687 64 30 där
599 687 39 30 så
660 687 71 30 kan
754 687 70 35 ske,
853 687 6 29 i
883 687 293 40 sjömansnämnd
1198 687 102 40 ingår
1322 697 127 30 person
1472 688 81 30 med
1576 697 52 21 er-

126 736 162 30 farenhet
309 736 81 31 från
412 737 237 40 tjänstgöring
670 747 75 20 som
766 737 233 31 befälhavare.
1022 738 50 30 De
1094 737 201 41 föreslagna
1314 738 313 31 bestämmelserna

125 786 139 31 lämnar
294 787 193 31 emellertid
517 788 107 40 enligt
653 788 191 31 utskottets
874 789 141 39 mening
1048 788 328 31 tillfredsställande
1404 789 223 40 möjligheter

124 837 131 31 härtill.
282 839 53 29 En
362 838 172 40 utökning
560 848 43 21 av
629 839 133 30 antalet
788 841 281 38 representanter
1096 839 56 30 för
1180 839 156 40 Sveriges
1363 839 264 40 fartygsbefäls-

126 888 162 40 förening
311 889 112 30 skulle
447 889 107 30 också
576 889 56 30 för
654 891 51 29 att
727 899 43 20 en
794 890 144 39 lämplig
961 890 196 39 avvägning
1180 890 129 30 mellan
1332 891 42 29 de
1397 890 94 30 olika
1513 892 114 38 parts-

125 939 327 39 organisationerna
477 940 89 29 skall
591 940 98 30 bestå
712 940 160 30 medföra
897 949 43 21 en
965 940 132 40 ökning
1122 950 42 20 av
1188 941 132 30 antalet
1344 943 282 37 representanter

126 990 56 29 för
200 990 42 29 de
261 990 119 40 övriga
398 990 335 40 organisationerna.
754 991 53 30 En
827 991 110 30 sådan
956 991 208 40 utvidgning
1183 1000 44 22 av
1246 991 381 40 sjömansnämnderna

126 1041 38 28 är
184 1040 77 30 icke
281 1041 204 30 motiverad.
507 1041 178 30 Utskottet
706 1042 183 38 avstyrker
909 1041 121 30 därför
1052 1041 338 40 motionsyrkandet.

170 1091 14 29 I
201 1091 221 30 motionerna
436 1093 28 29 1:
481 1092 62 31 665
560 1092 66 30 och
641 1092 45 29 II:
703 1092 63 31 819
782 1094 96 37 tages
892 1092 133 40 jämväl
1042 1101 72 31 upp
1129 1092 53 30 till
1197 1092 214 40 behandling
1427 1092 125 40 frågan
1568 1102 58 20 om

125 1141 53 30 de
205 1142 226 30 centrala
459 1142 418 40 undersöknings-
905 1143 84 29 och
1016 1142 610 40 bestraffningsnämn
1517 1137 51 50 de
1580 1137 51 50 r-

126 1201 84 21 nas
235 1193 259 39 uppgifter
517 1193 12 30 i
554 1193 408 40 fortsättningen.
989 1194 261 29 Motionärerna
1267 1193 215 36 framhåller,
1500 1196 50 28 att
1569 1203 57 21 av-

125 1243 115 30 sikten
259 1244 79 29 med
355 1244 68 29 den
440 1243 199 40 föreslagna
655 1244 195 40 ordningen
867 1245 99 39 tycks
983 1254 93 25 vara,
1095 1246 52 28 att
1165 1244 461 40 sjömansförmedlingarna

124 1293 77 30 icke
230 1294 119 39 längre
380 1295 89 29 skall
497 1295 128 30 beakta
654 1305 43 20 av
727 1295 297 39 undersöknings-
1053 1296 66 29 och
1148 1295 479 39 bestraffningsnämnderna

124 1344 205 31 meddelade
348 1345 393 39 avstängningsförbud,
765 1345 120 31 såvida
904 1346 102 30 dessa
1026 1346 77 30 icke
1124 1346 188 30 fastställts
1333 1355 42 21 av
1395 1346 231 30 vederböran-

124 1395 42 30 de
190 1395 304 39 sjömansnämnd.
518 1396 261 31 Motionärerna
802 1396 117 31 finner
941 1396 76 31 icke
1041 1397 95 30 detta
1160 1396 221 31 förhållande
1403 1406 85 21 vara
1510 1406 120 31 accep-

125 1445 117 30 tabelt.
260 1446 50 29 De
329 1455 132 26 menar,
483 1448 51 28 att
553 1446 172 40 prövning
745 1447 64 29 och
828 1447 115 29 beslut
963 1456 43 20 av
1025 1446 295 40 sjömansnämnd
1340 1446 203 40 visserligen
1562 1447 64 30 bör

124 1496 126 39 utgöra
271 1495 254 40 förutsättning
545 1497 56 29 för
621 1496 162 31 officiellt
803 1497 404 40 påmönstringsförbud,
1229 1506 81 21 men
1332 1499 60 33 att,
1413 1497 63 30 där
1499 1497 126 30 sådant

125 1546 127 30 förbud
277 1547 94 29 ännu
395 1547 77 29 icke
495 1547 177 31 utfärdats
695 1547 83 30 eller
800 1547 76 30 icke
898 1547 67 30 blir
988 1547 169 36 utfärdat,
1181 1547 299 40 förmedlingarna
1504 1549 88 29 även
1613 1548 13 29 i

125 1597 274 39 fortsättningen
416 1598 64 29 bör
497 1599 91 29 rätta
607 1598 51 39 sig
676 1598 89 30 efter
782 1598 298 39 undersöknings-
1097 1598 66 30 och
1181 1598 445 39 bhestraffningsnämnder-

125 1657 63 20 nas
208 1648 376 39 avstängningsbeslut.
611 1649 6 29 I
637 1648 222 31 motionerna
874 1649 117 39 yrkas,
1011 1651 50 27 att
1079 1649 190 39 riksdagen
1286 1649 108 30 måtte
1414 1649 77 39 giva
1509 1649 116 30 denna

124 1698 143 40 mening
286 1699 52 29 till
356 1699 129 30 känna.

169 1749 13 29 I
211 1749 263 39 propositionen
504 1749 215 36 framhålles,
750 1752 52 28 att
830 1750 67 30 den
927 1750 77 30 däri
1032 1750 200 39 föreslagna
1261 1750 195 39 ordningen
1485 1750 56 30 för
1568 1750 56 30 be-

123 1799 170 40 handling
315 1809 43 20 av
376 1800 407 39 avstängningsärenden
807 1801 12 29 i
839 1800 186 40 praktiken
1048 1801 99 29 torde
1168 1801 169 29 innebära
1360 1803 50 27 att
1432 1801 193 29 undersök-

124 1849 118 39 nings-
265 1851 64 29 och
352 1850 477 39 bestraffningsnämnderna
852 1851 116 30 såsom
990 1851 207 29 beslutande
1220 1859 108 31 organ
1350 1851 12 29 i
1384 1851 119 39 dylika
1526 1852 100 28 ären-

124 1900 67 29 den
211 1900 160 30 kommer
393 1902 50 28 att
464 1901 149 30 ersättas
634 1910 43 20 av
699 1901 389 39 sjömansnämnderna.
1110 1901 177 30 Utskottet
1310 1901 117 30 finner
1448 1910 43 20 en
1514 1901 110 30 sådan

124 1950 200 40 utveckling
343 1951 11 29 i
373 1951 66 30 och
458 1951 56 30 för
534 1951 51 39 sig
605 1950 349 36 eftersträvansvärd,
975 1952 84 29 enär
1078 1951 58 30 det
1157 1951 76 30 icke
1251 1951 71 30 kan
1343 1960 102 21 anses
1464 1951 161 39 lämpligt

124 2003 51 27 att
194 2003 49 27 ett
263 2009 108 31 organ
391 2011 44 20 av
453 2001 113 39 privat
586 2004 106 27 natur
713 2002 88 30 skall
822 2002 58 29 vid
902 2001 100 30 sidan
1023 2011 43 20 av
1086 2004 49 27 ett
1154 2001 162 30 officiellt
1336 2009 108 32 organ
1464 2002 161 30 meddela

123 2051 115 30 beslut
262 2053 11 28 i
299 2051 119 40 frågor
442 2052 166 30 liknande
633 2052 79 30 dem
739 2061 75 21 som
839 2052 206 30 ankommer
1073 2052 20 30 å
1117 2052 58 30 det
1201 2052 168 30 officiella
1394 2055 154 36 organet.
1576 2052 50 30 På

124 2102 114 37 grund
262 2103 109 29 härav
394 2103 71 29 kan
490 2103 171 29 utskottet
684 2102 76 30 icke
785 2103 137 29 biträda
946 2103 67 29 den
1038 2103 153 39 mening,
1218 2112 74 21 som
1318 2103 149 29 kommit
1493 2103 53 29 till
1572 2105 54 27 ut-

125 2153 99 37 tryck
248 2152 11 29 i
284 2152 229 30 motionerna.
540 2153 74 29 Den
641 2155 95 28 stora
759 2153 199 30 erfarenhet
985 2162 42 21 av
1051 2153 382 39 avstängningsfrågor,
1461 2162 75 21 som
1561 2162 65 20 un-

123 2202 248 39 dersöknings-
394 2203 66 29 och
482 2203 476 39 bestraffningsnämnderna
983 2204 112 29 under
1118 2203 103 30 årens
1245 2204 81 38 lopp
1350 2203 188 35 förvärvat,
1562 2204 64 29 bör

123 2261 58 20 om
207 2252 139 39 möjligt
373 2252 248 39 tillvaratagas.
650 2254 65 29 Det
744 2254 39 29 är
808 2253 121 30 därför
955 2253 170 40 lämpligt,
1155 2255 50 28 att
1234 2253 389 39 sjömansnämnderna,

124 2302 44 30 då
188 2303 38 29 så
245 2303 69 29 kan
334 2303 71 34 ske,
425 2303 12 29 i
456 2303 151 29 ärenden
628 2303 179 39 angående
826 2303 187 29 eventuellt
1031 2303 394 39 påmönstringsförbud
1445 2303 180 30 inhämtar

123 2353 163 38 yttrande
309 2352 80 30 från
413 2353 298 39 undersöknings-
735 2354 64 29 och
822 2353 487 39 bestraffningsnämnderna.
1333 2353 109 30 Dessa
1464 2354 161 29 kommer

123 2403 11 28 i
153 2403 39 30 så
211 2402 62 30 fall
290 2405 51 28 att
361 2404 86 29 även
465 2403 12 29 i
495 2403 275 39 fortsättningen
789 2403 37 30 få
842 2403 176 40 betydelse
1037 2403 55 30 för
1112 2403 119 40 frågor
1250 2413 42 20 av
1308 2403 210 30 hithörande
1540 2404 83 38 slag.
