2223 2656
703 219 262 33 Statsutskottets
988 221 174 32 Memorial
1183 222 61 31 N:o
1267 225 49 29 82.
1739 229 36 28 11

214 311 108 33 extra
364 311 76 33 stat
484 307 57 37 för
571 310 39 35 år
641 309 94 36 1907
766 307 161 50 beviljar
954 314 54 31 ett
1036 309 138 50 belopp
1204 311 41 36 af
1270 312 138 46 20,000
1436 311 152 46 kronor,
1617 317 54 32 att
1699 312 121 38 under

212 358 138 37 villkor
392 364 54 31 att
489 358 219 51 Göteborgs
738 360 85 37 stad
851 360 59 37 för
938 360 134 37 skolan
1097 361 207 49 tillskjuter
1333 362 116 37 minst
1475 363 78 37 lika
1581 364 153 49 mycket
1760 365 59 36 för

214 412 39 34 år
295 411 94 35 1907
430 410 198 37 äfvensom
667 414 48 45 på
753 411 46 36 de
841 411 141 49 öfriga
1004 412 149 46 villkor,
1194 426 80 23 som
1307 413 142 49 Kungl.
1480 415 106 47 Maj:t
1614 416 73 35 kan
1715 416 103 36 finna

215 460 96 49 godt
340 460 242 49 föreskrifva,
610 462 133 36 ställas
771 461 57 36 till
856 461 209 50 styrelsens
1094 463 59 37 för
1182 463 133 37 skolan
1343 464 231 50 förfogande
1591 466 58 37 för
1664 467 158 36 därmed

214 511 127 37 afsedt
369 512 188 47 ändamål,
585 518 125 32 röstar

983 607 64 47 Ja;

351 716 95 47 Den,
475 715 65 37 det
568 716 34 49 ej
631 716 78 48 vill,
738 722 124 32 röstar

973 820 90 48 Nej;

347 919 145 37 Vinner
531 920 84 49 Nej,
658 921 68 36 har
765 921 235 49 Riksdagen,
1028 922 11 36 i
1067 922 120 37 likhet
1215 923 86 37 med
1329 924 132 37 Andra
1488 925 245 48 Kammaren,
1760 927 54 36 till

212 969 214 38 understöd
468 971 59 36 för
566 971 282 49 uppehållande
888 974 42 35 af
968 973 349 50 slöjdföreningens
1357 975 12 35 i
1410 975 199 51 Göteborg
1636 977 108 37 skola
1772 981 48 46 på

213 1026 109 31 extra
362 1027 77 32 stat
479 1022 59 36 för
572 1025 40 34 år
648 1024 95 36 1907
773 1023 157 49 beviljat
957 1030 56 31 ett
1040 1024 139 50 belopp
1208 1026 42 36 af
1273 1027 135 46 30,000
1437 1027 151 48 kronor,
1617 1033 55 32 att
1699 1029 122 37 under

212 1071 139 37 villkor
389 1078 55 31 att
486 1072 218 51 Göteborgs
734 1075 85 36 stad
848 1075 58 36 för
934 1075 136 36 skolan
1096 1076 208 49 tillskjuter
1332 1077 115 37 minst
1474 1078 78 37 lika
1580 1079 153 49 mycket
1760 1080 58 37 för

213 1126 40 33 år
293 1125 95 35 1907
432 1124 198 38 äfvensom
671 1128 49 46 på
760 1125 46 37 de
843 1125 125 50 öfriga
1008 1126 149 48 villkor,
1192 1141 81 23 som
1303 1128 142 49 Kungl.
1474 1129 108 49 Maj:t
1609 1130 76 37 kan
1712 1131 104 37 finna

212 1174 96 48 godt
335 1175 242 48 föreskrifva,
605 1176 133 37 ställas
765 1176 58 37 till
852 1176 208 50 styrelsens
1089 1178 60 37 för
1176 1179 136 37 skolan
1340 1179 230 50 förfogande
1583 1181 59 37 för
1655 1182 161 37 därmed

213 1225 126 37 afsedt
367 1226 209 37 ändamål.»

981 1383 72 40 5:0)

348 1480 126 38 Sedan
515 1481 142 50 Kungl.
682 1482 107 49 Maj:t
828 1482 11 36 i
871 1483 173 49 punkten
1074 1482 120 49 152:0)
1223 1484 122 36 under
1373 1485 155 37 åttonde
1556 1485 263 40 hufvudtiteln

213 1532 202 49 föreslagit
451 1532 223 49 Riksdagen
716 1539 55 31 att
805 1533 57 36 till
897 1534 100 36 fasta
1026 1534 120 49 årliga
1174 1535 210 37 understöd
1413 1539 37 34 åt
1477 1537 201 37 inhemska
1705 1539 115 37 skön-

213 1582 171 38 litterära
418 1583 201 37 författare
648 1584 41 36 af
713 1584 169 37 utmärkt
910 1585 178 48 förtjänst
1115 1586 58 36 för
1202 1589 89 34 åren
1322 1589 244 35 1907—1909
1597 1588 139 50 bevilja
1765 1595 54 31 ett

212 1634 138 48 anslag
378 1634 41 37 af
443 1635 136 46 30,000
607 1634 152 48 kronor,
789 1640 55 32 att
871 1635 40 37 af
936 1636 142 49 Kungl.
1096 1637 106 48 Maj:t
1230 1638 96 36 efter
1354 1638 263 50 sakkunnigas
1647 1640 170 38 hörande

212 1685 182 48 fördelas,
425 1691 99 31 samt
552 1686 113 37 däraf
691 1689 20 34 å
739 1692 107 31 oxtra
875 1692 76 31 stat
979 1687 59 37 för
1066 1690 40 34 år
1136 1690 94 35 1907
1249 1689 132 37 anvisa
1399 1695 54 31 ett
1468 1690 140 51 belopp
1627 1691 42 37 af
1683 1693 133 47 10,000

211 1736 154 47 kronor,
407 1737 100 36 hade
549 1737 189 37 utskottet
777 1738 12 35 i
828 1737 171 49 punkten
1041 1738 120 47 158:0)
1204 1739 42 37 af
1283 1740 295 49 ifrågavarande
1619 1743 198 38 utlåtande

211 1786 209 47 hemställt,
461 1792 55 32 att
556 1788 142 49 Kungl.
727 1788 128 49 Maj:ts
894 1790 253 37 förevarande
1190 1791 286 50 framställning
1512 1792 83 38 icke
1632 1797 117 34 måtte
1779 1795 43 37 af

210 1837 224 49 Riksdagen
462 1838 165 37 bifallas.

346 1889 112 38 Hvad
499 1890 188 37 utskottet
726 1889 159 38 sålunda
926 1890 206 49 hemställt,
1174 1892 69 37 har
1276 1893 51 36 af
1342 1893 135 37 Första
1504 1895 234 38 Kammaren
1766 1893 54 40 bi-

213 1938 129 48 fallits,
372 1940 199 37 hvaremot
598 1941 132 36 Andra
759 1941 244 47 Kammaren,
1031 1942 12 36 i
1071 1943 172 49 enlighet
1271 1944 86 36 med
1386 1950 54 31 ett
1459 1946 122 36 under
1597 1947 221 49 öfverlägg-

212 1990 144 48 ningen
396 1991 234 37 framställdt
667 1992 184 49 yrkande,
893 1992 57 36 till
990 1993 210 37 understöd
1242 1998 37 33 åt
1318 1995 202 38 inhemska
1548 1997 270 38 skönlitterära

212 2041 200 37 författare
452 2043 42 35 af
529 2043 169 36 utmärkt
730 2043 180 48 förtjänst
938 2044 58 36 för
1025 2047 90 34 åren
1144 2047 242 36 1907—1909
1416 2047 157 49 beviljat
1601 2054 54 31 ett
1683 2049 135 49 anslag

213 2092 42 36 af
293 2093 137 47 30,000
471 2093 154 48 kronor,
666 2099 56 31 att
754 2094 42 36 af
820 2094 141 48 Kungl.
992 2095 107 49 Maj:t
1126 2096 98 37 efter
1252 2097 263 50 sakkunnigas
1544 2099 170 37 hörande
1743 2100 75 37 för-

213 2143 119 47 delas,
360 2148 100 32 samt
487 2144 112 37 däraf
623 2148 21 33 å
671 2150 108 32 extra
807 2150 76 33 stat
910 2146 59 36 för
993 2149 40 34 år
1063 2148 93 35 1907
1188 2147 150 38 anvisat
1366 2154 54 32 ett
1448 2150 139 50 belopp
1617 2151 41 37 af
1684 2152 134 47 10,000

214 2194 150 38 kronor.

346 2246 58 37 Då
444 2246 136 49 frågan
621 2246 161 38 sålunda
815 2250 121 34 måste
965 2248 155 49 afgöras
1148 2262 139 36 genom
1316 2263 222 35 gemensam
1568 2253 253 50 omröstning,

212 2296 58 37 får
298 2297 187 37 utskottet
512 2297 142 38 föreslå
681 2297 170 49 följande
880 2299 456 50 voteringsproposition:
