1882 2828
482 151 380 31 Jordbruksutskottets
888 150 177 32 utlåtande
1091 160 44 21 nr
1159 152 28 30 1.
1552 147 39 30 31

81 235 76 40 230)
185 235 308 37 elevstipendierna
514 234 82 31 från
618 236 66 29 och
705 235 80 30 med
805 234 203 37 budgetåret
1032 231 136 42 1940/41
1192 234 82 37 utgå
1298 235 81 30 med
1399 233 107 38 höjda
1531 235 56 30 be-

81 287 94 36 lopp.
196 287 49 29 Av
264 286 283 31 statsfinansiella
566 285 75 31 skäl
660 286 125 29 beslöts
805 286 191 30 emellertid
1017 286 58 30 vid
1097 286 82 29 1940
1199 284 55 31 års
1275 285 141 37 lagtima
1437 285 152 36 riksdag,

80 340 51 28 att
148 338 79 29 med
244 337 287 36 genomförandet
550 345 43 21 av
612 336 175 30 reformen
807 336 112 30 skulle
940 335 98 31 anstå
1060 336 67 30 tills
1146 335 125 31 vidare.

126 388 15 30 I
158 387 162 31 skrivelse
339 388 66 29 den
425 388 38 29 31
486 387 136 36 augusti
643 387 82 30 1943
742 387 65 30 har
825 386 350 37 lantbruksstyrelsen
1194 386 176 31 hemställt
1388 396 56 21 om
1463 389 47 28 ett
1528 396 60 21 an-

81 439 74 36 slag
177 448 42 21 av
238 439 63 30 590
315 439 64 29 000
402 438 128 30 kronor
551 438 54 30 för
627 438 99 30 nästa
747 436 179 38 budgetår.
950 437 49 30 Av
1022 437 183 37 styrelsens
1228 437 165 30 skrivelse
1414 437 175 31 inhämtas

80 489 108 30 bland
207 492 106 27 annat
334 487 164 38 följande.
822 501 14 19 o

129 548 170 37 Styrelsen
324 548 65 30 har
416 550 119 33 ansett,
564 550 50 27 alt
638 546 107 31 sådan
769 547 148 36 ändring
942 556 43 21 av
1010 547 161 36 gällande
1197 547 258 30 bestämmelser
1483 547 108 30 borde

81 590 231 37 genomföras,
346 592 49 28 att
426 590 51 30 till
506 590 111 30 elever
648 589 57 31 vid
733 590 218 30 lantmanna-
986 590 65 29 och
1083 588 359 39 lanthushållsskolor,
1472 589 117 30 drifts-

82 633 110 30 ledar-
221 634 64 29 och
318 631 630 37 handelsträdgårdsmästarkurserna
978 632 57 30 vid
1064 632 141 36 Alnarp,
1237 631 266 37 trädgårdskurs
1533 631 58 31 vid

82 675 254 36 folkhögskola,
361 675 121 30 kurser
507 675 55 29 för
585 673 326 37 ladugårdsskötare
939 675 65 29 och
1031 673 302 37 fjäderfäskötare,
1361 674 228 37 utbildnings-

82 717 85 32 kurs
184 718 54 30 för
256 716 159 37 fårägare
433 720 88 27 samt
539 717 335 36 hovbeslagskursen
891 716 56 31 vid
965 716 130 38 Alnarp
1114 717 93 36 finge
1224 716 81 37 utgå
1322 716 188 37 månatliga
1529 726 62 21 un-

83 760 139 30 derstöd
244 760 79 30 med
344 760 41 29 20
410 760 128 29 kronor
561 759 51 30 till
634 759 70 30 elev
727 767 42 21 av
793 759 108 30 första
921 759 271 36 behovsgraden,
1218 759 80 30 med
1320 760 42 29 40
1386 758 129 31 kronor
1539 759 51 30 till

80 803 74 30 elev
174 812 43 21 av
233 803 109 29 andra
360 802 261 36 behovsgraden
639 802 65 29 och
721 802 79 29 med
821 802 41 30 60
883 802 129 29 kronor
1029 801 51 30 till
1099 801 73 30 elev
1192 810 42 21 av
1254 800 110 38 tredje
1382 802 206 36 behovsgra-

83 845 68 30 den
167 847 89 28 samt
272 847 50 28 att
339 844 52 31 till
409 844 109 31 elever
535 844 57 31 vid
612 844 194 31 lantbruks-
824 845 66 30 och
908 843 299 37 trädgårdsskolor
1224 844 93 37 finge
1336 844 57 31 för
1408 843 95 37 varje
1519 843 71 32 års-

82 888 84 30 kurs
185 886 80 38 utgå
284 887 190 30 understöd
492 887 80 30 med
594 887 41 30 75
656 886 138 36 kronor,
817 887 62 30 150
898 887 130 29 kronor
1048 887 66 29 och
1136 887 63 29 250
1218 886 131 31 kronor
1367 886 12 30 i
1397 886 193 37 respektive

81 930 263 36 behovsgrader.
368 929 68 30 För
459 930 157 29 eleverna
641 928 58 31 vid
722 929 40 30 de
784 929 93 36 lägre
901 928 286 37 mejeriskolorna
1209 929 65 30 har
1296 929 174 37 styrelsen,
1497 929 11 30 i
1532 938 56 21 av-

81 972 130 30 vaktan
234 971 45 37 på
303 972 67 30 den
393 971 183 37 utredning
596 971 149 30 rörande
767 971 67 30 den
856 971 93 36 lägre
970 971 424 36 mejeriundervisningen,
1422 981 74 20 som
1521 974 67 34 sty-

81 1015 112 30 relsen
209 1014 98 30 blivit
326 1014 177 30 anbefalld
524 1016 49 27 att
595 1013 193 36 verkställa,
809 1013 118 30 funnit
947 1013 51 36 sig
1015 1013 84 30 böra
1119 1013 154 31 beräkna
1297 1013 187 36 stipendier
1503 1014 86 29 efter

82 1066 48 21 nu
152 1057 156 36 gällande
331 1057 159 36 grunder.
513 1055 126 31 Likaså
662 1056 63 30 har
749 1056 166 37 styrelsen
939 1058 120 33 ansett,
1081 1058 50 28 att
1153 1056 189 30 understöd
1365 1056 52 30 till
1437 1056 72 30 elev
1532 1056 57 30 vid

83 1099 70 30 fast
170 1098 291 31 småbrukarkurs
477 1099 80 30 med
574 1098 138 30 särskilt
730 1101 151 33 antagna
900 1098 110 30 elever
1027 1101 90 27 samt
1137 1098 49 30 till
1203 1099 74 30 elev
1294 1098 58 31 vid
1371 1099 218 30 husmoders-

82 1142 85 30 kurs
188 1142 65 30 och
274 1141 214 36 specialkurs
511 1141 80 30 med
612 1140 138 30 särskilt
770 1143 151 34 antagna
942 1140 178 37 kvinnliga
1140 1141 109 30 elever
1272 1141 108 30 borde
1402 1140 82 37 utgå
1503 1141 88 30 efter

83 1184 233 30 oförändrade
338 1184 159 36 grunder.

125 1226 172 37 Styrelsen
312 1227 67 30 har
394 1226 11 31 i
421 1226 200 37 anslutning
637 1226 50 30 till
703 1226 56 30 det
774 1225 150 32 anförda
938 1226 170 31 beräknat
1125 1226 278 31 medelsbehovet
1419 1226 55 31 för
1489 1227 99 31 nästa

79 1268 170 38 budgetår
269 1269 50 30 till
341 1269 188 31 understöd
551 1268 35 32 åt
607 1268 92 32 olika
721 1269 267 36 elevkategorier
1007 1268 46 37 på
1074 1268 156 36 följande
1251 1269 80 30 sätt:

82 1320 123 30 Elever
227 1319 56 31 vid
308 1320 303 30 lantbruksskolor
649 1343 604 6 .....sseossorsser.sesse
1113 1315 35 46 es
1159 1315 29 46 sr
1202 1315 55 46 era
1282 1319 132 31 kronor
1459 1320 41 29 38
1514 1319 64 31 000

139 1373 12 15 >
260 1373 12 15 >»
311 1362 324 30 lantmannaskolor
670 1385 585 7 ...oossosssscceecs
1046 1358 80 45 rese
1136 1358 32 45 rr
1178 1358 80 45 orsa
1342 1372 12 16 >
1437 1362 63 30 250
1515 1362 65 30 000

139 1415 13 16 >
257 1416 12 14 >
309 1403 352 32 lanthushållsskolor
692 1428 559 6 .........s-.sseoosssoc
1155 1399 36 46 eo
1201 1399 53 46 oe
1342 1415 12 15 >
1438 1404 63 30 240
1515 1404 64 30 000

142 1458 12 14 »
263 1458 12 14 »
315 1446 300 36 trädgårdsskolOr
648 1469 602 6 .....osesrmrseeeer
1023 1441 100 45 reser
1133 1441 55 45 ror
1198 1441 54 45 rea
1343 1457 10 14 »
1462 1447 38 29 14
1515 1447 63 29 500

139 1499 13 15 >
260 1499 12 15 >
311 1487 308 37 trädgårdskurser
641 1487 57 31 vid
723 1488 264 36 folkhögskolor
1011 1488 65 30 och
1102 1487 57 31 vid
1183 1488 84 30 han-

357 1529 518 37 delsträdgårdsmästarkursen
896 1531 11 29 i
932 1530 128 37 Alnarp
1090 1554 161 6 ........
1342 1541 12 14 >
1482 1531 17 28 7
1515 1530 63 30 500

140 1584 12 15 >
261 1584 12 15 >»
312 1572 359 37 fjäderfäskötarkurs
694 1572 21 31 å
737 1572 103 31 Wiad
868 1596 383 7 ..................
1341 1583 12 15 >
1483 1572 97 30 1500

139 1627 12 14 2
259 1626 12 15 »
311 1614 338 37 utbildningskurser
670 1614 56 31 för
746 1614 161 37 fårägare
935 1638 320 7 ..........-...-
1341 1625 12 15 >
1481 1615 18 29 2
1514 1615 65 30 800

142 1668 12 15 >
263 1669 11 14 »
313 1657 336 35 hovbeslagskursen
674 1656 11 30 i
709 1656 129 37 ÅInarp
869 1680 381 6 ..................
1341 1666 12 15 »
1484 1656 94 30 1500

138 1710 13 16 >
260 1710 12 16 >
311 1700 95 36 lägre
425 1699 240 37 mejeriskolOr
691 1722 560 8 ..........s.e.ssecoesseoacr
1220 1695 35 45 rr
1340 1710 13 15 >
1481 1700 19 29 3
1514 1699 64 31 000

142 1753 12 14 »
262 1753 12 14 »
314 1741 246 37 mejeriskolan
585 1741 9 30 i
618 1741 128 36 Alnarp
780 1764 471 7 ...ooossosssscsec
1155 1737 99 45 ever
1342 1752 11 8 »
1482 1741 18 30 5
1515 1741 64 29 000

142 1795 12 14 »
263 1795 11 14 »
313 1784 331 30 driftsledarkursen
668 1783 11 30 i
704 1783 128 36 ÅlnarD
868 1806 382 7 ..................
1341 1794 12 14 »
1482 1784 18 29 5
1514 1783 64 30 000

139 1837 12 15 >
260 1837 12 15 >
312 1827 124 30 kurser
458 1827 55 30 för
535 1825 327 38 ladugårdsskötare
893 1849 364 7 .................
1343 1837 12 14 >
1461 1826 41 30 20
1516 1826 65 30 000

140 1879 12 15 »
260 1880 12 14 >
312 1868 70 31 fast
404 1868 291 31 småbrukarkurs
715 1869 80 30 med
818 1869 138 30 särskilt
976 1871 151 33 antagna
1148 1869 109 29 elever

358 1911 65 30 och
444 1912 110 29 elever
572 1910 58 31 vid
649 1911 290 29 husmoderskurs
960 1911 65 29 och
1046 1910 211 36 specialkurs

358 1953 79 30 med
460 1952 138 31 särskilt
621 1955 149 34 antagna
792 1951 179 37 kvinnliga
993 1952 111 30 elever
1135 1975 116 6 ......
1342 1962 11 14 »
1463 1953 115 41 4000

1117 2011 142 31 Summa
1279 1991 135 51 kronor
1437 2012 62 30 592
1514 2012 75 30 800.

128 2087 365 37 Lantbruksstyrelsen
514 2087 65 30 har
600 2086 115 31 funnit
734 2087 56 30 det
810 2086 261 37 sammanlagda
1091 2086 277 31 medelsbehovet
1390 2086 119 32 kunna
1532 2087 56 30 be-

83 2130 142 35 gränsas
244 2129 49 30 till
314 2130 64 30 590
392 2130 63 29 000
476 2130 138 30 kronor.

128 2196 14 30 I
161 2206 41 20 en
221 2197 65 29 den
307 2197 42 30 20
369 2197 144 29 oktober
535 2197 84 30 1943
639 2197 216 35 dagtecknad
876 2196 256 37 framställning
1149 2197 64 30 har
1232 2197 155 30 Svenska
1407 2196 183 39 landsbyg-

83 2246 85 32 dens
190 2246 324 37 ungdomsförbund
534 2247 185 35 hemställt,
742 2249 49 27 att
814 2247 40 30 de
880 2247 57 29 vid
962 2247 83 29 1939
1072 2245 55 31 års
1150 2246 140 36 lagtima
1314 2246 141 37 riksdag
1477 2247 109 30 beslu-

83 2297 80 30 tade
188 2295 287 37 förhöjningarna
500 2306 42 20 av
566 2296 232 36 stipendierna
822 2297 50 29 till
895 2296 110 30 elever
1028 2296 57 30 vid
1110 2296 93 36 lägre
1228 2296 361 30 lantbruksundervis-

83 2347 266 36 ningsanstaller
369 2345 105 31 måtte
494 2346 98 30 träda
612 2346 10 30 i
642 2346 216 36 tillämpning
878 2344 78 32 från
974 2347 65 29 och
1059 2346 81 30 med
1156 2345 202 37 budgetåret
1378 2342 148 41 1944/45.

128 2421 466 37 Hushållningssällskapens
613 2421 129 30 ombud
762 2422 46 29 ha
827 2421 10 30 i
859 2421 163 30 skrivelse
1041 2421 66 30 den
1125 2422 41 29 28
1186 2421 193 36 september
1399 2422 92 35 1943,
1514 2430 75 21 var-

84 2473 82 30 över
194 2472 347 36 lantbruksstyrelsen
571 2472 66 29 den
667 2473 14 28 1
711 2471 187 30 november
928 2472 82 29 1943
1040 2471 128 34 avgivit
1199 2471 172 30 infordrat
1401 2470 188 36 utlåtande,
