1888 2820
504 156 377 31 Jordbruksutskottets
908 156 176 30 utlåtande
1112 166 40 20 nr
1179 158 27 29 1.
1569 152 37 30 51

149 242 72 30 dels
243 245 49 27 att
309 241 111 30 medel
437 240 58 31 må
513 241 200 37 disponeras
731 251 43 20 av
794 241 152 35 anslaget
965 241 111 30 under
1093 242 111 35 punkt
1226 241 73 29 149:
1320 240 126 37 Bidrag
1466 240 49 30 till
1537 239 67 31 för-

105 292 182 36 stärkning
304 301 42 21 av
367 291 246 36 ofullständiga
631 290 170 38 jordbruk
822 301 44 20 m.
887 300 45 20 m.
954 291 50 29 till
1024 291 271 30 driftkostnader
1317 290 56 30 för
1392 291 212 30 ovannämn-

106 343 45 31 da
178 343 177 30 maskiner
382 345 90 28 samt
500 342 50 30 till
581 342 105 37 inköp
718 351 43 20 av
790 342 256 36 sprängämnen
1077 341 11 30 i
1118 341 66 30 den
1212 341 239 36 utsträckning
1482 340 122 37 Kungl.

106 393 101 37 Maj:t
228 392 59 31 må
309 393 142 35 besluta,

149 443 83 30 eller
253 446 49 28 att
325 444 121 35 Kungl.
471 442 102 37 Maj:t
592 442 226 37 bemyndigas
842 442 138 36 vidtaga
1002 441 108 31 sådan
1133 442 149 36 ändring
1301 442 11 30 i
1334 442 270 30 bestämmelser-

103 504 46 21 na
175 494 57 31 för
259 497 127 28 statens
413 493 307 31 maskinlånefond
746 496 50 27 att
821 492 397 37 hushållningssällskap
1247 492 106 31 därur
1379 493 70 30 kan
1477 491 130 32 erhålla

106 544 57 32 lån
188 546 57 29 för
266 544 227 37 anskaffning
515 553 42 21 av
576 544 176 30 maskiner
771 544 55 30 för
846 543 214 36 stenröjning
1080 544 65 30 och
1167 544 179 37 nyodling;

147 593 32 40 3)
210 596 28 30 I:
254 596 63 30 213
342 606 42 20 av
408 596 81 29 herr
516 593 147 39 Nilsson,
687 594 98 37 Bror,
810 603 45 21 m.
881 594 50 37 fl.,
956 594 223 36 likalydande
1206 595 80 29 med
1311 594 44 30 11:
1371 594 61 30 317
1460 603 43 21 av
1528 594 79 30 herr

104 646 201 31 Johansson
327 646 11 30 i
362 646 154 36 Mysinge
538 655 44 20 m.
607 646 48 37 fl.,
678 646 73 29 vari
775 645 202 36 hemställts,
1002 648 49 27 att
1071 645 185 36 riksdagen
1276 644 108 31 måtte
1403 645 133 30 besluta
1557 648 48 26 att

105 696 50 31 till
179 696 129 39 Bidrag
330 697 49 29 till
403 695 441 38 hushållningssällskapen
865 695 54 30 för
939 695 201 36 budgetåret
1164 690 142 37 1944/45
1327 696 119 30 anvisa
1469 698 44 27 ett
1538 694 67 31 för-

103 747 214 36 slagsanslag
336 755 42 22 av
398 747 19 30 3
431 747 64 30 689
509 746 64 31 400
595 747 142 35 kronor;

149 793 34 41 4)
212 798 27 30 I:
261 799 64 29 214
344 807 41 21 av
403 798 81 30 herr
503 797 159 37 Hagman
680 807 45 20 m.
747 797 49 37 fl.,
816 797 223 37 likalydande
1057 797 79 30 med
1155 796 44 31 II:
1219 797 64 30 332
1302 806 43 21 av
1360 797 79 30 herr
1456 796 150 36 Staxäng

105 858 44 21 m.
179 849 49 38 fl.,
254 849 74 30 vari
354 848 203 36 hemställts,
582 850 47 28 att
653 848 184 36 riksdagen
861 846 106 31 måtte
990 847 127 38 bevilja
1142 848 121 35 anslag
1285 847 79 30 med
1390 848 57 30 det
1470 847 134 37 belopp,

106 908 75 22 som
213 899 174 30 erfordras
416 898 56 31 för
501 901 49 28 att
577 899 125 31 bereda
729 897 284 37 löneförhöjning
1040 898 104 36 enligt
1171 898 11 30 i
1213 897 216 31 motionerna
1459 897 147 37 angivna

103 950 153 35 grunder
272 949 35 31 åt
324 948 458 37 hushållningssällskapens
798 947 210 38 tjänstemän
1025 949 91 35 eller,
1134 948 115 31 därest
1266 958 42 21 av
1325 948 282 31 statsfinansiella

105 1001 83 32 eller
211 1001 111 30 andra
348 1000 74 30 skäl
446 1000 114 30 denna
585 999 256 36 framställning
864 999 75 30 icke
963 1009 48 20 nu
1034 999 69 30 kan
1128 998 149 37 bifallas,
1306 998 126 37 bevilja
1459 998 148 37 tillfällig

106 1050 287 36 löneförbättring
420 1050 245 30 motsvarande
690 1050 41 29 25
758 1046 42 34 9/9
829 1048 202 38 förhöjning
1058 1058 41 21 av
1130 1058 49 21 nu
1203 1048 171 37 utgående
1401 1048 206 37 statsbidrag

106 1101 50 30 till
176 1102 98 29 löner
294 1102 64 29 och
379 1101 53 30 för
452 1101 93 30 detta
563 1099 163 31 ändamål
747 1100 120 30 anvisa
884 1102 47 28 ett
949 1100 126 38 belopp
1097 1109 41 21 av
1159 1101 66 29 200
1237 1100 64 30 000
1319 1100 142 35 kronor;

150 1148 35 40 5)
212 1152 27 30 I:
261 1153 63 29 218
344 1161 42 21 av
405 1151 81 30 herr
504 1151 200 30 Ekströmer
724 1160 46 20 m.
791 1150 48 38 fl.,
860 1150 224 37 likalydande
1102 1150 79 30 med
1200 1150 45 30 II:
1267 1151 61 29 327
1349 1159 43 22 av
1411 1150 81 30 herr
1511 1149 97 31 Pers-

102 1210 64 22 son
185 1203 11 30 i
216 1202 98 31 Falla
333 1211 44 21 m.
397 1200 50 39 fl.,
467 1201 74 31 vari
561 1201 202 36 hemställts,
784 1201 107 30 bland
912 1204 117 32 annat,
1051 1204 49 27 att
1121 1200 186 37 riksdagen
1326 1200 107 31 måtte

147 1253 59 30 vid
224 1253 212 36 behandling
455 1262 45 21 av
517 1253 112 36 punkt
650 1253 41 30 76
710 1251 11 31 i
740 1251 127 31 nionde
886 1251 229 36 huvudtiteln,
1136 1250 128 38 Bidrag
1283 1251 50 31 till
1352 1251 255 38 hushållnings-

104 1304 208 36 sällskapen,
336 1303 120 31 anvisa
477 1303 51 30 till
551 1302 204 38 avlönande,
776 1312 87 21 rese-
885 1303 66 30 och
973 1301 419 38 traktamentsersättning
1415 1306 90 27 samt
1524 1302 83 31 fort-

102 1354 159 37 bildning
279 1364 43 21 av
340 1353 309 37 förrättningsmän
666 1354 57 30 vid
741 1352 513 37 täckdikningsverksamheten
1271 1356 46 27 ett
1334 1353 121 37 anslag
1470 1362 43 22 av
1530 1354 77 29 kro-

103 1415 64 21 nor
183 1406 64 30 300
262 1405 66 30 000
343 1406 65 29 och
427 1407 50 28 att
495 1404 145 31 sålunda
657 1404 52 30 till
725 1403 122 37 bidrag
865 1403 52 30 till
933 1403 442 37 hushållningssällskapen
1393 1403 55 31 för
1466 1404 140 36 budget-

103 1456 73 31 året
201 1452 142 34 1944/45
368 1455 120 30 anvisa
511 1457 47 28 ett
579 1454 270 36 förslagsanslag
869 1463 44 21 av
935 1455 131 29 kronor
1088 1454 20 30 3
1122 1454 64 30 789
1198 1454 78 36 400;
1302 1458 89 27 samt

149 1507 51 29 till
230 1506 242 37 upplysnings-
504 1505 65 30 och
597 1505 448 37 propagandaverksamhet
1075 1504 54 30 för
1157 1505 226 36 täckdikning
1412 1506 120 30 anvisa
1558 1508 47 27 ett

104 1557 127 37 belopp
249 1565 43 21 av
310 1557 128 29 kronor
455 1556 42 30 30
511 1556 77 35 000;

148 1603 36 40 6)
211 1607 45 30 II:
275 1607 64 30 328
355 1616 42 21 av
416 1606 82 30 herr
514 1604 179 31 Molander
711 1615 46 21 m.
776 1605 48 38 fl.,
842 1605 73 30 vari
933 1605 202 36 hemställts,
1155 1609 49 27 att
1223 1605 183 37 riksdagen
1424 1605 106 31 måtte
1549 1606 55 30 be-

104 1657 83 38 vilja
213 1660 48 28 ett
285 1657 119 36 anslag
429 1657 53 30 till
506 1656 148 36 tillfällig
677 1655 288 37 löneförbättring
991 1655 34 31 åt
1050 1654 330 38 fiskeritjänstemän
1405 1657 66 30 och
1499 1657 104 29 vand-

104 1708 223 36 ringsrättare
347 1707 78 30 med
447 1708 42 29 80
503 1707 65 30 000
586 1707 139 30 kronor.

148 1757 226 32 Beträffande
390 1757 42 30 de
447 1758 85 35 skäl,
551 1766 72 21 som
642 1756 134 32 anförts
795 1757 49 29 till
859 1757 77 30 stöd
951 1757 56 29 för
1026 1757 226 36 motionerna,
1269 1756 56 32 får
1338 1758 165 30 utskottet
1520 1758 83 30 hän-

106 1809 71 30 visa
199 1808 51 31 till
274 1809 108 30 dessa.

146 1891 124 37 Kungl.
294 1890 118 38 Maj:ts
435 1890 130 38 förslag
584 1891 155 35 innebär,
761 1893 49 28 att
831 1890 79 30 från
931 1890 228 30 förevarande
1180 1891 120 36 anslag
1319 1891 99 30 skola
1437 1890 168 31 bestridas

104 1943 72 30 dels
204 1942 235 31 oförändrade
465 1941 124 37 bidrag
614 1941 51 30 till
694 1939 459 37 hushållningssällskapens
1181 1940 177 32 allmänna
1388 1941 219 31 verksamhet

101 1995 79 30 med
202 1995 19 29 2
236 1994 64 30 600
314 1994 72 35 000,
408 1992 52 31 till
482 1992 161 37 avlöning
665 2002 42 21 av
728 1993 64 29 hos
818 1992 198 35 sällskapen
1038 1991 171 31 anställda
1231 1991 372 37 jordbrukskonsulen-

105 2048 58 33 ter,
187 2044 319 36 vandringsrättare
530 2043 64 30 och
617 2042 387 36 täckdikningsförmän
1029 2043 79 30 med
1128 2042 64 31 325
1206 2042 75 38 000,
1307 2043 60 30 192
1381 2043 64 30 000
1469 2043 136 36 respek-

104 2096 67 31 tive
198 2097 43 29 26
254 2096 65 30 000
343 2096 129 29 kronor
497 2098 88 27 samt
608 2094 51 30 till
686 2093 354 37 förvaltningsbidrag
1065 2093 51 30 till
1141 2093 210 31 förmedlare
1376 2103 42 21 av
1443 2092 59 33 lån
1526 2093 78 32 från

103 2146 456 36 täckdikningslånefonden
580 2147 77 29 med
679 2145 42 30 38
735 2145 64 30 000
821 2145 139 35 kronor,
984 2144 72 30 dels
1077 2144 123 37 bidrag
1221 2144 51 30 till
1295 2144 161 37 avlöning
1477 2154 43 21 av
1541 2144 63 31 hos

102 2198 199 36 sällskapen
320 2197 170 31 anställda
512 2197 208 29 sekreterare
739 2197 80 29 med
839 2196 60 29 175
914 2196 64 29 000
1001 2195 138 36 kronor,
1160 2195 105 31 vilket
1285 2195 125 36 belopp
1429 2194 46 37 på
1493 2196 111 36 grund

100 2258 44 22 av
161 2249 154 30 minskat
333 2248 242 30 medelsbehov
595 2247 55 30 för
668 2246 231 36 ålderstillägg
919 2246 81 30 med
1019 2246 20 29 3
1053 2246 63 30 000
1136 2247 130 29 kronor
1285 2246 214 37 understiger
1517 2249 85 27 mot-

102 2299 171 30 svarande
293 2298 120 36 bidrag
433 2298 57 29 för
511 2296 234 32 innevarande
765 2295 177 37 budgetår,
964 2295 72 30 dels
1055 2296 123 36 bidrag
1197 2296 50 29 till
1267 2296 161 36 avlöning
1447 2305 43 21 av
1509 2296 93 30 hem-

103 2350 224 29 konsulenter
348 2350 76 29 med
451 2349 61 29 103
526 2348 63 29 400
614 2348 139 34 kronor,
778 2347 104 30 vilket
905 2346 10 29 i
938 2346 202 35 jämförelse
1161 2347 80 30 med
1263 2347 233 30 innevarande
1518 2346 84 30 bud-

100 2400 94 36 getår
218 2399 95 37 höjts
338 2400 77 29 med
441 2400 19 29 3
475 2399 63 30 200
563 2399 129 29 kronor
717 2397 55 30 för
797 2397 241 36 ålderstillägg,
1064 2396 71 31 dels
1161 2396 65 30 ock
1253 2397 349 36 förvaltningsbidrag

103 2451 49 29 till
174 2450 210 36 förmedling
408 2459 42 20 av
474 2448 58 31 lån
555 2447 77 32 från
654 2448 222 37 jordbrukets
901 2446 306 33 maskinlånefond
1230 2447 79 30 med
1334 2448 41 30 30
1389 2448 64 30 000
1477 2446 127 31 kronor

100 2503 83 28 eller
199 2504 47 28 elt
263 2500 45 37 på
325 2502 111 35 grund
454 2511 43 20 av
515 2500 175 30 beräknad
711 2497 258 38 medelsåtgång
988 2498 76 30 med
1086 2499 39 29 10
1139 2498 63 30 000
1221 2498 130 29 kronor
1367 2498 81 30 ökat
1466 2498 134 36 belopp.
