1886 2812
284 147 42 29 86
682 152 379 32 Jordbruksutskottets
1088 153 176 31 utlåtande
1291 164 42 21 nr
1357 156 27 30 1.

287 233 265 37 ifrågavarande
571 235 80 36 slag.
672 234 116 37 Enligt
807 236 66 30 den
889 245 70 27 nya
979 236 191 37 ordningen
1189 238 89 29 skall
1297 238 54 30 det
1370 239 190 30 ankomma
1580 239 45 37 på
1642 240 144 30 domän-

287 285 115 29 verket
420 288 50 27 att
486 294 44 21 av
547 285 109 30 medel
673 295 42 20 ur
735 286 262 31 domänfonden
1016 287 149 31 bestrida
1184 288 265 36 ifrågavarande
1467 290 319 36 byggnadskostna-

288 335 68 29 der.
385 335 173 30 Utskottet
582 335 98 37 utgår
705 336 80 31 från
811 340 49 27 att
885 338 247 30 domänverket
1157 338 86 31 låter
1270 339 50 38 sig
1344 340 179 36 angeläget
1547 350 81 21 vara
1655 344 49 29 att
1728 350 57 22 av-

286 384 119 37 hjälpa
425 385 289 31 förekommande
735 387 123 30 brister
878 387 46 36 på
944 388 261 36 lägenheternas
1229 389 227 37 åbyggnader.
1482 390 95 31 Enär
1597 392 191 30 emellertid

285 435 296 36 domänstyrelsen
607 436 74 30 icke
702 437 126 30 räknat
852 438 78 30 med
952 437 115 37 någon
1089 439 171 37 övergång
1282 440 49 29 till
1353 441 44 29 de
1421 450 70 27 nya
1515 441 270 31 bestämmelser-

287 494 44 21 na
352 485 109 30 under
483 486 239 31 kalenderåret
749 488 93 36 1944,
867 489 94 29 torde
982 488 56 30 för
1058 490 97 29 nästa
1176 490 169 36 budgetår
1365 491 85 30 böra
1471 491 11 29 i
1505 491 114 37 vanlig
1639 492 149 36 ordning

286 535 135 31 anvisas
440 537 122 36 anslag
580 536 49 30 till
646 537 199 33 ändamålet
863 538 55 30 för
936 539 94 30 tiden
1048 539 86 30 intill
1153 540 173 36 utgången
1345 550 43 22 av
1409 541 94 30 1944.
1525 542 121 36 Kungl.
1667 542 119 37 Maj:ts

287 585 227 31 förevarande
531 588 303 36 anslagsäskande,
855 598 72 21 som
946 589 88 30 vilar
1053 589 46 36 på
1115 590 193 38 beräkning
1326 601 42 20 av
1386 592 278 30 medelsbehovet
1682 593 104 36 enligt

288 636 40 30 de
351 636 94 30 äldre
469 637 263 32 föreskrifterna
756 640 11 30 i
793 639 124 36 ämnet,
945 640 65 29 har
1037 639 74 31 icke
1136 640 164 31 föranlett
1323 641 115 37 någon
1464 643 138 29 erinran
1628 642 80 32 från
1734 647 51 27 ut-

287 686 140 30 skottets
453 687 86 31 sida.
566 688 13 29 I
603 688 149 36 enlighet
777 690 78 30 med
881 689 55 30 det
961 690 148 31 anförda
1134 700 101 27 synes
1262 692 163 30 utskottet
1449 693 111 30 under
1584 694 202 30 nuvarande

286 735 243 32 förhållanden
550 737 112 37 någon
683 738 122 37 åtgärd
826 739 74 31 icke
922 740 87 30 böra
1030 740 155 36 påkallas
1208 741 10 30 i
1240 742 186 37 anledning
1447 752 43 21 av
1512 743 273 31 motionärernas

286 787 239 31 ovanberörda
544 789 162 35 yrkande.

330 836 170 32 Utskottet
521 838 206 37 hemställer,

635 934 48 27 att
706 931 184 37 riksdagen
914 932 67 36 må,
1008 933 78 30 med
1109 934 98 30 bifall
1232 935 50 29 till
1308 935 121 36 Kungl.
1456 934 118 38 Maj:ts
1599 936 185 30 framställ-

592 981 82 37 ning
694 982 67 30 och
787 983 78 29 med
887 984 117 36 avslag
1026 983 20 30 å
1068 984 174 31 motionen
1270 985 44 30 II:
1342 985 63 30 412
1431 985 10 30 i
1466 985 227 31 förevarande
1719 986 65 36 del,

591 1031 49 30 till
658 1031 252 32 Kolonisation:
933 1033 298 37 Understödjande
1250 1044 42 20 av
1310 1035 234 31 kolonisation
1562 1036 20 30 å
1600 1037 88 29 vissa
1706 1037 79 30 kro-

592 1082 174 36 noparker
789 1083 54 30 för
863 1083 201 37 budgetåret
1088 1080 140 36 1944/45
1251 1085 119 30 anvisa
1390 1088 47 28 ett
1460 1086 120 36 anslag
1601 1095 42 21 av
1664 1087 43 29 93
1721 1087 64 30 000

592 1132 137 31 kronor.

329 1262 108 40 145:0)
463 1264 260 31 Kolonisation:
745 1266 309 36 Understödjande
1074 1276 43 21 av
1136 1268 530 32 kolonisationsverksamheten
1688 1269 20 31 å
1732 1271 54 29 Al-

283 1315 114 29 träsks
419 1315 418 38 kolonisationsområde,
861 1317 275 37 förslagsanslag.
1168 1318 6 30 I
1197 1320 343 31 överensstämmelse
1561 1321 77 30 med
1661 1321 124 37 Kungl.

283 1363 115 39 Maj:ts
423 1365 113 30 under
560 1365 110 36 punkt
699 1366 61 30 145
784 1366 120 38 gjorda
930 1366 255 38 framställning
1208 1386 45 4 —
1277 1369 235 31 innebärande
1537 1371 248 36 anslagsanvis-

282 1415 82 37 ning
380 1415 54 31 för
453 1416 197 30 ändamålet
669 1417 51 30 till
739 1417 203 31 oförändrat
957 1419 126 36 belopp
1099 1436 45 4 —
1159 1420 198 30 hemställer
1374 1421 177 37 utskottet,

634 1511 49 27 att
703 1508 185 37 riksdagen
910 1508 59 31 må
992 1510 49 29 till
1063 1510 251 32 Kolonisation:
1340 1512 297 39 Understödjande
1660 1523 42 21 av
1725 1514 60 30 ko-

592 1558 467 32 lonisationsverksamheten
1085 1561 21 30 å
1130 1561 156 31 Alträsks
1313 1562 392 32 kolonisationsområde
1732 1565 55 30 för

591 1608 199 36 budgetåret
813 1607 135 42 1944/45
971 1610 119 31 anvisa
1110 1614 45 27 ett
1174 1612 268 38 förslagsanslag
1464 1623 43 21 av
1528 1615 96 30 4400
1645 1615 139 30 kronor.

329 1733 107 40 146:0)
473 1734 259 31 Kolonisation:
764 1736 158 36 Odlings-
949 1738 69 29 och
1045 1738 279 37 byggnadshjälp
1351 1738 35 31 åt
1413 1739 215 32 innehavare
1655 1750 42 21 av
1725 1742 60 29 od-

282 1783 293 37 lingslägenheter
591 1794 45 22 m.
652 1785 49 37 fl.,
718 1787 278 38 förslagsanslag.
1015 1787 114 31 Under
1144 1790 114 37 punkt
1278 1790 61 30 146
1355 1791 65 30 har
1436 1790 124 37 Kungl.
1578 1791 101 37 Maj:t
1696 1792 88 31 före-

280 1833 99 36 slagit
404 1834 185 36 riksdagen
613 1838 47 27 att
683 1835 50 33 till
759 1836 196 31 ändamålet
978 1837 57 31 för
1057 1839 97 30 nästa
1179 1839 166 37 budgetår
1370 1841 122 31 anvisa
1514 1845 46 27 ett
1582 1842 203 31 oförändrat

281 1884 117 36 anslag
415 1894 43 20 av
479 1886 62 29 100
555 1886 62 30 000
636 1886 139 30 kronor.

326 1934 14 29 I
359 1934 92 30 detta
468 1937 251 36 sammanhang
739 1937 66 30 har
823 1938 165 30 utskottet
1006 1939 51 30 till
1072 1939 220 38 behandling,
1312 1940 101 31 såvitt
1431 1941 108 37 angår
1558 1943 227 31 förevarande

282 1984 118 36 punkt,
422 1984 155 31 förehaft
599 1995 39 21 en
660 1987 95 30 inom
777 1988 108 30 andra
904 1988 205 31 kammaren
1131 1991 112 35 väckt,
1267 1991 50 30 till
1338 1992 165 31 utskottet
1524 1993 168 31 hänvisad
1712 2004 71 21 mo-

281 2034 81 36 tion,
389 2045 41 20 nr
455 2036 75 36 412,
556 2045 41 21 av
623 2037 121 30 herrar
769 2039 172 30 Jacobson
965 2040 67 29 och
1060 2040 113 38 Grym,
1200 2041 74 31 vari
1299 2042 202 37 hemställts,
1527 2047 49 27 att
1601 2044 183 37 riksdagen

281 2084 104 31 måtte
406 2086 145 36 besluta,
577 2090 47 27 att
650 2089 153 35 anslaget
827 2089 48 30 till
899 2089 249 32 Kolonisation:
1176 2091 157 37 Odlings-
1360 2094 65 29 och
1449 2094 277 39 byggnadshjälp
1749 2095 36 31 åt

280 2136 213 32 innehavare
512 2148 46 21 av
579 2139 330 37 odlingslägenheter
930 2151 46 21 m.
1000 2141 37 30 fl.
1060 2141 54 31 för
1133 2143 101 30 nästa
1256 2143 167 36 budgetår
1444 2144 100 37 höjes
1567 2145 50 30 till
1640 2145 64 31 500
1718 2145 63 31 000

280 2186 137 31 kronor.

302 2259 3 1 -
325 2237 226 31 Beträffande
568 2239 41 29 de
625 2239 86 36 skäl,
732 2249 76 21 som
825 2240 132 32 anförts
974 2241 52 31 till
1044 2243 75 29 stöd
1135 2242 56 31 för
1209 2244 184 36 motionen,
1412 2245 163 30 hänvisas
1593 2246 49 30 till
1659 2247 123 30 denna.

324 2337 99 31 Detta
452 2339 121 37 anslag
600 2340 38 30 är
664 2339 57 31 för
744 2340 233 32 innevarande
1003 2342 166 37 budgetår
1195 2344 145 36 uppfört
1366 2346 81 30 med
1478 2346 60 30 100
1553 2347 62 30 000
1643 2346 139 31 kronor.

281 2386 225 33 Beträffande
521 2389 306 33 bestämmelserna
843 2392 148 30 rörande
1009 2393 167 37 anslagets
1197 2395 222 37 användning
1436 2397 163 29 hänvisas
1616 2397 50 30 till
1683 2401 99 27 stats-

281 2437 149 37 liggaren
459 2448 25 21 s.
517 2440 72 30 698.
619 2440 194 37 Utgifterna
840 2441 77 31 från
944 2444 153 36 anslaget
1124 2445 176 36 uppgingo
1329 2445 55 32 för
1411 2446 202 37 budgetåret
1645 2444 138 43 1942/43
