2202 2655
707 183 251 29 Bankoutskottets
981 183 152 29 Memorial
1156 183 54 28 N:o
1234 184 25 27 1.
1749 183 38 28 45

287 261 78 37 Den
408 274 67 23 ena
516 260 40 36 af
584 260 320 37 riksbankshusets
934 260 93 37 båda
1053 259 206 64 ljusgårdar
1286 260 77 43 har,
1392 259 82 38 med
1501 258 176 38 afvikelse
1704 259 80 37 fran
1846 259 142 57 INbsbuks

187 313 44 36 de
277 315 93 34 1894
397 311 194 38 faststälda
618 313 242 46 ritningarna,
887 311 123 38 blifvit
1036 312 48 47 på
1111 312 61 36 det
1200 317 71 31 sätt
1297 311 150 46 ändrad,
1466 316 54 32 att
1538 325 177 22 murarna
1732 312 59 36 till
1926 312 5 5 |

187 364 45 36 de
258 364 237 46 vidliggande
531 364 363 46 vexlingslokalerna
921 364 113 49 något
1062 364 192 48 utflyttats,
1281 337 239 77 hvarigéndin
1550 362 57 37 för
1635 376 45 23 en
1709 371 82 28 ovä-

188 416 149 47 sentligt
365 415 96 36 ökad
488 416 157 35 kostnad
673 415 37 36 åt
736 415 240 36 riksbankens
1004 415 300 45 vexlingskassor
1331 415 144 35 kunnat
1492 414 152 37 beredas
1664 413 127 45 betyd-

188 467 69 46 ligt
283 473 116 30 större
427 472 185 39 utrymme
638 466 59 36 till
724 466 275 48 beqvämlighet
1026 465 58 37 för
1111 466 259 36 allmänheten.

289 518 317 36 Riksbankshuset
645 518 168 35 kommer
853 523 63 40 att,
952 519 12 34 i
1000 518 116 35 likhet
1141 518 85 35 med
1254 517 283 46 riksdagshuset,
1565 516 113 37 förses
1706 516 85 36 med

188 574 97 43 yttre
313 568 210 37 beklädnad
551 568 40 37 af
615 570 123 45 granit
755 568 58 37 för
832 582 43 23 en
898 569 156 36 kostnad
1074 569 77 36 dels
1172 569 115 46 enligt
1305 569 210 47 uppgjorda
1535 568 256 47 entreprenad-

189 620 91 37 aftal
321 621 68 35 och
430 620 77 36 dels
536 620 292 58 approximativt
867 620 188 36 beräknad
1095 620 58 36 till
1193 600 272 66 sammanlagdt
1500 619 100 36 cirka
1632 622 158 41 450,000

188 673 147 35 kronor.
389 672 53 36 De
482 671 112 36 nedre
634 672 187 46 partierna
860 672 104 35 skola
1003 670 140 37 utföras
1180 670 40 37 af
1245 670 182 47 Norrtelje
1454 671 215 36 mekaniska
1698 676 93 30 sten-

190 723 392 49 huggeri-aktiebolag,
623 736 79 22 som
744 722 40 36 af
808 723 187 36 desamma
1021 722 220 36 medhunnit
1270 727 18 32 5
1318 721 96 46 skift,
1442 722 58 36 till
1527 722 128 36 hvilka
1682 720 109 38 äfven

191 775 69 36 den
290 774 240 46 erforderliga
556 774 298 46 bakmurningen
881 773 145 36 utförts.

291 825 52 36 Af
372 825 368 46 inredningsarbeten
780 826 146 35 märkas
955 825 44 36 de
1026 824 118 36 under
1170 824 76 36 året
1273 824 149 36 utförda
1450 825 304 45 betonväggarna
1782 825 10 34 i

190 876 336 48 källarevåningen,
555 877 126 36 hvilka
707 876 12 36 i
744 876 43 36 de
811 875 242 49 afdelningar,
1074 888 78 23 som
1172 875 91 36 afses
1283 876 57 35 till
1358 874 126 38 förvar
1503 874 40 37 af
1558 875 90 48 guld
1667 889 46 22 m.
1734 889 57 31 m.,

189 927 148 37 försetts
366 927 84 36 med
479 927 259 47 stålpansring.

292 978 69 37 Om
391 978 248 48 uppsättande
665 979 12 35 i
704 983 100 31 stora
831 979 203 35 banksalen
1062 977 41 37 af
1126 981 43 34 10
1189 984 41 29 st.
1250 978 123 47 pelare
1393 976 40 37 af
1449 978 122 45 granit
1589 978 68 35 har
1675 977 119 37 under

192 1030 77 37 aret
295 1030 144 36 träffats
468 1029 350 47 entreprenadaftal.

292 1115 205 46 Pålningen
525 1114 57 36 för
609 1115 110 46 kajen
746 1114 63 37 vid
837 1114 295 47 riksdagshusets
1160 1114 108 36 södra
1290 1112 186 37 sidofasad
1496 1114 66 35 har
1581 1113 119 36 under
1719 1113 78 37 året
1832 1114 25 26 &
1877 1112 83 31 Kar.

192 1168 138 45 begynt
371 1166 140 36 utföras
552 1166 67 36 och
658 1179 50 22 nu
737 1165 168 36 afslutats
933 1166 47 48 på
1008 1179 44 23 en
1081 1166 153 45 sträcka,
1262 1165 261 36 motsvarande
1551 1165 122 36 denna
1701 1164 95 37 sido-

192 1217 123 36 fasads
344 1218 83 35 hela
453 1218 122 45 längd.
629 1217 154 36 Arbetet
810 1217 67 35 har
904 1218 79 35 icke
1006 1217 213 48 obetydligt
1237 1216 202 37 försvårats
1458 1217 68 35 och
1544 1216 175 48 fördröjts
1739 1217 58 35 till

193 1269 94 48 följd
323 1268 40 36 af
387 1269 71 35 den
486 1274 100 30 stora
612 1268 139 46 mängd
778 1269 123 47 gamla
927 1268 116 47 pålar,
1074 1281 78 23 som
1180 1267 47 48 på
1254 1267 122 49 grund
1404 1267 39 36 af
1467 1268 54 35 sin
1549 1269 106 44 ringa
1681 1267 114 46 längd

193 1320 161 36 saknade
381 1320 114 46 nödig
521 1320 168 45 bärighet
717 1320 65 35 och
812 1318 123 37 derför
961 1319 116 36 måste
1105 1319 210 48 uppdragas
1343 1319 69 35 och
1431 1317 229 46 bortforslas,
1681 1319 115 35 innan

193 1372 245 47 nedslagning
466 1370 40 36 af
529 1384 83 35 nya,
640 1371 218 46 tillräckligt
886 1370 109 46 långa
1022 1370 104 48 pålar
1152 1371 144 35 kunnat
1322 1370 159 48 vidtaga.
1534 1369 263 37 Motsvarande

192 1422 323 47 pålningsarbeten
555 1421 113 37 hafva
703 1422 117 35 under
860 1422 162 35 snarlika
1065 1421 258 36 förhållanden
1352 1422 152 35 anstälts
1531 1421 58 36 för
1617 1421 70 36 den
1715 1421 81 36 blif-

193 1474 120 36 vande
342 1474 108 45 kajen
479 1472 155 37 framför
661 1486 112 22 norra
800 1471 243 38 sidofasaden.

293 1559 146 45 Frågan
480 1571 61 23 om
581 1558 336 47 brobyggnaderna
952 1558 121 35 hvilar
1106 1556 242 43 fortfarande,
1382 1564 86 29 enär
1497 1557 61 35 det
1584 1556 175 48 yttrande
1786 1558 11 33 i

194 1609 160 45 ärendet,
395 1622 61 23 om
496 1610 110 35 hvars
646 1608 211 47 afgifvande
897 1608 276 46 framställning
1212 1609 114 45 gjorts
1365 1609 57 34 till
1454 1608 123 46 kongl.
1619 1615 84 39 väg-
1731 1608 67 35 och

194 1660 515 49 vattenbyggnadsstyrelsen,
737 1667 100 28 ännu
864 1660 80 36 icke
971 1659 135 36 hunnit
1133 1659 137 36 aflåtas.

294 1744 109 37 Hvad
444 1745 116 47 angår
600 1745 43 36 de
684 1745 137 44 firmor,
859 1758 78 22 som
974 1744 117 36 under
1125 1744 87 45 året,
1240 1743 89 38 efter
1358 1744 61 36 det
1446 1743 126 36 anbud
1597 1742 202 37 infordrats
1835 1744 137 56 fnrepre

500 1791 5 2 |
1870 1785 86 14 Sr

196 1797 68 35 och
304 1797 9 35 i
357 1796 153 47 behörig
550 1796 160 45 ordning
749 1794 176 48 pröfvats,
962 1794 125 38 blifvit
1118 1795 170 45 anlitade,
1315 1794 66 46 får,
1408 1796 12 35 i
1447 1795 116 35 likhet
1589 1794 85 37 med
1701 1794 99 37 hvad
1815 1812 174 22 ieverantörer.

196 1847 101 37 förut
324 1848 105 43 skett,
456 1848 166 35 komitén
649 1847 170 36 meddela
847 1846 246 48 förteckning:

296 1933 36 43 a)
351 1932 65 49 för
439 1939 90 40 yttre
556 1932 325 37 stenbeklädnaden

340 1999 184 49 Norrtelje
551 2001 215 36 mekaniska
793 2000 460 47 stenhuggeri-aktiebolag
1281 1996 162 49 (granit),

339 2050 267 47 Aktiebolaget
629 2052 205 47 Finspongs
854 2052 221 48 styckebruk
1096 2051 119 36 såsom
1235 2064 106 32 egare
1359 2051 57 35 till
1436 2048 250 39 Grafversfors
1706 2055 94 31 sten-

198 2104 154 47 huggeri
380 2100 164 49 (granit),

298 2156 135 35 firman
459 2154 168 36 Ericsson
655 2155 30 34 &
711 2153 212 47 Kjellström
952 2151 162 48 (granit),

298 2204 267 47 Aktiebolaget
592 2205 228 36 Lindströms
848 2205 276 47 stenhuggerier
1150 2204 46 47 på
1224 2203 160 38 Gotland
1413 2200 207 49 (kalksten),

300 2258 131 35 firman
462 2255 34 37 C.
525 2257 197 45 Wienberg
751 2253 213 50 (kalksten);
