1862 2788
501 152 122 31 Första
643 153 240 36 lagutskottets
903 152 177 31 utlåtande
1099 163 40 20 nr
1154 152 51 31 30.
1592 147 18 30 7

818 231 70 33 18.

147 298 13 29 I
187 298 99 39 fråga
311 307 57 21 om
393 299 106 29 vilket
526 299 102 30 basår
655 308 75 20 som
755 299 189 40 lämpligen
970 299 62 29 bör
1057 298 113 39 väljas
1196 299 55 30 för
1277 299 263 29 bestämmande
1566 308 43 20 av

99 348 57 30 det
178 348 125 40 högsta
324 349 136 40 belopp,
482 350 142 29 varmed
647 349 120 39 bolags
790 349 92 30 vinst
905 349 55 30 får
985 349 137 30 utdelas
1146 349 53 30 till
1225 349 236 39 aktieägarna,
1485 349 45 30 ha
1555 350 53 28 ut-

100 398 322 40 redningsmännen
450 399 128 34 anfört,
609 401 50 28 att
686 400 58 30 det
772 401 136 28 senaste
936 399 270 40 räkenskapsår,
1235 399 57 30 vid
1319 408 80 21 vars
1426 399 182 39 utdelning

99 449 257 40 fastlåsningen
378 450 112 30 skulle
509 451 122 29 kunna
650 451 64 38 äga
735 459 89 25 rum,
845 459 80 21 vore
945 450 39 30 år
1007 450 93 29 1946.
1123 450 203 30 Emellertid
1344 459 81 21 vore
1446 452 50 28 att
1516 450 91 30 mär-

100 501 56 33 ka,
178 503 50 27 att
248 501 180 29 vinsterna
449 501 111 30 under
580 502 38 29 år
641 501 83 30 1946
747 510 43 21 av
809 501 93 30 olika
924 501 230 38 anledningar
1173 510 82 20 vore
1275 501 90 38 höga
1385 501 11 29 i
1417 501 191 29 förhållan-

100 551 41 29 de
161 551 52 29 till
234 552 146 39 tidigare
404 552 38 29 år
463 555 91 27 samt
576 554 49 28 att
648 553 87 29 även
757 552 271 39 utdelningarna
1051 552 55 29 för
1128 552 155 29 nämnda
1305 552 38 29 år
1365 551 176 30 företedde
1564 560 43 21 en

101 602 70 29 viss
199 611 57 21 om
286 603 45 29 än
360 603 75 29 icke
466 612 97 21 mera
591 603 196 39 betydande
815 602 159 40 höjning.
1015 603 368 38 Utredningsmännen
1412 602 89 30 hade
1530 602 78 30 där-

100 652 55 30 för
181 654 173 38 övervägt,
382 662 57 20 om
464 654 76 29 icke
567 654 11 28 i
607 653 115 30 stället
748 653 296 40 räkenskapsåret
1072 653 82 30 1945
1183 653 106 30 borde
1315 653 112 39 väljas
1452 653 53 29 till
1530 652 77 30 bas-

101 704 38 29 år
166 704 55 29 för
249 704 359 39 utdelningsspärren.
637 704 104 30 Detta
769 704 112 29 skulle
911 704 145 39 givetvis
1083 704 169 33 medföra,
1280 705 50 28 att
1356 713 43 20 en
1426 703 54 30 del
1507 703 101 39 bolag

101 754 95 30 bleve
223 757 157 36 tvungna
407 756 61 33 att,
496 757 85 27 utan
612 757 50 27 att
690 755 169 38 åtgärden
887 764 80 20 vore
997 754 165 40 påkallad
1191 764 43 20 av
1262 754 230 30 ekonomiska
1521 754 86 33 skäl,

102 806 111 29 sänka
232 805 77 30 sina
324 805 213 30 kommande
557 805 223 39 utdelningar
797 805 12 29 i
825 805 221 29 förhållande
1063 805 53 29 till
1136 804 83 30 1946
1239 805 67 29 års.
1323 804 52 30 Då
1392 804 112 30 aktier
1519 805 12 29 i
1547 804 60 38 dy-

99 855 72 30 lika
197 856 101 38 bolag
321 856 118 29 kunde
463 856 45 29 ha
533 856 197 30 förvärvats
754 856 83 29 eller
861 856 158 29 belånats
1044 855 52 30 till
1122 856 140 33 värden,
1289 855 166 30 baserade
1479 855 44 40 på
1548 864 58 21 an-

99 907 165 38 tagandet
287 908 51 28 att
357 906 135 40 bolaget
514 907 112 29 skulle
645 907 123 29 kunna
788 906 173 30 bibehålla
982 906 54 30 sin
1056 906 183 39 utdelning
1258 906 57 29 vid
1338 905 83 30 1946
1444 906 56 30 års
1521 908 87 27 stor-

100 957 66 34 lek,
190 957 111 30 måste
325 957 90 30 valet
439 967 42 20 av
505 957 38 30 år
571 957 82 30 1945
680 966 74 20 som
779 957 102 29 basår
907 966 103 20 anses
1035 957 168 29 innebära
1228 966 43 20 en
1295 957 70 29 viss
1389 956 219 30 retroaktivi-

100 1010 48 27 tet
176 1008 11 29 i
214 1008 277 39 lagstiftningen,
518 1008 90 29 helst
637 1017 75 20 som
739 1008 67 29 den
834 1007 149 39 höjning
1009 1017 42 20 av
1078 1007 237 39 utdelningen,
1343 1016 74 20 som
1443 1007 11 29 i
1480 1007 128 38 ifråga-

100 1059 153 29 varande
272 1058 64 30 fall
357 1059 56 38 ägt
433 1067 80 21 rum
536 1058 54 30 för
611 1059 39 29 år
673 1058 95 35 1946,
791 1059 92 29 skett
904 1058 97 30 inom
1024 1067 121 20 ramen
1166 1058 55 29 för
1243 1067 43 20 en
1309 1057 220 40 lagstiftning
1550 1067 57 20 om

99 1109 448 39 utdelningsbegränsning.
567 1109 77 30 Med
664 1109 139 39 hänsyn
822 1109 53 29 till
895 1109 57 29 det
972 1109 106 39 sagda
1097 1109 65 29 och
1182 1108 44 30 då
1245 1108 362 39 utredningsmännen

99 1159 91 30 velat
214 1160 86 29 söka
320 1162 50 27 att
394 1160 57 29 vid
473 1159 261 40 uppställandet
758 1169 42 20 av
824 1160 76 29 sina
922 1159 133 39 förslag
1078 1160 11 28 i
1112 1159 184 39 görligaste
1318 1159 83 30 mån
1425 1159 118 29 lämna
1565 1159 42 29 de

98 1210 282 30 hittillsvarande
407 1210 271 39 utdelningarna
704 1211 216 33 oantastade,
946 1210 90 30 hade
1065 1210 233 39 utredningen
1325 1209 162 40 slutligen
1514 1211 93 28 stan-

102 1263 59 27 nat
184 1261 55 30 för
262 1263 50 28 att
335 1261 142 30 förorda
500 1261 38 30 år
562 1261 83 30 1946
670 1270 75 20 som
768 1261 113 30 basår.
906 1260 105 40 Varje
1034 1261 101 39 bolag
1161 1260 112 30 skulle
1299 1260 102 30 alltså
1424 1260 107 39 enligt
1555 1262 53 27 ut-

99 1312 341 39 redningsmännens
467 1312 132 39 förslag
625 1313 64 38 äga
716 1313 69 28 rätt
813 1314 49 27 att
889 1313 86 28 även
1004 1312 10 29 i
1039 1312 275 38 fortsättningen
1340 1311 189 30 verkställa
1554 1313 53 27 ut-

99 1362 142 40 delning
260 1372 42 20 av
324 1372 134 20 samma
478 1363 130 29 storlek
629 1372 74 20 som
724 1363 67 29 den
811 1362 117 30 vilken
947 1362 153 29 lämnats
1121 1362 56 29 för
1196 1362 295 39 räkenskapsåret
1513 1361 93 30 1946.

146 1414 52 29 En
221 1414 151 29 medlem
395 1423 43 21 av
458 1414 243 38 utredningen,
726 1413 80 30 herr
830 1414 250 33 Hermansson,
1104 1413 64 29 har
1191 1413 11 29 i
1226 1422 42 20 en
1292 1413 57 29 vid
1372 1412 236 30 betänkandet

98 1464 105 38 fogad
229 1464 212 29 reservation
465 1463 126 34 anfört,
613 1465 48 27 att
685 1463 106 37 enligt
814 1463 88 29 hans
926 1462 139 38 mening
1086 1462 290 37 räkenskapsåret
1401 1462 76 29 1945
1500 1462 107 29 borde

98 1514 46 29 ha
167 1515 105 38 tagits
294 1514 51 30 till
369 1514 112 29 basår.

144 1565 13 28 I
177 1565 58 29 sitt
255 1565 163 39 yttrande
436 1564 64 29 har
518 1564 403 39 Landsorganisationen
939 1582 45 2 —
1001 1564 79 29 med
1098 1564 138 39 hänsyn
1254 1563 53 29 till
1327 1565 49 28 att
1395 1563 213 39 bolagsvins-

98 1617 100 27 terna
216 1616 65 28 och
300 1616 12 29 i
328 1615 136 29 mindre
485 1615 246 39 utsträckning
750 1616 87 28 även
857 1614 271 39 utdelningarna
1147 1614 90 30 varit
1255 1613 242 40 exceptionellt
1517 1614 92 39 höga

102 1665 83 29 1946
208 1666 11 29 i
243 1666 205 39 jämförelse
472 1666 78 29 med
575 1666 147 38 tidigare
747 1666 38 29 år
808 1683 45 3 -—
874 1665 186 39 ifrågasatt
1086 1665 249 39 lämpligheten
1359 1674 42 20 av
1425 1666 49 28 att
1497 1664 111 30 utdel-

99 1716 173 39 ningarna
292 1716 11 29 i
324 1716 136 40 princip
483 1716 112 30 skulle
616 1716 166 30 fastlåsas
803 1716 53 29 till
882 1716 83 29 1946
988 1716 57 29 års
1069 1716 90 29 nivå.
1183 1715 181 30 Gentemot
1388 1715 220 38 utrednings-

99 1767 172 29 männens
295 1767 180 29 uttalande
498 1769 60 32 att,
582 1776 56 21 om
660 1769 48 27 ett
731 1767 146 38 tidigare
900 1767 38 29 år
959 1768 45 28 än
1028 1766 83 29 1946
1132 1766 118 30 valdes
1275 1775 74 20 som
1372 1766 111 34 basår,
1507 1766 100 38 lagen

101 1817 111 29 skulle
237 1817 36 30 få
296 1827 42 19 en
361 1817 70 29 viss
456 1818 191 29 retroaktiv
669 1818 131 28 verkan
826 1818 63 28 och
913 1817 214 38 framtvinga
1152 1816 379 39 utdelningssänkning
1553 1816 55 29 för

102 1868 93 29 vissa
219 1868 110 39 bolag,
354 1869 117 29 kunde
497 1868 180 33 invändas,
703 1870 50 27 att
778 1868 187 29 orättvisor
990 1868 175 39 knappast
1189 1868 118 28 kunde
1332 1867 174 29 undvikas
1531 1868 10 28 i
1566 1876 43 20 en

99 1918 97 38 dylik
227 1918 215 39 provisorisk
472 1918 65 38 lag.
570 1918 46 29 Ur
648 1917 408 38 landsorganisationens
1087 1917 220 39 synpunkter
1339 1917 192 29 framstode
1564 1926 43 19 en

101 1968 254 39 nedpressning
373 1977 42 20 av
431 1968 272 38 utdelningarna
720 1968 53 29 till
794 1967 81 30 1945
896 1968 56 29 års
970 1967 81 29 nivå
1069 1968 76 28 icke
1164 1976 75 20 som
1257 1976 42 20 en
1318 1967 207 39 orimlighet.
1543 1967 65 29 Det

100 2019 222 38 ifrågasattes
343 2018 130 34 därför,
493 2028 57 20 om
569 2018 76 30 icke
663 2018 273 38 utdelningarna
955 2018 54 29 för
1028 2018 39 29 år
1088 2017 82 30 1945
1190 2018 106 29 borde
1317 2017 112 39 väljas
1451 2027 73 20 som
1545 2017 62 29 bas

100 2069 56 29 vid
174 2069 279 29 bestämmandet
473 2079 42 19 av
533 2070 66 28 den
617 2069 190 29 maximala
827 2069 237 38 utdelningen.

144 2120 394 38 Departementschefen
567 2120 64 29 hav
658 2120 55 29 för
744 2120 53 28 sin
825 2120 53 28 del
909 2121 124 31 ansett,
1064 2121 49 27 att
1142 2119 41 29 de
1212 2119 206 38 erinringar,
1447 2128 73 20 som
1548 2128 60 20 an-

101 2170 89 29 förts
213 2173 72 26 mot
309 2171 89 28 valet
422 2180 41 20 av
487 2171 38 29 år
551 2170 82 29 1946
658 2180 74 19 som
757 2170 112 33 basår,
894 2170 75 29 icke
994 2170 105 29 borde
1123 2170 181 29 föranleda
1329 2170 213 38 frångående
1566 2178 42 20 av

101 2220 176 38 förslagel.
302 2221 77 28 Han
402 2221 117 28 kunde
544 2220 9 28 i
579 2222 85 26 stort
690 2222 65 26 sett
779 2220 140 28 ansluta
943 2220 51 37 sig
1019 2219 51 29 till
1095 2219 42 29 de
1164 2219 229 39 synpunkter,
1420 2229 73 19 som
1517 2219 10 28 i
1553 2219 56 29 be-

98 2271 193 28 tänkandet
320 2271 135 28 anförts
483 2270 51 29 till
564 2271 75 28 stöd
668 2271 55 28 för
753 2270 251 37 utredningens
1035 2269 197 38 wmajoritets
1262 2269 344 38 ställningstagande.

101 2321 129 29 Därvid
261 2321 88 29 fäste
376 2319 386 39 departementschefen
790 2319 132 38 jämväl
950 2319 169 29 avseende
1147 2319 56 29 vid
1230 2319 185 37 förslagets
1441 2319 167 29 karaktär

101 2381 42 19 av
171 2370 237 40 kompromiss
440 2370 128 29 mellan
600 2370 112 29 skilda
747 2369 279 39 uppfattningar,
1059 2369 105 29 vilket
1197 2369 106 29 borde
1336 2368 190 34 föranleda,
1558 2371 49 27 att

101 2422 192 29 avvikelser
314 2421 43 39 på
378 2420 172 29 särskilda
572 2420 152 39 punkter
747 2420 74 29 icke
842 2420 104 28 borde
969 2420 70 31 ske,
1063 2420 76 28 med
1163 2419 135 29 mindre
1322 2419 117 29 starka
1462 2420 72 28 skäl
1560 2421 49 27 ta-

102 2472 74 29 lade
198 2472 130 29 därför.
