1914 2794
383 195 185 29 Allmänna
577 192 406 39 beredningsutskottets
999 190 179 30 utlåtande
1193 199 43 20 nr
1250 190 41 28 33
1307 189 38 29 år
1363 188 82 29 1966
1637 186 19 29 3

173 276 146 29 vårdare
340 275 86 29 fann
446 274 168 39 styrelsen
635 272 266 31 beaktansvärd.
923 272 49 29 De
994 271 10 29 i
1024 270 177 30 motionen
1223 268 147 30 anförda
1392 266 264 40 synpunkterna

174 321 10 28 i
206 320 98 38 fråga
323 329 57 20 om
400 319 144 29 behovet
564 327 42 20 av
626 327 42 20 en
689 317 97 39 dylik
808 313 439 40 utbildningsverksamhet
1270 311 311 30 överensstämmer
1604 310 52 29 så-

175 365 108 29 lunda
303 364 78 29 med
402 364 67 29 den
489 363 139 38 mening
650 362 169 39 styrelsen
842 361 144 38 tidigare
1008 359 81 39 givit
1112 358 139 39 uttryck
1273 357 44 29 åt.

218 408 225 30 Beträffande
471 407 260 38 utbildningens
760 405 91 29 form
880 404 63 30 har
973 402 371 40 familjeberedningen
1374 400 133 33 uttalat,
1537 401 49 27 att
1615 398 41 29 de

174 453 208 39 kursplaner
403 461 75 20 som
497 451 155 29 används
674 451 56 28 vid
750 449 197 38 utbildning
968 458 42 20 av
1029 446 272 31 barnsamariter
1323 446 11 29 i
1354 445 74 29 sina
1449 443 207 38 huvuddrag

174 497 105 30 borde
300 497 120 29 kunna
441 496 90 39 ligga
550 496 51 29 till
624 495 113 39 grund
758 494 54 29 för
834 494 170 28 kurserna
1026 492 53 29 för
1101 490 330 40 dagbarnsvårdare.
1453 489 63 29 Det
1539 487 117 29 kunde

172 542 107 38 enligt
303 541 233 38 beredningen
561 549 102 20 anses
688 538 259 40 betydelsefullt
972 539 50 27 att
1048 533 544 41 dagbarnsvårdarutbildningen
1619 532 37 28 så

174 586 138 39 mycket
336 594 74 21 som
435 584 136 39 möjligt
594 584 115 29 anslöt
733 583 51 29 till
810 580 399 38 samaritutbildningen.
1231 579 262 30 Motionärerna
1515 577 63 29 har
1604 578 51 27 ut-

173 630 135 30 vecklat
330 630 114 29 denna
464 629 104 29 tanke
590 628 64 29 och
677 627 147 30 föreslår
846 636 42 20 en
911 625 226 38 samordning
1158 634 42 19 av
1222 622 355 40 grundutbildningen
1602 621 53 28 för

173 674 41 29 de
233 676 51 27 tre
304 673 240 39 kategorierna
563 672 276 33 hemsamariter,
860 669 272 31 barnsamariter
1152 668 65 29 och
1238 666 319 39 dagbarnsvårdare
1577 665 79 29 med

174 728 43 19 en
243 718 108 39 därpå
377 718 78 38 lagd
482 716 337 40 specialutbildning.
848 715 174 39 Styrelsen
1049 722 111 25 anser,
1188 714 50 28 att
1266 712 93 29 detta
1386 712 37 28 är
1451 712 48 27 ett
1526 710 130 37 förslag

174 772 75 20 som
272 762 61 29 bör
356 762 142 29 beaktas
519 761 79 30 med
622 761 138 38 hänsyn
783 760 52 29 till
858 760 56 29 det
938 758 157 39 stigande
1118 757 146 29 behovet
1288 766 41 19 av
1352 755 159 40 personal
1537 754 53 29 för
1615 754 40 29 de

174 808 117 38 öppna
302 806 275 29 vårdområdena
592 807 90 27 samt
697 804 281 30 önskvärdheten
992 812 42 20 av
1047 804 49 28 att
1112 801 156 30 utbildad
1283 799 211 31 arbetskraft
1510 799 36 29 så
1561 798 94 38 långt

173 851 137 39 möjligt
334 851 243 37 tillvaratages.
602 850 53 29 En
679 849 172 29 eventuell
875 847 222 39 omläggning
1113 856 52 20 av
1189 845 257 39 kursplanerna
1471 844 53 29 får
1541 843 114 38 enligt

174 896 187 39 styrelsens
380 894 140 39 mening
537 894 88 30 dock
644 894 70 29 inte
732 893 107 29 verka
856 892 195 29 hindrande
1070 891 43 39 på
1132 891 66 28 den
1216 887 439 40 utbildningsverksamhet

174 949 74 20 som
270 940 107 28 redan
399 939 106 39 pågår
527 939 81 28 eller
631 938 159 38 fördröja
813 938 65 28 den
901 936 155 30 önskade
1078 934 242 38 utbildningen
1342 943 42 20 av
1405 932 250 39 dagbarnsvår-

174 985 92 28 dare.

218 1028 12 28 I
256 1028 89 39 syfte
369 1030 49 27 att
441 1027 101 39 vidga
566 1025 438 40 familjedaghemsvården
1028 1024 63 29 och
1115 1023 86 39 höja
1224 1023 78 29 dess
1328 1021 165 30 standard
1517 1021 64 29 har
1606 1021 49 28 fa-

173 1072 333 39 miljeberedningen
530 1071 105 29 bland
661 1073 107 27 annat
794 1069 203 33 framhållit,
1024 1070 49 27 att
1099 1067 226 39 möjligheten
1351 1068 49 28 att
1425 1065 124 29 bereda
1576 1065 79 36 dag-

172 1116 282 30 barnsvårdarna
472 1115 181 39 avlösning
674 1122 123 31 genom
818 1114 98 39 hjälp
938 1123 42 19 av
999 1112 273 29 barnsamariter
1294 1111 80 28 eller
1395 1109 260 29 hemvårdarin-

173 1170 64 20 nor
255 1161 105 29 borde
380 1160 215 29 undersökas
616 1159 70 30 inte
705 1159 85 29 bara
808 1158 57 29 vid
886 1157 249 39 sjukdomsfall
1156 1156 64 29 och
1241 1155 110 39 dylikt
1372 1156 84 28 utan
1476 1153 105 30 också
1602 1154 53 28 för

173 1207 51 27 att
242 1205 71 29 inte
332 1204 365 39 dagbarnsvårdarnas
717 1203 147 29 intresse
884 1203 54 29 för
957 1201 183 39 uppgiften
1161 1200 111 30 skulle
1291 1200 160 29 hämmas
1471 1206 122 30 genom
1614 1206 41 20 en

172 1249 118 30 alltför
312 1251 72 27 stor
404 1248 210 30 bundenhet.
637 1248 201 30 Uttalandet
860 1246 203 30 föranledde
1084 1246 102 38 ingen
1208 1244 139 29 erinran
1370 1243 78 29 från
1462 1243 192 28 förbunds-

174 1294 187 39 styrelsens
379 1293 86 29 sida.
485 1292 245 39 Stödåtgärder
749 1301 43 20 av
810 1292 94 29 detta
923 1291 73 38 slag
1014 1290 123 29 kräver
1158 1289 115 29 såsom
1293 1288 136 39 påvisas
1449 1288 10 28 i
1478 1287 174 29 motionen

172 1337 192 30 emellertid
391 1347 41 19 en
460 1338 109 28 större
595 1337 146 38 tillgång
766 1336 51 29 till
834 1335 293 30 :barnsamariter.
1156 1333 174 39 Styrelsen
1356 1332 152 30 biträder
1536 1331 117 29 därför

173 1371 274 51 motionärernas
468 1381 211 29 hemställan
696 1390 57 20 om
767 1382 54 28 att
833 1381 94 28 även
940 1379 150 29 behovet
1109 1387 42 20 av
1169 1377 91 30 ökad
1280 1376 196 38 utbildning
1495 1385 41 20 av
1554 1375 100 29 barn-

173 1426 182 29 samariter
376 1426 106 29 måtte
502 1425 154 29 beaktas.

218 1487 290 30 Stadsförbundet
530 1487 129 28 uttalar
682 1486 55 29 för
759 1486 54 29 sin
836 1486 54 29 del
912 1485 203 29 härutöver:

216 1549 383 38 Familjeberedningen
628 1548 64 29 har
721 1547 203 34 framhållit,
955 1548 50 28 att
1035 1547 56 29 det
1120 1545 234 30 förekommer
1384 1546 48 27 ett
1460 1543 195 40 betydande

172 1594 95 28 antal
282 1593 294 38 familjedaghem,
593 1602 74 20 som
683 1593 70 28 inte
768 1591 221 30 kommunalt
1005 1590 214 29 förmedlats.
1235 1590 12 28 I
1262 1589 118 39 dylika
1395 1589 60 29 fall
1471 1597 53 20 ses
1540 1588 115 28 säker-

172 1638 92 38 ligen
280 1637 233 29 förhållandet
529 1637 11 29 i
556 1636 190 30 allmänhet
764 1645 74 20 som
855 1638 47 27 ett
918 1637 77 27 rent
1012 1634 158 40 uppdrag
1187 1634 53 29 för
1259 1633 393 38 »dagbarnsmamman>

173 1683 50 28 att
238 1700 43 2 —
297 1681 106 30 oftast
419 1682 109 38 jämte
544 1689 86 30 egna
647 1681 86 29 barn
749 1699 44 2 —
808 1680 45 30 ha
870 1680 94 29 hand
982 1689 56 19 om
1057 1679 179 37 släktings,
1255 1686 147 30 grannes
1421 1677 81 29 eller
1520 1685 135 20 annans

171 1726 97 29 barn.
289 1725 93 29 Även
403 1726 10 29 i
433 1726 109 37 övrigt
563 1734 102 30 synes
686 1724 367 39 dagbarnsvårdarnas
1075 1723 165 38 ställning
1262 1722 53 29 för
1336 1721 216 30 närvarande
1573 1729 81 20 vara

173 1770 108 29 sådan
303 1772 49 27 att
374 1779 80 20 man
475 1770 105 38 enligt
602 1769 188 40 styrelsens
812 1769 141 38 mening
974 1768 70 29 inte
1065 1768 68 28 kan
1156 1767 68 29 tala
1247 1775 56 20 om
1326 1765 207 40 »yrkeskår»
1558 1765 10 28 i
1588 1765 66 28 den

172 1814 175 39 betydelse
367 1814 258 29 motionärerna
645 1814 115 38 lägger
780 1814 10 28 i
810 1814 195 37 begreppet.

832 1918 168 31 Utskottet

216 1991 65 29 Vid
303 1991 91 29 årets
414 1991 141 38 riksdag
576 1991 63 29 har
662 1990 125 39 Kungl.
810 1990 104 38 Maj:t
936 1990 12 28 i
969 1989 149 29 särskild
1142 1988 214 39 proposition
1385 1987 56 28 (nr
1465 1986 57 33 54)
1550 1987 105 28 fram-

172 2044 69 39 lagt
270 2044 130 38 förslag
427 2044 177 39 angående
632 2044 82 29 ökat
743 2044 131 37 statligt
903 2043 77 29 stöd
1008 2042 51 29 till
1088 2043 209 36 barnstugor
1326 2050 101 20 m.m.
1456 2040 12 29 i
1496 2040 90 28 form
1614 2049 40 19 av

171 2097 146 38 kraftigt
342 2097 110 29 ökade
476 2097 120 38 bidrag
621 2097 52 29 till
699 2096 331 38 barndaghemmen.
1056 2095 73 29 Vad
1156 2094 105 39 gäller
1288 2093 366 39 familjedaghemmen

173 2149 249 39 understrykes
440 2149 8 28 i
466 2149 259 39 propositionen
745 2149 125 28 liksom
890 2149 9 27 i
917 2148 66 29 den
1001 2147 50 29 till
1071 2147 111 38 grund
1202 2147 53 28 för
1274 2146 204 29 densamma
1496 2145 157 38 liggande

172 2203 230 37 utredningen
427 2212 42 19 av
493 2202 370 38 familjeberedningen
888 2201 119 28 vikten
1032 2210 41 19 av
1098 2200 63 37 god
1188 2199 142 38 tillgång
1356 2200 84 28 även
1467 2199 49 28 till
1542 2199 112 28 denna

171 2254 278 38 vårdmöjlighet.
475 2254 134 37 Frågan
634 2254 123 28 härom
782 2262 101 20 anses
907 2252 191 29 emellertid
1124 2252 131 28 behöva
1280 2251 197 38 ytterligare
1503 2251 149 31 utredas,

171 2308 65 29 och
255 2317 40 19 en
316 2307 149 29 särskild
485 2307 289 38 utredningsman
794 2306 61 29 har
876 2305 180 29 tillkallats
1077 2305 52 28 för
1149 2305 93 28 detta
1263 2304 172 29 ändamål.
1456 2304 62 28 Det
1539 2303 116 39 påtag-

174 2361 64 37 liga
255 2360 145 29 behovet
416 2370 41 19 av
474 2359 195 37 utbildning
687 2359 53 29 för
757 2359 144 28 vårdare
918 2358 93 28 inom
1031 2357 275 38 familjevården,
1325 2356 328 37 dagbarnsvårdare,

173 2414 96 28 torde
291 2413 191 29 emellertid
505 2412 119 29 kunna
647 2412 9 28 i
680 2411 69 29 viss
774 2411 79 28 mån
877 2410 198 38 tillgodoses
1099 2412 82 26 utan
1206 2409 171 29 avvaktan
1402 2409 42 38 på
1467 2409 112 28 denna
1605 2411 50 26 ul-

172 2466 155 38 redning,
349 2466 42 29 då
411 2465 109 29 sådan
541 2464 196 38 utbildning
757 2472 101 30 synes
881 2463 118 28 kunna
1020 2462 218 38 organiseras
1260 2462 92 28 inom
1374 2471 119 19 ramen
1516 2462 52 28 för
1589 2462 64 28 den

173 2519 197 37 utbildning
394 2527 41 20 av
460 2518 89 29 vissa
574 2517 110 29 andra
710 2516 192 38 kategorier
928 2525 41 20 av
994 2516 246 37 vårdpersonal
1268 2524 72 19 som
1368 2515 105 28 redan
1499 2514 155 29 bedrives
