2202 2644
630 189 382 41 Bevillningsutskottets
1038 190 179 32 Memorial
1242 191 67 32 N:o
1337 193 52 30 21.
1747 192 22 32 5

308 267 207 49 Utskottet,
545 281 82 25 som
654 282 111 25 anser
793 269 113 38 dessa
933 270 219 38 kamrarnes
1179 270 134 50 beslut,
1344 274 41 35 så
1412 271 81 37 vidt
1518 271 46 37 de
1585 272 118 38 strida
1722 279 81 32 mot

205 319 223 48 hvarandra,
469 320 84 38 icke
595 320 126 38 kunna
758 322 153 49 afgöras
941 322 162 38 medelst
1130 336 221 35 gemensam
1379 324 252 50 omröstning,
1661 325 58 37 får
1745 326 56 37 till

206 371 85 37 stöd
320 371 59 38 för
407 371 58 38 sin
493 372 248 51 uppfattning
768 374 133 38 anföra
928 374 186 48 följande:

309 422 123 39 Sedan
462 424 63 38 vid
556 426 96 36 1883
683 428 60 35 års
771 426 307 50 riksdag
934 418 17 65 i
967 426 111 50 fråga
1092 440 61 24 om
1168 427 281 49 behandlingen
1464 428 42 37 af
1522 428 279 51 skattskyldigs

208 474 57 37 till
295 475 495 50 bevillningsberedningen
818 477 209 38 aflemnade
1056 479 196 50 uppgifter
1279 479 198 38 kamrarne
1498 485 153 33 stannat
1669 481 12 36 i
1702 481 100 38 olika

205 526 135 48 beslut,
369 527 11 37 i
409 527 65 37 det
514 528 136 37 Första
691 529 230 38 Kammaren
957 535 127 33 ansett
1112 536 53 31 ett
1192 531 210 50 föreslaget
1430 531 212 48 stadgande
1670 533 131 37 derom

204 579 92 37 böra
337 580 80 36 afse
446 580 160 37 allenast
633 580 174 51 frivilligt
834 581 200 38 meddelad
1061 582 164 50 uppgift,
1255 582 47 37 då
1329 583 171 37 deremot
1527 583 130 38 Andra
1686 585 115 37 Kam-

206 644 129 23 maren
376 637 128 32 ansett
526 632 142 50 jemväl
698 632 180 38 särskildt
903 634 196 37 infordrad
1128 634 152 50 uppgift
1307 635 91 37 böra
1425 635 120 37 under
1573 636 229 50 stadgandet

207 683 232 50 inbegripas,
467 684 69 37 har
564 684 420 50 bevillningsutskottet
1010 685 12 37 i
1051 686 66 37 sitt
1145 687 193 37 memorial
1355 700 64 24 n:o
1442 689 60 46 16,
1522 688 170 48 punkten
1712 689 88 49 6:0),

204 735 182 37 förklarat
427 736 61 50 sig
528 750 90 24 anse
661 736 124 38 denna
827 737 107 50 fråga
974 738 84 37 icke
1100 751 89 25 vara
1231 739 42 37 af
1301 738 263 39 beskaffenhet
1591 746 55 32 att
1673 741 128 38 kunna

204 792 113 43 göras
358 788 57 37 till
453 788 158 38 föremål
639 788 60 38 för
725 802 221 37 gemensam
976 790 252 49 omröstning,
1256 791 195 38 hvarefter
1478 791 125 38 denna
1630 793 170 50 uppfatt-

203 839 94 49 ning
324 839 125 38 blifvit
476 841 42 36 af
542 840 199 38 kamrarne
770 841 191 49 godkänd.
1222 865 2 3 |

310 891 66 37 Ett
403 892 220 50 ytterligare
653 893 87 37 stöd
767 893 122 37 finner
915 894 188 37 utskottet
1131 894 234 49 derutinnan,
1394 900 57 33 att
1479 897 118 36 sedan
1617 896 62 38 vid
1702 898 96 36 1865

205 963 35 6 —
260 945 96 35 1866
399 947 111 34 årens
547 945 158 49 riksdag
744 945 266 50 ridderskapet
1052 947 72 36 och
1166 946 112 38 adeln
1319 947 156 49 afslagit
1517 962 48 23 en
1592 948 208 37 utskottets

204 996 225 37 hemställan
458 1010 61 23 om
547 997 196 37 föreskrift
770 1002 55 32 att
857 998 228 37 ordförande
1114 998 11 36 i
1145 998 443 52 bevillningsberedning
1607 1003 47 47 på
1672 1000 129 38 landet

205 1047 120 37 skulle
368 1061 88 24 vara
496 1049 120 36 »helst
653 1049 104 37 inom
785 1049 191 38 distriktet
1005 1050 178 48 boende»,
1213 1064 85 24 men
1327 1051 46 38 de
1402 1052 126 49 öfriga
1555 1053 245 37 riksstånden

204 1099 109 49 gillat
352 1101 207 37 utskottets
602 1101 155 50 förslag,
799 1115 86 23 man
926 1108 126 31 ansett
1083 1103 164 37 nämnda
1280 1104 185 49 stagande
1493 1118 92 23 vara
1612 1104 42 38 af
1676 1105 124 48 regle-

204 1152 208 37 mentarisk
452 1158 111 31 natur
600 1159 97 31 samt
734 1154 147 37 således
909 1159 59 32 tre
996 1155 132 37 stånds
1157 1157 408 37 sammanstämmande
1592 1156 125 38 beslut
1742 1163 57 30 ut-

204 1209 94 43 göra
324 1204 132 37 Rikets
486 1205 196 49 Ständers,
711 1206 119 37 under
858 1206 75 48 det,
963 1207 121 49 enligt
1109 1207 46 36 då
1172 1207 175 49 gällande
1365 1208 281 48 bestämmelse,
1668 1208 130 37 bevill-

203 1256 223 49 ningsfråga
465 1257 85 37 bort
590 1257 62 37 vid
694 1271 47 23 en
783 1257 116 38 sådan
940 1261 146 47 utgång
1126 1259 102 37 inom
1271 1260 159 36 stånden
1460 1260 253 38 öfverlemnas
1742 1260 57 37 till

205 1308 209 48 afgörande
443 1310 43 35 af
509 1309 185 37 förstärkt
721 1309 392 49 bevillningsutskott.

306 1360 197 38 Utskottet
542 1361 121 37 finner
702 1361 146 37 således
890 1362 252 37 förevarande
1176 1363 108 49 fråga
1311 1363 113 37 hafva
1451 1363 174 47 förfallit;
1654 1363 145 38 hvilket

204 1412 185 37 utskottet
416 1413 157 37 härmed
601 1413 57 37 får
685 1413 61 37 för
774 1413 218 50 Riksdagen

704 1516 157 38 anmäla.

967 1641 70 34 3:0;

306 1722 196 37 Utskottet
538 1723 96 36 hade
671 1723 192 48 hemstält,
892 1729 55 31 att
985 1726 45 35 31
1062 1724 21 49 $
1111 1724 12 36 i
1151 1725 504 49 bevillningsförordningen
1683 1730 115 34 måtte

203 1773 140 38 erhålla
370 1774 169 49 följande
568 1774 161 49 lydelse:

306 1828 40 34 »I
375 1840 103 23 mom.
533 1826 138 37 Derest
710 1826 13 36 i
763 1826 169 48 afgifven
969 1827 154 49 uppgift
1151 1827 92 37 eller
1275 1828 235 50 upplysning
1538 1829 120 49 enligt
1688 1832 44 34 16
1763 1830 33 49 8,

208 1880 43 34 17
284 1877 33 49 $,
350 1879 44 34 18
425 1876 33 50 $,
488 1879 46 35 21
566 1877 21 50 $
616 1878 92 37 eller
737 1880 48 35 25
805 1877 21 50 $
846 1878 259 50 skattskyldig
1133 1879 91 37 eller
1242 1880 242 49 förmyndare
1505 1881 90 37 eller
1613 1881 79 50 god
1711 1896 86 22 man

204 1929 59 36 för
291 1930 115 36 sådan
434 1935 80 31 mot
540 1930 124 36 bättre
693 1931 161 36 vetande
874 1930 140 37 lemnat
1035 1931 158 49 origtigt
1217 1932 248 37 meddelande
1485 1932 71 37 och
1576 1933 220 49 derigenom

204 1981 85 36 från
330 1980 175 50 taxering
545 1982 255 48 undandragit
827 1982 179 47 inkomst,
1037 1983 94 36 skall
1161 1983 63 37 vid
1253 1983 73 37 den
1354 1984 442 50 taxeringsförrättning,

204 2032 46 37 då
277 2033 212 36 kännedom
521 2033 160 37 erhålles
711 2047 59 23 om
801 2034 133 36 sådant
963 2035 157 47 svikligt
1147 2035 229 47 förfarande,
1412 2036 75 37 den
1517 2036 279 50 skattskyldige

204 2084 179 36 särskildt
423 2089 151 32 taxeras
616 2085 58 36 för
716 2085 72 36 den
830 2085 178 46 inkomst,
1038 2086 155 36 hvarför
1221 2087 211 48 bevillning
1459 2087 56 36 till
1543 2088 93 48 följd
1667 2089 42 36 af
1733 2089 64 36 be-

203 2135 112 36 rörda
348 2136 218 36 förfarande
601 2136 81 36 icke
720 2136 124 36 blifvit
880 2137 152 48 påförd;
1064 2137 70 36 och
1168 2138 86 36 böte
1284 2138 72 36 den
1385 2139 280 49 skattskyldige
1694 2140 101 46 eller,

203 2186 67 36 der
298 2186 73 36 den
401 2187 166 48 origtiga
594 2187 202 49 uppgiften
825 2187 161 37 lemnats
1016 2189 41 36 af
1074 2189 241 48 förmyndare
1343 2189 92 37 eller
1454 2190 77 48 god
1552 2204 99 33 man,
1673 2191 123 36 denne

204 2243 54 31 ett
299 2237 149 50 belopp,
491 2239 265 36 motsvarande
796 2240 74 36 fem
913 2242 147 46 gånger
1093 2240 71 37 den
1194 2240 219 49 bevillning,
1453 2255 80 22 som
1563 2255 140 35 genom
1732 2242 65 37 det

203 2288 163 50 svikliga
395 2290 234 37 förfarandet
657 2291 273 49 undandragits
960 2292 156 36 kronan.
1173 2292 82 48 Lag
1282 2306 143 23 samma
1453 2306 100 35 vare,
1582 2294 68 36 der
1668 2297 127 46 någon
