1894 2788
424 161 122 40 Tredje
564 160 245 40 lagutskottets
827 160 178 30 utlåtande
1022 169 42 20 nr
1080 160 42 29 28
1139 160 38 29 år
1195 159 83 30 1966
1555 160 41 30 25

112 241 150 29 utanför.
279 241 64 39 Jag
359 241 63 29 har
440 240 193 30 framhållit
651 242 50 28 att
717 241 113 29 denna
847 240 220 29 konsekvens
1086 249 41 19 av
1144 239 56 29 det
1218 238 200 39 uppställda
1434 237 160 29 villkoret

111 295 53 28 får
184 302 101 21 anses
306 294 219 38 fördelaktig.
546 294 44 29 är
610 303 42 20 en
673 293 368 39 näringsverksamhet
1062 292 37 30 så
1120 292 138 39 speciell
1280 292 82 29 eller
1384 291 91 29 drivs
1498 291 65 28 den
1586 290 9 28 i

111 348 37 29 så
165 348 83 29 liten
266 348 221 39 omfaitning,
504 349 49 28 att
570 347 219 40 lagstiftaren
806 347 70 30 inte
893 347 118 29 funnit
1028 346 76 29 skäl
1122 346 120 39 ålägga
1261 345 165 29 utövaren
1445 344 151 39 skyldig-

110 402 59 28 het
192 404 50 27 att
263 401 77 30 föra
363 401 285 34 handelsböcker,
672 401 62 29 bör
757 401 70 28 inte
851 400 108 29 heller
983 400 66 29 den
1074 399 309 39 kreditmöjlighet,
1408 407 74 20 som
1507 398 89 29 före-

113 455 321 39 lagsinteckningen
454 454 154 34 innebär,
629 454 54 30 stå
700 455 51 28 till
772 454 204 39 förfogande
997 454 54 28 för
1070 453 141 29 honom.
1231 453 64 29 Det
1314 452 62 29 bör
1396 452 200 32 anmärkas,

111 510 50 27 att
181 509 140 29 kretsen
343 518 42 20 av
405 507 365 40 bokföringsskyldiga
791 507 70 30 kan
883 507 142 29 komma
1047 509 48 27 att
1117 506 119 39 vidgas
1258 506 10 29 i
1290 515 41 21 en
1355 505 142 29 framtid
1521 514 74 20 som

111 563 48 28 ett
183 562 146 29 resultat
354 572 42 20 av
419 562 66 29 den
507 562 148 38 översyn
680 571 42 20 av
744 561 318 39 bokföringslagen,
1087 560 117 29 vilken
1229 560 23 29 f.
1278 569 32 19 n.
1336 559 115 39 pågår.
1479 559 117 29 Skulle

114 615 247 39 utvidgningen
380 615 47 30 bli
445 615 169 40 väsentlig
632 615 62 29 bör
713 614 177 30 måhända
909 614 122 39 frågan
1053 623 55 20 om
1131 613 234 29 förhållandet
1384 613 51 28 till
1456 612 139 29 kretsen

112 678 41 20 av
170 669 41 30 de
227 669 436 39 inteckningsberättigade
680 668 195 39 omprövas.

155 723 64 38 Jag
244 722 63 29 har
333 723 10 29 i
369 723 56 29 det
450 722 207 38 föregående
684 721 194 30 framhållit
903 722 50 28 att
977 721 122 28 kravet
1124 720 44 40 på
1193 719 405 39 bokföringsskyldighet

112 776 61 29 bör
193 776 256 38 upprätthällas
469 776 78 29 med
568 776 70 29 viss
659 775 189 39 stränghet.
870 775 12 29 I
903 776 48 28 ett
970 774 151 29 bestämt
1140 773 198 30 hänseende
1358 773 39 29 är
1416 773 60 39 jag
1496 773 102 29 emel-

111 830 102 29 lertid
233 830 128 29 beredd
381 831 49 28 att
450 829 81 39 göra
550 829 70 29 viss
641 828 258 40 inskränkning
918 829 11 28 i
949 828 95 29 detta
1064 828 96 29 krav.
1181 827 102 29 Detta
1304 826 293 39 sammanhänger

112 884 79 29 med
216 884 167 39 följande.

157 937 215 29 Kommittén
400 937 64 29 har
492 936 179 39 föreslagit
700 938 50 27 att
778 935 226 40 möjligheten
1033 936 51 28 att
1111 936 35 28 ta
1175 936 38 28 ut
1243 933 357 40 företagsinteckning

113 991 89 28 skall
231 991 52 29 stå
311 990 113 39 öppen
452 990 69 30 inte
549 990 88 29 blott
665 989 55 30 för
746 989 367 39 bokföringsskyldiga
1142 987 265 40 näringsidkare
1436 996 41 20 av
1506 987 91 28 olika

113 1044 73 39 slag
210 1045 85 28 utan
318 1044 106 30 också
448 1044 53 29 för
523 1043 245 38 jordbrukare,
792 1043 86 29 även
903 1051 57 21 om
984 1042 102 29 dessa
1109 1042 71 29 inte
1204 1042 38 29 är
1266 1041 158 39 skyldiga
1448 1042 50 27 att
1522 1040 77 29 föra

112 1097 286 29 handelsböcker.
425 1096 413 40 Företagsinteckningen
866 1104 98 21 avses
990 1096 131 29 ersätta
1147 1095 66 30 den
1240 1094 201 30 nuvarande
1468 1094 132 29 inteck-

112 1152 128 39 ningen
263 1152 11 29 i
297 1151 405 40 jordbruksinventarier
726 1151 64 29 och
814 1151 87 29 även
925 1150 229 39 möjligheten
1178 1151 50 28 att
1252 1148 132 30 erhålla
1408 1148 156 39 panträtt
1589 1148 11 28 i

113 1205 185 38 spannmål
322 1205 83 29 eller
428 1205 9 28 i
461 1204 203 38 spånadslin
688 1204 65 29 och
776 1203 139 39 hampa.
940 1203 126 29 Skälen
1091 1202 55 30 för
1169 1203 49 28 att
1243 1200 357 40 företagsinteckning

113 1258 61 30 bör
195 1258 35 30 få
249 1258 174 39 utnyttjas
444 1268 42 20 av
504 1257 233 39 jordbrukare
758 1257 178 29 förefaller
956 1256 11 29 i
986 1257 65 29 och
1073 1256 54 30 för
1147 1256 51 39 sig
1219 1255 97 39 goda,
1338 1255 64 29 och
1423 1254 177 30 remissin-

115 1314 180 28 stanserna
310 1312 63 30 har
390 1312 137 38 överlag
543 1311 94 31 ställt
654 1311 52 38 sig
721 1311 147 38 positiva
884 1311 52 29 till
953 1320 42 20 en
1013 1310 108 30 sådan
1138 1309 129 30 reform
1284 1309 82 30 eller
1383 1309 129 29 lämnat
1530 1308 70 29 för-

114 1366 108 38 slaget
244 1365 121 29 därom
389 1367 83 27 utan
495 1365 150 29 erinran.
668 1364 113 39 Några
803 1364 301 29 remissinstanser
1126 1363 64 29 har
1213 1362 88 30 dock
1324 1362 125 29 uttalat
1472 1361 126 29 tvekan

113 1419 221 29 beträffande
357 1419 174 28 reformen
553 1419 79 29 med
654 1417 135 39 hänsyn
811 1417 51 30 till
884 1418 57 28 det
962 1416 192 39 väsentliga
1176 1416 179 38 undantag
1378 1415 78 29 från
1479 1414 120 29 kravet

113 1473 44 40 på
188 1472 414 40 bokföringsskyldighet,
635 1481 76 20 som
742 1480 42 20 en
816 1471 109 30 sådan
956 1470 132 29 reform
1120 1470 112 29 skulle
1264 1469 182 29 innefatta.
1479 1469 123 29 Utred-

114 1526 127 38 ningen
267 1526 54 29 för
345 1525 146 39 översyn
516 1534 42 20 av
582 1524 307 39 bokföringslagen
915 1532 101 20 anser
1042 1523 57 29 det
1125 1522 79 29 från
1229 1521 371 40 borgenärssynpunkt

114 1579 168 29 önskvärt
311 1580 49 28 att
389 1578 325 39 bokföringslagens
743 1577 262 29 bestämmelser
1035 1576 106 39 gäller
1169 1576 86 29 även
1285 1575 54 29 för
1367 1574 233 39 jordbrukare

114 1643 80 20 men
216 1634 98 39 säger
337 1633 50 39 sig
409 1633 94 29 ännu
525 1632 71 30 inte
618 1633 46 29 ha
685 1632 136 29 kunnat
841 1633 36 28 ta
899 1630 161 31 definitiv
1082 1630 218 39 ståndpunkt
1322 1630 11 28 i
1355 1630 113 28 denna
1491 1628 110 40 fråga.

115 1686 236 38 Utredningen
376 1685 155 34 föreslår,
554 1687 50 27 att
625 1684 233 40 jordbrukare
881 1684 88 29 skall
993 1684 64 38 äga
1079 1683 69 29 rätt
1170 1683 50 29 till
1244 1681 358 40 företagsinteckning

115 1740 123 28 endast
261 1740 43 38 på
329 1739 125 29 villkor
478 1741 49 27 att
552 1739 40 30 de
618 1738 233 29 underkastar
877 1737 50 40 sig
950 1736 416 39 bokföringsskyldighet.
1392 1735 115 30 Under
1533 1735 68 28 alla

116 1793 244 28 förhållanden
386 1792 62 30 bör
472 1792 107 39 enligt
604 1791 231 39 utredningen
862 1791 197 38 övervägas,
1087 1799 56 20 om
1170 1798 81 20 man
1278 1789 70 29 inte
1374 1788 88 29 skall
1489 1788 113 29 förbe-

116 1846 93 29 hålla
227 1846 113 29 rätten
360 1847 51 28 att
428 1848 33 27 ta
481 1847 37 27 ut
537 1844 357 39 företagsinteckning
913 1844 35 29 åt
967 1843 132 29 sådana
1117 1842 243 39 jordbrukare,
1381 1850 74 21 som
1476 1841 127 29 under-

116 1899 120 29 kastar
261 1899 51 39 sig
335 1898 311 29 bestämmelserna
670 1898 11 29 i
706 1897 249 39 förordningen
980 1905 56 20 om
1061 1896 197 38 skyldighet
1284 1895 54 29 för
1363 1895 92 29 vissa
1481 1895 121 28 idkare

117 1961 41 20 av
176 1952 174 38 jordbruk
368 1952 82 30 eller
470 1951 198 39 skogsbruk
686 1952 51 28 att
756 1951 77 29 föra
852 1950 238 38 räkenskaper
1111 1949 115 29 såsom
1247 1948 168 39 underlag
1436 1948 54 29 för
1512 1949 89 27 taxe-

116 2007 86 38 ring.

161 2059 12 28 I
194 2059 203 39 anslutning
416 2058 50 29 till
487 2057 263 40 ståndpunkten
769 2058 10 28 i
799 2057 40 30 de
860 2057 62 29 sist
939 2056 148 29 berörda
1106 2055 334 39 remissyttrandena
1461 2055 63 28 har
1543 2055 59 37 jag

118 2112 160 29 närmare
300 2112 162 38 övervägt
483 2111 93 29 olika
597 2111 104 39 vägar
724 2112 48 28 alt
795 2110 105 30 också
922 2110 10 28 i
954 2109 98 39 fråga
1074 2118 56 20 om
1151 2109 173 38 jordbruk
1346 2109 184 38 garantera
1552 2109 50 27 in-

117 2165 337 38 teckningshavaren
476 2164 70 29 viss
570 2164 183 38 möjlighet
777 2165 49 27 att
850 2163 86 38 följa
960 2162 287 29 verksamhetens
1272 2162 89 38 gång
1385 2169 121 31 genom
1532 2163 70 26 stu-

117 2218 97 29 dium
237 2228 41 19 av
300 2218 147 37 löpande
470 2217 248 37 räkenskaper.
741 2216 57 29 Ett
820 2217 86 28 krav
928 2216 43 38 på
994 2214 404 39 bokföringsskyldighet
1420 2214 106 38 enligt
1549 2214 53 37 lag

118 2279 75 20 som
213 2271 126 29 villkor
360 2271 54 28 för
436 2271 66 28 rätt
524 2271 50 27 att
595 2272 35 27 ta
651 2271 38 27 ut
711 2268 356 39 företagsinteckning
1089 2268 112 28 skulle
1222 2267 191 29 emellertid
1437 2267 165 28 innebära

118 2325 49 27 att
189 2323 176 38 praktiskt
386 2324 91 36 taget
498 2322 67 29 alla
586 2322 233 39 jordbrukare
842 2321 141 28 ställdes
1006 2322 83 27 utan
1112 2319 415 39 inteckningsmöjlighet.
1551 2319 50 28 En

119 2377 108 28 sädan
249 2376 137 39 lösning
407 2376 38 29 är
465 2375 129 34 därför,
618 2384 74 19 som
715 2374 205 29 kommittén
943 2373 215 34 framhåller,
1180 2373 182 32 otänkbar,
1384 2373 9 27 i
1415 2372 186 39 synnerhet

119 2438 74 20 som
214 2430 57 28 det
290 2430 70 29 inte
382 2429 94 28 finns
497 2428 107 39 några
624 2428 273 38 begränsningar
918 2437 40 19 av
978 2426 245 29 molsvarande
1245 2426 72 39 slag
1337 2426 63 28 när
1421 2425 56 29 det
1498 2425 107 39 gäller

118 2483 252 38 jordbrukares
386 2482 67 29 rätt
468 2484 48 27 att
532 2483 34 28 ta
582 2483 37 27 ut
635 2481 200 38 inteckning
849 2480 106 39 enligt
970 2481 97 37 lagen
1085 2489 54 19 om
1157 2479 201 37 inteckning
1373 2479 10 28 i
1398 2478 206 39 jordbruks-
