1904 2828
258 161 19 30 6
549 163 194 31 Sammansatt
764 167 78 27 stats-
866 166 49 28 och
938 165 95 29 andra
1056 166 166 36 lagutskotts
1245 166 145 29 utlåtande
1412 167 46 28 Nr
1483 167 25 27 I.

261 235 274 34 Framställning
553 236 77 27 från
644 236 427 29 socialvårdskommittén

292 278 150 27 rörande
471 278 192 35 ändringar
685 281 12 25 i
717 282 356 33 folkpensionerings-

292 322 102 33 lagen
414 330 47 19 m,.
485 330 46 19 m,
552 325 90 24 samt
670 323 148 27 däröver
837 324 149 33 avgivna
1005 325 67 32 ytt-

292 366 145 26 randen.

309 426 18 30 I
361 426 198 33 skrivelse
592 427 73 32 den
703 430 43 30 16
781 429 227 41 september
1043 430 90 31 1941
1169 430 62 32 har
1262 431 494 32 socialvårdskommittén

256 476 120 39 anfört,
401 479 51 29 att
475 478 200 32 kommittén
700 479 185 32 behandlat
909 480 91 31 olika
1017 480 166 41 spörsmål
1200 481 145 31 rörande
1360 481 245 41 förbättringar
1620 493 39 20 av
1675 482 82 31 folk-

256 527 299 43 pensioneringen,
578 529 89 31 vilka
690 530 115 31 kunde
832 541 78 20 vara
931 530 179 42 påkallade
1133 542 40 19 av
1196 531 333 32 krisförhållandena
1552 532 82 32 eller
1657 532 100 41 eljest

258 578 199 32 önskvärda.
482 579 214 32 Kommittén
720 580 88 32 hade
832 581 144 31 sålunda
991 581 165 41 ingående
1180 582 192 32 diskuterat
1394 582 223 42 möjligheten
1634 594 40 20 av
1694 583 62 32 för-

256 628 143 42 höjning
421 640 41 21 av
485 630 231 41 pensionerna
734 631 53 31 för
807 632 261 31 ensamstående
1088 632 231 41 pensionärer,
1333 633 117 42 frågan
1466 633 169 32 huruvida
1650 636 106 40 åtgär-

256 679 61 32 der
337 680 116 31 kunde
476 680 154 42 vidtagas
653 681 53 32 för
730 684 50 29 att
802 682 236 32 åstadkomma
1054 694 40 20 en
1111 694 93 21 mera
1219 683 188 32 vidsträckt
1423 684 219 42 användning
1657 696 40 20 av
1714 685 42 31 de

256 731 218 31 kommunala
508 732 361 40 pensionstillskotten
896 735 88 29 samt
1007 733 168 32 huruvida
1197 734 219 32 kommunala
1438 735 319 41 pensionstillskott

256 781 63 31 och
352 781 220 32 kommunala
595 782 225 42 hyresbidrag
843 784 77 31 med
943 784 211 41 statsbidrag
1177 785 53 31 till
1253 785 297 41 folkpensionärer
1571 786 114 31 kunde
1709 786 47 31 in-

255 832 99 31 föras.
400 832 70 31 Det
504 832 87 31 hade
625 833 87 31 dock
745 834 89 31 visat
857 834 59 41 sig,
941 837 51 29 att
1015 835 194 41 betydande
1234 836 289 41 organisatoriska
1547 836 210 42 svårigheter

255 893 79 21 vore
356 883 165 31 förenade
543 883 77 32 med
643 885 267 40 genomförande
933 896 41 20 av
997 886 126 41 förslag
1145 885 11 31 i
1181 886 123 31 sådant
1327 887 98 41 syfte.
1454 880 95 38 Även
1573 887 11 31 i
1607 887 149 32 fortsätt-

256 933 124 41 ningen
404 934 109 31 borde
537 934 114 32 därför
674 935 108 42 enligt
805 936 222 32 kommitténs
1050 936 138 42 mening
1212 937 256 42 dyrtidstillägg
1490 938 124 31 anlitas
1637 939 52 31 för
1705 941 51 29 att

254 984 120 41 bringa
396 984 299 41 folkpensionärer
717 997 43 20 m.
784 986 31 31 ti.
841 986 64 32 den
929 987 217 41 nödvändiga
1168 987 150 42 hjälpen.
1347 988 82 31 Med
1445 988 134 42 hänsyn
1594 988 53 32 till
1663 988 93 32 vissa

255 1034 140 32 därmed
418 1035 163 32 förenade
604 1036 229 41 oliigenheter,
857 1037 114 32 kunde
995 1049 78 20 man
1096 1038 192 32 emellertid
1303 1039 74 31 icke
1393 1038 186 42 lämpligen
1596 1040 160 31 fortsätta

254 1087 43 39 på
320 1085 65 31 den
408 1085 159 42 inslagna
588 1089 107 39 vägen
719 1088 78 31 med
819 1088 194 40 beviljande
1037 1100 39 20 av
1098 1089 235 41 procentuella
1354 1089 256 42 dyrtidstillägg
1633 1092 19 29 å
1674 1090 82 32 folk-

253 1135 195 42 pensioner,
472 1136 323 34 invalidunderstöd
829 1139 63 31 och
919 1138 217 42 barnbidrag,
1161 1139 116 32 därest
1299 1140 73 31 icke
1396 1140 146 41 ändring
1564 1140 156 42 vidtoges
1744 1141 11 31 i

254 1186 97 41 lagen
386 1198 56 20 om
471 1187 320 43 folkpensionering
813 1189 213 32 beträffande
1049 1190 115 40 regeln
1188 1201 55 20 om
1267 1190 125 41 avdrag
1415 1191 58 31 vid
1495 1191 259 32 bestämmande

253 1248 40 20 av
315 1237 288 42 tilläggspension
626 1250 40 20 av
690 1239 55 40 7/12
767 1251 40 19 av
830 1239 65 32 den
918 1240 400 41 pensionsberättigades
1341 1241 219 39 årsinkomst,
1577 1241 11 31 i
1607 1241 64 32 vad
1688 1241 66 32 den

254 1289 176 40 överstege
456 1289 61 31 100
538 1288 134 39 kronor,
697 1291 161 30 ävensom
881 1290 12 30 i
915 1290 100 41 lagen
1039 1301 53 21 om
1116 1291 208 41 barnbidrag
1339 1303 40 20 av
1395 1292 239 32 motsvarande
1651 1293 102 41 regel.

303 1339 216 31 Kommittén
542 1339 69 38 har,
626 1340 104 31 såvitt
752 1342 103 40 angår
877 1341 194 40 pensioner,
1095 1341 195 39 framhållit,
1315 1344 48 29 att
1382 1361 37 3 —
1437 1342 107 42 enligt
1559 1343 195 32 nuvarande

253 1389 262 32 bestämmelser
548 1407 38 5 —
614 1401 41 20 en
679 1390 282 42 inkomstökning
988 1402 40 20 av
1053 1392 59 31 100
1134 1392 127 31 kronor
1283 1392 56 31 vid
1363 1394 50 30 ett
1435 1393 256 42 dyrtidstillägg
1714 1405 40 20 av

252 1440 41 31 25
325 1442 144 39 procent
503 1440 176 32 medförde
715 1452 41 20 en
790 1441 182 32 reduktion
1007 1453 40 20 av
1079 1442 192 41 pensionen
1305 1443 78 31 med
1410 1444 39 30 87
1474 1443 126 32 kronor
1621 1444 41 31 50
1685 1446 66 30 öre.

254 1490 116 32 Skulle
404 1490 293 42 dyrtidstillägget
725 1491 89 42 stiga
836 1492 52 31 till
911 1493 42 31 50
975 1495 151 38 procent,
1151 1493 112 31 skulle
1286 1493 190 42 pensionen
1500 1494 152 32 minskas
1675 1495 78 32 med

254 1541 59 32 105
334 1541 137 38 kronor,
497 1552 54 21 om
575 1542 248 41 pensionärens
846 1542 209 32 årsinkomst
1078 1545 93 40 stege
1195 1544 78 32 med
1298 1545 59 31 100
1379 1544 135 32 kronor.
1539 1545 214 33 Kommittén

251 1592 62 31 har
345 1591 116 32 därför
494 1592 176 41 föreslagit
703 1593 222 41 nedsättning
959 1605 41 19 av
1032 1593 161 43 avdraget
1215 1595 73 31 från
1312 1594 53 33 7/10
1388 1595 54 31 till
1464 1595 64 33 ?/w.
1572 1588 181 40 Ändrades

251 1642 321 42 reduktionsregeln
595 1645 43 40 på
660 1643 137 41 angivet
821 1645 75 37 sätt,
910 1643 112 33 skulle
1045 1645 93 31 detta
1160 1645 173 38 innebära,
1357 1648 51 29 att
1428 1657 42 21 en
1487 1646 128 42 ökning
1629 1658 40 20 av
1686 1647 66 32 den

251 1693 400 42 pensionsberättigades
674 1694 162 38 inkomst,
866 1694 3 31 i
894 1694 65 32 den
985 1696 78 30 mån
1086 1695 65 32 den
1176 1698 176 40 överstege
1378 1697 60 32 100
1460 1697 135 39 kronor,
1617 1697 136 32 komme

252 1746 50 29 att
324 1744 155 32 medföra
502 1756 41 20 en
567 1744 200 42 minskning
790 1756 39 20 av
851 1746 192 40 pensionen
1067 1746 76 31 med
1167 1747 41 31 62
1231 1747 125 32 kronor
1378 1748 42 31 50
1443 1750 68 36 öre,
1536 1759 53 21 om
1608 1748 144 41 dyrtids-

251 1794 152 42 tillägget
437 1806 83 20 vore
547 1795 39 32 25
609 1797 152 39 procent,
786 1798 87 29 samt
896 1796 78 32 med
999 1797 39 30 75
1060 1796 135 40 kronor,
1221 1808 54 20 om
1300 1797 290 43 dyrtidstillägget
1612 1810 80 21 vore
1716 1802 37 29 så

251 1845 83 41 högt
367 1856 75 21 som
476 1845 43 32 50
541 1847 150 40 procent.
737 1839 199 48 Ändringen
960 1846 11 31 i
995 1847 261 42 avdragsregeln
1285 1848 108 32 skulle
1418 1849 145 31 sålunda
1585 1861 79 20 vara
1687 1850 64 31 till-

249 1896 118 41 fyllest
388 1896 54 31 för
465 1898 51 29 att
532 1896 175 32 eliminera
731 1897 225 41 olägenheten
980 1898 79 31 med
1081 1899 235 41 procentuella
1339 1899 263 43 dyrtidstillägg.

303 1946 222 32 Beträffande
557 1947 209 42 barnbidrag
795 1948 96 31 anför
914 1948 422 40 socialvårdskommittén,
1360 1950 106 31 bland
1489 1953 112 36 annat,
1625 1953 58 37 att,
1709 1952 43 31 då

252 1998 135 41 lagarna
421 2008 56 20 om
512 1998 317 41 folkpensionering
862 1999 63 31 och
959 1999 208 41 barnbidrag
1200 2000 11 31 i
1245 2000 92 41 fråga
1367 2012 55 20 om
1445 2001 235 32 förmånernas
1703 2005 49 28 ut-

249 2048 172 41 formning
449 2047 178 32 företedde
650 2050 95 30 stora
767 2049 153 38 likheter,
945 2049 60 32 det
1026 2061 78 20 vore
1128 2050 134 42 tydligt,
1286 2053 49 29 att
1358 2051 185 42 ändringar
1564 2052 11 31 i
1599 2052 63 32 den
1688 2064 64 20 ena

248 2099 99 40 lagen
375 2109 75 21 som
471 2110 42 20 en
536 2098 216 33 konsekvens
776 2099 175 32 medförde
975 2099 111 33 behov
1109 2112 39 20 av
1172 2101 183 41 ändringar
1376 2102 11 30 i
1411 2102 67 32 den
1502 2103 112 31 andra.

301 2201 223 32 Beträffande
550 2201 189 32 innehållet
761 2202 11 31 i
796 2203 41 30 de
861 2204 79 30 över
964 2203 432 33 socialvårdskommitténs
1421 2205 163 32 skrivelse
1608 2205 143 42 avgivna

248 2252 206 42 yttrandena
476 2252 52 31 får
550 2252 169 32 utskottet
742 2253 141 31 hänvisa
906 2253 54 32 till
983 2254 273 41 propositionen,
1282 2255 61 31 sid.
1369 2255 112 31 8—11.

300 2354 18 31 I
341 2353 218 42 proposition
583 2354 131 31 lämnas
738 2354 114 32 vidare
875 2356 19 29 å
918 2354 62 32 sid.
1008 2356 122 31 11—153
1153 2366 41 21 en
1219 2355 216 42 redogörelse
1459 2357 53 31 för
1534 2356 90 32 vissa
1641 2357 110 32 utred-

249 2404 120 42 ningar
390 2404 192 32 berörande
606 2404 426 42 tilläggspensionärernas
1055 2406 246 32 förhållanden.
