2204 2612
412 183 39 31 18
492 182 268 33 Sammansatta
786 183 113 31 andra
924 182 73 37 lag-
1023 183 64 31 och
1112 182 386 37 jordbruksutskottets
1524 184 185 31 utlåtande
1736 184 53 31 Nr
1816 186 27 29 1.

501 261 163 39 Kungl.
689 260 129 37 Maj:ts
844 260 151 38 förslag:

363 314 119 36 under
522 327 46 23 en
609 312 54 36 tid
706 326 47 22 av
797 316 51 33 tre
888 314 42 34 år
963 312 80 35 från
1073 325 63 22 av-

363 365 213 44 trädandet;
619 365 70 36 och
731 363 113 37 varde
883 363 177 49 beloppet
1090 376 45 23 av

364 417 120 48 sagda
525 416 215 48 ersättning
780 416 161 36 bestämt
969 428 46 22 av
1043 419 93 32 strö-

365 468 299 48 ängsnämnden.

711 556 47 33 41
789 553 31 49 8.

442 631 140 37 Finnes
614 631 86 36 lada
728 633 21 34 å
778 635 166 44 ströäng,
974 644 81 23 som
1084 630 55 36 in-

366 683 146 47 drages,
550 695 89 24 vare
668 687 143 44 ägaren
839 682 213 49 berättigad
1081 687 55 31 att

366 734 171 37 bortföra
564 734 122 36 ladan.
742 728 56 42 Är
822 734 71 36 den
914 734 34 48 ej
969 733 169 37 bortförd

365 787 102 35 inom
510 790 47 32 ett
597 788 42 34 år
679 786 95 36 efter
814 786 62 36 det
917 790 124 44 ängen
1073 799 64 23 av-

365 837 167 47 träddes,
573 837 148 36 tillfalle
759 837 72 36 den
868 838 146 35 kronan
1048 842 89 31 utan

367 889 116 36 lösen.

1378 260 199 33 Utskottets
1599 260 154 38 förslag:

1191 307 132 40 under
1351 325 47 23 en
1441 311 54 37 tid
1525 324 46 24 av
1594 313 95 46 fyra
1719 314 43 34 år
1790 312 82 36 från
1901 326 64 23 av-

1190 362 213 46 trädandet;
1448 364 71 36 och
1560 364 114 36 varde
1712 363 178 50 beloppet
1918 377 47 23 av

1191 414 118 49 sagda
1349 415 212 49 ersättning
1601 415 171 41 bestämt
1799 429 45 22 av
1871 421 94 31 strö-

1191 465 302 49 ängsnämnden.

1512 554 45 34 41
1589 551 31 49 8.

1271 630 139 36 Finnes
1438 630 87 36 lada
1553 632 20 33 å
1602 634 167 44 ströäng,
1800 643 79 23 som
1909 631 55 35 in-

1190 681 149 49 drages,
1381 695 88 23 vare
1498 685 140 48 ägaren
1667 681 215 49 berättigad
1910 687 56 31 att

1191 733 169 37 bortföra
1387 733 125 36 ladan.
1567 735 53 34 Ar
1647 733 73 36 den
1740 733 32 49 ej
1794 733 171 37 bortförd

1191 784 102 37 inom
1334 787 57 33 två
1432 786 43 34 år
1516 784 96 37 efter
1652 785 62 36 det
1747 789 122 44 ängen
1900 798 64 22 av-

1191 836 163 47 träddes,
1394 836 147 36 tillfalle
1582 836 70 36 den
1695 837 146 35 kronan
1873 841 91 31 utan

1191 887 118 37 lösen.

1106 977 48 33 42
1183 974 32 49 8.

495 1052 235 47 Ersättning,
773 1065 80 23 som
895 1064 108 24 avses
1032 1053 11 35 i
1072 1054 47 34 22
1149 1052 91 36 eller
1267 1054 49 34 40
1344 1051 33 49 $,
1406 1051 96 36 skall
1532 1064 45 23 av
1604 1051 272 49 länsstyrelsen
1907 1059 56 29 ut-

365 1102 155 49 betalas,
541 1106 41 33 så
611 1109 103 30 snart
742 1103 279 48 förrättningen
1050 1104 135 35 vunnit
1214 1104 89 47 laga
1330 1103 127 36 kraft..

496 1155 137 36 Annan
662 1153 329 50 odlingskostnad,
1021 1167 80 23 som
1130 1154 63 36 det
1222 1154 147 49 åligger
1396 1154 148 36 kronan
1573 1159 53 31 att
1654 1154 126 50 gälda,
1802 1155 96 36 skall
1918 1169 46 22 av

366 1207 268 49 länsstyrelsen
671 1206 188 37 utbetalas
890 1206 85 36 med
1004 1219 47 24 en
1079 1205 187 48 femtedel,
1296 1208 40 34 så
1364 1211 105 31 snart
1496 1205 161 37 beslutet
1684 1219 62 23 om
1776 1212 189 44 ängarnas

366 1258 234 48 indragande
627 1263 93 44 äger
748 1259 89 47 laga
863 1257 101 37 kraft
991 1258 71 36 och
1089 1257 252 49 fastighetens
1369 1262 114 44 ägare
1503 1257 166 37 anmäler
1688 1258 63 48 sig
1770 1263 111 31 ämna
1899 1261 65 46 på-

368 1309 107 49 hörja
502 1309 309 50 odlingsarbetet,
839 1309 84 36 med
951 1312 62 33 två
1041 1309 229 47 femtedelar,
1300 1309 45 36 då
1373 1308 251 49 fastighetens
1652 1313 117 45 ägare
1797 1310 86 36 med
1910 1310 55 35 in-

366 1366 72 44 tyg
474 1375 48 22 av
558 1361 264 47 nämndeman,
855 1360 162 37 ledamot
1044 1361 12 36 i
1085 1360 329 49 ägodelningsrätt
1441 1361 90 36 eller
1559 1361 75 48 god
1663 1374 90 23 man
1782 1361 58 36 för
1866 1361 98 36 lant-

365 1413 411 48 mäteriförrättningar
803 1413 89 35 eller
920 1412 72 37 ock
1018 1415 62 33 två
1107 1412 117 36 andra
1252 1412 218 49 trovärdiga
1498 1417 87 31 män
1613 1413 151 48 styrker
1788 1412 60 49 sig
1867 1413 98 36 hava

364 1465 12 35 i
404 1465 169 48 enlighet
600 1465 85 36 med
713 1464 191 49 uppgjord
931 1464 90 48 plan
1050 1463 174 49 fullgjort
1247 1466 41 34 så
1307 1464 151 48 mycket
1478 1477 47 23 av
1544 1464 72 36 vad
1636 1464 81 36 däri
1739 1464 225 37 föreskrives

365 1529 80 23 som
489 1522 209 30 motsvarar
736 1516 111 36 halva
884 1515 222 48 kostnaden,
1135 1520 100 31 samt
1263 1515 83 36 med
1375 1515 236 37 återstående
1638 1518 64 33 två
1731 1515 232 47 femtedelar,

365 1568 47 36 då
452 1567 86 37 med
580 1567 111 49 intyg
733 1581 46 22 av
816 1579 195 37 syneman,
1053 1580 79 23 som
1176 1566 270 49 länsstyrelsen
1485 1569 48 46 på
1562 1567 166 36 ansökan
1758 1567 205 48 förordnat,

365 1620 161 47 styrkes,
556 1625 53 30 att
637 1619 64 36 det
729 1618 233 37 föreskrivna
990 1623 40 31 är
1057 1618 12 36 1
1098 1618 58 36 sin
1184 1617 130 38 helhet
1341 1617 184 49 fullgjort.

1108 1740 48 34 43
1187 1737 32 49 8.

495 1825 155 49 Belopp,
680 1838 81 23 som
790 1825 12 35 i
831 1825 170 47 enlighet
1029 1824 84 37 med
1142 1825 125 36 denna
1294 1824 64 48 lag
1385 1827 112 45 utgår
1516 1824 12 36 i
1548 1822 85 38 mån
1661 1838 48 22 av
1735 1824 230 37 verkställda

366 1876 167 47 arbeten,
561 1876 107 47 skall,
698 1882 92 30 utan
819 1881 54 31 att
899 1889 90 23 vara
1015 1876 246 36 underkastat
1288 1875 267 49 preskription,
1583 1876 148 37 innestå
1751 1876 59 36 för
1831 1876 132 48 fastig-

366 1929 134 35 hetens
528 1928 177 48 räkning,
735 1928 56 35 till
819 1927 86 36 dess
933 1927 179 37 arbetena
1139 1927 140 36 utförts
1308 1927 68 36 och
1405 1933 190 43 avsynats.

1110 2032 49 34 44
1187 2030 32 49 8.

495 2111 55 42 Är
590 2116 195 49 fastighet,
827 2117 84 36 från
943 2116 127 37 vilken
1099 2121 200 44 ströängar
1327 2116 105 37 skola
1459 2115 192 50 indragas,
1679 2116 284 48 utarrenderad,

367 2169 221 36 ankommer
615 2168 74 48 det,
719 2173 93 31 utan
840 2168 133 36 hinder
1002 2181 45 23 av
1076 2167 304 48 arrendeavtalet,
1409 2171 48 46 på
1486 2173 140 44 ägaren
1653 2173 56 32 att
1736 2168 128 36 utföra
1892 2168 71 37 den

368 2219 142 50 odling,
552 2232 82 25 som
676 2220 120 49 enligt
838 2219 386 49 ströängsnämndens
1252 2220 122 36 beslut
1401 2219 97 37 skall
1526 2233 47 23 av
1602 2220 144 36 kronan
1775 2219 186 37 bekostas.

368 2271 78 37 Har
474 2276 138 44 ägaren
640 2272 32 47 ej
703 2272 104 35 inom
836 2276 51 32 ett
915 2274 40 33 år
984 2271 82 36 från
1095 2271 62 36 det
1184 2271 279 49 förrättningen
1491 2271 135 36 vunnit
1653 2271 89 48 laga
1770 2271 100 37 kraft
1897 2274 65 46 på-
