2241 2772
736 239 95 28 Stats-
850 232 167 45 Utskottets
1033 237 166 31 Utlåtande
1225 236 58 29 N:o
1327 238 26 28 6.
1756 238 36 27 13

636 328 16 32 å
683 325 62 35 lön
775 324 89 36 eller
893 323 291 47 löneersättning
1204 322 201 36 vidkännas
1422 321 139 49 afdrag,
1576 322 257 36 motsvarande

634 375 175 48 beloppet
849 374 36 36 af
924 374 69 37 den
1033 388 49 22 nu
1115 372 80 37 från
1224 373 255 50 befattningen
1507 372 243 50 tilläfventyrs
1779 378 55 31 ut-

635 427 141 46 gående
805 426 281 43 ackordsränta;

685 492 39 50 p)
765 500 55 30 att
860 493 44 36 de
944 492 39 36 af
1013 491 260 38 underbefälet
1307 491 60 36 vid
1401 491 138 37 indelta
1567 493 159 42 arméen,
1754 504 78 22 som

636 544 197 36 innehafva
874 543 325 43 bostadsboställe,
1227 546 74 40 må,
1327 540 107 37 äfven
1470 555 57 22 om
1558 542 43 35 de
1630 541 120 36 blifvit
1777 542 56 34 till

633 596 161 46 tjensten
824 593 201 37 utnämnde
1055 592 93 37 efter
1177 594 71 34 den
1278 595 19 34 8
1326 592 105 48 April
1461 594 106 41 1862,
1596 605 68 35 ega
1685 598 63 37 att,
1768 592 66 36 der

635 649 40 32 så
714 646 142 43 önskas,
891 645 95 35 intill
1016 645 70 35 den
1117 647 44 33 14
1189 644 97 36 Mars
1316 645 92 34 1881
1439 643 185 36 bibehålla
1651 643 181 43 bostället,

636 697 92 35 dock
771 696 81 35 med
895 695 212 49 skyldighet
1140 701 54 29 att
1227 700 167 41 mottaga
1427 695 100 35 lösen
1557 693 57 36 för
1640 693 193 48 fardagsår

634 753 96 30 samt
758 747 120 35 under
905 747 101 35 tiden
1035 746 95 35 intill
1163 746 93 35 1880
1286 748 58 32 års
1372 745 75 35 slut
1475 748 148 44 qvarstå
1638 744 63 36 vid
1717 743 116 48 öfriga

636 797 210 37 nuvarande
886 796 281 44 Jlöneförmåner,
1208 795 210 36 beräknade
1453 798 45 44 på
1530 801 73 30 sätt
1631 794 57 37 för
1715 795 118 35 lönta-

633 861 100 35 gare,
764 847 198 36 utnämnde
991 846 77 36 före
1098 846 69 36 den
1197 848 19 34 8
1246 846 101 48 April
1380 847 104 42 1862,
1511 853 38 28 är
1578 843 213 50 föreslaget;

685 897 37 49 q)
750 905 92 30 samt
872 904 54 30 att
955 898 71 35 den
1055 898 191 45 löntagare
1274 897 61 34 vid
1364 897 253 46 krigsmakten
1642 897 57 35 till
1716 896 117 43 lands,

634 949 147 36 hvilken
822 952 20 32 å
883 962 49 35 ny
960 949 160 35 lönestat
1146 948 115 46 ingår,
1289 947 92 36 skall
1411 960 87 22 vara
1525 947 149 48 skyldig
1703 946 131 36 under-

634 1001 102 34 kasta
769 1001 55 45 sig
857 999 43 36 de
934 998 258 46 förändringar
1220 999 9 33 i
1259 997 480 49 tjenstgöringsskyldighet
1767 997 65 34 och

635 1049 380 49 aflöningsförmåner,
1057 1049 126 35 hvilka
1223 1062 43 22 en
1309 1048 313 47 omorganisation
1653 1047 37 35 af
1716 1047 117 35 landt-

635 1100 180 37 försvaret
842 1101 67 34 kan
938 1107 86 41 göra
1055 1098 253 47 erforderliga.

686 1188 70 33 3:o.
811 1190 54 30 att
898 1183 130 48 Kongl
1057 1184 122 47 Maj:ts
1208 1183 133 47 nådiga
1371 1182 272 47 framställning
1672 1195 59 22 om
1761 1183 72 34 till-

635 1237 139 47 ökning
806 1237 10 34 i
850 1235 281 36 officersantalet
1160 1233 62 37 vid
1251 1233 93 37 Svea
1374 1233 66 36 och
1472 1233 123 35 Andra
1622 1232 211 50 Lifgardes-

635 1293 272 40 regementena,
948 1286 61 35 vid
1048 1285 308 49 Lifregementets
1394 1282 316 50 Grenadiercorps
1739 1289 96 30 samt

635 1338 60 35 vid
739 1337 190 47 Lifgardet
969 1337 51 34 till
1064 1337 83 34 häst
1180 1336 66 35 och
1275 1335 371 47 Hussarregementet
1674 1334 161 45 Konung

637 1387 84 37 Carl
749 1387 68 37 XV
845 1388 79 36 icke
954 1390 59 33 må
1040 1387 108 35 vinna
1176 1385 229 48 Riksdagens
1434 1384 119 45 bifall;

687 1475 71 33 4:0.
814 1478 53 30 att
896 1472 212 47 Riksdagen
1136 1472 80 35 icke
1245 1473 59 32 må
1331 1469 125 36 bifalla
1485 1469 128 45 Kongl.
1636 1469 120 47 Maj:ts
1773 1472 62 32 nå-

637 1524 84 46 diga
761 1523 134 47 förslag
936 1535 59 23 om
1030 1521 143 37 ökande
1207 1520 39 37 af
1270 1520 470 48 fotgardesregementenas
1769 1532 67 22 un-

636 1573 181 44 derbefäl;

687 1661 60 33 5:00
806 1664 53 29 att
892 1657 207 47 Riksdagen
1128 1657 30 44 ej
1190 1657 112 34 heller
1330 1664 59 27 må
1417 1655 126 36 bifalla
1570 1654 179 48 förslaget
1776 1668 57 22 om

637 1708 229 36 anställande
908 1707 38 36 af
983 1707 397 48 bataljonshästläkare
1422 1706 60 36 vid
1521 1706 216 35 kavalleriet
1766 1706 66 35 och

636 1759 314 43 fortifikationen;

688 1845 67 34 6:0.
809 1848 54 31 att
890 1842 209 47 Riksdagen
1130 1844 59 33 må
1216 1840 56 37 för
1300 1841 52 35 sin
1376 1840 58 36 del
1456 1840 153 43 besluta,
1626 1844 54 31 att
1696 1839 140 37 indelta

635 1895 169 34 arméens
844 1893 212 36 nuvarande
1098 1892 390 47 aflöningstillgångar,
1530 1889 82 36 med
1647 1890 188 48 undantag

634 1944 37 36 af
702 1944 97 36 hvad
833 1943 55 36 för
916 1957 47 22 nu
994 1943 207 49 föreslagna
1229 1942 274 48 lönereglering
1531 1940 185 47 framgent
1745 1942 90 35 eller

634 1995 56 36 för
718 1996 146 34 kortare
892 1994 277 48 öfvergångstid
1199 1999 101 42 tages
1329 1994 9 34 i
1368 1993 170 47 anspråk,
1568 1992 113 43 skola,
1710 1999 123 29 senast

635 2047 9 33 i
674 2046 263 46 sammanhang
965 2045 81 36 med
1078 2045 71 36 den
1177 2044 292 48 statsreglering,
1499 2055 74 23 som
1597 2042 167 37 kommer
1781 2050 54 29 att

638 2098 91 34 1877
774 2099 57 33 års
868 2096 161 47 Riksdag
1056 2095 220 48 föreläggas,
1305 2096 245 36 öfverlemnas
1578 2093 55 35 till
1662 2099 173 32 statsver-

634 2148 73 42 ket,
742 2152 99 30 emot
874 2147 63 35 det
967 2153 54 29 att
1049 2146 183 36 ordinarie
1261 2145 321 49 aflöningsanslag,
1611 2145 9 34 i
1651 2143 182 39 öfverens-

634 2198 210 35 stämmelse
879 2197 79 36 med
992 2197 128 36 härvid
1149 2197 133 47 fogade
1311 2203 124 38 stater,
1465 2194 115 36 varda
1608 2194 57 36 för
1693 2198 138 36 indelta

634 2250 146 34 arméen
809 2256 20 27 å
856 2248 183 35 ordinarie
1068 2253 74 30 stat
1170 2247 199 49 uppförda;
1397 2253 54 31 att
1472 2246 204 35 emellertid
1695 2253 53 31 ett
1763 2248 71 36 för-

634 2299 228 46 slagsanslag
902 2298 38 35 af
966 2300 159 42 700,000
1154 2299 135 35 kronor
1317 2299 55 36 för
1400 2296 333 50 löneregleringens
1762 2300 71 34 till-

1879 1188 143 29 (Statsråds-

1853 1223 146 27 protokollet
2011 1223 40 21 bil.

1853 1258 45 21 N:o
1911 1252 15 26 3
1937 1263 21 21 a,
1967 1257 43 22 sid.
2021 1252 33 32 4.)

1855 1844 198 26 Departements-

1856 1877 98 22 chefens
1967 1882 88 15 memo-

1853 1911 55 25 rial,
1917 1911 44 22 sid.
1968 1910 88 21 XIV—

1918 1943 73 29 XVI)
