2244 2772
687 211 272 30 Slats-Utskottets
987 212 167 30 Utlåtande
1178 213 55 29 N:o
1259 214 25 27 6.
1730 215 36 28 17

608 298 94 36 1876
746 296 237 38 oförändradt
1017 299 215 43 bibehållas,
1267 304 95 30 samt
1389 297 58 37 för
1474 299 334 50 löneregleringens

605 349 238 48 tillämpning
871 350 58 34 vid
960 350 158 35 nämnda
1148 363 105 35 corps
1282 353 44 45 på
1354 355 107 32 extra
1488 356 72 30 stat
1586 351 57 36 för
1669 365 139 24 samma

607 403 40 33 år
675 401 143 36 anvisas
847 406 52 31 ett
928 402 135 48 belopp
1093 400 39 37 af
1158 404 134 42 46,084
1322 401 151 46 kronor;

661 522 90 35 19:o.
805 526 53 30 att
895 522 113 46 jemte
1050 521 63 37 det
1153 523 213 36 nuvarande
1407 525 166 46 anslaget
1614 525 54 35 till
1706 523 102 46 Sved,
1829 517 197 61 ,motsronet
1989 513 40 69 vi.

609 570 91 37 Göta
734 572 66 35 och
837 571 146 36 Wendes
1012 572 380 49 artilleriregementen,
1421 575 157 43 854,894
1608 575 137 36 kronor
1762 577 45 34 52
1827 581 200 33 N:o3asid.20.)

609 629 74 38 öre,
731 622 161 37 minskas
939 623 84 36 med
1071 624 76 35 deri
1176 624 181 46 ingående
1387 625 129 36 värdet
1545 625 39 36 af
1607 626 202 48 brödspan-

609 674 119 35 målen
749 675 154 43 108,921
926 675 140 34 kronor
1087 676 44 35 33
1153 682 74 37 öre,
1249 676 87 35 eller
1356 677 56 34 till
1435 678 157 42 745,973
1610 678 136 35 kronor
1765 678 42 34 19

609 731 76 37 öre,
727 729 53 32 ett
821 732 106 29 extra
968 726 124 47 anslag
1135 727 154 41 348,575
1322 727 136 36 kronor
1492 729 46 34 40
1572 735 61 29 öre
1666 731 59 32 må
1752 727 57 37 för

611 778 40 32 år
692 777 94 34 1876
829 777 144 35 anvisas
1014 776 77 36 dels
1132 778 54 34 till
1220 777 291 47 genomförande
1541 778 39 36 af
1604 780 205 47 löneregle-

610 826 131 48 ringen
784 826 61 35 vid
886 827 154 35 nämnda
1083 834 235 40 regementen
1361 830 66 34 och
1468 829 79 37 dels
1580 829 57 37 för
1668 842 141 24 reserv-

611 877 212 36 artilleriets
852 879 215 46 utveckling
1094 880 116 47 enligt
1237 879 171 36 faststäld
1439 880 105 48 plan;

665 998 90 34 20:0.
810 1001 54 31 att
905 997 358 48 Marinregementets
1303 1000 139 44 anslag,
1477 1000 158 43 200,000
1664 999 145 44 kronor,
1847 997 180 58 |(ötatsrbie.

613 1050 58 32 må
712 1046 83 36 med
835 1046 222 37 oförändrad
1099 1050 137 35 storlek
1279 1050 66 35 och
1385 1056 111 30 natur
1520 1051 139 47 jemväl
1687 1049 58 37 för
1773 1051 39 35 år
1830 1040 197 55 N:o3a,sid20)

616 1100 93 34 1876
739 1099 125 35 ställas
893 1099 53 34 till
975 1099 131 48 Kongl.
1137 1100 118 48 Maj:ts
1284 1099 217 50 förfogande
1531 1102 55 35 för
1614 1108 62 33 att,
1710 1102 5 35 i
1740 1101 71 37 den

614 1152 82 31 mån
740 1149 61 34 det
828 1162 131 33 genom
990 1158 247 39 regementets
1267 1152 222 48 indragning
1517 1154 109 34 redan
1657 1160 39 28 är
1724 1153 89 35 eller

614 1199 134 36 blifver
776 1200 234 47 disponibelt,
1040 1202 54 34 till
1123 1200 235 49 erforderligt
1388 1203 131 48 belopp
1548 1203 187 36 användas
1755 1203 58 36 för

617 1250 325 49 upprätthållande
970 1251 39 36 af
1035 1253 173 46 garnison
1237 1253 7 34 i
1275 1251 234 48 Carlskrona;

668 1371 93 34 21:o.
816 1375 54 30 att
903 1370 85 36 herr
1021 1370 67 36 Per
1120 1370 172 37 Nilssons
1320 1370 137 50 förslag
1486 1385 57 23 om
1572 1372 242 50 förläggande
1833 1359 103 71 (Matton
1948 1368 41 54 N:o
2002 1363 29 59 24

616 1420 57 36 till
693 1418 219 39 Carlskrona
940 1421 38 36 af
1004 1421 151 37 värfvad
1187 1429 110 42 trupp
1327 1423 79 35 icke
1427 1426 58 33 må
1499 1424 57 35 till
1572 1427 121 45 någon
1711 1425 104 36 Riks-
1881 1434 105 30 maren)

617 1471 139 50 dagens
785 1472 130 48 åtgärd
944 1472 203 47 föranleda;

670 1593 92 56 22:0.
817 1596 54 31 att
898 1591 129 62 Kongl.
1056 1592 118 59 Maj:ts
1204 1593 134 49 nådiga
1359 1592 272 61 framställning
1647 1608 59 23 om
1724 1608 94 46 upp-
1863 1583 148 73 öilkollet

619 1647 164 43 sättning
824 1642 38 36 af
888 1641 366 51 Sappörbataljonens
1283 1646 76 35 stab
1387 1646 78 35 icke
1493 1649 59 32 må
1580 1659 109 23 vinna
1717 1647 103 36 Riks-
1851 1660 42 21 pil
1912 1658 47 21 N:o
1978 1653 16 25 3
2013 1663 21 20 a,

621 1692 136 50 dagens
786 1693 119 46 bifall;
1848 1694 45 22 sid.
1911 1686 118 33 20—22.)

674 1824 93 34 23:0.
822 1828 54 30 att
912 1824 111 47 jemte
1053 1824 64 36 det
1150 1825 313 50 Fortifikationens
1495 1828 138 47 anslag,
1663 1830 158 43 212,718
1866 1808 149 73 brolokollet

622 1873 137 35 kronor
800 1876 45 34 48
887 1881 73 38 öre,
1003 1876 163 36 minskas
1209 1877 81 35 med
1320 1877 133 36 värdet
1480 1877 39 36 af
1543 1878 70 35 den
1641 1878 57 35 till
1729 1885 94 29 mat-
1852 1882 43 55 Di
1914 1876 126 66 20-307

622 1924 356 47 hållningsanslaget
1021 1925 260 51 öfverflyttade
1319 1928 324 48 brödspanmålen,
1691 1931 131 42 13,062
1850 1922 46 15 ””
2019 1930 5 5 |

622 1975 138 35 kronor
794 1977 43 33 21
880 1982 76 36 öre,
990 1977 86 34 eller
1104 1978 57 35 till
1193 1980 154 41 199,656
1377 1979 134 35 kronor
1541 1982 43 33 27
1615 1987 73 36 öre,
1715 1980 109 36 Riks-

625 2024 119 48 dagen
786 2029 69 40 må,
898 2027 81 34 med
1009 2026 105 37 bifall
1142 2029 56 34 till
1227 2028 174 47 förslaget
1431 2043 58 21 om
1520 2031 242 47 uppsättning
1790 2030 39 37 af

626 2076 104 35 2:dra
761 2077 349 48 sappörkompaniet
1138 2084 93 31 samt
1261 2093 57 21 om
1349 2081 476 47 uppsättningskostnader-

625 2139 63 23 nas
730 2127 246 46 bestridande,
1019 2132 44 44 på
1103 2136 105 30 extra
1249 2137 74 29 stat
1350 2130 57 37 för
1436 2135 39 32 år
1511 2134 93 34 1876
1634 2134 126 35 anvisa
1787 2136 40 33 så

624 2178 60 35 väl
726 2177 61 36 det
827 2179 57 35 till
913 2180 155 35 nämnda
1099 2181 169 36 ändamål
1301 2182 240 49 erforderliga
1569 2183 150 49 belopp,
1748 2197 78 23 som

626 2228 95 35 hvad
768 2228 57 36 för
869 2230 339 49 löneregleringens
1256 2232 290 47 genomförande
1593 2237 117 44 åtgår,
1744 2234 83 37 med

627 2279 157 48 tillhopa
812 2281 130 45 48,055
972 2282 133 35 kronor
1135 2285 44 34 738
1209 2291 78 36 öre;

315 2346 71 30 Bih.
409 2346 50 30 till
484 2345 107 30 Riksd.
623 2345 81 29 Prot.
729 2346 84 28 1875.
857 2348 17 27 4
902 2347 91 30 Saml.
1041 2349 13 26 1
1079 2347 71 37 Ajfd.
1194 2349 18 26 4
1237 2349 84 33 Häft.
1729 2351 15 28 3
