<?xml version="1.0" encoding="UTF-8"?>
<alto xmlns="http://www.loc.gov/standards/alto/ns-v3#" xmlns:xlink="http://www.w3.org/1999/xlink" xmlns:xsi="http://www.w3.org/2001/XMLSchema-instance" xsi:schemaLocation="http://www.loc.gov/standards/alto/ns-v3# http://www.loc.gov/alto/v3/alto-3-0.xsd">
	<Description>
		<MeasurementUnit>pixel</MeasurementUnit>
		<sourceImageInformation>
			<fileName>/tmp/tess_qzmoyobh_input.PNG</fileName>
		</sourceImageInformation>
		<OCRProcessing ID="OCR_0">
			<ocrProcessingStep>
				<processingSoftware>
					<softwareName>tesseract 5.3.0</softwareName>
				</processingSoftware>
			</ocrProcessingStep>
		</OCRProcessing>
	</Description>
	<Layout>
		<Page WIDTH="1886" HEIGHT="2772" PHYSICAL_IMG_NR="0" ID="page_0">
			<PrintSpace HPOS="0" VPOS="0" WIDTH="1886" HEIGHT="2772">
				<ComposedBlock ID="cblock_0" HPOS="312" VPOS="184" WIDTH="1309" HEIGHT="39">
					<TextBlock ID="block_0" HPOS="312" VPOS="184" WIDTH="1309" HEIGHT="39">
						<TextLine ID="line_0" HPOS="312" VPOS="184" WIDTH="1309" HEIGHT="39">
							<String ID="string_0" HPOS="312" VPOS="184" WIDTH="188" HEIGHT="30" WC="0.93" CONTENT="Allmänna"/><SP WIDTH="29" VPOS="184" HPOS="500"/>
							<String ID="string_1" HPOS="529" VPOS="184" WIDTH="399" HEIGHT="39" WC="0.92" CONTENT="beredningsutskottets"/><SP WIDTH="32" VPOS="184" HPOS="928"/>
							<String ID="string_2" HPOS="960" VPOS="184" WIDTH="179" HEIGHT="30" WC="0.96" CONTENT="utlåtande"/><SP WIDTH="30" VPOS="184" HPOS="1139"/>
							<String ID="string_3" HPOS="1169" VPOS="194" WIDTH="44" HEIGHT="20" WC="0.96" CONTENT="nr"/><SP WIDTH="30" VPOS="194" HPOS="1213"/>
							<String ID="string_4" HPOS="1243" VPOS="186" WIDTH="14" HEIGHT="28" WC="0.95" CONTENT="1"/><SP WIDTH="32" VPOS="186" HPOS="1257"/>
							<String ID="string_5" HPOS="1289" VPOS="185" WIDTH="41" HEIGHT="30" WC="0.95" CONTENT="år"/><SP WIDTH="28" VPOS="185" HPOS="1330"/>
							<String ID="string_6" HPOS="1358" VPOS="185" WIDTH="84" HEIGHT="29" WC="0.96" CONTENT="1962"/><SP WIDTH="160" VPOS="185" HPOS="1442"/>
							<String ID="string_7" HPOS="1602" VPOS="185" WIDTH="19" HEIGHT="30" WC="0.96" CONTENT="3"/>
						</TextLine>
					</TextBlock>
				</ComposedBlock>
				<ComposedBlock ID="cblock_1" HPOS="133" VPOS="264" WIDTH="1490" HEIGHT="530">
					<TextBlock ID="block_1" HPOS="133" VPOS="264" WIDTH="1490" HEIGHT="530">
						<TextLine ID="line_1" HPOS="133" VPOS="264" WIDTH="1489" HEIGHT="40">
							<String ID="string_8" HPOS="133" VPOS="264" WIDTH="110" HEIGHT="39" WC="0.96" CONTENT="vägen"/><SP WIDTH="21" VPOS="264" HPOS="243"/>
							<String ID="string_9" HPOS="264" VPOS="264" WIDTH="139" HEIGHT="39" WC="0.96" CONTENT="mycket"/><SP WIDTH="20" VPOS="264" HPOS="403"/>
							<String ID="string_10" HPOS="423" VPOS="264" WIDTH="213" HEIGHT="39" WC="0.92" CONTENT="begränsade"/><SP WIDTH="20" VPOS="264" HPOS="636"/>
							<String ID="string_11" HPOS="656" VPOS="264" WIDTH="362" HEIGHT="40" WC="0.91" CONTENT="marginalkapacitet."/><SP WIDTH="21" VPOS="264" HPOS="1018"/>
							<String ID="string_12" HPOS="1039" VPOS="264" WIDTH="67" HEIGHT="30" WC="0.96" CONTENT="Om"/><SP WIDTH="21" VPOS="264" HPOS="1106"/>
							<String ID="string_13" HPOS="1127" VPOS="265" WIDTH="177" HEIGHT="39" WC="0.96" CONTENT="nämligen"/><SP WIDTH="21" VPOS="265" HPOS="1304"/>
							<String ID="string_14" HPOS="1325" VPOS="265" WIDTH="130" HEIGHT="29" WC="0.96" CONTENT="antalet"/><SP WIDTH="21" VPOS="265" HPOS="1455"/>
							<String ID="string_15" HPOS="1476" VPOS="265" WIDTH="146" HEIGHT="29" WC="0.96" CONTENT="resande"/>
						</TextLine>
						<TextLine ID="line_2" HPOS="134" VPOS="308" WIDTH="1488" HEIGHT="40">
							<String ID="string_16" HPOS="134" VPOS="308" WIDTH="52" HEIGHT="30" WC="0.96" CONTENT="till"/><SP WIDTH="21" VPOS="308" HPOS="186"/>
							<String ID="string_17" HPOS="207" VPOS="308" WIDTH="90" HEIGHT="39" WC="0.96" CONTENT="följd"/><SP WIDTH="20" VPOS="308" HPOS="297"/>
							<String ID="string_18" HPOS="317" VPOS="318" WIDTH="42" HEIGHT="20" WC="0.93" CONTENT="av"/><SP WIDTH="18" VPOS="318" HPOS="359"/>
							<String ID="string_19" HPOS="377" VPOS="308" WIDTH="370" HEIGHT="40" WC="0.91" CONTENT="rabattmedgivanden"/><SP WIDTH="20" VPOS="308" HPOS="747"/>
							<String ID="string_20" HPOS="767" VPOS="309" WIDTH="86" HEIGHT="29" WC="0.93" CONTENT="ökar"/><SP WIDTH="17" VPOS="309" HPOS="853"/>
							<String ID="string_21" HPOS="870" VPOS="327" WIDTH="45" HEIGHT="3" WC="0.90" CONTENT="—"/><SP WIDTH="17" VPOS="327" HPOS="915"/>
							<String ID="string_22" HPOS="932" VPOS="309" WIDTH="88" HEIGHT="29" WC="0.96" CONTENT="även"/><SP WIDTH="20" VPOS="309" HPOS="1020"/>
							<String ID="string_23" HPOS="1040" VPOS="318" WIDTH="56" HEIGHT="20" WC="0.96" CONTENT="om"/><SP WIDTH="20" VPOS="318" HPOS="1096"/>
							<String ID="string_24" HPOS="1116" VPOS="309" WIDTH="57" HEIGHT="29" WC="0.95" CONTENT="det"/><SP WIDTH="20" VPOS="309" HPOS="1173"/>
							<String ID="string_25" HPOS="1193" VPOS="309" WIDTH="80" HEIGHT="29" WC="0.96" CONTENT="sker"/><SP WIDTH="19" VPOS="309" HPOS="1273"/>
							<String ID="string_26" HPOS="1292" VPOS="309" WIDTH="87" HEIGHT="30" WC="0.96" CONTENT="blott"/><SP WIDTH="19" VPOS="309" HPOS="1379"/>
							<String ID="string_27" HPOS="1398" VPOS="309" WIDTH="58" HEIGHT="30" WC="0.96" CONTENT="vid"/><SP WIDTH="19" VPOS="309" HPOS="1456"/>
							<String ID="string_28" HPOS="1475" VPOS="310" WIDTH="147" HEIGHT="29" WC="0.96" CONTENT="enstaka"/>
						</TextLine>
						<TextLine ID="line_3" HPOS="134" VPOS="352" WIDTH="1488" HEIGHT="40">
							<String ID="string_29" HPOS="134" VPOS="352" WIDTH="165" HEIGHT="30" WC="0.93" CONTENT="tillfällen"/><SP WIDTH="15" VPOS="352" HPOS="299"/>
							<String ID="string_30" HPOS="314" VPOS="371" WIDTH="45" HEIGHT="3" WC="0.91" CONTENT="—"/><SP WIDTH="16" VPOS="371" HPOS="359"/>
							<String ID="string_31" HPOS="375" VPOS="354" WIDTH="10" HEIGHT="28" WC="0.96" CONTENT="i"/><SP WIDTH="19" VPOS="354" HPOS="385"/>
							<String ID="string_32" HPOS="404" VPOS="353" WIDTH="108" HEIGHT="30" WC="0.96" CONTENT="sådan"/><SP WIDTH="17" VPOS="353" HPOS="512"/>
							<String ID="string_33" HPOS="529" VPOS="353" WIDTH="223" HEIGHT="39" WC="0.95" CONTENT="omfattning,"/><SP WIDTH="20" VPOS="353" HPOS="752"/>
							<String ID="string_34" HPOS="772" VPOS="356" WIDTH="50" HEIGHT="27" WC="0.96" CONTENT="att"/><SP WIDTH="17" VPOS="356" HPOS="822"/>
							<String ID="string_35" HPOS="839" VPOS="356" WIDTH="102" HEIGHT="27" WC="0.96" CONTENT="turen"/><SP WIDTH="17" VPOS="356" HPOS="941"/>
							<String ID="string_36" HPOS="958" VPOS="354" WIDTH="77" HEIGHT="29" WC="0.96" CONTENT="icke"/><SP WIDTH="18" VPOS="354" HPOS="1035"/>
							<String ID="string_37" HPOS="1053" VPOS="354" WIDTH="70" HEIGHT="29" WC="0.96" CONTENT="kan"/><SP WIDTH="18" VPOS="354" HPOS="1123"/>
							<String ID="string_38" HPOS="1141" VPOS="354" WIDTH="136" HEIGHT="29" WC="0.96" CONTENT="utföras"/><SP WIDTH="19" VPOS="354" HPOS="1277"/>
							<String ID="string_39" HPOS="1296" VPOS="354" WIDTH="79" HEIGHT="29" WC="0.96" CONTENT="med"/><SP WIDTH="17" VPOS="354" HPOS="1375"/>
							<String ID="string_40" HPOS="1392" VPOS="354" WIDTH="122" HEIGHT="29" WC="0.93" CONTENT="enbart"/><SP WIDTH="18" VPOS="354" HPOS="1514"/>
							<String ID="string_41" HPOS="1532" VPOS="354" WIDTH="90" HEIGHT="29" WC="0.92" CONTENT="ordi-"/>
						</TextLine>
						<TextLine ID="line_4" HPOS="135" VPOS="397" WIDTH="1488" HEIGHT="40">
							<String ID="string_42" HPOS="135" VPOS="398" WIDTH="97" HEIGHT="29" WC="0.91" CONTENT="narie"/><SP WIDTH="20" VPOS="398" HPOS="232"/>
							<String ID="string_43" HPOS="252" VPOS="397" WIDTH="136" HEIGHT="35" WC="0.96" CONTENT="fordon,"/><SP WIDTH="20" VPOS="397" HPOS="388"/>
							<String ID="string_44" HPOS="408" VPOS="398" WIDTH="66" HEIGHT="29" WC="0.95" CONTENT="blir"/><SP WIDTH="19" VPOS="398" HPOS="474"/>
							<String ID="string_45" HPOS="493" VPOS="398" WIDTH="237" HEIGHT="29" WC="0.96" CONTENT="kostnaderna"/><SP WIDTH="20" VPOS="398" HPOS="730"/>
							<String ID="string_46" HPOS="750" VPOS="398" WIDTH="55" HEIGHT="29" WC="0.96" CONTENT="för"/><SP WIDTH="19" VPOS="398" HPOS="805"/>
							<String ID="string_47" HPOS="824" VPOS="398" WIDTH="41" HEIGHT="29" WC="0.96" CONTENT="de"/><SP WIDTH="20" VPOS="398" HPOS="865"/>
							<String ID="string_48" HPOS="885" VPOS="398" WIDTH="171" HEIGHT="39" WC="0.96" CONTENT="åtgärder,"/><SP WIDTH="22" VPOS="398" HPOS="1056"/>
							<String ID="string_49" HPOS="1078" VPOS="407" WIDTH="74" HEIGHT="21" WC="0.96" CONTENT="som"/><SP WIDTH="21" VPOS="407" HPOS="1152"/>
							<String ID="string_50" HPOS="1173" VPOS="398" WIDTH="110" HEIGHT="30" WC="0.96" CONTENT="måste"/><SP WIDTH="19" VPOS="398" HPOS="1283"/>
							<String ID="string_51" HPOS="1302" VPOS="398" WIDTH="158" HEIGHT="39" WC="0.96" CONTENT="vidtagas"/><SP WIDTH="21" VPOS="398" HPOS="1460"/>
							<String ID="string_52" HPOS="1481" VPOS="398" WIDTH="54" HEIGHT="29" WC="0.92" CONTENT="för"/><SP WIDTH="19" VPOS="398" HPOS="1535"/>
							<String ID="string_53" HPOS="1554" VPOS="400" WIDTH="69" HEIGHT="28" WC="0.91" CONTENT="tra-"/>
						</TextLine>
						<TextLine ID="line_5" HPOS="134" VPOS="441" WIDTH="1488" HEIGHT="41">
							<String ID="string_54" HPOS="134" VPOS="441" WIDTH="117" HEIGHT="31" WC="0.91" CONTENT="fikens"/><SP WIDTH="21" VPOS="441" HPOS="251"/>
							<String ID="string_55" HPOS="272" VPOS="442" WIDTH="213" HEIGHT="39" WC="0.96" CONTENT="avveckling,"/><SP WIDTH="21" VPOS="442" HPOS="485"/>
							<String ID="string_56" HPOS="506" VPOS="443" WIDTH="158" HEIGHT="29" WC="0.96" CONTENT="avsevärt"/><SP WIDTH="20" VPOS="443" HPOS="664"/>
							<String ID="string_57" HPOS="684" VPOS="443" WIDTH="107" HEIGHT="39" WC="0.96" CONTENT="högre"/><SP WIDTH="21" VPOS="443" HPOS="791"/>
							<String ID="string_58" HPOS="812" VPOS="443" WIDTH="44" HEIGHT="29" WC="0.96" CONTENT="än"/><SP WIDTH="21" VPOS="443" HPOS="856"/>
							<String ID="string_59" HPOS="877" VPOS="443" WIDTH="247" HEIGHT="29" WC="0.93" CONTENT="motsvarande"/><SP WIDTH="21" VPOS="443" HPOS="1124"/>
							<String ID="string_60" HPOS="1145" VPOS="443" WIDTH="240" HEIGHT="29" WC="0.88" CONTENT="merintäkter."/><SP WIDTH="22" VPOS="443" HPOS="1385"/>
							<String ID="string_61" HPOS="1407" VPOS="444" WIDTH="64" HEIGHT="29" WC="0.93" CONTENT="Det"/><SP WIDTH="22" VPOS="444" HPOS="1471"/>
							<String ID="string_62" HPOS="1493" VPOS="443" WIDTH="129" HEIGHT="29" WC="0.92" CONTENT="förhål-"/>
						</TextLine>
						<TextLine ID="line_6" HPOS="134" VPOS="487" WIDTH="1488" HEIGHT="40">
							<String ID="string_63" HPOS="134" VPOS="487" WIDTH="119" HEIGHT="29" WC="0.96" CONTENT="landet"/><SP WIDTH="21" VPOS="487" HPOS="253"/>
							<String ID="string_64" HPOS="274" VPOS="489" WIDTH="51" HEIGHT="27" WC="0.93" CONTENT="att"/><SP WIDTH="21" VPOS="489" HPOS="325"/>
							<String ID="string_65" HPOS="346" VPOS="487" WIDTH="337" HEIGHT="39" WC="0.91" CONTENT="järnvägsstyrelsen"/><SP WIDTH="23" VPOS="487" HPOS="683"/>
							<String ID="string_66" HPOS="706" VPOS="489" WIDTH="115" HEIGHT="28" WC="0.96" CONTENT="ansett"/><SP WIDTH="22" VPOS="489" HPOS="821"/>
							<String ID="string_67" HPOS="843" VPOS="488" WIDTH="50" HEIGHT="38" WC="0.96" CONTENT="sig"/><SP WIDTH="23" VPOS="488" HPOS="893"/>
							<String ID="string_68" HPOS="916" VPOS="488" WIDTH="122" HEIGHT="29" WC="0.93" CONTENT="kunna"/><SP WIDTH="22" VPOS="488" HPOS="1038"/>
							<String ID="string_69" HPOS="1060" VPOS="487" WIDTH="159" HEIGHT="39" WC="0.91" CONTENT="medgiva"/><SP WIDTH="22" VPOS="487" HPOS="1219"/>
							<String ID="string_70" HPOS="1241" VPOS="487" WIDTH="303" HEIGHT="40" WC="0.92" CONTENT="folkpensionärer"/><SP WIDTH="22" VPOS="487" HPOS="1544"/>
							<String ID="string_71" HPOS="1566" VPOS="497" WIDTH="56" HEIGHT="20" WC="0.92" CONTENT="av-"/>
						</TextLine>
						<TextLine ID="line_7" HPOS="136" VPOS="531" WIDTH="1485" HEIGHT="40">
							<String ID="string_72" HPOS="136" VPOS="531" WIDTH="123" HEIGHT="29" WC="0.96" CONTENT="sevärd"/><SP WIDTH="19" VPOS="531" HPOS="259"/>
							<String ID="string_73" HPOS="278" VPOS="532" WIDTH="115" HEIGHT="29" WC="0.96" CONTENT="rabatt"/><SP WIDTH="18" VPOS="532" HPOS="393"/>
							<String ID="string_74" HPOS="411" VPOS="532" WIDTH="58" HEIGHT="29" WC="0.93" CONTENT="vid"/><SP WIDTH="18" VPOS="532" HPOS="469"/>
							<String ID="string_75" HPOS="487" VPOS="532" WIDTH="264" HEIGHT="39" WC="0.92" CONTENT="järnvägsresor"/><SP WIDTH="20" VPOS="532" HPOS="751"/>
							<String ID="string_76" HPOS="771" VPOS="532" WIDTH="110" HEIGHT="29" WC="0.96" CONTENT="under"/><SP WIDTH="19" VPOS="532" HPOS="881"/>
							<String ID="string_77" HPOS="900" VPOS="532" WIDTH="94" HEIGHT="29" WC="0.96" CONTENT="vissa"/><SP WIDTH="19" VPOS="532" HPOS="994"/>
							<String ID="string_78" HPOS="1013" VPOS="532" WIDTH="89" HEIGHT="29" WC="0.96" CONTENT="tider"/><SP WIDTH="20" VPOS="532" HPOS="1102"/>
							<String ID="string_79" HPOS="1122" VPOS="541" WIDTH="42" HEIGHT="20" WC="0.96" CONTENT="av"/><SP WIDTH="20" VPOS="541" HPOS="1164"/>
							<String ID="string_80" HPOS="1184" VPOS="532" WIDTH="83" HEIGHT="34" WC="0.96" CONTENT="året,"/><SP WIDTH="21" VPOS="532" HPOS="1267"/>
							<String ID="string_81" HPOS="1288" VPOS="532" WIDTH="70" HEIGHT="29" WC="0.96" CONTENT="kan"/><SP WIDTH="22" VPOS="532" HPOS="1358"/>
							<String ID="string_82" HPOS="1380" VPOS="532" WIDTH="147" HEIGHT="30" WC="0.96" CONTENT="sålunda"/><SP WIDTH="18" VPOS="532" HPOS="1527"/>
							<String ID="string_83" HPOS="1545" VPOS="532" WIDTH="76" HEIGHT="29" WC="0.96" CONTENT="icke"/>
						</TextLine>
						<TextLine ID="line_8" HPOS="135" VPOS="576" WIDTH="1486" HEIGHT="40">
							<String ID="string_84" HPOS="135" VPOS="576" WIDTH="161" HEIGHT="39" WC="0.95" CONTENT="rimligen"/><SP WIDTH="19" VPOS="576" HPOS="296"/>
							<String ID="string_85" HPOS="315" VPOS="578" WIDTH="98" HEIGHT="37" WC="0.96" CONTENT="tagas"/><SP WIDTH="19" VPOS="578" HPOS="413"/>
							<String ID="string_86" HPOS="432" VPOS="577" WIDTH="51" HEIGHT="28" WC="0.95" CONTENT="till"/><SP WIDTH="19" VPOS="577" HPOS="483"/>
							<String ID="string_87" HPOS="502" VPOS="576" WIDTH="114" HEIGHT="30" WC="0.95" CONTENT="intäkt"/><SP WIDTH="19" VPOS="576" HPOS="616"/>
							<String ID="string_88" HPOS="635" VPOS="576" WIDTH="54" HEIGHT="29" WC="0.96" CONTENT="för"/><SP WIDTH="20" VPOS="576" HPOS="689"/>
							<String ID="string_89" HPOS="709" VPOS="578" WIDTH="50" HEIGHT="28" WC="0.96" CONTENT="att"/><SP WIDTH="20" VPOS="578" HPOS="759"/>
							<String ID="string_90" HPOS="779" VPOS="585" WIDTH="135" HEIGHT="21" WC="0.95" CONTENT="samma"/><SP WIDTH="18" VPOS="585" HPOS="914"/>
							<String ID="string_91" HPOS="932" VPOS="577" WIDTH="115" HEIGHT="29" WC="0.95" CONTENT="rabatt"/><SP WIDTH="20" VPOS="577" HPOS="1047"/>
							<String ID="string_92" HPOS="1067" VPOS="576" WIDTH="144" HEIGHT="30" WC="0.96" CONTENT="därmed"/><SP WIDTH="19" VPOS="576" HPOS="1211"/>
							<String ID="string_93" HPOS="1230" VPOS="577" WIDTH="87" HEIGHT="29" WC="0.96" CONTENT="även"/><SP WIDTH="20" VPOS="577" HPOS="1317"/>
							<String ID="string_94" HPOS="1337" VPOS="577" WIDTH="88" HEIGHT="29" WC="0.96" CONTENT="skall"/><SP WIDTH="20" VPOS="577" HPOS="1425"/>
							<String ID="string_95" HPOS="1445" VPOS="577" WIDTH="176" HEIGHT="39" WC="0.96" CONTENT="tillämpas"/>
						</TextLine>
						<TextLine ID="line_9" HPOS="134" VPOS="620" WIDTH="1488" HEIGHT="40">
							<String ID="string_96" HPOS="134" VPOS="620" WIDTH="96" HEIGHT="29" WC="0.96" CONTENT="inom"/><SP WIDTH="23" VPOS="620" HPOS="230"/>
							<String ID="string_97" HPOS="253" VPOS="620" WIDTH="252" HEIGHT="30" WC="0.93" CONTENT="busstrafiken."/><SP WIDTH="23" VPOS="620" HPOS="505"/>
							<String ID="string_98" HPOS="528" VPOS="620" WIDTH="383" HEIGHT="39" WC="0.91" CONTENT="Busstrafikföretagen"/><SP WIDTH="22" VPOS="620" HPOS="911"/>
							<String ID="string_99" HPOS="933" VPOS="639" WIDTH="45" HEIGHT="2" WC="0.91" CONTENT="—"/><SP WIDTH="22" VPOS="639" HPOS="978"/>
							<String ID="string_100" HPOS="1000" VPOS="621" WIDTH="87" HEIGHT="29" WC="0.96" CONTENT="även"/><SP WIDTH="23" VPOS="621" HPOS="1087"/>
							<String ID="string_101" HPOS="1110" VPOS="621" WIDTH="42" HEIGHT="29" WC="0.95" CONTENT="de"/><SP WIDTH="24" VPOS="621" HPOS="1152"/>
							<String ID="string_102" HPOS="1176" VPOS="621" WIDTH="140" HEIGHT="39" WC="0.93" CONTENT="statliga"/><SP WIDTH="22" VPOS="621" HPOS="1316"/>
							<String ID="string_103" HPOS="1338" VPOS="639" WIDTH="44" HEIGHT="3" WC="0.90" CONTENT="—"/><SP WIDTH="21" VPOS="639" HPOS="1382"/>
							<String ID="string_104" HPOS="1403" VPOS="621" WIDTH="111" HEIGHT="29" WC="0.93" CONTENT="måste"/><SP WIDTH="24" VPOS="621" HPOS="1514"/>
							<String ID="string_105" HPOS="1538" VPOS="622" WIDTH="84" HEIGHT="28" WC="0.91" CONTENT="läm-"/>
						</TextLine>
						<TextLine ID="line_10" HPOS="135" VPOS="665" WIDTH="1487" HEIGHT="39">
							<String ID="string_106" HPOS="135" VPOS="674" WIDTH="64" HEIGHT="20" WC="0.96" CONTENT="nas"/><SP WIDTH="22" VPOS="674" HPOS="199"/>
							<String ID="string_107" HPOS="221" VPOS="665" WIDTH="64" HEIGHT="29" WC="0.95" CONTENT="full"/><SP WIDTH="22" VPOS="665" HPOS="285"/>
							<String ID="string_108" HPOS="307" VPOS="665" WIDTH="106" HEIGHT="30" WC="0.96" CONTENT="frihet"/><SP WIDTH="21" VPOS="665" HPOS="413"/>
							<String ID="string_109" HPOS="434" VPOS="667" WIDTH="50" HEIGHT="28" WC="0.96" CONTENT="att"/><SP WIDTH="20" VPOS="667" HPOS="484"/>
							<String ID="string_110" HPOS="504" VPOS="667" WIDTH="85" HEIGHT="28" WC="0.96" CONTENT="utan"/><SP WIDTH="21" VPOS="667" HPOS="589"/>
							<String ID="string_111" HPOS="610" VPOS="665" WIDTH="169" HEIGHT="30" WC="0.95" CONTENT="avseende"/><SP WIDTH="21" VPOS="665" HPOS="779"/>
							<String ID="string_112" HPOS="800" VPOS="666" WIDTH="52" HEIGHT="29" WC="0.95" CONTENT="till"/><SP WIDTH="20" VPOS="666" HPOS="852"/>
							<String ID="string_113" HPOS="872" VPOS="666" WIDTH="95" HEIGHT="29" WC="0.96" CONTENT="vilka"/><SP WIDTH="20" VPOS="666" HPOS="967"/>
							<String ID="string_114" HPOS="987" VPOS="665" WIDTH="171" HEIGHT="39" WC="0.96" CONTENT="åtgärder,"/><SP WIDTH="23" VPOS="665" HPOS="1158"/>
							<String ID="string_115" HPOS="1181" VPOS="674" WIDTH="74" HEIGHT="21" WC="0.91" CONTENT="som"/><SP WIDTH="21" VPOS="674" HPOS="1255"/>
							<String ID="string_116" HPOS="1276" VPOS="666" WIDTH="155" HEIGHT="38" WC="0.91" CONTENT="vidtages"/><SP WIDTH="22" VPOS="666" HPOS="1431"/>
							<String ID="string_117" HPOS="1453" VPOS="665" WIDTH="54" HEIGHT="29" WC="0.93" CONTENT="för"/><SP WIDTH="20" VPOS="665" HPOS="1507"/>
							<String ID="string_118" HPOS="1527" VPOS="665" WIDTH="95" HEIGHT="39" WC="0.90" CONTENT="järn-"/>
						</TextLine>
						<TextLine ID="line_11" HPOS="134" VPOS="709" WIDTH="1489" HEIGHT="40">
							<String ID="string_119" HPOS="134" VPOS="709" WIDTH="259" HEIGHT="39" WC="0.91" CONTENT="vägstrafikens"/><SP WIDTH="21" VPOS="709" HPOS="393"/>
							<String ID="string_120" HPOS="414" VPOS="709" WIDTH="282" HEIGHT="35" WC="0.95" CONTENT="vidkommande,"/><SP WIDTH="23" VPOS="709" HPOS="696"/>
							<String ID="string_121" HPOS="719" VPOS="719" WIDTH="42" HEIGHT="20" WC="0.96" CONTENT="ur"/><SP WIDTH="22" VPOS="719" HPOS="761"/>
							<String ID="string_122" HPOS="783" VPOS="710" WIDTH="237" HEIGHT="29" WC="0.96" CONTENT="kommersiell"/><SP WIDTH="24" VPOS="710" HPOS="1020"/>
							<String ID="string_123" HPOS="1044" VPOS="710" WIDTH="180" HEIGHT="39" WC="0.95" CONTENT="synpunkt"/><SP WIDTH="21" VPOS="710" HPOS="1224"/>
							<String ID="string_124" HPOS="1245" VPOS="710" WIDTH="148" HEIGHT="30" WC="0.96" CONTENT="bedöma"/><SP WIDTH="22" VPOS="710" HPOS="1393"/>
							<String ID="string_125" HPOS="1415" VPOS="719" WIDTH="56" HEIGHT="20" WC="0.93" CONTENT="om"/><SP WIDTH="22" VPOS="719" HPOS="1471"/>
							<String ID="string_126" HPOS="1493" VPOS="710" WIDTH="130" HEIGHT="29" WC="0.90" CONTENT="rabatt-"/>
						</TextLine>
						<TextLine ID="line_12" HPOS="135" VPOS="754" WIDTH="437" HEIGHT="40">
							<String ID="string_127" HPOS="135" VPOS="754" WIDTH="180" HEIGHT="30" WC="0.96" CONTENT="förmåner"/><SP WIDTH="19" VPOS="754" HPOS="315"/>
							<String ID="string_128" HPOS="334" VPOS="755" WIDTH="62" HEIGHT="29" WC="0.96" CONTENT="bör"/><SP WIDTH="19" VPOS="755" HPOS="396"/>
							<String ID="string_129" HPOS="415" VPOS="755" WIDTH="157" HEIGHT="39" WC="0.96" CONTENT="beviljas."/>
						</TextLine>
					</TextBlock>
				</ComposedBlock>
				<ComposedBlock ID="cblock_2" HPOS="135" VPOS="825" WIDTH="1494" HEIGHT="1784">
					<TextBlock ID="block_2" HPOS="135" VPOS="825" WIDTH="1489" HEIGHT="415">
						<TextLine ID="line_13" HPOS="181" VPOS="825" WIDTH="1442" HEIGHT="40">
							<String ID="string_130" HPOS="181" VPOS="825" WIDTH="134" HEIGHT="29" WC="0.96" CONTENT="Försök"/><SP WIDTH="22" VPOS="825" HPOS="315"/>
							<String ID="string_131" HPOS="337" VPOS="826" WIDTH="79" HEIGHT="29" WC="0.96" CONTENT="med"/><SP WIDTH="21" VPOS="826" HPOS="416"/>
							<String ID="string_132" HPOS="437" VPOS="827" WIDTH="71" HEIGHT="29" WC="0.96" CONTENT="viss"/><SP WIDTH="23" VPOS="827" HPOS="508"/>
							<String ID="string_133" HPOS="531" VPOS="826" WIDTH="114" HEIGHT="30" WC="0.96" CONTENT="rabatt"/><SP WIDTH="22" VPOS="826" HPOS="645"/>
							<String ID="string_134" HPOS="667" VPOS="827" WIDTH="11" HEIGHT="28" WC="0.93" CONTENT="i"/><SP WIDTH="23" VPOS="827" HPOS="678"/>
							<String ID="string_135" HPOS="701" VPOS="826" WIDTH="287" HEIGHT="30" WC="0.91" CONTENT="trafikvärvande"/><SP WIDTH="24" VPOS="826" HPOS="988"/>
							<String ID="string_136" HPOS="1012" VPOS="826" WIDTH="90" HEIGHT="39" WC="0.96" CONTENT="syfte"/><SP WIDTH="24" VPOS="826" HPOS="1102"/>
							<String ID="string_137" HPOS="1126" VPOS="826" WIDTH="65" HEIGHT="29" WC="0.96" CONTENT="har"/><SP WIDTH="22" VPOS="826" HPOS="1191"/>
							<String ID="string_138" HPOS="1213" VPOS="826" WIDTH="110" HEIGHT="39" WC="0.96" CONTENT="gjorts"/><SP WIDTH="23" VPOS="826" HPOS="1323"/>
							<String ID="string_139" HPOS="1346" VPOS="826" WIDTH="11" HEIGHT="29" WC="0.96" CONTENT="i"/><SP WIDTH="24" VPOS="826" HPOS="1357"/>
							<String ID="string_140" HPOS="1381" VPOS="826" WIDTH="140" HEIGHT="29" WC="0.96" CONTENT="samråd"/><SP WIDTH="23" VPOS="826" HPOS="1521"/>
							<String ID="string_141" HPOS="1544" VPOS="826" WIDTH="79" HEIGHT="29" WC="0.95" CONTENT="med"/>
						</TextLine>
						<TextLine ID="line_14" HPOS="135" VPOS="879" WIDTH="1488" HEIGHT="40">
							<String ID="string_142" HPOS="135" VPOS="879" WIDTH="267" HEIGHT="40" WC="0.92" CONTENT="bussföretagen"/><SP WIDTH="24" VPOS="879" HPOS="402"/>
							<String ID="string_143" HPOS="426" VPOS="880" WIDTH="11" HEIGHT="29" WC="0.96" CONTENT="i"/><SP WIDTH="25" VPOS="880" HPOS="437"/>
							<String ID="string_144" HPOS="462" VPOS="880" WIDTH="137" HEIGHT="29" WC="0.96" CONTENT="enskild"/><SP WIDTH="25" VPOS="880" HPOS="599"/>
							<String ID="string_145" HPOS="624" VPOS="881" WIDTH="71" HEIGHT="38" WC="0.96" CONTENT="regi"/><SP WIDTH="25" VPOS="881" HPOS="695"/>
							<String ID="string_146" HPOS="720" VPOS="880" WIDTH="11" HEIGHT="29" WC="0.96" CONTENT="i"/><SP WIDTH="24" VPOS="880" HPOS="731"/>
							<String ID="string_147" HPOS="755" VPOS="880" WIDTH="240" HEIGHT="33" WC="0.96" CONTENT="Norrbottens,"/><SP WIDTH="26" VPOS="880" HPOS="995"/>
							<String ID="string_148" HPOS="1021" VPOS="880" WIDTH="264" HEIGHT="29" WC="0.96" CONTENT="Västerbottens"/><SP WIDTH="26" VPOS="880" HPOS="1285"/>
							<String ID="string_149" HPOS="1311" VPOS="880" WIDTH="65" HEIGHT="29" WC="0.93" CONTENT="och"/><SP WIDTH="24" VPOS="880" HPOS="1376"/>
							<String ID="string_150" HPOS="1400" VPOS="880" WIDTH="223" HEIGHT="29" WC="0.91" CONTENT="Västernorr-"/>
						</TextLine>
						<TextLine ID="line_15" HPOS="136" VPOS="933" WIDTH="1488" HEIGHT="39">
							<String ID="string_151" HPOS="136" VPOS="933" WIDTH="102" HEIGHT="29" WC="0.96" CONTENT="lands"/><SP WIDTH="20" VPOS="933" HPOS="238"/>
							<String ID="string_152" HPOS="258" VPOS="933" WIDTH="69" HEIGHT="29" WC="0.93" CONTENT="län."/><SP WIDTH="20" VPOS="933" HPOS="327"/>
							<String ID="string_153" HPOS="347" VPOS="933" WIDTH="170" HEIGHT="29" WC="0.92" CONTENT="Rabatten"/><SP WIDTH="18" VPOS="933" HPOS="517"/>
							<String ID="string_154" HPOS="535" VPOS="933" WIDTH="155" HEIGHT="34" WC="0.96" CONTENT="innebär,"/><SP WIDTH="20" VPOS="933" HPOS="690"/>
							<String ID="string_155" HPOS="710" VPOS="935" WIDTH="51" HEIGHT="28" WC="0.96" CONTENT="att"/><SP WIDTH="19" VPOS="935" HPOS="761"/>
							<String ID="string_156" HPOS="780" VPOS="942" WIDTH="127" HEIGHT="30" WC="0.96" CONTENT="person"/><SP WIDTH="20" VPOS="942" HPOS="907"/>
							<String ID="string_157" HPOS="927" VPOS="942" WIDTH="75" HEIGHT="21" WC="0.96" CONTENT="som"/><SP WIDTH="20" VPOS="942" HPOS="1002"/>
							<String ID="string_158" HPOS="1022" VPOS="933" WIDTH="78" HEIGHT="39" WC="0.96" CONTENT="fyllt"/><SP WIDTH="20" VPOS="933" HPOS="1100"/>
							<String ID="string_159" HPOS="1120" VPOS="933" WIDTH="39" HEIGHT="29" WC="0.96" CONTENT="67"/><SP WIDTH="22" VPOS="933" HPOS="1159"/>
							<String ID="string_160" HPOS="1181" VPOS="933" WIDTH="38" HEIGHT="30" WC="0.95" CONTENT="år"/><SP WIDTH="18" VPOS="933" HPOS="1219"/>
							<String ID="string_161" HPOS="1237" VPOS="934" WIDTH="81" HEIGHT="38" WC="0.96" CONTENT="äger"/><SP WIDTH="20" VPOS="934" HPOS="1318"/>
							<String ID="string_162" HPOS="1338" VPOS="933" WIDTH="112" HEIGHT="29" WC="0.93" CONTENT="företa"/><SP WIDTH="18" VPOS="933" HPOS="1450"/>
							<String ID="string_163" HPOS="1468" VPOS="935" WIDTH="72" HEIGHT="27" WC="0.92" CONTENT="tur-"/><SP WIDTH="18" VPOS="935" HPOS="1540"/>
							<String ID="string_164" HPOS="1558" VPOS="933" WIDTH="66" HEIGHT="29" WC="0.96" CONTENT="och"/>
						</TextLine>
						<TextLine ID="line_16" HPOS="136" VPOS="986" WIDTH="1485" HEIGHT="40">
							<String ID="string_165" HPOS="136" VPOS="988" WIDTH="177" HEIGHT="28" WC="0.96" CONTENT="returresa"/><SP WIDTH="20" VPOS="988" HPOS="313"/>
							<String ID="string_166" HPOS="333" VPOS="989" WIDTH="72" HEIGHT="27" WC="0.96" CONTENT="mot"/><SP WIDTH="20" VPOS="989" HPOS="405"/>
							<String ID="string_167" HPOS="425" VPOS="986" WIDTH="109" HEIGHT="40" WC="0.96" CONTENT="avgift"/><SP WIDTH="20" VPOS="986" HPOS="534"/>
							<String ID="string_168" HPOS="554" VPOS="986" WIDTH="54" HEIGHT="30" WC="0.96" CONTENT="för"/><SP WIDTH="19" VPOS="986" HPOS="608"/>
							<String ID="string_169" HPOS="627" VPOS="987" WIDTH="101" HEIGHT="29" WC="0.96" CONTENT="enkel"/><SP WIDTH="21" VPOS="987" HPOS="728"/>
							<String ID="string_170" HPOS="749" VPOS="987" WIDTH="115" HEIGHT="39" WC="0.96" CONTENT="biljett"/><SP WIDTH="19" VPOS="987" HPOS="864"/>
							<String ID="string_171" HPOS="883" VPOS="986" WIDTH="80" HEIGHT="30" WC="0.96" CONTENT="med"/><SP WIDTH="20" VPOS="986" HPOS="963"/>
							<String ID="string_172" HPOS="983" VPOS="996" WIDTH="43" HEIGHT="20" WC="0.96" CONTENT="en"/><SP WIDTH="20" VPOS="996" HPOS="1026"/>
							<String ID="string_173" HPOS="1046" VPOS="987" WIDTH="112" HEIGHT="38" WC="0.93" CONTENT="lägsta"/><SP WIDTH="20" VPOS="987" HPOS="1158"/>
							<String ID="string_174" HPOS="1178" VPOS="986" WIDTH="200" HEIGHT="30" WC="0.92" CONTENT="rabatterad"/><SP WIDTH="20" VPOS="986" HPOS="1378"/>
							<String ID="string_175" HPOS="1398" VPOS="986" WIDTH="108" HEIGHT="39" WC="0.96" CONTENT="avgift"/><SP WIDTH="21" VPOS="986" HPOS="1506"/>
							<String ID="string_176" HPOS="1527" VPOS="995" WIDTH="56" HEIGHT="21" WC="0.96" CONTENT="om"/><SP WIDTH="22" VPOS="995" HPOS="1583"/>
							<String ID="string_177" HPOS="1605" VPOS="986" WIDTH="16" HEIGHT="29" WC="0.96" CONTENT="7"/>
						</TextLine>
						<TextLine ID="line_17" HPOS="137" VPOS="1040" WIDTH="1485" HEIGHT="39">
							<String ID="string_178" HPOS="137" VPOS="1040" WIDTH="52" HEIGHT="29" WC="0.96" CONTENT="kr."/><SP WIDTH="18" VPOS="1040" HPOS="189"/>
							<String ID="string_179" HPOS="207" VPOS="1040" WIDTH="179" HEIGHT="30" WC="0.96" CONTENT="Försöken"/><SP WIDTH="17" VPOS="1040" HPOS="386"/>
							<String ID="string_180" HPOS="403" VPOS="1041" WIDTH="64" HEIGHT="29" WC="0.96" CONTENT="har"/><SP WIDTH="18" VPOS="1041" HPOS="467"/>
							<String ID="string_181" HPOS="485" VPOS="1040" WIDTH="110" HEIGHT="39" WC="0.96" CONTENT="gjorts"/><SP WIDTH="18" VPOS="1040" HPOS="595"/>
							<String ID="string_182" HPOS="613" VPOS="1040" WIDTH="112" HEIGHT="30" WC="0.96" CONTENT="under"/><SP WIDTH="17" VPOS="1040" HPOS="725"/>
							<String ID="string_183" HPOS="742" VPOS="1040" WIDTH="96" HEIGHT="29" WC="0.96" CONTENT="tiden"/><SP WIDTH="21" VPOS="1040" HPOS="838"/>
							<String ID="string_184" HPOS="859" VPOS="1040" WIDTH="37" HEIGHT="30" WC="0.92" CONTENT="10"/><SP WIDTH="19" VPOS="1040" HPOS="896"/>
							<String ID="string_185" HPOS="915" VPOS="1040" WIDTH="166" HEIGHT="29" WC="0.54" CONTENT="nov.—15"/><SP WIDTH="19" VPOS="1040" HPOS="1081"/>
							<String ID="string_186" HPOS="1100" VPOS="1040" WIDTH="73" HEIGHT="29" WC="0.96" CONTENT="dec."/><SP WIDTH="22" VPOS="1040" HPOS="1173"/>
							<String ID="string_187" HPOS="1195" VPOS="1040" WIDTH="81" HEIGHT="29" WC="0.96" CONTENT="1960"/><SP WIDTH="20" VPOS="1040" HPOS="1276"/>
							<String ID="string_188" HPOS="1296" VPOS="1042" WIDTH="90" HEIGHT="27" WC="0.96" CONTENT="samt"/><SP WIDTH="22" VPOS="1042" HPOS="1386"/>
							<String ID="string_189" HPOS="1408" VPOS="1040" WIDTH="37" HEIGHT="29" WC="0.93" CONTENT="16"/><SP WIDTH="19" VPOS="1040" HPOS="1445"/>
							<String ID="string_190" HPOS="1464" VPOS="1040" WIDTH="158" HEIGHT="29" WC="0.88" CONTENT="okt.—15"/>
						</TextLine>
						<TextLine ID="line_18" HPOS="137" VPOS="1093" WIDTH="1487" HEIGHT="40">
							<String ID="string_191" HPOS="137" VPOS="1093" WIDTH="72" HEIGHT="30" WC="0.95" CONTENT="dec."/><SP WIDTH="26" VPOS="1093" HPOS="209"/>
							<String ID="string_192" HPOS="235" VPOS="1093" WIDTH="80" HEIGHT="30" WC="0.96" CONTENT="1961"/><SP WIDTH="25" VPOS="1093" HPOS="315"/>
							<String ID="string_193" HPOS="340" VPOS="1094" WIDTH="65" HEIGHT="29" WC="0.96" CONTENT="och"/><SP WIDTH="21" VPOS="1094" HPOS="405"/>
							<String ID="string_194" HPOS="426" VPOS="1093" WIDTH="107" HEIGHT="40" WC="0.95" CONTENT="pågår"/><SP WIDTH="22" VPOS="1093" HPOS="533"/>
							<String ID="string_195" HPOS="555" VPOS="1093" WIDTH="54" HEIGHT="30" WC="0.96" CONTENT="för"/><SP WIDTH="21" VPOS="1093" HPOS="609"/>
							<String ID="string_196" HPOS="630" VPOS="1094" WIDTH="96" HEIGHT="29" WC="0.96" CONTENT="tiden"/><SP WIDTH="26" VPOS="1094" HPOS="726"/>
							<String ID="string_197" HPOS="752" VPOS="1094" WIDTH="37" HEIGHT="29" WC="0.96" CONTENT="15"/><SP WIDTH="25" VPOS="1094" HPOS="789"/>
							<String ID="string_198" HPOS="814" VPOS="1094" WIDTH="70" HEIGHT="38" WC="0.65" CONTENT="jan."/><SP WIDTH="20" VPOS="1094" HPOS="884"/>
							<String ID="string_199" HPOS="904" VPOS="1093" WIDTH="66" HEIGHT="29" WC="0.65" CONTENT="—31"/><SP WIDTH="25" VPOS="1093" HPOS="970"/>
							<String ID="string_200" HPOS="995" VPOS="1103" WIDTH="95" HEIGHT="20" WC="0.96" CONTENT="mars"/><SP WIDTH="22" VPOS="1103" HPOS="1090"/>
							<String ID="string_201" HPOS="1112" VPOS="1094" WIDTH="11" HEIGHT="29" WC="0.96" CONTENT="i"/><SP WIDTH="22" VPOS="1094" HPOS="1123"/>
							<String ID="string_202" HPOS="1145" VPOS="1093" WIDTH="49" HEIGHT="30" WC="0.96" CONTENT="år."/><SP WIDTH="23" VPOS="1093" HPOS="1194"/>
							<String ID="string_203" HPOS="1217" VPOS="1093" WIDTH="132" HEIGHT="30" WC="0.96" CONTENT="Hittills"/><SP WIDTH="22" VPOS="1093" HPOS="1349"/>
							<String ID="string_204" HPOS="1371" VPOS="1102" WIDTH="141" HEIGHT="20" WC="0.92" CONTENT="vunnen"/><SP WIDTH="22" VPOS="1102" HPOS="1512"/>
							<String ID="string_205" HPOS="1534" VPOS="1093" WIDTH="90" HEIGHT="29" WC="0.92" CONTENT="erfa-"/>
						</TextLine>
						<TextLine ID="line_19" HPOS="136" VPOS="1147" WIDTH="1487" HEIGHT="40">
							<String ID="string_206" HPOS="136" VPOS="1148" WIDTH="124" HEIGHT="29" WC="0.96" CONTENT="renhet"/><SP WIDTH="20" VPOS="1148" HPOS="260"/>
							<String ID="string_207" HPOS="280" VPOS="1157" WIDTH="102" HEIGHT="30" WC="0.95" CONTENT="synes"/><SP WIDTH="18" VPOS="1157" HPOS="382"/>
							<String ID="string_208" HPOS="400" VPOS="1148" WIDTH="84" HEIGHT="33" WC="0.96" CONTENT="visa,"/><SP WIDTH="22" VPOS="1148" HPOS="484"/>
							<String ID="string_209" HPOS="506" VPOS="1149" WIDTH="49" HEIGHT="28" WC="0.96" CONTENT="att"/><SP WIDTH="20" VPOS="1149" HPOS="555"/>
							<String ID="string_210" HPOS="575" VPOS="1157" WIDTH="42" HEIGHT="20" WC="0.96" CONTENT="en"/><SP WIDTH="19" VPOS="1157" HPOS="617"/>
							<String ID="string_211" HPOS="636" VPOS="1147" WIDTH="137" HEIGHT="30" WC="0.93" CONTENT="mindre"/><SP WIDTH="20" VPOS="1147" HPOS="773"/>
							<String ID="string_212" HPOS="793" VPOS="1147" WIDTH="268" HEIGHT="39" WC="0.91" CONTENT="intäktsökning"/><SP WIDTH="20" VPOS="1147" HPOS="1061"/>
							<String ID="string_213" HPOS="1081" VPOS="1147" WIDTH="133" HEIGHT="29" WC="0.90" CONTENT="ernåtts"/><SP WIDTH="20" VPOS="1147" HPOS="1214"/>
							<String ID="string_214" HPOS="1234" VPOS="1147" WIDTH="44" HEIGHT="39" WC="0.96" CONTENT="på"/><SP WIDTH="18" VPOS="1147" HPOS="1278"/>
							<String ID="string_215" HPOS="1296" VPOS="1147" WIDTH="94" HEIGHT="29" WC="0.96" CONTENT="vissa"/><SP WIDTH="19" VPOS="1147" HPOS="1390"/>
							<String ID="string_216" HPOS="1409" VPOS="1147" WIDTH="114" HEIGHT="39" WC="0.96" CONTENT="linjer,"/><SP WIDTH="21" VPOS="1147" HPOS="1523"/>
							<String ID="string_217" HPOS="1544" VPOS="1156" WIDTH="79" HEIGHT="20" WC="0.96" CONTENT="men"/>
						</TextLine>
						<TextLine ID="line_20" HPOS="136" VPOS="1201" WIDTH="955" HEIGHT="39">
							<String ID="string_218" HPOS="136" VPOS="1201" WIDTH="115" HEIGHT="39" WC="0.96" CONTENT="någon"/><SP WIDTH="15" VPOS="1201" HPOS="251"/>
							<String ID="string_219" HPOS="266" VPOS="1201" WIDTH="77" HEIGHT="29" WC="0.96" CONTENT="klar"/><SP WIDTH="14" VPOS="1201" HPOS="343"/>
							<String ID="string_220" HPOS="357" VPOS="1201" WIDTH="145" HEIGHT="30" WC="0.96" CONTENT="tendens"/><SP WIDTH="16" VPOS="1201" HPOS="502"/>
							<String ID="string_221" HPOS="518" VPOS="1201" WIDTH="64" HEIGHT="29" WC="0.96" CONTENT="har"/><SP WIDTH="13" VPOS="1201" HPOS="582"/>
							<String ID="string_222" HPOS="595" VPOS="1201" WIDTH="95" HEIGHT="29" WC="0.95" CONTENT="ännu"/><SP WIDTH="15" VPOS="1201" HPOS="690"/>
							<String ID="string_223" HPOS="705" VPOS="1201" WIDTH="77" HEIGHT="29" WC="0.95" CONTENT="icke"/><SP WIDTH="15" VPOS="1201" HPOS="782"/>
							<String ID="string_224" HPOS="797" VPOS="1201" WIDTH="135" HEIGHT="29" WC="0.96" CONTENT="kunnat"/><SP WIDTH="15" VPOS="1201" HPOS="932"/>
							<String ID="string_225" HPOS="947" VPOS="1201" WIDTH="144" HEIGHT="29" WC="0.96" CONTENT="utläsas."/>
						</TextLine>
					</TextBlock>
					<TextBlock ID="block_3" HPOS="136" VPOS="1254" WIDTH="1489" HEIGHT="254">
						<TextLine ID="line_21" HPOS="182" VPOS="1254" WIDTH="1443" HEIGHT="40">
							<String ID="string_226" HPOS="182" VPOS="1255" WIDTH="343" HEIGHT="39" WC="0.92" CONTENT="Järnvägsstyrelsen"/><SP WIDTH="27" VPOS="1255" HPOS="525"/>
							<String ID="string_227" HPOS="552" VPOS="1254" WIDTH="111" HEIGHT="34" WC="0.96" CONTENT="anför,"/><SP WIDTH="26" VPOS="1254" HPOS="663"/>
							<String ID="string_228" HPOS="689" VPOS="1256" WIDTH="50" HEIGHT="27" WC="0.93" CONTENT="att"/><SP WIDTH="25" VPOS="1256" HPOS="739"/>
							<String ID="string_229" HPOS="764" VPOS="1254" WIDTH="311" HEIGHT="39" WC="0.91" CONTENT="reseerbjudandet"/><SP WIDTH="24" VPOS="1254" HPOS="1075"/>
							<String ID="string_230" HPOS="1099" VPOS="1254" WIDTH="80" HEIGHT="29" WC="0.93" CONTENT="med"/><SP WIDTH="26" VPOS="1254" HPOS="1179"/>
							<String ID="string_231" HPOS="1205" VPOS="1254" WIDTH="172" HEIGHT="29" WC="0.88" CONTENT="67-kortet"/><SP WIDTH="23" VPOS="1254" HPOS="1377"/>
							<String ID="string_232" HPOS="1400" VPOS="1254" WIDTH="89" HEIGHT="29" WC="0.96" CONTENT="vilar"/><SP WIDTH="24" VPOS="1254" HPOS="1489"/>
							<String ID="string_233" HPOS="1513" VPOS="1254" WIDTH="45" HEIGHT="39" WC="0.96" CONTENT="på"/><SP WIDTH="23" VPOS="1254" HPOS="1558"/>
							<String ID="string_234" HPOS="1581" VPOS="1263" WIDTH="44" HEIGHT="20" WC="0.96" CONTENT="en"/>
						</TextLine>
						<TextLine ID="line_22" HPOS="136" VPOS="1307" WIDTH="1488" HEIGHT="40">
							<String ID="string_235" HPOS="136" VPOS="1308" WIDTH="79" HEIGHT="30" WC="0.96" CONTENT="klar"/><SP WIDTH="19" VPOS="1308" HPOS="215"/>
							<String ID="string_236" HPOS="234" VPOS="1309" WIDTH="66" HEIGHT="29" WC="0.93" CONTENT="och"/><SP WIDTH="20" VPOS="1309" HPOS="300"/>
							<String ID="string_237" HPOS="320" VPOS="1308" WIDTH="174" HEIGHT="39" WC="0.92" CONTENT="otvetydig"/><SP WIDTH="20" VPOS="1308" HPOS="494"/>
							<String ID="string_238" HPOS="514" VPOS="1308" WIDTH="237" HEIGHT="30" WC="0.95" CONTENT="kommersiell"/><SP WIDTH="20" VPOS="1308" HPOS="751"/>
							<String ID="string_239" HPOS="771" VPOS="1308" WIDTH="221" HEIGHT="38" WC="0.96" CONTENT="bedömning."/><SP WIDTH="22" VPOS="1308" HPOS="992"/>
							<String ID="string_240" HPOS="1014" VPOS="1308" WIDTH="67" HEIGHT="29" WC="0.93" CONTENT="För"/><SP WIDTH="21" VPOS="1308" HPOS="1081"/>
							<String ID="string_241" HPOS="1102" VPOS="1308" WIDTH="168" HEIGHT="38" WC="0.91" CONTENT="kortväga"/><SP WIDTH="20" VPOS="1308" HPOS="1270"/>
							<String ID="string_242" HPOS="1290" VPOS="1307" WIDTH="224" HEIGHT="30" WC="0.91" CONTENT="reseavstånd"/><SP WIDTH="21" VPOS="1307" HPOS="1514"/>
							<String ID="string_243" HPOS="1535" VPOS="1307" WIDTH="89" HEIGHT="29" WC="0.92" CONTENT="före-"/>
						</TextLine>
						<TextLine ID="line_23" HPOS="138" VPOS="1361" WIDTH="1486" HEIGHT="40">
							<String ID="string_244" HPOS="138" VPOS="1362" WIDTH="107" HEIGHT="39" WC="0.96" CONTENT="ligger"/><SP WIDTH="26" VPOS="1362" HPOS="245"/>
							<String ID="string_245" HPOS="271" VPOS="1362" WIDTH="72" HEIGHT="29" WC="0.96" CONTENT="helt"/><SP WIDTH="26" VPOS="1362" HPOS="343"/>
							<String ID="string_246" HPOS="369" VPOS="1362" WIDTH="110" HEIGHT="29" WC="0.92" CONTENT="andra"/><SP WIDTH="25" VPOS="1362" HPOS="479"/>
							<String ID="string_247" HPOS="504" VPOS="1361" WIDTH="436" HEIGHT="39" WC="0.91" CONTENT="efterfrågeförhållanden"/><SP WIDTH="27" VPOS="1361" HPOS="940"/>
							<String ID="string_248" HPOS="967" VPOS="1361" WIDTH="45" HEIGHT="29" WC="0.96" CONTENT="än"/><SP WIDTH="27" VPOS="1361" HPOS="1012"/>
							<String ID="string_249" HPOS="1039" VPOS="1361" WIDTH="54" HEIGHT="29" WC="0.96" CONTENT="för"/><SP WIDTH="26" VPOS="1361" HPOS="1093"/>
							<String ID="string_250" HPOS="1119" VPOS="1361" WIDTH="41" HEIGHT="29" WC="0.96" CONTENT="de"/><SP WIDTH="27" VPOS="1361" HPOS="1160"/>
							<String ID="string_251" HPOS="1187" VPOS="1361" WIDTH="118" HEIGHT="39" WC="0.96" CONTENT="längre"/><SP WIDTH="26" VPOS="1361" HPOS="1305"/>
							<String ID="string_252" HPOS="1331" VPOS="1361" WIDTH="172" HEIGHT="38" WC="0.92" CONTENT="varjämte"/><SP WIDTH="25" VPOS="1361" HPOS="1503"/>
							<String ID="string_253" HPOS="1528" VPOS="1361" WIDTH="96" HEIGHT="38" WC="0.92" CONTENT="järn-"/>
						</TextLine>
						<TextLine ID="line_24" HPOS="138" VPOS="1414" WIDTH="1486" HEIGHT="40">
							<String ID="string_254" HPOS="138" VPOS="1415" WIDTH="155" HEIGHT="39" WC="0.96" CONTENT="vägarna"/><SP WIDTH="26" VPOS="1415" HPOS="293"/>
							<String ID="string_255" HPOS="319" VPOS="1415" WIDTH="10" HEIGHT="29" WC="0.96" CONTENT="i"/><SP WIDTH="28" VPOS="1415" HPOS="329"/>
							<String ID="string_256" HPOS="357" VPOS="1414" WIDTH="99" HEIGHT="40" WC="0.96" CONTENT="fråga"/><SP WIDTH="27" VPOS="1414" HPOS="456"/>
							<String ID="string_257" HPOS="483" VPOS="1424" WIDTH="56" HEIGHT="20" WC="0.96" CONTENT="om"/><SP WIDTH="27" VPOS="1424" HPOS="539"/>
							<String ID="string_258" HPOS="566" VPOS="1414" WIDTH="223" HEIGHT="30" WC="0.95" CONTENT="huvuddelen"/><SP WIDTH="27" VPOS="1414" HPOS="789"/>
							<String ID="string_259" HPOS="816" VPOS="1424" WIDTH="42" HEIGHT="20" WC="0.96" CONTENT="av"/><SP WIDTH="27" VPOS="1424" HPOS="858"/>
							<String ID="string_260" HPOS="885" VPOS="1414" WIDTH="67" HEIGHT="29" WC="0.93" CONTENT="den"/><SP WIDTH="28" VPOS="1414" HPOS="952"/>
							<String ID="string_261" HPOS="980" VPOS="1414" WIDTH="167" HEIGHT="39" WC="0.91" CONTENT="kortväga"/><SP WIDTH="29" VPOS="1414" HPOS="1147"/>
							<String ID="string_262" HPOS="1176" VPOS="1414" WIDTH="283" HEIGHT="39" WC="0.96" CONTENT="persontrafiken"/><SP WIDTH="28" VPOS="1414" HPOS="1459"/>
							<String ID="string_263" HPOS="1487" VPOS="1414" WIDTH="137" HEIGHT="29" WC="0.96" CONTENT="arbetar"/>
						</TextLine>
						<TextLine ID="line_25" HPOS="137" VPOS="1467" WIDTH="1063" HEIGHT="41">
							<String ID="string_264" HPOS="137" VPOS="1469" WIDTH="112" HEIGHT="29" WC="0.96" CONTENT="under"/><SP WIDTH="16" VPOS="1469" HPOS="249"/>
							<String ID="string_265" HPOS="265" VPOS="1469" WIDTH="175" HEIGHT="39" WC="0.96" CONTENT="utpräglat"/><SP WIDTH="16" VPOS="1469" HPOS="440"/>
							<String ID="string_266" HPOS="456" VPOS="1476" WIDTH="252" HEIGHT="31" WC="0.93" CONTENT="ogynnsamma"/><SP WIDTH="15" VPOS="1476" HPOS="708"/>
							<String ID="string_267" HPOS="723" VPOS="1467" WIDTH="477" HEIGHT="30" WC="0.90" CONTENT="lönsamhetsförhållanden."/>
						</TextLine>
					</TextBlock>
					<TextBlock ID="block_4" HPOS="138" VPOS="1520" WIDTH="1488" HEIGHT="246">
						<TextLine ID="line_26" HPOS="184" VPOS="1520" WIDTH="1441" HEIGHT="41">
							<String ID="string_268" HPOS="184" VPOS="1522" WIDTH="60" HEIGHT="30" WC="0.96" CONTENT="Att"/><SP WIDTH="27" VPOS="1522" HPOS="244"/>
							<String ID="string_269" HPOS="271" VPOS="1522" WIDTH="121" HEIGHT="39" WC="0.92" CONTENT="medge"/><SP WIDTH="28" VPOS="1522" HPOS="392"/>
							<String ID="string_270" HPOS="420" VPOS="1522" WIDTH="213" HEIGHT="29" WC="0.91" CONTENT="rabattresor"/><SP WIDTH="28" VPOS="1522" HPOS="633"/>
							<String ID="string_271" HPOS="661" VPOS="1522" WIDTH="86" HEIGHT="29" WC="0.96" CONTENT="även"/><SP WIDTH="29" VPOS="1522" HPOS="747"/>
							<String ID="string_272" HPOS="776" VPOS="1521" WIDTH="112" HEIGHT="30" WC="0.96" CONTENT="under"/><SP WIDTH="28" VPOS="1521" HPOS="888"/>
							<String ID="string_273" HPOS="916" VPOS="1520" WIDTH="373" HEIGHT="30" WC="0.95" CONTENT="sommarmånaderna"/><SP WIDTH="29" VPOS="1520" HPOS="1289"/>
							<String ID="string_274" HPOS="1318" VPOS="1520" WIDTH="112" HEIGHT="30" WC="0.96" CONTENT="skulle"/><SP WIDTH="27" VPOS="1520" HPOS="1430"/>
							<String ID="string_275" HPOS="1457" VPOS="1520" WIDTH="168" HEIGHT="30" WC="0.96" CONTENT="innebära"/>
						</TextLine>
						<TextLine ID="line_27" HPOS="138" VPOS="1574" WIDTH="1487" HEIGHT="40">
							<String ID="string_276" HPOS="138" VPOS="1577" WIDTH="48" HEIGHT="28" WC="0.96" CONTENT="ett"/><SP WIDTH="22" VPOS="1577" HPOS="186"/>
							<String ID="string_277" HPOS="208" VPOS="1576" WIDTH="93" HEIGHT="29" WC="0.96" CONTENT="klart"/><SP WIDTH="22" VPOS="1576" HPOS="301"/>
							<String ID="string_278" HPOS="323" VPOS="1577" WIDTH="117" HEIGHT="37" WC="0.96" CONTENT="avsteg"/><SP WIDTH="21" VPOS="1577" HPOS="440"/>
							<String ID="string_279" HPOS="461" VPOS="1575" WIDTH="80" HEIGHT="29" WC="0.96" CONTENT="från"/><SP WIDTH="22" VPOS="1575" HPOS="541"/>
							<String ID="string_280" HPOS="563" VPOS="1575" WIDTH="66" HEIGHT="29" WC="0.96" CONTENT="den"/><SP WIDTH="22" VPOS="1575" HPOS="629"/>
							<String ID="string_281" HPOS="651" VPOS="1575" WIDTH="196" HEIGHT="38" WC="0.96" CONTENT="avgörande"/><SP WIDTH="23" VPOS="1575" HPOS="847"/>
							<String ID="string_282" HPOS="870" VPOS="1574" WIDTH="247" HEIGHT="39" WC="0.96" CONTENT="grundtanken"/><SP WIDTH="22" VPOS="1574" HPOS="1117"/>
							<String ID="string_283" HPOS="1139" VPOS="1574" WIDTH="11" HEIGHT="29" WC="0.96" CONTENT="i"/><SP WIDTH="23" VPOS="1574" HPOS="1150"/>
							<String ID="string_284" HPOS="1173" VPOS="1574" WIDTH="78" HEIGHT="29" WC="0.93" CONTENT="hela"/><SP WIDTH="22" VPOS="1574" HPOS="1251"/>
							<String ID="string_285" HPOS="1273" VPOS="1574" WIDTH="264" HEIGHT="29" WC="0.92" CONTENT="rabattformen."/><SP WIDTH="23" VPOS="1574" HPOS="1537"/>
							<String ID="string_286" HPOS="1560" VPOS="1574" WIDTH="65" HEIGHT="29" WC="0.96" CONTENT="Det"/>
						</TextLine>
						<TextLine ID="line_28" HPOS="140" VPOS="1627" WIDTH="1485" HEIGHT="40">
							<String ID="string_287" HPOS="140" VPOS="1629" WIDTH="113" HEIGHT="29" WC="0.96" CONTENT="skulle"/><SP WIDTH="27" VPOS="1629" HPOS="253"/>
							<String ID="string_288" HPOS="280" VPOS="1629" WIDTH="108" HEIGHT="29" WC="0.96" CONTENT="kräva"/><SP WIDTH="26" VPOS="1629" HPOS="388"/>
							<String ID="string_289" HPOS="414" VPOS="1629" WIDTH="92" HEIGHT="29" WC="0.93" CONTENT="ökad"/><SP WIDTH="25" VPOS="1629" HPOS="506"/>
							<String ID="string_290" HPOS="531" VPOS="1628" WIDTH="203" HEIGHT="39" WC="0.92" CONTENT="vagninsats"/><SP WIDTH="28" VPOS="1628" HPOS="734"/>
							<String ID="string_291" HPOS="762" VPOS="1628" WIDTH="111" HEIGHT="29" WC="0.93" CONTENT="under"/><SP WIDTH="26" VPOS="1628" HPOS="873"/>
							<String ID="string_292" HPOS="899" VPOS="1627" WIDTH="342" HEIGHT="40" WC="0.92" CONTENT="högtrafikperioder"/><SP WIDTH="27" VPOS="1627" HPOS="1241"/>
							<String ID="string_293" HPOS="1268" VPOS="1628" WIDTH="65" HEIGHT="29" WC="0.96" CONTENT="och"/><SP WIDTH="26" VPOS="1628" HPOS="1333"/>
							<String ID="string_294" HPOS="1359" VPOS="1627" WIDTH="143" HEIGHT="30" WC="0.92" CONTENT="därmed"/><SP WIDTH="27" VPOS="1627" HPOS="1502"/>
							<String ID="string_295" HPOS="1529" VPOS="1628" WIDTH="96" HEIGHT="28" WC="0.92" CONTENT="inne-"/>
						</TextLine>
						<TextLine ID="line_29" HPOS="139" VPOS="1681" WIDTH="1487" HEIGHT="40">
							<String ID="string_296" HPOS="139" VPOS="1682" WIDTH="85" HEIGHT="30" WC="0.96" CONTENT="bära"/><SP WIDTH="19" VPOS="1682" HPOS="224"/>
							<String ID="string_297" HPOS="243" VPOS="1692" WIDTH="43" HEIGHT="20" WC="0.96" CONTENT="en"/><SP WIDTH="21" VPOS="1692" HPOS="286"/>
							<String ID="string_298" HPOS="307" VPOS="1682" WIDTH="39" HEIGHT="30" WC="0.96" CONTENT="så"/><SP WIDTH="19" VPOS="1682" HPOS="346"/>
							<String ID="string_299" HPOS="365" VPOS="1691" WIDTH="80" HEIGHT="30" WC="0.96" CONTENT="pass"/><SP WIDTH="22" VPOS="1691" HPOS="445"/>
							<String ID="string_300" HPOS="467" VPOS="1684" WIDTH="72" HEIGHT="27" WC="0.96" CONTENT="stor"/><SP WIDTH="18" VPOS="1684" HPOS="539"/>
							<String ID="string_301" HPOS="557" VPOS="1682" WIDTH="197" HEIGHT="38" WC="0.96" CONTENT="belastning"/><SP WIDTH="22" VPOS="1682" HPOS="754"/>
							<String ID="string_302" HPOS="776" VPOS="1682" WIDTH="54" HEIGHT="29" WC="0.93" CONTENT="för"/><SP WIDTH="21" VPOS="1682" HPOS="830"/>
							<String ID="string_303" HPOS="851" VPOS="1681" WIDTH="265" HEIGHT="34" WC="0.90" CONTENT="rabattformen,"/><SP WIDTH="22" VPOS="1681" HPOS="1116"/>
							<String ID="string_304" HPOS="1138" VPOS="1683" WIDTH="51" HEIGHT="27" WC="0.96" CONTENT="att"/><SP WIDTH="20" VPOS="1683" HPOS="1189"/>
							<String ID="string_305" HPOS="1209" VPOS="1681" WIDTH="67" HEIGHT="29" WC="0.96" CONTENT="den"/><SP WIDTH="21" VPOS="1681" HPOS="1276"/>
							<String ID="string_306" HPOS="1297" VPOS="1681" WIDTH="79" HEIGHT="29" WC="0.96" CONTENT="med"/><SP WIDTH="21" VPOS="1681" HPOS="1376"/>
							<String ID="string_307" HPOS="1397" VPOS="1681" WIDTH="44" HEIGHT="29" WC="0.95" CONTENT="all"/><SP WIDTH="23" VPOS="1681" HPOS="1441"/>
							<String ID="string_308" HPOS="1464" VPOS="1681" WIDTH="162" HEIGHT="29" WC="0.96" CONTENT="säkerhet"/>
						</TextLine>
						<TextLine ID="line_30" HPOS="139" VPOS="1736" WIDTH="328" HEIGHT="30">
							<String ID="string_309" HPOS="139" VPOS="1737" WIDTH="113" HEIGHT="29" WC="0.96" CONTENT="skulle"/><SP WIDTH="24" VPOS="1737" HPOS="252"/>
							<String ID="string_310" HPOS="276" VPOS="1736" WIDTH="191" HEIGHT="30" WC="0.96" CONTENT="försvinna."/>
						</TextLine>
					</TextBlock>
					<TextBlock ID="block_5" HPOS="184" VPOS="1788" WIDTH="955" HEIGHT="40">
						<TextLine ID="line_31" HPOS="184" VPOS="1788" WIDTH="955" HEIGHT="40">
							<String ID="string_311" HPOS="184" VPOS="1790" WIDTH="13" HEIGHT="29" WC="0.96" CONTENT="I"/><SP WIDTH="15" VPOS="1790" HPOS="197"/>
							<String ID="string_312" HPOS="212" VPOS="1789" WIDTH="100" HEIGHT="39" WC="0.96" CONTENT="fråga"/><SP WIDTH="15" VPOS="1789" HPOS="312"/>
							<String ID="string_313" HPOS="327" VPOS="1799" WIDTH="56" HEIGHT="20" WC="0.96" CONTENT="om"/><SP WIDTH="14" VPOS="1799" HPOS="383"/>
							<String ID="string_314" HPOS="397" VPOS="1789" WIDTH="114" HEIGHT="30" WC="0.96" CONTENT="rabatt"/><SP WIDTH="14" VPOS="1789" HPOS="511"/>
							<String ID="string_315" HPOS="525" VPOS="1789" WIDTH="44" HEIGHT="39" WC="0.93" CONTENT="på"/><SP WIDTH="13" VPOS="1789" HPOS="569"/>
							<String ID="string_316" HPOS="582" VPOS="1789" WIDTH="240" HEIGHT="38" WC="0.90" CONTENT="busslinjerna"/><SP WIDTH="14" VPOS="1789" HPOS="822"/>
							<String ID="string_317" HPOS="836" VPOS="1788" WIDTH="102" HEIGHT="29" WC="0.96" CONTENT="anför"/><SP WIDTH="16" VPOS="1788" HPOS="938"/>
							<String ID="string_318" HPOS="954" VPOS="1789" WIDTH="185" HEIGHT="38" WC="0.96" CONTENT="styrelsen:"/>
						</TextLine>
					</TextBlock>
					<TextBlock ID="block_6" HPOS="139" VPOS="1850" WIDTH="1489" HEIGHT="526">
						<TextLine ID="line_32" HPOS="185" VPOS="1850" WIDTH="1441" HEIGHT="39">
							<String ID="string_319" HPOS="185" VPOS="1852" WIDTH="50" HEIGHT="29" WC="0.88" CONTENT="De"/><SP WIDTH="28" VPOS="1852" HPOS="235"/>
							<String ID="string_320" HPOS="263" VPOS="1851" WIDTH="265" HEIGHT="38" WC="0.88" CONTENT="nedsättningar"/><SP WIDTH="26" VPOS="1851" HPOS="528"/>
							<String ID="string_321" HPOS="554" VPOS="1851" WIDTH="10" HEIGHT="29" WC="0.93" CONTENT="i"/><SP WIDTH="28" VPOS="1851" HPOS="564"/>
							<String ID="string_322" HPOS="592" VPOS="1850" WIDTH="323" HEIGHT="39" WC="0.91" CONTENT="biljettavgifterna,"/><SP WIDTH="30" VPOS="1850" HPOS="915"/>
							<String ID="string_323" HPOS="945" VPOS="1860" WIDTH="74" HEIGHT="19" WC="0.96" CONTENT="som"/><SP WIDTH="29" VPOS="1860" HPOS="1019"/>
							<String ID="string_324" HPOS="1048" VPOS="1850" WIDTH="54" HEIGHT="29" WC="0.96" CONTENT="för"/><SP WIDTH="29" VPOS="1850" HPOS="1102"/>
							<String ID="string_325" HPOS="1131" VPOS="1850" WIDTH="217" HEIGHT="29" WC="0.95" CONTENT="närvarande"/><SP WIDTH="28" VPOS="1850" HPOS="1348"/>
							<String ID="string_326" HPOS="1376" VPOS="1851" WIDTH="39" HEIGHT="28" WC="0.91" CONTENT="är"/><SP WIDTH="27" VPOS="1851" HPOS="1415"/>
							<String ID="string_327" HPOS="1442" VPOS="1850" WIDTH="184" HEIGHT="38" WC="0.90" CONTENT="medgivna"/>
						</TextLine>
						<TextLine ID="line_33" HPOS="139" VPOS="1894" WIDTH="1488" HEIGHT="40">
							<String ID="string_328" HPOS="139" VPOS="1896" WIDTH="11" HEIGHT="28" WC="0.96" CONTENT="i"/><SP WIDTH="16" VPOS="1896" HPOS="150"/>
							<String ID="string_329" HPOS="166" VPOS="1895" WIDTH="333" HEIGHT="39" WC="0.96" CONTENT="järnvägstrafiken,"/><SP WIDTH="18" VPOS="1895" HPOS="499"/>
							<String ID="string_330" HPOS="517" VPOS="1896" WIDTH="63" HEIGHT="28" WC="0.96" CONTENT="har"/><SP WIDTH="17" VPOS="1896" HPOS="580"/>
							<String ID="string_331" HPOS="597" VPOS="1896" WIDTH="169" HEIGHT="38" WC="0.96" CONTENT="styrelsen"/><SP WIDTH="18" VPOS="1896" HPOS="766"/>
							<String ID="string_332" HPOS="784" VPOS="1895" WIDTH="75" HEIGHT="29" WC="0.96" CONTENT="icke"/><SP WIDTH="16" VPOS="1895" HPOS="859"/>
							<String ID="string_333" HPOS="875" VPOS="1895" WIDTH="10" HEIGHT="29" WC="0.96" CONTENT="i"/><SP WIDTH="18" VPOS="1895" HPOS="885"/>
							<String ID="string_334" HPOS="903" VPOS="1895" WIDTH="104" HEIGHT="38" WC="0.96" CONTENT="något"/><SP WIDTH="18" VPOS="1895" HPOS="1007"/>
							<String ID="string_335" HPOS="1025" VPOS="1894" WIDTH="61" HEIGHT="29" WC="0.96" CONTENT="fall"/><SP WIDTH="18" VPOS="1894" HPOS="1086"/>
							<String ID="string_336" HPOS="1104" VPOS="1896" WIDTH="114" HEIGHT="27" WC="0.95" CONTENT="ansett"/><SP WIDTH="18" VPOS="1896" HPOS="1218"/>
							<String ID="string_337" HPOS="1236" VPOS="1895" WIDTH="50" HEIGHT="38" WC="0.96" CONTENT="sig"/><SP WIDTH="18" VPOS="1895" HPOS="1286"/>
							<String ID="string_338" HPOS="1304" VPOS="1895" WIDTH="120" HEIGHT="28" WC="0.93" CONTENT="kunna"/><SP WIDTH="17" VPOS="1895" HPOS="1424"/>
							<String ID="string_339" HPOS="1441" VPOS="1894" WIDTH="186" HEIGHT="39" WC="0.90" CONTENT="överflytta"/>
						</TextLine>
						<TextLine ID="line_34" HPOS="139" VPOS="1939" WIDTH="1488" HEIGHT="40">
							<String ID="string_340" HPOS="139" VPOS="1940" WIDTH="45" HEIGHT="39" WC="0.93" CONTENT="på"/><SP WIDTH="20" VPOS="1940" HPOS="184"/>
							<String ID="string_341" HPOS="204" VPOS="1940" WIDTH="249" HEIGHT="38" WC="0.92" CONTENT="busslinjerna."/><SP WIDTH="22" VPOS="1940" HPOS="453"/>
							<String ID="string_342" HPOS="475" VPOS="1940" WIDTH="361" HEIGHT="38" WC="0.91" CONTENT="Taxenedsättningar"/><SP WIDTH="22" VPOS="1940" HPOS="836"/>
							<String ID="string_343" HPOS="858" VPOS="1949" WIDTH="40" HEIGHT="19" WC="0.96" CONTENT="av"/><SP WIDTH="22" VPOS="1949" HPOS="898"/>
							<String ID="string_344" HPOS="920" VPOS="1939" WIDTH="131" HEIGHT="29" WC="0.95" CONTENT="allmän"/><SP WIDTH="22" VPOS="1939" HPOS="1051"/>
							<String ID="string_345" HPOS="1073" VPOS="1939" WIDTH="168" HEIGHT="29" WC="0.96" CONTENT="karaktär"/><SP WIDTH="23" VPOS="1939" HPOS="1241"/>
							<String ID="string_346" HPOS="1264" VPOS="1939" WIDTH="122" HEIGHT="32" WC="0.94" CONTENT="skulle,"/><SP WIDTH="23" VPOS="1939" HPOS="1386"/>
							<String ID="string_347" HPOS="1409" VPOS="1948" WIDTH="74" HEIGHT="19" WC="0.92" CONTENT="som"/><SP WIDTH="24" VPOS="1948" HPOS="1483"/>
							<String ID="string_348" HPOS="1507" VPOS="1939" WIDTH="120" HEIGHT="38" WC="0.91" CONTENT="styrel-"/>
						</TextLine>
						<TextLine ID="line_35" HPOS="141" VPOS="1983" WIDTH="1486" HEIGHT="39">
							<String ID="string_349" HPOS="141" VPOS="1994" WIDTH="60" HEIGHT="19" WC="0.96" CONTENT="sen"/><SP WIDTH="26" VPOS="1994" HPOS="201"/>
							<String ID="string_350" HPOS="227" VPOS="1985" WIDTH="10" HEIGHT="28" WC="0.96" CONTENT="i"/><SP WIDTH="25" VPOS="1985" HPOS="237"/>
							<String ID="string_351" HPOS="262" VPOS="1984" WIDTH="146" HEIGHT="38" WC="0.96" CONTENT="tidigare"/><SP WIDTH="26" VPOS="1984" HPOS="408"/>
							<String ID="string_352" HPOS="434" VPOS="1984" WIDTH="254" HEIGHT="38" WC="0.96" CONTENT="sammanhang"/><SP WIDTH="26" VPOS="1984" HPOS="688"/>
							<String ID="string_353" HPOS="714" VPOS="1983" WIDTH="205" HEIGHT="34" WC="0.95" CONTENT="framhållit,"/><SP WIDTH="26" VPOS="1983" HPOS="919"/>
							<String ID="string_354" HPOS="945" VPOS="1984" WIDTH="143" HEIGHT="28" WC="0.95" CONTENT="komma"/><SP WIDTH="25" VPOS="1984" HPOS="1088"/>
							<String ID="string_355" HPOS="1113" VPOS="1985" WIDTH="50" HEIGHT="27" WC="0.96" CONTENT="att"/><SP WIDTH="27" VPOS="1985" HPOS="1163"/>
							<String ID="string_356" HPOS="1190" VPOS="1983" WIDTH="53" HEIGHT="28" WC="0.96" CONTENT="för"/><SP WIDTH="25" VPOS="1983" HPOS="1243"/>
							<String ID="string_357" HPOS="1268" VPOS="1983" WIDTH="239" HEIGHT="29" WC="0.93" CONTENT="busstrafiken"/><SP WIDTH="26" VPOS="1983" HPOS="1507"/>
							<String ID="string_358" HPOS="1533" VPOS="1983" WIDTH="94" HEIGHT="28" WC="0.90" CONTENT="med-"/>
						</TextLine>
						<TextLine ID="line_36" HPOS="140" VPOS="2027" WIDTH="1487" HEIGHT="39">
							<String ID="string_359" HPOS="140" VPOS="2028" WIDTH="77" HEIGHT="30" WC="0.96" CONTENT="föra"/><SP WIDTH="23" VPOS="2028" HPOS="217"/>
							<String ID="string_360" HPOS="240" VPOS="2031" WIDTH="49" HEIGHT="27" WC="0.96" CONTENT="ett"/><SP WIDTH="23" VPOS="2031" HPOS="289"/>
							<String ID="string_361" HPOS="312" VPOS="2029" WIDTH="189" HEIGHT="29" WC="0.91" CONTENT="försämrat"/><SP WIDTH="24" VPOS="2029" HPOS="501"/>
							<String ID="string_362" HPOS="525" VPOS="2028" WIDTH="302" HEIGHT="38" WC="0.91" CONTENT="lönsamhetsläge."/><SP WIDTH="24" VPOS="2028" HPOS="827"/>
							<String ID="string_363" HPOS="851" VPOS="2027" WIDTH="246" HEIGHT="30" WC="0.92" CONTENT="Busstrafiken"/><SP WIDTH="26" VPOS="2027" HPOS="1097"/>
							<String ID="string_364" HPOS="1123" VPOS="2027" WIDTH="123" HEIGHT="39" WC="0.96" CONTENT="skiljer"/><SP WIDTH="24" VPOS="2027" HPOS="1246"/>
							<String ID="string_365" HPOS="1270" VPOS="2028" WIDTH="50" HEIGHT="37" WC="0.96" CONTENT="sig"/><SP WIDTH="25" VPOS="2028" HPOS="1320"/>
							<String ID="string_366" HPOS="1345" VPOS="2027" WIDTH="78" HEIGHT="29" WC="0.91" CONTENT="från"/><SP WIDTH="24" VPOS="2027" HPOS="1423"/>
							<String ID="string_367" HPOS="1447" VPOS="2027" WIDTH="180" HEIGHT="38" WC="0.91" CONTENT="järnvägs-"/>
						</TextLine>
						<TextLine ID="line_37" HPOS="142" VPOS="2072" WIDTH="1484" HEIGHT="39">
							<String ID="string_368" HPOS="142" VPOS="2073" WIDTH="154" HEIGHT="29" WC="0.96" CONTENT="trafiken"/><SP WIDTH="29" VPOS="2073" HPOS="296"/>
							<String ID="string_369" HPOS="325" VPOS="2073" WIDTH="88" HEIGHT="29" WC="0.92" CONTENT="bl.a."/><SP WIDTH="29" VPOS="2073" HPOS="413"/>
							<String ID="string_370" HPOS="442" VPOS="2073" WIDTH="201" HEIGHT="38" WC="0.96" CONTENT="därigenom"/><SP WIDTH="30" VPOS="2073" HPOS="643"/>
							<String ID="string_371" HPOS="673" VPOS="2074" WIDTH="50" HEIGHT="27" WC="0.96" CONTENT="att"/><SP WIDTH="28" VPOS="2074" HPOS="723"/>
							<String ID="string_372" HPOS="751" VPOS="2072" WIDTH="241" HEIGHT="29" WC="0.96" CONTENT="busstrafiken"/><SP WIDTH="30" VPOS="2072" HPOS="992"/>
							<String ID="string_373" HPOS="1022" VPOS="2072" WIDTH="137" HEIGHT="28" WC="0.96" CONTENT="arbetar"/><SP WIDTH="29" VPOS="2072" HPOS="1159"/>
							<String ID="string_374" HPOS="1188" VPOS="2072" WIDTH="78" HEIGHT="28" WC="0.94" CONTENT="med"/><SP WIDTH="29" VPOS="2072" HPOS="1266"/>
							<String ID="string_375" HPOS="1295" VPOS="2072" WIDTH="167" HEIGHT="38" WC="0.94" CONTENT="betydligt"/><SP WIDTH="29" VPOS="2072" HPOS="1462"/>
							<String ID="string_376" HPOS="1491" VPOS="2072" WIDTH="135" HEIGHT="28" WC="0.96" CONTENT="mindre"/>
						</TextLine>
						<TextLine ID="line_38" HPOS="140" VPOS="2116" WIDTH="1487" HEIGHT="39">
							<String ID="string_377" HPOS="140" VPOS="2117" WIDTH="260" HEIGHT="34" WC="0.91" CONTENT="driftsenheter,"/><SP WIDTH="23" VPOS="2117" HPOS="400"/>
							<String ID="string_378" HPOS="423" VPOS="2127" WIDTH="73" HEIGHT="19" WC="0.96" CONTENT="som"/><SP WIDTH="22" VPOS="2127" HPOS="496"/>
							<String ID="string_379" HPOS="518" VPOS="2117" WIDTH="111" HEIGHT="38" WC="0.96" CONTENT="ifråga"/><SP WIDTH="21" VPOS="2117" HPOS="629"/>
							<String ID="string_380" HPOS="650" VPOS="2126" WIDTH="56" HEIGHT="20" WC="0.92" CONTENT="om"/><SP WIDTH="23" VPOS="2126" HPOS="706"/>
							<String ID="string_381" HPOS="729" VPOS="2116" WIDTH="278" HEIGHT="29" WC="0.90" CONTENT="fordonsstorlek"/><SP WIDTH="22" VPOS="2116" HPOS="1007"/>
							<String ID="string_382" HPOS="1029" VPOS="2117" WIDTH="64" HEIGHT="27" WC="0.93" CONTENT="och"/><SP WIDTH="23" VPOS="2117" HPOS="1093"/>
							<String ID="string_383" HPOS="1116" VPOS="2116" WIDTH="240" HEIGHT="28" WC="0.91" CONTENT="fordonsantal"/><SP WIDTH="25" VPOS="2116" HPOS="1356"/>
							<String ID="string_384" HPOS="1381" VPOS="2125" WIDTH="59" HEIGHT="29" WC="0.95" CONTENT="per"/><SP WIDTH="21" VPOS="2125" HPOS="1440"/>
							<String ID="string_385" HPOS="1461" VPOS="2118" WIDTH="57" HEIGHT="26" WC="0.93" CONTENT="tur"/><SP WIDTH="21" VPOS="2118" HPOS="1518"/>
							<String ID="string_386" HPOS="1539" VPOS="2116" WIDTH="88" HEIGHT="28" WC="0.91" CONTENT="bätt-"/>
						</TextLine>
						<TextLine ID="line_39" HPOS="141" VPOS="2160" WIDTH="1487" HEIGHT="40">
							<String ID="string_387" HPOS="141" VPOS="2171" WIDTH="35" HEIGHT="19" WC="0.96" CONTENT="re"/><SP WIDTH="19" VPOS="2171" HPOS="176"/>
							<String ID="string_388" HPOS="195" VPOS="2163" WIDTH="45" HEIGHT="27" WC="0.96" CONTENT="än"/><SP WIDTH="18" VPOS="2163" HPOS="240"/>
							<String ID="string_389" HPOS="258" VPOS="2162" WIDTH="191" HEIGHT="38" WC="0.95" CONTENT="järnvägen"/><SP WIDTH="21" VPOS="2162" HPOS="449"/>
							<String ID="string_390" HPOS="470" VPOS="2162" WIDTH="67" HEIGHT="28" WC="0.96" CONTENT="kan"/><SP WIDTH="22" VPOS="2162" HPOS="537"/>
							<String ID="string_391" HPOS="559" VPOS="2170" WIDTH="168" HEIGHT="29" WC="0.95" CONTENT="anpassas"/><SP WIDTH="21" VPOS="2170" HPOS="727"/>
							<String ID="string_392" HPOS="748" VPOS="2161" WIDTH="64" HEIGHT="29" WC="0.96" CONTENT="och"/><SP WIDTH="19" VPOS="2161" HPOS="812"/>
							<String ID="string_393" HPOS="831" VPOS="2162" WIDTH="9" HEIGHT="27" WC="0.96" CONTENT="i"/><SP WIDTH="19" VPOS="2162" HPOS="840"/>
							<String ID="string_394" HPOS="859" VPOS="2160" WIDTH="238" HEIGHT="37" WC="0.96" CONTENT="verkligheten"/><SP WIDTH="21" VPOS="2160" HPOS="1097"/>
							<String ID="string_395" HPOS="1118" VPOS="2160" WIDTH="106" HEIGHT="29" WC="0.96" CONTENT="också"/><SP WIDTH="20" VPOS="2160" HPOS="1224"/>
							<String ID="string_396" HPOS="1244" VPOS="2169" WIDTH="168" HEIGHT="29" WC="0.96" CONTENT="anpassas"/><SP WIDTH="20" VPOS="2169" HPOS="1412"/>
							<String ID="string_397" HPOS="1432" VPOS="2160" WIDTH="87" HEIGHT="29" WC="0.93" CONTENT="efter"/><SP WIDTH="20" VPOS="2160" HPOS="1519"/>
							<String ID="string_398" HPOS="1539" VPOS="2169" WIDTH="89" HEIGHT="19" WC="0.92" CONTENT="rese-"/>
						</TextLine>
						<TextLine ID="line_40" HPOS="141" VPOS="2204" WIDTH="1487" HEIGHT="39">
							<String ID="string_399" HPOS="141" VPOS="2206" WIDTH="219" HEIGHT="29" WC="0.96" CONTENT="frekvensen."/><SP WIDTH="24" VPOS="2206" HPOS="360"/>
							<String ID="string_400" HPOS="384" VPOS="2206" WIDTH="50" HEIGHT="28" WC="0.96" CONTENT="En"/><SP WIDTH="23" VPOS="2206" HPOS="434"/>
							<String ID="string_401" HPOS="457" VPOS="2206" WIDTH="91" HEIGHT="28" WC="0.96" CONTENT="ökad"/><SP WIDTH="22" VPOS="2206" HPOS="548"/>
							<String ID="string_402" HPOS="570" VPOS="2205" WIDTH="197" HEIGHT="38" WC="0.96" CONTENT="belastning"/><SP WIDTH="22" VPOS="2205" HPOS="767"/>
							<String ID="string_403" HPOS="789" VPOS="2205" WIDTH="43" HEIGHT="38" WC="0.96" CONTENT="på"/><SP WIDTH="23" VPOS="2205" HPOS="832"/>
							<String ID="string_404" HPOS="855" VPOS="2204" WIDTH="239" HEIGHT="29" WC="0.95" CONTENT="busstrafiken"/><SP WIDTH="24" VPOS="2204" HPOS="1094"/>
							<String ID="string_405" HPOS="1118" VPOS="2212" WIDTH="124" HEIGHT="30" WC="0.96" CONTENT="genom"/><SP WIDTH="24" VPOS="2212" HPOS="1242"/>
							<String ID="string_406" HPOS="1266" VPOS="2205" WIDTH="177" HEIGHT="28" WC="0.93" CONTENT="allmänna"/><SP WIDTH="23" VPOS="2205" HPOS="1443"/>
							<String ID="string_407" HPOS="1466" VPOS="2204" WIDTH="162" HEIGHT="28" WC="0.91" CONTENT="taxened-"/>
						</TextLine>
						<TextLine ID="line_41" HPOS="142" VPOS="2248" WIDTH="1486" HEIGHT="39">
							<String ID="string_408" HPOS="142" VPOS="2250" WIDTH="196" HEIGHT="37" WC="0.96" CONTENT="sättningar"/><SP WIDTH="24" VPOS="2250" HPOS="338"/>
							<String ID="string_409" HPOS="362" VPOS="2250" WIDTH="128" HEIGHT="28" WC="0.96" CONTENT="utlöser"/><SP WIDTH="24" VPOS="2250" HPOS="490"/>
							<String ID="string_410" HPOS="514" VPOS="2249" WIDTH="119" HEIGHT="29" WC="0.93" CONTENT="därför"/><SP WIDTH="23" VPOS="2249" HPOS="633"/>
							<String ID="string_411" HPOS="656" VPOS="2249" WIDTH="345" HEIGHT="36" WC="0.91" CONTENT="kostnadsökningar"/><SP WIDTH="23" VPOS="2249" HPOS="1001"/>
							<String ID="string_412" HPOS="1024" VPOS="2248" WIDTH="167" HEIGHT="38" WC="0.96" CONTENT="betydligt"/><SP WIDTH="24" VPOS="2248" HPOS="1191"/>
							<String ID="string_413" HPOS="1215" VPOS="2248" WIDTH="169" HEIGHT="28" WC="0.96" CONTENT="snabbare"/><SP WIDTH="24" VPOS="2248" HPOS="1384"/>
							<String ID="string_414" HPOS="1408" VPOS="2249" WIDTH="43" HEIGHT="27" WC="0.96" CONTENT="än"/><SP WIDTH="24" VPOS="2249" HPOS="1451"/>
							<String ID="string_415" HPOS="1475" VPOS="2248" WIDTH="65" HEIGHT="28" WC="0.91" CONTENT="vad"/><SP WIDTH="25" VPOS="2248" HPOS="1540"/>
							<String ID="string_416" HPOS="1565" VPOS="2248" WIDTH="63" HEIGHT="28" WC="0.91" CONTENT="fal-"/>
						</TextLine>
						<TextLine ID="line_42" HPOS="142" VPOS="2292" WIDTH="1485" HEIGHT="39">
							<String ID="string_417" HPOS="142" VPOS="2294" WIDTH="45" HEIGHT="28" WC="0.96" CONTENT="let"/><SP WIDTH="17" VPOS="2294" HPOS="187"/>
							<String ID="string_418" HPOS="204" VPOS="2295" WIDTH="38" HEIGHT="27" WC="0.96" CONTENT="är"/><SP WIDTH="16" VPOS="2295" HPOS="242"/>
							<String ID="string_419" HPOS="258" VPOS="2294" WIDTH="57" HEIGHT="28" WC="0.96" CONTENT="vid"/><SP WIDTH="17" VPOS="2294" HPOS="315"/>
							<String ID="string_420" HPOS="332" VPOS="2293" WIDTH="331" HEIGHT="38" WC="0.95" CONTENT="järnvägstrafiken,"/><SP WIDTH="19" VPOS="2293" HPOS="663"/>
							<String ID="string_421" HPOS="682" VPOS="2293" WIDTH="62" HEIGHT="28" WC="0.96" CONTENT="där"/><SP WIDTH="17" VPOS="2293" HPOS="744"/>
							<String ID="string_422" HPOS="761" VPOS="2302" WIDTH="82" HEIGHT="19" WC="0.96" CONTENT="man"/><SP WIDTH="19" VPOS="2302" HPOS="843"/>
							<String ID="string_423" HPOS="862" VPOS="2302" WIDTH="74" HEIGHT="19" WC="0.96" CONTENT="som"/><SP WIDTH="19" VPOS="2302" HPOS="936"/>
							<String ID="string_424" HPOS="955" VPOS="2292" WIDTH="94" HEIGHT="28" WC="0.96" CONTENT="förut"/><SP WIDTH="18" VPOS="2292" HPOS="1049"/>
							<String ID="string_425" HPOS="1067" VPOS="2292" WIDTH="141" HEIGHT="28" WC="0.95" CONTENT="nämnts"/><SP WIDTH="18" VPOS="2292" HPOS="1208"/>
							<String ID="string_426" HPOS="1226" VPOS="2292" WIDTH="173" HEIGHT="38" WC="0.96" CONTENT="periodvis"/><SP WIDTH="19" VPOS="2292" HPOS="1399"/>
							<String ID="string_427" HPOS="1418" VPOS="2292" WIDTH="63" HEIGHT="28" WC="0.96" CONTENT="har"/><SP WIDTH="17" VPOS="2292" HPOS="1481"/>
							<String ID="string_428" HPOS="1498" VPOS="2301" WIDTH="41" HEIGHT="19" WC="0.96" CONTENT="en"/><SP WIDTH="18" VPOS="2301" HPOS="1539"/>
							<String ID="string_429" HPOS="1557" VPOS="2292" WIDTH="70" HEIGHT="28" WC="0.96" CONTENT="viss"/>
						</TextLine>
						<TextLine ID="line_43" HPOS="141" VPOS="2337" WIDTH="677" HEIGHT="39">
							<String ID="string_430" HPOS="141" VPOS="2338" WIDTH="374" HEIGHT="38" WC="0.91" CONTENT="överskottskapacitet"/><SP WIDTH="16" VPOS="2338" HPOS="515"/>
							<String ID="string_431" HPOS="531" VPOS="2340" WIDTH="49" HEIGHT="26" WC="0.96" CONTENT="att"/><SP WIDTH="15" VPOS="2340" HPOS="580"/>
							<String ID="string_432" HPOS="595" VPOS="2338" WIDTH="117" HEIGHT="28" WC="0.96" CONTENT="arbeta"/><SP WIDTH="17" VPOS="2338" HPOS="712"/>
							<String ID="string_433" HPOS="729" VPOS="2337" WIDTH="89" HEIGHT="28" WC="0.96" CONTENT="med."/>
						</TextLine>
					</TextBlock>
					<TextBlock ID="block_7" HPOS="142" VPOS="2380" WIDTH="1487" HEIGHT="229">
						<TextLine ID="line_44" HPOS="186" VPOS="2380" WIDTH="1442" HEIGHT="40">
							<String ID="string_434" HPOS="186" VPOS="2382" WIDTH="77" HEIGHT="29" WC="0.96" CONTENT="Med"/><SP WIDTH="24" VPOS="2382" HPOS="263"/>
							<String ID="string_435" HPOS="287" VPOS="2382" WIDTH="135" HEIGHT="38" WC="0.96" CONTENT="hänsyn"/><SP WIDTH="25" VPOS="2382" HPOS="422"/>
							<String ID="string_436" HPOS="447" VPOS="2382" WIDTH="49" HEIGHT="29" WC="0.96" CONTENT="till"/><SP WIDTH="25" VPOS="2382" HPOS="496"/>
							<String ID="string_437" HPOS="521" VPOS="2382" WIDTH="40" HEIGHT="28" WC="0.96" CONTENT="de"/><SP WIDTH="25" VPOS="2382" HPOS="561"/>
							<String ID="string_438" HPOS="586" VPOS="2381" WIDTH="74" HEIGHT="29" WC="0.96" CONTENT="små"/><SP WIDTH="22" VPOS="2381" HPOS="660"/>
							<String ID="string_439" HPOS="682" VPOS="2382" WIDTH="84" HEIGHT="27" WC="0.94" CONTENT="eller"/><SP WIDTH="23" VPOS="2382" HPOS="766"/>
							<String ID="string_440" HPOS="789" VPOS="2380" WIDTH="203" HEIGHT="37" WC="0.90" CONTENT="obefintliga"/><SP WIDTH="23" VPOS="2380" HPOS="992"/>
							<String ID="string_441" HPOS="1015" VPOS="2380" WIDTH="315" HEIGHT="37" WC="0.90" CONTENT="vinstmarginaler,"/><SP WIDTH="26" VPOS="2380" HPOS="1330"/>
							<String ID="string_442" HPOS="1356" VPOS="2389" WIDTH="72" HEIGHT="19" WC="0.93" CONTENT="som"/><SP WIDTH="25" VPOS="2389" HPOS="1428"/>
							<String ID="string_443" HPOS="1453" VPOS="2380" WIDTH="175" HEIGHT="28" WC="0.91" CONTENT="bussföre-"/>
						</TextLine>
						<TextLine ID="line_45" HPOS="142" VPOS="2424" WIDTH="1485" HEIGHT="40">
							<String ID="string_444" HPOS="142" VPOS="2428" WIDTH="102" HEIGHT="36" WC="0.96" CONTENT="tagen"/><SP WIDTH="27" VPOS="2428" HPOS="244"/>
							<String ID="string_445" HPOS="271" VPOS="2426" WIDTH="63" HEIGHT="28" WC="0.96" CONTENT="har"/><SP WIDTH="25" VPOS="2426" HPOS="334"/>
							<String ID="string_446" HPOS="359" VPOS="2428" WIDTH="49" HEIGHT="26" WC="0.96" CONTENT="att"/><SP WIDTH="26" VPOS="2428" HPOS="408"/>
							<String ID="string_447" HPOS="434" VPOS="2425" WIDTH="108" HEIGHT="29" WC="0.96" CONTENT="räkna"/><SP WIDTH="27" VPOS="2425" HPOS="542"/>
							<String ID="string_448" HPOS="569" VPOS="2425" WIDTH="77" HEIGHT="29" WC="0.96" CONTENT="med"/><SP WIDTH="27" VPOS="2425" HPOS="646"/>
							<String ID="string_449" HPOS="673" VPOS="2425" WIDTH="43" HEIGHT="38" WC="0.96" CONTENT="på"/><SP WIDTH="25" VPOS="2425" HPOS="716"/>
							<String ID="string_450" HPOS="741" VPOS="2425" WIDTH="41" HEIGHT="28" WC="0.95" CONTENT="de"/><SP WIDTH="28" VPOS="2425" HPOS="782"/>
							<String ID="string_451" HPOS="810" VPOS="2424" WIDTH="98" HEIGHT="29" WC="0.96" CONTENT="korta"/><SP WIDTH="27" VPOS="2424" HPOS="908"/>
							<String ID="string_452" HPOS="935" VPOS="2433" WIDTH="105" HEIGHT="23" WC="0.96" CONTENT="resor,"/><SP WIDTH="28" VPOS="2433" HPOS="1040"/>
							<String ID="string_453" HPOS="1068" VPOS="2433" WIDTH="73" HEIGHT="19" WC="0.96" CONTENT="som"/><SP WIDTH="28" VPOS="2433" HPOS="1141"/>
							<String ID="string_454" HPOS="1169" VPOS="2425" WIDTH="7" HEIGHT="27" WC="0.96" CONTENT="i"/><SP WIDTH="28" VPOS="2425" HPOS="1176"/>
							<String ID="string_455" HPOS="1204" VPOS="2424" WIDTH="187" HEIGHT="28" WC="0.93" CONTENT="allmänhet"/><SP WIDTH="31" VPOS="2424" HPOS="1391"/>
							<String ID="string_456" HPOS="1422" VPOS="2424" WIDTH="169" HEIGHT="37" WC="0.90" CONTENT="företages"/><SP WIDTH="26" VPOS="2424" HPOS="1591"/>
							<String ID="string_457" HPOS="1617" VPOS="2424" WIDTH="10" HEIGHT="28" WC="0.96" CONTENT="i"/>
						</TextLine>
						<TextLine ID="line_46" HPOS="142" VPOS="2468" WIDTH="1487" HEIGHT="37">
							<String ID="string_458" HPOS="142" VPOS="2470" WIDTH="251" HEIGHT="32" WC="0.96" CONTENT="busstrafiken,"/><SP WIDTH="22" VPOS="2470" HPOS="393"/>
							<String ID="string_459" HPOS="415" VPOS="2470" WIDTH="68" HEIGHT="28" WC="0.96" CONTENT="kan"/><SP WIDTH="22" VPOS="2470" HPOS="483"/>
							<String ID="string_460" HPOS="505" VPOS="2470" WIDTH="112" HEIGHT="28" WC="0.96" CONTENT="denna"/><SP WIDTH="24" VPOS="2470" HPOS="617"/>
							<String ID="string_461" HPOS="641" VPOS="2470" WIDTH="73" HEIGHT="28" WC="0.96" CONTENT="icke"/><SP WIDTH="22" VPOS="2470" HPOS="714"/>
							<String ID="string_462" HPOS="736" VPOS="2469" WIDTH="83" HEIGHT="29" WC="0.96" CONTENT="bära"/><SP WIDTH="21" VPOS="2469" HPOS="819"/>
							<String ID="string_463" HPOS="840" VPOS="2479" WIDTH="39" HEIGHT="19" WC="0.96" CONTENT="en"/><SP WIDTH="25" VPOS="2479" HPOS="879"/>
							<String ID="string_464" HPOS="904" VPOS="2469" WIDTH="36" HEIGHT="28" WC="0.96" CONTENT="så"/><SP WIDTH="24" VPOS="2469" HPOS="940"/>
							<String ID="string_465" HPOS="964" VPOS="2468" WIDTH="129" HEIGHT="37" WC="0.96" CONTENT="kraftig"/><SP WIDTH="23" VPOS="2468" HPOS="1093"/>
							<String ID="string_466" HPOS="1116" VPOS="2468" WIDTH="112" HEIGHT="28" WC="0.96" CONTENT="rabatt"/><SP WIDTH="23" VPOS="2468" HPOS="1228"/>
							<String ID="string_467" HPOS="1251" VPOS="2478" WIDTH="72" HEIGHT="18" WC="0.96" CONTENT="som"/><SP WIDTH="24" VPOS="2478" HPOS="1323"/>
							<String ID="string_468" HPOS="1347" VPOS="2468" WIDTH="39" HEIGHT="28" WC="0.96" CONTENT="50"/><SP WIDTH="21" VPOS="2468" HPOS="1386"/>
							<String ID="string_469" HPOS="1407" VPOS="2469" WIDTH="45" HEIGHT="32" WC="0.58" CONTENT="96."/><SP WIDTH="24" VPOS="2469" HPOS="1452"/>
							<String ID="string_470" HPOS="1476" VPOS="2469" WIDTH="48" HEIGHT="27" WC="0.92" CONTENT="En"/><SP WIDTH="25" VPOS="2469" HPOS="1524"/>
							<String ID="string_471" HPOS="1549" VPOS="2469" WIDTH="80" HEIGHT="28" WC="0.89" CONTENT="ned-"/>
						</TextLine>
						<TextLine ID="line_47" HPOS="143" VPOS="2513" WIDTH="1485" HEIGHT="39">
							<String ID="string_472" HPOS="143" VPOS="2515" WIDTH="155" HEIGHT="37" WC="0.66" CONTENT="sättning"/><SP WIDTH="24" VPOS="2515" HPOS="298"/>
							<String ID="string_473" HPOS="322" VPOS="2525" WIDTH="40" HEIGHT="18" WC="0.96" CONTENT="av"/><SP WIDTH="25" VPOS="2525" HPOS="362"/>
							<String ID="string_474" HPOS="387" VPOS="2515" WIDTH="62" HEIGHT="28" WC="0.96" CONTENT="här"/><SP WIDTH="25" VPOS="2515" HPOS="449"/>
							<String ID="string_475" HPOS="474" VPOS="2513" WIDTH="265" HEIGHT="39" WC="0.96" CONTENT="ifrågavarande"/><SP WIDTH="25" VPOS="2513" HPOS="739"/>
							<String ID="string_476" HPOS="764" VPOS="2516" WIDTH="52" HEIGHT="26" WC="0.95" CONTENT="art"/><SP WIDTH="26" VPOS="2516" HPOS="816"/>
							<String ID="string_477" HPOS="842" VPOS="2514" WIDTH="67" HEIGHT="28" WC="0.95" CONTENT="kan"/><SP WIDTH="27" VPOS="2514" HPOS="909"/>
							<String ID="string_478" HPOS="936" VPOS="2513" WIDTH="132" HEIGHT="28" WC="0.96" CONTENT="således"/><SP WIDTH="27" VPOS="2513" HPOS="1068"/>
							<String ID="string_479" HPOS="1095" VPOS="2513" WIDTH="68" HEIGHT="28" WC="0.93" CONTENT="inte"/><SP WIDTH="26" VPOS="2513" HPOS="1163"/>
							<String ID="string_480" HPOS="1189" VPOS="2513" WIDTH="176" HEIGHT="36" WC="0.91" CONTENT="medgivas"/><SP WIDTH="26" VPOS="2513" HPOS="1365"/>
							<String ID="string_481" HPOS="1391" VPOS="2513" WIDTH="75" HEIGHT="28" WC="0.95" CONTENT="med"/><SP WIDTH="27" VPOS="2513" HPOS="1466"/>
							<String ID="string_482" HPOS="1493" VPOS="2513" WIDTH="135" HEIGHT="28" WC="0.96" CONTENT="mindre"/>
						</TextLine>
						<TextLine ID="line_48" HPOS="146" VPOS="2571" WIDTH="1164" HEIGHT="38">
							<String ID="string_483" HPOS="146" VPOS="2572" WIDTH="36" HEIGHT="27" WC="0.37" CONTENT="1:"/><SP WIDTH="36" VPOS="2572" HPOS="182"/>
							<String ID="string_484" HPOS="218" VPOS="2590" WIDTH="22" HEIGHT="2" WC="0.88" CONTENT="—"/><SP WIDTH="14" VPOS="2590" HPOS="240"/>
							<String ID="string_485" HPOS="254" VPOS="2572" WIDTH="134" HEIGHT="37" WC="0.46" CONTENT="Bihang"/><SP WIDTH="17" VPOS="2572" HPOS="388"/>
							<String ID="string_486" HPOS="405" VPOS="2572" WIDTH="50" HEIGHT="29" WC="0.96" CONTENT="till"/><SP WIDTH="16" VPOS="2572" HPOS="455"/>
							<String ID="string_487" HPOS="471" VPOS="2571" WIDTH="202" HEIGHT="38" WC="0.95" CONTENT="riksdagens"/><SP WIDTH="16" VPOS="2571" HPOS="673"/>
							<String ID="string_488" HPOS="689" VPOS="2571" WIDTH="176" HEIGHT="38" WC="0.91" CONTENT="protokoll"/><SP WIDTH="19" VPOS="2571" HPOS="865"/>
							<String ID="string_489" HPOS="884" VPOS="2571" WIDTH="146" HEIGHT="28" WC="0.88" CONTENT="1962.11"/><SP WIDTH="18" VPOS="2571" HPOS="1030"/>
							<String ID="string_490" HPOS="1048" VPOS="2571" WIDTH="98" HEIGHT="27" WC="0.95" CONTENT="saml."/><SP WIDTH="17" VPOS="2571" HPOS="1146"/>
							<String ID="string_491" HPOS="1163" VPOS="2571" WIDTH="47" HEIGHT="27" WC="0.93" CONTENT="Nr"/><SP WIDTH="20" VPOS="2571" HPOS="1210"/>
							<String ID="string_492" HPOS="1230" VPOS="2571" WIDTH="80" HEIGHT="27" WC="0.55" CONTENT="1—2"/>
						</TextLine>
					</TextBlock>
				</ComposedBlock>
			</PrintSpace>
		</Page>
	</Layout>
</alto>
