1882 2778
272 154 22 31 8
660 158 287 31 Statsutskottets
968 159 178 32 utlåtande
1167 170 43 21 nr
1230 162 42 29 24
1292 162 39 30 år
1352 162 86 30 1958

952 452 59 39 Nr
1038 453 50 39 24

501 550 183 32 Utlåtande
701 552 11 29 i
725 552 190 41 anledning
929 562 43 21 av
985 554 127 40 Kungl.
1127 555 125 39 Maj:ts
1265 556 220 39 proposition
1500 557 180 39 angående
1693 558 88 40 fort-

718 604 71 28 satt
806 603 208 40 disposition
1032 613 43 21 av
1095 605 90 30 vissa
1203 605 95 31 äldre
1316 606 132 40 anslag.

1536 656 74 35 (4:e
1637 657 94 35 avd.)

322 750 14 30 I
356 750 152 40 enlighet
527 752 79 30 med
626 753 126 39 Kungl.
772 753 125 40 Maj:ts
917 754 11 29 i
947 755 264 39 propositionen
1230 765 42 20 nr
1295 756 49 35 16,
1366 757 112 29 under
1498 757 220 40 åberopande
1738 767 41 21 av

271 799 114 41 bilagt
403 801 124 40 utdrag
544 811 43 21 av
603 803 384 40 statsrådsprotokollet
1003 806 81 28 över
1101 806 483 32 kommunikationsärenden
1603 808 55 30 för
1675 809 68 30 den
1760 809 20 30 3

271 850 149 39 januari
445 852 82 30 1958
549 852 197 41 framlagda
767 854 132 41 förslag
920 854 203 31 hemställer
1144 856 180 35 utskottet,

630 905 52 28 att
701 903 187 40 riksdagen
908 904 58 30 må
985 905 169 40 medgiva,
1174 908 51 28 att
1244 907 127 40 Kungl.
1391 907 107 40 Maj:t
1516 908 133 39 jämväl
1668 909 113 30 under

586 952 205 40 budgetåret
818 954 150 36 1958/59
992 955 58 30 må
1074 955 137 41 förfoga
1235 958 81 29 över
1341 957 74 30 dels
1440 959 58 29 det
1521 958 44 40 på
1588 958 192 31 riksstaten

585 1003 56 30 för
664 1003 205 40 budgetåret
895 1004 150 36 1953/54
1070 1006 111 30 under
1206 1008 132 29 statens
1363 1007 307 40 utlåningsfonder
1693 1018 87 31 upp-

585 1053 103 30 förda
713 1054 391 41 investeringsanslaget
1130 1056 52 30 till
1208 1057 471 36 Vattenkraftslånefonden,
1705 1059 75 30 dels

586 1103 58 30 det
662 1103 45 40 på
726 1104 191 30 riksstaten
937 1105 56 30 för
1012 1106 220 31 sistnämnda
1251 1106 171 41 budgetår
1442 1109 111 29 under
1573 1110 133 29 statens
1726 1110 54 29 ut-

585 1153 266 40 låningsfonder
885 1155 165 31 anvisade
1079 1156 392 41 investeringsanslaget
1503 1159 53 29 till
1589 1159 191 30 Luftfarts-

585 1203 222 36 lånefonden,
825 1205 73 30 dels
915 1206 65 29 ock
996 1205 58 30 det
1069 1206 45 40 på
1130 1206 190 31 riksstaten
1337 1207 55 30 för
1409 1208 201 38 budgetåret
1629 1209 148 36 1946/47

585 1253 112 30 under
718 1254 131 30 fonden
872 1255 56 30 för
950 1255 272 31 låneunderstöd
1244 1257 166 31 anvisade
1432 1259 348 40 investeringsansla-

585 1306 56 37 get
661 1303 51 30 till
728 1304 75 30 Lån
820 1304 53 30 till
891 1304 242 41 Aktiebolaget
1150 1306 256 32 Stadsholmen.

321 1385 203 31 Stockholm
542 1387 69 30 den
630 1386 20 30 4
669 1387 156 30 februari
846 1387 85 31 1958

771 1487 49 31 På
835 1488 281 31 statsutskottets
1131 1490 146 39 vägnar:

806 1562 175 31 MARTIN
1006 1559 236 36 SKOGLUND

321 1737 67 31 Vid
409 1738 220 39 förestående
653 1739 146 30 ärendes
822 1739 287 42 slutbehandling
1132 1741 94 30 inom
1250 1742 172 31 utskottet
1444 1743 46 30 ha
1512 1743 158 31 närvarit

320 1795 82 31 från
442 1796 165 30 första
648 1797 222 30 kammaren:
904 1798 122 30 herrar
1054 1799 192 37 Näsström,
1276 1800 190 35 Gillström,
1497 1802 126 35 Ohlon,
1653 1802 126 31 Gustaf

275 1838 214 35 Andersson,
508 1839 76 29 [var
603 1839 211 35 Johansson,
833 1840 109 30 Einar
961 1841 160 34 Persson,
1140 1841 125 31 fröken
1285 1842 213 35 Andersson,
1518 1844 123 29 herrar
1659 1845 119 39 Birger

276 1880 213 33 Andersson,
506 1881 144 33 Boman,
667 1881 113 35 Thun,
799 1882 158 36 Pålsson,
974 1884 182 38 Bergman,
1176 1884 177 35 Sundelin,
1372 1884 131 31 Rikard
1521 1886 173 31 Svensson
1711 1887 65 30 och

275 1921 231 40 Mossberger;
530 1924 90 28 samt

318 1979 81 31 från
432 1981 153 29 andra
616 1981 222 31 kammaren:
860 1982 123 30 herrar
1003 1983 178 40 Skoglund
1201 1986 11 29 i
1231 1984 224 40 Doverstorp,
1476 1986 203 40 Malmborg,
1700 1987 77 30 Pet-

274 2023 119 28 terson
416 2022 12 30 i
449 2023 196 39 Degerfors,
668 2023 173 40 Thapper,
864 2024 109 35 Ståhl,
994 2025 154 30 Jansson
1170 2026 11 29 i
1204 2026 111 35 Kalix,
1339 2027 150 30 Persson
1512 2027 11 30 i
1546 2028 123 40 Växjö,
1691 2028 86 30 Gus-

274 2063 138 30 tafsson
434 2065 11 29 i
468 2065 212 34 Stockholm,
703 2066 169 30 Karlsson
894 2066 12 30 i
929 2066 204 35 Olofström,
1156 2067 139 30 Nilsson
1319 2068 11 29 i
1353 2069 272 39 Göingegården,
1649 2070 127 34 Cassel,

274 2105 211 31 Gustafsson
511 2107 9 29 i
548 2107 196 34 Skellefteå,
770 2108 202 30 Johansson
997 2109 12 29 i
1034 2109 230 40 Norrköping,
1294 2110 210 31 Gustafsson
1530 2111 11 30 i
1568 2112 118 40 Kårby
1711 2112 66 30 och

273 2147 128 31 fröken
423 2148 183 40 Liljedahl.

514 2462 96 22 580225
630 2459 166 24 Stockholm
817 2459 77 25 1958.
914 2460 81 24 Isaac
1015 2461 112 24 Marcus
1148 2461 186 31 Boktryckeri
1354 2461 172 31 Aktiebolag
