1860 2782
230 153 19 30 2
622 155 124 29 Första
770 154 247 39 lagutskottets
1043 154 179 30 utlåtande
1247 164 42 20 nr
1319 160 29 32 6,

874 290 37 47 4)
971 290 124 49 Lag

273 408 186 38 angående
492 408 158 32 fortsatt
680 408 178 40 giltighet
891 418 43 23 av
959 409 107 40 lagen
1093 409 69 32 den
1188 409 41 32 10
1249 408 76 41 juli
1350 409 80 33 1947
1454 408 60 38 (nr
1536 407 76 42 486)
1635 418 59 25 om

390 457 167 34 dödande
580 467 43 24 av
646 458 97 33 vissa
766 459 154 32 utanför
943 458 151 41 Sverige
1117 459 203 41 befintliga
1342 460 236 40 handlingar.

279 538 212 40 Härigenom
517 539 196 35 förordnas,
740 542 51 28 att
816 540 100 39 lagen
942 541 69 30 den
1039 542 39 29 10
1103 540 67 40 juli
1198 541 82 31 1947
1307 551 58 20 om
1390 542 160 30 dödande
1576 551 43 21 av
1642 541 94 31 vissa

233 589 144 29 utanför
404 589 138 40 Sverige
567 589 184 40 befintliga
778 590 220 40 handlingar,
1025 590 118 30 vilken
1169 591 108 40 enligt
1303 591 56 40 lag
1384 592 68 29 den
1480 592 39 30 13
1548 591 70 40 maj
1650 591 84 31 1949

239 638 60 34 (nr
318 639 78 35 199)
419 639 108 39 gäller
544 639 54 30 till
615 640 64 29 och
698 640 79 30 med
795 640 67 30 den
880 640 41 30 30
938 640 80 39 juni
1038 641 94 34 1950,
1151 641 91 29 skall
1261 642 64 38 äga
1343 641 142 30 fortsatt
1505 641 158 40 giltighet
1681 641 53 30 till

233 689 67 30 och
318 689 79 31 med
415 690 68 29 den
502 690 42 30 30
562 689 80 40 juni
663 690 94 30 1951.

278 847 14 30 I
309 847 99 39 fråga
422 856 57 21 om
495 847 43 30 de
552 847 12 29 i
579 847 261 40 propositionen
855 848 150 29 anförda
1020 848 122 29 skälen
1157 848 56 30 får
1228 848 182 34 utskottet,
1434 848 5 29 i
1454 848 68 30 den
1539 848 83 31 mån
1639 849 98 30 redo-

234 898 132 39 görelse
384 898 120 30 därför
521 898 77 30 icke
618 898 135 30 lämnas
774 898 64 30 här
855 899 125 33 nedan,
999 898 148 30 hänvisa
1164 898 54 30 till
1235 899 274 40 propositionen.

278 998 270 40 Ifrågavarande
572 998 220 40 lagstiftning
814 999 64 29 har
900 999 206 30 tillkommit
1131 998 55 31 för
1209 1001 51 28 att
1282 1000 96 29 möta
1401 1000 42 29 de
1466 999 169 40 problem,
1658 1009 76 20 som

232 1049 90 29 efter
340 1049 281 30 axelmakternas
640 1049 163 39 nederlag
820 1049 159 40 uppstått
997 1049 222 30 beträffande
1237 1049 95 31 vissa
1351 1050 185 39 tillgångar
1554 1049 12 30 i
1587 1050 146 39 Sverige,

232 1099 178 39 nämligen
436 1099 73 30 dels
533 1099 13 29 i
570 1099 219 39 ockuperade
816 1099 121 30 länder
961 1100 108 30 rövad
1094 1100 64 29 och
1183 1100 109 30 sedan
1315 1100 133 30 hitförd
1475 1101 170 38 egendom
1669 1100 65 30 och

233 1149 74 30 dels
338 1149 178 39 egendom,
546 1158 77 21 som
655 1158 43 21 av
726 1150 42 29 de
797 1149 164 31 allierade
991 1150 185 30 makterna
1206 1150 194 30 betraktals
1432 1150 118 30 såsom
1580 1150 155 40 tillhörig

232 1199 157 38 fientliga
404 1199 237 37 rättssubjekt.
656 1199 274 38 Lagstiftningen
946 1200 188 30 innefattas
1152 1200 11 29 i
1179 1200 40 30 de
1237 1200 78 37 fyra
1331 1201 104 37 lagar,
1451 1201 113 29 vilkas
1583 1201 154 37 giltighet

232 1250 107 39 enligt
357 1251 41 29 de
417 1250 11 29 i
445 1250 263 40 propositionen
726 1251 196 39 framlagda
940 1251 177 39 förslagen
1135 1251 90 30 skall
1243 1251 178 39 förlängas
1439 1252 79 29 med
1537 1251 200 40 ytterligare

232 1302 48 28 ett
297 1301 49 29 år.

277 1351 78 30 Med
377 1352 76 29 stöd
474 1360 44 21 av
538 1351 114 30 denna
674 1351 220 40 lagstiftning
916 1352 158 30 bedrives
1097 1352 107 30 sedan
1228 1352 83 30 1945
1334 1362 42 21 av
1397 1352 341 40 flyktkapitalbyrån

232 1402 224 29 verksamhet
482 1402 56 29 för
565 1403 50 28 att
643 1402 274 40 omhändertaga
945 1403 66 29 och
1039 1402 165 31 realisera
1230 1404 68 29 den
1324 1403 103 39 tyska
1454 1403 179 39 egendom,
1661 1412 77 21 som

231 1452 116 29 finnes
372 1453 11 28 i
406 1452 148 37 Sverige.
577 1452 128 30 Genom
729 1453 244 30 realisationen
996 1453 201 30 förvandlas
1222 1453 212 38 egendomen
1457 1453 11 29 i
1491 1453 82 30 reda
1598 1461 139 29 pengar,

232 1502 95 30 vilka
344 1503 148 29 insättas
511 1503 45 39 på
574 1504 56 28 det
649 1504 271 38 clearingkonto,
942 1513 75 21 som
1037 1504 107 29 sedan
1162 1504 100 39 länge
1281 1505 101 38 utgör
1400 1504 139 30 formen
1557 1504 56 29 för
1631 1503 107 31 betal-

231 1553 126 39 ningar
377 1553 11 29 i
407 1553 222 30 förhållande
651 1553 53 30 till
726 1554 189 39 Tyskland.

277 1604 137 39 Frågan
435 1613 58 20 om
517 1604 68 29 hur
607 1605 101 29 dessa
730 1605 113 29 medel
864 1605 100 29 skola
987 1605 134 39 slutligt
1144 1605 204 39 disponeras
1372 1606 38 28 är
1435 1606 95 28 ännu
1553 1605 77 30 icke
1656 1605 77 30 löst.

232 1654 77 29 Den
333 1653 39 30 18
391 1654 67 39 juli
482 1654 84 30 1946
587 1654 171 30 träffades
784 1655 5 29 i
809 1654 236 40 Washington
1066 1664 42 20 en
1129 1655 207 40 uppgörelse
1356 1655 130 30 mellan
1507 1655 20 30 å
1547 1664 66 21 ena
1634 1655 101 30 sidan

232 1704 150 30 svenska
405 1704 459 40 regeringsrepresentanter
891 1707 92 27 samt
1008 1705 20 30 å
1053 1706 110 29 andra
1187 1705 102 30 sidan
1314 1705 216 31 företrädare
1555 1705 55 30 för
1634 1705 100 30 Ame-

230 1755 98 29 rikas
357 1754 138 30 förenta
524 1756 137 33 staters,
692 1755 297 30 Storbritanniens
1019 1756 66 29 och
1114 1756 214 29 Frankrikes
1358 1756 209 39 regeringar.
1599 1756 135 40 Uppgö-

230 1805 115 30 relsen
369 1805 173 30 förelades
566 1805 188 39 riksdagen
778 1813 124 31 genom
925 1806 218 39 proposition
1167 1815 42 20 nr
1233 1805 130 37 367/46
1389 1806 65 30 och
1478 1806 78 30 blev
1580 1816 44 20 av
1645 1806 89 29 riks-

231 1855 113 38 dagen
368 1856 172 38 godkänd.
566 1855 122 30 Denna
712 1856 339 30 överenskommelse
1077 1856 145 30 innebär
1248 1856 106 30 bland
1378 1858 119 32 annat,
1523 1858 51 28 att
1600 1856 136 39 Sverige

231 1906 119 38 åtager
372 1906 51 39 sig
444 1907 51 28 att
516 1906 158 39 fullfölja
694 1907 58 29 det
775 1907 203 29 nuvarande
1000 1907 168 29 kontroll-
1190 1907 65 29 och
1277 1907 459 30 likvidationsförfarandet.

231 1956 145 39 Förslag
393 1956 178 39 angående
589 1956 252 40 dispositionen
859 1966 42 21 av
917 1957 71 30 viss
1006 1957 56 30 del
1080 1967 42 20 av
1140 1957 148 34 medlen,
1310 1958 151 38 grundat
1480 1957 44 40 på
1542 1959 49 27 ett
1609 1966 43 20 av
1669 1957 67 29 den

230 2015 27 20 s.
275 2007 33 29 k.
326 2007 426 38 tyskmedelskommittén
771 2007 165 39 framlagt
952 2008 232 33 betänkande,
1202 2008 99 29 torde
1318 2008 11 29 i
1350 2008 151 29 särskild
1519 2007 216 40 proposition

231 2057 144 30 komma
392 2059 49 28 att
460 2057 195 39 föreläggas
677 2058 83 30 1950
779 2058 56 30 års
853 2058 154 39 riksdag.

273 2108 267 38 Föredragande
562 2108 395 39 departementschefen,
978 2108 189 30 statsrådet
1187 2108 211 39 Zetterberg,
1419 2109 64 29 har
1504 2108 58 30 vid
1584 2108 153 40 lagråds-

230 2158 171 29 remissen
421 2158 119 30 anfört
561 2158 105 30 bland
687 2161 109 28 annat
817 2159 172 39 följande:

277 2209 86 29 >Det
386 2218 42 21 av
451 2209 339 40 flyktkapitalbyrån
812 2209 167 30 bedrivna
1000 2210 132 29 arbetet
1154 2210 79 30 med
1255 2209 205 40 avveckling
1481 2219 42 20 av
1545 2210 67 29 den
1633 2210 103 39 tyska

231 2259 213 39 egendomen
464 2259 11 30 i
499 2259 138 40 Sverige
656 2260 64 29 har
739 2260 91 30 varit
849 2260 140 39 mycket
1009 2260 187 39 vidlyftigt.
1218 2260 66 30 Det
1304 2260 65 30 har
1388 2261 74 29 rört
1482 2260 53 39 sig
1557 2269 57 21 om
1634 2267 100 32 egen-

226 2310 87 29 "dom
334 2310 52 29 till
407 2311 49 28 ett
475 2310 107 30 värde
602 2319 44 21 av
664 2310 63 30 300
751 2310 20 30 å
791 2310 64 30 400
876 2310 165 40 miljoner
1061 2311 130 29 kronor
1210 2311 68 29 och
1297 2310 12 29 i
1329 2310 185 40 uppgiften
1534 2311 66 29 har
1621 2310 113 39 ingått

230 2361 52 29 att
310 2360 196 39 handlägga
534 2362 49 28 ett
610 2361 88 29 stort
726 2360 96 30 antal
849 2361 213 29 rättstvister
1090 2361 64 30 och
1182 2361 111 30 andra
1321 2360 253 30 svårbedömda
1604 2360 128 39 frågor.

229 2409 119 40 Enligt
372 2410 128 39 byråns
527 2410 177 40 uppgifter
727 2410 71 30 kan
822 2411 357 39 avvecklingsarbetet
1202 2411 174 30 beräknas
1401 2411 53 29 till
1479 2412 130 29 största
1633 2411 100 29 delen

230 2461 47 29 bli
300 2460 142 31 slutfört
466 2461 113 30 under
598 2461 236 30 innevarande
855 2461 180 39 budgetår.
1057 2461 53 30 En
1130 2461 57 30 del
1209 2461 403 40 avvecklingsuppgifter
1636 2461 98 29 kom-
