2200 2626
384 231 18 27 2
676 263 4 3 .
905 234 248 27 Bankoutskottets
1177 234 151 28 utlåtande
1354 234 46 28 Nr
1424 236 48 26 48.

382 305 97 31 ehuru
513 306 102 30 staten
650 305 100 31 under
781 305 61 32 den
877 306 54 36 tid,
966 306 39 31 då
1033 306 199 32 Odelstierna
1256 317 56 21 var
1334 307 101 32 lärare
1458 307 51 32 vid
1534 307 80 40 dem,
1638 308 113 42 bidrog
1774 310 69 32 med
1868 311 121 32 hälften

383 358 38 19 av
454 346 89 31 deras
575 346 327 33 underhållskostnad.
948 346 198 33 Odelstierna
1179 348 80 41 ägde
1294 348 107 32 därför
1430 349 103 42 enligt
1567 350 91 32 civila
1692 350 239 41 pensionslagen
1962 353 28 41 ej

383 388 99 31 räkna
514 388 49 41 sig
586 388 104 33 denna
713 389 45 31 tid
783 389 140 42 tillgodo.
970 389 214 33 Odelstiernas
1208 390 195 32 företrädare
1426 392 9 30 i
1460 391 196 41 professuren
1680 392 30 32 J.
1735 392 167 42 Wiborgh,
1925 405 66 20 som

383 430 61 41 dog
478 429 67 32 året
576 430 98 32 innan
712 431 61 31 han
807 431 71 32 blev
906 432 274 40 pensionsmässig,
1208 432 81 31 hade
1312 432 133 32 likasom
1469 433 201 34 Odelstierna
1693 434 92 39 varit,
1808 434 98 33 innan
1930 436 61 30 han

383 470 71 33 blev
477 472 164 41 professor,
669 472 103 32 lärare
795 473 10 31 i
828 473 38 31 de
890 473 88 42 lägre
1001 473 248 42 bergsskolorna.
1273 474 158 42 Wiborgh
1448 475 55 31 och
1528 475 200 33 Odelstierna
1751 477 88 31 torde
1862 477 31 31 få
1915 477 76 32 flera

382 513 204 42 efterföljare,
619 514 56 32 och
710 525 64 31 nog
798 515 106 32 kunde
927 515 54 32 det
1004 516 49 31 väl
1075 526 89 21 anses
1187 516 158 39 orättvist,
1370 519 47 30 att
1440 517 36 31 de
1500 517 70 32 med
1593 518 64 31 lika
1679 519 78 42 lång
1781 518 77 32 eller
1881 519 109 41 längre

383 558 113 29 trogen
529 559 153 28 strävsam
713 556 165 42 tjänstetid
900 557 103 32 skulle
1026 558 124 31 komma
1172 559 11 30 i
1205 561 104 29 sämre
1331 559 155 41 ställning
1508 562 40 29 än
1573 559 37 32 de
1627 560 192 40 professorer
1843 561 51 32 vid
1915 560 75 42 hög-

382 597 119 38 skolan,
535 608 66 21 som
632 598 85 32 förut
750 599 187 41 tjänstgjort
971 599 50 32 vid
1056 600 108 40 andra,
1190 612 38 20 av
1256 602 106 30 staten
1387 601 188 41 upprättade
1598 602 148 32 tekniska
1768 602 223 33 läroanstalter

383 639 58 32 och
463 650 66 21 som
552 640 105 32 därför
679 636 87 82 fingo
788 641 100 32 räkna
910 642 48 40 sig
980 642 105 31 denna
1107 642 218 42 tjänstgöring
1349 642 51 32 till
1422 643 80 41 godo
1525 643 49 32 för
1596 644 184 32 erhållande
1796 656 38 20 av
1850 645 138 42 pension.

488 681 86 32 Utan
608 693 81 32 egen
739 683 210 41 förmögenhet
982 684 57 31 och
1068 684 69 31 med
1161 686 47 30 ett
1231 685 90 38 barn,
1349 696 65 20 som
1437 688 85 28 ännu
1546 686 100 31 under
1670 686 100 42 några
1794 688 34 31 år
1851 686 139 33 behövde

384 723 76 32 hans
483 724 170 32 understöd
676 725 49 31 för
747 725 68 31 sina
842 725 127 36 studier,
994 726 124 31 komme
1142 726 216 33 Odelstiernas
1379 726 156 43 ställning
1558 728 71 31 med
1653 739 82 22 ovan
1758 730 137 31 nämnda
1917 729 74 32 låga

384 765 130 41 pension
538 769 48 28 att
607 785 41 4 —
670 766 187 42 isynnerhet
879 767 100 32 under
1001 767 90 33 dessa
1114 768 76 41 dyra
1215 768 82 32 tider
1320 788 39 3 —
1382 769 83 32 bliva
1488 769 201 33 ekonomiskt
1711 770 82 38 svår,
1816 770 56 32 och
1895 771 95 32 Odel-

383 807 118 32 stierna
524 808 187 32 hemställde
735 809 116 39 därför,
878 811 47 29 att
947 809 121 42 Kungl.
1094 810 89 41 Maj:t
1205 811 102 32 måtte
1330 814 76 38 göra
1429 812 238 41 framställning
1689 812 51 31 till
1756 812 168 41 riksdagen
1940 824 50 20 om

384 848 122 42 fyllnad
529 850 9 31 i
562 849 79 33 hans
664 851 129 40 pension
819 851 49 32 till
890 854 47 29 ett
961 851 113 42 belopp
1097 863 37 21 av
1158 853 92 36 5,600
1274 853 123 32 kronor.

486 946 71 36 Vid
585 948 252 48 ansökningen
867 948 91 36 hade
987 947 233 38 Odelstierna
1249 948 103 50 fogat

484 997 73 36 dels
585 998 216 47 prästbevis,
832 999 192 35 utvisande
1053 1004 54 31 att
1135 1000 70 35 han
1234 1007 40 28 är
1304 999 87 37 född
1419 1001 69 36 den
1519 1003 19 33 5
1569 1000 207 49 september
1807 1003 105 42 1853,

483 1048 74 35 dels
583 1054 54 29 ett
663 1062 43 22 av
734 1050 168 35 tekniska
930 1050 219 47 högskolans
1178 1052 125 33 rektor
1331 1051 70 35 den
1433 1053 42 34 13
1506 1051 163 36 februari
1696 1054 95 33 1918
1814 1051 173 45 utfärdat,

384 1101 38 32 så
449 1098 159 48 lydande
637 1100 399 48 tjänstgöringsbetyg:

487 1161 159 33 Professor
669 1162 77 32 Erik
769 1162 98 33 G:son
882 1163 199 32 Odelstierna
1103 1155 204 41 förordnades
1330 1165 60 31 den
1416 1166 37 30 16
1475 1166 81 40 april
1581 1166 80 31 1903
1683 1168 49 29 att
1754 1166 98 32 såsom
1871 1167 118 31 vikarie

383 1203 164 41 uppehålla
583 1204 179 32 dåvarande
796 1205 197 41 professuren
1026 1205 11 31 i
1070 1205 183 41 metallurgi
1286 1206 57 33 och
1373 1207 168 41 hyttkonst
1563 1208 51 31 vid
1637 1207 146 32 tekniska
1805 1208 184 41 högskolan,

382 1245 188 32 utnämndes
605 1246 60 32 den
699 1248 40 29 22
767 1247 127 42 januari
920 1248 81 30 1904
1024 1247 49 32 till
1096 1248 156 32 ordinarie
1275 1248 190 33 innehavare
1488 1261 38 20 av
1549 1261 118 20 samma
1690 1249 168 42 professur,
1881 1250 107 32 vilken

382 1288 34 31 år
450 1288 80 32 1912
563 1288 224 33 omvandlades
820 1288 51 32 till
904 1289 156 41 professur
1083 1290 10 31 i
1113 1290 122 41 järnets
1270 1291 188 42 metallurgi.
1504 1292 112 31 Denna
1638 1291 158 42 professur
1818 1292 171 32 innehaves

381 1329 60 33 allt
474 1329 194 33 fortfarande
703 1342 38 20 av
775 1331 209 38 Odelstierna,
1017 1343 66 20 som
1118 1332 59 32 den
1212 1334 19 30 5
1264 1333 177 41 september
1470 1334 80 31 1918
1575 1334 50 31 vid
1649 1334 39 31 då
1711 1333 101 42 fyllda
1835 1334 39 32 65
1896 1334 34 31 år
1954 1337 35 28 är

382 1371 126 42 skyldig
540 1372 106 32 lämna
679 1373 191 32 densamma.
915 1373 210 41 Odelstierna,
1148 1385 64 21 som
1238 1375 101 32 under
1362 1377 137 32 nämnda
1522 1376 45 32 tid
1592 1375 132 42 åtnjutit
1747 1375 242 42 tjänstledighet

383 1414 110 32 endast
521 1414 101 32 under
652 1415 18 30 3
703 1415 160 38 månader,
897 1416 163 41 maj—juli
1085 1417 90 38 1911,
1199 1417 58 30 har
1279 1418 104 31 städse
1406 1418 86 31 skött
1515 1418 137 31 nämnda
1675 1418 219 42 befattningar
1916 1418 73 32 med

381 1456 141 31 utmärkt
544 1456 49 32 nit
614 1456 56 32 och
694 1457 143 31 utmärkt
860 1457 199 41 skicklighet.

482 1519 73 36 dels
582 1520 62 34 ock
670 1519 156 37 avskrift
854 1533 43 23 av
924 1521 154 47 tjänste-
1105 1521 68 35 och
1203 1522 356 48 meritförteckning,
1588 1536 43 22 av
1651 1524 122 34 vilken
1792 1524 194 42 inhämtas,

382 1571 111 35 bland
529 1576 121 38 annat,
692 1575 55 31 att
788 1569 233 37 ÖOdelstierna
1062 1571 70 35 den
1175 1574 16 32 1
1236 1573 71 46 maj
1342 1573 92 34 1892
1464 1574 159 46 antagits
1650 1573 57 34 till
1735 1573 253 36 vikarierande

381 1622 116 34 lärare
539 1620 61 36 vid
627 1620 198 49 Filipstads
854 1621 211 48 bergsskola
1092 1622 67 35 och
1189 1622 70 35 den
1292 1625 43 32 14
1365 1622 152 36 oktober
1548 1624 92 34 1892
1669 1623 108 36 blivit
1805 1623 182 37 ordinarie

382 1672 115 35 lärare
533 1670 189 37 därstädes
760 1676 93 31 samt
890 1671 80 36 från
1008 1672 56 35 sin
1102 1673 226 47 anställning
1368 1672 188 36 därstädes
1584 1676 167 45 övergått
1779 1675 56 35 till
1863 1675 124 47 bergs-

382 1719 124 38 skolan
547 1723 12 33 i
596 1721 128 43 Falun,
772 1727 53 30 att
866 1722 70 35 han
979 1722 70 35 den
1092 1725 40 32 21
1175 1724 72 46 juli
1293 1724 94 34 1897
1437 1725 161 46 antagits
1639 1724 56 35 till
1738 1723 249 37 föreståndare

382 1770 57 37 för
471 1772 230 35 sistnämnda
733 1773 226 43 läroanstalt,
994 1773 123 35 vilken
1150 1772 213 49 befattning
1395 1774 69 35 han
1498 1775 149 34 tillträtt
1679 1774 71 35 den
1787 1777 15 33 1
1839 1788 148 23 novem-

381 1822 64 35 ber
475 1823 105 42 1897,
610 1828 94 30 samt
732 1827 54 31 att
822 1823 72 34 han
931 1823 117 48 enligt
1088 1828 52 31 ett
1179 1824 58 35 till
1281 1824 268 48 handlingarna
1576 1825 10 34 i
1615 1824 152 36 ärendet
1793 1826 13 34 i
1833 1825 154 36 avskrift

382 1871 101 49 fogat
509 1872 135 48 utdrag
671 1886 43 22 av
742 1873 224 48 protokollet
991 1873 64 35 hos
1075 1873 235 48 fullmäktige
1330 1876 11 33 i
1357 1874 261 47 järnkontoret
1637 1875 171 36 innehaft
1828 1876 155 35 nämnda

383 1922 451 49 föreståndarbefattning,
862 1924 55 34 till
946 1923 80 36 dess
1056 1924 70 35 han
1155 1924 149 36 erhållit
1332 1924 172 36 fullmakt
1532 1928 20 32 å
1580 1924 249 48 professuren.

432 1973 55 36 Av
528 1971 100 38 förut
655 1972 244 37 omförmälda
927 1973 235 49 förteckning
1190 1974 164 48 framgår
1380 1975 134 44 vidare,
1545 1976 178 35 hurusom
1753 1975 233 38 Odelstierna

381 2025 97 33 inom
508 2025 63 34 sitt
600 2023 80 36 fack
708 2023 175 48 fullgjort
910 2024 185 48 åtskilliga
1123 2025 135 36 honom
1288 2026 109 47 givna
1424 2025 385 50 förtroendeuppdrag
1836 2027 64 36 och
1927 2033 58 29 ut-

381 2072 72 37 fört
492 2079 54 30 ett
587 2075 144 48 mycket
773 2079 93 31 stort
893 2075 98 35 antal
1020 2076 298 35 konstruktions-
1348 2076 67 35 och
1444 2077 207 47 ingenjörs-
1680 2090 47 22 m.
1757 2078 36 35 fl.
1823 2079 160 34 arbeten.

480 2124 13 35 I
535 2126 64 34 sitt
627 2124 155 36 berörda
810 2125 189 35 utlåtande
1027 2125 70 36 den
1128 2128 43 33 13
1200 2126 166 35 februari
1398 2128 92 34 1918
1522 2127 64 35 har
1614 2128 181 47 styrelsen
1823 2127 56 36 för
1907 2128 78 35 tek-

378 2174 104 35 niska
523 2174 199 49 högskolan
759 2175 133 44 anfört,
930 2180 52 31 att
1010 2177 179 47 styrelsen
1219 2175 116 37 funne
1364 2177 203 36 sökandens
1595 2176 275 50 framställning
1898 2190 86 36 syn-

380 2224 163 49 nerligen
584 2226 57 34 väl
682 2225 171 48 grundad
894 2226 66 35 och
1003 2225 96 50 förty
1141 2226 194 36 förordade
1364 2227 223 36 densamma.
1641 2227 186 50 Styrelsen
1856 2227 129 50 gjorde

378 2275 99 35 detta
505 2278 38 32 så
572 2276 146 47 mycket
746 2276 126 42 hellre,
898 2289 76 22 som
1004 2276 61 36 det
1093 2276 57 36 för
1176 2277 234 36 besättandet
1437 2291 43 22 av
1508 2279 219 44 högskolans
1757 2278 227 48 professurer
