1870 2860
507 158 293 31 Statsulskotlets
832 157 187 31 utlåtande
1051 157 51 31 Nr
1129 157 48 29 10.
1496 156 40 30 29

123 244 83 33 19:00)
243 244 121 36 Kungl
401 244 101 36 Maj:t
538 245 62 29 har
635 243 165 37 förslagit
836 242 187 36 riksdagen
1059 239 127 38 (punkt
1222 239 53 35 31)
1310 243 51 29 att
1386 241 55 31 till
1467 241 113 31 läkar-

76 297 263 35 undersökning
363 306 44 20 av
431 296 129 36 sjöfolk
585 296 11 30 i
620 295 158 35 enlighet
802 294 77 31 med
902 294 41 30 de
966 304 44 20 av
1028 293 379 36 departementschefen
1423 294 158 35 angivna

78 348 155 36 grunder
268 348 53 30 för
359 348 207 35 budgetåret
603 347 212 31 1925—1926
850 346 131 35 hevilja
1016 347 49 29 ett
1100 346 100 29 extra
1235 345 278 36 förslagsanslag
1537 355 43 20 av

77 401 116 34 55,000
218 400 138 30 kronor.

124 451 240 35 Utredningen
389 451 11 29 i
425 453 117 28 ämnet
565 451 189 30 återfinnes
779 451 20 28 å
821 449 64 30 sid.
911 450 126 29 68—72
1065 449 5 29 i
1098 448 393 35 statsrådsprotokollet.

119 553 17 31 I
169 564 41 20 en
244 554 65 31 den
334 555 39 29 14
397 553 92 36 april
515 553 82 30 1917
622 552 58 30 till
705 552 185 35 riksdagen
915 552 141 29 avlåten
1080 551 214 35 proposition
1319 547 54 36 (nr
1398 549 75 33 256)
1498 551 85 30 före-

77 606 74 35 slog
175 605 135 37 Kungl.
335 605 103 36 Maj:t
462 604 187 35 riksdagen
672 604 63 34 att,
760 603 110 30 under
894 603 254 34 förutsättning
1173 603 52 29 att
1250 601 187 37 riksdagen
1457 603 126 34 antoge

77 659 49 29 ett
149 668 44 19 av
217 657 135 36 Kungl.
376 656 103 36 Maj:t
503 655 168 35 framlagt
695 655 132 36 förslag
852 654 57 31 till
933 654 59 35 lag
1016 664 56 20 om
1096 653 151 37 ändring
1272 654 12 29 i
1307 654 95 30 vissa
1426 653 96 31 delar
1538 663 45 20 av

76 709 169 36 sjölagen,
282 708 57 31 till
373 707 366 35 läkarundersökning
768 716 44 20 av
836 706 127 36 sjöfolk
988 706 12 30 i
1023 705 156 37 enlighet
1203 705 78 31 med
1305 705 94 31 vissa
1422 707 162 28 närmare

75 761 159 34 angivna
268 758 153 37 grunder
456 760 19 29 å
510 761 98 28 extra
643 760 70 29 stat
747 759 54 29 för
836 762 38 26 år
908 758 81 30 1918
1026 757 131 36 bevilja
1193 758 49 30 ett
1265 757 275 36 förslagsanslag
1564 757 20 30 å

78 812 116 35 27,000
219 811 137 31 kronor.

119 863 114 31 Sedan
268 863 136 36 Kungl.
439 862 120 37 Maj:ts
589 862 144 31 berörda
757 862 130 35 förslag
911 862 57 29 till
993 861 57 35 lag
1076 871 55 20 om
1156 860 153 36 ändring
1333 861 12 29 i
1369 861 95 30 vissa
1489 861 95 30 delar

76 925 45 20 av
156 915 158 36 sjölagen
337 925 44 20 av
406 914 188 36 riksdagen
618 914 184 35 godkänts,
826 913 160 30 anmälde
1010 912 189 35 riksdagen
1224 913 12 28 i
1260 912 169 30 skrivelse
1454 912 66 30 den
1544 912 39 30 16

76 967 80 36 juni
180 967 83 31 1917
288 966 180 37 angående
492 966 222 36 regleringen
737 965 54 30 för
814 966 39 29 år
877 965 82 29 1918
977 974 43 20 av
1038 963 198 36 utgifterna
1253 963 109 31 under
1375 964 209 30 riksstatens

77 1019 125 36 sjunde
235 1018 214 36 huvudtitel,
482 1019 52 29 att
558 1017 134 36 jämväl
716 1016 310 35 framställningen
1050 1025 56 21 om
1130 1015 123 36 anslag
1278 1015 56 30 till
1359 1015 225 31 läkarunder-

76 1071 152 35 sökning
251 1081 44 20 av
320 1070 129 36 sjöfolk
473 1080 45 20 av
547 1068 188 37 riksdagen
759 1068 162 31 bifallits.

120 1122 130 31 Genom
285 1122 40 31 de
361 1121 152 32 ändrade
541 1121 307 31 bestämmelserna
873 1120 12 30 i
909 1120 157 36 sjölagen
1090 1120 126 35 avsågs
1239 1120 53 30 att
1316 1119 80 30 från
1420 1119 63 31 och
1507 1119 78 31 med

77 1175 40 30 år
141 1175 84 30 1918
249 1176 161 28 närmare
433 1173 135 36 reglera
591 1172 251 36 fordringarna
865 1172 12 30 1
900 1172 151 30 sanitärt
1075 1171 196 31 hänseende
1287 1172 21 29 å
1323 1171 139 36 sjömän
1477 1171 108 36 jämte

77 1227 21 30 å
121 1226 121 36 fartyg
266 1225 176 31 anställda
465 1234 171 27 personer,
661 1224 100 31 vilka
784 1224 31 36 ej
840 1223 105 31 hörde
968 1223 58 31 till
1050 1223 67 31 den
1132 1223 179 36 egentliga
1327 1223 258 36 besättningen.

76 1278 324 36 Framställningen
435 1278 13 29 i
471 1276 202 32 förberörda
706 1276 244 36 anslagsfråga
983 1274 231 36 föranleddes,
1239 1276 112 29 såsom
1375 1285 45 20 av
1444 1275 57 30 det
1524 1274 62 31 vid

77 1329 248 31 ovannämnda
358 1329 216 36 proposition
608 1338 43 20 nr
685 1329 62 30 256
783 1327 123 36 fogade
941 1327 164 35 utdraget
1138 1336 45 20 av
1207 1326 379 36 statsrådsprotokollet

77 1384 83 28 över
183 1381 271 31 finansärenden
478 1381 168 35 framgår,
670 1380 120 35 därav,
815 1381 51 28 att
891 1380 12 29 i
926 1378 169 31 samband
1119 1378 78 31 med
1214 1378 67 31 den
1297 1378 202 36 föreslagna
1515 1388 71 26 nya

78 1433 276 36 lagstiftningen
382 1433 101 35 fråga
506 1432 134 35 väckts,
664 1432 53 30 att
740 1431 210 31 statsverket
973 1430 114 30 skulle
1112 1430 12 30 i
1148 1430 73 30 viss
1245 1430 248 36 utsträckning
1517 1429 69 31 del-

77 1487 83 34 taga
194 1486 12 29 i
242 1484 228 32 bekostandet
502 1494 44 20 av
582 1483 39 31 de
657 1483 215 36 läkarintyg,
906 1492 72 21 som
1013 1482 111 35 enligt
1160 1481 108 36 sagda
1303 1482 232 36 lagstiftning
1573 1482 13 30 i

78 1537 186 37 åtskilliga
298 1537 65 30 fall
398 1537 215 34 förutsattes,
648 1538 166 28 ävensom
839 1535 55 30 det
918 1534 217 36 läkarintyg,
1171 1543 74 21 som
1278 1534 143 36 jämlikt
1456 1530 16 38 $
1498 1534 40 30 13
1574 1534 13 30 i

78 1589 255 36 förordningen
366 1588 181 36 angående
581 1587 268 37 sjömanshusen
884 1587 11 30 i
930 1586 92 31 riket
1055 1587 93 29 samt
1183 1586 147 36 sjöfolks
1358 1587 58 34 på-
1440 1586 64 31 och
1527 1595 59 21 av-

79 1641 198 35 mönstring
301 1651 45 20 m.
371 1651 45 20 m.
442 1640 66 31 den
532 1640 40 31 13
595 1640 70 36 juli
693 1640 83 30 1911
810 1638 156 36 stadgats
982 1639 115 29 såsom
1121 1638 133 30 villkor
1278 1638 53 30 för
1354 1638 156 36 sjömäns
1534 1638 52 30 in-

80 1693 190 36 skrivning
295 1692 62 31 vid
381 1692 234 37 sjömanshus.

121 1744 169 31 Närmare
325 1744 260 31 bestämmelser
619 1743 146 31 rörande
801 1741 270 37 ifrågavarande
1106 1742 205 35 läkarintyg
1347 1742 91 30 samt
1462 1740 124 31 fördel-

79 1797 131 36 ningen
245 1807 44 20 av
325 1796 235 31 kostnaderna
594 1796 54 30 för
683 1795 177 31 desamma
882 1794 132 31 mellan
1038 1793 213 31 statsverket
1274 1793 62 31 och
1360 1793 67 31 den
1451 1793 135 36 intygs-

78 1848 153 31 sökande
255 1848 217 31 meddelades
496 1847 194 31 sedermera
714 1847 13 30 i
750 1856 43 21 en
817 1847 65 31 den
906 1846 39 31 31
970 1845 178 31 december
1172 1846 84 30 1917
1273 1844 166 32 utfärdad
1456 1844 130 31 förord-

79 1901 89 35 ning
203 1897 56 36 (nr
283 1897 75 36 932)
393 1899 179 36 angående
606 1899 205 36 läkarintyg
846 1898 53 31 för
921 1897 139 37 sjöfolk,
1085 1897 59 31 till
1167 1897 121 30 vilken
1313 1896 208 36 förordning
1546 1910 39 3 —

79 1952 79 31 med
192 1952 77 31 däri
291 1962 125 27 genom
450 1951 205 36 förordning
680 1951 66 31 den
770 1952 40 29 14
838 1950 142 36 augusti
1004 1950 83 30 1918
1112 1948 56 34 (nr
1192 1946 76 37 680)
1292 1949 63 31 och
1378 1948 208 36 kungörelse

80 2005 65 30 den
181 2004 39 31 30
256 2004 177 31 december
462 2004 83 30 1922
569 2000 55 36 (nr
647 2000 76 36 631)
748 2002 122 36 gjorda
894 2001 194 36 ändringar
1113 2015 39 3 —
1177 2001 170 31 utskottet
1372 2001 135 31 tillåter
1532 2001 54 35 sig

80 2056 160 31 hänvisa.

124 2106 101 33 Även
249 2108 53 31 för
325 2109 50 30 ett
398 2108 78 30 vart
499 2117 45 20 av
568 2108 85 29 åren
677 2107 213 30 1919—1922
907 2105 185 31 anvisades
1108 2106 45 35 på
1170 2105 134 35 Kungl.
1321 2104 120 36 Maj:ts
1458 2104 12 30 i
1486 2105 100 30 stats-

80 2160 409 36 verkspropositionerna
513 2159 57 30 till
594 2159 213 30 1918—1921
832 2159 55 30 års
911 2157 185 36 riksdagar
1117 2157 120 31 därom
1255 2156 123 36 gjorda
1394 2156 191 31 framställ-

80 2213 129 36 ningar
233 2213 54 30 för
311 2211 272 37 ifrågavarande
606 2210 167 32 ändamål
796 2212 49 29 ett
869 2209 274 36 förslagsanslag
1167 2219 45 20 av
1230 2209 116 36 27,000
1363 2208 137 31 kronor.
1534 2207 52 31 På

80 2264 169 32 likaledes
284 2274 44 20 av
363 2264 136 36 Kungl.
535 2262 101 36 Maj:t
670 2262 123 37 gjorda
825 2262 131 36 förslag
980 2262 93 30 hava
1095 2261 193 31 sedermera
1312 2271 45 20 av
1381 2260 95 35 1922,
1501 2260 82 31 1923

81 2317 63 31 och
168 2316 83 31 1924
276 2317 57 30 års
357 2315 186 36 riksdagar
566 2315 55 31 för
644 2324 135 22 samma
802 2314 163 31 ändamål
989 2314 158 30 anvisats
1171 2313 21 30 å
1215 2314 101 29 extra
1332 2314 69 29 stat
1418 2312 54 31 för
1488 2311 97 32 tiden

82 2370 18 30 1
129 2369 143 35 januari
291 2368 66 31 —30
381 2368 80 36 juni
485 2367 82 31 1923
591 2368 50 29 ett
663 2366 274 37 förslagsanslag
962 2367 21 29 å
1007 2366 117 35 25,000
1148 2365 128 31 kronor
1299 2366 91 29 samt
1414 2364 54 31 för
1492 2365 93 30 vart-

82 2421 82 30 dera
198 2431 45 20 av
266 2420 218 36 budgetåren
508 2419 213 31 1923—1924
745 2419 63 31 och
832 2418 211 31 1924—1925
1067 2418 50 30 ett
1141 2418 101 30 extra
1265 2417 276 35 förslagsanslag
1565 2417 22 30 å

82 2473 116 35 35,000
223 2473 137 31 kronor.

1611 233 184 22 Läkarunder-

1623 267 108 31 sökning
1751 275 31 15 av

1652 302 103 30 sjöfolk.

1673 340 74 41 (31.1
