2137 2658
379 186 19 27 8
825 189 99 32 Stats-
934 189 168 33 Utskottets
1131 189 168 34 Utlåtande
1324 191 58 31 N:o
1407 193 52 29 37.

340 264 170 34 Johnsson
551 267 185 33 emellertid
778 269 183 34 underlåtit
989 271 144 41 fullgöra
1161 272 111 33 denna
1302 273 190 40 tillsägelse,
1521 274 174 40 misstaget
1722 274 74 33 med
1825 274 109 32 venti-

340 317 111 33 lernas
480 320 179 40 öppnande
701 320 72 33 icke
803 324 329 39 uppmärksammats
1162 325 67 32 förr
1257 329 41 29 än
1328 328 130 31 vattnet
1486 326 8 32 i
1521 325 143 42 fartyget
1693 326 91 41 stigit
1811 329 49 29 tre
1888 325 47 33 fot

339 369 90 34 öfver
458 370 73 33 läns
561 372 60 32 och
651 373 148 41 inträngt
827 375 9 31 i
864 374 121 35 främre
1014 377 229 33 brödrummet
1270 378 60 32 och
1361 378 231 42 krutdurken
1582 374 19 50 ;
1622 382 86 28 samt
1736 382 50 29 att
1814 378 119 40 Kongl.

340 422 150 33 Flottans
519 424 160 40 krigsrätt
707 425 8 31 i
745 425 216 41 Karlskrona,
1000 429 144 38 hvarest,
1186 430 82 32 efter
1303 430 180 33 verkställd
1514 430 260 41 undersökning,
1803 430 130 32 Anders

337 474 172 34 Johnsson
539 475 107 34 blifvit
673 477 145 34 tilltalad
846 478 49 34 för
923 479 116 35 hvad
1031 470 19 57 i
1067 481 142 34 berörda
1237 482 215 33 hänseenden
1483 483 139 32 kommit
1649 482 121 33 honom
1795 482 48 33 till
1858 482 76 40 last,

339 527 8 31 i
376 527 112 41 utslag
516 528 62 32 den
609 529 16 31 7
655 528 194 42 September
890 532 87 42 1870,
1015 537 81 29 enär
1124 535 128 32 Anders
1281 535 171 32 Johnsson
1481 535 128 41 erkänt,
1639 534 85 33 hvad
1749 534 124 42 jemväl
1903 534 34 32 af

337 580 332 40 omständigheterna
698 581 9 32 i
737 582 101 34 målet
865 585 120 32 vunnit
1012 586 212 42 bekräftelse,
1254 590 48 29 att
1329 587 66 32 han
1426 587 51 32 vid
1507 585 256 42 ifrågavarande
1792 586 139 39 tillfälle,

338 632 8 30 i
372 630 172 35 förmodan
575 637 47 29 att
652 644 204 31 pumparnes
887 637 219 34 länsventiler
1134 638 88 33 förut
1250 639 81 33 stått
1360 642 121 39 öppna,
1510 639 71 42 och,
1598 639 137 33 troende
1750 639 49 41 sig
1815 642 118 37 stänga

339 684 196 40 ventilerna,
576 686 8 29 i
627 686 112 31 stället
774 690 127 37 öppnat
935 689 84 41 dem,
1048 690 216 40 hvarigenom
1294 695 128 28 vattnet
1451 692 9 30 i
1488 691 143 40 fartyget
1659 691 174 31 inkommit
1861 690 71 40 och,

338 732 42 33 då
422 734 130 33 Anders
593 736 170 33 Johnsson
807 738 189 34 sedermera
1025 740 184 34 underlåtit
1238 745 58 38 att,
1323 742 49 33 sin
1403 742 82 42 pligt
1512 742 177 42 likmätigt,
1718 742 87 41 pejla
1834 751 98 32 pum-

336 796 104 30 parne
483 787 107 33 under
628 789 316 44 spolningsarbetet,
991 794 91 60 stigit
1120 795 50 31 till
1199 799 48 27 tre
1275 794 48 32 fot
1351 796 90 31 öfver
1468 795 84 41 läns,
1581 795 149 40 inträngt
1757 795 9 31 i
1795 794 137 33 främsta

336 838 227 33 brödrummet
592 841 60 31 och
681 841 211 34 krutdurken
923 848 132 29 samt
1054 870 2 2 å
1084 845 56 33 det
1166 846 11 31 i
1204 845 231 34 förstnämnda
1464 856 73 22 rum
1566 845 175 34 förvarade
1760 846 81 33 bröd
1866 845 68 33 för-

336 891 139 31 orsakat
516 892 115 40 skada,
674 902 81 33 som,
784 893 83 34 efter
895 896 105 32 skedd
1029 870 192 69 uträkning,
1250 897 142 33 medfört
1418 898 49 32 för
1496 897 137 32 Kronan
1654 897 120 33 förlust
1811 897 35 33 af
1875 898 59 31 338

337 941 77 33 R:dr
441 942 39 32 57
508 946 65 38 öre,
602 944 119 42 förthy,
763 947 72 31 med
878 946 212 43 åberopande
1120 949 35 33 af
1190 951 36 31 10
1255 950 83 41 Kap.
1367 950 40 31 22
1434 952 18 37 8
1480 951 10 30 i
1520 949 197 42 Strafflagen
1747 950 49 31 för
1824 950 110 40 krigs-

335 994 146 42 makten,
513 995 90 33 dömt
633 997 127 32 Anders
788 998 169 34 Johnsson
986 1003 49 30 att
1063 1001 48 32 för
1145 1000 172 34 oförstånd
1346 1002 60 33 och
1436 1001 231 41 försumlighet
1696 1002 108 32 under
1823 1002 111 41 tjenst-

334 1046 116 41 göring
492 1047 149 41 undergå
683 1049 263 44 disciplinstraff,
984 1062 81 32 som,
1093 1053 74 33 med
1197 1053 157 34 afseende
1384 1054 18 32 å
1426 1054 194 32 förekomna
1650 1054 186 33 mildrande
1865 1064 70 22 om-

335 1098 240 43 ständigheter,
591 1099 109 34 blifvit
738 1101 168 35 bestämdt
931 1105 10 31 i
969 1104 104 33 första
1100 1106 125 40 graden
1256 1106 48 32 till
1333 1106 19 31 4
1380 1107 121 40 dagars
1531 1107 198 40 vaktarrest,
1759 1110 88 28 samt
1877 1107 56 31 til-

336 1150 69 31 lika
443 1150 163 34 förklarat
647 1153 129 32 Anders
818 1155 170 33 Johnsson
1030 1158 132 40 skyldig
1201 1162 124 29 ersätta
1354 1159 63 31 den
1447 1168 116 29 genom
1595 1158 132 32 brödets
1757 1159 173 31 skadande

335 1200 137 33 Kronan
503 1202 225 42 tillskyndade
763 1204 120 34 förlust
910 1208 73 32 med
1012 1208 60 32 338
1099 1208 79 33 R:dr
1206 1209 38 32 57
1272 1212 65 30 öre.
1393 1209 114 32 Under
1536 1207 116 34 målets
1681 1209 252 41 handläggning

334 1252 85 33 inför
447 1253 209 42 Krigsrätten
694 1256 86 33 hade
820 1258 128 33 Anders
988 1259 171 34 Johnsson
1189 1261 119 42 anfört,
1338 1265 47 29 att
1414 1262 66 31 han
1509 1260 36 33 af
1570 1261 62 32 den
1663 1261 73 32 utaf
1762 1261 169 33 Svensson

333 1305 53 32 vid
425 1306 96 33 deras
564 1310 321 32 sammanträffande
926 1312 131 40 yttrade
1086 1312 100 42 afsigt
1214 1317 49 28 att
1291 1314 119 32 efterse
1439 1313 187 32 ventilerna
1666 1312 62 33 fått
1756 1314 62 31 den
1849 1323 84 31 upp-

334 1356 153 42 fattning,
528 1362 47 28 att
618 1360 171 32 desamma
818 1361 108 33 blifvit
960 1363 35 31 af
1021 1364 168 32 Svensson
1220 1366 165 40 öppnade,
1414 1365 102 32 sedan
1548 1365 39 31 de
1617 1364 82 32 efter
1727 1375 204 31 pumparnes

333 1408 157 33 sednaste
519 1410 219 41 begagnande
781 1412 35 32 af
853 1414 130 32 Anders
1011 1415 173 33 Johnsson
1227 1417 169 40 stängdes,
1433 1417 61 31 och
1523 1417 10 30 i
1562 1416 109 32 denna
1700 1416 231 41 föreställning

335 1460 97 32 vridit
459 1460 43 41 på
531 1462 196 42 handtaget,
744 1463 37 33 så
810 1468 49 29 att
888 1465 196 43 detsamma,
1114 1468 136 42 hvilket,
1281 1468 41 33 då
1352 1468 197 41 ventilerna,
1579 1466 109 34 såsom
1718 1469 52 32 vid
1788 1468 142 33 tillfället

333 1512 85 32 varit
445 1513 196 42 händelsen,
670 1524 77 23 vore
790 1517 123 41 slutna,
956 1519 92 32 stode
1077 1520 10 31 i
1115 1520 55 32 det
1198 1524 169 28 närmaste
1396 1521 168 40 vertikalt,
1593 1520 138 31 kommit
1761 1524 81 29 nära
1870 1521 61 31 ho-

332 1563 152 32 risontelt
525 1565 60 31 och
615 1565 214 41 följaktligen
869 1569 187 32 ventilerna
1085 1573 160 39 öppnats;
1275 1575 58 36 att,
1363 1572 107 31 under
1498 1581 39 21 en
1568 1570 198 40 föregående
1796 1572 135 39 expedi-

332 1614 67 31 tion
430 1615 74 33 med
545 1616 185 43 korvetten,
771 1618 130 34 Anders
930 1620 183 44 Johnsson,
1142 1622 49 32 för
1220 1626 50 29 att
1297 1622 206 33 förekomma
1531 1622 204 33 ventilernas
1764 1623 168 40 rubbning

330 1674 118 32 genom
479 1669 105 30 stötar
611 1668 43 41 på
682 1669 186 42 handtaget
896 1672 53 32 vid
979 1674 120 32 rörelse
1127 1674 10 31 i
1165 1675 55 32 det
1249 1673 121 42 trånga
1399 1677 203 39 pumpsotet,
1619 1675 142 40 anbragt
1776 1685 39 22 en
1834 1675 98 41 hake,

331 1718 158 32 hvarmed
518 1720 113 31 vredet
658 1720 129 42 fästats,
828 1721 43 33 då
899 1724 56 32 det
983 1726 73 31 stod
1087 1725 116 42 uppåt,
1236 1727 60 30 och
1328 1737 39 21 én
1398 1726 107 41 skruf,
1533 1726 74 32 med
1636 1726 135 32 hvilken
1802 1727 55 32 det
1886 1727 47 31 bi-

332 1769 125 32 behölls
497 1770 9 31 i
549 1770 63 32 den
655 1772 206 33 horisontela
891 1776 220 42 ställningen;
1160 1781 50 28 att
1238 1778 110 32 denna
1378 1778 188 39 inrättning
1593 1778 54 32 vid
1675 1777 256 41 ifrågavarande

331 1820 126 34 tillfälle
485 1822 87 32 varit
599 1822 193 44 borttagen,
814 1826 54 32 vid
909 1827 127 33 hvilket
1072 1827 210 35 förhållande
1312 1829 61 32 och
1402 1833 81 29 enär
1512 1829 183 33 ventilerna
1724 1828 96 42 gåfve
1849 1839 82 23 ena-

331 1873 114 32 handa
475 1874 70 40 ljud
574 1873 43 33 då
646 1875 39 31 de
721 1878 183 41 öppnades,
934 1887 67 24 som
1035 1884 61 28 när
1124 1881 40 32 de
1193 1881 165 41 tillslötes,
1376 1887 87 26 samt
1491 1881 9 32 i
1529 1890 186 31 pumparne
1745 1882 27 39 ej
1802 1881 127 33 funnits

335 1928 124 38 vatten,
487 1925 100 33 hvars
618 1926 231 35 nedrinnande
880 1934 67 28 mot
975 1930 160 42 fartygets
1164 1933 114 31 botten
1310 1934 109 31 skulle
1449 1932 265 41 tillkännagifvit
1729 1934 202 31 ventilernas

330 1977 190 42 öppnande,
549 1978 130 33 Anders
707 1978 170 34 Johnsson
908 1982 73 32 icke
1010 1983 207 34 varseblifvit
1246 1984 56 32 sitt
1332 1986 156 40 misstag;
1518 1988 48 28 att
1593 1984 79 42 han,
1691 1994 69 22 som
1791 1985 142 33 derefter

331 2029 87 32 varit
445 2029 177 41 sysselsatt
664 2034 48 28 att
753 2032 87 32 tillse
870 2032 54 33 det
954 2039 217 36 spygatterna
1200 2037 107 30 under
1336 2037 200 40 spolningen
1569 2036 105 32 höllos
1704 2039 121 38 öppna,
1854 2038 76 31 der-

335 2080 106 32 under
475 2080 55 33 två
571 2080 126 42 gånger
738 2083 136 39 begifvit
902 2085 49 40 sig
980 2087 49 31 till
1059 2097 187 30 pumparne
1275 2089 10 29 i
1314 2088 100 40 afsigt
1444 2092 46 27 att
1522 2088 182 31 verkställa
1733 2088 61 32 den
1826 2089 103 31 anbe-

331 2131 104 32 fallda
465 2133 166 40 pejlingen
668 2133 59 32 och
773 2134 49 32 för
850 2139 48 28 att
926 2137 133 32 komma
1089 2137 33 33 åt
1150 2139 314 40 pejlingstrumman
1491 2140 122 39 jemväl
1643 2140 126 39 tillsagt
1795 2140 54 32 det
1876 2141 52 42 vid

329 2183 173 33 desamma
532 2184 195 40 sysselsatta
768 2188 202 40 manskapet
1000 2193 48 28 att
1077 2194 122 28 stanna
1228 2191 75 32 med
1335 2192 239 39 pumpningen,
1604 2200 72 22 men
1707 2190 41 41 på
1777 2181 153 51 yttrande

330 2234 36 31 af
390 2227 73 40 dem
495 2239 47 28 att
572 2239 112 28 vatten
714 2237 160 33 behöfdes
907 2239 41 40 på
978 2241 94 42 däck,
1103 2240 115 33 afstått
1247 2242 73 32 från
1337 2246 63 44 att
1428 2242 100 40 pejla,
1560 2242 133 32 hvartill
1719 2243 120 39 jemväl
1869 2244 62 31 den

1707 2298 149 28 omstän-
