1840 2790
238 1727 8 10 .

258 192 17 29 2
645 189 389 30 Jordbruksutskottets
1058 189 177 30 utlåtande
1258 199 42 20 nr
1320 189 51 29 31.

262 275 107 29 rande
393 275 110 29 aktier
528 275 63 28 och
615 274 153 31 andelar.
793 274 107 30 Dessa
927 274 198 38 lägenheter
1151 275 59 28 äro
1235 274 225 38 erforderliga
1485 273 55 30 för
1563 273 198 39 tillgodose-

263 318 85 28 ende
368 326 40 20 av
427 317 258 29 arbetskraften
707 316 58 30 vid
785 317 135 29 verkets
940 297 127 58 skogar
1087 317 63 29 och
1169 317 56 29 det
1247 317 38 28 är
1305 316 62 29 här
1387 296 99 58 fråga
1506 325 56 20 om
1583 296 54 49 ett
1650 316 11 28 1
1681 316 80 30 eko-

262 359 154 29 nomiskt
441 359 197 30 hänseende
664 366 144 31 svagare
835 358 377 30 arrendatorsklientel.
1240 359 67 29 För
1334 358 217 39 upplåtelsen
1579 368 41 20 av
1645 359 116 38 lägen-

262 401 143 30 heterna
422 402 90 38 gälla
530 401 159 39 speciella
705 401 122 38 regler,
845 410 73 20 som
936 401 10 28 i
965 401 187 29 huvudsak
1170 402 297 29 överensstämma
1485 401 79 29 med
1582 400 178 30 allmänna

263 444 266 38 arrendelagens
555 453 40 20 av
620 443 128 30 sociala
774 443 135 39 hänsyn
933 443 184 39 betingade
1142 443 322 29 särbestämmelser
1489 442 55 30 för
1568 442 93 30 vissa
1688 443 74 38 slag

263 495 42 21 av
325 486 181 38 jordbruk.

308 529 64 29 Vid
398 529 40 29 de
465 529 110 29 större
603 527 172 40 gårdarna
800 545 43 3 —
867 527 409 40 jordbruksdomänerna
1302 545 44 3 —
1373 528 38 28 är
1439 527 66 30 den
1532 526 230 30 ekonomiska

262 570 203 30 bärkraften
515 571 112 29 bättre
653 570 64 30 och
744 570 290 29 arrendatorerna
1061 569 139 39 åtnjuta
1226 569 45 39 på
1298 569 110 39 grund
1436 578 42 20 av
1505 569 256 39 optionsrätten

263 613 110 29 större
392 613 160 39 trygghet
570 613 11 28 i
602 612 235 39 besittningen
858 613 43 29 än
920 612 57 29 vid
998 612 117 38 övriga
1135 612 182 32 arrenden,
1340 620 72 21 som
1436 611 192 29 innefattas
1650 611 112 29 under

262 655 396 38 nyttjanderättslagens
679 655 179 28 allmänna
878 654 271 29 bestämmelser.
1171 653 224 38 Tillräckliga
1416 653 76 30 skäl
1516 653 54 30 för
1594 655 50 28 att
1666 653 96 29 från-

263 697 41 38 gå
328 698 40 29 de
391 697 9 29 i
424 697 248 38 arrendelagen
695 697 202 30 meddelade
921 696 178 30 allmänna
1123 696 158 38 reglerna
1304 695 10 29 i
1338 705 46 19 nu
1409 695 233 30 omförmälda
1667 704 96 21 avse-

264 740 86 29 ende
373 740 43 29 ha
440 739 120 30 därför
584 739 74 30 icke
683 740 133 28 ansetts
841 738 176 39 föreligga.
1045 738 64 31 Det
1134 739 37 28 är
1195 737 136 40 möjligt
1358 739 49 28 att
1432 737 114 39 någon
1572 737 88 39 gång
1685 736 78 30 irri-

260 782 111 30 tation
399 783 68 29 kan
488 782 134 48 uppstå
648 782 58 30 vid
734 782 138 38 ombyte
898 791 42 20 av
967 782 204 29 arrendator
1200 791 80 19 men
1308 781 159 38 ostridigt
1496 782 38 28 är
1561 783 50 27 att
1638 781 127 29 krono-

263 824 192 29 arrendena
478 825 87 28 även
588 824 110 28 under
722 823 41 29 de
787 823 152 29 rådande
962 822 268 30 förhållandena
1255 824 59 28 äro
1337 804 138 56 mycket
1500 821 261 30 eftersträvade.

264 867 52 29 En
344 866 132 29 inlösen
506 875 41 20 av
575 866 158 29 aktierna
762 866 64 28 och
854 865 189 29 andelarna
1070 865 11 28 i
1112 864 425 38 distributionsföretagen
1567 864 112 29 skulle
1707 863 55 30 för

263 908 425 39 jordbruksdomänernas
721 908 54 29 del
808 907 181 29 förorsaka
1022 916 41 20 en
1096 908 95 28 extra
1223 906 106 38 utgift
1361 916 40 20 av
1434 905 327 40 uppskattningsvis

263 952 19 27 4
302 951 19 29 å
340 951 17 29 5
378 951 162 38 miljoner
562 951 138 28 kronor.
722 950 78 29 Med
818 950 135 38 hänsyn
974 949 142 29 särskilt
1136 948 51 30 till
1207 949 41 30 de
1269 949 88 37 höga
1376 948 387 39 byggnadskostnader-

264 1002 44 21 na
338 993 114 29 lämna
480 993 409 39 jordbruksdomänerna
919 991 54 30 för
1002 992 217 29 närvarande
1249 991 75 29 icke
1354 990 103 38 något
1490 991 177 29 överskott
1698 990 64 29 och

264 1035 419 39 upprustningsarbetena
708 1034 142 30 komma
875 1035 92 28 ännu
993 1035 51 28 att
1069 1035 77 37 taga
1173 1033 126 38 många
1325 1033 37 29 år
1385 1033 10 28 i
1421 1032 164 39 anspråk.
1611 1032 74 29 Vad
1711 1032 52 29 så-

264 1079 106 28 lunda
390 1078 135 29 anförts
545 1077 144 29 innebär
708 1076 76 30 icke
805 1078 49 28 att
874 1077 55 29 det
948 1076 77 29 icke
1046 1075 113 29 finnes
1180 1075 72 32 fall,
1275 1075 43 29 då
1340 1084 80 20 man
1443 1084 42 20 av
1504 1074 260 39 omständighe-

263 1121 97 29 terna
384 1120 135 38 tvingas
544 1120 80 37 göra
650 1120 118 36 avsteg
791 1118 78 29 från
891 1118 64 29 här
978 1118 196 29 skisserade
1197 1118 121 38 regler.
1343 1117 41 30 Så
1407 1117 64 29 har
1495 1117 179 38 styrelsen,
1699 1117 63 28 när

264 1162 98 39 fråga
381 1162 88 29 varit
489 1171 56 20 om
567 1171 40 20 en
629 1161 101 38 gårds
753 1161 180 29 förseende
954 1161 79 29 med
1053 1160 167 29 elektrisk
1240 1160 95 28 kraft
1356 1160 89 28 samt
1467 1159 231 29 arrendatorn
1722 1168 41 20 av

264 1205 228 29 ekonomiska
513 1204 75 29 skäl
608 1183 74 50 icke
701 1203 137 29 kunnat
857 1203 72 29 lösa
948 1202 36 30 in
1006 1202 50 39 sig
1073 1202 10 29 i
1104 1201 417 38 distributionsföretaget
1541 1201 63 29 och
1624 1201 140 38 anlägg-

264 1247 128 38 ningen
411 1247 120 29 därför
552 1246 99 39 eljest
671 1246 77 29 icke
769 1245 111 29 skulle
899 1245 44 29 ha
964 1224 149 50 kommit
1133 1244 52 29 till
1209 1243 114 34 stånd,
1344 1245 41 27 öv
1389 1223 123 58 ertagit
1534 1243 145 38 gårdens
1704 1252 60 20 an-

264 1289 96 30 delar
383 1289 11 29 i
417 1289 179 38 företaget.
621 1288 239 29 Arrendatorn
883 1287 63 30 har
970 1287 43 29 då
1039 1286 65 30 fått
1130 1286 158 29 förränta
1314 1265 238 50 kostnaderna
1573 1286 110 28 under
1709 1285 54 29 sin

264 1331 208 29 arrendetid.
492 1331 127 38 Dylika
637 1330 61 29 fall
718 1330 122 29 kunna
859 1330 84 29 även
963 1329 173 39 uppträda
1156 1328 10 28 i
1186 1327 190 30 framtiden
1396 1328 64 28 och
1479 1327 136 30 kronan
1636 1328 61 28 bör
1720 1327 44 30 då

264 1373 133 30 förfara
418 1373 43 39 på
483 1373 183 29 enahanda
692 1373 79 30 sätt.

309 1417 13 28 I
347 1416 202 38 anslutning
576 1415 49 29 till
650 1415 66 29 vad
744 1423 74 20 som
845 1414 146 29 sålunda
1016 1412 226 31 förekommit
1268 1412 54 30 får
1348 1412 168 38 styrelsen
1543 1411 10 29 i
1581 1411 98 39 fråga
1707 1420 57 20 om

263 1438 409 59 jordbruksdomänerna
689 1456 166 39 avstyrka
872 1456 98 29 bifall
988 1455 52 30 till
1060 1465 41 20 en
1120 1455 128 30 allmän
1270 1454 132 30 inlösen
1422 1464 42 20 av
1481 1454 64 29 här
1564 1434 201 49 förevaran-

264 1501 41 30 de
330 1501 109 29 aktier
463 1500 64 29 och
552 1500 141 29 andelar
717 1499 10 29 i
753 1488 434 49 distributionsföretagen.

310 1567 182 29 Utskottet.
517 1567 50 29 Av
591 1566 318 39 domänstyrelsens
931 1565 162 39 yttrande
1117 1564 165 38 framgår,
1308 1566 47 27 att
1383 1563 250 31 domänverket
1656 1563 107 39 regel-

263 1619 144 38 mässigt
431 1627 119 20 svarar
574 1618 53 29 för
651 1616 389 39 kronoegendomarnas
1064 1614 252 38 elektrifiering
1340 1614 62 29 och
1428 1614 143 29 därmed
1596 1613 166 30 förenade

263 1669 93 30 fasta
380 1667 431 40 anläggningskostnader.
836 1668 13 28 I
873 1666 98 39 fråga
995 1675 56 20 om
1077 1666 110 29 aktier
1215 1665 64 29 och
1306 1665 140 29 andelar
1471 1664 9 28 i
1507 1665 40 29 de
1573 1663 189 30 elektriska

263 1719 425 38 distributionsföretagen
710 1718 99 38 göres
830 1717 155 30 däremot
1005 1717 71 29 viss
1098 1715 200 34 åtskillnad,
1320 1715 10 28 i
1352 1715 55 30 det
1430 1717 49 27 att
1503 1714 149 30 särskild
1677 1714 86 30 hän-

264 1779 64 30 syn
349 1772 93 37 tages
462 1770 52 29 till
535 1770 56 29 det
617 1769 4 28 i
642 1768 223 30 ekonomiskt
884 1767 199 30 hänseende
1104 1774 142 30 svagare
1268 1765 413 30 arrendatorsklientelet.
1705 1764 58 30 Så-

263 1821 108 30 lunda
394 1820 170 30 bestrider
589 1819 250 29 domänverket
864 1820 84 28 även
974 1817 194 30 kostnaden
1195 1817 54 29 för
1275 1816 238 39 nyssnämnda
1541 1815 111 30 aktier
1680 1815 82 29 eller

264 1872 152 34 andelar,
436 1871 43 30 då
498 1871 99 38 fråga
616 1871 36 28 är
671 1879 57 21 om
747 1868 277 39 skogsjordbruk
1047 1869 88 28 samt
1154 1867 191 39 kronotorp
1364 1866 10 29 i
1392 1866 184 30 Norrland.
1596 1866 166 29 Däremot

264 1924 37 29 få
325 1923 289 29 arrendatorerna
640 1931 40 20 av
704 1922 41 29 de
772 1921 109 29 större
905 1920 371 39 kronoegendomarna
1302 1919 110 39 själva
1437 1919 196 29 vidkännas
1659 1917 110 30 sådan

265 1973 161 29 kostnad.

309 2023 47 29 Ur
383 2022 224 39 synpunkten
635 2022 49 29 att
711 2020 217 38 tvistigheter
956 2019 129 30 mellan
1113 2019 64 29 den
1206 2018 213 29 avträdande
1451 2017 63 30 och
1543 2018 66 29 den
1638 2016 124 31 tillträ-

264 2073 112 30 dande
400 2072 229 30 arrendatorn
651 2071 85 30 böra
761 2070 182 34 undvikas,
968 2069 113 30 skulle
1105 2068 167 39 möjligen
1297 2068 75 29 skäl
1396 2069 120 28 kunna
1541 2067 141 31 anföras
1708 2067 55 30 för

264 2126 50 28 att
334 2123 249 30 domänverket
602 2123 160 37 övertoge
783 2121 193 29 kostnaden
997 2120 55 29 för
1073 2119 110 30 aktier
1204 2119 82 29 eller
1308 2119 141 29 andelar
1471 2118 11 28 i
1503 2117 260 30 distributions-

264 2175 134 38 företag
416 2174 132 38 jämväl
568 2173 10 29 i
599 2173 98 38 fråga
718 2181 57 20 om
796 2172 40 29 de
857 2171 108 29 större
989 2170 380 38 kronoegendomarna.
1390 2169 77 29 Med
1488 2168 138 39 hänsyn
1646 2168 53 30 till
1721 2168 41 29 de

266 2225 170 30 särskilda
461 2224 163 33 fördelar,
649 2232 74 20 som
749 2220 237 39 otvivelaktigt
1011 2222 60 28 äro
1096 2219 232 40 förknippade
1353 2219 77 29 med
1456 2219 162 29 arrendet
1643 2228 42 20 av
1711 2218 53 29 så-

264 2277 92 30 dana
385 2276 218 38 egendomar,
633 2274 165 29 ävensom
828 2272 51 29 till
911 2272 65 29 den
1008 2271 187 29 avsevärda
1226 2270 115 36 utgift,
1372 2270 247 36 övertagandet
1650 2268 112 30 skulle

264 2327 157 29 medföra
446 2326 54 30 för
525 2323 260 34 domänverket,
811 2322 114 30 finner
949 2321 170 30 utskottet
1144 2320 193 30 emellertid
1361 2319 188 39 tillräcklig
1574 2318 189 39 anledning

264 2378 76 29 icke
364 2377 165 39 föreligga
550 2376 54 29 för
625 2384 41 20 en
688 2373 97 39 dylik
806 2373 156 38 ändring.
984 2372 175 29 Utskottet
1180 2373 97 36 tager
1300 2370 118 31 därvid
1440 2370 92 30 fasta
1554 2370 43 39 på
1619 2369 144 30 domän-

266 2428 186 38 styrelsens
479 2425 191 33 uttalande,
697 2425 51 28 att
776 2423 167 39 styrelsen
970 2423 115 29 ansett
1112 2421 49 39 sig
1188 2422 85 29 böra
1302 2422 80 37 göra
1409 2422 118 37 avsteg
1556 2420 78 30 från
1665 2428 99 29 nyss-

265 2479 152 29 nämnda
436 2478 90 38 regel
547 2477 63 30 och
629 2474 168 38 övertagit
816 2484 40 20 en
876 2473 186 39 egendoms
1082 2472 110 31 aktier
1212 2472 82 29 eller
1313 2471 141 30 andelar
1473 2471 10 29 i
1504 2469 260 31 distributions-
