1888 2792
273 170 19 30 8
671 172 114 31 Andra
803 170 239 37 lagutskottets
1061 168 176 34 utlåtande
1256 176 40 22 nr
1323 166 40 31 28

318 252 156 39 Avgifter
502 252 84 29 böra
615 251 155 38 erläggas
799 250 55 29 för
883 249 68 30 alla
979 248 149 29 svenska
1157 247 147 39 sjömän,
1335 254 75 21 som
1439 246 60 29 äro
1527 239 248 48 påmönstrade

274 295 150 29 svenska
447 294 115 38 fartyg
584 293 45 39 på
652 292 132 30 utrikes
808 291 101 30 rulla.
934 291 64 29 Det
1021 290 70 29 kan
1115 289 173 39 därjämte
1312 288 187 37 övervägas
1523 285 174 31 huruvida
1721 294 56 21 av-

274 337 104 39 gifter
409 337 84 29 böra
524 337 138 36 uttagas
694 336 86 28 även
812 334 55 29 för
898 333 188 29 utländska
1119 332 148 38 sjömän,
1300 339 76 21 som
1407 331 60 28 äro
1499 329 202 30 mönstrade
1733 326 43 40 på

274 379 152 29 svenska
453 379 125 37 fartyg.
609 377 151 30 Sålunda
787 376 64 30 har
880 376 67 30 den
974 384 26 20 s.
1029 375 32 29 k.
1090 370 562 43 sjömanspensionsutredningen
1677 369 13 31 i
1717 369 60 31 sitt

274 422 68 29 den
374 421 38 29 17
444 419 141 40 januari
620 419 82 29 1948
734 418 146 38 avgivna
910 417 220 29 betänkande
1161 414 188 38 föreslagit,
1382 415 50 29 att
1462 411 315 42 pensionsavgifter

273 463 114 29 skulle
413 463 137 37 uttagas
576 470 42 21 av
644 461 93 30 såväl
764 460 150 30 svenska
940 468 74 20 som
1039 458 189 30 utländska
1254 457 150 39 sjömän.
1431 456 125 38 Kungl.
1583 455 106 38 Maj:t
1714 455 63 28 har

274 506 96 28 ännu
390 505 75 29 icke
485 504 86 38 tagit
591 503 165 38 ställning
775 503 52 29 till
848 502 153 29 nämnda
1022 501 140 37 förslag,
1183 500 106 29 vilket
1309 500 39 29 är
1368 499 111 29 under
1499 496 279 31 remissbehand-

275 548 83 38 ling.
383 547 52 29 Då
458 546 124 38 frågan
606 554 57 20 om
687 544 198 39 skyldighet
909 544 54 30 för
987 543 188 29 utländska
1200 542 139 39 sjömän
1365 543 50 28 att
1439 540 137 38 erlägga
1600 538 180 41 pensions-

274 589 149 39 avgifter
446 588 147 29 sålunda
617 589 93 28 ännu
732 587 76 29 icke
830 587 151 39 prövats,
1005 594 101 30 synes
1129 585 57 29 det
1207 584 69 39 mig
1298 583 55 30 för
1375 583 219 30 närvarande
1617 581 160 38 riktigast

275 631 140 33 föreslå,
441 632 49 28 att
513 629 354 38 välfärdsavgifterna
890 628 71 29 tills
985 627 117 30 vidare
1125 628 138 36 uttagas
1287 626 148 29 allenast
1459 625 54 29 för
1538 624 149 30 svenska
1711 623 69 39 sjö-

275 674 94 29 män.
395 673 65 29 Det
486 673 70 28 kan
582 672 118 29 vidare
725 671 236 38 ifrågasättas,
987 671 50 28 att
1062 669 146 38 avgifter
1233 668 106 30 borde
1365 669 138 36 uttagas
1530 668 87 28 även
1644 675 42 21 av
1711 665 69 38 sjö-

276 717 84 28 män
379 715 11 29 i
409 715 131 29 inrikes
562 714 81 29 fart.
664 713 52 30 Då
736 712 193 30 emellertid
949 712 100 29 dessa
1071 711 139 39 sjömän
1230 710 51 29 till
1303 712 72 27 stor
1397 710 53 29 del
1471 709 76 29 icke
1568 710 61 28 äro
1649 708 132 29 mönst-

276 757 256 40 ringspliktiga,
561 757 37 28 är
625 756 57 29 det
709 764 41 21 av
777 753 407 39 redovisningstekniska
1210 753 76 29 skäl
1313 751 138 30 mindre
1477 750 160 40 lämpligt
1663 752 49 28 att
1739 758 42 21 av

276 800 80 29 dem
378 801 120 37 uttaga
520 798 204 39 avgifterna.
748 797 180 29 Redarnas
950 796 65 29 och
1037 795 184 39 sjöfolkets
1243 794 148 39 avgifter
1413 794 84 29 böra
1519 793 176 39 uppbäras
1718 792 62 29 hos

277 841 274 39 sjömanshusen
571 840 66 29 och
658 839 156 30 därifrån
835 839 208 29 inlevereras
1065 838 52 29 till
1138 835 379 39 kommerskollegium.
1538 836 168 29 Närmare
1727 833 55 29 be-

277 884 221 29 stämmelser
519 891 57 21 om
598 882 203 40 uppbörden
822 881 99 29 torde
943 880 36 30 få
1000 880 175 29 meddelas
1197 879 11 29 i
1231 878 259 31 administrativ
1512 876 159 40 ordning.

324 960 266 41 Propositionen
618 959 235 30 behandlades
880 976 45 3 —
951 957 125 30 liksom
1104 957 11 29 i
1143 956 187 38 anledning
1358 964 42 22 av
1427 956 205 29 densamma
1658 954 125 29 väckta

280 1011 173 29 motioner
479 999 22 50 —
526 1019 42 21 av
584 1010 233 29 sammansatt
832 1009 105 28 stats-
953 1007 63 30 och
1033 1007 109 29 andra
1161 1005 201 39 lagutskott,
1379 1005 107 30 vilket
1502 1004 10 29 i
1530 1004 60 30 sitt
1604 1003 180 30 utlåtande

282 1070 42 20 nr
345 1062 18 30 2
384 1061 166 29 framhöll
569 1062 51 28 att
640 1061 56 29 det
717 1069 40 20 ur
776 1058 327 39 rättvisesynpunkt
1122 1057 77 30 icke
1218 1066 61 20 var
1299 1055 336 32 tillfredsställande,
1657 1055 48 28 att
1727 1063 56 19 en-

280 1111 79 30 dast
384 1111 42 30 de
451 1111 54 30 för
529 1110 135 30 utrikes
690 1110 69 30 fart
784 1109 248 40 påmönstrade
1059 1108 208 39 sjömännen
1293 1107 114 29 skulle
1432 1106 113 29 betala
1570 1104 216 30 välfärdsav-

281 1162 75 40 gift.
380 1162 176 30 Utskottet
579 1160 176 30 fortsatte:

326 1228 122 30 Såsom
472 1225 386 41 departementschefen
880 1224 204 34 framhållit,
1110 1225 37 28 är
1171 1224 55 29 det
1249 1222 193 30 emellertid
1466 1231 41 20 av
1530 1220 257 37 redovisnings-

281 1270 165 29 tekniska
469 1269 76 29 skäl
567 1268 95 30 svårt
684 1269 50 28 att
755 1269 121 36 uttaga
899 1266 146 39 avgifter
1068 1267 86 28 även
1177 1275 41 20 av
1241 1265 139 39 sjömän
1403 1264 10 28 i
1435 1264 132 29 inrikes
1590 1263 80 34 fart,
1692 1262 93 30 vilka

281 1312 53 30 till
358 1313 72 28 stor
453 1311 54 30 del
530 1311 76 29 icke
629 1311 60 29 äro
711 1308 373 40 mönstringspliktiga.
1109 1308 175 29 Utskottet
1306 1307 182 29 förväntar
1511 1304 203 34 emellertid,
1737 1305 50 28 att

281 1354 128 38 Kungl.
432 1354 104 38 Maj:t
558 1353 64 30 har
645 1352 54 30 sin
722 1351 313 40 uppmärksamhet
1057 1351 70 29 fäst
1149 1349 44 40 på
1215 1350 114 29 denna
1352 1348 100 39 fråga
1473 1348 64 29 och
1560 1347 226 32 undersöker,

283 1405 58 20 om
361 1396 77 29 icke
461 1404 42 20 en
524 1395 124 30 rättvis
670 1394 64 29 och
755 1393 158 30 tekniskt
935 1392 188 39 godtagbar
1144 1391 136 39 lösning
1303 1400 42 21 av
1367 1391 205 29 densamma
1595 1390 38 29 är
1654 1388 132 40 möjlig.

283 1438 75 29 Vad
377 1447 75 20 som
471 1437 150 30 framför
638 1437 62 29 allt
717 1437 89 28 talar
825 1436 55 29 för
898 1437 51 28 att
967 1434 154 39 avgiften
1138 1434 62 29 bör
1218 1435 139 36 uttagas
1377 1434 48 33 är,
1445 1434 50 28 att
1514 1433 95 29 detta
1627 1431 160 39 bidrager

283 1481 54 29 till
355 1482 50 28 att
423 1480 145 39 utplåna
585 1480 58 29 det
660 1479 84 38 drag
761 1487 41 21 av
819 1477 234 38 välgörenhet,
1073 1485 75 21 som
1165 1475 124 30 hittills
1307 1475 84 30 vilat
1408 1476 80 29 över
1505 1473 284 31 välfärdsanord-

283 1523 174 38 ningarna
485 1522 53 30 för
567 1521 149 39 sjömän.
746 1520 99 29 Inom
872 1519 171 30 utskottet
1070 1519 64 30 har
1162 1518 213 38 ifrågasatts,
1404 1526 56 20 om
1488 1516 76 30 icke
1593 1515 195 40 avgifterna

283 1565 107 29 borde
410 1565 147 28 ersättas
577 1573 43 20 av
636 1563 121 38 bidrag
776 1562 11 28 i
805 1571 119 20 annan
942 1561 91 29 form
1052 1560 80 30 från
1151 1561 165 29 redarnas
1336 1560 65 29 och
1420 1559 41 29 de
1480 1558 192 30 anställdas
1692 1565 97 31 orga-

284 1607 203 29 nisationer.
511 1606 71 29 Mot
605 1614 42 20 en
669 1605 137 37 lösning
827 1604 89 29 efter
939 1604 113 29 denna
1074 1603 85 38 linje
1181 1603 70 29 kan
1272 1602 182 33 invändas,
1478 1603 50 28 att
1549 1600 77 30 icke
1649 1600 67 30 alla
1739 1608 51 21 re-

284 1649 84 29 dare
390 1649 65 29 och
479 1648 138 39 sjömän
639 1648 59 29 äro
720 1647 166 29 anslutna
907 1646 53 29 till
981 1645 194 40 respektive
1197 1644 286 38 organisationer.
1505 1644 102 29 Trots
1630 1644 51 28 att
1703 1641 86 33 skäl,

284 1700 77 20 som
384 1690 154 39 framgår
562 1699 42 20 av
628 1690 56 29 det
706 1698 47 20 nu
778 1688 159 34 anförda,
962 1687 69 30 tala
1055 1689 72 27 mot
1151 1687 205 38 uttagandet
1380 1695 41 20 av
1445 1694 42 20 en
1510 1684 278 39 välfärdsavgift,

284 1734 65 29 har
368 1733 171 30 utskottet
558 1732 107 29 likväl
684 1731 75 29 icke
777 1731 93 29 velat
888 1730 165 29 motsätta
1073 1729 51 39 sig
1144 1729 165 38 förslaget
1329 1737 56 21 om
1404 1727 186 30 införande
1609 1736 42 21 av
1669 1736 43 20 en
1730 1726 60 38 dy-

285 1776 50 29 lik
357 1775 109 39 avgift
489 1774 150 30 framför
660 1774 61 29 allt
744 1773 78 29 med
844 1773 138 38 hänsyn
1004 1771 52 30 till
1079 1771 295 38 angelägenheten
1397 1779 41 21 av
1461 1771 50 28 att
1533 1768 257 30 välfärdsverk-

285 1817 183 30 samheten
489 1816 165 40 påbörjas
676 1815 12 29 i
709 1816 66 29 den
796 1814 200 39 föreslagna
1015 1812 256 40 jämförelsevis
1292 1812 219 39 blygsamma
1532 1810 258 39 omfattningen

285 1860 66 29 och
369 1859 76 29 icke
463 1858 201 40 ytterligare
682 1857 211 30 inskränkes
913 1866 41 20 av
972 1856 87 29 brist
1077 1855 46 40 på
1140 1855 121 29 medel.
1281 1855 177 29 Utskottet
1477 1853 101 39 utgår
1597 1852 193 30 emellertid

286 1902 95 29 ifrån
410 1903 50 28 att
488 1900 125 39 frågan
640 1908 56 21 om
723 1898 331 39 välfärdsavgiftens
1082 1897 188 39 uttagande
1297 1898 97 37 tages
1422 1896 110 29 under
1561 1894 231 41 omprövning

287 1953 43 21 av
347 1944 126 38 Kungl.
492 1943 115 38 Maj:t,
626 1942 116 29 därest
758 1941 150 29 redarna
925 1940 65 30 och
1007 1940 166 39 sjöfolket
1191 1939 111 29 skulle
1320 1938 198 31 framställa
1535 1937 181 31 önskemål
1735 1946 57 20 om

286 1988 51 27 att
358 1986 37 29 få
415 1986 117 29 lämna
552 1984 122 38 bidrag
693 1983 53 30 till
766 1982 291 30 välfärdsarbetet
1077 1982 11 28 i
1109 1990 116 21 annan
1246 1981 92 30 form
1359 1982 45 28 än
1425 1981 66 29 den
1512 1989 47 20 nu
1581 1980 208 37 föreslagna,

286 2028 67 29 och
377 2029 51 28 att
453 2027 125 39 Kungl.
604 2026 106 39 Maj:t
735 2026 110 29 under
871 2025 146 38 angiven
1043 2023 252 39 förutsättning
1320 2022 193 39 förelägger
1538 2021 187 40 riksdagen
1751 2021 40 29 de

287 2070 133 39 förslag
441 2069 52 30 till
514 2069 154 29 ändrade
688 2067 273 34 bestämmelser,
983 2075 74 21 som
1079 2066 121 29 kunna
1221 2065 117 29 finnas
1360 2064 175 40 lämpliga.

333 2147 13 29 I
369 2145 143 31 särskilt
532 2145 173 39 yttrande,
729 2144 95 39 fogat
847 2143 53 30 till
923 2142 205 35 utlåtandet,
1151 2142 145 30 anförde
1318 2142 81 29 herr
1424 2140 149 30 Olovson
1597 2140 11 29 i
1629 2139 163 30 Västerås

287 2196 108 30 bland
414 2197 107 28 annat
541 2195 167 39 följande,
730 2203 74 20 som
822 2193 12 29 i
853 2193 95 30 detta
967 2192 254 38 sammanhang
1240 2192 37 29 är
1297 2200 41 20 av
1358 2190 162 30 intresse:

334 2263 127 29 Vidare
482 2262 63 30 har
566 2262 60 39 jag
646 2261 96 29 inom
762 2261 172 29 utskottet
953 2260 112 39 yrkat,
1088 2261 51 28 att
1159 2258 187 39 riksdagen
1366 2257 76 30 icke
1464 2267 47 20 nu
1534 2257 112 29 skuile
1667 2258 126 37 antaga

287 2305 58 30 det
366 2305 12 29 i
399 2304 263 40 propositionen
684 2303 143 39 intagna
849 2302 167 38 förslaget
1037 2301 52 30 till
1112 2301 55 38 lag
1189 2310 56 20 om
1266 2299 148 39 avgifter
1436 2299 52 31 till
1509 2298 284 31 välfärdsanord-

288 2347 127 39 ningar
439 2347 54 29 för
518 2346 131 39 sjöfolk
672 2345 12 29 i
706 2345 118 30 hamn.
848 2345 66 29 Det
938 2352 101 31 synes
1064 2343 176 38 nämligen
1263 2351 84 21 vara
1370 2343 81 37 föga
1475 2341 177 30 rationellt
1675 2343 51 28 att
1749 2339 44 41 på

289 2389 188 39 föreslaget
493 2390 68 28 sätt
576 2388 182 29 inkassera
775 2387 18 30 2
809 2388 59 29 öre
883 2395 61 31 per
960 2395 81 21 man
1057 2385 64 30 och
1138 2386 65 37 dag
1218 2394 42 21 av
1273 2384 98 40 varje
1388 2384 127 30 svensk
1529 2384 140 38 sjöman
1683 2382 111 30 under

287 2431 62 34 tid,
374 2431 45 30 då
441 2431 71 30 han
535 2430 56 30 för
614 2430 132 30 utrikes
771 2429 70 30 fart
865 2428 90 30 varit
977 2427 221 30 inmönstrad
1220 2427 20 29 å
1263 2426 144 30 svenskt
1429 2425 275 39 handelsfartyg.
1728 2425 65 30 Det

288 2473 115 30 skulle
427 2472 106 31 också
557 2472 91 40 ligga
672 2480 43 21 en
739 2470 169 31 orättvisa
933 2470 11 29 i
969 2471 50 29 att
1044 2469 139 40 sjömän
1207 2469 12 29 i
1242 2468 133 30 inrikes
1401 2468 79 35 fart,
1507 2477 75 20 som
1606 2468 40 39 ju
1672 2468 120 29 kunna
