1904 2852
96 382 148 28 Utskottet.

285 144 38 30 12
689 145 108 29 Andra
822 145 222 35 lagutskottets
1066 146 164 29 utlåtande
1255 148 48 28 Nr
1324 152 49 26 29.

288 231 55 32 till
364 243 39 20 en
422 231 224 39 begränsning
665 244 42 20 av
727 233 55 32 det
800 233 94 32 antal
914 233 162 39 tillstånd,
1098 245 68 21 som
1187 234 180 39 lämnades,
1388 235 88 32 efter
1496 236 55 32 det
1570 236 226 39 uppskattade

289 281 143 33 behovet
453 293 42 21 av
519 282 162 33 anstalter
705 294 43 21 av
772 283 55 32 det
851 295 61 20 ena
938 283 80 33 eller
1042 283 103 33 andra
1171 284 119 38 slaget.

334 380 225 35 Beträffande
584 383 39 32 de
650 382 153 34 enskilda
829 383 371 40 förlossningshemmen
1228 385 112 32 finner
1364 384 164 34 utskottet
1564 387 75 32 med
1665 386 129 38 hänsyn

287 430 55 32 till
378 431 41 32 de
452 431 179 38 allvarliga
667 432 327 39 missförhållanden,
1033 446 70 19 som
1137 434 171 32 befunnits
1345 435 167 37 föreligga
1535 435 57 32 vid
1618 436 95 32 dessa
1738 447 56 20 an-

290 481 129 39 stalter,
447 482 318 40 koncessionstvång
789 484 80 32 böra
895 484 128 33 införas
1051 485 107 38 enligt
1184 486 38 32 de
1248 486 12 31 i
1287 486 233 38 föreliggande
1545 487 252 39 stadgeförslag

285 535 178 35 upptagna
481 533 300 33 bestämmelserna.
824 534 122 39 Någon
965 535 180 39 anledning
1163 539 50 29 att
1233 536 117 32 därvid
1369 537 195 38 undantaga
1582 538 128 32 mindre
1729 538 66 32 för-

288 581 243 39 lossningshem
550 595 100 27 synes
671 584 73 33 icke
763 596 83 21 vara
866 585 55 32 för
939 585 139 40 handen,
1100 586 137 33 särskilt
1258 598 68 21 som
1348 587 212 38 olägenheter
1581 588 103 32 oftast
1706 588 89 33 visat

288 632 54 40 sig
360 633 138 33 vidlåda
514 634 70 38 just
603 633 38 34 de
660 634 122 33 minsta
801 635 161 33 hemmen.
1003 635 172 35 Utskottet
1193 637 62 31 vill
1273 637 12 32 i
1306 637 90 32 detta
1417 638 241 38 sammanhang
1677 639 118 32 under-

289 683 121 39 stryka
434 684 380 38 departementschefens
838 686 184 39 uttalande,
1047 690 51 29 att
1119 687 342 39 medicinalstyrelsen
1485 688 58 32 vid
1566 688 166 38 prövning
1754 700 43 20 av

288 734 151 32 ansökan
461 745 51 21 om
534 735 155 32 tillstånd
711 739 52 29 att
783 736 129 32 inrätta
934 737 295 38 förlossningshem
1252 738 99 32 alltid
1373 738 60 32 bör
1453 738 151 33 inhämta
1627 738 168 39 yttrande,

287 784 102 33 bland
410 789 111 34 annat,
544 785 77 32 från
641 786 245 32 vederbörande
908 787 330 33 barnavårdsnämnd
1259 792 87 29 samt
1367 792 50 29 att
1437 788 56 32 vid
1515 788 218 33 bedömandet
1753 801 43 20 av

285 834 402 40 tillståndsansökningar
710 836 130 39 hänsyn
866 836 89 33 skall
978 841 95 35 tagas
1099 838 117 33 endast
1238 838 54 32 till
1316 838 61 33 den
1400 839 152 32 lämnade
1575 840 143 32 vårdens
1741 839 53 33 be-

288 885 198 34 skaffenhet
508 886 60 32 och
589 886 76 32 icke
687 886 53 33 till
762 887 142 32 behovet
926 899 42 21 av
991 887 118 39 dylika
1130 888 163 33 anstalter
1316 889 19 32 å
1358 889 262 39 ifrågavarande
1643 893 63 31 ort.

331 935 78 34 Vad
428 937 105 37 angår
552 937 38 32 de
611 937 151 32 enskilda
783 937 229 38 sjukhemmen
1032 938 167 38 föreligga
1220 939 104 32 andra
1346 939 231 33 förhållanden
1599 945 42 27 än
1661 941 12 31 i
1694 941 101 38 fråga

287 997 53 21 om
362 986 385 39 förlossningshemmen.
790 987 119 38 Några
932 988 314 33 missförhållanden
1269 1001 43 20 av
1334 989 60 33 den
1418 992 63 36 art,
1505 1002 68 20 som
1595 991 58 32 vid
1676 991 118 32 under-

287 1036 226 39 sökningarna
531 1038 21 31 å
570 1038 373 38 förlossningshemmen
961 1039 210 39 ådagalagts,
1190 1039 86 32 hava
1294 1039 74 33 icke
1385 1040 224 33 konstaterats
1627 1041 59 32 vid
1704 1041 90 38 sjuk-

287 1087 162 32 hemmen.
500 1086 183 39 Samtidigt
709 1099 68 20 som
805 1088 175 38 utskottet,
1010 1089 107 31 såsom
1145 1100 84 21 ovan
1256 1092 143 35 nämnts,
1429 1089 111 32 finner
1568 1090 226 38 föreskrifter,

284 1136 132 38 ägnade
435 1140 52 29 att
503 1137 201 39 möjliggöra
724 1150 39 20 en
783 1137 147 33 effektiv
948 1138 146 33 kontroll
1115 1143 78 28 över
1211 1138 238 40 sjukhemmen,
1469 1139 81 32 böra
1569 1140 223 38 genomföras,

284 1198 100 21 anser
405 1187 166 33 utskottet
593 1188 180 38 angeläget
794 1200 93 27 vara,
911 1192 52 29 att
985 1189 96 32 dessa
1105 1189 216 33 föreskrifter
1345 1189 74 33 icke
1443 1195 98 33 göras
1566 1202 88 20 mera
1680 1190 113 32 betun-

284 1237 110 37 gande
429 1242 41 27 än
504 1238 327 38 omständigheterna
863 1238 118 34 kräva.
1026 1239 68 32 För
1126 1239 38 32 de
1201 1244 104 28 större
1341 1240 228 38 sjukhemmen
1605 1253 98 26 synes
1740 1240 55 33 det

285 1287 195 38 föreslagna
525 1287 430 34 koncessionsförfarandet
999 1289 75 32 icke
1121 1289 114 33 kunna
1269 1290 153 32 medföra
1460 1291 106 37 några
1603 1291 190 38 väsentliga

286 1337 224 40 olägenheter,
550 1338 60 32 och
648 1338 38 32 de
712 1339 152 32 enskilda
893 1339 140 39 sjukhus
1062 1340 59 32 och
1148 1340 452 40 läkarsammanslutningar,
1630 1353 68 21 som
1726 1345 68 35 ytt-

284 1391 53 28 rat
367 1388 55 38 sig
452 1389 11 31 i
496 1388 144 39 ärendet,
672 1389 86 32 hava
791 1389 29 38 ej
854 1389 107 33 heller
988 1390 78 32 haft
1097 1391 102 37 något
1229 1394 53 28 att
1313 1391 110 32 erinra
1453 1395 71 29 mit
1553 1395 52 29 att
1638 1391 155 33 tillstånd

283 1449 43 20 av
351 1438 346 39 medicinalstyrelsen
736 1439 109 33 skulle
882 1440 133 33 fordras
1054 1440 55 32 för
1142 1440 191 33 inrättande
1371 1453 42 20 av
1450 1441 153 33 enskilda
1641 1441 152 39 sjukhem

285 1488 75 33 med
385 1489 101 32 minst
512 1489 66 32 fem
604 1489 222 39 vårdplatser.
876 1490 224 33 Beträffande
1127 1491 71 33 åter
1225 1492 38 32 de
1290 1492 127 32 mindre
1446 1492 228 38 sjukhemmen
1700 1493 94 32 torde

286 1538 196 40 skyldighet
514 1543 50 29 att
597 1540 59 33 hos
691 1540 342 39 medicinalstyrelsen
1069 1541 80 33 söka
1182 1542 155 32 tillstånd
1373 1542 53 32 till
1463 1543 95 32 deras
1593 1546 199 36 upprättan-

284 1589 40 32 de
364 1589 152 33 medföra
555 1590 118 32 alltför
714 1594 68 29 stor
822 1592 145 38 omgång
1005 1596 82 28 utan
1129 1596 51 28 att
1220 1593 105 32 denna
1353 1592 211 39 skyldighet
1604 1597 186 29 motsvaras

286 1652 42 19 av
368 1643 50 30 ett
456 1640 148 39 verkligt
644 1641 116 32 behov.
804 1641 175 33 Utskottet
1019 1643 61 31 vill
1122 1643 119 37 erinra,
1287 1647 50 28 att
1379 1644 11 31 i
1435 1643 142 38 stadgan
1622 1643 171 38 angående

287 1690 315 42 sinnessjukvården
632 1692 12 32 i
675 1692 87 32 riket
792 1693 61 32 den
885 1694 40 31 19
957 1694 183 38 september
1171 1695 84 31 1929
1287 1694 112 33 skilda
1428 1695 248 32 bestämmelser
1706 1695 87 32 med-

286 1740 106 33 delats
425 1741 53 32 för
507 1744 103 29 större
642 1742 59 32 och
732 1742 53 32 för
812 1742 130 33 mindre
969 1742 152 33 enskilda
1151 1743 163 38 sjukhem.
1368 1743 149 33 Sålunda
1547 1743 202 34 föreskrives
1779 1744 13 32 i

287 1792 63 32 118
378 1791 29 39 $,
434 1795 60 37 att,
521 1793 110 33 därest
655 1804 109 21 annan
791 1798 41 28 än
860 1798 77 34 stat,
965 1794 182 40 landsting,
1173 1795 157 32 kommun
1358 1795 80 33 eller
1462 1796 69 32 viss
1559 1796 232 33 sammanslut-

284 1842 82 39 ning
391 1842 63 33 vill
480 1843 94 33 driva
599 1843 159 32 vårdhem
786 1844 53 32 för
866 1844 221 39 sinnessjuka,
1113 1845 142 33 inrättat
1282 1846 54 32 för
1362 1845 160 40 samtidig
1546 1847 84 32 vård
1656 1859 42 20 av
1722 1859 71 20 mer

285 1898 41 26 än
349 1893 68 32 fem
440 1893 107 39 sjuka,
569 1894 154 32 tillstånd
745 1894 114 32 därtill
882 1894 88 33 skall
992 1895 95 32 sökas
1109 1895 58 32 hos
1189 1896 355 39 medicinalstyrelsen.
1588 1896 73 33 Vill
1682 1898 109 37 någon

283 1944 13 31 1
322 1944 115 38 övrigt
461 1948 69 28 mot
555 1944 174 39 betalning
754 1945 82 32 eller
863 1945 97 38 eljest
984 1945 13 32 i
1024 1945 248 39 förvärvssyfte
1297 1946 56 32 till
1378 1947 84 32 vård
1489 1950 151 35 mottaga
1668 1948 122 32 sinnes-

286 1994 78 38 sjuk
391 1994 61 33 och
478 1999 37 27 är
540 1994 30 39 ej
598 1995 101 38 fråga
726 2006 51 21 om
803 1995 228 33 kontrollerad
1059 1996 224 39 familjevård,
1312 1996 88 32 skall
1426 1997 65 32 han
1518 1997 136 38 jämlikt
1678 1998 65 31 125
1773 1996 19 40 8

284 2044 59 33 hos
369 2044 343 39 medicinalstyrelsen
740 2050 87 28 samt
851 2045 59 33 hos
937 2046 208 38 provinsial-,
1173 2050 93 28 extra
1291 2047 208 39 provinsial-,
1526 2048 157 38 köpings-
1711 2047 81 33 eller

281 2094 300 38 municipalläkare
609 2095 81 31 eller
715 2094 244 33 vederbörande
988 2095 53 32 för
1068 2095 75 32 stad
1169 2096 167 32 anställde
1362 2096 115 32 läkare
1510 2096 276 39 (tjänsteläkare)

283 2144 10 31 1
317 2145 61 32 den
402 2149 61 35 ort,
487 2146 59 32 där
566 2146 124 32 vården
714 2146 138 39 lämnas,
875 2151 82 33 göra
980 2146 153 40 skriftlig
1155 2148 154 32 anmälan
1334 2148 114 32 därom
1471 2148 61 33 sist
1553 2149 58 31 två
1632 2149 159 32 månader

283 2195 88 31 efter
391 2196 56 34 det
465 2195 251 33 verksamheten
737 2196 147 39 började.
928 2196 113 39 Något
1063 2197 74 32 skäl
1156 2200 51 30 att
1227 2198 216 33 beträffande
1464 2199 151 32 enskilda
1637 2199 152 39 sjukhem

284 2245 53 32 för
358 2245 213 40 kroppsvård
593 2247 111 32 införa
729 2250 175 35 strängare
926 2247 247 33 bestämmelser
1195 2252 42 28 än
1259 2248 10 31 i
1293 2249 100 37 fråga
1416 2261 51 20 om
1491 2249 153 33 enskilda
1666 2250 123 32 sinnes-

284 2295 154 38 sjukhem
460 2309 97 26 synes
579 2297 165 33 utskottet
764 2297 74 33 icke
860 2298 177 39 föreligga,
1059 2302 80 28 utan
1161 2298 92 32 torde
1275 2299 38 32 de
1335 2299 55 32 för
1411 2299 205 33 sistnämnda
1638 2300 151 38 sjukhem

283 2346 10 31 i
320 2346 220 34 förevarande
565 2348 161 32 avseende
749 2348 193 32 meddelade
966 2348 290 33 bestämmelserna
1281 2361 83 20 vara
1389 2350 128 38 ägnade
1541 2353 52 29 att
1617 2350 93 38 tjäna
1735 2350 55 33 till

284 2396 146 33 förebild
455 2398 53 31 för
532 2398 39 33 de
594 2398 151 32 enskilda
769 2398 228 38 sjukhemmen
1022 2399 53 32 för
1097 2398 192 39 kroppsligt
1314 2399 108 38 sjuka.

326 2447 175 34 Utskottet
529 2448 55 32 får
611 2448 102 33 alltså
741 2449 110 32 uttala
880 2449 60 32 den
968 2449 182 37 meningen,
1180 2453 50 28 att
1260 2449 55 32 det
1343 2450 193 38 föreslagna
1563 2450 224 34 koncessions-

281 2497 212 33 förfarandet
514 2498 59 33 bör
593 2499 133 32 komma
747 2499 54 31 till
823 2498 217 39 tillämpning
1062 2499 52 32 för
1137 2499 156 38 samtliga
1317 2500 151 32 enskilda
1492 2500 296 39 förlossningshem
