<?xml version="1.0" encoding="UTF-8"?>
<alto xmlns="http://www.loc.gov/standards/alto/ns-v3#" xmlns:xlink="http://www.w3.org/1999/xlink" xmlns:xsi="http://www.w3.org/2001/XMLSchema-instance" xsi:schemaLocation="http://www.loc.gov/standards/alto/ns-v3# http://www.loc.gov/alto/v3/alto-3-0.xsd">
	<Description>
		<MeasurementUnit>pixel</MeasurementUnit>
		<sourceImageInformation>
			<fileName>/tmp/tess_a006caa0_input.PNG</fileName>
		</sourceImageInformation>
		<OCRProcessing ID="OCR_0">
			<ocrProcessingStep>
				<processingSoftware>
					<softwareName>tesseract 5.3.0</softwareName>
				</processingSoftware>
			</ocrProcessingStep>
		</OCRProcessing>
	</Description>
	<Layout>
		<Page WIDTH="1880" HEIGHT="2848" PHYSICAL_IMG_NR="0" ID="page_0">
			<PrintSpace HPOS="0" VPOS="0" WIDTH="1880" HEIGHT="2848">
				<ComposedBlock ID="cblock_0" HPOS="508" VPOS="150" WIDTH="1054" HEIGHT="33">
					<TextBlock ID="block_0" HPOS="508" VPOS="150" WIDTH="1054" HEIGHT="33">
						<TextLine ID="line_0" HPOS="508" VPOS="150" WIDTH="1054" HEIGHT="33">
							<String ID="string_0" HPOS="508" VPOS="151" WIDTH="319" HEIGHT="32" WC="0.92" CONTENT="Bankoutskottets"/><SP WIDTH="27" VPOS="151" HPOS="827"/>
							<String ID="string_1" HPOS="854" VPOS="151" WIDTH="187" HEIGHT="31" WC="0.96" CONTENT="utlåtande"/><SP WIDTH="27" VPOS="151" HPOS="1041"/>
							<String ID="string_2" HPOS="1068" VPOS="150" WIDTH="53" HEIGHT="32" WC="0.94" CONTENT="Nr"/><SP WIDTH="21" VPOS="150" HPOS="1121"/>
							<String ID="string_3" HPOS="1142" VPOS="151" WIDTH="52" HEIGHT="30" WC="0.93" CONTENT="65."/><SP WIDTH="328" VPOS="151" HPOS="1194"/>
							<String ID="string_4" HPOS="1522" VPOS="150" WIDTH="40" HEIGHT="30" WC="0.93" CONTENT="15"/>
						</TextLine>
					</TextBlock>
				</ComposedBlock>
				<ComposedBlock ID="cblock_1" HPOS="98" VPOS="228" WIDTH="1510" HEIGHT="194">
					<TextBlock ID="block_1" HPOS="98" VPOS="228" WIDTH="1510" HEIGHT="194">
						<TextLine ID="line_1" HPOS="98" VPOS="228" WIDTH="1505" HEIGHT="39">
							<String ID="string_5" HPOS="98" VPOS="231" WIDTH="171" HEIGHT="36" WC="0.96" CONTENT="yttrande"/><SP WIDTH="28" VPOS="231" HPOS="269"/>
							<String ID="string_6" HPOS="297" VPOS="231" WIDTH="12" HEIGHT="30" WC="0.96" CONTENT="i"/><SP WIDTH="29" VPOS="231" HPOS="309"/>
							<String ID="string_7" HPOS="338" VPOS="230" WIDTH="157" HEIGHT="31" WC="0.96" CONTENT="ärendet."/><SP WIDTH="50" VPOS="230" HPOS="495"/>
							<String ID="string_8" HPOS="545" VPOS="229" WIDTH="181" HEIGHT="37" WC="0.90" CONTENT="Slutligen"/><SP WIDTH="30" VPOS="229" HPOS="726"/>
							<String ID="string_9" HPOS="756" VPOS="229" WIDTH="149" HEIGHT="32" WC="0.96" CONTENT="anförde"/><SP WIDTH="30" VPOS="229" HPOS="905"/>
							<String ID="string_10" HPOS="935" VPOS="229" WIDTH="184" HEIGHT="37" WC="0.96" CONTENT="utskottet,"/><SP WIDTH="30" VPOS="229" HPOS="1119"/>
							<String ID="string_11" HPOS="1149" VPOS="230" WIDTH="55" HEIGHT="29" WC="0.96" CONTENT="att"/><SP WIDTH="27" VPOS="230" HPOS="1204"/>
							<String ID="string_12" HPOS="1231" VPOS="229" WIDTH="112" HEIGHT="31" WC="0.96" CONTENT="under"/><SP WIDTH="31" VPOS="229" HPOS="1343"/>
							<String ID="string_13" HPOS="1374" VPOS="228" WIDTH="147" HEIGHT="31" WC="0.95" CONTENT="erinran"/><SP WIDTH="27" VPOS="228" HPOS="1521"/>
							<String ID="string_14" HPOS="1548" VPOS="229" WIDTH="55" HEIGHT="30" WC="0.96" CONTENT="att"/>
						</TextLine>
						<TextLine ID="line_2" HPOS="98" VPOS="279" WIDTH="1510" HEIGHT="40">
							<String ID="string_15" HPOS="98" VPOS="281" WIDTH="231" HEIGHT="38" WC="0.7" CONTENT="fullmäktige"/><SP WIDTH="28" VPOS="281" HPOS="329"/>
							<String ID="string_16" HPOS="357" VPOS="282" WIDTH="172" HEIGHT="36" WC="0.96" CONTENT="förordat,"/><SP WIDTH="27" VPOS="282" HPOS="529"/>
							<String ID="string_17" HPOS="556" VPOS="281" WIDTH="109" HEIGHT="32" WC="0.96" CONTENT="bland"/><SP WIDTH="27" VPOS="281" HPOS="665"/>
							<String ID="string_18" HPOS="692" VPOS="282" WIDTH="122" HEIGHT="37" WC="0.95" CONTENT="annat,"/><SP WIDTH="27" VPOS="282" HPOS="814"/>
							<String ID="string_19" HPOS="841" VPOS="291" WIDTH="43" HEIGHT="21" WC="0.96" CONTENT="en"/><SP WIDTH="27" VPOS="291" HPOS="884"/>
							<String ID="string_20" HPOS="911" VPOS="280" WIDTH="222" HEIGHT="37" WC="0.95" CONTENT="indragning"/><SP WIDTH="27" VPOS="280" HPOS="1133"/>
							<String ID="string_21" HPOS="1160" VPOS="290" WIDTH="46" HEIGHT="21" WC="0.95" CONTENT="av"/><SP WIDTH="29" VPOS="290" HPOS="1206"/>
							<String ID="string_22" HPOS="1235" VPOS="280" WIDTH="83" HEIGHT="36" WC="0.95" CONTENT="fyra"/><SP WIDTH="27" VPOS="280" HPOS="1318"/>
							<String ID="string_23" HPOS="1345" VPOS="279" WIDTH="181" HEIGHT="32" WC="0.93" CONTENT="ordinarie"/><SP WIDTH="28" VPOS="279" HPOS="1526"/>
							<String ID="string_24" HPOS="1554" VPOS="279" WIDTH="54" HEIGHT="31" WC="0.90" CONTENT="be-"/>
						</TextLine>
						<TextLine ID="line_3" HPOS="98" VPOS="332" WIDTH="1505" HEIGHT="39">
							<String ID="string_25" HPOS="98" VPOS="334" WIDTH="206" HEIGHT="37" WC="0.91" CONTENT="fattningar"/><SP WIDTH="20" VPOS="334" HPOS="304"/>
							<String ID="string_26" HPOS="324" VPOS="334" WIDTH="12" HEIGHT="31" WC="0.96" CONTENT="i"/><SP WIDTH="20" VPOS="334" HPOS="336"/>
							<String ID="string_27" HPOS="356" VPOS="334" WIDTH="75" HEIGHT="31" WC="0.93" CONTENT="16:e"/><SP WIDTH="19" VPOS="334" HPOS="431"/>
							<String ID="string_28" HPOS="450" VPOS="334" WIDTH="218" HEIGHT="36" WC="0.91" CONTENT="lönegraden"/><SP WIDTH="19" VPOS="334" HPOS="668"/>
							<String ID="string_29" HPOS="687" VPOS="333" WIDTH="64" HEIGHT="32" WC="0.96" CONTENT="vid"/><SP WIDTH="18" VPOS="333" HPOS="751"/>
							<String ID="string_30" HPOS="769" VPOS="333" WIDTH="299" HEIGHT="36" WC="0.95" CONTENT="huvudkontoret,"/><SP WIDTH="22" VPOS="333" HPOS="1068"/>
							<String ID="string_31" HPOS="1090" VPOS="333" WIDTH="55" HEIGHT="30" WC="0.96" CONTENT="att"/><SP WIDTH="20" VPOS="333" HPOS="1145"/>
							<String ID="string_32" HPOS="1165" VPOS="332" WIDTH="128" HEIGHT="31" WC="0.96" CONTENT="hinder"/><SP WIDTH="23" VPOS="332" HPOS="1293"/>
							<String ID="string_33" HPOS="1316" VPOS="332" WIDTH="77" HEIGHT="31" WC="0.96" CONTENT="icke"/><SP WIDTH="23" VPOS="332" HPOS="1393"/>
							<String ID="string_34" HPOS="1416" VPOS="332" WIDTH="108" HEIGHT="31" WC="0.96" CONTENT="mötte"/><SP WIDTH="24" VPOS="332" HPOS="1524"/>
							<String ID="string_35" HPOS="1548" VPOS="332" WIDTH="55" HEIGHT="30" WC="0.96" CONTENT="för"/>
						</TextLine>
						<TextLine ID="line_4" HPOS="99" VPOS="383" WIDTH="1442" HEIGHT="39">
							<String ID="string_36" HPOS="99" VPOS="385" WIDTH="229" HEIGHT="37" WC="0.96" CONTENT="fullmäktige"/><SP WIDTH="23" VPOS="385" HPOS="328"/>
							<String ID="string_37" HPOS="351" VPOS="387" WIDTH="55" HEIGHT="31" WC="0.96" CONTENT="att"/><SP WIDTH="25" VPOS="387" HPOS="406"/>
							<String ID="string_38" HPOS="431" VPOS="386" WIDTH="202" HEIGHT="31" WC="0.96" CONTENT="tillsvidare"/><SP WIDTH="23" VPOS="386" HPOS="633"/>
							<String ID="string_39" HPOS="656" VPOS="385" WIDTH="108" HEIGHT="31" WC="0.96" CONTENT="ställa"/><SP WIDTH="25" VPOS="385" HPOS="764"/>
							<String ID="string_40" HPOS="789" VPOS="384" WIDTH="282" HEIGHT="37" WC="0.96" CONTENT="ifrågavarande"/><SP WIDTH="25" VPOS="384" HPOS="1071"/>
							<String ID="string_41" HPOS="1096" VPOS="383" WIDTH="249" HEIGHT="37" WC="0.96" CONTENT="befattningar"/><SP WIDTH="26" VPOS="383" HPOS="1345"/>
							<String ID="string_42" HPOS="1371" VPOS="383" WIDTH="170" HEIGHT="31" WC="0.96" CONTENT="vakanta."/>
						</TextLine>
					</TextBlock>
				</ComposedBlock>
				<ComposedBlock ID="cblock_2" HPOS="358" VPOS="530" WIDTH="996" HEIGHT="39">
					<TextBlock ID="block_2" HPOS="358" VPOS="530" WIDTH="996" HEIGHT="39">
						<TextLine ID="line_5" HPOS="358" VPOS="530" WIDTH="996" HEIGHT="39">
							<String ID="string_43" HPOS="358" VPOS="532" WIDTH="181" HEIGHT="30" WC="0.96" CONTENT="Yttrande"/><SP WIDTH="23" VPOS="532" HPOS="539"/>
							<String ID="string_44" HPOS="562" VPOS="540" WIDTH="45" HEIGHT="21" WC="0.93" CONTENT="av"/><SP WIDTH="23" VPOS="540" HPOS="607"/>
							<String ID="string_45" HPOS="630" VPOS="532" WIDTH="273" HEIGHT="29" WC="0.91" CONTENT="lönenämnden"/><SP WIDTH="23" VPOS="532" HPOS="903"/>
							<String ID="string_46" HPOS="926" VPOS="531" WIDTH="59" HEIGHT="29" WC="0.96" CONTENT="för"/><SP WIDTH="23" VPOS="531" HPOS="985"/>
							<String ID="string_47" HPOS="1008" VPOS="530" WIDTH="221" HEIGHT="39" WC="0.96" CONTENT="riksdagens"/><SP WIDTH="24" VPOS="530" HPOS="1229"/>
							<String ID="string_48" HPOS="1253" VPOS="530" WIDTH="101" HEIGHT="29" WC="0.96" CONTENT="verk."/>
						</TextLine>
					</TextBlock>
				</ComposedBlock>
				<ComposedBlock ID="cblock_3" HPOS="99" VPOS="616" WIDTH="1512" HEIGHT="562">
					<TextBlock ID="block_3" HPOS="99" VPOS="616" WIDTH="1512" HEIGHT="405">
						<TextLine ID="line_6" HPOS="142" VPOS="616" WIDTH="1465" HEIGHT="37">
							<String ID="string_49" HPOS="142" VPOS="619" WIDTH="134" HEIGHT="31" WC="0.95" CONTENT="Genom"/><SP WIDTH="21" VPOS="619" HPOS="276"/>
							<String ID="string_50" HPOS="297" VPOS="619" WIDTH="117" HEIGHT="32" WC="0.95" CONTENT="beslut"/><SP WIDTH="23" VPOS="619" HPOS="414"/>
							<String ID="string_51" HPOS="437" VPOS="618" WIDTH="68" HEIGHT="32" WC="0.96" CONTENT="den"/><SP WIDTH="23" VPOS="618" HPOS="505"/>
							<String ID="string_52" HPOS="528" VPOS="619" WIDTH="38" HEIGHT="30" WC="0.96" CONTENT="17"/><SP WIDTH="22" VPOS="619" HPOS="566"/>
							<String ID="string_53" HPOS="588" VPOS="618" WIDTH="186" HEIGHT="32" WC="0.96" CONTENT="december"/><SP WIDTH="23" VPOS="618" HPOS="774"/>
							<String ID="string_54" HPOS="797" VPOS="619" WIDTH="78" HEIGHT="30" WC="0.93" CONTENT="1934"/><SP WIDTH="23" VPOS="619" HPOS="875"/>
							<String ID="string_55" HPOS="898" VPOS="617" WIDTH="144" HEIGHT="32" WC="0.92" CONTENT="anhöllo"/><SP WIDTH="25" VPOS="617" HPOS="1042"/>
							<String ID="string_56" HPOS="1067" VPOS="616" WIDTH="230" HEIGHT="37" WC="0.96" CONTENT="fullmäktige"/><SP WIDTH="24" VPOS="616" HPOS="1297"/>
							<String ID="string_57" HPOS="1321" VPOS="626" WIDTH="57" HEIGHT="21" WC="0.93" CONTENT="om"/><SP WIDTH="27" VPOS="626" HPOS="1378"/>
							<String ID="string_58" HPOS="1405" VPOS="616" WIDTH="202" HEIGHT="31" WC="0.91" CONTENT="lönenämn-"/>
						</TextLine>
						<TextLine ID="line_7" HPOS="99" VPOS="668" WIDTH="1508" HEIGHT="40">
							<String ID="string_59" HPOS="99" VPOS="671" WIDTH="88" HEIGHT="32" WC="0.96" CONTENT="dens"/><SP WIDTH="24" VPOS="671" HPOS="187"/>
							<String ID="string_60" HPOS="211" VPOS="672" WIDTH="56" HEIGHT="31" WC="0.96" CONTENT="för"/><SP WIDTH="22" VPOS="672" HPOS="267"/>
							<String ID="string_61" HPOS="289" VPOS="671" WIDTH="212" HEIGHT="37" WC="0.96" CONTENT="riksdagens"/><SP WIDTH="23" VPOS="671" HPOS="501"/>
							<String ID="string_62" HPOS="524" VPOS="671" WIDTH="86" HEIGHT="31" WC="0.96" CONTENT="verk"/><SP WIDTH="22" VPOS="671" HPOS="610"/>
							<String ID="string_63" HPOS="632" VPOS="670" WIDTH="169" HEIGHT="37" WC="0.96" CONTENT="yttrande"/><SP WIDTH="25" VPOS="670" HPOS="801"/>
							<String ID="string_64" HPOS="826" VPOS="672" WIDTH="85" HEIGHT="29" WC="0.96" CONTENT="över"/><SP WIDTH="22" VPOS="672" HPOS="911"/>
							<String ID="string_65" HPOS="933" VPOS="670" WIDTH="63" HEIGHT="31" WC="0.96" CONTENT="sitt"/><SP WIDTH="22" VPOS="670" HPOS="996"/>
							<String ID="string_66" HPOS="1018" VPOS="669" WIDTH="57" HEIGHT="31" WC="0.96" CONTENT="till"/><SP WIDTH="22" VPOS="669" HPOS="1075"/>
							<String ID="string_67" HPOS="1097" VPOS="669" WIDTH="78" HEIGHT="31" WC="0.95" CONTENT="1934"/><SP WIDTH="22" VPOS="669" HPOS="1175"/>
							<String ID="string_68" HPOS="1197" VPOS="670" WIDTH="60" HEIGHT="31" WC="0.92" CONTENT="års"/><SP WIDTH="19" VPOS="670" HPOS="1257"/>
							<String ID="string_69" HPOS="1276" VPOS="668" WIDTH="258" HEIGHT="32" WC="0.92" CONTENT="bankoutskott"/><SP WIDTH="21" VPOS="668" HPOS="1534"/>
							<String ID="string_70" HPOS="1555" VPOS="668" WIDTH="52" HEIGHT="31" WC="0.92" CONTENT="in-"/>
						</TextLine>
						<TextLine ID="line_8" HPOS="102" VPOS="720" WIDTH="1504" HEIGHT="40">
							<String ID="string_71" HPOS="102" VPOS="723" WIDTH="110" HEIGHT="37" WC="0.96" CONTENT="givna"/><SP WIDTH="27" VPOS="723" HPOS="212"/>
							<String ID="string_72" HPOS="239" VPOS="723" WIDTH="135" HEIGHT="37" WC="0.95" CONTENT="förslag"/><SP WIDTH="29" VPOS="723" HPOS="374"/>
							<String ID="string_73" HPOS="403" VPOS="724" WIDTH="112" HEIGHT="36" WC="0.96" CONTENT="jämte"/><SP WIDTH="26" VPOS="724" HPOS="515"/>
							<String ID="string_74" HPOS="541" VPOS="723" WIDTH="79" HEIGHT="31" WC="0.96" CONTENT="däri"/><SP WIDTH="25" VPOS="723" HPOS="620"/>
							<String ID="string_75" HPOS="645" VPOS="733" WIDTH="48" HEIGHT="20" WC="0.96" CONTENT="av"/><SP WIDTH="30" VPOS="733" HPOS="693"/>
							<String ID="string_76" HPOS="723" VPOS="722" WIDTH="229" HEIGHT="36" WC="0.96" CONTENT="fullmäktige"/><SP WIDTH="28" VPOS="722" HPOS="952"/>
							<String ID="string_77" HPOS="980" VPOS="721" WIDTH="60" HEIGHT="31" WC="0.96" CONTENT="vid"/><SP WIDTH="26" VPOS="721" HPOS="1040"/>
							<String ID="string_78" HPOS="1066" VPOS="720" WIDTH="268" HEIGHT="32" WC="0.93" CONTENT="sammanträde"/><SP WIDTH="26" VPOS="720" HPOS="1334"/>
							<String ID="string_79" HPOS="1360" VPOS="720" WIDTH="246" HEIGHT="31" WC="0.92" CONTENT="ovanberörda"/>
						</TextLine>
						<TextLine ID="line_9" HPOS="101" VPOS="772" WIDTH="1507" HEIGHT="41">
							<String ID="string_80" HPOS="101" VPOS="775" WIDTH="70" HEIGHT="38" WC="0.96" CONTENT="dag"/><SP WIDTH="26" VPOS="775" HPOS="171"/>
							<String ID="string_81" HPOS="197" VPOS="775" WIDTH="184" HEIGHT="32" WC="0.93" CONTENT="beslutade"/><SP WIDTH="29" VPOS="775" HPOS="381"/>
							<String ID="string_82" HPOS="410" VPOS="775" WIDTH="243" HEIGHT="37" WC="0.90" CONTENT="jämkningar."/><SP WIDTH="47" VPOS="775" HPOS="653"/>
							<String ID="string_83" HPOS="700" VPOS="773" WIDTH="238" HEIGHT="32" WC="0.95" CONTENT="Beträffande"/><SP WIDTH="28" VPOS="773" HPOS="938"/>
							<String ID="string_84" HPOS="966" VPOS="773" WIDTH="101" HEIGHT="32" WC="0.93" CONTENT="dessa"/><SP WIDTH="26" VPOS="773" HPOS="1067"/>
							<String ID="string_85" HPOS="1093" VPOS="772" WIDTH="236" HEIGHT="38" WC="0.91" CONTENT="jämkningar"/><SP WIDTH="25" VPOS="772" HPOS="1329"/>
							<String ID="string_86" HPOS="1354" VPOS="773" WIDTH="171" HEIGHT="31" WC="0.92" CONTENT="hänvisas"/><SP WIDTH="27" VPOS="773" HPOS="1525"/>
							<String ID="string_87" HPOS="1552" VPOS="772" WIDTH="56" HEIGHT="31" WC="0.95" CONTENT="till"/>
						</TextLine>
						<TextLine ID="line_10" HPOS="104" VPOS="824" WIDTH="1505" HEIGHT="40">
							<String ID="string_88" HPOS="104" VPOS="828" WIDTH="129" HEIGHT="31" WC="0.92" CONTENT="härvid"/><SP WIDTH="24" VPOS="828" HPOS="233"/>
							<String ID="string_89" HPOS="257" VPOS="827" WIDTH="100" HEIGHT="37" WC="0.92" CONTENT="fogat"/><SP WIDTH="23" VPOS="827" HPOS="357"/>
							<String ID="string_90" HPOS="380" VPOS="827" WIDTH="132" HEIGHT="37" WC="0.96" CONTENT="utdrag"/><SP WIDTH="24" VPOS="827" HPOS="512"/>
							<String ID="string_91" HPOS="536" VPOS="837" WIDTH="45" HEIGHT="21" WC="0.96" CONTENT="av"/><SP WIDTH="23" VPOS="837" HPOS="581"/>
							<String ID="string_92" HPOS="604" VPOS="826" WIDTH="180" HEIGHT="37" WC="0.96" CONTENT="protokoll"/><SP WIDTH="22" VPOS="826" HPOS="784"/>
							<String ID="string_93" HPOS="806" VPOS="826" WIDTH="61" HEIGHT="31" WC="0.96" CONTENT="vid"/><SP WIDTH="24" VPOS="826" HPOS="867"/>
							<String ID="string_94" HPOS="891" VPOS="825" WIDTH="248" HEIGHT="37" WC="0.95" CONTENT="fullmäktiges"/><SP WIDTH="24" VPOS="825" HPOS="1139"/>
							<String ID="string_95" HPOS="1163" VPOS="824" WIDTH="267" HEIGHT="32" WC="0.96" CONTENT="sammanträde"/><SP WIDTH="34" VPOS="824" HPOS="1430"/>
							<String ID="string_96" HPOS="1464" VPOS="824" WIDTH="145" HEIGHT="37" WC="0.96" CONTENT="(Bilaga"/>
						</TextLine>
						<TextLine ID="line_11" HPOS="100" VPOS="877" WIDTH="1511" HEIGHT="41">
							<String ID="string_97" HPOS="100" VPOS="880" WIDTH="59" HEIGHT="38" WC="0.82" CONTENT="A)."/><SP WIDTH="44" VPOS="880" HPOS="159"/>
							<String ID="string_98" HPOS="203" VPOS="880" WIDTH="197" HEIGHT="37" WC="0.96" CONTENT="Samtidigt"/><SP WIDTH="21" VPOS="880" HPOS="400"/>
							<String ID="string_99" HPOS="421" VPOS="880" WIDTH="230" HEIGHT="32" WC="0.96" CONTENT="remitterade"/><SP WIDTH="23" VPOS="880" HPOS="651"/>
							<String ID="string_100" HPOS="674" VPOS="879" WIDTH="230" HEIGHT="36" WC="0.95" CONTENT="fullmäktige"/><SP WIDTH="23" VPOS="879" HPOS="904"/>
							<String ID="string_101" HPOS="927" VPOS="878" WIDTH="56" HEIGHT="32" WC="0.96" CONTENT="till"/><SP WIDTH="24" VPOS="878" HPOS="983"/>
							<String ID="string_102" HPOS="1007" VPOS="877" WIDTH="180" HEIGHT="32" WC="0.96" CONTENT="nämnden"/><SP WIDTH="22" VPOS="877" HPOS="1187"/>
							<String ID="string_103" HPOS="1209" VPOS="887" WIDTH="44" HEIGHT="22" WC="0.96" CONTENT="en"/><SP WIDTH="22" VPOS="887" HPOS="1253"/>
							<String ID="string_104" HPOS="1275" VPOS="877" WIDTH="97" HEIGHT="32" WC="0.96" CONTENT="inom"/><SP WIDTH="22" VPOS="877" HPOS="1372"/>
							<String ID="string_105" HPOS="1394" VPOS="877" WIDTH="217" HEIGHT="31" WC="0.96" CONTENT="riksbanken"/>
						</TextLine>
						<TextLine ID="line_12" HPOS="101" VPOS="928" WIDTH="1507" HEIGHT="41">
							<String ID="string_106" HPOS="101" VPOS="932" WIDTH="208" HEIGHT="37" WC="0.96" CONTENT="verkställd,"/><SP WIDTH="22" VPOS="932" HPOS="309"/>
							<String ID="string_107" HPOS="331" VPOS="932" WIDTH="68" HEIGHT="31" WC="0.96" CONTENT="den"/><SP WIDTH="22" VPOS="932" HPOS="399"/>
							<String ID="string_108" HPOS="421" VPOS="932" WIDTH="38" HEIGHT="31" WC="0.96" CONTENT="13"/><SP WIDTH="22" VPOS="932" HPOS="459"/>
							<String ID="string_109" HPOS="481" VPOS="931" WIDTH="184" HEIGHT="32" WC="0.96" CONTENT="december"/><SP WIDTH="21" VPOS="931" HPOS="665"/>
							<String ID="string_110" HPOS="686" VPOS="931" WIDTH="79" HEIGHT="31" WC="0.93" CONTENT="1934"/><SP WIDTH="22" VPOS="931" HPOS="765"/>
							<String ID="string_111" HPOS="787" VPOS="930" WIDTH="225" HEIGHT="38" WC="0.92" CONTENT="dagtecknad"/><SP WIDTH="22" VPOS="930" HPOS="1012"/>
							<String ID="string_112" HPOS="1034" VPOS="929" WIDTH="195" HEIGHT="37" WC="0.96" CONTENT="utredning"/><SP WIDTH="23" VPOS="929" HPOS="1229"/>
							<String ID="string_113" HPOS="1252" VPOS="929" WIDTH="153" HEIGHT="31" WC="0.93" CONTENT="rörande"/><SP WIDTH="21" VPOS="929" HPOS="1405"/>
							<String ID="string_114" HPOS="1426" VPOS="928" WIDTH="182" HEIGHT="37" WC="0.91" CONTENT="organisa-"/>
						</TextLine>
						<TextLine ID="line_13" HPOS="102" VPOS="984" WIDTH="819" HEIGHT="37">
							<String ID="string_115" HPOS="102" VPOS="986" WIDTH="122" HEIGHT="31" WC="0.96" CONTENT="tionen"/><SP WIDTH="21" VPOS="986" HPOS="224"/>
							<String ID="string_116" HPOS="245" VPOS="996" WIDTH="45" HEIGHT="21" WC="0.95" CONTENT="av"/><SP WIDTH="22" VPOS="996" HPOS="290"/>
							<String ID="string_117" HPOS="312" VPOS="985" WIDTH="236" HEIGHT="31" WC="0.96" CONTENT="riksbankens"/><SP WIDTH="21" VPOS="985" HPOS="548"/>
							<String ID="string_118" HPOS="569" VPOS="984" WIDTH="352" HEIGHT="37" WC="0.96" CONTENT="avdelningskontor."/>
						</TextLine>
					</TextBlock>
					<TextBlock ID="block_4" HPOS="102" VPOS="1032" WIDTH="1507" HEIGHT="146">
						<TextLine ID="line_14" HPOS="143" VPOS="1032" WIDTH="1466" HEIGHT="41">
							<String ID="string_119" HPOS="143" VPOS="1037" WIDTH="277" HEIGHT="32" WC="0.96" CONTENT="Lönenämnden"/><SP WIDTH="24" VPOS="1037" HPOS="420"/>
							<String ID="string_120" HPOS="444" VPOS="1045" WIDTH="119" HEIGHT="28" WC="0.96" CONTENT="avgav"/><SP WIDTH="23" VPOS="1045" HPOS="563"/>
							<String ID="string_121" HPOS="586" VPOS="1036" WIDTH="68" HEIGHT="31" WC="0.96" CONTENT="den"/><SP WIDTH="25" VPOS="1036" HPOS="654"/>
							<String ID="string_122" HPOS="679" VPOS="1036" WIDTH="39" HEIGHT="31" WC="0.96" CONTENT="20"/><SP WIDTH="22" VPOS="1036" HPOS="718"/>
							<String ID="string_123" HPOS="740" VPOS="1035" WIDTH="185" HEIGHT="32" WC="0.96" CONTENT="december"/><SP WIDTH="23" VPOS="1035" HPOS="925"/>
							<String ID="string_124" HPOS="948" VPOS="1035" WIDTH="78" HEIGHT="31" WC="0.95" CONTENT="1934"/><SP WIDTH="23" VPOS="1035" HPOS="1026"/>
							<String ID="string_125" HPOS="1049" VPOS="1033" WIDTH="172" HEIGHT="38" WC="0.96" CONTENT="yttrande"/><SP WIDTH="23" VPOS="1033" HPOS="1221"/>
							<String ID="string_126" HPOS="1244" VPOS="1034" WIDTH="13" HEIGHT="30" WC="0.95" CONTENT="i"/><SP WIDTH="26" VPOS="1034" HPOS="1257"/>
							<String ID="string_127" HPOS="1283" VPOS="1033" WIDTH="43" HEIGHT="32" WC="0.95" CONTENT="de"/><SP WIDTH="23" VPOS="1033" HPOS="1326"/>
							<String ID="string_128" HPOS="1349" VPOS="1033" WIDTH="58" HEIGHT="31" WC="0.96" CONTENT="till"/><SP WIDTH="23" VPOS="1033" HPOS="1407"/>
							<String ID="string_129" HPOS="1430" VPOS="1032" WIDTH="179" HEIGHT="32" WC="0.96" CONTENT="nämnden"/>
						</TextLine>
						<TextLine ID="line_15" HPOS="102" VPOS="1085" WIDTH="1507" HEIGHT="41">
							<String ID="string_130" HPOS="102" VPOS="1090" WIDTH="224" HEIGHT="36" WC="0.91" CONTENT="hänskjutna"/><SP WIDTH="28" VPOS="1090" HPOS="326"/>
							<String ID="string_131" HPOS="354" VPOS="1089" WIDTH="183" HEIGHT="36" WC="0.95" CONTENT="frågorna."/><SP WIDTH="45" VPOS="1089" HPOS="537"/>
							<String ID="string_132" HPOS="582" VPOS="1087" WIDTH="240" HEIGHT="32" WC="0.96" CONTENT="Beträffande"/><SP WIDTH="27" VPOS="1087" HPOS="822"/>
							<String ID="string_133" HPOS="849" VPOS="1086" WIDTH="247" HEIGHT="37" WC="0.96" CONTENT="fullmäktiges"/><SP WIDTH="28" VPOS="1086" HPOS="1096"/>
							<String ID="string_134" HPOS="1124" VPOS="1085" WIDTH="136" HEIGHT="38" WC="0.95" CONTENT="förslag"/><SP WIDTH="29" VPOS="1085" HPOS="1260"/>
							<String ID="string_135" HPOS="1289" VPOS="1085" WIDTH="57" HEIGHT="32" WC="0.95" CONTENT="till"/><SP WIDTH="25" VPOS="1085" HPOS="1346"/>
							<String ID="string_136" HPOS="1371" VPOS="1085" WIDTH="199" HEIGHT="36" WC="0.96" CONTENT="ändringar"/><SP WIDTH="27" VPOS="1085" HPOS="1570"/>
							<String ID="string_137" HPOS="1597" VPOS="1085" WIDTH="12" HEIGHT="30" WC="0.96" CONTENT="i"/>
						</TextLine>
						<TextLine ID="line_16" HPOS="104" VPOS="1136" WIDTH="1445" HEIGHT="42">
							<String ID="string_138" HPOS="104" VPOS="1141" WIDTH="167" HEIGHT="37" WC="0.93" CONTENT="gällande"/><SP WIDTH="21" VPOS="1141" HPOS="271"/>
							<String ID="string_139" HPOS="292" VPOS="1140" WIDTH="410" HEIGHT="38" WC="0.91" CONTENT="avlöningsreglemente"/><SP WIDTH="23" VPOS="1140" HPOS="702"/>
							<String ID="string_140" HPOS="725" VPOS="1149" WIDTH="45" HEIGHT="22" WC="0.91" CONTENT="m."/><SP WIDTH="23" VPOS="1149" HPOS="770"/>
							<String ID="string_141" HPOS="793" VPOS="1149" WIDTH="44" HEIGHT="24" WC="0.81" CONTENT="m,"/><SP WIDTH="23" VPOS="1149" HPOS="837"/>
							<String ID="string_142" HPOS="860" VPOS="1140" WIDTH="67" HEIGHT="30" WC="0.93" CONTENT="har"/><SP WIDTH="20" VPOS="1140" HPOS="927"/>
							<String ID="string_143" HPOS="947" VPOS="1138" WIDTH="262" HEIGHT="32" WC="0.80" CONTENT="lönenämnden"/><SP WIDTH="21" VPOS="1138" HPOS="1209"/>
							<String ID="string_144" HPOS="1230" VPOS="1138" WIDTH="123" HEIGHT="31" WC="0.95" CONTENT="anfört"/><SP WIDTH="22" VPOS="1138" HPOS="1353"/>
							<String ID="string_145" HPOS="1375" VPOS="1136" WIDTH="174" HEIGHT="38" WC="0.96" CONTENT="följande:"/>
						</TextLine>
					</TextBlock>
				</ComposedBlock>
				<ComposedBlock ID="cblock_4" HPOS="103" VPOS="1189" WIDTH="1511" HEIGHT="1307">
					<TextBlock ID="block_5" HPOS="104" VPOS="1189" WIDTH="1506" HEIGHT="129">
						<TextLine ID="line_17" HPOS="145" VPOS="1189" WIDTH="1465" HEIGHT="40">
							<String ID="string_146" HPOS="145" VPOS="1205" WIDTH="14" HEIGHT="17" WC="0.92" CONTENT="»"/><SP WIDTH="4" VPOS="1205" HPOS="159"/>
							<String ID="string_147" HPOS="163" VPOS="1192" WIDTH="81" HEIGHT="32" WC="0.96" CONTENT="Vad"/><SP WIDTH="26" VPOS="1192" HPOS="244"/>
							<String ID="string_148" HPOS="270" VPOS="1194" WIDTH="91" HEIGHT="31" WC="0.96" CONTENT="först"/><SP WIDTH="26" VPOS="1194" HPOS="361"/>
							<String ID="string_149" HPOS="387" VPOS="1194" WIDTH="115" HEIGHT="35" WC="0.95" CONTENT="angår"/><SP WIDTH="30" VPOS="1194" HPOS="502"/>
							<String ID="string_150" HPOS="532" VPOS="1192" WIDTH="249" HEIGHT="36" WC="0.94" CONTENT="fullmäktiges"/><SP WIDTH="27" VPOS="1192" HPOS="781"/>
							<String ID="string_151" HPOS="808" VPOS="1191" WIDTH="137" HEIGHT="36" WC="0.95" CONTENT="förslag"/><SP WIDTH="27" VPOS="1191" HPOS="945"/>
							<String ID="string_152" HPOS="972" VPOS="1190" WIDTH="151" HEIGHT="32" WC="0.96" CONTENT="rörande"/><SP WIDTH="26" VPOS="1190" HPOS="1123"/>
							<String ID="string_153" HPOS="1149" VPOS="1189" WIDTH="156" HEIGHT="38" WC="0.96" CONTENT="ändring"/><SP WIDTH="29" VPOS="1189" HPOS="1305"/>
							<String ID="string_154" HPOS="1334" VPOS="1199" WIDTH="45" HEIGHT="21" WC="0.93" CONTENT="av"/><SP WIDTH="28" VPOS="1199" HPOS="1379"/>
							<String ID="string_155" HPOS="1407" VPOS="1189" WIDTH="203" HEIGHT="36" WC="0.90" CONTENT="avlönings-"/>
						</TextLine>
						<TextLine ID="line_18" HPOS="104" VPOS="1232" WIDTH="1506" HEIGHT="41">
							<String ID="string_156" HPOS="104" VPOS="1237" WIDTH="232" HEIGHT="36" WC="0.93" CONTENT="reglementet"/><SP WIDTH="22" VPOS="1237" HPOS="336"/>
							<String ID="string_157" HPOS="358" VPOS="1248" WIDTH="44" HEIGHT="20" WC="0.90" CONTENT="m."/><SP WIDTH="23" VPOS="1248" HPOS="402"/>
							<String ID="string_158" HPOS="425" VPOS="1247" WIDTH="45" HEIGHT="21" WC="0.90" CONTENT="m."/><SP WIDTH="20" VPOS="1247" HPOS="470"/>
							<String ID="string_159" HPOS="490" VPOS="1237" WIDTH="67" HEIGHT="31" WC="0.96" CONTENT="har"/><SP WIDTH="21" VPOS="1237" HPOS="557"/>
							<String ID="string_160" HPOS="578" VPOS="1236" WIDTH="200" HEIGHT="31" WC="0.95" CONTENT="detsamma"/><SP WIDTH="20" VPOS="1236" HPOS="778"/>
							<String ID="string_161" HPOS="798" VPOS="1236" WIDTH="12" HEIGHT="30" WC="0.96" CONTENT="i"/><SP WIDTH="22" VPOS="1236" HPOS="810"/>
							<String ID="string_162" HPOS="832" VPOS="1234" WIDTH="161" HEIGHT="38" WC="0.96" CONTENT="följande"/><SP WIDTH="20" VPOS="1234" HPOS="993"/>
							<String ID="string_163" HPOS="1013" VPOS="1233" WIDTH="200" HEIGHT="32" WC="0.95" CONTENT="avseenden"/><SP WIDTH="23" VPOS="1233" HPOS="1213"/>
							<String ID="string_164" HPOS="1236" VPOS="1233" WIDTH="93" HEIGHT="37" WC="0.93" CONTENT="givit"/><SP WIDTH="20" VPOS="1233" HPOS="1329"/>
							<String ID="string_165" HPOS="1349" VPOS="1232" WIDTH="261" HEIGHT="32" WC="0.91" CONTENT="lönenämnden"/>
						</TextLine>
						<TextLine ID="line_19" HPOS="104" VPOS="1278" WIDTH="857" HEIGHT="40">
							<String ID="string_166" HPOS="104" VPOS="1281" WIDTH="195" HEIGHT="37" WC="0.96" CONTENT="anledning"/><SP WIDTH="23" VPOS="1281" HPOS="299"/>
							<String ID="string_167" HPOS="322" VPOS="1281" WIDTH="57" HEIGHT="32" WC="0.93" CONTENT="till"/><SP WIDTH="24" VPOS="1281" HPOS="379"/>
							<String ID="string_168" HPOS="403" VPOS="1281" WIDTH="206" HEIGHT="36" WC="0.91" CONTENT="erinringar"/><SP WIDTH="21" VPOS="1281" HPOS="609"/>
							<String ID="string_169" HPOS="630" VPOS="1280" WIDTH="88" HEIGHT="31" WC="0.96" CONTENT="eller"/><SP WIDTH="22" VPOS="1280" HPOS="718"/>
							<String ID="string_170" HPOS="740" VPOS="1278" WIDTH="221" HEIGHT="32" WC="0.96" CONTENT="uttalanden."/>
						</TextLine>
					</TextBlock>
					<TextBlock ID="block_6" HPOS="103" VPOS="1320" WIDTH="1507" HEIGHT="303">
						<TextLine ID="line_20" HPOS="143" VPOS="1320" WIDTH="1467" HEIGHT="41">
							<String ID="string_171" HPOS="143" VPOS="1324" WIDTH="127" HEIGHT="37" WC="0.96" CONTENT="Enligt"/><SP WIDTH="22" VPOS="1324" HPOS="270"/>
							<String ID="string_172" HPOS="292" VPOS="1323" WIDTH="248" HEIGHT="37" WC="0.96" CONTENT="fullmäktiges"/><SP WIDTH="21" VPOS="1323" HPOS="540"/>
							<String ID="string_173" HPOS="561" VPOS="1324" WIDTH="136" HEIGHT="36" WC="0.95" CONTENT="förslag"/><SP WIDTH="21" VPOS="1324" HPOS="697"/>
							<String ID="string_174" HPOS="718" VPOS="1323" WIDTH="114" HEIGHT="32" WC="0.93" CONTENT="skulle"/><SP WIDTH="22" VPOS="1323" HPOS="832"/>
							<String ID="string_175" HPOS="854" VPOS="1321" WIDTH="276" HEIGHT="33" WC="0.91" CONTENT="föreståndarna"/><SP WIDTH="21" VPOS="1321" HPOS="1130"/>
							<String ID="string_176" HPOS="1151" VPOS="1322" WIDTH="56" HEIGHT="30" WC="0.96" CONTENT="för"/><SP WIDTH="22" VPOS="1322" HPOS="1207"/>
							<String ID="string_177" HPOS="1229" VPOS="1321" WIDTH="247" HEIGHT="36" WC="0.93" CONTENT="fullmäktiges"/><SP WIDTH="21" VPOS="1321" HPOS="1476"/>
							<String ID="string_178" HPOS="1497" VPOS="1320" WIDTH="113" HEIGHT="32" WC="0.90" CONTENT="sekre-"/>
						</TextLine>
						<TextLine ID="line_21" HPOS="103" VPOS="1363" WIDTH="1507" HEIGHT="42">
							<String ID="string_179" HPOS="103" VPOS="1369" WIDTH="122" HEIGHT="36" WC="0.93" CONTENT="tariat,"/><SP WIDTH="23" VPOS="1369" HPOS="225"/>
							<String ID="string_180" HPOS="248" VPOS="1369" WIDTH="204" HEIGHT="31" WC="0.96" CONTENT="statistiska"/><SP WIDTH="20" VPOS="1369" HPOS="452"/>
							<String ID="string_181" HPOS="472" VPOS="1367" WIDTH="240" HEIGHT="37" WC="0.96" CONTENT="avdelningen"/><SP WIDTH="23" VPOS="1367" HPOS="712"/>
							<String ID="string_182" HPOS="735" VPOS="1368" WIDTH="93" HEIGHT="30" WC="0.93" CONTENT="samt"/><SP WIDTH="20" VPOS="1368" HPOS="828"/>
							<String ID="string_183" HPOS="848" VPOS="1366" WIDTH="133" HEIGHT="31" WC="0.92" CONTENT="kredit-"/><SP WIDTH="24" VPOS="1366" HPOS="981"/>
							<String ID="string_184" HPOS="1005" VPOS="1366" WIDTH="66" HEIGHT="30" WC="0.92" CONTENT="och"/><SP WIDTH="22" VPOS="1366" HPOS="1071"/>
							<String ID="string_185" HPOS="1093" VPOS="1364" WIDTH="424" HEIGHT="37" WC="0.89" CONTENT="valutaavdelningarna,"/><SP WIDTH="22" VPOS="1364" HPOS="1517"/>
							<String ID="string_186" HPOS="1539" VPOS="1363" WIDTH="71" HEIGHT="32" WC="0.91" CONTENT="till-"/>
						</TextLine>
						<TextLine ID="line_22" HPOS="103" VPOS="1407" WIDTH="1507" HEIGHT="41">
							<String ID="string_187" HPOS="103" VPOS="1413" WIDTH="115" HEIGHT="30" WC="0.96" CONTENT="sättas"/><SP WIDTH="49" VPOS="1413" HPOS="218"/>
							<String ID="string_188" HPOS="267" VPOS="1420" WIDTH="126" HEIGHT="28" WC="0.95" CONTENT="genom"/><SP WIDTH="39" VPOS="1420" HPOS="393"/>
							<String ID="string_189" HPOS="432" VPOS="1410" WIDTH="251" HEIGHT="33" WC="0.94" CONTENT="förordnande."/><SP WIDTH="49" VPOS="1410" HPOS="683"/>
							<String ID="string_190" HPOS="732" VPOS="1410" WIDTH="132" HEIGHT="32" WC="0.96" CONTENT="Genom"/><SP WIDTH="28" VPOS="1410" HPOS="864"/>
							<String ID="string_191" HPOS="892" VPOS="1409" WIDTH="67" HEIGHT="32" WC="0.96" CONTENT="den"/><SP WIDTH="28" VPOS="1409" HPOS="959"/>
							<String ID="string_192" HPOS="987" VPOS="1409" WIDTH="206" HEIGHT="36" WC="0.96" CONTENT="föreslagna"/><SP WIDTH="28" VPOS="1409" HPOS="1193"/>
							<String ID="string_193" HPOS="1221" VPOS="1408" WIDTH="248" HEIGHT="36" WC="0.95" CONTENT="anordningen"/><SP WIDTH="28" VPOS="1408" HPOS="1469"/>
							<String ID="string_194" HPOS="1497" VPOS="1407" WIDTH="113" HEIGHT="32" WC="0.94" CONTENT="skulle"/>
						</TextLine>
						<TextLine ID="line_23" HPOS="106" VPOS="1451" WIDTH="1504" HEIGHT="42">
							<String ID="string_195" HPOS="106" VPOS="1456" WIDTH="230" HEIGHT="37" WC="0.95" CONTENT="fullmäktige"/><SP WIDTH="29" VPOS="1456" HPOS="336"/>
							<String ID="string_196" HPOS="365" VPOS="1455" WIDTH="150" HEIGHT="32" WC="0.96" CONTENT="beredas"/><SP WIDTH="27" VPOS="1455" HPOS="515"/>
							<String ID="string_197" HPOS="542" VPOS="1456" WIDTH="115" HEIGHT="30" WC="0.96" CONTENT="större"/><SP WIDTH="28" VPOS="1456" HPOS="657"/>
							<String ID="string_198" HPOS="685" VPOS="1454" WIDTH="112" HEIGHT="31" WC="0.96" CONTENT="frihet"/><SP WIDTH="26" VPOS="1454" HPOS="797"/>
							<String ID="string_199" HPOS="823" VPOS="1454" WIDTH="62" HEIGHT="31" WC="0.96" CONTENT="vid"/><SP WIDTH="27" VPOS="1454" HPOS="885"/>
							<String ID="string_200" HPOS="912" VPOS="1452" WIDTH="241" HEIGHT="32" WC="0.96" CONTENT="tillsättandet"/><SP WIDTH="27" VPOS="1452" HPOS="1153"/>
							<String ID="string_201" HPOS="1180" VPOS="1462" WIDTH="47" HEIGHT="21" WC="0.96" CONTENT="av"/><SP WIDTH="26" VPOS="1462" HPOS="1227"/>
							<String ID="string_202" HPOS="1253" VPOS="1451" WIDTH="158" HEIGHT="32" WC="0.93" CONTENT="nämnda"/><SP WIDTH="27" VPOS="1451" HPOS="1411"/>
							<String ID="string_203" HPOS="1438" VPOS="1451" WIDTH="172" HEIGHT="31" WC="0.92" CONTENT="förestån-"/>
						</TextLine>
						<TextLine ID="line_24" HPOS="103" VPOS="1494" WIDTH="1507" HEIGHT="42">
							<String ID="string_204" HPOS="103" VPOS="1500" WIDTH="224" HEIGHT="36" WC="0.92" CONTENT="dartjänster"/><SP WIDTH="21" VPOS="1500" HPOS="327"/>
							<String ID="string_205" HPOS="348" VPOS="1502" WIDTH="46" HEIGHT="29" WC="0.96" CONTENT="än"/><SP WIDTH="22" VPOS="1502" HPOS="394"/>
							<String ID="string_206" HPOS="416" VPOS="1508" WIDTH="75" HEIGHT="22" WC="0.96" CONTENT="som"/><SP WIDTH="21" VPOS="1508" HPOS="491"/>
							<String ID="string_207" HPOS="512" VPOS="1499" WIDTH="103" HEIGHT="36" WC="0.96" CONTENT="eljest"/><SP WIDTH="24" VPOS="1499" HPOS="615"/>
							<String ID="string_208" HPOS="639" VPOS="1499" WIDTH="117" HEIGHT="30" WC="0.96" CONTENT="såsom"/><SP WIDTH="22" VPOS="1499" HPOS="756"/>
							<String ID="string_209" HPOS="778" VPOS="1497" WIDTH="96" HEIGHT="37" WC="0.95" CONTENT="regel"/><SP WIDTH="21" VPOS="1497" HPOS="874"/>
							<String ID="string_210" HPOS="895" VPOS="1506" WIDTH="84" HEIGHT="21" WC="0.96" CONTENT="vore"/><SP WIDTH="20" VPOS="1506" HPOS="979"/>
							<String ID="string_211" HPOS="999" VPOS="1496" WIDTH="155" HEIGHT="36" WC="0.96" CONTENT="möjligt,"/><SP WIDTH="24" VPOS="1496" HPOS="1154"/>
							<String ID="string_212" HPOS="1178" VPOS="1496" WIDTH="179" HEIGHT="35" WC="0.96" CONTENT="varjämte"/><SP WIDTH="24" VPOS="1496" HPOS="1357"/>
							<String ID="string_213" HPOS="1381" VPOS="1494" WIDTH="229" HEIGHT="37" WC="0.95" CONTENT="fullmäktige"/>
						</TextLine>
						<TextLine ID="line_25" HPOS="103" VPOS="1538" WIDTH="1507" HEIGHT="40">
							<String ID="string_214" HPOS="103" VPOS="1544" WIDTH="118" HEIGHT="32" WC="0.96" CONTENT="skulle"/><SP WIDTH="29" VPOS="1544" HPOS="221"/>
							<String ID="string_215" HPOS="250" VPOS="1543" WIDTH="139" HEIGHT="32" WC="0.96" CONTENT="erhålla"/><SP WIDTH="29" VPOS="1543" HPOS="389"/>
							<String ID="string_216" HPOS="418" VPOS="1542" WIDTH="93" HEIGHT="32" WC="0.96" CONTENT="ökad"/><SP WIDTH="29" VPOS="1542" HPOS="511"/>
							<String ID="string_217" HPOS="540" VPOS="1542" WIDTH="191" HEIGHT="36" WC="0.95" CONTENT="möjlighet"/><SP WIDTH="29" VPOS="1542" HPOS="731"/>
							<String ID="string_218" HPOS="760" VPOS="1542" WIDTH="53" HEIGHT="30" WC="0.92" CONTENT="att"/><SP WIDTH="29" VPOS="1542" HPOS="813"/>
							<String ID="string_219" HPOS="842" VPOS="1540" WIDTH="181" HEIGHT="36" WC="0.91" CONTENT="entlediga"/><SP WIDTH="29" VPOS="1540" HPOS="1023"/>
							<String ID="string_220" HPOS="1052" VPOS="1539" WIDTH="346" HEIGHT="37" WC="0.91" CONTENT="tjänstinnehavare,"/><SP WIDTH="30" VPOS="1539" HPOS="1398"/>
							<String ID="string_221" HPOS="1428" VPOS="1548" WIDTH="75" HEIGHT="22" WC="0.91" CONTENT="som"/><SP WIDTH="30" VPOS="1548" HPOS="1503"/>
							<String ID="string_222" HPOS="1533" VPOS="1538" WIDTH="77" HEIGHT="31" WC="0.91" CONTENT="fun-"/>
						</TextLine>
						<TextLine ID="line_26" HPOS="104" VPOS="1582" WIDTH="1447" HEIGHT="41">
							<String ID="string_223" HPOS="104" VPOS="1588" WIDTH="73" HEIGHT="31" WC="0.92" CONTENT="nits"/><SP WIDTH="22" VPOS="1588" HPOS="177"/>
							<String ID="string_224" HPOS="199" VPOS="1587" WIDTH="77" HEIGHT="32" WC="0.95" CONTENT="icke"/><SP WIDTH="21" VPOS="1587" HPOS="276"/>
							<String ID="string_225" HPOS="297" VPOS="1587" WIDTH="123" HEIGHT="31" WC="0.96" CONTENT="kunna"/><SP WIDTH="21" VPOS="1587" HPOS="420"/>
							<String ID="string_226" HPOS="441" VPOS="1588" WIDTH="47" HEIGHT="35" WC="0.96" CONTENT="på"/><SP WIDTH="21" VPOS="1588" HPOS="488"/>
							<String ID="string_227" HPOS="509" VPOS="1587" WIDTH="50" HEIGHT="30" WC="0.90" CONTENT="ett"/><SP WIDTH="22" VPOS="1587" HPOS="559"/>
							<String ID="string_228" HPOS="581" VPOS="1584" WIDTH="338" HEIGHT="32" WC="0.90" CONTENT="tillfredsställande"/><SP WIDTH="24" VPOS="1584" HPOS="919"/>
							<String ID="string_229" HPOS="943" VPOS="1585" WIDTH="72" HEIGHT="29" WC="0.96" CONTENT="sätt"/><SP WIDTH="23" VPOS="1585" HPOS="1015"/>
							<String ID="string_230" HPOS="1038" VPOS="1583" WIDTH="163" HEIGHT="36" WC="0.96" CONTENT="fullfölja"/><SP WIDTH="22" VPOS="1583" HPOS="1201"/>
							<String ID="string_231" HPOS="1223" VPOS="1583" WIDTH="80" HEIGHT="31" WC="0.95" CONTENT="sina"/><SP WIDTH="20" VPOS="1583" HPOS="1303"/>
							<String ID="string_232" HPOS="1323" VPOS="1582" WIDTH="228" HEIGHT="37" WC="0.96" CONTENT="åligganden."/>
						</TextLine>
					</TextBlock>
					<TextBlock ID="block_7" HPOS="103" VPOS="1625" WIDTH="1511" HEIGHT="871">
						<TextLine ID="line_27" HPOS="145" VPOS="1625" WIDTH="1466" HEIGHT="40">
							<String ID="string_233" HPOS="145" VPOS="1630" WIDTH="276" HEIGHT="32" WC="0.96" CONTENT="Lönenämnden"/><SP WIDTH="24" VPOS="1630" HPOS="421"/>
							<String ID="string_234" HPOS="445" VPOS="1633" WIDTH="41" HEIGHT="28" WC="0.96" CONTENT="är"/><SP WIDTH="24" VPOS="1633" HPOS="486"/>
							<String ID="string_235" HPOS="510" VPOS="1630" WIDTH="77" HEIGHT="31" WC="0.96" CONTENT="icke"/><SP WIDTH="26" VPOS="1630" HPOS="587"/>
							<String ID="string_236" HPOS="613" VPOS="1628" WIDTH="200" HEIGHT="37" WC="0.96" CONTENT="övertygad"/><SP WIDTH="23" VPOS="1628" HPOS="813"/>
							<String ID="string_237" HPOS="836" VPOS="1638" WIDTH="57" HEIGHT="21" WC="0.97" CONTENT="om"/><SP WIDTH="21" VPOS="1638" HPOS="893"/>
							<String ID="string_238" HPOS="914" VPOS="1627" WIDTH="152" HEIGHT="31" WC="0.96" CONTENT="behovet"/><SP WIDTH="23" VPOS="1627" HPOS="1066"/>
							<String ID="string_239" HPOS="1089" VPOS="1637" WIDTH="46" HEIGHT="20" WC="0.96" CONTENT="av"/><SP WIDTH="25" VPOS="1637" HPOS="1135"/>
							<String ID="string_240" HPOS="1160" VPOS="1626" WIDTH="70" HEIGHT="31" WC="0.96" CONTENT="den"/><SP WIDTH="25" VPOS="1626" HPOS="1230"/>
							<String ID="string_241" HPOS="1255" VPOS="1626" WIDTH="205" HEIGHT="36" WC="0.93" CONTENT="föreslagna"/><SP WIDTH="26" VPOS="1626" HPOS="1460"/>
							<String ID="string_242" HPOS="1486" VPOS="1625" WIDTH="125" HEIGHT="31" WC="0.92" CONTENT="anord-"/>
						</TextLine>
						<TextLine ID="line_28" HPOS="104" VPOS="1668" WIDTH="1507" HEIGHT="44">
							<String ID="string_243" HPOS="104" VPOS="1675" WIDTH="135" HEIGHT="37" WC="0.95" CONTENT="ningen"/><SP WIDTH="25" VPOS="1675" HPOS="239"/>
							<String ID="string_244" HPOS="264" VPOS="1675" WIDTH="79" HEIGHT="31" WC="0.96" CONTENT="med"/><SP WIDTH="26" VPOS="1675" HPOS="343"/>
							<String ID="string_245" HPOS="369" VPOS="1673" WIDTH="224" HEIGHT="32" WC="0.96" CONTENT="inrättandet"/><SP WIDTH="24" VPOS="1673" HPOS="593"/>
							<String ID="string_246" HPOS="617" VPOS="1683" WIDTH="46" HEIGHT="21" WC="0.96" CONTENT="av"/><SP WIDTH="27" VPOS="1683" HPOS="663"/>
							<String ID="string_247" HPOS="690" VPOS="1673" WIDTH="67" HEIGHT="30" WC="0.96" CONTENT="här"/><SP WIDTH="24" VPOS="1673" HPOS="757"/>
							<String ID="string_248" HPOS="781" VPOS="1670" WIDTH="281" HEIGHT="38" WC="0.93" CONTENT="ifrågavarande"/><SP WIDTH="26" VPOS="1670" HPOS="1062"/>
							<String ID="string_249" HPOS="1088" VPOS="1669" WIDTH="408" HEIGHT="37" WC="0.90" CONTENT="förordnandetjänster."/><SP WIDTH="46" VPOS="1669" HPOS="1496"/>
							<String ID="string_250" HPOS="1542" VPOS="1668" WIDTH="69" HEIGHT="32" WC="0.20" CONTENT="En-"/>
						</TextLine>
						<TextLine ID="line_29" HPOS="104" VPOS="1713" WIDTH="1507" HEIGHT="43">
							<String ID="string_251" HPOS="104" VPOS="1718" WIDTH="70" HEIGHT="38" WC="0.91" CONTENT="ligt"/><SP WIDTH="25" VPOS="1718" HPOS="174"/>
							<String ID="string_252" HPOS="199" VPOS="1717" WIDTH="353" HEIGHT="37" WC="0.89" CONTENT="bankoreglementet"/><SP WIDTH="27" VPOS="1717" HPOS="552"/>
							<String ID="string_253" HPOS="579" VPOS="1717" WIDTH="102" HEIGHT="31" WC="0.96" CONTENT="skola"/><SP WIDTH="28" VPOS="1717" HPOS="681"/>
							<String ID="string_254" HPOS="709" VPOS="1715" WIDTH="229" HEIGHT="36" WC="0.96" CONTENT="fullmäktige"/><SP WIDTH="29" VPOS="1715" HPOS="938"/>
							<String ID="string_255" HPOS="967" VPOS="1714" WIDTH="62" HEIGHT="31" WC="0.96" CONTENT="vid"/><SP WIDTH="29" VPOS="1714" HPOS="1029"/>
							<String ID="string_256" HPOS="1058" VPOS="1713" WIDTH="225" HEIGHT="32" WC="0.95" CONTENT="tillsättande"/><SP WIDTH="28" VPOS="1713" HPOS="1283"/>
							<String ID="string_257" HPOS="1311" VPOS="1723" WIDTH="45" HEIGHT="21" WC="0.96" CONTENT="av"/><SP WIDTH="28" VPOS="1723" HPOS="1356"/>
							<String ID="string_258" HPOS="1384" VPOS="1713" WIDTH="73" HEIGHT="31" WC="0.93" CONTENT="alla"/><SP WIDTH="24" VPOS="1713" HPOS="1457"/>
							<String ID="string_259" HPOS="1481" VPOS="1713" WIDTH="130" HEIGHT="31" WC="0.90" CONTENT="befatt-"/>
						</TextLine>
						<TextLine ID="line_30" HPOS="103" VPOS="1756" WIDTH="1511" HEIGHT="44">
							<String ID="string_260" HPOS="103" VPOS="1765" WIDTH="132" HEIGHT="35" WC="0.96" CONTENT="ningar"/><SP WIDTH="20" VPOS="1765" HPOS="235"/>
							<String ID="string_261" HPOS="255" VPOS="1766" WIDTH="134" HEIGHT="34" WC="0.96" CONTENT="antaga"/><SP WIDTH="20" VPOS="1766" HPOS="389"/>
							<String ID="string_262" HPOS="409" VPOS="1762" WIDTH="78" HEIGHT="36" WC="0.96" CONTENT="den,"/><SP WIDTH="21" VPOS="1762" HPOS="487"/>
							<String ID="string_263" HPOS="508" VPOS="1771" WIDTH="74" HEIGHT="22" WC="0.96" CONTENT="som"/><SP WIDTH="20" VPOS="1771" HPOS="582"/>
							<String ID="string_264" HPOS="602" VPOS="1762" WIDTH="55" HEIGHT="30" WC="0.96" CONTENT="för"/><SP WIDTH="22" VPOS="1762" HPOS="657"/>
							<String ID="string_265" HPOS="679" VPOS="1760" WIDTH="158" HEIGHT="36" WC="0.96" CONTENT="tjänsten"/><SP WIDTH="21" VPOS="1760" HPOS="837"/>
							<String ID="string_266" HPOS="858" VPOS="1762" WIDTH="41" HEIGHT="28" WC="0.96" CONTENT="är"/><SP WIDTH="21" VPOS="1762" HPOS="899"/>
							<String ID="string_267" HPOS="920" VPOS="1759" WIDTH="89" HEIGHT="31" WC="0.96" CONTENT="mest"/><SP WIDTH="20" VPOS="1759" HPOS="1009"/>
							<String ID="string_268" HPOS="1029" VPOS="1758" WIDTH="154" HEIGHT="36" WC="0.96" CONTENT="skicklig"/><SP WIDTH="24" VPOS="1758" HPOS="1183"/>
							<String ID="string_269" HPOS="1207" VPOS="1758" WIDTH="65" HEIGHT="31" WC="0.96" CONTENT="och"/><SP WIDTH="20" VPOS="1758" HPOS="1272"/>
							<String ID="string_270" HPOS="1292" VPOS="1756" WIDTH="185" HEIGHT="37" WC="0.93" CONTENT="passande."/><SP WIDTH="40" VPOS="1756" HPOS="1477"/>
							<String ID="string_271" HPOS="1517" VPOS="1756" WIDTH="97" HEIGHT="32" WC="0.91" CONTENT="Full-"/>
						</TextLine>
						<TextLine ID="line_31" HPOS="106" VPOS="1800" WIDTH="1505" HEIGHT="44">
							<String ID="string_272" HPOS="106" VPOS="1807" WIDTH="161" HEIGHT="37" WC="0.95" CONTENT="mäktige"/><SP WIDTH="22" VPOS="1807" HPOS="267"/>
							<String ID="string_273" HPOS="289" VPOS="1807" WIDTH="95" HEIGHT="31" WC="0.96" CONTENT="hava"/><SP WIDTH="22" VPOS="1807" HPOS="384"/>
							<String ID="string_274" HPOS="406" VPOS="1806" WIDTH="108" HEIGHT="31" WC="0.96" CONTENT="alltså"/><SP WIDTH="22" VPOS="1806" HPOS="514"/>
							<String ID="string_275" HPOS="536" VPOS="1804" WIDTH="110" HEIGHT="32" WC="0.96" CONTENT="redan"/><SP WIDTH="22" VPOS="1804" HPOS="646"/>
							<String ID="string_276" HPOS="668" VPOS="1814" WIDTH="51" HEIGHT="21" WC="0.96" CONTENT="nu"/><SP WIDTH="21" VPOS="1814" HPOS="719"/>
							<String ID="string_277" HPOS="740" VPOS="1803" WIDTH="189" HEIGHT="37" WC="0.96" CONTENT="möjlighet"/><SP WIDTH="21" VPOS="1803" HPOS="929"/>
							<String ID="string_278" HPOS="950" VPOS="1803" WIDTH="63" HEIGHT="35" WC="0.95" CONTENT="att,"/><SP WIDTH="22" VPOS="1803" HPOS="1013"/>
							<String ID="string_279" HPOS="1035" VPOS="1811" WIDTH="57" HEIGHT="21" WC="0.95" CONTENT="om"/><SP WIDTH="21" VPOS="1811" HPOS="1092"/>
							<String ID="string_280" HPOS="1113" VPOS="1802" WIDTH="39" HEIGHT="30" WC="0.96" CONTENT="så"/><SP WIDTH="20" VPOS="1802" HPOS="1152"/>
							<String ID="string_281" HPOS="1172" VPOS="1800" WIDTH="116" HEIGHT="32" WC="0.93" CONTENT="skulle"/><SP WIDTH="22" VPOS="1800" HPOS="1288"/>
							<String ID="string_282" HPOS="1310" VPOS="1800" WIDTH="166" HEIGHT="31" WC="0.92" CONTENT="befinnas"/><SP WIDTH="25" VPOS="1800" HPOS="1476"/>
							<String ID="string_283" HPOS="1501" VPOS="1800" WIDTH="110" HEIGHT="30" WC="0.92" CONTENT="erfor-"/>
						</TextLine>
						<TextLine ID="line_32" HPOS="104" VPOS="1843" WIDTH="1508" HEIGHT="44">
							<String ID="string_284" HPOS="104" VPOS="1850" WIDTH="144" HEIGHT="37" WC="0.92" CONTENT="derligt,"/><SP WIDTH="25" VPOS="1850" HPOS="248"/>
							<String ID="string_285" HPOS="273" VPOS="1850" WIDTH="154" HEIGHT="31" WC="0.96" CONTENT="tillsätta"/><SP WIDTH="22" VPOS="1850" HPOS="427"/>
							<String ID="string_286" HPOS="449" VPOS="1849" WIDTH="114" HEIGHT="36" WC="0.96" CONTENT="tjänst"/><SP WIDTH="24" VPOS="1849" HPOS="563"/>
							<String ID="string_287" HPOS="587" VPOS="1848" WIDTH="98" HEIGHT="31" WC="0.96" CONTENT="inom"/><SP WIDTH="22" VPOS="1848" HPOS="685"/>
							<String ID="string_288" HPOS="707" VPOS="1847" WIDTH="141" HEIGHT="30" WC="0.95" CONTENT="banken"/><SP WIDTH="26" VPOS="1847" HPOS="848"/>
							<String ID="string_289" HPOS="874" VPOS="1846" WIDTH="173" HEIGHT="36" WC="0.96" CONTENT="antingen"/><SP WIDTH="22" VPOS="1846" HPOS="1047"/>
							<String ID="string_290" HPOS="1069" VPOS="1844" WIDTH="81" HEIGHT="32" WC="0.96" CONTENT="med"/><SP WIDTH="24" VPOS="1844" HPOS="1150"/>
							<String ID="string_291" HPOS="1174" VPOS="1845" WIDTH="219" HEIGHT="35" WC="0.96" CONTENT="tjänsteman"/><SP WIDTH="23" VPOS="1845" HPOS="1393"/>
							<String ID="string_292" HPOS="1416" VPOS="1843" WIDTH="196" HEIGHT="35" WC="0.96" CONTENT="därstädes,"/>
						</TextLine>
						<TextLine ID="line_33" HPOS="107" VPOS="1888" WIDTH="1505" HEIGHT="37">
							<String ID="string_293" HPOS="107" VPOS="1904" WIDTH="76" HEIGHT="21" WC="0.96" CONTENT="som"/><SP WIDTH="44" VPOS="1904" HPOS="183"/>
							<String ID="string_294" HPOS="227" VPOS="1895" WIDTH="77" HEIGHT="30" WC="0.94" CONTENT="icke"/><SP WIDTH="43" VPOS="1895" HPOS="304"/>
							<String ID="string_295" HPOS="347" VPOS="1894" WIDTH="76" HEIGHT="30" WC="0.96" CONTENT="står"/><SP WIDTH="43" VPOS="1894" HPOS="423"/>
							<String ID="string_296" HPOS="466" VPOS="1893" WIDTH="12" HEIGHT="30" WC="0.96" CONTENT="i"/><SP WIDTH="44" VPOS="1893" HPOS="478"/>
							<String ID="string_297" HPOS="522" VPOS="1894" WIDTH="60" HEIGHT="29" WC="0.95" CONTENT="tur"/><SP WIDTH="42" VPOS="1894" HPOS="582"/>
							<String ID="string_298" HPOS="624" VPOS="1893" WIDTH="55" HEIGHT="29" WC="0.95" CONTENT="att"/><SP WIDTH="44" VPOS="1893" HPOS="679"/>
							<String ID="string_299" HPOS="723" VPOS="1891" WIDTH="111" HEIGHT="30" WC="0.96" CONTENT="vinna"/><SP WIDTH="42" VPOS="1891" HPOS="834"/>
							<String ID="string_300" HPOS="876" VPOS="1889" WIDTH="196" HEIGHT="31" WC="0.95" CONTENT="befordran"/><SP WIDTH="43" VPOS="1889" HPOS="1072"/>
							<String ID="string_301" HPOS="1115" VPOS="1888" WIDTH="87" HEIGHT="31" WC="0.95" CONTENT="eller"/><SP WIDTH="45" VPOS="1888" HPOS="1202"/>
							<String ID="string_302" HPOS="1247" VPOS="1888" WIDTH="79" HEIGHT="30" WC="0.96" CONTENT="med"/><SP WIDTH="41" VPOS="1888" HPOS="1326"/>
							<String ID="string_303" HPOS="1367" VPOS="1897" WIDTH="138" HEIGHT="26" WC="0.95" CONTENT="person,"/><SP WIDTH="33" VPOS="1897" HPOS="1505"/>
							<String ID="string_304" HPOS="1538" VPOS="1896" WIDTH="74" HEIGHT="22" WC="0.96" CONTENT="som"/>
						</TextLine>
						<TextLine ID="line_34" HPOS="107" VPOS="1930" WIDTH="1505" HEIGHT="39">
							<String ID="string_305" HPOS="107" VPOS="1938" WIDTH="78" HEIGHT="31" WC="0.96" CONTENT="icke"/><SP WIDTH="36" VPOS="1938" HPOS="185"/>
							<String ID="string_306" HPOS="221" VPOS="1939" WIDTH="98" HEIGHT="30" WC="0.96" CONTENT="förut"/><SP WIDTH="37" VPOS="1939" HPOS="319"/>
							<String ID="string_307" HPOS="356" VPOS="1940" WIDTH="41" HEIGHT="28" WC="0.96" CONTENT="är"/><SP WIDTH="16" VPOS="1940" HPOS="397"/>
							<String ID="string_308" HPOS="413" VPOS="1935" WIDTH="157" HEIGHT="32" WC="0.96" CONTENT="anställd"/><SP WIDTH="31" VPOS="1935" HPOS="570"/>
							<String ID="string_309" HPOS="601" VPOS="1935" WIDTH="97" HEIGHT="30" WC="0.95" CONTENT="inom"/><SP WIDTH="33" VPOS="1935" HPOS="698"/>
							<String ID="string_310" HPOS="731" VPOS="1933" WIDTH="150" HEIGHT="32" WC="0.94" CONTENT="banken."/><SP WIDTH="56" VPOS="1933" HPOS="881"/>
							<String ID="string_311" HPOS="937" VPOS="1932" WIDTH="138" HEIGHT="31" WC="0.81" CONTENT="Härtill"/><SP WIDTH="49" VPOS="1932" HPOS="1075"/>
							<String ID="string_312" HPOS="1124" VPOS="1932" WIDTH="169" HEIGHT="34" WC="0.96" CONTENT="kommer,"/><SP WIDTH="29" VPOS="1932" HPOS="1293"/>
							<String ID="string_313" HPOS="1322" VPOS="1932" WIDTH="53" HEIGHT="29" WC="0.96" CONTENT="att"/><SP WIDTH="26" VPOS="1932" HPOS="1375"/>
							<String ID="string_314" HPOS="1401" VPOS="1930" WIDTH="114" HEIGHT="31" WC="0.96" CONTENT="under"/><SP WIDTH="25" VPOS="1930" HPOS="1515"/>
							<String ID="string_315" HPOS="1540" VPOS="1930" WIDTH="72" HEIGHT="31" WC="0.95" CONTENT="alla"/>
						</TextLine>
						<TextLine ID="line_35" HPOS="108" VPOS="1974" WIDTH="1504" HEIGHT="39">
							<String ID="string_316" HPOS="108" VPOS="1980" WIDTH="253" HEIGHT="33" WC="0.96" CONTENT="förhållanden"/><SP WIDTH="28" VPOS="1980" HPOS="361"/>
							<String ID="string_317" HPOS="389" VPOS="1990" WIDTH="44" HEIGHT="21" WC="0.96" CONTENT="en"/><SP WIDTH="26" VPOS="1990" HPOS="433"/>
							<String ID="string_318" HPOS="459" VPOS="1978" WIDTH="180" HEIGHT="32" WC="0.93" CONTENT="ordinarie"/><SP WIDTH="30" VPOS="1978" HPOS="639"/>
							<String ID="string_319" HPOS="669" VPOS="1976" WIDTH="304" HEIGHT="37" WC="0.91" CONTENT="fullmaktstjänst"/><SP WIDTH="27" VPOS="1976" HPOS="973"/>
							<String ID="string_320" HPOS="1000" VPOS="1976" WIDTH="11" HEIGHT="30" WC="0.96" CONTENT="i"/><SP WIDTH="27" VPOS="1976" HPOS="1011"/>
							<String ID="string_321" HPOS="1038" VPOS="1975" WIDTH="75" HEIGHT="32" WC="0.93" CONTENT="30:e"/><SP WIDTH="25" VPOS="1975" HPOS="1113"/>
							<String ID="string_322" HPOS="1138" VPOS="1974" WIDTH="219" HEIGHT="36" WC="0.90" CONTENT="lönegraden"/><SP WIDTH="26" VPOS="1974" HPOS="1357"/>
							<String ID="string_323" HPOS="1383" VPOS="1975" WIDTH="111" HEIGHT="29" WC="0.96" CONTENT="måste"/><SP WIDTH="30" VPOS="1975" HPOS="1494"/>
							<String ID="string_324" HPOS="1524" VPOS="1984" WIDTH="88" HEIGHT="20" WC="0.96" CONTENT="vara"/>
						</TextLine>
						<TextLine ID="line_36" HPOS="106" VPOS="2016" WIDTH="1506" HEIGHT="41">
							<String ID="string_325" HPOS="106" VPOS="2026" WIDTH="132" HEIGHT="31" WC="0.96" CONTENT="lättare"/><SP WIDTH="20" VPOS="2026" HPOS="238"/>
							<String ID="string_326" HPOS="258" VPOS="2026" WIDTH="54" HEIGHT="30" WC="0.96" CONTENT="att"/><SP WIDTH="21" VPOS="2026" HPOS="312"/>
							<String ID="string_327" HPOS="333" VPOS="2025" WIDTH="37" HEIGHT="30" WC="0.96" CONTENT="få"/><SP WIDTH="17" VPOS="2025" HPOS="370"/>
							<String ID="string_328" HPOS="387" VPOS="2024" WIDTH="118" HEIGHT="31" WC="0.96" CONTENT="besatt"/><SP WIDTH="20" VPOS="2024" HPOS="505"/>
							<String ID="string_329" HPOS="525" VPOS="2022" WIDTH="78" HEIGHT="31" WC="0.96" CONTENT="med"/><SP WIDTH="18" VPOS="2022" HPOS="603"/>
							<String ID="string_330" HPOS="621" VPOS="2020" WIDTH="241" HEIGHT="32" WC="0.76" CONTENT="kvalificerad"/><SP WIDTH="19" VPOS="2020" HPOS="862"/>
							<String ID="string_331" HPOS="881" VPOS="2028" WIDTH="127" HEIGHT="28" WC="0.95" CONTENT="person"/><SP WIDTH="19" VPOS="2028" HPOS="1008"/>
							<String ID="string_332" HPOS="1027" VPOS="2021" WIDTH="46" HEIGHT="28" WC="0.96" CONTENT="än"/><SP WIDTH="19" VPOS="2021" HPOS="1073"/>
							<String ID="string_333" HPOS="1092" VPOS="2028" WIDTH="44" HEIGHT="20" WC="0.93" CONTENT="en"/><SP WIDTH="20" VPOS="2028" HPOS="1136"/>
							<String ID="string_334" HPOS="1156" VPOS="2017" WIDTH="358" HEIGHT="36" WC="0.91" CONTENT="förordnandetjänst"/><SP WIDTH="19" VPOS="2017" HPOS="1514"/>
							<String ID="string_335" HPOS="1533" VPOS="2016" WIDTH="79" HEIGHT="31" WC="0.96" CONTENT="med"/>
						</TextLine>
						<TextLine ID="line_37" HPOS="107" VPOS="2060" WIDTH="1506" HEIGHT="41">
							<String ID="string_336" HPOS="107" VPOS="2071" WIDTH="12" HEIGHT="29" WC="0.96" CONTENT="i"/><SP WIDTH="22" VPOS="2071" HPOS="119"/>
							<String ID="string_337" HPOS="141" VPOS="2071" WIDTH="92" HEIGHT="30" WC="0.96" CONTENT="stort"/><SP WIDTH="20" VPOS="2071" HPOS="233"/>
							<String ID="string_338" HPOS="253" VPOS="2070" WIDTH="68" HEIGHT="30" WC="0.96" CONTENT="sett"/><SP WIDTH="18" VPOS="2070" HPOS="321"/>
							<String ID="string_339" HPOS="339" VPOS="2077" WIDTH="138" HEIGHT="22" WC="0.93" CONTENT="samma"/><SP WIDTH="18" VPOS="2077" HPOS="477"/>
							<String ID="string_340" HPOS="495" VPOS="2065" WIDTH="385" HEIGHT="36" WC="0.91" CONTENT="avlöningsförmåner."/><SP WIDTH="42" VPOS="2065" HPOS="880"/>
							<String ID="string_341" HPOS="922" VPOS="2062" WIDTH="18" HEIGHT="31" WC="0.96" CONTENT="I"/><SP WIDTH="22" VPOS="2062" HPOS="940"/>
							<String ID="string_342" HPOS="962" VPOS="2062" WIDTH="96" HEIGHT="36" WC="0.96" CONTENT="regel"/><SP WIDTH="21" VPOS="2062" HPOS="1058"/>
							<String ID="string_343" HPOS="1079" VPOS="2061" WIDTH="100" HEIGHT="32" WC="0.96" CONTENT="torde"/><SP WIDTH="20" VPOS="2061" HPOS="1179"/>
							<String ID="string_344" HPOS="1199" VPOS="2061" WIDTH="58" HEIGHT="31" WC="0.96" CONTENT="det"/><SP WIDTH="19" VPOS="2061" HPOS="1257"/>
							<String ID="string_345" HPOS="1276" VPOS="2061" WIDTH="106" HEIGHT="31" WC="0.96" CONTENT="också"/><SP WIDTH="19" VPOS="2061" HPOS="1382"/>
							<String ID="string_346" HPOS="1401" VPOS="2061" WIDTH="94" HEIGHT="30" WC="0.96" CONTENT="hava"/><SP WIDTH="21" VPOS="2061" HPOS="1495"/>
							<String ID="string_347" HPOS="1516" VPOS="2060" WIDTH="97" HEIGHT="31" WC="0.96" CONTENT="varit"/>
						</TextLine>
						<TextLine ID="line_38" HPOS="106" VPOS="2104" WIDTH="1507" HEIGHT="44">
							<String ID="string_348" HPOS="106" VPOS="2112" WIDTH="147" HEIGHT="36" WC="0.96" CONTENT="möjligt"/><SP WIDTH="21" VPOS="2112" HPOS="253"/>
							<String ID="string_349" HPOS="274" VPOS="2113" WIDTH="56" HEIGHT="30" WC="0.96" CONTENT="för"/><SP WIDTH="22" VPOS="2113" HPOS="330"/>
							<String ID="string_350" HPOS="352" VPOS="2110" WIDTH="230" HEIGHT="36" WC="0.96" CONTENT="fullmäktige"/><SP WIDTH="21" VPOS="2110" HPOS="582"/>
							<String ID="string_351" HPOS="603" VPOS="2110" WIDTH="54" HEIGHT="30" WC="0.96" CONTENT="att"/><SP WIDTH="20" VPOS="2110" HPOS="657"/>
							<String ID="string_352" HPOS="677" VPOS="2108" WIDTH="97" HEIGHT="30" WC="0.96" CONTENT="inom"/><SP WIDTH="20" VPOS="2108" HPOS="774"/>
							<String ID="string_353" HPOS="794" VPOS="2117" WIDTH="122" HEIGHT="20" WC="0.96" CONTENT="ramen"/><SP WIDTH="20" VPOS="2117" HPOS="916"/>
							<String ID="string_354" HPOS="936" VPOS="2116" WIDTH="46" HEIGHT="21" WC="0.96" CONTENT="av"/><SP WIDTH="19" VPOS="2116" HPOS="982"/>
							<String ID="string_355" HPOS="1001" VPOS="2106" WIDTH="58" HEIGHT="31" WC="0.96" CONTENT="det"/><SP WIDTH="20" VPOS="2106" HPOS="1059"/>
							<String ID="string_356" HPOS="1079" VPOS="2104" WIDTH="210" HEIGHT="32" WC="0.93" CONTENT="nuvarande"/><SP WIDTH="21" VPOS="2104" HPOS="1289"/>
							<String ID="string_357" HPOS="1310" VPOS="2104" WIDTH="303" HEIGHT="36" WC="0.92" CONTENT="avlöningssyste-"/>
						</TextLine>
						<TextLine ID="line_39" HPOS="107" VPOS="2147" WIDTH="1506" HEIGHT="46">
							<String ID="string_358" HPOS="107" VPOS="2158" WIDTH="72" HEIGHT="29" WC="0.96" CONTENT="met"/><SP WIDTH="21" VPOS="2158" HPOS="179"/>
							<String ID="string_359" HPOS="200" VPOS="2158" WIDTH="46" HEIGHT="35" WC="0.95" CONTENT="på"/><SP WIDTH="23" VPOS="2158" HPOS="246"/>
							<String ID="string_360" HPOS="269" VPOS="2157" WIDTH="50" HEIGHT="29" WC="0.84" CONTENT="ett"/><SP WIDTH="23" VPOS="2157" HPOS="319"/>
							<String ID="string_361" HPOS="342" VPOS="2152" WIDTH="336" HEIGHT="32" WC="0.91" CONTENT="tillfredsställande"/><SP WIDTH="24" VPOS="2152" HPOS="678"/>
							<String ID="string_362" HPOS="702" VPOS="2153" WIDTH="72" HEIGHT="30" WC="0.96" CONTENT="sätt"/><SP WIDTH="22" VPOS="2153" HPOS="774"/>
							<String ID="string_363" HPOS="796" VPOS="2150" WIDTH="187" HEIGHT="37" WC="0.96" CONTENT="tillgodose"/><SP WIDTH="22" VPOS="2150" HPOS="983"/>
							<String ID="string_364" HPOS="1005" VPOS="2148" WIDTH="276" HEIGHT="37" WC="0.96" CONTENT="rekryteringen"/><SP WIDTH="23" VPOS="2148" HPOS="1281"/>
							<String ID="string_365" HPOS="1304" VPOS="2159" WIDTH="45" HEIGHT="20" WC="0.96" CONTENT="av"/><SP WIDTH="24" VPOS="2159" HPOS="1349"/>
							<String ID="string_366" HPOS="1373" VPOS="2147" WIDTH="240" HEIGHT="31" WC="0.91" CONTENT="föreståndar-"/>
						</TextLine>
						<TextLine ID="line_40" HPOS="107" VPOS="2190" WIDTH="1507" HEIGHT="44">
							<String ID="string_367" HPOS="107" VPOS="2199" WIDTH="299" HEIGHT="35" WC="0.92" CONTENT="befattningarna"/><SP WIDTH="26" VPOS="2199" HPOS="406"/>
							<String ID="string_368" HPOS="432" VPOS="2198" WIDTH="56" HEIGHT="30" WC="0.96" CONTENT="för"/><SP WIDTH="20" VPOS="2198" HPOS="488"/>
							<String ID="string_369" HPOS="508" VPOS="2197" WIDTH="42" HEIGHT="31" WC="0.96" CONTENT="de"/><SP WIDTH="21" VPOS="2197" HPOS="550"/>
							<String ID="string_370" HPOS="571" VPOS="2196" WIDTH="97" HEIGHT="30" WC="0.96" CONTENT="olika"/><SP WIDTH="21" VPOS="2196" HPOS="668"/>
							<String ID="string_371" HPOS="689" VPOS="2194" WIDTH="286" HEIGHT="36" WC="0.96" CONTENT="avdelningarna"/><SP WIDTH="23" VPOS="2194" HPOS="975"/>
							<String ID="string_372" HPOS="998" VPOS="2193" WIDTH="97" HEIGHT="30" WC="0.95" CONTENT="inom"/><SP WIDTH="24" VPOS="2193" HPOS="1095"/>
							<String ID="string_373" HPOS="1119" VPOS="2192" WIDTH="151" HEIGHT="31" WC="0.95" CONTENT="banken."/><SP WIDTH="43" VPOS="2192" HPOS="1270"/>
							<String ID="string_374" HPOS="1313" VPOS="2190" WIDTH="73" HEIGHT="32" WC="0.94" CONTENT="Och"/><SP WIDTH="22" VPOS="2190" HPOS="1386"/>
							<String ID="string_375" HPOS="1408" VPOS="2191" WIDTH="70" HEIGHT="30" WC="0.96" CONTENT="vad"/><SP WIDTH="22" VPOS="2191" HPOS="1478"/>
							<String ID="string_376" HPOS="1500" VPOS="2192" WIDTH="114" HEIGHT="35" WC="0.96" CONTENT="angår"/>
						</TextLine>
						<TextLine ID="line_41" HPOS="107" VPOS="2235" WIDTH="1506" HEIGHT="44">
							<String ID="string_377" HPOS="107" VPOS="2242" WIDTH="237" HEIGHT="37" WC="0.89" CONTENT="möjligheten"/><SP WIDTH="29" VPOS="2242" HPOS="344"/>
							<String ID="string_378" HPOS="373" VPOS="2242" WIDTH="57" HEIGHT="30" WC="0.96" CONTENT="för"/><SP WIDTH="18" VPOS="2242" HPOS="430"/>
							<String ID="string_379" HPOS="448" VPOS="2240" WIDTH="229" HEIGHT="35" WC="0.96" CONTENT="fullmäktige"/><SP WIDTH="17" VPOS="2240" HPOS="677"/>
							<String ID="string_380" HPOS="694" VPOS="2240" WIDTH="54" HEIGHT="29" WC="0.96" CONTENT="att"/><SP WIDTH="18" VPOS="2240" HPOS="748"/>
							<String ID="string_381" HPOS="766" VPOS="2239" WIDTH="81" HEIGHT="29" WC="0.96" CONTENT="från"/><SP WIDTH="20" VPOS="2239" HPOS="847"/>
							<String ID="string_382" HPOS="867" VPOS="2237" WIDTH="205" HEIGHT="35" WC="0.93" CONTENT="befattning"/><SP WIDTH="19" VPOS="2237" HPOS="1072"/>
							<String ID="string_383" HPOS="1091" VPOS="2235" WIDTH="181" HEIGHT="35" WC="0.92" CONTENT="entlediga"/><SP WIDTH="19" VPOS="2235" HPOS="1272"/>
							<String ID="string_384" HPOS="1291" VPOS="2235" WIDTH="229" HEIGHT="36" WC="0.95" CONTENT="tjänsteman,"/><SP WIDTH="20" VPOS="2235" HPOS="1520"/>
							<String ID="string_385" HPOS="1540" VPOS="2243" WIDTH="73" HEIGHT="22" WC="0.96" CONTENT="som"/>
						</TextLine>
						<TextLine ID="line_42" HPOS="109" VPOS="2278" WIDTH="1505" HEIGHT="43">
							<String ID="string_386" HPOS="109" VPOS="2288" WIDTH="12" HEIGHT="29" WC="0.96" CONTENT="i"/><SP WIDTH="20" VPOS="2288" HPOS="121"/>
							<String ID="string_387" HPOS="141" VPOS="2287" WIDTH="43" HEIGHT="31" WC="0.96" CONTENT="de"/><SP WIDTH="22" VPOS="2287" HPOS="184"/>
							<String ID="string_388" HPOS="206" VPOS="2284" WIDTH="284" HEIGHT="37" WC="0.96" CONTENT="undantagsfall,"/><SP WIDTH="19" VPOS="2284" HPOS="490"/>
							<String ID="string_389" HPOS="509" VPOS="2283" WIDTH="47" HEIGHT="31" WC="0.96" CONTENT="då"/><SP WIDTH="20" VPOS="2283" HPOS="556"/>
							<String ID="string_390" HPOS="576" VPOS="2283" WIDTH="72" HEIGHT="30" WC="0.93" CONTENT="han"/><SP WIDTH="19" VPOS="2283" HPOS="648"/>
							<String ID="string_391" HPOS="667" VPOS="2282" WIDTH="163" HEIGHT="31" WC="0.92" CONTENT="befinnes"/><SP WIDTH="20" VPOS="2282" HPOS="830"/>
							<String ID="string_392" HPOS="850" VPOS="2290" WIDTH="90" HEIGHT="21" WC="0.96" CONTENT="vara"/><SP WIDTH="21" VPOS="2290" HPOS="940"/>
							<String ID="string_393" HPOS="961" VPOS="2279" WIDTH="182" HEIGHT="36" WC="0.96" CONTENT="olämplig,"/><SP WIDTH="25" VPOS="2279" HPOS="1143"/>
							<String ID="string_394" HPOS="1168" VPOS="2278" WIDTH="101" HEIGHT="31" WC="0.95" CONTENT="torde"/><SP WIDTH="19" VPOS="2278" HPOS="1269"/>
							<String ID="string_395" HPOS="1288" VPOS="2279" WIDTH="11" HEIGHT="29" WC="0.95" CONTENT="i"/><SP WIDTH="22" VPOS="2279" HPOS="1299"/>
							<String ID="string_396" HPOS="1321" VPOS="2278" WIDTH="98" HEIGHT="30" WC="0.93" CONTENT="detta"/><SP WIDTH="19" VPOS="2278" HPOS="1419"/>
							<String ID="string_397" HPOS="1438" VPOS="2287" WIDTH="176" HEIGHT="21" WC="0.91" CONTENT="samman-"/>
						</TextLine>
						<TextLine ID="line_43" HPOS="110" VPOS="2321" WIDTH="1504" HEIGHT="45">
							<String ID="string_398" HPOS="110" VPOS="2330" WIDTH="96" HEIGHT="36" WC="0.91" CONTENT="hang"/><SP WIDTH="26" VPOS="2330" HPOS="206"/>
							<String ID="string_399" HPOS="232" VPOS="2329" WIDTH="149" HEIGHT="34" WC="0.90" CONTENT="erinras,"/><SP WIDTH="26" VPOS="2329" HPOS="381"/>
							<String ID="string_400" HPOS="407" VPOS="2328" WIDTH="55" HEIGHT="30" WC="0.96" CONTENT="att"/><SP WIDTH="27" VPOS="2328" HPOS="462"/>
							<String ID="string_401" HPOS="489" VPOS="2326" WIDTH="229" HEIGHT="35" WC="0.93" CONTENT="fullmäktige"/><SP WIDTH="30" VPOS="2326" HPOS="718"/>
							<String ID="string_402" HPOS="748" VPOS="2343" WIDTH="38" HEIGHT="4" WC="0.88" CONTENT="—"/><SP WIDTH="27" VPOS="2343" HPOS="786"/>
							<String ID="string_403" HPOS="813" VPOS="2324" WIDTH="154" HEIGHT="30" WC="0.96" CONTENT="frånsett"/><SP WIDTH="25" VPOS="2324" HPOS="967"/>
							<String ID="string_404" HPOS="992" VPOS="2323" WIDTH="79" HEIGHT="30" WC="0.96" CONTENT="dem"/><SP WIDTH="27" VPOS="2323" HPOS="1071"/>
							<String ID="string_405" HPOS="1098" VPOS="2321" WIDTH="115" HEIGHT="36" WC="0.96" CONTENT="enligt"/><SP WIDTH="29" VPOS="2321" HPOS="1213"/>
							<String ID="string_406" HPOS="1242" VPOS="2321" WIDTH="165" HEIGHT="36" WC="0.93" CONTENT="gällande"/><SP WIDTH="28" VPOS="2321" HPOS="1407"/>
							<String ID="string_407" HPOS="1435" VPOS="2321" WIDTH="179" HEIGHT="35" WC="0.92" CONTENT="pensions-"/>
						</TextLine>
						<TextLine ID="line_44" HPOS="108" VPOS="2364" WIDTH="1506" HEIGHT="40">
							<String ID="string_408" HPOS="108" VPOS="2372" WIDTH="268" HEIGHT="31" WC="0.95" CONTENT="bestämmelser"/><SP WIDTH="23" VPOS="2372" HPOS="376"/>
							<String ID="string_409" HPOS="399" VPOS="2371" WIDTH="65" HEIGHT="30" WC="0.93" CONTENT="och"/><SP WIDTH="24" VPOS="2371" HPOS="464"/>
							<String ID="string_410" HPOS="488" VPOS="2367" WIDTH="408" HEIGHT="37" WC="0.89" CONTENT="avlöningsreglemente"/><SP WIDTH="25" VPOS="2367" HPOS="896"/>
							<String ID="string_411" HPOS="921" VPOS="2364" WIDTH="270" HEIGHT="32" WC="0.95" CONTENT="tillkommande"/><SP WIDTH="26" VPOS="2364" HPOS="1191"/>
							<String ID="string_412" HPOS="1217" VPOS="2364" WIDTH="254" HEIGHT="36" WC="0.91" CONTENT="befogenheter"/><SP WIDTH="24" VPOS="2364" HPOS="1471"/>
							<String ID="string_413" HPOS="1495" VPOS="2382" WIDTH="40" HEIGHT="4" WC="0.90" CONTENT="—"/><SP WIDTH="25" VPOS="2382" HPOS="1535"/>
							<String ID="string_414" HPOS="1560" VPOS="2372" WIDTH="54" HEIGHT="26" WC="0.89" CONTENT="ge-"/>
						</TextLine>
						<TextLine ID="line_45" HPOS="110" VPOS="2406" WIDTH="1503" HEIGHT="44">
							<String ID="string_415" HPOS="110" VPOS="2426" WIDTH="83" HEIGHT="21" WC="0.96" CONTENT="nom"/><SP WIDTH="26" VPOS="2426" HPOS="193"/>
							<String ID="string_416" HPOS="219" VPOS="2414" WIDTH="237" HEIGHT="36" WC="0.95" CONTENT="omflyttning"/><SP WIDTH="27" VPOS="2414" HPOS="456"/>
							<String ID="string_417" HPOS="483" VPOS="2414" WIDTH="96" HEIGHT="30" WC="0.96" CONTENT="inom"/><SP WIDTH="24" VPOS="2414" HPOS="579"/>
							<String ID="string_418" HPOS="603" VPOS="2411" WIDTH="126" HEIGHT="31" WC="0.96" CONTENT="verket"/><SP WIDTH="26" VPOS="2411" HPOS="729"/>
							<String ID="string_419" HPOS="755" VPOS="2411" WIDTH="87" HEIGHT="30" WC="0.96" CONTENT="böra"/><SP WIDTH="24" VPOS="2411" HPOS="842"/>
							<String ID="string_420" HPOS="866" VPOS="2411" WIDTH="123" HEIGHT="29" WC="0.93" CONTENT="kunna"/><SP WIDTH="27" VPOS="2411" HPOS="989"/>
							<String ID="string_421" HPOS="1016" VPOS="2410" WIDTH="87" HEIGHT="29" WC="0.92" CONTENT="ernå"/><SP WIDTH="26" VPOS="2410" HPOS="1103"/>
							<String ID="string_422" HPOS="1129" VPOS="2418" WIDTH="43" HEIGHT="20" WC="0.96" CONTENT="en"/><SP WIDTH="27" VPOS="2418" HPOS="1172"/>
							<String ID="string_423" HPOS="1199" VPOS="2417" WIDTH="98" HEIGHT="21" WC="0.96" CONTENT="mera"/><SP WIDTH="26" VPOS="2417" HPOS="1297"/>
							<String ID="string_424" HPOS="1323" VPOS="2407" WIDTH="150" HEIGHT="36" WC="0.93" CONTENT="lämplig"/><SP WIDTH="27" VPOS="2407" HPOS="1473"/>
							<String ID="string_425" HPOS="1500" VPOS="2406" WIDTH="113" HEIGHT="36" WC="0.92" CONTENT="place-"/>
						</TextLine>
						<TextLine ID="line_46" HPOS="107" VPOS="2449" WIDTH="1505" HEIGHT="47">
							<String ID="string_426" HPOS="107" VPOS="2460" WIDTH="82" HEIGHT="36" WC="0.96" CONTENT="ring"/><SP WIDTH="22" VPOS="2460" HPOS="189"/>
							<String ID="string_427" HPOS="211" VPOS="2470" WIDTH="45" HEIGHT="20" WC="0.96" CONTENT="av"/><SP WIDTH="21" VPOS="2470" HPOS="256"/>
							<String ID="string_428" HPOS="277" VPOS="2458" WIDTH="111" HEIGHT="32" WC="0.96" CONTENT="sådan"/><SP WIDTH="25" VPOS="2458" HPOS="388"/>
							<String ID="string_429" HPOS="413" VPOS="2457" WIDTH="229" HEIGHT="35" WC="0.96" CONTENT="tjänsteman,"/><SP WIDTH="22" VPOS="2457" HPOS="642"/>
							<String ID="string_430" HPOS="664" VPOS="2457" WIDTH="90" HEIGHT="28" WC="0.56" CONTENT="även"/><SP WIDTH="15" VPOS="2457" HPOS="754"/>
							<String ID="string_431" HPOS="769" VPOS="2464" WIDTH="55" HEIGHT="20" WC="0.96" CONTENT="om"/><SP WIDTH="21" VPOS="2464" HPOS="824"/>
							<String ID="string_432" HPOS="845" VPOS="2453" WIDTH="57" HEIGHT="31" WC="0.95" CONTENT="det"/><SP WIDTH="20" VPOS="2453" HPOS="902"/>
							<String ID="string_433" HPOS="922" VPOS="2453" WIDTH="10" HEIGHT="30" WC="0.95" CONTENT="i"/><SP WIDTH="22" VPOS="2453" HPOS="932"/>
							<String ID="string_434" HPOS="954" VPOS="2452" WIDTH="192" HEIGHT="36" WC="0.95" CONTENT="praktiken"/><SP WIDTH="23" VPOS="2452" HPOS="1146"/>
							<String ID="string_435" HPOS="1169" VPOS="2451" WIDTH="73" HEIGHT="30" WC="0.96" CONTENT="kan"/><SP WIDTH="22" VPOS="2451" HPOS="1242"/>
							<String ID="string_436" HPOS="1264" VPOS="2461" WIDTH="89" HEIGHT="20" WC="0.96" CONTENT="vara"/><SP WIDTH="22" VPOS="2461" HPOS="1353"/>
							<String ID="string_437" HPOS="1375" VPOS="2451" WIDTH="140" HEIGHT="30" WC="0.95" CONTENT="förenat"/><SP WIDTH="20" VPOS="2451" HPOS="1515"/>
							<String ID="string_438" HPOS="1535" VPOS="2449" WIDTH="77" HEIGHT="31" WC="0.96" CONTENT="med"/>
						</TextLine>
					</TextBlock>
				</ComposedBlock>
			</PrintSpace>
		</Page>
	</Layout>
</alto>
