2222 2626
718 150 357 41 Bevillningsutskottets
1098 150 196 31 betänkande
1318 149 53 32 Nr
1395 151 52 29 11.
1804 150 19 29 d

263 237 176 47 förrådet,
482 250 81 23 som
598 237 121 36 skulle
748 237 91 49 följa
867 250 47 23 av
943 236 71 36 den
1043 236 226 48 ifrågasatta
1298 236 298 48 nedsättningen
1626 249 44 23 av
1699 236 166 36 extrakt-

263 289 125 36 halten
421 311 27 3 —
478 289 128 36 vilken
634 288 121 37 skulle
784 288 176 49 medgiva
987 288 248 47 tillverkning
1263 302 44 22 av
1336 301 46 22 en
1407 288 117 49 dryck
1544 288 84 36 med
1649 287 217 49 vörtstyrka

263 341 264 36 motsvarande
567 340 310 49 pilsnerdrickats
905 361 49 5 —
982 340 68 35 har
1079 339 296 37 kommissionen
1404 339 199 46 meddelat,
1633 344 56 30 att
1716 353 47 22 av
1794 340 71 35 100

263 392 186 47 kilogram
478 392 91 35 malt
597 391 195 36 tillverkas
820 391 175 47 omkring
1024 394 57 33 3.8
1114 391 200 36 hektoliter
1335 395 225 44 portervört,
1583 392 58 34 5.9
1665 390 201 36 hektoliter

262 443 260 48 lagerölsvört,
559 444 57 35 6.7
658 443 201 35 hektoliter
895 443 298 48 pilsnerölsvört,
1224 445 21 33 8
1274 443 20 34 å
1324 445 21 33 9
1375 442 203 36 hektoliter
1606 442 121 47 lager-
1756 442 107 35 eller-

263 494 353 48 pilsnerdricksvört
644 494 90 35 eller
766 496 77 33 15.1
879 493 203 36 hektoliter
1110 494 237 47 svagdricka.

391 545 55 36 De
487 545 159 35 sålunda
688 545 219 36 meddelade
948 545 172 35 siffrorna
1155 545 93 46 visa,
1278 550 54 30 att
1360 545 71 35 den
1460 557 47 22 av
1535 544 231 48 styrelserna
1794 543 67 36 och

262 596 297 36 kommissionen
588 596 218 47 föreslagna
835 596 179 48 åtgärden
1044 596 120 36 skulle
1194 609 88 23 vara
1311 595 126 48 ägnad
1466 601 55 30 att
1550 600 93 43 göra
1671 594 72 36 den
1770 594 94 36 före-

261 648 147 48 fintliga
428 647 308 48 malttillgången
758 647 82 36 icke
860 647 230 48 oväsentligt
1109 647 172 49 drygare,
1302 661 86 22 men
1408 647 46 35 de
1474 646 238 48 ådagalägga
1732 645 131 47 tillika,

262 705 53 30 att
356 712 46 23 en
443 698 189 50 betydligt
672 704 122 31 större
836 699 141 35 verkan
1018 699 11 35 i
1071 698 161 36 berörda
1261 698 215 37 hänseende
1504 698 120 36 skulle
1653 700 120 44 ernås,
1803 710 58 23 om

260 757 125 41 steget
413 755 107 43 toges
550 750 86 37 fullt
664 756 42 30 ut
726 751 71 36 och
818 750 135 36 förbud
973 750 237 37 meddelades
1232 757 78 30 mot
1329 750 248 48 tillverkning
1596 762 47 23 av
1664 749 73 36 alla
1758 748 106 37 malt-

261 801 159 48 drycker
461 802 86 36 imed
582 803 121 48 högre
732 802 228 36 extrakthalt
988 807 47 30 än
1064 802 85 47 den,
1180 815 80 23 som
1290 807 41 31 är
1358 801 206 49 tillräcklig
1593 801 57 36 för
1678 801 186 35 framstäl-

261 853 110 36 lande
414 866 46 22 av
504 854 238 47 svagdricka.
798 854 58 35 En
890 854 115 36 sådan
1034 854 131 48 åtgärd
1192 853 68 36 har
1288 854 126 36 därför
1441 858 108 43 synts
1577 852 185 36 utskottet
1791 852 72 36 till-

260 904 124 49 rådlig
410 905 117 36 redan
555 905 84 36 med
668 905 147 48 hänsyn
843 905 58 35 till
929 905 333 47 nödvändigheten
1291 911 56 30 att
1375 907 40 33 så
1441 906 152 47 mycket
1611 917 81 23 som
1712 903 152 48 möjligt

260 969 110 36 spara
397 959 49 46 på
475 956 44 36 de
547 956 246 49 tillgängliga
821 956 152 49 knappa
1001 956 280 36 maltförråden.

389 1008 17 36 I
434 1008 117 36 likhet
580 1008 85 36 med
693 1008 279 36 motionärerna
1000 1007 68 36 har
1097 1008 207 36 emellertid
1333 1007 182 37 utskottet
1543 1012 137 42 ansett,
1709 1012 54 31 att
1799 1007 64 35 vid

260 1059 252 37 bedömandet
550 1073 47 23 av
625 1060 182 48 förslaget
833 1072 60 23 om
922 1060 185 47 tillfälligt
1135 1059 137 36 förbud
1301 1073 155 35 omsorg
1483 1072 62 23 om
1573 1058 291 37 livsmedelstill-

260 1114 151 46 gången
431 1111 82 36 icke
533 1117 41 31 är
593 1111 63 37 det
675 1112 108 44 enda,
804 1124 80 23 som
904 1111 167 50 påkallas
1092 1125 47 22 av
1158 1111 198 49 hänsynen
1376 1112 55 35 till
1451 1111 73 36 den
1543 1110 165 37 rådande
1724 1110 137 36 krisen.

259 1163 17 35 I
318 1163 46 36 de
406 1177 47 22 av
499 1164 85 36 herr
629 1163 103 37 Ollas
760 1163 42 36 A.
832 1164 176 36 Ericsson
1049 1177 49 22 m.
1123 1163 36 35 fl.
1203 1169 98 30 samt
1342 1163 87 37 herr
1455 1163 166 36 Jonsson
1650 1163 13 35 i
1691 1161 171 37 Hökhult

260 1229 48 21 m.
350 1215 35 36 fl.
429 1216 167 47 avgivna
632 1215 236 36 motionerna
899 1215 68 36 har
994 1215 158 36 erinrats
1180 1215 142 46 därom,
1352 1220 54 31 att
1435 1214 116 36 andra
1580 1214 130 36 länder
1737 1214 125 36 funnit

259 1266 236 48 nödvändigt
536 1272 56 30 att
634 1266 230 37 tillförsäkra
905 1266 60 48 sig
1001 1273 54 30 ett
1089 1266 264 37 krafttillskott
1386 1267 118 35 under
1531 1266 255 48 fullgörandet
1816 1278 46 23 av

259 1318 84 36 sina
370 1318 193 48 prövande
591 1319 197 52 uppgifter
814 1331 137 35 genom
980 1324 55 30 att
1062 1318 170 36 inskrida
1260 1325 79 29 mot
1366 1318 296 48 tillverkningen
1691 1331 46 22 av
1758 1317 103 36 alko-

259 1369 210 49 holhaltiga
511 1370 170 48 drycker.
737 1372 108 34 Aven
886 1373 48 46 på
976 1372 83 33 vårt
1100 1369 99 37 folks
1242 1369 171 49 förmåga
1455 1383 45 22 av
1536 1369 327 48 kraftutveckling

259 1421 130 36 ställas
418 1421 58 36 för
504 1421 233 36 närvarande
767 1427 100 30 stora
895 1422 69 36 och
992 1421 170 48 ständigt
1190 1421 172 36 växande
1391 1421 104 36 krav.
1538 1420 75 37 Det
1640 1420 221 48 ifrågasatta

258 1472 193 49 tillfälliga
485 1473 175 37 förbudet
687 1472 69 37 bör
783 1473 119 49 enligt
932 1472 203 37 utskottets
1164 1473 156 48 mening
1348 1473 179 36 bedömas
1557 1477 95 32 även
1681 1472 70 36 och
1778 1471 84 37 icke

258 1525 115 36 minst
413 1524 85 37 med
540 1525 148 49 hänsyn
717 1525 57 36 till
802 1525 247 49 möjligheten
1078 1530 56 30 att
1162 1538 137 35 genom
1330 1525 208 36 detsamma
1567 1524 127 36 stärka
1722 1524 138 36 folkets

256 1576 175 48 förmåga
461 1582 53 31 att
541 1582 191 31 motsvara
761 1577 110 36 dessa
898 1577 103 36 krav.

387 1628 83 37 Den
498 1629 266 48 begränsning
791 1642 47 23 av
867 1629 297 48 tillverkningen
1189 1629 103 36 såväl
1312 1642 45 22 av
1378 1628 187 37 brännvin
1585 1642 81 23 som
1688 1641 46 22 av
1753 1629 108 35 malt-

257 1680 170 49 drycker,
456 1693 130 23 varom
617 1693 97 23 ovan
743 1681 170 44 erinrats,
943 1681 135 35 liksom
1108 1685 95 31 även
1232 1680 45 36 de
1306 1680 212 49 betydande
1538 1680 323 48 inskränkningar

256 1731 13 36 i
289 1732 289 48 försäljningen,
594 1745 81 23 som
692 1732 78 37 dels
786 1732 230 37 beträffande
1031 1732 104 36 såväl
1151 1732 186 36 brännvin
1353 1745 81 23 som
1449 1732 65 36 vin
1530 1732 72 36 och
1617 1732 36 36 öl
1668 1731 192 50 påbjudits

257 1796 47 23 av
343 1783 138 49 Kungl.
521 1784 107 48 Maj:t
654 1784 13 36 i
695 1784 101 36 kraft
824 1797 46 23 av
899 1786 47 35 35
975 1783 20 50 $
1023 1783 736 50 brännvinsförsäljningsförordningen
1788 1784 68 36 och

258 1837 45 34 31
334 1835 21 49 8
381 1835 12 36 i
421 1835 274 49 förordningen
724 1836 192 48 angående
944 1835 230 49 försäljning
1201 1849 47 22 av
1274 1836 64 35 vin
1367 1836 71 36 och
1462 1836 48 46 öl,
1531 1835 79 37 dels
1630 1836 70 35 ock
1719 1836 12 35 i
1751 1835 108 49 fråga

257 1900 62 23 om
346 1887 187 36 brännvin
561 1888 70 36 och
659 1887 152 37 därmed
831 1887 190 37 likställda
1039 1887 161 49 drycker
1220 1887 202 37 därutöver
1441 1901 46 22 av
1505 1887 353 49 kontrollstyrelsen

257 1938 236 37 föreskrivits
518 1939 89 37 eller
627 1953 47 23 av
693 1939 197 49 försäljare
909 1939 339 37 överenskommits
1269 1942 47 46 på
1335 1939 125 49 grund
1480 1953 46 22 av
1546 1939 45 36 de
1614 1939 244 49 tillgängliga

254 1990 196 37 förrådens
478 1991 204 49 knapphet,
703 1997 64 30 äro
786 1991 266 48 otvivelaktigt
1072 1991 60 35 väl
1151 1991 148 49 ägnade
1320 1996 55 31 att
1395 1991 264 37 åstadkomma
1677 2004 47 23 en
1743 1991 114 36 önsk-

255 2042 92 36 värd
376 2042 224 49 minskning
626 2043 12 36 i
665 2043 293 37 konsumtionen
987 2056 47 22 av
1063 2043 300 52 alkoholhaltiga
1392 2043 160 49 drycker
1579 2043 71 37 och
1671 2049 53 30 att
1743 2043 12 36 i
1775 2043 82 36 icke

256 2094 213 48 oväsentlig
488 2097 87 34 mån
595 2095 214 49 förebygga
829 2095 201 36 missbruk.
1073 2097 35 33 Å
1127 2095 117 35 andra
1264 2094 108 37 sidan
1391 2099 40 31 är
1450 2095 63 36 det
1532 2094 254 49 obestridligt,
1802 2100 55 31 att

255 2150 95 32 även
379 2146 46 36 de
448 2159 52 23 nu
519 2146 178 48 gällande
715 2146 372 49 inskränkningarna
1106 2147 127 35 lämna
1252 2160 84 22 rum
1357 2146 59 36 för
1441 2146 203 37 missbruk.
1687 2146 17 36 I
1724 2147 133 36 sådant

254 2197 214 37 hänseende
497 2198 65 36 vill
589 2198 185 46 utskottet
802 2199 124 36 erinra
953 2211 61 24 om
1035 2198 64 36 det
1119 2197 237 51 upprörande
1376 2198 253 37 förhållandet
1649 2204 65 42 att,
1734 2198 123 49 enligt

254 2249 73 36 vad
346 2249 60 37 för
424 2249 185 38 utskottet
627 2250 187 50 upplysts,
840 2251 5 35 i
865 2263 47 24 en
932 2249 142 49 mängd
1090 2250 65 36 fall
1171 2250 133 47 medel,
1321 2263 80 24 som
1419 2263 46 23 av
1480 2256 136 41 staten,
1633 2250 224 37 kommuner
