1868 2798
457 164 285 30 Statsutskottets
762 164 178 31 utlåtande
960 175 42 20 nr
1024 166 60 29 133
1103 167 39 29 år
1161 167 83 30 1955
1584 168 19 29 3

96 247 152 38 vägarna
272 247 10 29 i
306 247 117 30 landet
447 248 44 29 då
512 248 110 31 >»brist
647 249 43 39 på
715 250 132 37 gummi
871 250 65 29 och
960 250 210 30 drivmedel»
1196 251 71 30 inte
1292 251 156 32 hindrar.
1473 252 126 38 Kungl.

97 288 104 40 Maj:t
228 289 64 30 har
318 290 66 29 den
414 290 38 30 13
481 291 139 38 augusti
650 291 83 30 1954
760 291 214 30 effektuerat
999 292 357 40 järnvägsstyrelsens
1385 294 131 38 förslag
1543 303 57 19 om

96 330 235 41 industrispår
355 332 19 29 å
398 332 100 30 delen
524 332 525 42 Sölvesborg—Lister-Mjällby
1074 334 54 30 för
1151 345 43 19 en
1218 335 150 30 kostnad
1393 345 42 19 av
1460 336 62 30 225
1538 336 63 30 000

95 372 140 35 kronor,
261 374 107 29 vilket
395 375 189 29 trafikeras
610 375 169 39 jämsides
806 376 78 30 med
910 376 68 30 den
1004 377 229 39 smalspåriga
1259 378 183 38 banlinjen
1470 379 131 29 Sölves-

94 414 319 40 horg—Hörviken.
441 417 276 40 Industrispåret
743 419 38 28 är
806 419 124 29 endast
957 419 55 30 för
1038 420 264 38 vagnslastgods
1329 420 111 29 under
1467 421 57 28 det
1550 422 51 28 att

96 458 374 38 styckegodstrafiken,
497 459 184 32 däribland
708 460 340 40 fisktransporterna
1074 471 75 20 som
1175 462 121 38 ilgods,
1322 462 110 39 jämte
1458 472 142 29 person-

95 499 154 30 trafiken
267 501 79 29 sker
363 501 45 39 på
424 501 67 30 den
509 502 231 39 smalspåriga
756 503 193 39 banlinjen.

139 542 50 29 De
211 542 208 40 landsvägar
441 553 75 20 som
541 544 146 31 föreslås
710 545 51 29 till
782 546 197 29 busstrafik
1001 548 59 28 äro
1082 547 108 29 delvis
1214 547 37 29 så
1275 547 120 34 smala,
1419 547 18 29 4
1461 557 34 19 m
1516 547 83 30 bred

95 583 167 35 körbana,
289 587 49 27 att
364 586 125 30 tvenne
513 586 126 30 bussar
664 588 79 29 med
769 597 42 20 en
836 588 109 30 bredd
972 599 42 19 av
1039 590 72 34 2,35
1137 599 35 19 m
1197 589 71 30 inte
1293 590 122 29 kunna
1440 591 113 28 mötas
1579 590 20 29 å

94 626 192 30 körbanan.
309 628 73 28 Den
405 628 264 40 undersökning
693 630 178 38 angående
893 632 154 38 vägarna
1069 631 53 29 för
1146 632 67 28 den
1235 641 68 29 nya
1327 632 186 38 linjebuss-
1535 632 63 29 och

95 668 302 37 lastbilstrafiken,
426 680 75 20 som
526 671 340 40 järnvägsstyrelsen
892 673 191 34 förebådat,
1111 673 64 30 har
1200 675 70 37 gett
1298 674 52 28 till
1375 674 148 29 resultat
1549 676 50 27 att

93 711 326 40 vägförvaltningen
443 713 11 28 i
479 713 165 39 Blekinge
669 714 59 29 län
751 716 114 28 ansett
889 717 50 27 att
965 715 50 34 2,7
1041 715 164 39 miljoner
1229 716 129 28 kronor
1382 725 83 20 voro
1492 716 107 29 erfor-

94 752 132 40 derliga
243 753 53 30 till
313 754 127 40 nödiga
456 756 210 38 vägarbeten
684 756 55 30 för
757 758 224 38 mottagande
999 767 42 20 av
1057 758 163 35 trafiken,
1238 768 106 20 varav
1361 759 62 30 300
1439 759 62 30 000
1519 759 79 29 kro-

95 804 63 20 nor
186 796 126 39 avsågo
339 798 245 39 mötesplatser
612 798 44 40 på
682 808 40 20 ca
750 799 19 30 9
796 800 61 28 km
884 809 43 20 av
955 800 41 29 de
1027 801 132 28 sämsta
1184 802 152 37 vägarna
1365 801 65 29 och
1458 801 62 30 330
1535 801 64 30 000

94 846 46 31 ny
159 839 65 38 väg
249 839 234 40 Hannetorp—
498 835 167 48 Hällevik.

138 880 86 39 Väg-
246 881 63 29 och
332 882 474 40 vattenbyggnadsstyrelsen
827 884 109 39 ansåg
959 886 51 29 att
1031 885 93 30 detta
1144 894 61 21 var
1227 885 189 29 kostnader
1439 886 43 38 på
1505 886 94 38 läng-

94 931 35 20 re
157 923 79 34 sikt,
262 923 107 30 vilket
394 923 76 30 icke
495 925 303 30 reservationslöst
823 927 71 28 kan
919 927 260 33 underskrivas,
1208 929 89 27 samt
1324 929 50 28 att
1400 929 48 28 ett
1472 928 126 39 belopp

93 973 41 21 av
156 965 94 29 1150
265 965 63 31 000
347 966 141 34 kronor,
511 976 46 30 ny
576 968 66 38 väg
662 968 53 29 till
738 967 159 31 Hällevik
918 969 20 29 å
959 968 63 30 370
1038 968 61 31 000
1120 969 130 30 kronor
1272 969 75 30 icke
1369 970 229 35 medräknad,

94 1015 79 22 vore
199 1007 221 41 erforderligt
447 1009 54 29 för
528 1010 187 30 utförande
742 1020 42 20 av
807 1011 211 39 vägarbeten
1043 1011 110 30 innan
1179 1012 311 40 smalspårsbanan
1515 1013 82 29 ned-

94 1049 105 30 lades.

136 1124 97 30 Efter
256 1127 50 29 att
326 1127 199 38 ytterligare
549 1127 104 39 något
674 1127 46 30 ha
744 1128 110 39 ingått
875 1129 45 39 på
941 1129 193 39 vägfrågan
1156 1131 90 28 samt
1270 1130 173 29 trafikens
1466 1131 131 29 storlek

93 1175 43 39 på
161 1175 215 30 listerbanan
402 1177 45 30 ha
473 1178 260 30 motionärerna
761 1179 274 40 avslutningsvis
1061 1180 118 30 anfört
1205 1181 167 39 följande.

135 1234 65 29 Det
222 1234 64 30 har
309 1235 104 32 talats
436 1236 38 29 så
497 1237 137 38 mycket
656 1246 57 20 om
736 1240 50 27 att
807 1248 82 19 man
914 1239 90 29 skall
1026 1239 84 29 söka
1132 1239 184 30 förhindra
1338 1240 260 39 landsbygdens

92 1276 215 40 avfolkning.
336 1278 65 29 Det
427 1279 38 29 är
492 1280 132 37 ganska
651 1280 147 30 allmänt
825 1281 86 30 känt
938 1283 50 28 att
1015 1282 144 39 Mjällby
1185 1282 171 29 kommun
1384 1282 93 39 gjort
1504 1284 93 28 stora

92 1320 294 39 ansträngningar
411 1321 55 29 för
491 1323 50 28 att
565 1321 245 31 åstadkomma
837 1325 48 27 ett
911 1333 95 19 mera
1033 1324 256 30 differentierat
1315 1325 193 38 näringsliv
1532 1325 65 29 och

92 1361 202 39 därigenom
320 1362 185 30 förhindra
530 1364 205 39 avfolkning
762 1368 91 26 samt
877 1366 84 38 höja
988 1366 369 30 levnadsstandarden.
1384 1367 58 29 Ett
1467 1367 131 29 bortta-

92 1404 110 37 gande
232 1413 40 20 av
300 1405 194 39 järnvägen
524 1415 74 20 som
626 1407 325 30 trafikförbindelse
980 1408 178 30 betraktas
1188 1418 74 19 som
1291 1411 47 27 ett
1366 1409 146 39 bakslag
1542 1409 55 30 för

91 1446 115 29 denna
226 1447 209 38 utveckling.

136 1488 64 29 Det
226 1489 89 28 enda
341 1489 128 39 riktiga
495 1491 37 28 är
559 1490 143 38 givetvis
729 1492 49 28 att
804 1491 111 39 bygga
941 1501 58 19 om
1024 1492 171 29 bandelen
1225 1493 203 39 Sölvesborg
1448 1484 149 52 —Hörvi-

91 1529 78 35 ken,
190 1530 55 30 för
263 1531 67 29 den
349 1531 77 38 låga
446 1532 334 38 byggnadskostnad
800 1543 75 19 som
895 1534 57 29 det
972 1534 67 29 blir
1060 1534 99 38 fråga
1178 1544 66 27 om,
1266 1535 52 29 till
1340 1536 257 39 normalspårig

92 1572 54 29 för
167 1573 45 28 all
235 1573 118 29 trafik.
375 1573 59 29 Ett
455 1574 166 29 tänkbart
643 1575 234 38 provisorium
898 1577 38 28 är
958 1577 50 28 att
1030 1576 69 29 låta
1120 1577 117 28 banan
1257 1586 84 21 vara
1362 1587 75 19 som
1459 1579 67 28 den
1547 1579 48 33 är,

93 1614 30 29 d.
152 1625 29 20 v.
210 1624 24 20 s.
265 1615 206 40 smalspårig
502 1616 434 39 Sölvesborg—Hörviken,
965 1619 80 29 med
1074 1619 219 40 normalspår
1322 1620 55 31 för
1403 1621 194 39 vagnslast-

94 1656 82 38 gods
217 1657 534 42 Sölvesborg—Lister-Mjällby.
792 1660 116 30 Skulle
948 1661 72 29 inte
1049 1661 93 31 detta
1172 1671 121 22 senare
1323 1662 54 30 för
1407 1662 189 31 framtiden

91 1707 101 21 anses
210 1708 83 21 vara
314 1700 303 39 ändamålsenligt,
638 1701 64 29 och
722 1701 31 39 ej
777 1702 107 29 heller
905 1703 256 39 normalspårig
1180 1704 147 39 järnväg
1349 1705 249 39 Sölvesborg--

91 1741 169 34 Hällevik,
281 1741 149 30 återstår
448 1744 49 27 ett
515 1743 185 30 alternativ
721 1753 74 20 som
815 1746 158 28 närmast
993 1746 155 28 ansluter
1170 1746 49 29 till
1237 1746 360 40 järnvägsstyrelsens

90 1782 141 39 förslag,
254 1784 176 38 nämligen
449 1786 52 27 att
519 1785 111 39 bygga
650 1786 92 28 fram
763 1786 56 29 det
838 1786 185 40 befintliga
1042 1788 254 39 normalspåret
1317 1789 114 38 någon
1453 1789 143 30 kilome-

91 1827 50 27 ter
170 1826 79 29 från
275 1826 276 40 Lister-Mjällby
577 1828 52 29 till
654 1828 272 30 Listershuvuds
954 1829 139 34 station,
1121 1830 81 29 eller
1230 1840 134 20 samma
1393 1832 204 39 sträckning

92 1877 74 19 som
186 1868 66 29 den
273 1868 89 29 först
382 1869 175 38 utbyggda
577 1870 193 38 järnvägen
790 1871 89 29 hade
900 1871 65 29 och
986 1872 62 28 där
1068 1873 104 37 vägar
1194 1873 79 29 från
1295 1873 40 29 de
1358 1875 110 28 större
1490 1874 107 29 fiske-

91 1909 122 38 lägena
239 1910 168 35 Hällevik,
435 1911 206 37 Nogersund
667 1912 66 28 och
759 1913 131 28 Hörvik
918 1915 264 28 sammanstöta.
1210 1915 126 28 Vidare
1363 1916 50 27 att
1442 1916 153 28 trafiken

91 1952 18 28 å
137 1952 256 38 normalspåret
433 1953 504 39 Sölvesborg—Listershuvud
976 1955 71 29 inte
1087 1956 123 29 endast
1236 1956 67 29 blir
1330 1957 265 39 vagnslastgods

90 1995 86 27 utan
201 1995 86 28 även
313 1994 216 38 styckegods,
557 1995 143 29 därmed
728 1996 120 38 ilgods,
876 1997 37 28 så
939 1998 50 28 att
1016 1997 337 40 fisktransperterna
1380 2000 120 29 kunna
1527 2000 69 29 för-

90 2035 95 39 siggå
209 2036 9 28 i
243 2036 135 28 normal
401 2037 256 38 utsträckning.
681 2038 114 29 Därav
819 2038 104 39 följer
946 2041 50 27 att
1019 2040 281 38 persontrafiken
1327 2041 112 29 skulle
1462 2042 133 29 överfö-

90 2086 56 21 ras
167 2078 51 28 till
239 2078 212 38 linjebussar
473 2079 18 28 å
513 2079 257 38 landsvägarna
790 2081 77 28 med
888 2081 44 29 bl.
955 2091 29 19 a.
1006 2082 203 38 anslutning
1230 2083 50 28 till
1304 2084 203 29 nuvarande
1529 2086 67 27 sta-

91 2119 160 29 tionshus
269 2121 8 28 i
296 2120 157 29 Hällevik
471 2121 65 28 och
552 2122 176 29 Hörviken
749 2124 90 27 samt
855 2124 49 27 att
922 2124 152 38 vägarna
1092 2126 188 37 upprustas
1299 2125 53 29 för
1373 2127 222 37 mottagande

90 2171 41 19 av
149 2162 67 28 den
235 2162 110 29 ökade
366 2163 163 28 trafiken.
550 2164 66 27 För
635 2164 94 28 detta
750 2173 120 20 senare
892 2164 64 29 har
976 2166 324 38 vägförvaltningen
1323 2167 9 28 i
1353 2168 164 37 Blekinge
1540 2169 55 29 län

91 2205 113 27 ansett
224 2206 50 26 att
295 2206 46 26 ett
364 2205 122 37 anslag
507 2215 42 19 av
570 2206 94 28 2700
680 2206 62 28 000
764 2206 129 28 kronor
915 2209 38 27 är
973 2207 230 39 erforderligt,
1225 2209 120 29 varvid
1368 2219 80 19 man
1470 2211 123 29 endast

91 2245 124 28 räknat
236 2246 75 28 med
334 2247 49 27 att
403 2247 157 27 anordna
580 2247 243 38 mötesplatser
843 2248 44 38 på
906 2258 41 18 en
969 2249 54 28 del
1043 2250 113 36 vägar.
1180 2251 85 36 Väg-
1287 2251 63 27 och
1372 2252 223 38 vattenbygg-

90 2287 258 38 nadsstyrelsen
377 2287 63 28 har
465 2289 112 27 ansett
603 2290 48 27 att
680 2289 93 28 1150
789 2289 62 29 000
875 2290 130 27 kronor
1033 2291 108 28 måste
1166 2292 116 28 anslås
1310 2293 47 27 till
1385 2293 211 38 förbättring

90 2338 41 19 av
156 2330 162 35 vägarna,
342 2329 105 28 innan
472 2329 293 37 järnvägsdriften
793 2331 191 36 nedlägges,
1010 2332 118 29 varvid
1152 2342 77 19 man
1258 2335 152 28 uteslutit
1436 2335 160 37 behövlig

91 2379 45 29 ny
164 2372 64 35 väg
257 2371 235 38 Hannetorp—
510 2372 168 28 Hällevik.
709 2372 130 29 Listers
867 2374 198 36 vägnämnd
1094 2374 63 28 har
1185 2377 113 27 ansett
1326 2378 50 26 att
1403 2377 114 29 denna
1546 2387 50 19 se-

91 2421 81 19 nare
195 2414 63 35 väg
277 2413 130 37 jämväl
430 2413 105 28 borde
559 2414 138 28 komma
722 2414 49 28 till
795 2414 101 29 stånd
918 2415 65 28 och
1005 2415 62 28 har
1091 2416 125 29 uttalat
1237 2417 50 38 sig
1310 2417 53 28 för
1387 2419 207 37 vägarbeten

90 2453 54 29 för
170 2455 93 28 1520
279 2456 61 28 000
366 2455 129 28 kronor
521 2455 104 29 innan
651 2456 223 38 omläggning
899 2457 79 29 sker
1001 2467 41 19 av
1065 2457 332 39 järnvägstrafiken,
