1872 2784
397 156 124 39 Tredje
543 155 246 41 lagutskottets
812 156 179 31 utlåtande
1013 166 42 21 nr
1076 158 42 30 45
1139 158 39 30 år
1200 158 84 30 1966
1566 161 19 30 d

97 236 288 39 synsmyndighet
408 236 176 30 meddelat
607 237 79 29 med
710 237 78 30 stöd
810 246 43 21 av
875 237 19 30 8
920 238 15 37 8
960 237 111 31 andra
1093 239 83 29 eller
1198 238 113 40 tredje
1335 239 145 39 stycket,
1504 240 81 39 äger

96 280 389 40 tillsynsmyndigheten
504 281 122 39 ålägga
644 281 131 30 honom
793 281 58 31 vid
870 282 67 29 vite
958 284 49 28 att
1027 282 153 40 fullgöra
1199 283 76 29 sina
1295 283 246 39 skyldigheter.

141 324 135 30 Medför
293 325 314 30 underlåtenheten
626 326 180 39 uppenbar
825 326 76 31 fara
919 326 55 30 för
992 327 147 30 allmänt
1156 327 158 37 intresse,
1332 328 81 39 äger
1430 328 155 40 tillsyns-

96 369 249 40 myndigheten
367 370 168 39 förbjuda
557 371 152 29 arbetets
732 371 164 30 fortsatta
917 371 212 30 bedrivande
1152 371 65 30 och
1239 372 71 30 låta
1333 380 124 31 genom
1480 373 105 39 polis-

96 414 267 40 myndighetens
383 415 137 39 försorg
540 415 140 40 vidtaga
698 415 144 30 rättelse
859 415 44 40 på
922 416 353 31 tillståndshavarens
1295 417 205 30 bekostnad.

796 514 39 30 13
857 514 27 37 3.

141 566 74 29 Den
236 575 76 21 som
332 566 153 40 deltager
507 567 83 30 eller
611 567 143 39 deltagit
775 567 11 30 i
806 567 120 40 tillsyn
948 568 80 30 över
1049 568 260 30 efterlevnaden
1330 578 43 20 av
1393 568 116 31 denna
1529 569 55 39 lag

96 611 83 30 eller
198 612 78 29 med
298 611 77 30 stöd
396 620 41 21 av
458 611 100 39 lagen
579 611 203 30 meddelade
803 611 222 31 föreskrifter
1046 613 83 29 eller
1149 612 126 30 villkor
1297 613 83 30 eller
1402 622 76 21 som
1501 613 85 30 anli-

96 657 69 28 tats
184 655 115 30 såsom
318 655 134 30 biträde
471 656 57 30 vid
548 656 183 40 tillsynens
752 657 173 30 utövande
945 657 82 29 eller
1048 666 75 20 som
1143 657 45 40 på
1207 659 107 28 annat
1335 659 68 28 sätt
1423 658 87 39 tagit
1531 658 56 30 be-

96 700 153 39 fattning
269 700 79 30 med
369 700 128 30 ärende
519 709 75 21 som
617 709 97 21 avses
737 701 10 29 i
768 701 111 39 lagen,
902 701 54 30 får
978 701 30 40 ej
1034 701 78 40 röja
1133 701 83 30 eller
1238 701 209 40 obehörigen
1470 702 116 40 nyttja

96 744 305 40 yrkeshemlighet,
426 753 75 21 som
526 745 202 39 därigenom
752 745 99 30 blivit
872 745 95 31 känd
994 746 54 30 för
1072 746 141 35 honom,
1238 747 65 29 och
1329 746 54 30 får
1408 748 30 39 ej
1466 747 119 34 heller,

96 798 57 21 om
178 789 56 30 det
259 789 30 39 ej
317 789 71 30 kan
413 798 102 21 anses
540 789 156 40 påkallat
722 790 10 29 i
759 789 174 40 tjänstens
959 790 158 35 intresse,
1144 800 93 31 yppa
1264 791 321 30 arbetsförfarande

96 834 83 30 eller
204 833 335 31 affärsförhållande
566 843 121 21 varom
714 834 70 30 han
813 835 148 30 sålunda
988 835 66 30 fått
1082 835 210 30 kännedom.
1320 836 122 40 Bryter
1471 836 114 39 någon

96 878 169 34 häremot,
285 878 119 30 dömes
422 878 52 30 till
494 878 97 31 böter
610 879 83 30 eller
712 879 155 39 fängelse
886 879 11 30 i
916 880 102 38 högst
1037 881 48 28 ett
1105 880 48 30 år.

796 959 39 29 14
857 959 28 38 8.

141 1011 200 40 Utlänning,
363 1020 74 21 som
457 1014 98 28 utom
574 1012 91 30 riket
684 1012 116 40 begått
819 1012 93 31 brott
933 1022 75 21 som
1029 1023 99 20 avses
1147 1014 11 29 i
1180 1014 36 29 11
1238 1014 82 29 eller
1343 1015 38 32 13
1404 1014 27 37 8,
1452 1014 131 35 dömes,

96 1065 58 20 om
171 1056 70 30 han
259 1056 116 30 finnes
392 1056 75 35 här,
486 1056 89 31 efter
593 1057 115 29 denna
725 1057 56 39 lag
798 1057 66 29 och
881 1057 59 30 vid
958 1058 127 29 svensk
1104 1058 160 35 domstol,
1283 1058 87 30 även
1388 1068 58 20 om
1465 1059 19 30 2
1503 1059 80 40 kap.

97 1101 18 29 2
133 1101 82 29 eller
233 1100 18 31 3
271 1101 15 37 8
305 1101 242 30 brottsbalken
564 1101 31 39 ej
615 1101 39 30 är
671 1101 197 40 tillämplig.

140 1145 76 30 Åtal
235 1145 56 30 för
308 1145 93 30 brott
421 1154 75 21 som
515 1155 100 21 avses
635 1146 11 29 i
668 1146 36 29 11
729 1145 15 38 $
766 1146 111 30 första
896 1147 65 29 och
982 1147 113 39 tredje
1116 1147 167 39 styckena
1304 1147 54 30 får
1378 1148 128 30 väckas
1528 1157 56 21 en-

94 1191 79 29 dast
194 1190 88 30 efter
304 1189 236 31 förordnande
564 1200 42 21 av
628 1190 194 40 Konungen
846 1191 82 30 eller
948 1191 70 30 den
1042 1191 193 40 Konungen
1259 1192 238 40 bemyndigar.

140 1235 98 29 Brott
261 1244 75 20 som
359 1244 98 20 avses
480 1235 11 29 i
515 1234 39 30 13
580 1235 15 37 8
621 1235 54 29 får
698 1235 111 30 åtalas
833 1245 42 21 av
898 1236 163 39 åklagare
1086 1236 122 30 endast
1233 1236 88 30 efter
1344 1237 175 39 angivelse
1543 1247 42 20 av

95 1279 236 39 målsägande.

796 1360 38 30 15
857 1361 27 37 8.

140 1412 110 30 Talan
274 1414 73 28 mot
370 1412 257 40 bergmästares
650 1412 113 31 beslut
788 1413 107 40 enligt
921 1414 16 29 7
965 1413 16 37 8
1007 1414 94 30 föres
1125 1414 64 30 hos
1213 1415 370 39 kommerskollegium

96 1465 123 31 genom
238 1457 133 29 besvär.

141 1501 70 29 Mot
228 1503 108 28 annat
352 1501 114 30 beslut
484 1510 43 21 av
543 1501 204 40 myndighet
765 1502 107 39 enligt
890 1502 115 30 denna
1021 1502 56 40 lag
1095 1503 92 30 föres
1204 1503 96 30 talan
1318 1511 125 31 genom
1460 1504 123 29 besvär

95 1546 65 29 hos
177 1546 204 39 Konungen.

140 1590 118 30 Beslut
281 1599 75 21 som
377 1599 99 21 avses
497 1590 11 30 i
529 1590 112 30 andra
662 1591 135 39 stycket
818 1590 121 30 länder
960 1591 53 30 till
1035 1591 231 31 efterrättelse
1288 1593 86 29 utan
1394 1592 126 30 hinder
1542 1602 42 20 av

96 1634 79 30 förd
191 1635 106 35 talan,
314 1643 57 21 om
389 1634 30 40 ej
440 1634 223 31 annorlunda
680 1635 196 30 förordnas.

795 1716 39 29 16
857 1715 27 37 8.

140 1768 167 29 Närmare
346 1768 221 30 föreskrifter
604 1768 55 30 för
696 1768 269 40 tillämpningen
1002 1778 43 21 av
1082 1769 114 30 denna
1233 1770 56 39 lag
1326 1770 178 30 meddelas
1542 1780 41 20 av

96 1812 204 39 Konungen.

140 1920 122 28 Denna
280 1919 56 38 lag
355 1918 117 30 träder
493 1919 9 29 i
522 1919 96 29 kraft
638 1919 67 29 den
728 1920 13 28 1
763 1919 67 39 juli
853 1919 93 30 1966.

140 1963 14 28 I
174 1962 98 39 fråga
292 1972 58 20 om
371 1962 248 30 dessförinnan
641 1963 109 29 skedd
771 1963 194 40 upplåtelse
987 1964 79 29 från
1087 1964 136 29 kronan
1243 1973 43 21 av
1305 1965 70 29 rätt
1394 1965 53 29 till
1470 1965 112 34 sand-,

95 2015 97 32 grus-
211 2007 82 30 eller
314 2007 154 29 stentäkt
489 2008 96 28 inom
606 2008 145 29 allmänt
772 2007 264 31 vattenområde
1058 2008 90 39 gälla
1170 2008 172 30 särskilda
1364 2008 220 31 bestämmel-

97 2061 65 21 ser.

140 2096 107 29 Avser
267 2096 159 30 tillstånd
446 2097 107 39 enligt
575 2096 114 30 denna
710 2097 55 39 lag
785 2097 143 30 område
950 2106 75 21 som
1045 2098 168 30 omfattas
1234 2107 42 21 av
1296 2098 209 30 koncession
1526 2107 57 21 en-

95 2140 61 39 ligt
177 2140 100 39 lagen
299 2140 178 39 angående
499 2140 380 40 stenkolsfyndigheter
900 2151 45 20 m.
968 2151 45 20 m.
1036 2142 82 29 eller
1140 2142 191 39 uranlagen
1353 2143 82 29 eller
1457 2152 42 20 av
1521 2152 63 20 un-

96 2184 392 39 dersökningstillstånd
513 2185 106 39 enligt
646 2185 220 30 sistnämnda
890 2186 64 39 lag,
980 2186 64 39 äga
1068 2186 311 30 bestämmelserna
1404 2187 11 29 i
1440 2187 17 29 7
1486 2187 15 37 8
1529 2187 54 29 för

96 2228 57 30 det
178 2229 61 29 fall
264 2231 49 27 att
337 2229 160 29 tillstånd
521 2238 99 20 avser
644 2229 143 29 område
812 2238 75 21 som
911 2230 39 28 är
974 2230 152 29 inmutat
1152 2230 105 39 enligt
1283 2231 187 38 gruvlagen
1496 2233 88 27 mot-

96 2272 169 30 svarande
285 2273 234 39 tillämpning.
