2222 2650
638 180 364 40 Bevillningsutskottets
1025 178 211 32 Betänkande
1260 178 63 31 N:o
1345 179 51 30 19.
1742 176 32 30 11

358 259 87 37 Med
487 259 210 47 anledning
739 259 41 36 af
816 259 165 36 kronans
1016 257 162 38 ombuds
1206 257 70 37 hos
1307 259 101 34 årets
1436 254 388 50 taxeringsnämnder

222 311 70 37 här
334 311 12 36 i
389 310 137 37 staden
566 310 136 49 gjorda
742 309 177 37 anmälan
952 309 139 37 varder
1119 308 190 50 styrelsen
1337 307 57 37 för
1420 306 145 38 Brand-
1592 306 72 37 och
1691 305 133 37 Lifför-

222 361 448 50 säkringsaktiebolaget
712 360 102 38 Svea
854 360 158 37 härmed
1046 359 188 37 anmanad
1263 365 55 30 att
1344 358 102 37 inom
1476 360 78 35 åtta
1581 357 119 48 dagar
1728 357 97 36 efter

221 413 170 37 erhållen
419 411 63 38 del
511 412 120 48 häraf,
661 412 64 36 vid
754 411 175 49 äfventyr
958 424 82 23 som
1058 410 11 36 i
1088 413 47 34 25
1155 407 20 50 $
1195 410 42 36 af
1251 409 178 49 gällande
1450 407 374 49 bevillningsstadga

221 469 105 43 sägs,
365 463 57 37 till
464 461 439 49 taxeringsnämnderna
931 462 161 37 aflemna
1119 460 58 38 för
1205 460 133 49 hvarje
1365 459 205 37 territoriel
1597 458 228 49 församling

223 514 186 38 särskildt
435 514 230 49 upprättade
696 513 200 50 uppgifter
925 526 60 23 om
1014 512 95 37 hvar
1136 511 72 38 och
1237 524 48 24 en
1313 524 140 36 person
1482 510 61 37 för
1569 509 258 37 innevarande

225 568 43 34 år
296 566 69 36 hos
394 564 93 37 eder
514 564 289 37 tillkommande
831 563 163 50 pension
1022 562 93 37 eller
1142 562 163 37 lifränta.

365 615 259 50 Uppgifterna
651 614 108 37 skola
787 614 181 37 aflemnas
997 617 21 34 å
1045 613 352 37 mantalskontoret.

360 716 200 49 Göteborg
588 716 73 38 den
691 718 45 35 13
759 715 86 50 juni
875 717 106 44 1898,

755 817 53 36 På
835 816 272 49 magistratens
1136 820 162 43 vägnar:

844 918 128 38 Gudm.
1001 903 211 52 Åkermark.

359 1020 57 36 En
445 1019 160 37 härmed
633 1019 164 49 lydande
827 1018 207 48 anmaning
1062 1023 40 31 är
1130 1017 130 38 denna
1288 1017 77 49 dag
1391 1022 234 44 emottagen.

359 1121 201 48 Göteborg
589 1121 72 37 den
692 1118 64 49 !?/,
788 1122 59 35 98.

562 1222 142 37 Brand-
732 1222 32 36 &
792 1219 565 49 lifförsäkrings-aktiebolaget
1385 1219 110 37 Svea.

1466 1321 108 35 Ernst
1603 1320 122 48 Bring.

361 1527 86 36 Rätt
474 1525 203 37 afskrifvet
703 1526 151 48 intyga:

428 1630 41 34 A.
500 1628 156 37 Nilsson.
1254 1626 87 46 Auy.
1370 1625 258 47 Ehrengranat.
