1910 2822
600 195 275 33 Statsutskottets
901 193 177 32 utlåtande
1102 193 50 30 Nr
1174 193 28 30 2.
1613 183 39 30 21

498 284 50 28 att
567 281 186 36 riksdagen
773 278 58 32 må

499 331 32 40 a)
561 331 173 32 fastställa
770 329 157 37 följande
966 327 250 37 avlöningsstat
1254 325 55 31 för
1338 327 129 29 statens
1494 319 157 45 uppfost-

455 382 224 37 ringsanstalt
701 381 21 31 å
745 381 105 35 Bona,
874 383 50 27 att
947 379 174 35 tillämpas
1145 378 69 30 tills
1238 376 118 31 vidare
1379 374 82 31 från
1484 375 66 30 och
1573 374 80 30 med

455 432 203 38 budgetåret
688 428 155 34 1941/42:

926 501 258 30 Avlöningsstat.

459 562 27 30 1.
512 560 212 36 Avlöningar
743 558 50 31 till
816 556 175 32 ordinarie
1013 555 220 37 tjänstemän,
1256 554 68 37 för-

556 610 144 37 Slagsvis
760 628 560 11 vesserererrererererr
1206 603 117 48 terrass
1350 604 131 30 kronor
1507 602 138 36 147,800

458 664 29 29 2.
512 662 160 30 Arvoden
697 661 65 29 och
786 659 172 31 särskilda
984 656 239 36 ersättningar,
1247 656 55 29 be-

558 711 136 32 stämda
719 720 41 21 av
787 710 123 35 Kungl.
937 708 102 36 Maj:t
1070 729 248 8 ...........-
1409 716 12 15 »
1549 703 97 36 3,800

458 764 30 30 3.
514 762 211 36 Avlöningar
753 761 51 30 till
835 760 97 36 övrig
962 757 265 32 icke-ordinarie
1252 765 73 27 per-

558 813 99 31 SONAl
715 830 603 12 o...osocssresecrtrasrrkre
1200 806 55 45 tre
1268 806 54 45 res
1408 816 12 15 >
1527 804 118 37 63,800

459 866 29 29 4.
515 864 131 36 Rörligt
674 863 126 36 tillägg,
832 860 202 39 förslagsvis
1070 881 250 8 ........-.--:
1410 868 12 14 »
1528 855 120 35 31,600

1155 906 4 3 |
1188 925 141 31 Summa
1348 925 132 29 kronor
1504 898 159 65 247,000;

504 1006 33 40 b)
567 1005 52 32 till
643 1005 135 31 Statens
802 1002 366 40 uppfostringsanstalt
1203 1001 10 31 å
1236 1000 109 30 Bona:
1370 998 210 37 Avlöningar
1602 997 56 31 för

460 1056 203 38 budgetåret
687 1052 141 35 1941/42
852 1054 122 31 anvisa
995 1056 46 28 ett
1061 1052 267 36 förslagsanslag
1351 1060 43 21 av
1416 1049 140 36 247,000
1580 1049 78 29 kro-

461 1118 73 21 nor.

196 1226 91 40 40:0)
329 1227 140 30 Statens
496 1223 375 39 uppfostringsanstalt
910 1220 10 32 å
948 1222 113 29 Bona:
1091 1219 272 31 Omkostnader.
1404 1217 124 36 Kungl.
1557 1214 103 37 Maj:t

150 1279 66 31 har
241 1278 123 39 (punkt
384 1278 53 35 47,
458 1277 62 31 sid.
565 1274 118 40 71—73)
710 1273 175 37 föreslagit
905 1273 186 35 riksdagen
1111 1273 50 29 att
1180 1271 51 29 till
1253 1269 134 31 Statens
1407 1267 252 38 uppfostrings-

151 1330 128 31 anstalt
309 1328 7 31 å
332 1328 111 31 Bona:
464 1326 256 32 Omkostnader
736 1325 56 30 för
807 1322 204 38 budgetåret
1030 1318 142 35 1941/42
1191 1321 119 32 anvisa
1328 1323 47 27 ett
1391 1318 269 37 förslagsanslag

152 1390 43 21 av
216 1379 140 36 210,700
379 1379 140 31 kronor.

198 1472 14 30 I
238 1472 185 30 riksstaten
451 1470 57 31 för
534 1468 235 31 innevarande
795 1465 170 38 budgetår
992 1466 38 30 är
1057 1463 265 37 ifrågavarande
1349 1462 122 36 anslag
1496 1462 165 35 upptaget

152 1523 81 30 med
258 1521 139 36 188,200
420 1521 139 30 kronor.

199 1573 68 30 För
283 1573 99 30 nästa
400 1569 171 38 budgetår
588 1570 129 30 räknas
736 1569 79 30 med
834 1576 136 22 samma
989 1565 205 37 beläggning
1214 1563 20 31 å
1254 1563 171 31 anstalten
1443 1579 45 4 —
1505 1561 11 30 i
1534 1560 127 31 medel-

154 1624 47 30 tal
228 1623 61 30 170
313 1623 112 29 elever
447 1638 45 4 —
516 1630 74 21 som
615 1619 57 31 vid
698 1618 155 37 fjolårets
877 1616 341 37 anslagsberäkning.
1256 1614 78 30 Med
1357 1613 138 36 hänsyn
1519 1612 50 30 till
1594 1611 69 30 den

155 1674 176 30 allmänna
347 1671 268 38 prisstegringen
633 1671 91 30 hava
741 1668 188 32 emellertid
946 1667 91 31 vissa
1054 1669 116 34 poster
1186 1665 11 30 i
1214 1665 188 31 anstaltens
1421 1662 240 31 omkostnads-

154 1727 67 28 stat
246 1724 226 36 uppräknats.
510 1721 152 31 Sålunda
688 1721 90 31 hava
803 1722 163 34 posterna
991 1718 51 30 till
1066 1717 149 35 bränsle,
1241 1717 71 36 lyse
1336 1715 66 30 och
1428 1716 115 28 vatten
1567 1711 95 37 höjts

153 1776 82 30 med
255 1773 116 36 10,000
391 1773 132 30 kronor
540 1772 66 31 och
624 1772 53 29 till
696 1770 195 37 utspisning
910 1770 81 30 med
1012 1768 117 35 13,000
1150 1767 138 30 kronor.
1320 1765 187 37 Delposten
1527 1760 51 33 fill
1598 1763 64 30 ele-

153 1834 124 21 vernas
296 1824 113 31 hälso-
431 1823 66 30 och
518 1821 177 38 sjukvård,
716 1821 115 30 vilken
852 1820 112 30 under
984 1828 120 21 senare
1124 1816 40 32 år
1184 1817 86 30 visat
1291 1816 49 37 sig
1361 1814 215 36 otillräcklig,
1598 1813 66 30 har

152 1874 95 37 höjts
270 1875 79 29 med
375 1874 96 35 1,000
495 1874 138 29 kronor.
672 1870 179 36 Därjämte
873 1870 92 29 hava
987 1868 188 36 utgifterna
1199 1866 56 31 för
1275 1865 388 36 befattningshavarnas

155 1924 168 37 sjukvård
345 1933 46 21 m.
416 1933 57 26 m.,
497 1923 94 29 vilka
613 1921 82 31 från
717 1921 65 30 och
804 1921 79 29 med
907 1920 100 29 nästa
1029 1916 168 37 budgetår
1221 1917 95 30 skola
1338 1916 133 29 belasta
1492 1912 171 38 ifrågava-

155 1975 108 31 rande
283 1974 129 36 anslag,
433 1973 187 30 beräknats
640 1971 52 31 till
713 1971 63 30 500
796 1971 139 29 kronor.

199 2019 28 36 Å
253 2025 108 30 andra
388 2022 100 32 sidan
513 2024 65 29 har
602 2032 43 21 en
669 2020 201 36 minskning
895 2029 43 22 av
963 2018 186 37 utgifterna
1174 2017 186 30 beräknats
1386 2015 56 31 för
1465 2013 199 32 beklädnad

155 2076 66 30 och
241 2074 208 37 sängkläder
467 2074 79 30 med
568 2073 95 35 1,500
684 2073 129 29 kronor
831 2071 66 30 och
917 2069 56 31 för
992 2068 247 36 undervisning
1258 2068 79 30 med
1356 2066 65 30 500
1440 2066 138 29 kronor.

201 2126 14 29 I
232 2125 149 36 enlighet
396 2125 147 30 härmed
560 2121 146 32 föreslås
723 2131 41 21 en
781 2121 147 36 höjning
945 2130 43 21 av
1004 2120 154 35 anslaget
1175 2118 79 30 med
1276 2117 132 39 (10,000
1432 2113 31 31 +
1488 2115 116 35 13,000
1627 2110 32 32 +

158 2175 96 36 1,000
282 2173 31 31 +
342 2175 63 30 500
418 2171 297 40 —1,500
598 2167 21 48 —
640 2167 81 48 500)
746 2171 118 36 22,500
888 2171 140 30 kronor.

202 2267 64 30 Det
286 2276 41 21 av
349 2266 124 35 Kungl.
495 2264 101 36 Maj:t
616 2264 130 30 äskade
765 2262 299 36 anslagsbeloppet
1083 2261 66 29 har
1168 2260 76 30 icke
1262 2258 82 37 givit
1364 2258 165 30 utskottet
1548 2256 116 30 anled-

157 2317 85 35 ning
260 2316 51 30 till
331 2315 154 31 erinran.
515 2314 173 30 Utskottet
705 2312 199 31 hemställer
924 2310 110 36 alltså,

510 2401 50 26 att
584 2397 185 35 riksdagen
795 2395 58 31 må
878 2395 51 30 till
956 2394 134 30 Statens
1118 2390 365 39 uppfostringsanstalt
1519 2389 9 30 å
1554 2389 112 30 Bona:

471 2447 255 31 Omkostnader
752 2447 55 30 för
833 2444 203 37 budgetåret
1066 2439 142 35 1941/42
1237 2442 119 31 anvisa
1384 2443 46 28 ett
1458 2440 208 36 förslagsan-

469 2499 72 36 slag
562 2508 42 21 av
627 2498 141 35 210,700
791 2497 138 29 kronor.

1714 2264 126 25 Utskottet.
