1868 2832
255 187 18 30 8
691 186 103 27 Andra
817 184 193 37 lagutskottets
1033 184 148 27 utlåtande
1203 183 48 27 Nr
1275 184 48 27 34.

256 262 202 40 ställningar
492 261 63 31 och
585 259 194 42 yttranden,
804 270 73 20 som
901 258 11 31 i
936 258 93 31 detta
1052 257 127 31 ärende
1201 256 182 32 inkommit
1405 256 74 31 från
1504 255 90 31 olika
1616 255 146 31 arbetar-

256 303 281 42 organisationer,
562 313 102 30 synes
698 302 126 41 tydligt
857 301 137 40 framgå,
1018 302 50 29 att
1094 299 107 32 bland
1228 299 180 31 arbetarna
1431 298 194 31 fördelarna
1648 308 39 20 av
1711 299 50 29 ett

255 346 123 32 förbud
412 347 73 29 mot
508 344 200 32 skiftarbete
731 344 53 30 för
806 342 227 41 minderåriga
1055 352 102 21 anses
1180 341 132 41 avgjort
1334 342 166 39 överväga
1523 339 237 31 nackdelarna.

255 389 103 30 Emot
389 390 50 29 ett
462 387 109 41 dylikt
593 387 126 31 förbud
742 386 61 31 har
826 384 190 33 emellertid
1039 386 85 29 även
1147 383 215 37 framhållits,
1387 384 51 29 att
1460 382 42 31 de
1526 381 198 38 industrier,
1748 381 11 30 i

254 431 90 30 vilka
379 429 199 32 skiftarbete
612 429 235 35 förekommer,
872 427 11 31 i
917 426 171 41 åtskilliga
1121 426 60 30 fall
1210 436 80 20 vore
1312 425 12 30 i
1346 425 113 31 behov
1487 435 39 20 av
1551 424 41 31 de
1616 423 146 31 minder-

256 473 109 41 årigas
400 472 156 40 billigare
580 471 207 31 arbetskraft
809 471 52 30 för
884 471 49 29 att
955 469 115 31 kunna
1092 468 112 31 hävda
1227 468 51 40 sig
1300 467 12 31 i
1335 467 260 31 konkurrensen
1612 465 78 31 med
1713 467 50 29 ut-

255 515 124 31 landet.
426 514 54 30 En
509 515 160 39 återgång
693 512 53 31 till
770 512 66 31 den
860 511 156 40 ordning,
1041 521 74 20 som
1139 509 212 32 beträffande
1375 509 193 31 nattarbete
1597 508 93 30 inom
1714 507 47 31 in-

257 557 134 31 dustrin
415 556 112 41 gällde
543 556 52 31 för
611 554 229 41 minderåriga
855 553 91 31 intill
964 553 79 31 1932
1060 554 54 29 års
1131 552 131 41 början,
1280 562 103 31 synes
1400 551 69 40 mig
1486 550 87 31 dock
1589 550 172 41 knappast

255 599 132 31 behöva
422 598 153 31 medföra
597 599 105 39 några
725 596 212 41 allvarligare
961 595 221 41 olägenheter
1204 595 10 30 i
1238 605 46 20 nu
1307 593 148 32 berörda
1477 592 209 31 hänseende.

308 691 68 32 För
409 690 227 41 minderåriga
668 689 181 41 ynglingar
883 690 79 30 över
997 689 38 30 16
1069 689 36 29 år
1138 687 98 31 torde
1270 688 18 29 å
1311 697 65 21 ena
1399 686 98 31 sidan
1522 685 67 31 den
1613 684 151 31 sanitära

255 734 109 31 vådan
390 745 40 19 av
454 733 92 31 skift-
569 732 64 32 och
656 732 193 30 nattarbete
872 731 74 31 icke
970 741 78 20 vara
1071 732 38 29 så
1132 732 73 28 stor
1229 740 73 20 som
1325 729 53 30 för
1401 728 116 40 övriga
1533 726 231 40 minderåriga

256 779 87 28 samt
378 778 18 28 å
419 775 106 31 andra
549 775 98 30 sidan
671 774 265 40 olägenheterna
959 783 39 20 av
1022 774 48 29 ett
1094 771 210 41 ovillkorligt
1325 770 126 31 förbud
1474 772 73 28 mot
1570 769 123 31 sådant
1716 779 46 20 ar-

255 819 78 30 bete
367 829 80 19 vara
480 828 91 20 mera
603 816 262 31 framträdande.
911 814 82 32 Med
1016 814 133 41 hänsyn
1172 813 116 31 härtill
1311 823 102 21 anser
1433 812 57 41 jag
1513 811 59 31 det
1593 811 74 31 icke
1683 821 81 20 vara

256 860 212 40 nödvändigt
502 861 49 29 att
573 859 11 30 i
608 859 95 31 detta
727 857 244 40 sammanhang
993 856 125 31 föreslå
1142 858 84 29 även
1249 854 228 42 upphävande
1501 865 40 19 av
1565 853 66 31 den
1655 852 107 32 sedan

256 903 161 41 gammalt
449 901 206 41 förefintliga
688 900 224 41 möjligheten
942 899 53 31 för
1017 898 180 41 ynglingar
1220 899 79 29 över
1324 898 37 30 16
1385 899 36 28 år
1444 898 50 29 att
1516 896 113 30 utföra
1652 895 110 41 dylikt

256 945 124 31 arbete.
427 944 98 31 Dock
560 943 64 31 bör
657 954 78 19 man
771 943 82 30 söka
886 941 185 37 förhindra,
1100 942 50 29 att
1184 940 101 31 dessa
1313 938 218 42 möjligheter
1558 936 204 42 utnyttjas
1743 932 21 54 i

257 987 135 31 onödan
427 986 83 31 eller
543 997 40 19 av
606 985 129 31 sådana
757 983 236 41 minderåriga,
1018 994 73 20 som
1115 983 74 30 icke
1224 984 57 29 äro
1311 981 115 31 starka
1453 991 68 30 nog
1544 981 50 29 att
1617 979 69 31 tåla
1708 980 55 39 på-

256 1029 253 40 frestningarna
530 1028 12 30 i
565 1027 95 31 detta
682 1027 126 31 arbete.
847 1026 18 30 I
888 1026 122 31 sådant
1033 1025 88 41 syfte
1145 1035 103 30 synas
1282 1024 42 31 de
1347 1023 11 31 i
1384 1024 39 30 14
1445 1022 21 41 $
1488 1024 20 29 3
1531 1032 101 20 mom.
1657 1021 107 31 andra

257 1071 133 41 stycket
424 1069 164 42 stadgade
621 1069 168 31 villkoren
824 1068 52 31 för
909 1070 68 29 rätt
1009 1067 52 31 till
1095 1066 204 41 deltagande
1322 1066 11 30 i
1357 1065 193 31 nattarbete
1574 1063 186 41 lämpligen

255 1114 84 31 böra
372 1113 89 41 gälla
495 1115 84 28 även
603 1111 61 31 allt
697 1110 278 32 förekommande
1002 1109 288 31 tvåskiftsarbete.
1336 1107 67 41 Jag
1424 1107 60 31 vill
1508 1106 103 31 också
1633 1105 12 31 i
1669 1105 95 31 detta

257 1155 245 40 sammanhang
525 1155 191 36 omnämna,
742 1155 50 29 att
815 1152 276 42 socialstyrelsen
1116 1151 66 31 den
1206 1151 40 30 23
1269 1150 185 31 november
1479 1149 81 30 1935
1576 1148 11 30 i
1606 1147 159 31 cirkulär-

258 1198 164 31 skrivelse
445 1197 53 30 till
521 1196 358 40 besiktningsläkarna
901 1194 184 37 hemställt,
1100 1195 50 29 att
1166 1193 57 31 vid
1240 1192 41 31 de
1297 1192 107 41 årliga
1419 1189 342 41 läkarbesiktningar,

258 1251 72 20 som
352 1239 136 42 jämlikt
510 1240 39 30 35
571 1237 21 42 $
614 1239 171 40 företagas
808 1239 19 28 å
850 1236 227 40 minderåriga
1100 1236 155 30 arbetare
1278 1234 57 31 vid
1352 1236 109 29 större
1478 1232 170 37 industri-,
1662 1231 102 41 bygg-

256 1282 96 31 nads-
369 1282 65 30 och
458 1280 317 41 transportföretag,
792 1279 139 31 läkarna
951 1280 104 29 måtte
1071 1277 213 31 beträffande
1307 1275 230 41 minderåriga
1561 1274 203 41 sysselsatta

255 1324 12 31 i
290 1323 202 32 skiftarbete
514 1323 11 30 i
548 1322 91 41 varje
663 1322 141 30 särskilt
826 1321 58 30 fall
901 1322 113 39 pröva,
1031 1319 169 31 huruvida
1217 1319 65 31 den
1299 1318 246 40 minderåriges
1559 1316 205 41 deltagande

256 1367 11 30 i
292 1366 216 32 skiftarbetet
541 1365 65 30 kan
641 1364 134 31 befaras
809 1363 143 40 menligt
974 1362 139 31 inverka
1136 1363 43 39 på
1202 1361 86 30 hans
1311 1360 106 37 hälsa,
1454 1361 88 29 samt
1576 1359 60 30 där
1666 1360 38 29 så
1727 1359 38 29 är

255 1408 230 32 förhållandet
509 1406 99 41 skilja
631 1406 67 31 den
722 1405 227 41 minderårige
964 1405 74 30 från
1056 1403 216 32 skiftarbetet
1289 1403 82 30 eller
1387 1401 189 32 föreskriva
1593 1400 170 31 särskilda

255 1451 123 31 villkor
400 1451 54 30 för
476 1450 86 30 hans
585 1448 225 31 användande
835 1447 82 31 däri.

307 1493 50 30 På
379 1492 111 41 grund
513 1503 39 19 av
576 1490 58 32 det
657 1490 144 31 anförda
823 1488 155 32 förordar
999 1488 55 41 jag
1078 1487 128 32 sådana
1229 1486 150 31 ändrade
1399 1485 271 37 bestämmelser,
1689 1494 74 21 som

256 1535 102 31 såvitt
392 1534 135 41 möjligt
557 1532 178 32 förhindra
758 1534 49 29 att
828 1531 119 31 flickor
970 1530 108 31 under
1103 1531 38 30 18
1166 1529 63 31 och
1252 1528 180 42 ynglingar
1454 1527 110 31 under
1589 1527 38 30 16
1650 1528 37 29 år
1710 1537 53 19 an-

255 1577 127 31 vändas
407 1577 53 30 till
483 1577 85 30 natt-
591 1575 83 31 eller
698 1574 208 31 skiftarbete.
954 1572 129 32 Sådant
1106 1572 117 31 arbete
1247 1571 97 31 torde
1365 1571 173 40 knappast
1554 1569 210 31 förekomma

255 1619 227 31 annorstädes
506 1620 42 28 än
570 1617 94 31 inom
681 1616 171 38 industri-,
869 1615 188 42 byggnads-
1074 1615 83 30 eller
1173 1613 317 41 transportföretag.
1522 1611 126 32 Vidare
1665 1610 98 31 torde

255 1661 92 31 inom
383 1661 103 31 dessa
508 1661 131 39 företag
663 1659 59 31 det
745 1659 125 35 arbete,
896 1668 73 20 som
993 1657 73 31 icke
1090 1659 36 28 är
1149 1656 167 41 uppdelat
1338 1657 44 39 på
1406 1654 82 31 skift
1511 1654 64 30 och
1600 1653 27 41 ej
1653 1652 111 31 heller

255 1704 116 31 består
404 1703 12 30 i
450 1702 225 31 distribution
699 1712 40 19 av
762 1711 98 20 varor
883 1700 83 31 eller
988 1698 196 32 uträttande
1208 1709 39 20 av
1270 1697 71 31 bud
1364 1697 83 30 eller
1470 1695 159 38 ärenden,
1654 1695 109 31 sällan

255 1745 96 41 börja
373 1745 73 31 före
469 1745 43 30 kl.
537 1745 18 30 6
578 1745 21 30 f£.
616 1755 43 19 m.
685 1743 84 31 eller
792 1743 90 30 sluta
905 1742 86 31 efter
1012 1741 43 31 kl.
1091 1742 6 29 7
1123 1751 87 20 e.m.
1255 1739 82 31 Med
1360 1739 135 40 hänsyn
1518 1738 118 31 härtill
1659 1747 104 31 synes

255 1787 159 42 lämpligt
443 1789 59 35 att,
533 1786 53 31 till
609 1785 220 31 undvikande
853 1795 40 20 av
915 1784 52 31 för
990 1783 105 31 andra
1117 1783 264 39 näringsgrenar
1404 1780 144 41 onödigt
1571 1779 193 41 skärpande

256 1829 269 37 bestämmelser,
550 1830 114 30 såsom
689 1826 278 41 socialstyrelsen
991 1825 185 40 föreslagit,
1193 1824 174 31 bibehålla
1390 1825 114 29 såsom
1529 1822 125 31 allmän
1670 1820 93 42 regel

257 1872 206 41 stadgandet
485 1871 11 30 i
521 1872 40 29 14
581 1869 21 42 $
625 1870 19 31 3
667 1881 101 19 mom.
793 1869 108 31 första
925 1868 140 41 stycket,
1091 1870 50 28 att
1164 1866 66 31 den
1254 1865 227 41 minderårige
1506 1864 86 31 skall
1615 1863 146 32 beredas

256 1914 153 41 ledighet
443 1913 105 31 minst
582 1912 74 31 elva
690 1912 136 30 timmar
859 1910 91 41 varje
984 1910 100 41 dygn,
1108 1909 11 30 i
1143 1909 113 30 vilken
1279 1907 153 42 ledighet
1456 1907 87 30 skall
1566 1906 78 41 ingå
1668 1905 95 31 tiden

257 1957 124 30 mellan
415 1956 44 30 kl.
486 1956 38 30 10
547 1966 26 20 e.
591 1966 42 19 m.
669 1954 64 31 och
767 1953 42 31 kl.
834 1953 20 30 5
877 1953 20 31 f.
915 1964 52 26 m.,
1003 1963 77 20 men
1103 1951 11 31 i
1139 1961 130 21 samma
1291 1950 118 41 stycke
1432 1949 111 31 tillika
1565 1947 198 37 föreskriva,

257 2000 50 29 att
339 1998 11 30 i
384 1998 127 37 arbete,
547 2007 73 21 som
655 2007 99 20 avses
789 1995 78 30 med
893 1994 160 32 förbudet
1076 1994 10 30 i
1113 1994 38 30 10
1174 1992 21 42 $
1217 1993 108 30 första
1348 1991 142 42 stycket,
1516 1991 30 30 d.
1564 2002 28 19 v.
1611 2001 25 20 s.
1667 1989 96 31 indu-

257 2040 125 31 striellt
405 2040 126 35 arbete,
556 2037 296 43 byggnadsarbete
876 2036 64 32 och
963 2035 304 42 transportarbete,
1291 2034 196 40 ledigheten
1512 2033 87 31 skall
1622 2032 143 31 omfatta

257 2082 95 32 tiden
376 2082 126 31 mellan
525 2081 43 31 kl.
594 2081 16 30 7
636 2092 26 20 e.
680 2092 42 19 m.
748 2079 64 32 och
835 2080 19 31 6
877 2079 20 31 f.
917 2090 41 19 m.
1005 2077 224 33 Sistnämnda
1251 2076 242 32 bestämmelse
1516 2075 64 31 bör
1602 2074 89 41 gälla
1711 2073 53 30 för

258 2124 158 41 samtliga
449 2122 237 41 minderåriga.
732 2121 18 31 I
778 2121 152 41 enlighet
951 2120 78 31 med
1052 2120 59 31 det
1134 2119 145 41 tidigare
1302 2118 143 32 anförda
1466 2118 85 30 böra
1573 2115 191 33 emellertid

259 2165 501 42 undantagsbestämmelserna
793 2164 12 30 i
834 2165 38 29 14
894 2162 21 42 8
937 2163 19 30 3
979 2174 100 20 mom.
1114 2161 107 31 andra
1249 2161 132 41 stycket
1403 2160 204 31 bibehållas.
1652 2158 113 31 Dessa

257 2208 263 32 bestämmelser
543 2207 110 31 skulle
677 2209 44 39 på
743 2205 111 42 grund
878 2216 40 20 av
941 2205 66 31 den
1030 2205 11 30 i
1064 2205 109 30 första
1196 2203 133 42 stycket
1351 2203 195 39 föreslagna
1562 2200 201 32 särbestäm-

259 2252 129 30 melsen
412 2250 129 31 erhålla
563 2249 124 40 vidgad
712 2247 252 42 tillämplighet.

309 2293 77 31 Den
422 2303 40 20 av
496 2291 68 41 mig
599 2291 144 31 sålunda
770 2289 181 32 förordade
975 2288 230 42 skärpningen
1229 2298 40 20 av
1291 2287 162 31 förbudet
1475 2287 73 29 mot
1571 2283 193 33 nattarbete

257 2336 52 30 för
342 2334 229 40 minderåriga
605 2344 103 31 synes
742 2333 84 30 böra
859 2331 97 32 träda
988 2331 11 30 i
1032 2331 89 30 kraft
1144 2330 66 31 den
1236 2331 14 29 1
1274 2329 64 41 juli
1363 2329 89 31 1936.
1501 2327 122 32 Såsom
1648 2325 116 33 social-

259 2377 168 42 styrelsen
462 2376 112 31 anfört
607 2375 98 31 torde
734 2374 231 41 skärpningen
989 2373 86 31 dock
1098 2373 75 30 icke
1195 2372 84 31 böra
1302 2371 89 41 gälla
1413 2369 237 41 minderåriga,
1677 2367 88 32 vilka

259 2420 56 31 vid
337 2418 286 32 ikraftträdandet
647 2417 174 31 användas
844 2416 11 30 i
879 2415 115 32 arbete
1019 2426 73 20 som
1116 2425 99 20 avses
1239 2413 77 31 med
1340 2412 241 41 skärpningen.
