1876 2782
284 143 42 31 22
638 145 287 30 Statsutskottets
944 146 177 30 utlåtande
1141 156 43 20 nr
1204 147 58 29 131
1283 147 40 30 år
1343 147 83 30 1956

290 238 57 20 ma
365 230 46 29 ett
428 229 189 30 samarbete
635 230 127 29 mellan
779 230 40 30 de
839 230 134 37 statliga
992 230 64 30 och
1074 231 134 37 privata
1227 232 201 29 intressena.
1448 231 54 30 Ett
1521 231 122 30 sådant
1664 241 126 20 samar-

288 278 77 30 bete
381 279 64 30 bör
462 279 66 30 öka
546 279 334 38 förutsättningarna
898 281 53 29 för
968 282 47 30 ett
1032 281 135 29 relativt
1186 281 123 30 snabbt
1327 281 269 38 genomförande
1615 291 41 20 av
1674 282 115 29 televi-

288 328 122 29 sionen
431 330 84 28 utan
536 331 49 28 att
608 329 156 30 medföra
784 330 76 30 icke
880 331 197 29 önskvärda
1099 331 400 30 samhällsekonomiska
1519 331 269 30 konsekvenser.

290 379 48 30 De
361 380 104 29 totala
486 379 293 38 investeringarna
802 380 54 30 för
877 381 261 30 verksamheten
1158 382 117 29 kunna
1298 382 171 37 nämligen
1493 382 149 30 fördelas
1663 383 126 30 mellan

284 428 70 29 den
377 429 182 39 offentliga
582 430 64 29 och
669 430 158 30 enskilda
851 431 151 34 sektorn,
1025 431 199 39 varigenom
1250 432 171 29 undvikes
1445 441 42 20 en
1512 432 118 30 alltför
1654 432 134 39 ensidig

285 479 67 29 och
375 479 219 40 betungande
617 480 197 40 belastning
837 490 41 20 av
901 481 66 30 den
990 481 183 40 offentliga
1198 482 153 30 sektorn.
1375 483 52 28 En
1452 482 169 30 snabbare
1645 482 143 40 utbygg-

287 529 70 29 nad
381 539 41 20 av
445 530 224 30 televisionen
692 531 69 29 kan
786 531 116 30 vidare
926 532 171 29 förbättra
1120 533 135 31 landets
1280 532 222 40 möjligheter
1525 535 50 28 att
1598 533 114 30 hävda
1737 533 51 39 sig

286 580 46 39 på
357 580 319 31 elektroteknikens
701 581 152 35 område,
881 582 105 29 vilket
1010 583 37 29 är
1072 592 41 20 av
1138 583 272 39 utomordentlig
1434 583 184 40 betydelse,
1643 585 64 28 när
1731 584 57 29 det

286 630 110 39 gäller
428 631 50 29 att
509 631 218 39 tillvarataga
760 632 64 30 och
857 633 154 38 utnyttja
1045 632 135 30 landets
1213 633 141 40 knappa
1386 633 402 31 arbetskraftsresurser.

292 681 47 29 Ur
373 681 377 31 samhällsekonomisk
783 682 65 30 och
881 682 75 30 icke
989 683 107 30 minst
1130 692 41 21 ur
1203 683 270 30 statsfinansiell
1506 684 180 39 synpunkt
1719 684 70 29 tala

287 731 120 29 starka
430 731 74 30 skäl
527 731 54 30 för
605 741 41 20 en
669 732 333 40 samarbetslösning
1025 742 74 21 som
1124 734 75 29 icke
1220 734 68 29 blir
1311 734 54 30 för
1387 734 220 40 betungande
1632 744 79 20 vare
1737 735 50 37 sig

287 780 54 30 för
362 781 289 31 licensbetalarna
669 783 82 30 eller
771 783 54 30 för
845 783 229 30 statskassan.
1093 784 52 30 En
1165 784 108 30 sådan
1293 784 137 40 lösning
1449 784 62 30 bör
1531 785 116 30 vidare
1666 785 120 30 kunna

283 830 265 31 åstadkommas
569 834 86 28 utan
676 833 72 30 risk
771 834 53 29 för
846 836 50 28 att
918 842 263 31 programmens
1203 835 144 29 kvalitet
1369 835 207 30 eftersättes.
1601 836 49 30 De
1671 835 116 31 farhå-

283 889 63 31 gor
366 891 75 20 som
461 882 9 29 i
490 882 94 30 detta
604 883 257 40 sammanhang
880 884 100 39 givits
1001 885 141 39 uttryck
1162 885 64 34 för,
1246 886 176 39 nämligen
1443 887 49 28 att
1513 886 47 29 ett
1582 886 205 30 kommersi-

285 931 60 30 ellt
368 933 277 40 programinslag
669 934 135 30 medför
827 934 73 30 risk
923 935 54 30 för
1000 935 197 31 kvalitativt
1221 936 243 39 undermåliga
1486 944 173 33 program,
1684 945 102 31 synes

286 982 173 31 utskottet
473 984 215 30 överdrivna.
704 985 239 39 Betryggande
959 986 175 39 garantier
1150 986 53 30 för
1219 988 49 28 att
1283 994 247 32 programmen
1545 987 58 30 vid
1618 996 42 20 en
1678 987 108 30 sådan

289 1033 139 39 lösning
446 1034 97 29 skola
562 1034 35 30 få
616 1034 175 31 önskvärd
810 1035 144 31 kvalitet
973 1036 120 30 kunna
1113 1036 195 40 säkerligen
1328 1037 134 29 vinnas.
1483 1038 12 30 I
1514 1037 66 30 den
1601 1038 81 29 mån
1702 1037 88 39 möj-

284 1083 149 40 ligheter
449 1084 96 29 finns
560 1086 51 28 att
628 1084 10 30 i
655 1085 469 31 televisionsverksamheten
1140 1095 170 31 engagera
1328 1087 75 30 icke
1420 1088 122 29 endast
1561 1087 224 40 näringslivet

287 1136 87 28 utan
394 1135 85 29 även
499 1134 428 40 intresseorganisationer
947 1137 78 29 med
1045 1137 220 39 anknytning
1286 1137 51 30 till
1359 1137 271 31 folkrörelserna
1649 1138 65 30 och
1735 1147 53 21 ar-

283 1184 318 31 betsmarknadens
622 1187 117 38 parter
759 1186 63 30 bör
843 1186 95 30 detta
958 1196 83 20 vara
1063 1196 43 20 en
1126 1187 130 39 borgen
1278 1187 55 30 för
1355 1187 366 40 programkvaliteten.

332 1234 176 31 Utskottet
525 1235 118 30 finner
660 1235 148 31 sålunda
825 1238 50 28 att
892 1237 57 29 det
965 1246 41 20 ur
1023 1237 114 30 skilda
1155 1237 220 40 synpunkter
1392 1239 38 29 är
1447 1238 221 39 synnerligen
1687 1247 102 30 ange-

284 1285 93 39 läget
396 1287 50 28 att
466 1294 81 21 man
567 1286 75 29 icke
661 1287 43 39 på
723 1287 95 29 detta
836 1286 153 39 alltjämt
1007 1287 226 40 preliminära
1253 1287 155 30 stadium
1429 1290 53 28 tar
1503 1288 169 40 slutgiltig
1693 1289 94 30 ställ-

284 1335 86 40 ning
390 1335 52 30 till
462 1336 488 31 televisionsverksamhetens
972 1337 265 39 finansierings-
1257 1338 64 29 och
1344 1338 400 40 organisationsformer.

327 1386 120 30 Denna
466 1386 222 38 uppfattning
705 1387 181 37 bestyrkes
905 1388 127 36 jämväl
1054 1398 41 19 av
1116 1388 65 30 vad
1204 1398 74 20 som
1298 1389 139 30 anföres
1459 1390 10 29 i
1489 1390 175 30 motionen
1686 1389 28 30 I:
1729 1389 59 30 500

283 1437 67 29 där
367 1437 295 39 angelägenheten
680 1446 41 21 av
740 1437 272 30 svensk-danskt
1031 1438 119 39 utbyte
1169 1448 42 20 av
1230 1438 364 41 televisionsprogram
1613 1440 65 29 och
1698 1449 90 20 sam-

284 1486 152 40 ordning
453 1488 80 29 över
551 1487 120 30 huvud
691 1489 91 37 taget
801 1497 42 20 av
862 1488 126 30 svensk
1007 1488 64 30 och
1091 1488 113 30 dansk
1224 1488 180 30 television
1423 1489 215 31 framhålles.
1658 1490 57 30 Ett
1735 1491 52 29 så-

285 1538 87 29 dant
393 1537 193 31 samarbete
608 1538 96 29 torde
725 1537 122 31 kunna
870 1538 48 29 bli
939 1547 42 21 av
1001 1540 88 28 stort
1110 1539 104 30 värde
1234 1539 11 29 i
1267 1540 190 38 synnerhet
1479 1540 111 30 under
1611 1541 176 39 uppbygg-

283 1587 196 35 nadstiden,
500 1588 44 29 då
563 1588 56 29 det
638 1589 37 29 är
694 1588 179 39 angeläget
892 1590 49 27 att
960 1589 260 39 programtiden
1240 1589 54 29 får
1314 1599 41 19 en
1375 1590 109 30 sådan
1502 1590 213 40 omfattning
1734 1591 51 30 att

280 1638 367 38 televisionspubliken
667 1639 54 30 får
740 1639 130 38 rimligt
888 1639 116 37 utbyte
1025 1649 42 21 av
1086 1640 76 29 sina
1181 1641 188 36 mottagare
1390 1641 65 30 och
1474 1650 42 21 av
1535 1642 66 30 den
1622 1641 165 30 licensav-

284 1688 68 39 gift
371 1697 76 21 som
467 1689 89 29 skall
576 1689 186 40 erläggas.»

328 1738 74 32 dels
423 1739 84 30 sista
529 1738 185 40 meningen
734 1739 11 30 i
766 1739 57 31 det
844 1739 128 39 stycke,
995 1748 76 20 som
1091 1740 43 39 på
1155 1749 25 21 s.
1204 1740 38 29 18
1261 1740 121 39 börjar
1402 1742 78 29 med
1502 1741 196 32 »Utskottet
1719 1741 67 30 fin-

283 1798 82 20 ner»
385 1789 64 30 och
465 1789 44 40 på
527 1799 25 21 s.
574 1790 38 29 19
630 1790 109 29 slutar
757 1790 78 29 med
856 1791 119 29 >»nästa
993 1790 71 33 år»,
1082 1790 77 30 bort
1177 1790 44 30 ha
1241 1791 156 39 följande
1417 1790 144 41 lydelse:

329 1839 92 31 >Mot
438 1839 230 40 bakgrunden
686 1849 41 20 av
746 1849 46 20 nu
812 1840 153 39 antydda
984 1840 298 40 omständigheter
1300 1851 103 30 synes
1424 1842 57 30 det
1500 1843 169 30 utskottet
1689 1843 10 29 i
1717 1843 68 40 hög

281 1889 87 39 grad
390 1889 177 37 önskvärt,
589 1892 51 28 att
660 1890 216 40 prövningen
898 1900 41 21 av
959 1891 41 30 de
1021 1892 78 30 med
1123 1891 66 30 den
1209 1891 177 40 reguljära
1407 1892 379 31 televisionsverksam-

281 1939 123 31 hetens
426 1941 86 29 start
532 1940 65 29 och
617 1940 200 40 utbyggnad
839 1941 346 40 sammanhängande
1206 1941 201 40 problemen
1429 1944 78 30 med
1527 1943 195 30 beaktande
1743 1952 42 22 av

280 1990 69 30 vad
366 1990 170 30 utskottet
552 1999 89 21 ovan
659 1990 11 30 i
687 1991 100 30 dessa
805 1991 118 39 frågor
941 1991 117 30 anfört
1076 1992 80 29 sker
1174 1992 77 30 med
1270 1992 110 30 sådan
1399 1993 253 40 skyndsamhet
1668 1996 50 28 att
1736 1996 49 28 ett

282 2040 190 40 preciserat
499 2041 131 39 förslag
655 2041 217 30 härutinnan
898 2041 70 30 kan
994 2041 194 40 föreläggas
1214 2043 188 40 riksdagen
1428 2052 57 21 om
1513 2044 138 40 möjligt
1676 2044 108 31 redan

282 2092 103 28 nästa
401 2090 68 31 år.»

327 2141 74 30 dels
422 2141 57 32 det
501 2142 119 39 stycke
641 2142 44 39 på
706 2151 26 20 s.
758 2142 50 34 19,
832 2151 75 21 som
927 2142 118 40 börjar
1067 2143 78 30 med
1170 2144 94 30 »>Den
1287 2145 173 29 nämnda»
1486 2145 65 29 och
1574 2145 110 31 slutar
1705 2146 79 30 med

283 2191 191 30 >nordiska
492 2192 240 34 samarbetet»,
752 2192 78 30 bort
848 2192 44 30 ha
911 2192 156 40 följande
1087 2193 144 40 lydelse:

329 2242 96 29 >Den
445 2243 154 29 nämnda
620 2243 214 39 prövningen
855 2243 61 29 bör
939 2242 107 41 enligt
1068 2245 189 31 utskottets
1279 2245 141 40 mening
1442 2246 85 29 även
1549 2246 147 31 omfatta
1718 2247 66 30 den

281 2293 10 28 i
317 2291 177 31 motionen
521 2292 107 31 1:500
653 2292 147 30 berörda
824 2293 134 40 frågan.
984 2294 13 29 I
1021 2294 65 29 vad
1112 2295 81 29 mån
1217 2296 57 28 det
1297 2296 76 29 däri
1398 2296 195 40 framlagda
1618 2297 164 40 förslaget

280 2351 59 20 om
360 2351 43 21 en
425 2343 215 40 provisorisk
661 2343 306 40 programledning
990 2345 128 29 mellan
1141 2345 201 30 Stockholm
1365 2346 65 30 och
1452 2347 231 40 Köpenhamn
1705 2348 78 30 med

279 2393 191 39 avgrening
493 2393 370 40 Varberg—Göteborg
887 2394 64 29 och
974 2395 77 29 med
1077 2396 208 29 anslutande
1312 2396 237 39 provisoriska
1570 2398 214 30 televisions-

280 2443 151 30 sändare
457 2445 36 28 är
521 2444 154 30 tekniskt
703 2445 260 38 genomförbart
989 2445 64 29 och
1080 2446 222 31 ekonomiskt
1329 2447 183 30 motiverat
1539 2448 245 39 undandrager
