1892 2848
324 157 18 30 6
618 155 420 37 Bevillningsutskottets
1065 152 227 32 betänkande
1316 153 53 31 Nr
1394 153 50 30 22.

286 237 89 30 utan
402 234 263 36 frauskiljande
692 243 46 21 av
761 243 86 21 vare
871 232 58 36 sig
953 232 79 32 skal
1057 232 86 32 eller
1167 231 212 32 växtfibrer.
1425 230 65 32 Ett
1515 230 118 37 dylikt
1657 230 126 31 klister

285 287 57 32 lär
370 297 92 21 vara
490 286 117 32 starkt
635 285 181 32 bindande
844 284 133 31 mellan
1004 293 135 27 papper
1169 283 66 31 och
1262 284 67 35 trä,
1359 282 127 31 varför
1512 283 60 31 det
1602 282 97 31 visat
1727 281 57 36 sig

286 338 142 37 mycket
451 336 167 37 lämpligt
642 336 64 32 vid
729 334 235 38 tillverkning
989 345 47 21 av
1060 334 319 36 tändsticksaskar,
1404 333 146 32 särskilt
1576 333 58 31 för
1656 334 127 35 export

286 392 45 35 på
357 389 126 32 länder
510 390 79 31 med
615 398 168 22 varmare
809 387 139 32 klimat.
996 385 212 33 Emellertid
1235 386 184 31 användes
1447 385 97 31 inom
1570 384 213 32 tändsticks-

283 441 202 32 industrien
506 443 91 29 även
614 439 310 38 potatisstärkelse
944 440 13 31 i
976 439 31 36 ej
1031 438 105 36 ringa
1157 436 221 37 omfattning
1400 437 57 31 för
1478 435 238 36 tillverkning
1734 445 47 22 av

282 493 137 36 klister,
441 493 66 31 och
527 491 312 36 undersökningar
860 490 80 32 lära
961 489 161 37 alltjämt
1142 490 96 35 pågå
1260 490 13 30 i
1294 489 96 37 syfte
1412 490 54 30 att
1487 487 131 32 bereda
1638 487 70 31 den
1731 488 51 29 in-

284 545 146 32 hemska
454 554 115 22 varan
593 543 94 32 ökad
710 542 237 37 användning
970 543 58 30 för
1050 540 239 33 omförmälda
1314 540 178 32 ändamål.

323 595 376 37 Tändsticksbolagets
747 594 234 36 användning
1027 602 46 23 av
1101 592 283 37 ifrågavarande
1412 593 111 30 rötter
1551 591 115 32 under
1696 593 86 30 åren

284 648 199 32 1925—1927
513 649 95 30 samt
639 647 81 31 1930
749 645 140 37 belöpte
918 646 59 36 sig
1006 644 115 37 enligt
1152 644 148 37 uppgift
1329 643 59 32 till
1417 642 243 36 sammanlagt
1691 641 89 37 5,138

284 702 71 35 ton,
380 699 33 32 d.
437 709 34 22 v.
497 710 25 21 s.
546 708 141 23 samma
707 698 181 32 kvantitet
913 707 77 22 som
1013 697 103 32 dessa
1142 697 43 31 år
1208 696 232 36 importerats
1465 694 58 32 till
1547 693 132 33 landet.
1704 693 78 31 Den

285 751 199 32 avsevärda
510 751 182 35 ökningen
717 760 48 21 av
789 750 174 31 införseln
990 750 86 31 åren
1100 748 80 31 1928
1208 748 65 31 och
1298 747 78 31 1929
1402 747 69 31 har
1497 745 112 37 enligt
1633 744 148 38 uppgift

281 802 115 32 berott
422 802 124 37 därpå,
572 803 54 30 att
650 812 117 21 varan
791 800 46 33 då
863 800 138 36 jämväl
1025 799 150 32 kommit
1203 799 57 32 till
1287 797 233 37 användning
1546 798 118 31 såsom
1689 795 94 33 svin-

284 855 109 32 foder.
418 855 6 10 '
647 890 4 5 |

323 906 100 31 Enär
448 916 47 22 av
522 907 40 31 de
589 905 208 33 inhämtade
821 904 312 37 upplysningarna
1161 903 172 36 framgår,
1358 903 55 30 att
1436 902 45 32 de
1505 902 113 30 rötter
1644 910 46 21 av
1715 899 67 31 här

284 958 281 36 ifrågavarande
588 958 91 36 slag,
704 957 101 31 vilka
828 957 97 31 inom
951 956 121 32 landet
1098 955 80 32 icke
1204 954 192 32 förbrukas
1421 954 117 31 såsom
1563 951 219 33 kreatursfo-

279 1004 71 43 der,
369 1011 131 30 nästan
520 1009 229 32 uteslutande
770 1009 103 31 finna
891 1008 235 36 användning
1147 1007 99 31 inom
1264 1004 415 36 tändsticksindustrien,
1699 1013 84 21 vars

278 1062 238 36 tillverkning
540 1061 59 31 till
625 1060 226 38 ojämförligt
879 1061 134 30 största
1037 1059 102 31 delen
1164 1058 219 36 exporteras,
1410 1057 65 31 och
1502 1056 45 31 då
1573 1055 210 31 restitution

278 1113 62 32 vid
356 1114 174 36 exporten
547 1113 162 36 åtnjutes
727 1123 47 20 av
791 1111 125 38 erlagd
932 1111 71 31 tull
1021 1111 55 31 för
1093 1111 13 30 i
1124 1109 286 36 tillverkningen
1427 1107 176 38 ingående
1621 1108 162 34 råvaror,

282 1165 116 31 skulle
427 1163 205 33 införandet
661 1173 49 21 av
740 1163 67 32 tull
838 1165 21 29 å
887 1172 118 22 varan
1033 1162 78 31 icke
1139 1161 124 31 kunnå
1291 1160 81 31 leda
1401 1159 58 32 till
1489 1158 292 36 förverkligande

279 1225 46 22 av
369 1216 60 32 det
472 1216 79 31 med
587 1215 224 32 motionerna
844 1214 157 32 avsedda
1036 1212 208 38 syftemålet
1280 1213 53 31 att
1368 1211 113 32 vinna
1518 1210 92 33 ökad
1646 1210 134 31 avsätt-

280 1268 90 37 ning
392 1268 57 32 för
468 1268 145 31 svenskt
634 1266 233 38 potatismjöl.
906 1266 84 32 Med
1010 1266 143 36 hänsyn
1173 1263 127 33 härtill
1320 1263 67 32 har
1407 1263 185 35 utskottet,
1613 1263 91 30 utan
1726 1261 53 31 att

282 1321 13 30 i
321 1321 120 36 övrigt
466 1320 86 36 ingå
577 1321 46 35 på
648 1319 44 32 de
715 1319 88 36 skäl,
827 1328 77 22 som
927 1318 124 31 kunna
1077 1317 149 31 anföras
1251 1317 74 30 mot
1348 1315 62 32 det
1437 1313 246 37 föreliggande
1710 1312 69 31 för-

282 1373 124 36 slaget,
429 1373 117 30 ansett
567 1371 58 36 sig
647 1370 89 32 böra
759 1370 174 37 avstyrka
954 1369 108 31 bifall
1084 1368 58 31 till
1166 1367 206 32 detsamma.

321 1423 183 32 Utskottet
527 1422 209 32 hemställer
761 1421 160 37 sålunda,

720 1526 53 29 att
802 1524 42 32 de
871 1523 233 37 likalydande
1132 1522 225 31 motionerna
1382 1521 33 31 I:
1431 1521 58 31 116
1517 1530 47 21 av
1592 1520 84 31 herr
1707 1519 73 32 Cle-

679 1576 162 31 medtson
888 1585 45 21 m.
971 1574 38 32 fl.
1048 1574 65 31 och
1141 1573 126 31 II:161
1295 1583 46 21 av
1369 1572 84 31 herr
1481 1572 155 31 Jönsson
1664 1571 13 31 i
1705 1570 76 32 Boa

677 1636 46 22 m.
746 1627 48 37 fl.,
813 1625 186 37 angående
1020 1625 69 32 tull
1123 1626 9 31 å
1165 1624 191 37 manioka-,
1379 1623 160 37 tapioka-
1562 1623 65 31 och
1650 1632 128 22 arrow-

677 1680 67 35 rot,
769 1679 77 32 icke
871 1679 112 30 måtte
1008 1676 187 32 föranleda
1220 1676 119 35 någon
1364 1675 210 36 riksdagens
1599 1674 139 36 åtgärd.

317 1783 206 31 Stockholm
546 1783 67 31 den
636 1783 39 31 17
699 1792 96 21 mars
817 1782 88 30 19381.

694 1884 53 31 På
772 1883 411 36 bevillningsutskottets
1209 1884 153 33 vägnar:

857 1977 101 32 JOH.
984 1976 208 33 NILSSON.

275 2162 196 25 Närvarande:
489 2162 96 23 herrar
605 2160 110 24 Nilsson
726 2160 9 23 i
746 2158 195 29 Kristianstad,
958 2154 81 32 Örne,
1052 2159 145 30 Bergman,
1217 2153 126 32 Boman”,
1364 2158 115 23 Ericson
1492 2158 9 23 i
1515 2157 114 31 Oberga,
1643 2157 133 27 Leander,

491 2205 119 23 Jönsson
629 2204 10 23 i
659 2200 78 29 Boa",
762 2202 141 31 Nylander
926 2203 9 22 i
959 2202 172 27 Stockholm,
1161 2201 104 24 Olsson
1284 2201 8 23 i
1312 2202 123 26 Ramsta,
1455 2201 165 30 Björklund,
1641 2202 103 24 Olsson
1768 2202 9 22 i

492 2248 158 28 Golvvasta,
669 2244 137 30 Wohlin",
825 2246 100 24 Olsson
953 2246 9 23 i
990 2245 91 28 Gävle,
1105 2245 175 28 Wahlmark,
1299 2244 160 30 Forssberg,
1480 2236 118 37 Åström,
1619 2241 156 33 Östergren,

490 2292 117 24 Ericson
626 2291 10 23 i
655 2290 147 27 Boxholm,
821 2289 116 24 Werner
956 2289 53 24 och
1028 2288 127 32 Heiding.

491 2358 12 13 +
523 2361 62 23 Icke
603 2359 127 25 närvarit
750 2358 45 24 vid
813 2359 172 30 justeringen
1005 2365 32 16 av
1055 2357 200 24 betänkandet.

492 2527 110 18 310906.
646 2522 175 29 Stockholm,
843 2522 80 24 Isaac
946 2521 112 25 Marcus
1081 2521 375 32 Boktryckeri-Aktiebolag,
1482 2522 74 24 1931.
