1892 2840
104 243 127 24 Utskottet.

284 165 43 31 42
772 171 230 30 Statsutskottets
1024 175 148 27 utlåtande
1193 176 49 26 Nr
1264 174 28 31 4.

345 242 180 39 Utskottet,
552 255 74 20 som
649 245 191 42 tillstyrker
861 246 125 42 Kungl.
1010 248 117 41 Maj:ts
1149 249 136 42 förslag,
1309 250 205 40 hemställer,

606 305 50 29 att
677 304 184 42 riksdagen
884 308 53 29 må
960 307 64 30 öka
1055 307 170 32 ordinarie
1247 310 387 43 reservationsanslaget
1656 313 52 31 till
1731 324 55 20 an-

553 353 178 42 skaffning,
748 355 181 32 underhåll
952 357 64 31 och
1040 358 82 31 drift
1144 369 40 21 av
1206 359 239 40 sjöförsvarets
1468 363 247 39 motorfordon,
1738 375 48 20 nu

552 404 115 38 39,000
688 405 136 39 kronor,
849 407 76 31 med
948 408 93 37 6,000
1064 408 126 32 kronor
1212 410 54 31 till
1287 410 116 39 41,000
1424 411 135 33 kronor.

337 496 83 41 76:0)
444 498 200 39 Förlängning
668 508 35 22 av
727 500 99 31 Oscar
849 501 47 30 II:s
919 502 99 31 docka
1042 503 6 30 i
1075 503 184 32 Karlskrona
1283 513 36 22 m.
1338 513 35 23 m.
1408 504 18 32 I
1442 507 343 32 överensstämmelse

283 546 80 32 med
386 547 123 41 Kungl.
534 548 116 41 Maj:ts
674 549 129 42 förslag
825 549 119 43 (punkt
967 552 49 38 94,
1042 552 62 31 sid.
1131 554 57 30 137
1213 554 64 31 och
1302 554 70 41 138)
1392 555 198 33 hemställer
1604 558 179 39 utskottet,

603 618 49 30 att
673 617 185 42 riksdagen
881 621 53 29 må
955 620 53 31 för
1022 619 219 43 förlängning
1263 633 41 21 av
1331 623 98 32 Oscar
1443 624 70 31 II:s
1529 625 98 31 docka
1641 625 14 32 i
1670 626 115 32 Karls-

549 668 101 31 krona
671 679 39 20 m.
734 680 40 20 m.
799 669 53 31 för
873 669 203 42 budgetåret
1101 672 177 40 1934/1935
1301 673 118 32 anvisa
1442 676 48 29 ett
1521 677 95 30 extra
1637 687 147 21 reserva-

549 717 213 43 tionsanslag
785 730 41 20 av
848 720 114 38 62,250
983 721 137 32 kronor.

337 817 81 42 77:0)
442 820 186 31 Ersättande
651 829 35 23 av
709 829 36 23 en
772 822 137 31 brandbil
932 824 49 30 för
1004 825 155 30 marinens
1179 823 156 35 brandkår
1352 827 6 30 i
1377 827 192 32 Karlskrona.
1600 828 49 31 På
1664 828 119 32 därom

283 879 41 20 av
348 868 123 43 Kungl.
495 870 100 42 Maj:t
617 871 97 41 gjord
737 871 251 44 framställning
1011 873 122 42 (punkt
1155 875 49 38 95,
1229 875 63 32 sid.
1318 876 60 32 138
1401 877 63 31 och
1488 877 80 43 139),
1585 878 200 33 hemställer

279 919 178 40 utskottet,

601 974 49 29 att
682 972 184 43 riksdagen
895 975 54 30 må
970 974 53 32 för
1046 976 179 32 ersättande
1247 988 40 20 av
1310 988 39 21 en
1372 978 149 32 brandbil
1535 979 62 40 för
1618 980 165 32 marinens

550 1023 164 31 brandkår
735 1023 16 31 i
772 1024 205 32 Karlskrona
999 1025 54 31 för
1075 1025 202 42 budgetåret
1293 1028 180 41 1934/1935
1488 1029 119 32 anvisa
1623 1032 49 29 ett
1687 1033 96 30 extra

546 1073 119 41 anslag
687 1084 41 20 av
753 1075 113 37 12,000
888 1074 134 33 kronor.

369 1217 36 41 H.
457 1217 179 50 Artilleri-,
666 1219 98 48 min-,
793 1221 150 48 torped-,
973 1221 117 40 radio-
1118 1222 64 40 och
1211 1234 119 29 annan
1360 1225 140 39 teknisk
1529 1226 172 40 materiel.

334 1293 82 42 78:o)
451 1295 298 33 Luftvärnsmateriel
787 1306 37 23 m.
850 1306 35 23 m.
908 1299 48 30 för
987 1299 127 31 flottans
1136 1301 106 38 fartyg.
1286 1300 19 31 I
1327 1301 92 41 fråga
1442 1312 54 21 om
1513 1302 127 41 Kungl.
1663 1303 118 41 Maj:ts

278 1344 252 43 framställning
564 1357 55 20 om
652 1347 188 32 anvisande
873 1359 39 20 av
941 1349 120 41 anslag
1083 1349 52 32 för
1157 1350 216 43 anskaffning
1396 1363 39 20 av
1457 1352 324 34 luftvärnsmateriel

279 1406 45 20 m.
348 1406 42 20 m.
414 1396 51 31 för
486 1396 143 32 flottans
651 1397 111 42 fartyg
777 1397 121 42 (punkt
920 1398 49 40 97)
985 1399 63 31 har
1070 1400 182 42 riksdagen
1274 1402 107 31 redan
1404 1403 99 31 fattat
1522 1403 125 39 beslut,
1663 1415 116 21 varom

275 1445 170 32 utskottet
466 1446 92 32 velat
579 1447 62 31 här

876 1500 118 31 erinra.

331 1598 83 42 79:0)
448 1600 60 38 Nya
544 1601 129 30 kärnrör
706 1609 35 23 m.
768 1603 68 29 m.
827 1594 22 58 i
873 1603 152 31 marinens
1059 1604 244 39 artilleripjäser.
1350 1605 81 32 Med
1464 1606 240 42 tillstyrkande
1738 1619 41 20 av

276 1648 129 42 Kungl.
428 1649 117 41 Maj:ts
578 1650 128 42 förslag
738 1650 122 43 (punkt
882 1653 47 36 98,
955 1652 63 32 sid.
1045 1653 79 41 140),
1147 1654 105 32 vilket
1278 1655 144 32 innebär
1445 1667 41 20 en
1510 1657 268 43 anslagsökning

275 1710 43 21 av
342 1700 111 38 10,000
474 1700 137 39 kronor,
635 1701 199 32 hemställer
856 1703 177 39 utskottet,

587 1762 50 29 att
672 1760 182 42 riksdagen
892 1764 53 29 må
981 1762 55 32 till
1069 1763 170 32 isättande
1272 1776 40 20 av
1349 1776 63 30 nya
1445 1766 139 32 kärnrör
1616 1778 39 21 m.
1688 1779 40 20 m.
1763 1768 15 32 i

540 1811 165 31 marinens
727 1811 250 42 artilleripjäser
992 1813 53 31 för
1067 1813 202 42 budgetåret
1290 1816 178 40 1934/1935
1484 1817 119 31 anvisa
1618 1819 49 30 ett
1683 1820 94 30 extra

540 1861 352 43 reservationsanslag
913 1874 40 20 av
976 1864 116 38 20,000
1113 1864 133 32 kronor.

329 1952 83 41 80:0)
436 1954 201 31 Minmateriel
660 1956 48 30 för
732 1956 149 32 marinen.
926 1957 146 39 Prövning
1097 1959 57 30 och
1180 1960 224 38 undersökning
1429 1969 35 22 av
1488 1961 139 31 brisanta
1648 1963 128 38 spräng-

273 2004 113 30 ämnen
421 2012 35 22 m.
481 2012 37 23 m.
556 2005 160 31 Motmedel
753 2007 62 30 mot
850 2006 319 34 undervattensbåtar.
1216 2011 115 29 Försök
1365 2011 65 30 med
1467 2012 123 31 teknisk
1627 2013 148 31 materiel.

274 2054 150 31 Minkabel
458 2055 49 30 för
546 2056 293 38 kustfästningarna.
883 2057 49 31 På
964 2057 118 32 därom
1116 2070 40 20 av
1178 2059 126 42 Kungl.
1328 2060 99 41 Maj:t
1455 2061 121 42 gjorda
1597 2062 179 32 framställ-

272 2103 122 42 ningar
415 2104 205 42 (punkterna
641 2106 155 39 99—103,
822 2107 62 32 sid.
910 2109 176 41 140—142)
1109 2109 198 33 hemställer
1329 2111 176 38 utskottet,
1517 2113 58 40 FE

592 2166 50 30 att
673 2165 185 42 riksdagen
891 2167 97 38 må,
978 2161 21 53 i
1022 2168 109 31 likhet
1163 2169 78 31 med
1274 2170 65 31 vad
1374 2181 71 21 som
1469 2171 52 31 för
1544 2172 229 33 innevarande

537 2215 168 41 budgetår
727 2218 57 39 ägt
806 2228 85 27 rum,
915 2218 118 31 anvisa

591 2265 29 42 a)
653 2266 52 31 för
738 2267 216 42 anskaffning
986 2279 41 20 av
1053 2269 216 33 minmateriel
1293 2271 61 40 för
1385 2272 148 32 marinen
1559 2273 53 31 för
1634 2273 139 42 budget-

539 2318 73 29 året
646 2317 180 40 1934/1935
860 2320 48 29 ett
938 2320 94 30 extra
1061 2320 350 44 reservationsanslag
1433 2334 40 20 av
1496 2324 115 37 75,000
1632 2324 139 39 kronor;

591 2366 33 42 b)
656 2368 53 31 för
736 2369 164 40 prövning
933 2369 54 32 och
1019 2371 237 40 undersökning
1288 2383 41 21 av
1361 2374 145 31 brisanta
1534 2376 239 39 sprängämnen

536 2428 40 21 m.
601 2429 37 20 m.
661 2418 53 31 för
740 2418 205 42 budgetåret
968 2421 180 40 1934/1935
1172 2423 48 30 ett
1243 2424 95 30 extra
1359 2424 350 42 reservationsanslag
1731 2436 41 21 av

537 2468 115 38 25,000
673 2468 141 40 kronor;
