1890 2840
280 159 44 45 34
775 167 228 31 Statsutskottets
1025 171 150 27 utlåtande
1195 172 48 27 Nr
1264 171 28 30 4.

604 241 63 41 ec)
657 237 18 57 i
700 242 185 32 riksstaten
918 244 52 31 för
1001 244 205 42 budgetåret
1236 247 180 41 1934/1935
1439 250 151 40 upptaga
1613 249 170 33 ordinarie

550 292 305 42 förslagsanslaget
888 294 53 31 till
973 295 173 32 marinens
1180 299 186 29 reserystat
1395 298 77 31 med
1506 299 198 32 oförändrat
1729 301 54 31 be-

550 342 94 42 lopp,
668 343 114 39 54,500
803 344 135 32 kronor.

333 442 87 42 54:0)
444 444 153 32 Marinens
621 447 261 37 reservpersonal.
912 446 19 32 I
952 447 152 41 enlighet
1126 448 78 32 med
1226 449 127 42 Kungl.
1378 450 116 41 Maj:ts
1516 451 129 42 förslag
1660 452 120 42 (punkt

283 493 47 38 71,
356 493 64 32 sid.
447 495 59 30 114
528 495 65 31 och
618 495 70 42 115)
710 496 199 32 hemställer
931 498 176 38 utskottet,

602 564 52 30 att
675 563 182 42 riksdagen
881 566 53 30 må
957 565 63 32 öka
1036 566 171 32 ordinarie
1223 567 302 43 förslagsanslaget
1540 569 54 31 till
1610 570 172 33 marinens

548 614 287 41 reservpersonal,
849 626 48 20 nu
921 616 111 38 79,000
1054 616 136 40 kronor,
1204 617 77 32 med
1303 619 117 38 46,000
1434 619 126 32 kronor
1575 620 54 32 till
1647 621 133 39 125,000

547 663 137 33 kronor.

331 764 87 42 55:0)
442 766 258 39 Resestipendier.
730 767 82 32 Med
834 767 240 43 tillstyrkande
1097 780 41 21 av
1160 770 125 42 Kungl.
1310 771 119 41 Maj:ts
1451 772 127 42 förslag
1594 772 122 43 (punkt
1731 775 49 38 72,

280 814 63 33 sid.
371 815 71 42 115)
464 816 199 32 hemställer
685 817 179 40 utskottet,

600 887 51 29 att
683 885 183 42 riksdagen
889 888 63 37 må,
985 887 12 31 i
1028 887 111 32 likhet
1172 889 77 31 med
1282 890 66 31 vad
1379 901 73 21 som
1474 891 53 32 för
1548 891 231 34 innevarande

546 934 170 43 budgetår
748 938 56 39 ägt
837 948 85 27 rum,
946 937 11 31 i
989 937 186 33 riksstaten
1196 939 52 32 för
1270 940 204 41 budgetåret
1497 942 180 40 1934/1935
1699 955 82 30 upp-

546 987 80 40 taga
649 986 168 32 ordinarie
846 988 383 43 reservationsanslaget
1252 990 53 31 till
1327 991 271 42 resestipendier
1620 995 82 30 utan
1725 1005 54 20 an-

546 1035 94 42 givet
661 1036 135 42 belopp.

414 1189 36 39 B.
493 1190 46 38 De
566 1190 261 50 värnpliktigas
855 1192 174 50 avlöning,
1061 1192 217 52 inskrivning
1308 1195 64 39 och
1403 1196 239 51 redovisning.

328 1265 87 40 56:0)
449 1267 40 30 De
521 1268 219 38 värnpliktigas
773 1269 149 39 avlöning.
966 1269 219 33 Beträffande
1221 1271 126 42 Kungl.
1372 1273 116 42 Maj:ts
1524 1274 252 43 framställning

275 1316 147 31 rörande
445 1317 118 41 anslag
585 1317 54 31 till
662 1317 42 32 de
726 1319 245 42 värnpliktigas
994 1321 162 42 avlöning
1170 1321 120 42 (punkt
1313 1323 50 41 73)
1380 1323 61 32 har
1462 1324 184 42 riksdagen
1669 1326 105 32 redan

275 1365 101 32 fattat
398 1366 127 39 beslut;
549 1379 117 20 varom
689 1368 169 32 utskottet
879 1370 90 31 velat
990 1370 62 32 här

875 1428 118 32 erinra.

325 1518 87 42 37:0)
447 1520 168 31 Understöd
651 1519 33 33 åt
715 1522 81 31 vissa
829 1523 217 39 värnpliktigas
1079 1525 142 38 familjer.
1265 1525 19 31 I
1318 1527 344 33 överensstämmelse
1697 1529 77 32 med

273 1568 128 42 Kungl.
425 1569 116 42 Maj:ts
563 1570 130 42 förslag
714 1571 120 42 (punkt
858 1573 48 38 74,
931 1573 62 32 sid.
1019 1574 71 41 120)
1114 1575 199 32 hemställer
1335 1577 178 39 utskottet,

593 1640 52 30 att
677 1639 181 42 riksdagen
893 1642 54 30 må
973 1641 63 31 öka
1059 1642 171 32 ordinarie
1252 1643 305 44 förslagsanslaget
1579 1646 51 32 till
1655 1647 120 32 under-

541 1689 81 31 stöd
645 1690 35 30 åt
701 1689 91 32 vissa
814 1691 246 42 värnpliktigas
1083 1692 154 42 familjer,
1255 1705 47 20 nu
1325 1695 94 38 8,500
1434 1695 134 40 kronor,
1586 1697 79 31 med
1681 1698 93 38 6,500

540 1739 129 32 kronor
690 1740 53 31 till
767 1741 114 38 15,000
902 1742 132 32 kronor.

323 1848 86 41 58:0)
449 1850 228 39 Inskrivnings-,
713 1852 197 38 mönstrings-
944 1854 56 30 och
1033 1854 239 32 färdkostnader
1299 1864 36 22 m.
1362 1865 36 22 m.
1442 1856 126 42 Kungl.
1590 1857 99 42 Maj:t
1710 1859 63 32 har

271 1898 179 42 föreslagit
482 1899 183 42 riksdagen
699 1900 119 42 (punkt
842 1902 49 38 75,
916 1902 61 32 sid.
1003 1904 70 40 120)
1107 1906 50 29 att
1190 1905 64 31 öka
1276 1905 172 33 ordinarie
1470 1907 304 43 förslagsanslaget

271 1948 53 31 till
357 1949 254 42 inskrivnings-,
641 1951 219 42 mönstrings-
895 1953 63 31 och
979 1953 262 34 färdkostnader
1267 1967 42 20 m.
1334 1968 54 27 m.,
1411 1968 47 20 nu
1482 1958 135 39 108,000
1639 1959 134 39 kronor,

272 1999 78 32 med
374 2000 115 37 32,000
509 2000 128 32 kronor
660 2001 53 32 till
737 2003 134 37 140,000
893 2003 133 32 kronor.

90 2096 131 23 Utskottet.
324 2092 182 33 Utskottet
538 2094 71 39 har,
633 2095 79 31 med
744 2096 134 42 hänsyn
912 2096 52 32 till
992 2097 202 42 riksdagens
1216 2099 116 32 beslut
1355 2112 55 20 om
1433 2101 202 43 reducering
1657 2114 40 20 av
1719 2115 55 20 an-

271 2143 83 31 talet
388 2144 353 43 tjänstgöringsdagar
773 2146 53 32 för
858 2147 228 42 värnpliktiga
1120 2149 56 31 vid
1208 2150 164 39 marinen,
1400 2152 122 39 funnit,
1557 2155 51 29 att
1641 2153 58 32 det
1731 2165 41 20 av

271 2193 128 42 Kungl.
423 2195 97 41 Maj:t
552 2196 112 31 under
695 2197 221 32 förevarande
949 2199 117 41 anslag
1099 2200 125 31 äskade
1246 2200 166 43 beloppet
1434 2202 62 32 bör
1518 2203 153 33 minskas
1694 2205 77 32 med

270 2244 11 30 i
304 2245 170 31 avrundat
496 2246 46 31 tal
565 2246 96 38 2,000
682 2247 125 32 kronor
830 2248 65 31 och
922 2249 98 31 alltså
1041 2250 167 41 uppföras
1231 2251 77 32 med
1333 2253 135 38 138,000
1489 2253 136 33 kronor.

322 2294 182 33 Utskottet
525 2296 207 40 hemställer,

592 2367 51 29 att
668 2365 181 42 riksdagen
874 2369 54 29 må
950 2367 63 31 öka
1035 2367 172 33 ordinarie
1229 2370 303 42 förslagsanslaget
1553 2372 55 31 till
1630 2373 141 32 inskriv-

539 2415 124 41 nings-,
687 2416 222 42 mönstrings-
932 2418 62 31 och
1015 2418 263 33 färdkostnader
1290 2432 42 20 m.
1347 2432 53 27 m.,
1425 2433 46 19 nu
1485 2422 135 39 108,000
1631 2424 135 39 kronor,

541 2466 79 31 med
643 2466 114 38 30,000
778 2467 128 32 kronor
928 2468 52 31 till
1005 2469 134 38 138,000
1161 2470 134 32 kronor.
