1876 2848
577 173 228 29 Statsutskottets
827 170 148 29 utlåtande
998 170 48 28 Nr
1067 170 28 28 4.
1565 162 41 30 49

155 251 63 33 Uti
240 249 244 34 förutnämnda
506 251 124 30 tvenne
652 246 218 43 likalydande
887 245 180 37 motioner,
1083 244 129 37 väckta,
1230 243 66 32 den
1312 252 63 21 ena
1390 241 95 31 inom
1501 240 107 31 första

103 303 196 32 kammaren
322 313 39 20 av
383 301 80 32 herr
485 300 33 33 J.
542 299 41 33 B.
606 299 184 32 Johansson
812 308 38 21 m.
862 298 39 40 fl.
924 296 52 42 (nr
1000 294 70 42 110)
1093 294 64 32 och
1181 294 67 31 den
1272 292 105 33 andra
1391 292 96 31 inom
1503 290 105 32 andra

103 354 196 31 kammaren
333 364 39 20 av
405 352 80 31 herr
515 351 39 31 ÅA.
579 350 167 32 Lindman
767 360 40 20 m.
824 349 38 40 fl.
886 347 52 42 (nr
960 345 73 42 221)
1055 346 61 31 har
1137 343 205 38 hemställts,
1365 342 107 32 bland
1496 342 111 36 annat,

105 406 49 31 att
176 403 182 42 riksdagen
381 404 107 32 måtte
510 402 146 37 besluta,
673 402 50 29 att
745 399 155 41 anslaget
923 397 54 32 till
999 397 215 42 flygvapnets
1238 394 164 41 övningar
1425 393 83 31 ökas
1531 391 78 32 med

105 456 136 39 240,000
262 455 126 31 kronor
410 453 53 32 till
489 452 166 40 1,540,000
677 451 135 31 kronor.

157 507 126 32 Vidare
314 506 60 31 har
396 505 51 32 uti
471 516 42 20 en
536 504 94 31 inom
653 502 107 32 andra
781 501 196 31 kammaren
1001 510 40 21 av
1063 499 78 31 herr
1163 499 44 30 N.
1236 496 255 33 Christiernsson
1513 493 97 32 väckt

106 558 132 32 motion
261 557 51 43 (nr
334 556 71 42 203)
428 555 205 38 hemställts,
657 555 51 30 att
730 552 191 41 riksdagen,
946 550 80 32 med
1041 549 115 41 avslag
1172 550 19 30 å
1206 547 126 42 Kungl.
1349 546 118 41 Maj:ts
1483 545 127 40 förslag

106 609 212 32 beträffande
352 608 155 41 anslaget
540 606 52 31 till
629 604 248 42 »Flygvapnets
901 602 174 41 övningar,
1099 597 383 41 reservationsanslag»,
1506 597 104 31 måtte

105 661 137 32 besluta
276 661 49 31 att
357 659 95 32 detta
485 657 119 41 anslag
626 657 53 31 för
700 655 204 41 budgetåret
928 651 180 41 1934/1935
1132 650 86 32 skall
1242 651 80 40 utgå
1344 648 78 32 med
1447 646 165 39 1,540,000

107 712 135 32 kronor.

159 763 19 30 I
200 763 95 40 fråga
318 772 54 21 om
395 761 43 32 de
462 759 83 39 skäl,
570 758 253 32 motionärerna
846 755 113 32 anfört
981 754 54 31 till
1059 753 77 32 stöd
1152 753 54 31 för
1222 752 75 31 sina
1312 749 298 41 framställningar,

107 815 50 31 får
180 814 171 31 utskottet
373 811 145 33 hänvisa
541 810 52 32 till
616 809 217 32 motionerna
855 806 27 32 I:
908 806 61 31 110
992 805 64 32 och
1079 804 46 31 II:
1151 803 70 32 203.

160 909 79 31 Den
272 905 277 34 hittillsvarande
582 903 253 41 benämningen
869 912 40 21 av
931 899 223 33 förevarande
1177 897 119 41 anslag
1321 894 287 43 »Flygövningar>

108 960 61 32 har
203 956 380 45 departementschefen
616 955 12 31 i
662 953 151 43 enlighet
846 952 79 31 med
957 949 260 44 flygstyrelsens
1244 947 127 41 förslag
1393 947 115 30 ansett
1529 945 84 31 böra

108 1011 142 42 utbytas
283 1011 72 30 mot
391 1008 251 41 »Flygvapnets
666 1004 194 41 övningar».
909 1002 84 32 Som
1017 1000 73 33 skäl
1112 1000 116 31 härför
1250 999 61 30 har
1333 997 141 38 anförts,
1499 998 50 29 att
1571 995 41 32 de

110 1061 173 42 övningar,
317 1060 51 31 för
400 1059 92 32 vilka
519 1057 111 32 medel
653 1054 180 33 anvisades
856 1053 111 32 under
990 1052 95 31 detta
1107 1051 128 40 anslag,
1259 1048 203 41 visserligen
1484 1048 130 31 väsent-

109 1113 91 41 ligen
233 1122 81 22 vore
347 1112 49 30 att
429 1109 144 32 hänföra
605 1107 54 32 till
692 1105 236 44 flygövningar
955 1114 78 21 men
1056 1102 179 31 dessutom
1257 1099 123 42 jämväl
1402 1097 211 32 innefattade

110 1162 198 41 utbildning
330 1173 39 20 av
392 1171 113 21 annan
529 1161 60 30 art.
633 1157 127 33 Vidare
785 1155 108 33 skulle
917 1154 67 32 den
1007 1153 194 40 föreslagna
1222 1149 253 42 benämningen
1499 1159 39 20 av
1561 1159 41 20 an

112 1215 110 41 slaget
254 1213 112 32 bättre
392 1209 275 43 korrespondera
689 1209 74 30 mot
785 1206 202 32 rubrikerna
1009 1206 45 40 på
1075 1204 83 31 lant-
1181 1202 65 32 och
1270 1201 239 42 sjöförsvarets
1533 1200 81 30 mot-

112 1264 166 33 svarande
301 1263 126 41 anslag.

165 1314 181 33 Ordinarie
379 1310 388 41 reservationsanslaget
790 1308 52 32 till
864 1306 237 43 flygövningar
1122 1305 62 31 har
1206 1304 12 31 i
1241 1303 185 32 riksstaten
1450 1302 53 30 för
1524 1300 90 31 inne-

111 1366 149 33 varande
282 1365 167 42 budgetår
472 1362 158 43 uppförts
654 1360 79 32 med
758 1358 165 41 1,100,000
945 1357 136 32 kronor.

163 1417 70 31 För
266 1414 284 34 nästkommande
582 1412 169 41 budgetår
783 1410 62 31 har
876 1407 242 44 flygstyrelsen
1147 1405 166 33 beräknat
1335 1402 281 33 medelsbehovet

112 1468 51 32 för
196 1467 213 42 flygvapnets
444 1464 166 41 övningar
642 1462 54 32 till
728 1460 165 40 1,653,000
915 1459 136 32 kronor.
1097 1456 82 32 Med
1201 1456 134 41 hänsyn
1358 1454 53 31 till
1435 1455 50 30 att
1508 1452 108 32 under

112 1518 150 32 nämnda
294 1517 168 41 budgetår
497 1517 50 29 ett
579 1514 128 40 belopp
741 1523 40 20 av
806 1510 91 32 cirka
921 1509 136 39 113,000
1078 1508 127 31 kronor
1227 1504 212 34 beräknades
1463 1503 119 42 inflyta
1604 1502 11 31 i

114 1570 85 31 form
234 1580 40 20 av
304 1566 198 33 restitution
526 1567 19 29 å
568 1563 137 42 erlagda
727 1562 75 31 tull-
825 1561 63 31 och
912 1558 226 34 skattemedel
1160 1558 54 30 för
1235 1556 133 37 bensin,
1392 1554 115 32 kunde
1530 1553 86 31 dock

115 1619 286 42 anslagsbehovet
423 1616 209 41 nedbringas
655 1614 54 32 till
733 1612 166 39 1,540,000
921 1611 135 31 kronor.
1083 1609 19 31 I
1117 1607 199 41 anslutning
1331 1605 117 32 härtill
1463 1605 62 31 har
1539 1604 78 41 fyg-

115 1671 170 42 styrelsen
308 1668 185 38 hemställt,
518 1668 50 30 att
589 1663 255 44 ifrågavarande
867 1662 119 41 anslag
1009 1662 104 31 måtte
1136 1660 53 31 för
1211 1658 203 41 budgetåret
1439 1655 179 41 1934/1935

114 1723 171 41 upptagas
308 1719 78 33 med
409 1721 50 30 ett
480 1718 128 41 belopp
632 1727 40 21 av
696 1714 166 39 1,540,000
883 1713 137 32 kronor.

167 1773 124 31 Denna
312 1769 260 43 flygstyrelsens
594 1766 205 33 hemställan
821 1765 62 31 har
905 1761 379 44 departementschefen
1300 1758 113 32 funnit
1429 1757 53 41 sig
1498 1756 121 32 endast

117 1825 36 30 så
186 1822 135 33 tillvida
352 1822 85 31 böra
470 1819 144 38 biträda,
649 1819 51 30 att
730 1817 68 31 han
821 1815 176 42 tillstyrkt,
1021 1815 50 30 att
1093 1813 156 40 anslaget
1268 1811 52 31 för
1335 1807 283 34 nästkommande

115 1874 169 41 budgetår
316 1874 169 40 upptages
520 1869 77 32 med
633 1867 166 40 1,300,000
831 1866 136 38 kronor,
1002 1864 104 32 vilket
1138 1863 129 41 belopp
1301 1872 39 21 av
1370 1859 127 41 Kungl.
1521 1858 98 41 Maj:t

117 1925 125 32 äskats.

169 2018 181 32 Utskottet
382 2016 62 31 har
478 2014 73 32 icke
580 2014 114 30 ansett
717 2011 52 41 sig
791 2010 83 32 böra
897 2007 172 43 tillstyrka
1091 2005 187 33 anvisande
1301 2015 38 20 av
1362 2004 107 40 högre
1493 2002 125 40 belopp

118 2072 42 28 än
191 2080 75 20 som
290 2078 39 21 av
351 2066 127 41 Kungl.
502 2064 99 40 Maj:t
623 2063 125 31 äskats.
794 2060 47 32 På
864 2059 112 42 grund
999 2058 102 31 härav
1124 2057 51 31 får
1197 2055 169 32 utskottet
1388 2053 159 41 avstyrka
1563 2052 58 31 det

118 2121 11 30 i
152 2118 223 33 förenämnda
407 2116 172 32 motioner
608 2113 120 43 gjorda
760 2111 175 42 yrkandet.
982 2109 76 31 Mot
1091 2108 65 31 den
1190 2106 193 41 föreslagna
1416 2102 203 33 förändrade

119 2169 251 41 benämningen
395 2179 39 20 av
458 2166 154 41 anslaget
634 2164 62 31 har
719 2162 167 32 utskottet
908 2160 89 31 intet
1019 2159 73 31 haft
1115 2160 49 29 att
1188 2158 120 31 erinra.

171 2221 181 32 Utskottet
374 2217 208 37 hemställer,

440 2286 51 29 att
513 2283 182 40 riksdagen
713 2282 62 36 må,
800 2279 77 31 med
899 2278 97 31 bifall
1020 2276 53 32 till
1096 2275 126 42 Kungl.
1247 2274 115 40 Maj:ts
1386 2272 128 40 förslag
1534 2272 88 30 samt

388 2335 79 31 med
501 2334 116 40 avslag
639 2334 19 29 å
681 2331 93 31 såväl
807 2331 77 29 herr
906 2329 32 31 J.
963 2328 39 31 B.
1026 2327 219 31 Johanssons
1272 2336 42 19 m.
1338 2324 31 30 fl.
1394 2323 65 30 och
1482 2322 78 30 herr
1582 2321 38 30 A.

388 2385 193 31 Lindmans
604 2394 41 19 m.
670 2382 31 31 fl.
726 2380 169 31 motioner
917 2379 27 30 I:
972 2379 60 29 110
1054 2376 64 31 och
1141 2376 47 30 IT:
1213 2376 70 36 221,
1307 2375 11 29 i
1342 2373 62 32 vad
1432 2373 102 30 dessa
1556 2382 66 19 mo-

390 2436 113 31 tioner
537 2444 78 22 avse
650 2432 155 40 anslaget
837 2430 53 31 till
923 2429 213 41 flygvapnets
1171 2425 174 41 övningar,
1370 2434 72 21 som
1479 2422 78 31 herr
1580 2421 41 31 N.

390 2485 299 33 Christiernssons
712 2481 131 32 motion
866 2480 47 31 II:
937 2479 71 37 203,

178 2551 110 35 Bihang
313 2550 42 26 till
378 2548 168 35 riksdagens
567 2545 142 37 protokoll
737 2540 85 31 1934.
870 2545 17 23 6
909 2541 81 27 saml.
1037 2540 45 26 Nr
1106 2541 27 25 4.
1441 2543 38 17 614
1495 2543 23 17 34
1563 2535 13 25 4

1676 2012 131 23 Utskottet.
