1916 2816
606 137 233 29 Statsutskottets
862 139 153 29 utlåtande
1039 141 44 27 Nr
1109 139 67 30 114.
1613 146 34 28 17

183 211 88 34 Från
292 212 103 33 denna
417 213 64 39 dag
501 215 92 32 skola
614 216 37 32 de
673 216 51 33 till
746 218 253 39 vägingenjörer
1020 221 57 32 och
1100 221 192 34 biträdande
1316 223 182 39 ingenjörer
1522 226 121 32 förord-

139 262 80 32 nade
244 262 114 39 intaga
385 263 60 32 den
471 264 160 39 ställning
658 266 9 31 i
695 267 207 33 förhållande
928 269 54 32 till
1009 272 238 38 vägärendena,
1275 285 65 21 som
1367 275 12 31 i
1405 274 53 34 det
1486 287 66 27 nya
1580 277 63 32 för-

140 310 106 40 slaget
267 324 103 21 avses.
413 314 154 33 Arvoden
591 316 50 31 för
662 318 359 40 vägundersökningar,
1044 322 254 38 renstakningar
1321 324 56 32 och
1400 325 244 39 arbetsledning

138 361 35 32 få
193 361 141 34 sålunda
354 363 74 32 från
449 364 105 33 denna
575 365 64 39 dag
660 367 118 33 räknat
800 368 71 32 icke
891 370 83 37 utgå
993 370 54 32 till
1069 371 68 31 dem
1171 376 80 28 utan
1272 373 93 33 skola
1384 374 139 33 tillfalla
1546 380 96 28 stats-

137 412 128 37 verket;
287 412 80 32 dock
389 413 85 33 lärer
495 419 78 33 väg-
594 416 57 31 och
672 417 455 40 vattenbyggnadsstyrelsen
1150 421 110 33 kunna
1283 423 152 38 medgiva
1457 425 111 38 skälig
1590 438 52 19 av-

138 461 219 38 vecklingstid
383 463 51 31 för
458 464 71 31 icke
552 465 171 32 avslutade
747 467 164 38 uppdrag.

180 510 71 32 Den
275 523 64 26 nya
363 513 277 37 organisationens
663 516 254 37 genomförande
943 518 187 33 föranleder
1153 520 179 39 ändringar
1356 523 10 31 i
1390 523 173 39 åtskilliga
1577 524 64 32 för-

137 559 184 40 fattningar
352 574 41 19 av
423 562 236 35 beskaffenhet
688 569 49 28 att
768 566 77 32 böra
877 568 223 34 underställas
1133 570 186 40 riksdagen,
1352 573 104 32 såsom
1491 575 40 31 10
1563 574 78 38 kap.

136 610 39 30 52
200 609 18 39 $
240 611 221 39 vattenlagen,
486 614 39 31 70
550 613 18 39 $
590 613 94 39 lagen
708 615 59 32 den
793 617 39 30 19
855 617 73 37 juni
952 619 84 31 1919
1061 631 48 19 om
1135 620 160 39 flottning
1317 622 11 31 i
1350 621 121 34 allmän
1497 623 143 39 flottled,

135 659 95 38 lagen
253 660 59 32 den
339 662 38 31 11
403 662 133 33 oktober
561 664 83 32 1907
670 676 48 20 om
744 666 99 32 civila
867 667 320 38 tjänstinnehavares
1213 674 69 29 rätt
1306 670 53 33 till
1384 672 134 38 pension
1544 679 95 33 samt,

135 709 104 33 såsom
264 710 91 34 förut
378 713 217 39 omförmälts,
619 715 95 38 lagen
738 715 61 33 den
824 717 41 32 26
889 718 65 37 maj
980 719 85 32 1909
1090 731 49 20 om
1165 720 127 39 Kungl.
1316 721 116 39 Maj:ts
1458 724 181 39 regerings-

134 764 67 29 rätt
224 773 42 20 m.
292 761 39 33 fl.
367 762 53 32 Då
445 763 88 32 tiden
560 764 52 32 för
635 766 280 37 organisationens
940 768 268 35 ikraftträdande
1235 771 189 39 föreslagits
1451 773 54 32 till
1532 774 60 32 den
1621 776 16 30 1

131 809 64 38 juli
227 811 95 38 1930,
354 812 90 32 torde
475 813 118 38 dylika
624 814 288 42 ändringsförslag
942 818 73 32 icke
1047 819 122 33 behöva
1203 820 203 40 framläggas
1439 823 115 33 förrän
1584 824 54 33 till

134 859 84 33 1930
239 861 53 32 års
315 861 146 39 riksdag.

177 909 224 34 Utfärdandet
425 923 39 21 av
490 913 38 31 de
552 915 441 41 övergångsbestämmelser,
1019 930 66 20 som
1110 919 12 31 i
1146 919 178 41 anledning
1347 934 40 20 av
1412 923 61 32 den
1499 936 65 26 nya
1590 936 47 20 or-

133 959 231 37 ganisationen
388 961 90 32 bliva
502 963 232 39 erforderliga,
760 965 88 32 lärer
871 967 37 31 få
931 967 177 33 ankomma
1132 970 43 38 på
1199 970 129 39 Kungl.
1352 971 132 39 Maj:t.»

175 1060 65 33 För
261 1062 205 33 anställande
487 1075 41 20 av
549 1064 250 40 vägingenjörer
821 1067 57 32 och
899 1068 195 34 biträdande
1116 1070 185 39 ingenjörer
1322 1072 106 34 skulle
1450 1074 186 40 avlönings-

130 1109 219 36 kostnaderna
374 1112 89 34 bliva
490 1113 160 39 följande:

1323 1180 99 26 Kronor
1524 1183 100 25 Kronor

126 1201 43 31 23
190 1203 277 42 vägingenjörer:

169 1246 143 31 ArVOdemNm
360 1272 929 16 soo
780 1242 148 50 sr
1052 1242 126 50 svs
1196 1242 98 50 sn
1325 1259 135 36 311,040

168 1287 394 45 vikariatsersättningar
585 1303 99 20 m.m.
736 1318 258 9 .......
1031 1322 90 5 rr
1192 1323 96 7 res
1348 1301 111 36 15,000

169 1328 266 44 dyrtidstillägg,
462 1334 105 35 17.2.
606 1359 296 8 ........
940 1363 47 4 er
1028 1363 48 6 se
1112 1364 86 6 ee
1235 1366 5 4 :
1278 1367 4 3 >
1344 1342 114 37 -88,000
1502 1352 136 37 364,040

124 1377 44 32 20
190 1378 202 34 biträdande
414 1381 211 42 ingenjörer:

166 1421 311 44 grundavlöningar
517 1450 5 6 .
559 1450 174 7 oso
813 1453 89 6 cos
939 1455 48 5 ov
1024 1456 48 5 v.
1326 1434 132 37 106,080

167 1463 414 45 avlöningsförhöjningar
603 1479 41 20 m.
666 1479 68 20 m..
771 1495 4 4 .
813 1495 47 5 so
897 1497 90 5 ooo
1024 1498 258 8 ooo...
1344 1477 113 36 23500

167 1505 266 44 dyrtidstillägg,
460 1510 36 30 17
519 1515 45 30 Z.
601 1536 131 5 smo
812 1537 47 6 ss
896 1539 47 5 ss
981 1539 90 6 ss
1108 1541 89 6 ns
1235 1542 60 18 «+
1343 1519 113 36 -22,200
1502 1529 134 36 151,780

1177 1582 138 35 Summa
1337 1585 119 34 kronor
1500 1589 136 37 515,820

172 1637 129 33 Härtill
323 1639 132 34 komma
479 1642 260 41 resekostnader,
764 1646 178 39 lokalhyra
965 1660 44 21 m.
1032 1661 43 20 m.

171 1688 52 32 En
254 1691 302 40 sammanfattning
586 1705 43 21 av
659 1696 219 33 statsverkets
909 1698 183 33 kostnader
1121 1701 53 32 för
1205 1702 61 32 den
1297 1715 67 26 nya
1393 1706 238 37 vägorganisa-

126 1738 108 33 tionen
258 1739 95 38 giver
374 1741 57 32 vid
454 1742 140 40 handen,
617 1748 51 29 att
691 1745 39 33 de
752 1746 111 39 årliga
884 1747 224 35 kostnaderna
1130 1771 45 3 —
1197 1752 145 33 förutom
1366 1754 48 38 de,
1438 1755 108 39 enligt
1566 1756 66 32 vad

125 1787 363 40 departementschefen
506 1794 126 33 uttalat
648 1807 45 20 nu
712 1797 296 40 svårberäkneliga
1026 1800 224 35 kostnaderna
1269 1803 53 33 för
1341 1804 124 39 ökning
1483 1818 43 20 av
1544 1807 87 32 läns-

126 1839 221 38 styrelsernas
370 1843 153 37 personal
544 1863 44 5 —
610 1844 109 34 skulle
740 1848 114 38 uppgå
877 1849 53 32 till
952 1849 149 39 följande
1122 1851 135 40 belopp:

1300 1926 2 2 :
1324 1913 90 26 Kronor
1516 1915 100 25 Kronor

126 1931 268 44 Vägingenjörer
417 1936 59 32 och
500 1936 202 35 biträdande
724 1940 211 42 ingenjörer:

162 1976 33 35 a)
218 1976 162 43 avlöning
402 1978 59 32 och
486 1979 282 45 dyrtidstillägg
768 1972 12 61 >
805 2009 5 5 .
847 2009 6 6 .
932 2011 5 5 oo.
974 2011 133 7 cccc
1143 2014 90 6 cc.
1270 2015 6 5 .
1317 1991 134 38 515,820

162 2015 34 39 b)
218 2018 253 34 resekostnader
511 2047 4 5 =
552 2047 47 6 soo
636 2049 90 6 ooo
804 2051 471 12 ss
1317 2034 134 37 150,000

162 2056 29 40 c)
213 2059 187 45 lokalhyra,
424 2063 134 38 telefon,
583 2065 106 32 skriv-
714 2067 60 32 och
797 2070 251 33 ritmaterialier
1070 2075 87 28 samt
1172 2072 105 33 skriv-

245 2102 60 32 och
328 2104 178 33 ritbiträde
528 2117 41 20 m.
594 2118 41 20 m.
677 2133 6 6 .
719 2134 344 10 ..oocoscco.c.
1101 2140 130 6 co...
1268 2142 6 5 .
1316 2117 133 37 160,000
1493 2130 136 38 825,820

125 2150 83 43 Väg-
232 2152 59 31 och
314 2154 475 45 vattenbyggnadsstyrelsen:;

161 2193 35 37 a)
217 2197 94 29 extra
334 2197 144 32 arvoden
502 2198 51 32 för
575 2200 191 42 inspektion
791 2213 42 20 m.
858 2214 40 21 Mm.
930 2230 5 4 .
973 2230 47 6 ..
1058 2232 89 6 ooo
1184 2234 90 5 o.o..
1335 2211 114 36 20,000

160 2233 35 40 b)
218 2236 105 33 ökade
345 2239 252 34 resekostnader
619 2243 51 31 för
692 2244 194 43 inspektion
910 2258 41 19 m.
976 2258 41 21 m.
1057 2274 5 5 .
1100 2274 5 6 .
1141 2275 5 5 .
1183 2276 6 5 .
1225 2276 6 5 .
1270 2277 2 4 .
1334 2253 114 35 20.000
1513 2266 115 36 40,000

1132 2299 6 2 |
1170 2316 138 35 Summa
1330 2320 118 34 kronor
1492 2324 135 39 865,820

164 2370 127 33 Härtill
315 2372 145 34 kommer
484 2387 39 20 en
548 2377 286 39 engångskostnad
859 2392 41 21 av
925 2381 152 41 omkring
1104 2385 139 38 105,000
1267 2387 117 34 kronor
1409 2390 53 32 för
1487 2392 134 32 anskaf-

119 2420 99 33 fande
242 2433 41 21 av
307 2422 334 37 kontorsinventarier
664 2428 57 32 och
746 2429 208 35 instrument.

158 2491 119 35 Bihang
290 2493 47 28 till
352 2493 173 36 riksdagens
539 2498 143 32 protokoll
700 2502 89 26 1929.
826 2503 17 25 6
859 2502 83 28 saml.
980 2506 39 26 62
1036 2504 77 34 häft.
1150 2501 55 39 (Nr
1223 2503 85 39 114.)
1565 2512 17 29 2

1655 1083 185 28 Ekonomisk

1667 1117 160 28 innebörd.
