1938 2812
269 154 38 28 14
744 153 231 27 Statsutskottets
997 151 152 28 utlåtande
1171 151 44 28 Nr
1240 148 69 31 114.

313 232 253 34 Vederbörande
592 231 213 39 länsstyrelse
829 231 59 32 har
915 234 49 29 att
991 234 160 35 upprätta
1176 230 159 32 kontrakt
1360 230 71 32 med
1460 230 39 32 de
1526 229 248 39 väghållnings-

272 276 156 38 skyldiga
457 274 166 39 angående
654 274 127 33 arbetes
811 273 176 32 utförande
1017 273 72 32 med
1120 272 212 38 statsbidrag.
1384 272 18 31 I
1432 272 160 32 kontrakt
1622 272 55 32 bör
1710 271 65 32 för-

272 317 145 33 behållas
442 316 238 38 länsstyrelsen
704 316 99 31 bland
827 319 98 28 annat
950 319 51 28 att
1025 314 149 38 medgiva
1200 313 81 33 eller
1305 313 158 39 påfordra
1487 313 179 39 ändringar
1690 314 12 31 i
1726 324 49 20 ar-

272 360 105 32 betets
401 359 89 39 plan,
516 358 186 32 föreskriva
725 357 161 33 särskilda
910 357 123 32 villkor
1057 356 57 32 och
1138 356 143 32 kontroll
1306 360 82 28 samt
1412 355 175 39 godkänna
1612 359 163 34 entrepre-

272 402 185 32 nadanbud.

317 442 253 40 Länsstyrelsen
595 442 95 38 skall,
716 441 98 33 sedan
838 440 257 39 vägingenjören
1119 439 178 33 verkställt
1323 439 173 38 avsyning,
1523 439 174 38 godkänna
1722 438 55 32 det

272 485 170 34 avslutade
463 485 138 32 arbetet.

316 528 124 32 Vidare
474 527 62 32 har
571 525 235 38 länsstyrelsen
844 528 47 28 att
926 524 151 32 utbetala
1111 523 203 38 statsbidrag
1349 523 52 32 till
1435 522 262 39 vägbyggnader
1733 522 44 37 på

272 570 163 39 grundval
465 581 40 20 av
534 568 273 39 vägingenjörens
837 570 97 29 attest
965 571 77 27 över
1070 565 183 32 verkställd
1284 565 204 39 granskning
1519 576 41 20 av
1589 564 187 38 byggnads-

273 612 277 38 räkenskaperna.

318 654 221 33 Beträffande
568 655 102 30 större
698 651 97 32 broar
823 651 57 32 och
907 650 232 32 konstarbeten
1169 653 86 28 samt
1284 648 272 39 ödebygdsvägar
1586 660 42 20 m.
1658 660 42 20 m.
1730 648 47 31 in-

274 697 109 32 träder
407 696 67 32 viss
499 695 141 37 ändring
663 694 11 31 i
699 705 83 20 ovan
805 693 143 38 angivna
972 692 199 38 behandling
1195 692 44 37 på
1264 691 106 38 grund
1395 702 40 20 av
1460 695 81 34 väg-
1568 690 57 32 och
1649 693 128 28 vatten-

274 737 358 40 byggnadsstyrelsens
658 735 165 33 särskilda
847 735 191 37 befattning
1062 733 72 32 med
1160 733 256 38 ifrågavarande
1442 732 154 32 ärenden.

318 805 50 33 De
395 804 227 38 sakkunnigas
651 804 137 38 förslag,
816 806 48 28 att
892 801 203 39 statsbidrag
1122 800 107 33 skulle
1257 800 137 38 beviljas
1422 811 40 20 av
1491 798 287 39 länsstyrelserna,

273 856 108 32 vilade
407 855 207 38 väsentligen
640 855 44 37 på
710 853 160 38 förslaget
895 852 138 32 rörande
1060 851 245 38 flerårsplaner.

318 931 18 31 I
359 932 86 31 1928
469 932 54 30 års
546 931 200 37 proposition
770 928 157 38 föreslogs
951 940 40 20 en
1014 927 125 32 mindre
1162 926 96 38 långt
1280 925 122 39 gående
1427 924 285 32 decentralisation
1737 936 41 20 av

273 981 245 39 vägärendenas
538 980 259 38 handläggning.
839 978 174 38 Förslaget
1033 977 105 33 skilde
1157 977 52 38 sig
1229 977 76 31 från
1328 976 80 32 1927
1430 976 53 32 års
1506 974 128 38 förslag
1652 973 126 33 huvud-

275 1032 150 39 sakligen
452 1031 210 38 därutinnan,
690 1033 59 36 att,
777 1030 105 32 såsom
909 1040 44 21 nu
980 1033 37 27 är
1046 1027 232 38 förhållandet,
1307 1025 200 39 statsbidrag
1535 1025 54 32 till
1617 1024 163 32 särskilda

276 1083 131 38 företag
434 1081 108 33 skulle
569 1080 139 39 beviljas
737 1092 41 21 av
806 1079 126 39 Kungl.
961 1078 102 39 Maj:t
1091 1081 83 29 samt
1202 1076 222 39 upprättande
1453 1088 41 20 av
1523 1075 157 32 kontrakt
1707 1074 73 32 med

275 1132 244 39 vägdistrikten
542 1131 58 32 och
621 1130 236 40 godkännande
879 1142 40 20 av
943 1128 184 33 fullbordat
1148 1128 111 32 arbete
1283 1127 106 33 skulle
1412 1126 187 32 tillkomma
1620 1130 77 33 väg-
1721 1124 58 32 och

275 1182 464 39 vattenbyggnadsstyrelsen.

321 1258 18 32 I
359 1256 412 39 departementsförslaget
792 1255 194 33 förordades
1009 1267 39 20 en
1070 1253 290 34 decentralisation
1382 1265 41 20 av
1444 1251 235 39 vägärendena
1703 1250 77 32 från

276 1309 129 38 Kungl.
434 1308 103 38 Maj:t
566 1310 86 30 samt
679 1312 80 33 väg-
789 1307 60 32 och
877 1303 463 40 vattenbyggnadsstyrelsen
1371 1303 53 32 till
1455 1301 281 39 länsstyrelserna
1767 1301 12 31 i

278 1358 177 33 huvudsak
471 1371 43 20 av
533 1358 61 32 den
611 1357 215 38 omfattning,
844 1368 68 21 som
931 1356 180 32 förutsatts
1128 1356 12 31 i
1159 1355 84 32 1927
1262 1355 55 31 års
1336 1352 139 40 förslag,
1496 1352 84 33 dock
1599 1352 73 32 med
1690 1351 91 32 vissa

278 1409 217 38 jämkningar
518 1409 11 31 i
555 1408 144 32 nämnda
724 1407 130 38 förslag
877 1408 11 31 i
913 1407 101 37 fråga
1040 1417 51 21 om
1117 1404 188 39 beviljande
1331 1416 41 20 av
1398 1403 209 37 statsbidrag
1632 1402 53 32 till
1712 1405 69 28 sär-

279 1459 110 32 skilda
409 1459 145 37 företag.

322 1533 155 33 Rörande
498 1533 105 32 denna
623 1533 52 32 del
694 1545 42 19 av
755 1532 163 38 förslaget
936 1534 113 36 yttrar
1068 1529 376 39 departementschefen:

324 1592 139 33 »Såsom
485 1604 42 20 av
550 1592 39 31 de
610 1591 144 38 avgivna
776 1591 200 38 yttrandena
998 1590 162 38 framgår,
1182 1594 38 27 är
1242 1589 55 32 det
1318 1588 138 32 särskilt
1476 1586 217 33 beträffande
1716 1585 68 32 frå-

280 1646 76 27 gan,
383 1646 61 20 var
470 1634 207 38 avgörandet
702 1645 42 20 av
772 1633 140 32 ärenden
940 1632 141 32 rörande
1107 1631 188 38 beviljande
1321 1642 41 20 av
1390 1629 208 37 statsbidrag
1625 1628 52 32 till
1704 1632 80 33 väg-

281 1677 59 33 och
367 1677 194 38 broföretag
588 1676 87 32 skall
702 1675 105 39 ligga,
836 1687 66 20 som
930 1674 217 39 meningarna
1174 1678 57 27 äro
1260 1672 209 38 skiljaktiga.
1520 1671 19 31 I
1568 1671 54 32 det
1649 1674 132 29 övervä-

280 1719 107 38 gande
407 1718 126 32 antalet
554 1718 178 38 yttranden
753 1718 61 31 har
834 1717 178 34 förordats,
1034 1720 49 28 att
1104 1716 95 32 dessa
1220 1715 141 32 ärenden
1382 1714 108 33 skulle
1511 1713 71 32 helt
1601 1713 59 32 och
1680 1712 105 32 hållet

282 1761 79 31 eller
385 1760 54 32 till
464 1760 86 32 allra
576 1763 123 29 största
723 1759 93 33 delen
841 1759 202 38 överflyttas
1068 1758 54 32 till
1145 1757 290 38 länsstyrelserna.
1471 1756 68 32 Det
1562 1755 62 32 vill
1646 1754 61 32 ock
1731 1766 54 25 sy-

280 1814 70 26 nas,
372 1814 68 20 som
462 1814 51 19 om
536 1802 56 31 det
612 1801 108 33 skulle
740 1801 149 32 medföra
909 1801 92 31 vissa
1024 1799 208 38 svårigheter
1252 1799 57 31 vid
1331 1797 380 39 anslagsfördelningen,
1734 1808 51 19 om

281 1845 42 37 på
345 1848 67 29 sätt
432 1844 12 31 i
465 1843 411 39 departementsförslaget
896 1843 180 31 förutsatts
1096 1842 90 31 vissa
1208 1840 345 38 statsbidragsfrågor
1575 1839 106 32 skulle
1704 1839 81 31 fort-

281 1886 139 32 farande
438 1885 225 33 underställas
681 1885 129 38 Kungl.
827 1884 117 38 Maj:ts
963 1884 200 38 avgörande,
1180 1883 118 32 medan
1317 1883 60 31 den
1395 1887 104 27 större
1519 1881 94 32 delen
1630 1893 41 20 av
1689 1881 97 31 dessa

282 1928 141 32 ärenden
447 1928 60 32 och
530 1927 139 32 särskilt
691 1927 38 32 de
753 1927 101 32 flesta
877 1927 117 37 frågor
1017 1938 51 20 om
1091 1925 207 38 statsbidrag
1321 1937 41 19 av
1384 1922 401 34 automobilskattemedel

283 1969 107 32 skulle
406 1969 212 37 handläggas
634 1980 42 20 av
691 1968 290 38 länsstyrelserna.
1009 1968 19 31 I
1045 1967 210 33 förhållande
1272 1967 54 32 till
1342 1967 93 31 dessa
1451 1966 118 38 medel,
1587 1977 67 20 som
1671 1965 115 38 uppgå

281 2012 54 31 till
354 2015 156 29 avsevärt
528 2011 120 38 belopp
667 2030 44 3 —
731 2011 54 31 för
803 2010 200 39 budgetåret
1024 2007 185 36 1929/1930
1230 2008 163 33 beräknas
1414 2009 43 37 på
1477 2007 308 33 automobilskatte-

282 2054 144 32 medlens
450 2053 196 32 länsfonder
667 2052 117 38 belöpa
808 2052 222 37 sammanlagt
1053 2051 73 32 icke
1148 2051 128 32 mindre
1300 2055 40 27 än
1364 2050 153 37 omkring
1542 2050 69 32 18.5
1633 2049 154 36 miljoner

282 2096 121 31 kronor
423 2115 45 3 —
490 2099 39 28 är
551 2095 55 33 det
626 2094 244 38 jämförelsevis
893 2093 194 38 obetydliga
1109 2093 130 38 belopp,
1263 2092 166 38 nämligen
1452 2091 155 38 anslaget
1627 2091 55 32 till
1703 2091 83 38 byg-

283 2137 107 38 gande
415 2149 42 20 av
482 2136 216 39 landsvägar,
722 2136 137 38 vanliga
884 2136 219 38 bygdevägar
1128 2135 59 32 och
1212 2135 100 32 broar
1337 2138 84 28 samt
1446 2134 155 38 anslaget
1625 2134 53 31 till
1703 2133 83 38 byg-

283 2179 106 37 gande
407 2191 42 20 av
466 2178 100 33 enkla
582 2178 219 38 bygdevägar
815 2197 44 4 —
874 2178 12 31 i
904 2178 165 37 förslaget
1086 2177 53 32 till
1157 2177 141 32 riksstat
1316 2176 52 32 för
1384 2176 200 38 budgetåret
1603 2172 183 39 1929/1930

283 2224 173 35 upptagna
476 2221 54 31 till
550 2221 173 37 4,000,000
744 2219 185 39 respektive
950 2220 141 37 700,000
1110 2219 122 39 kronor
1249 2238 46 3 —
1315 2230 66 20 som
1403 2218 105 38 enligt
1530 2218 256 39 departements-

285 2263 164 38 förslaget
475 2263 109 32 skulle
608 2263 12 31 i
645 2262 181 32 allmänhet
852 2273 41 20 av
919 2261 130 38 Kungl.
1075 2261 101 38 Maj:t
1202 2260 147 32 fördelas
1374 2261 42 37 på
1443 2260 38 32 de
1508 2260 166 32 särskilda
1702 2260 84 32 före-

284 2310 110 33 tagen.
435 2304 213 32 Framhållas
666 2305 53 31 må
737 2303 71 39 ock,
827 2307 50 28 att
895 2303 209 38 svårigheter
1122 2302 188 38 säkerligen
1330 2302 70 32 ofta
1417 2302 114 32 kunna
1550 2313 90 27 yppa
1659 2303 53 36 sig
1730 2302 56 31 vid

284 2347 210 36 bedömande,
514 2346 166 32 huruvida
699 2358 38 19 en
754 2350 67 33 väg
839 2350 37 27 är
893 2349 48 28 att
960 2345 155 32 betrakta
1134 2346 107 30 såsom
1259 2349 68 34 väg
1345 2344 52 32 för
1415 2344 245 37 genomgående
1680 2344 107 32 trafik

286 2389 80 32 eller
384 2389 85 32 icke.

329 2430 76 32 Med
427 2430 131 37 hänsyn
581 2429 53 32 till
655 2441 44 20 nu
721 2429 145 38 angivna
889 2428 233 32 förhållanden
1143 2428 88 32 lärer
1253 2428 55 32 det
1328 2440 80 20 vara
1430 2428 210 38 lämpligare,
1663 2432 59 28 att.
1746 2429 41 31 då

285 2472 296 38 handläggningen
607 2483 41 19 av
674 2471 116 37 övriga
814 2471 211 37 vägärenden
1051 2470 233 32 koncentreras
1311 2470 53 31 till
1390 2470 289 38 länsstyrelserna,
1706 2471 80 37 jäm-
