1922 2856
303 167 21 29 4
490 172 107 28 Andra
621 173 198 29 kammarens
843 171 122 33 femte
989 176 162 36 tillfälliga
1176 177 127 28 utskotts
1329 178 156 29 utlåtande
1511 180 47 28 Nr
1580 182 26 27 2.

304 256 253 39 handlingarna
593 259 53 31 för
682 261 115 30 denna
821 261 167 38 fastighet.
1037 262 108 32 Såvitt
1169 264 166 32 utskottet
1359 265 134 31 kunnat
1516 265 168 42 inhämta,
1709 267 85 32 före-

304 309 111 32 finnes
440 312 189 31 emellertid
658 313 76 32 icke
758 314 105 39 några
887 315 214 39 tillförlitliga
1125 317 216 38 möjligheter
1365 322 48 28 att
1436 329 41 21 ur
1494 319 175 40 offentliga
1686 322 108 30 hand-

302 363 110 38 lingar
438 365 115 31 säkert
576 366 167 40 inhämta,
768 368 173 32 huruvida
965 369 67 31 och
1056 370 11 30 i
1091 370 117 32 vilken
1225 372 82 37 grad
1325 372 202 31 frälseränta
1547 374 98 37 utgår
1665 385 41 22 av
1723 375 70 31 viss

303 417 168 39 fastighet.
520 419 131 32 Sådant
685 421 69 31 kan
778 422 11 30 i
816 423 88 37 regel
938 423 77 31 icke
1054 426 141 29 utrönas
1231 429 107 27 annat
1361 428 44 29 än
1429 435 126 30 genom
1579 427 140 39 tillgång
1743 429 50 31 till

303 471 42 30 de
370 472 158 31 enskilda
553 473 216 42 handlingar,
796 485 75 21 som
896 478 120 36 utgöra
1040 477 96 32 bevis
1161 488 55 21 om
1244 480 133 30 räntan.
1410 480 116 31 Staten
1552 481 70 30 kan
1647 481 146 32 sålunda

303 525 173 41 knappast
511 528 62 37 äga
610 528 177 39 möjlighet
825 532 48 28 att
908 530 43 39 på
983 533 47 28 ett
1053 531 167 39 tillförligt
1244 534 66 30 sätt
1334 534 148 40 upplysa
1507 534 130 41 köpare
1661 545 42 22 av
1727 535 67 32 fast

302 580 168 36 egendom
495 590 58 21 om
578 581 159 32 tillvaron
762 592 43 22 av
829 583 97 40 dylik
950 585 109 31 ränta.

347 633 135 40 Köpare
518 644 43 21 av
595 634 66 32 fast
694 637 167 37 egendom
900 646 100 22 anses
1032 638 140 38 jämlikt
1201 639 153 32 rådande
1379 641 302 41 rättsuppfattniag
1703 643 90 31 hava

302 696 42 20 en
368 686 69 32 viss
463 688 369 42 undersökningsplikt
855 690 11 31 i
891 690 93 39 fråga
1009 700 57 23 om
1093 693 66 31 den
1184 693 107 40 köpta
1307 694 214 39 fastigheten.
1563 696 13 30 I
1595 697 198 38 anslutning

301 740 115 31 härtill
456 742 97 31 torde
590 743 56 31 det
682 743 109 38 åligga
830 744 153 40 köparen
1017 749 49 28 att
1090 748 155 30 närmast
1269 756 125 29 genom
1419 748 135 41 uppgift
1578 760 43 21 av
1646 750 145 39 säljaren

301 795 82 36 göra
422 794 50 39 sig
505 795 182 41 förvissad,
722 797 173 32 huruvida
919 797 203 34 frälseränta
1146 800 150 32 belastar
1320 802 67 30 den
1410 802 261 38 ifrågavarande
1696 813 96 29 egen-

302 848 136 31 domen.
488 848 145 33 Särskilt
668 850 43 31 då
746 851 142 38 jordens
928 855 103 29 natur
1060 854 139 38 angives
1224 864 74 22 som
1325 855 214 32 frälseskatte
1564 857 82 31 eller
1670 858 122 31 skatte-

300 900 112 41 frälse,
441 903 98 30 torde
564 904 93 30 detta
680 914 82 21 vara
786 907 102 36 ägnat
911 908 48 28 att
984 906 88 32 fästa
1097 908 172 40 köparens
1295 909 313 40 uppmärksamhet
1639 911 43 40 på
1706 911 84 38 möj-

301 954 148 38 ligheten
474 965 42 22 av
550 956 155 40 befintlig
729 960 108 30 ränta.

345 1008 65 31 Till
436 1009 61 31 sist
520 1009 53 32 får
597 1011 165 32 utskottet
785 1011 193 42 framhålla,
1004 1017 48 28 att
1077 1015 114 30 därest
1214 1024 43 22 av
1282 1016 217 31 motionären
1523 1018 183 31 anmärkta
1723 1018 65 32 för-

299 1062 177 31 hållandet
499 1063 77 32 icke
600 1064 92 32 förut
720 1065 129 32 behövt
872 1067 146 37 regleras
1042 1076 125 30 genom
1192 1069 177 31 allmänna
1393 1070 223 40 föreskrifter,
1631 1071 122 31 sådant
1776 1073 11 29 i

299 1118 202 30 nuvarande
530 1118 49 30 tid
609 1118 11 30 i
644 1119 135 31 mindre
796 1120 82 37 grad
896 1122 43 29 än
957 1121 152 31 tillförne
1127 1122 69 30 kan
1212 1132 83 21 vara
1313 1123 184 39 behövligt.
1524 1124 263 39 Ifrågavarande

300 1171 170 39 spörsmål
494 1172 98 30 torde
617 1172 89 31 hava
730 1173 142 31 förlorat
895 1173 11 31 i
930 1174 176 41 betydelse
1132 1176 93 30 såväl
1247 1185 125 29 genom
1390 1177 397 33 skattefrälseräntornas

299 1223 134 32 inlösen
470 1234 76 21 som
580 1226 66 30 ock
670 1226 11 31 i
709 1226 84 38 följd
833 1237 43 21 av
912 1228 66 31 den
1008 1229 313 40 omständigheten,
1346 1234 48 27 att
1417 1230 160 40 fastighet
1600 1232 66 31 och
1690 1234 97 29 ränta

301 1286 145 23 numera
479 1278 70 31 ofta
573 1281 61 29 äro
659 1281 276 41 sammanköpta.
985 1282 78 31 Med
1102 1283 138 40 hänsyn
1271 1284 51 30 till
1343 1284 355 39 jordegendomarnas
1722 1286 65 31 för-

298 1330 105 39 höjda
427 1332 70 40 pris
517 1333 67 30 och
608 1334 308 39 penningevärdets
941 1335 58 31 fall
1024 1336 97 31 torde
1146 1336 117 32 vidare
1288 1339 162 30 räntorna
1476 1349 145 21 numera
1646 1349 81 22 vara
1745 1350 41 21 av

299 1393 43 21 en
362 1384 97 39 ringa
484 1386 209 32 ekonomisk
717 1388 184 40 betydelse.

345 1438 76 31 Med
447 1439 221 42 åberopande
692 1451 42 22 av
759 1442 57 31 det
840 1452 89 22 ovan
955 1442 146 33 anförda
1125 1444 52 31 får
1201 1445 168 31 utskottet
1392 1446 194 40 hemställa,

662 1552 48 28 alt
745 1549 259 38 ifrågavarande
1039 1551 132 31 motion
1207 1551 77 32 icke
1321 1552 102 31 måtte
1459 1552 51 32 till
1541 1553 113 39 någon
1679 1555 105 30 andra

618 1602 220 32 kammarens
864 1603 116 39 åtgärd
1005 1603 189 33 föranleda.

346 1706 203 33 Stockholm
575 1709 67 31 den
669 1711 39 29 15
733 1709 151 33 februari
911 1712 94 31 1924.

829 1818 46 31 På
900 1819 181 31 utskottets
1106 1820 142 37 vägnar:

878 1925 107 32 ERIK
1010 1918 191 40 LAURÉN.

343 2059 218 29 Närvarande:
587 2069 33 19 se
645 2062 167 28 utskottets
837 2061 160 29 utlåtande
1023 2071 37 19 nr
1079 2064 23 26 1.

738 2530 312 26 CENTRALTRYCKERIET,
1071 2531 169 20 STOCKHOLM
1265 2533 75 20 1924.
