2186 2634
697 203 252 32 Statsutskottets
981 201 167 32 Utlåtande
1171 200 62 32 N:o
1257 203 29 29 3.
1695 200 39 30 13

185 287 241 45 löntagaren,
470 296 81 24 som
594 284 120 46 enligt
757 283 116 45 äldre,
916 283 60 35 för
1013 282 268 35 direktörerna
1309 281 65 35 vid
1403 280 46 36 de
1479 280 172 35 centrala
1679 279 109 47 fång-

185 337 357 37 vårdsanstalterna
561 341 103 31 ännu
682 335 179 47 gällande
880 333 243 37 föreskrifter
1141 333 13 35 i
1172 333 110 47 fråga
1302 345 63 23 om
1384 332 161 46 pension
1564 331 225 47 visserligen

186 390 103 36 varit
328 389 224 47 berättigad
593 391 59 33 att
689 388 124 35 under
849 387 74 35 viss
951 385 282 47 förutsättning
1262 385 147 35 erhålla
1437 384 172 47 pension,
1638 396 89 23 men
1754 383 33 46 ej

186 442 264 36 underkastad
468 443 130 43 någon
615 440 271 35 motsvarande
906 438 221 47 skyldighet
1147 440 60 33 att
1227 436 96 36 efter
1341 437 101 35 vissa
1461 439 43 32 år
1517 435 86 36 från
1618 435 172 47 tjänsten

187 494 100 47 afgå,
329 505 140 35 genom
500 494 97 34 1903
628 494 60 33 års
715 490 307 47 riksdagsbeslut
1049 489 239 36 förklarades
1316 488 154 47 skyldig
1499 490 59 33 att
1586 488 89 46 afgå
1703 487 86 35 från

186 546 170 46 tjänsten
397 545 88 35 med
526 544 171 47 pension,
741 545 40 33 så
823 546 108 32 snart
972 542 77 36 han
1077 542 76 35 blir
1179 540 224 47 berättigad
1429 540 64 36 till
1521 540 130 45 sådan,
1680 538 110 47 fång-

187 597 301 47 vårdsstyrelsen
529 596 101 36 dock
672 596 183 46 obetaget
892 597 60 33 att
980 594 80 36 låta
1088 593 87 36 med
1204 592 172 36 afskedet
1405 594 122 43 anstå,
1558 604 62 23 om
1649 591 73 36 och
1750 593 40 33 så

187 651 112 46 länge
341 650 74 35 den
456 647 425 48 pensionsberättigade
927 646 154 47 pröfvas
1121 645 133 35 kunna
1281 645 13 34 i
1321 644 172 46 tjänsten
1534 646 50 44 på
1621 646 58 33 ett
1712 643 79 35 till-

186 701 293 37 fredsställande
521 703 78 32 sätt
640 711 128 35 gagna
809 700 66 34 det
916 698 193 36 allmänna
1144 697 71 36 och
1255 697 78 35 kan
1375 696 124 35 finnas
1540 695 109 47 villig
1691 695 100 35 att
1771 691 23 59 i

188 755 220 35 densamma
434 752 171 36 kvarstå.

317 806 16 34 I
360 805 110 46 fråga
512 816 61 24 om
615 803 273 47 pensionernas
929 802 142 46 belopp
1104 801 258 35 förekommer
1391 799 216 36 emellertid
1636 811 46 23 en
1712 811 79 23 om-

188 857 235 47 ständighet,
452 868 82 24 som
563 858 105 44 synts
697 855 185 46 styrelsen
910 854 158 46 påkalla
1097 856 57 33 ett
1182 852 140 46 tillägg
1349 852 63 35 till
1440 851 169 35 nämnda
1636 850 154 36 villkor.

188 909 133 47 Enligt
363 909 104 35 äldre
509 908 60 35 för
597 907 114 36 civila
739 906 235 46 tjänstemän
1002 906 13 34 i
1044 905 211 36 allmänhet
1282 903 180 47 gällande
1490 902 300 45 bestämmelser,

188 961 134 35 hvilka
357 960 161 47 jämlikt
559 960 45 35 de
645 959 65 35 vid
751 960 96 34 1903
891 961 61 32 års
980 957 159 46 riksdag
1166 956 222 47 uppställda
1417 955 143 35 villkor
1587 955 13 35 i
1626 954 167 36 berörda

189 1013 176 36 afseende
404 1011 240 37 fortfarande
685 1010 115 47 gälla,
842 1010 119 35 undfå
998 1009 195 46 nämligen
1220 1009 215 45 löntagare,
1467 1018 80 24 som
1575 1007 177 46 uppbära
1780 1006 13 35 i

188 1065 65 35 lön
293 1067 109 43 3,000
432 1064 148 35 kronor
607 1063 94 36 eller
729 1062 203 45 därunder,
962 1061 86 36 hela
1076 1061 182 46 beloppet
1286 1060 12 34 i
1328 1059 100 46 årlig
1455 1058 172 47 pension,
1656 1058 136 35 hvare-

188 1120 83 33 mot
298 1117 210 47 pensionen
536 1115 62 36 till
626 1116 98 44 dem,
755 1127 80 23 som
864 1114 154 46 åtnjuta
1045 1125 106 23 mera
1180 1118 48 30 än
1260 1114 109 42 3,000
1390 1111 158 44 kronor,
1570 1113 118 44 utgår
1705 1110 89 35 med

190 1169 98 36 åttio
328 1171 164 44 procent
520 1167 42 36 af
585 1167 289 43 totalsumman,
904 1166 102 35 dock
1033 1165 88 35 med
1148 1165 118 34 minst
1296 1166 110 42 3,000
1436 1163 154 35 kronor.
1648 1162 145 36 Genom

188 1221 133 35 lönens
347 1219 242 48 uppdelning
616 1219 13 35 i
656 1219 66 35 lön
750 1218 72 36 och
846 1216 510 48 tjänstgöringspenningar,
1377 1214 148 45 hvaraf,
1546 1217 50 43 på
1615 1216 78 33 sätt
1713 1225 81 24 som

189 1272 75 36 ock
282 1272 197 46 tillämpas
498 1271 13 35 i
529 1270 111 46 fråga
661 1282 61 23 om
742 1270 291 35 föreståndarne
1053 1268 66 35 vid
1132 1268 100 35 läns-
1249 1267 72 35 och
1335 1266 456 46 kronocellfängelserna,

188 1322 553 48 tjänstgöringspenningarna
781 1321 86 35 icke
908 1321 134 34 kunna
1074 1319 230 36 medräknas
1330 1318 62 35 för
1419 1317 221 47 pensionen,
1670 1317 124 35 skulle

188 1376 146 46 följden
373 1375 42 36 af
451 1375 168 35 nämnda
659 1373 266 36 bestämmelse
969 1384 61 24 om
1065 1370 365 48 pensionsbeloppet
1457 1369 121 36 blifva
1606 1371 71 42 att,
1707 1369 88 35 med

190 1429 74 34 den
307 1427 208 46 afvägning
552 1426 42 35 af
617 1426 171 44 lönerna,
819 1437 81 23 som
927 1423 125 48 gjorts
1079 1424 14 34 i
1121 1423 202 46 styrelsens
1351 1422 145 46 förslag
1523 1421 62 35 till
1612 1421 180 44 lönestat,

191 1480 255 46 pensionerna
472 1479 158 35 komma
659 1480 60 33 att
747 1477 125 46 nedgå
900 1476 123 36 under
1051 1476 46 35 de
1117 1475 233 44 nuvarande,
1371 1474 197 46 nämligen
1588 1472 60 37 för
1667 1472 127 36 direk-

191 1535 112 32 tören
343 1531 65 35 vid
449 1529 339 47 centralfängelset
816 1531 22 33 å
865 1527 266 48 Långholmen
1171 1527 85 35 från
1300 1528 111 43 3,600
1454 1526 147 35 kronor
1636 1524 73 36 och
1735 1523 61 36 för

191 1583 270 36 direktörerna
501 1582 65 35 vid
607 1582 47 35 de
688 1581 172 36 centrala
888 1578 449 48 fångvårdsanstalterna
1366 1581 21 32 å
1417 1576 180 47 Svartsjö,
1627 1577 13 34 i
1668 1576 127 35 Karls-

190 1635 135 45 krona,
361 1634 250 46 Norrköping
653 1633 72 35 och
766 1632 252 36 Landskrona
1045 1631 86 35 från
1162 1633 109 42 3,200
1300 1630 147 35 kronor
1474 1629 62 35 till
1564 1629 58 35 för
1651 1628 146 35 enhvar

193 1687 41 35 af
257 1687 167 34 nämnda
452 1685 221 35 direktörer
703 1687 110 42 3,000
842 1684 157 35 kronor.
1055 1683 117 34 Detta
1191 1681 332 36 missförhållande
1559 1675 30 58 —
1609 1691 81 24 som
1710 1679 86 35 icke

192 1738 85 35 haft
304 1737 281 46 motsvarighet
612 1737 13 33 i
654 1739 129 43 någon
812 1735 192 46 sänkning
1033 1734 41 35 af
1098 1734 208 46 pensionen
1334 1732 60 35 för
1420 1732 292 35 föreståndarne
1732 1731 66 34 vid

192 1790 99 35 läns-
321 1789 71 35 och
419 1787 454 47 kronocellfängelserna,
903 1786 161 36 emedan
1091 1786 60 34 för
1179 1786 85 34 dem
1293 1784 45 35 de
1368 1784 108 35 delar
1503 1783 43 35 af
1565 1782 230 46 aflöningen,

192 1840 141 37 hvaraf
368 1840 210 47 pensionen
615 1839 135 45 bildas,
779 1838 194 46 nämligen
1001 1838 116 34 lönen
1146 1836 72 36 och
1245 1837 45 34 de
1320 1838 124 33 såsom
1472 1836 65 34 lön
1565 1834 232 36 betraktade

194 1892 326 47 ålderstilläggen,
562 1891 86 36 icke
691 1894 97 32 satts
828 1890 255 36 tillsammans
1116 1888 61 36 till
1204 1888 141 46 belopp
1375 1887 107 35 öfver
1513 1889 109 42 3,000
1652 1886 146 35 kronor

194 1945 73 35 och
308 1944 131 36 därför
479 1944 87 35 med
607 1943 87 35 hela
735 1943 58 34 sin
835 1954 148 23 summa
1023 1941 91 46 ingå
1152 1941 12 34 i
1198 1940 209 46 pensionen
1435 1960 51 3 —
1513 1939 72 34 har
1613 1938 185 46 styrelsen

195 1999 129 33 ansett
364 1996 86 35 icke
492 1996 132 34 kunna
665 1996 123 33 rättas
829 1996 50 44 på
908 1996 119 33 annat
1055 1995 89 41 sätt,
1175 1997 47 29 än
1251 1994 70 41 att,
1351 1991 165 35 likasom
1544 1990 60 35 för
1632 1990 167 35 nämnda

194 2047 448 47 fängelseföreståndare,
681 2046 210 46 pensionen
915 2045 146 45 jämväl
1088 2043 61 35 för
1175 2056 53 22 nu
1255 2042 296 46 ifrågavarande
1581 2041 220 35 direktörer

197 2100 58 33 får
283 2102 95 44 utgå
406 2098 87 36 med
520 2098 88 34 hela
635 2098 185 45 beloppet
850 2096 40 35 af
914 2096 115 34 lönen
1059 2095 72 35 och
1160 2094 326 45 ålderstilläggen.

327 2151 180 35 Summan
535 2149 41 35 af
601 2148 218 46 aflöningen
848 2151 22 31 å
899 2147 199 35 bestämda
1127 2146 174 45 anslaget
1320 2144 124 46 enligt
1464 2145 73 34 den
1558 2144 42 35 af
1615 2143 184 46 styrelsen

199 2215 51 22 nu
279 2202 217 45 föreslagna
525 2203 127 33 staten
681 2202 117 44 utgör
845 2227 238 6 meeeeeeeeese
1102 2226 190 5 seems
1313 2226 50 4 seen
1395 2195 146 36 kronor
1572 2197 149 43 29,000:
1738 2215 50 3 —

327 2254 81 33 Den
436 2252 223 36 nuvarande
688 2250 218 46 aflöningen
935 2253 22 32 å
986 2249 174 46 anslaget
1189 2248 57 35 till
1278 2248 45 34 de
1352 2248 12 34 i

199 2309 127 31 staten
355 2307 201 43 upptagna
587 2303 92 35 eller
706 2302 271 35 motsvarande
1006 2300 234 47 tjänstemän
1268 2311 96 34 upp-

199 2359 70 41 går
296 2356 57 35 till
389 2385 177 5 oooococooc
588 2386 2 2 sera
645 2385 51 4 saa
717 2384 50 4 rara
786 2384 85 4 särar
881 2384 36 4 arsr
926 2384 15 3 ar
951 2383 96 4 aareerrr
1067 2383 49 4 säker
1126 2383 71 3 reisen
1208 2382 47 4 earer
1266 2382 49 3 ennen
1334 2381 28 4 ana

1573 2351 149 42 24.750:
1740 2369 49 4 —
