1872 2778
263 154 19 29 8
657 156 254 30 Statsutskottets
935 160 161 27 utlåtande
1119 170 40 18 nr
1181 163 16 26 6
1220 163 35 27 år
1277 164 77 28 1956

266 233 250 41 överflyttning
544 245 41 20 av
616 236 69 30 viss
714 240 164 37 personal
909 240 51 29 till
988 241 321 41 sjöfartsstyrelsen
1340 247 210 39 uppskattar
1579 249 69 39 jag,
1679 250 71 30 lika

264 287 77 29 med
367 288 81 39 väg-
472 289 63 29 och
560 291 484 41 vattenbyggnadsstyrelsen,
1072 296 52 29 till
1152 296 59 30 197
1227 297 63 30 500
1317 299 51 29 kr.

319 339 12 29 I
360 341 348 32 överensstämmelse
738 346 78 30 med
845 347 60 29 det
931 348 149 31 anförda
1109 350 115 30 skulle
1254 352 342 42 avlöningsanslaget
1625 357 125 39 uppfö-

261 401 55 21 ras
343 395 79 29 med
454 394 135 33 (19494
603 396 63 30 500
683 403 27 27 +
730 398 61 29 150
805 398 64 30 000
887 405 28 28 +
932 401 63 29 5300
1009 401 63 30 000
1089 408 28 28 +
1135 403 42 29 44
1191 404 62 29 800
1271 410 27 27 +
1318 405 62 31 198
1397 407 60 29 100
1475 413 27 28 +
1522 409 13 28 1
1553 408 63 30 340
1630 409 63 30 000
1706 428 42 4 —

264 446 59 29 197
339 446 81 35 500)
451 451 172 29 avrundat
649 451 117 30 21530
781 452 63 30 000
872 454 51 30 kr.

317 500 62 39 Sju
402 501 305 33 kontorsbiträden
730 505 9 29 i
762 506 43 29 Ce
819 506 20 30 8
859 507 63 30 bör
943 508 140 39 jämlikt
1104 512 200 37 grunderna
1327 514 57 29 för
1406 515 66 29 den
1494 516 176 39 reglerade
1692 517 56 30 be-

263 552 314 43 fordringsgången
605 557 11 30 i
647 558 152 39 enlighet
830 562 78 29 med
939 563 189 38 styrelsens
1157 564 132 41 förslag
1319 567 133 31 erhålla
1482 569 175 31 ordinarie
1687 580 61 21 an-

261 607 176 41 ställning,
466 610 120 30 varför
616 612 10 29 i
659 613 433 42 personalförteckningen
1124 618 62 29 bör
1218 620 171 39 uppföras
1420 623 200 39 ytterligare
1652 625 95 29 detta

259 662 95 28 antal
377 662 130 31 sådana
531 664 158 39 tjänster.
724 666 12 29 I
759 668 433 42 personalförteckningen
1216 672 55 30 för
1291 674 371 41 vägförvaltningarna
1684 678 62 30 bör

261 714 116 30 vidare
401 716 167 39 uppföras
591 718 158 39 följande
772 721 201 40 ytterligare
998 723 160 40 tjänster,
1184 726 175 40 nämligen
1385 728 56 30 två
1465 729 282 41 distriktsingen-

257 768 94 37 jörer
374 768 8 28 i
405 769 44 29 Ce
463 770 50 34 31,
535 770 18 29 3
576 771 181 39 ingenörer
779 774 9 28 i
811 774 88 29 Ce29
923 778 89 27 samt
1033 776 19 29 4
1074 777 185 39 ingenörer
1278 780 10 29 i
1312 780 43 30 Ce
1370 781 71 30 27.>

313 874 186 33 Utskottet.
538 878 48 28 De
614 887 42 20 av
681 880 78 38 väg-
784 881 63 29 och
877 883 471 41 vattenbyggnadsstyrelsen
1377 888 111 30 under
1516 889 230 32 förevarande

257 928 113 38 punkt
397 928 149 40 begärda
575 931 339 41 löneregleringarna
941 935 62 29 har
1031 936 279 41 föredraganden
1337 940 120 30 funnit
1486 942 50 39 sig
1562 943 31 39 ej
1623 944 121 30 kunna

257 980 187 40 tillstyrka.
462 982 77 30 Viss
558 983 240 43 förstärkning
817 996 42 20 av
877 988 265 41 anslagsposten
1164 991 50 29 till
1234 992 153 41 tillfällig
1404 997 163 37 personal
1584 997 64 29 har
1667 998 77 30 där-

256 1036 92 27 emot
375 1037 132 28 ansetts
534 1038 213 40 erforderlig.
777 1040 154 31 Sålunda
960 1042 159 30 förordas
1147 1054 42 19 en
1218 1047 224 39 uppräkning
1470 1057 41 21 av
1538 1049 205 32 densamma

256 1088 77 29 med
359 1088 61 29 150
435 1088 62 31 000
520 1090 50 29 kr.
593 1091 44 39 på
659 1093 112 38 grund
793 1103 43 19 av
859 1094 161 31 inträdda
1045 1096 268 42 lönehöjningar
1336 1101 65 29 och
1424 1102 79 29 med
1526 1102 64 29 500
1604 1103 63 30 000
1690 1104 52 30 kr.

256 1140 53 30 för
333 1142 220 31 anställande
576 1154 42 19 av
641 1146 199 39 ytterligare
865 1150 160 37 personal
1051 1149 10 28 i
1086 1151 190 39 anledning
1300 1162 40 20 av
1364 1154 68 29 den
1458 1156 110 29 under
1593 1156 38 29 år
1659 1156 83 31 1956

254 1194 199 31 beräknade
478 1197 174 40 ökningen
678 1208 40 20 av
743 1200 66 29 den
836 1201 138 40 statliga
999 1203 514 40 vägbyggnadsverksamheten
1541 1218 92 21 m.m.
1660 1210 82 30 Sist-

256 1249 152 29 nämnda
429 1249 126 41 belopp
574 1251 145 30 föreslås
740 1253 35 29 få
795 1254 205 39 disponeras
1022 1258 86 28 även
1129 1257 54 30 för
1204 1259 172 40 utökning
1396 1270 43 20 av
1459 1263 207 37 personalen
1687 1263 54 30 för

253 1301 138 30 enskild
413 1303 225 41 väghållning
660 1308 90 27 samt
773 1306 54 30 för
850 1308 164 40 avlöning
1037 1310 51 29 till
1111 1312 207 38 personalen
1341 1313 58 30 vid
1422 1315 41 29 de
1486 1315 108 40 enligt
1617 1316 125 40 Kungl.

253 1354 123 39 Maj:ts
415 1355 114 31 beslut
555 1358 66 29 den
649 1359 40 29 22
718 1360 195 39 september
943 1362 82 30 1955
1055 1363 174 31 inrättade
1268 1366 433 41 projekteringskontoren
1729 1371 11 29 i

253 1408 202 30 Stockholm
479 1410 63 29 och
565 1410 138 31 Malmö.
739 1412 121 31 Såsom
883 1415 108 30 redan
1014 1416 147 39 tidigare
1184 1418 110 30 under
1317 1420 158 40 anslaget
1499 1422 51 29 till
1575 1423 79 39 väg-
1676 1423 65 31 och

251 1462 491 41 vattenbyggnadsstyrelsens
760 1467 206 40 avlöningar
984 1470 203 30 omnämnts
1206 1471 147 31 föreslås
1372 1473 118 31 vidare
1510 1484 43 20 en
1572 1475 170 31 förstärk-

253 1514 81 39 ning
358 1524 42 20 av
423 1516 68 29 den
513 1517 173 39 regionala
713 1521 132 28 vatten-
870 1521 63 29 och
959 1523 440 40 avloppsorganisationen,
1427 1528 236 31 innebärande
1689 1532 51 28 att

250 1585 41 2 —
317 1569 121 28 utöver
462 1570 40 29 de
527 1573 202 29 nuvarande
756 1574 39 28 16
821 1574 544 43 distriktsingenjörstjänsterna
1389 1598 44 3 —
1456 1582 201 39 ytterligare
1682 1584 57 30 två

252 1621 130 30 sådana
407 1622 147 39 tjänster
575 1624 10 29 i
612 1617 39 52 Ce
670 1625 31 29 31
728 1626 149 31 inrättas
901 1630 90 28 samt
1013 1631 50 28 att
1086 1632 51 27 tre
1159 1631 333 41 ingenjörstjänster
1516 1635 10 29 i
1550 1635 47 40 Cg
1610 1636 40 29 29
1674 1638 64 28 och

251 1674 75 38 fyra
354 1675 149 39 tjänster
530 1677 9 29 i
567 1677 48 40 Cg
627 1678 40 29 27
695 1679 187 31 förändras
909 1681 51 29 till
987 1684 95 29 extra
1110 1684 185 35 ordinarie,
1321 1686 108 30 vilket
1456 1688 63 29 allt
1544 1689 124 30 kräver
1693 1699 44 20 en

249 1728 291 41 anslagshöjning
561 1732 78 29 med
661 1732 10 28 i
693 1735 82 27 runt
796 1734 48 29 tal
865 1734 44 29 44
921 1734 63 30 800
1005 1736 51 29 kr.
1079 1737 75 29 Den
1176 1733 137 51 sålunda
1337 1739 205 41 föreslagna
1569 1742 169 31 förstärk-

250 1781 127 39 ningen
404 1791 101 21 anses
530 1784 45 39 på
600 1785 89 29 intet
712 1787 68 29 sätt
806 1787 175 41 föregripa
1006 1791 47 27 ett
1080 1790 212 31 kommande
1319 1793 338 41 ställningstagande
1682 1796 55 30 be-

250 1834 177 31 träffande
454 1836 122 40 frågan
602 1847 54 20 om
684 1840 270 30 vattenvårdens
982 1842 165 31 framtida
1175 1846 238 37 organisation
1441 1848 64 29 och
1533 1849 203 40 arbetsupp-

248 1888 102 38 gifter
377 1889 9 28 i
411 1889 189 40 anledning
623 1901 42 20 av
690 1893 41 29 de
756 1893 142 40 förslag,
925 1904 73 20 som
1024 1896 183 40 framlagts
1233 1907 42 20 av
1299 1900 437 32 vattenvårdskommittén

249 1943 90 27 samt
360 1951 42 20 av
428 1942 83 30 1946
531 1943 57 30 års
610 1946 132 28 vatten-
764 1946 64 30 och
852 1947 381 43 avloppssakkunniga.

302 1994 170 40 Slutligen
498 1997 103 30 äskas
628 1998 54 30 för
709 2001 236 30 automatiska
973 2002 320 41 utgiftsstegringar
1320 2005 10 30 i
1358 2006 91 30 form
1477 2017 41 19 av
1545 2008 190 30 löneklass-

247 2048 282 41 uppflyttningar
547 2059 46 21 m.
612 2060 45 21 m.
677 2054 91 28 samt
786 2052 55 31 för
860 2054 84 30 ökat
962 2055 121 40 rörligt
1103 2056 119 41 tillägg
1241 2058 10 29 i
1271 2059 190 40 anledning
1480 2069 42 21 av
1542 2061 195 40 höjningen

246 2110 40 20 av
307 2102 395 39 statstjänstemännens
724 2106 95 29 löner
839 2109 49 27 ett
908 2107 124 41 belopp
1052 2119 42 19 av
1114 2119 39 20 ca
1177 2111 11 28 1
1207 2111 63 29 340
1284 2111 65 30 000
1369 2113 63 34 kr.,
1454 2114 171 39 varjämte
1646 2116 10 29 i
1677 2125 57 20 en-

246 2154 106 39 lighet
375 2156 78 29 med
478 2158 198 37 grunderna
701 2158 53 30 för
778 2160 68 29 den
869 2161 175 39 reglerade
1068 2163 360 42 befordringsgången
1451 2168 200 39 ytterligare
1677 2169 55 39 sju

245 2208 305 31 kontorsbiträden
576 2211 10 28 i
611 2211 76 30 Ce
670 2204 20 52 8
713 2212 147 31 föreslås
885 2214 131 31 erhålla
1041 2216 176 31 ordinarie
1242 2214 224 49 anställning.

300 2261 186 36 Utskottet,
508 2272 72 21 som
602 2264 74 30 icke
697 2265 118 31 funnit
836 2267 188 41 anledning
1046 2270 51 28 till
1118 2271 140 29 erinran
1279 2274 72 27 mot
1372 2273 125 40 Kungl.
1520 2274 123 39 Maj:ts
1664 2275 69 30 för-

244 2315 82 39 slag,
363 2318 140 28 noterar
536 2318 80 29 med
650 2318 306 32 tillfredsställelse
979 2321 217 32 inrättandet
1219 2333 42 21 av
1285 2324 232 33 förenämnda
1542 2327 90 31 båda
1656 2337 78 31 pro-

242 2368 324 40 jekteringskontor
601 2371 12 29 i
652 2371 202 32 Stockholm
891 2374 65 30 och
993 2375 139 35 Malmö,
1171 2377 201 40 varigenom
1399 2388 43 21 en
1469 2381 173 39 utökning
1668 2382 65 29 och

242 2422 283 41 rationalisering
552 2433 41 21 av
622 2425 66 29 den
716 2427 193 39 angelägna
938 2428 531 41 projekteringsverksamheten
1498 2430 234 48 möjliggöres.

242 2474 136 31 Jämväl
401 2476 286 41 förstärkningen
708 2488 42 20 av
770 2480 68 30 den
860 2481 175 39 regionala
1058 2485 134 27 vatten-
1213 2485 64 29 och
1300 2486 432 39 avloppsorganisationen

242 2528 117 29 finner
384 2530 170 29 utskottet
578 2532 261 31 välmotiverad.
