1872 2778
264 169 42 29 60
659 168 253 27 Statsutskottets
936 168 161 27 utlåtande
1119 177 39 18 nr
1180 169 17 26 6
1220 168 36 28 år
1278 169 76 27 1956

322 246 88 31 Över
428 247 305 40 framställningen
750 248 47 30 ha
815 248 205 30 utlåtanden
1039 248 145 40 avgivits
1203 258 43 20 av
1263 248 253 30 statskontoret
1535 249 64 30 och
1618 250 133 28 statens

269 300 212 30 lönenämnd
510 301 43 33 (s.
580 301 159 34 86—88).

321 407 392 40 Departementschefen
739 408 65 29 har
829 408 117 30 anfört
970 408 168 40 följande.

324 479 15 17 »
344 469 75 29 Vad
438 469 88 30 först
545 469 107 40 angår
670 470 370 39 byggnadsstyrelsens
1060 471 131 39 förslag
1210 480 58 20 om
1287 481 44 19 en
1350 471 231 30 redaktionell
1601 471 148 39 ändring

266 531 41 20 av
335 522 348 40 rubrikindelningen
709 524 11 28 i
746 524 371 39 byggnadsstyrelsens
1144 524 197 40 avlönings-
1368 525 64 29 och
1458 525 292 30 omkostnadsan-

266 575 74 40 slag
363 575 45 40 på
434 576 37 29 så
496 577 78 33 sätt,
601 578 49 28 att
675 577 67 29 den
768 577 172 30 särskilda
966 577 168 30 rubriken
1160 578 138 30 Statens
1324 578 425 30 bränslekontrollerande

264 629 224 30 verksamhet
511 629 115 41 slopas
649 630 64 29 och
735 631 67 29 vad
825 639 75 21 som
923 631 176 39 upptagits
1124 631 177 30 därunder
1324 631 100 40 ingår
1446 632 112 29 under
1581 631 168 30 rubriken

263 683 376 39 Byggnadsstyrelsens
668 683 224 30 verksamhet
920 684 11 29 i
961 684 201 34 allmänhet,
1193 684 117 30 finner
1340 684 60 39 jag
1429 685 94 29 detta
1553 684 197 31 ändamåls-

262 735 118 40 enligt.
413 736 63 39 Jag
497 736 192 39 tillstyrker
711 736 130 35 därför,
864 738 50 28 att
936 737 66 30 den
1024 737 153 30 ändrade
1199 737 352 40 rubrikindelningen
1573 737 176 41 tillämpas

263 788 42 29 fr.
332 797 29 21 o.
387 798 44 20 m.
457 790 101 29 nästa
582 790 178 39 budgetår.

319 850 50 29 De
391 860 41 20 av
453 851 353 40 byggnadsstyrelsen
828 852 197 31 framförda
1049 853 177 40 förslagen
1249 862 57 21 om
1330 853 294 40 löneregleringar
1645 863 103 21 anser

263 903 59 40 jag
339 903 72 41 mig
429 905 31 39 ej
481 905 122 30 kunna
620 905 147 31 biträda.
787 906 13 29 I
818 906 153 40 enlighet
989 907 80 30 med
1087 907 66 30 vad
1173 907 125 29 chefen
1316 907 58 30 för
1391 907 358 41 civildepartementet

264 957 119 30 anfört
403 958 58 30 vid
481 959 167 29 anmälan
671 968 42 21 av
735 959 56 30 för
812 959 87 30 flera
921 960 219 30 huvudtitlar
1162 968 261 32 gemensamma
1444 960 119 40 frågor
1585 961 62 30 bör
1671 962 77 30 där-

264 1013 94 28 emot
378 1020 43 20 en
442 1011 111 40 tjänst
573 1021 75 20 som
667 1012 189 30 maskinist
876 1013 10 29 i
908 1013 46 30 Ca
968 1013 38 29 15
1029 1014 147 29 ersättas
1197 1015 81 29 med
1300 1023 43 21 en
1365 1014 111 40 tjänst
1495 1023 77 21 som
1593 1015 155 30 maskin-

263 1065 153 29 mästare
438 1065 12 29 i
475 1064 47 30 Ca
537 1065 39 29 18
602 1067 90 28 samt
716 1075 45 20 en
784 1066 197 40 befattning
1003 1076 78 21 som
1105 1068 181 39 reparatör
1310 1068 11 29 i
1348 1067 43 30 Ce
1407 1068 39 29 12
1473 1068 195 40 uppflyttas
1696 1069 51 29 till

263 1117 45 30 Ce
323 1118 50 29 13.
407 1118 270 31 Merkostnaden
700 1119 122 30 härför
846 1119 134 41 uppgår
1001 1120 54 30 till
1076 1129 40 22 ca
1141 1120 94 30 1600
1259 1121 52 29 kr.

318 1179 260 31 Arbetsbördan
599 1181 54 30 för
675 1181 188 39 styrelsens
884 1182 288 40 intendentsbyrå
1191 1183 65 30 har
1276 1184 112 29 under
1410 1192 122 21 senare
1552 1183 39 30 år
1611 1184 137 30 alltmer

262 1233 103 30 ökats
379 1233 45 30 bl.
438 1243 29 20 a.
481 1242 124 31 genom
622 1235 66 29 den
703 1235 133 30 skedda
850 1235 252 40 utvidgningen
1117 1245 41 21 av
1171 1236 371 40 fastighetsbeståndet
1555 1238 113 29 under
1681 1239 68 38 sty-

262 1286 133 30 relsens
415 1287 221 40 förvaltning.
656 1288 54 29 En
727 1289 406 40 personalförstärkning
1153 1299 102 30 synes
1275 1299 48 20 nu
1342 1299 83 21 vara
1443 1290 165 40 påkallad
1628 1291 44 40 på
1689 1291 60 39 by-

262 1339 83 30 råns
367 1341 185 39 avdelning
570 1341 54 30 för
643 1341 132 30 inrikes
796 1341 214 40 fastigheter.
1031 1343 65 39 Jag
1114 1343 148 30 föreslår
1282 1343 130 35 därför,
1433 1345 51 28 att
1504 1344 170 39 styrelsen
1694 1344 54 30 får

262 1394 152 29 anställa
433 1403 43 20 en
496 1394 105 30 ritare
623 1394 10 30 i
655 1395 43 29 Ce
714 1395 39 29 19
776 1399 90 28 samt
887 1397 47 28 ett
955 1395 254 31 kanslibiträde
1230 1397 10 29 i
1262 1396 43 30 Ce
1321 1397 50 29 11.
1394 1397 14 29 I
1430 1397 152 39 enlighet
1603 1397 145 30 härmed

262 1447 125 29 kräves
411 1456 40 20 en
474 1448 290 40 anslagshöjning
786 1449 80 30 med
891 1449 38 29 12
944 1449 63 30 816
1029 1458 89 31 resp.
1142 1449 96 30 9516
1261 1450 52 29 kr.

317 1509 76 30 Vad
418 1509 354 40 byggnadsstyrelsen
798 1511 118 30 anfört
942 1511 178 40 angående
1147 1512 388 31 arbetsförhållandena
1562 1513 44 40 på
1633 1514 115 29 utred-

262 1562 233 39 ningsbyråns
516 1563 198 40 expedition
732 1564 65 29 har
815 1564 118 30 vidare
952 1566 179 38 övertygat
1149 1565 71 40 mig
1239 1574 58 21 om
1316 1567 51 28 att
1385 1566 363 40 biträdespersonalen

261 1615 45 40 på
325 1615 111 40 byrån
456 1616 149 30 behöver
627 1617 206 30 förstärkas.
854 1618 64 39 Jag
938 1618 64 30 har
1024 1618 147 30 sålunda
1192 1619 182 39 ingenting
1395 1620 50 29 att
1466 1619 115 30 erinra
1603 1621 73 28 mot
1698 1621 50 29 att

262 1669 113 30 medel
393 1669 172 31 beräknas
586 1670 53 30 för
658 1671 220 30 anställande
897 1681 41 20 av
958 1681 42 20 en
1020 1672 175 30 kontorist
1212 1672 12 29 i
1243 1672 43 30 Ce
1302 1672 50 35 13,
1372 1672 119 30 varför
1509 1673 176 30 erfordras
1705 1683 42 20 en

262 1722 384 41 anslagsförstärkning
665 1725 80 29 med
767 1724 40 29 10
821 1724 64 30 224
904 1725 52 29 kr.

317 1783 124 40 Övriga
461 1785 188 39 styrelsens
667 1785 132 40 förslag
818 1786 52 30 till
889 1787 336 40 personalökningar
1244 1797 103 21 anser
1366 1788 59 40 jag
1443 1788 70 40 mig
1531 1788 77 30 icke
1626 1789 121 29 kunna

261 1837 148 31 biträda.

316 1899 357 40 Byggnadsstyrelsen
700 1901 64 30 har
792 1901 54 30 för
874 1902 131 40 ökning
1033 1912 41 20 av
1101 1904 124 38 posten
1252 1903 213 40 Avlöningar
1492 1903 52 30 till
1572 1904 175 30 ordinarie

260 1953 216 38 tjänstemän
516 1954 111 29 under
666 1954 169 30 rubriken
874 1955 376 40 Byggnadsstyrelsens
1290 1956 456 41 värmeledningspersonal,

259 2005 119 30 vilken
396 2008 78 38 post
491 2007 90 29 varit
601 2002 54 35 för
674 2007 70 40 lågt
762 2009 187 39 upptagen,
970 2010 90 29 samt
1080 2009 53 30 för
1153 2010 462 40 löneklassuppflyttningar
1635 2020 45 20 m.
1700 2020 46 20 m.

260 2059 135 30 anmält
421 2060 47 29 ett
494 2060 112 30 behov
633 2070 42 20 av
702 2062 234 39 sammanlagt
962 2062 40 30 37
1017 2062 63 30 272
1108 2063 63 34 kr.,
1197 2063 109 30 vilket
1334 2064 98 30 torde
1457 2064 85 29 böra
1570 2064 176 39 godtagas.

259 2113 128 30 Härtill
406 2113 159 29 kommer
583 2114 192 31 emellertid
794 2116 48 28 ett
860 2124 41 21 av
919 2116 170 39 styrelsen
1105 2116 77 30 icke
1200 2118 168 38 upptaget
1385 2117 125 40 belopp
1530 2126 57 21 om
1606 2117 60 30 261
1683 2117 62 30 200

259 2166 52 29 kr.
338 2166 54 30 för
427 2167 121 39 rörligt
584 2167 118 40 tillägg
725 2168 11 29 i
763 2168 190 40 anledning
987 2178 42 21 av
1064 2169 193 40 höjningen
1284 2179 42 21 av
1352 2170 394 39 statstjänstemännens

259 2220 108 29 löner.

315 2273 14 29 I
346 2274 346 30 överensstämmelse
710 2275 146 30 härmed
875 2276 96 29 torde
989 2276 155 39 anslaget
1161 2277 86 29 böra
1264 2276 171 41 uppföras
1451 2278 80 29 med
1556 2277 35 34 (2
1607 2277 61 30 744
1683 2277 62 30 000

261 2331 28 28 +
303 2326 100 30 1600
420 2331 28 29 +
467 2327 39 29 12
521 2327 63 30 816
600 2332 29 29 -+-
646 2327 19 30 9
679 2327 63 31 516
759 2334 29 28 +
807 2328 39 30 10
860 2328 63 30 224
940 2334 28 29 +
986 2329 39 30 37
1041 2329 63 30 272
1121 2335 28 28 +
1166 2329 60 31 261
1244 2329 81 35 200)
1354 2330 12 30 i
1391 2332 84 28 runt
1499 2331 48 29 tal
1573 2331 19 30 3
1606 2330 63 31 076
1683 2330 63 31 600

258 2380 52 29 Er,

315 2434 13 29 I
360 2435 188 38 styrelsens
577 2436 386 40 personalförteckning
992 2437 63 30 bör
1084 2446 44 21 en
1156 2437 306 41 maskinisttjänst
1490 2438 11 29 i
1531 2438 46 31 Ca
1593 2439 38 30 15
1662 2439 83 39 utgå

262 2487 65 29 och
351 2487 11 29 i
387 2488 114 30 stället
525 2498 43 20 en
592 2488 111 41 tjänst
729 2498 75 21 som
829 2490 294 32 maskinmästare
1148 2490 12 30 i
1185 2491 47 30 Ca
1247 2491 39 30 18
1312 2491 229 31 tillkomma.>
