1872 2778
255 164 40 28 18
651 163 251 28 Statsutskottets
927 165 162 27 utlåtande
1112 174 38 18 nr
1173 166 15 26 6
1212 166 35 27 år
1270 167 75 27 1956

257 242 81 28 eller
367 251 39 19 av
436 243 250 29 reservationer
716 245 109 29 under
855 246 257 30 vederbörande
1140 247 130 39 anslag.
1312 247 47 30 På
1388 249 168 38 grundval
1588 258 40 21 av
1657 258 86 32 upp-

256 294 103 38 gifter
390 304 72 20 som
495 296 149 30 lämnats
675 307 40 18 av
749 298 412 40 riksräkenskapsverket
1193 301 68 28 kan
1293 301 64 29 den
1391 302 266 40 sammanlagda
1685 303 55 29 be-

257 348 200 39 hållningen
481 349 56 30 vid
562 350 237 30 instundande
824 352 297 39 budgetårsskifte
1145 353 173 31 beräknas
1343 355 45 29 ha
1414 355 95 39 stigit
1535 356 52 29 till
1610 356 133 30 inemot

257 401 61 29 750
340 402 86 39 milj.
448 403 51 29 kr.
533 403 211 40 Visserligen
767 405 69 29 kan
856 405 172 30 invändas
1051 408 50 28 att
1123 407 113 30 denna
1258 407 204 41 anhopning
1484 418 42 21 av
1547 409 195 30 inkomster

256 455 77 29 icke
360 455 148 30 behöver
536 464 40 32 ge
605 457 189 40 anledning
822 458 52 29 till
902 467 70 26 oro,
1003 459 165 30 eftersom
1197 460 267 40 ifrågavarande
1494 463 112 29 medel
1635 463 106 40 enligt

254 517 43 20 av
328 509 185 40 riksdagen
545 509 198 32 fastställda
775 511 175 41 principer
983 512 188 31 framdeles
1205 514 97 30 skola
1335 515 142 29 komma
1510 517 232 38 vägväsendet

255 561 53 30 till
345 563 96 38 godo.
479 563 177 30 Utskottet
693 564 116 30 finner
847 565 57 30 det
941 566 106 30 också
1074 567 54 30 för
1155 567 54 30 sin
1236 568 55 30 del
1317 577 83 21 vara
1427 569 181 40 angeläget
1636 570 106 30 fram-

253 615 105 34 hålla,
381 618 49 27 att
451 616 106 40 något
578 619 117 38 avsteg
718 618 80 30 från
820 619 101 30 dessa
942 620 177 40 principer
1140 620 77 31 icke
1238 621 63 30 bör
1324 621 36 30 få
1383 622 230 31 förekomma.
1648 623 93 30 Även

255 668 58 30 må
347 669 132 30 erinras
514 679 58 20 om
607 672 50 28 att
692 671 114 40 någon
841 672 186 41 fondering
1051 674 11 29 i
1087 674 148 41 egentlig
1260 675 141 40 mening
1426 675 76 31 icke
1529 676 79 30 sker
1634 686 41 21 av
1700 678 41 29 de

254 723 422 31 automobilskattemedel
703 734 74 20 som
802 725 126 40 inflyta
952 727 88 29 visst
1065 727 168 40 budgetår
1257 738 82 20 men
1364 729 43 30 då
1434 729 75 30 icke
1536 730 202 35 förbrukas;

253 776 124 30 endast
412 777 401 40 redovisningstekniskt
848 780 257 40 upprätthålles
1142 790 41 21 en
1221 781 152 31 skillnad
1410 785 177 38 gentemot
1624 784 117 40 övriga

253 830 211 30 statsmedel.

310 883 97 29 Ovan
429 884 204 31 utvecklade
654 886 218 39 synpunkter
893 887 113 30 skulle
1027 889 157 29 närmast
1206 889 77 29 leda
1303 889 52 30 till
1377 890 66 29 den
1466 890 200 35 slutsatsen,
1689 893 49 28 att

253 936 448 42 investeringsregleringen
728 939 45 40 på
801 940 229 31 förevarande
1059 941 141 31 område
1229 945 138 27 snarast
1395 943 62 30 bör
1486 944 160 39 upphöra
1675 945 63 29 och

253 992 61 32 att,
340 990 113 30 såsom
477 991 176 30 förordats
678 992 10 29 i
714 994 219 29 motionerna
959 995 28 28 I:
1006 995 39 29 75
1072 995 63 29 och
1161 995 45 30 II:
1224 996 72 34 151,
1323 997 413 40 vägbyggnadsanslagen

252 1044 86 29 böra
360 1044 10 29 i
393 1044 64 29 full
480 1046 245 39 utsträckning
747 1047 185 40 utnyttjas.
968 1048 13 29 I
1005 1048 154 30 rådande
1182 1049 300 40 konjunkturläge
1508 1060 103 30 synes
1636 1052 102 29 emel-

253 1097 102 30 lertid
379 1098 124 39 Kungl.
530 1098 105 40 Maj:t
660 1099 75 30 icke
759 1100 85 30 böra
868 1101 142 40 betagas
1037 1102 227 40 möjligheten
1290 1105 50 28 att
1366 1104 215 30 underkasta
1606 1105 130 39 jämväl

252 1151 231 39 vägfrågorna
506 1152 68 30 den
598 1153 173 30 särskilda
794 1154 172 40 prövning
990 1164 75 21 som
1089 1165 41 20 av
1154 1156 401 32 samhällsekonomiska
1581 1159 75 30 skäl
1682 1159 56 30 må

251 1213 85 21 vara
357 1205 157 40 befogad.
549 1206 176 30 Utskottet
748 1207 70 30 kan
840 1208 120 30 därför
983 1208 76 31 icke
1083 1209 175 40 tillstyrka
1281 1212 49 29 ett
1354 1211 38 30 så
1416 1211 229 40 långtgående
1669 1213 68 30 för-

253 1258 74 39 slag
348 1268 74 20 som
443 1259 57 30 det
520 1259 11 29 i
553 1260 41 29 de
615 1260 90 30 båda
726 1262 241 38 nyssnämnda
989 1263 219 30 motionerna
1231 1264 206 31 framförda.
1472 1265 186 40 Samtidigt
1678 1266 58 30 vill

251 1312 170 30 utskottet
444 1313 107 30 likväl
575 1322 74 21 som
673 1314 54 29 sin
750 1315 143 40 mening
915 1316 123 35 uttala,
1063 1318 51 29 att
1136 1317 518 41 vägbyggnadsverksamheten
1678 1320 61 30 bör

250 1365 145 30 beredas
416 1366 83 30 ökat
521 1368 175 38 utrymme
719 1367 38 30 så
779 1370 98 28 snart
899 1368 269 32 förhållandena
1190 1371 58 30 det
1270 1372 169 40 medgiva.
1473 1373 55 29 En
1549 1373 191 40 betydelse-

251 1419 66 29 full
337 1419 115 29 faktor
476 1420 5 28 i
503 1421 292 40 sammanhanget
814 1423 38 29 är
873 1422 191 39 självfallet
1084 1423 188 41 tillgången
1293 1425 44 40 på
1357 1425 225 31 arbetskraft.
1616 1427 124 30 Därest

250 1472 146 39 vidgade
422 1473 247 40 befogenheter
697 1475 136 30 lämnas
862 1476 40 29 de
930 1476 178 40 regionala
1136 1478 476 41 arbetsmarknadsorganen,
1643 1481 96 30 torde

252 1526 192 30 emellertid
471 1527 93 30 vissa
591 1528 222 39 möjligheter
840 1538 110 31 yppas
979 1530 55 29 för
1062 1532 50 28 att
1140 1531 180 40 tillgodose
1348 1533 253 39 vägväsendets
1628 1534 111 30 behov

251 1588 42 20 av
317 1579 213 31 arbetskraft
553 1580 46 40 på
623 1582 47 28 ett
695 1581 142 40 smidigt
861 1583 68 29 sätt
953 1585 86 28 utan
1065 1586 50 28 att
1139 1584 220 32 fördenskull
1384 1586 216 40 rubbningar
1627 1587 111 30 skulle

249 1632 133 30 behöva
417 1634 127 39 uppstå
578 1635 95 29 inom
708 1636 110 29 andra
842 1636 178 31 områden.
1056 1638 51 29 Av
1130 1638 66 30 den
1219 1638 186 31 berättelse
1430 1649 74 20 som
1529 1641 210 30 överreviso-

250 1695 104 21 rerna
376 1686 54 30 för
453 1688 79 38 väg-
556 1688 65 29 och
643 1689 469 40 vattenbyggnadsväsendet
1136 1691 128 40 avgivit
1287 1692 55 31 för
1365 1693 206 40 budgetåret
1599 1694 138 32 1954/55

250 1739 155 40 framgår
442 1742 97 33 även,
578 1742 51 29 att
665 1742 67 29 den
757 1742 11 29 i
795 1743 79 39 väg-
900 1743 65 30 och
991 1744 515 40 brobyggnadsverksamheten
1535 1748 203 39 sysselsatta

250 1793 264 39 arbetsstyrkan
550 1795 90 29 varit
675 1795 137 30 mindre
848 1797 94 30 detta
967 1797 170 40 budgetår
1162 1800 45 28 än
1233 1800 158 29 närmast
1416 1800 220 40 föregående.
1674 1802 63 29 Det

249 1855 103 30 synes
386 1847 170 30 utskottet
590 1848 177 35 önskvärt,
790 1851 51 28 att
874 1850 78 30 med
986 1850 140 41 hänsyn
1148 1852 52 29 till
1223 1853 41 29 de
1288 1854 203 39 uppdämda
1514 1854 157 30 behoven
1695 1855 44 40 på

249 1900 228 30 förevarande
514 1901 143 31 område
693 1903 517 39 vägbyggnadsverksamheten
1234 1924 45 3 —
1303 1907 87 29 även
1426 1907 11 30 i
1474 1909 49 28 ett
1561 1908 177 39 konjunk-

250 1954 134 39 turläge
411 1963 73 20 som
511 1955 58 29 det
595 1955 154 30 rådande
774 1974 45 3 —
843 1956 62 30 bör
932 1957 37 30 få
995 1958 228 40 tillgodogöra
1250 1959 52 40 sig
1328 1960 67 30 den
1421 1961 317 40 rationaliserings-

248 2007 94 29 vinst
363 2007 10 28 i
393 2007 97 39 fråga
511 2017 58 20 om
590 2009 213 30 arbetskraft
824 2019 74 21 som
919 2010 105 40 följer
1046 2012 78 30 med
1144 2012 91 31 ökad
1256 2013 260 40 mekanisering
1539 2015 62 29 och
1626 2015 108 29 andra

248 2060 451 41 arbetskraftsbesparande
724 2062 171 41 åtgärder.

306 2114 73 29 Den
410 2114 219 40 ståndpunkt
660 2116 170 30 utskottet
861 2117 148 31 sålunda
1041 2118 124 40 intagit
1194 2119 52 30 till
1279 2120 123 40 frågan
1433 2130 56 20 om
1522 2122 212 39 väginveste-

249 2167 183 39 ringarnas
455 2168 144 40 omfång
622 2169 63 29 har
709 2172 156 28 närmast
889 2172 170 29 avseende
1083 2172 19 30 å
1126 2173 267 31 verksamheten
1418 2175 110 30 under
1554 2176 180 30 kalender-

249 2221 73 29 året
348 2221 91 29 1957.
474 2222 77 29 Med
573 2222 136 39 hänsyn
735 2223 49 29 till
809 2225 175 29 storleken
1008 2234 41 20 av
1072 2226 63 29 här
1158 2226 236 40 föreliggande
1417 2228 111 30 behov
1551 2239 102 29 synes
1678 2230 55 30 det

247 2275 191 29 emellertid
463 2276 170 29 utskottet
657 2277 177 34 önskvärt,
860 2280 49 27 att
934 2287 56 20 om
1016 2279 136 40 möjligt
1176 2280 130 39 jämväl
1333 2282 400 41 medelsförbruknings-

248 2337 120 20 ramen
406 2329 52 29 för
495 2329 236 30 innevarande
769 2331 207 30 kalenderår
1013 2332 130 40 vidgas,
1181 2334 87 29 även
1306 2343 56 21 om
1400 2344 42 21 en
1480 2336 97 39 dylik
1615 2336 120 40 åtgärd

247 2382 136 30 medför
419 2383 91 29 vissa
547 2383 221 39 olägenheter
806 2393 40 20 ur
883 2385 260 30 administrativ
1168 2387 64 29 och
1258 2388 259 30 arbetsteknisk
1545 2391 190 39 synpunkt.

247 2435 226 30 Beträffande
499 2436 219 30 sistnämnda
747 2438 171 39 spörsmål
944 2438 60 30 vill
1031 2440 170 30 utskottet
1227 2441 118 30 vidare
1372 2443 235 39 understryka
1635 2452 101 31 ange-

248 2488 203 39 lägenheten
488 2499 41 20 av
564 2491 50 28 att
650 2490 124 39 Kungl.
812 2491 122 39 Maj:ts
970 2492 115 30 beslut
1121 2494 147 30 rörande
1305 2495 185 39 anslagens
1527 2497 207 39 disposition
