1907 2826
464 160 450 33 Konstilutionsutskottels
935 165 182 29 memorial
1136 175 42 20 nr
1198 166 41 30 34
1259 167 38 29 år
1319 167 84 30 1967
1635 169 40 30 89

1525 249 117 42 Bilaga
1657 252 21 29 8

609 345 133 49 Statlig
759 346 502 50 lokaliseringsverksamhet

916 457 37 41 A

469 564 264 43 Tillämpningen
748 566 103 31 under
867 568 37 30 år
920 568 84 31 1966
1019 580 43 20 av
1076 569 251 43 lagstiftningen
1343 583 55 19 om

661 620 541 43 konjunkturinvesteringsfonder

717 702 27 26 1.
756 703 124 25 Historik
893 703 52 26 och
957 705 126 32 gällande
1095 708 56 23 rätt

233 773 75 29 Den
329 773 111 30 första
460 774 266 40 lagstiftningen
746 784 57 20 om
824 776 356 40 investeringsfonder
1202 780 137 29 tillkom
1361 781 37 29 år
1422 781 82 29 1938
1527 783 65 28 och
1613 783 61 29 ka-

186 818 274 30 rakteriserades
480 819 122 29 därvid
623 829 75 20 som
718 830 43 20 en
782 821 370 42 försökslagstiftning.
1176 824 110 39 Syftet
1307 826 79 29 med
1406 826 115 30 denna
1540 837 60 20 var
1622 830 50 28 att

185 862 85 30 ernå
291 872 42 20 en
354 863 70 30 viss
446 864 456 40 konjunkturutjämnande
924 867 120 31 effekt.
1068 868 280 41 Lagstiftningen
1370 872 191 39 utbyggdes
1584 873 88 30 efter

185 907 95 30 hand
295 908 66 29 och
375 909 109 29 erhöll
501 909 37 29 år
557 909 81 30 1947
655 913 205 36 permanent
877 912 176 30 karaktär.
1073 913 81 30 1947
1173 914 55 30 års
1245 915 205 41 förordning
1466 917 204 39 upphävdes

185 960 124 31 genom
327 952 82 30 1955
426 954 56 29 års
499 954 205 41 förordning
720 964 56 21 om
792 956 356 41 investeringsfonder
1164 959 54 29 för
1234 960 436 42 konjunkturutjämning.

184 996 260 31 Förstnämnda
471 999 205 40 förordning
703 1001 79 39 äger
809 1001 87 30 dock
924 1002 217 31 fortfarande
1168 1004 222 41 tillämpning
1417 1006 10 29 i
1455 1007 168 30 avseende
1650 1008 19 30 å

184 1042 367 40 investeringsfonder,
578 1044 137 30 bildade
740 1045 141 39 jämlikt
909 1056 135 21 samma
1068 1049 65 28 och
1159 1049 94 30 äldre
1280 1046 255 49 förordningar.

230 1086 130 30 Genom
380 1087 81 30 1955
480 1089 56 29 års
553 1089 220 41 lagstiftning
791 1100 56 20 om
865 1091 355 41 investeringsfonder
1239 1094 132 39 åsyftas
1390 1098 49 27 att
1456 1096 45 39 på
1517 1097 154 29 beskatt-

185 1131 263 40 ningsområdet
468 1134 83 29 ernå
571 1143 42 20 en
633 1135 204 40 anordning,
860 1145 74 21 som
953 1137 71 30 kan
1044 1138 144 39 bidraga
1206 1139 53 29 till
1279 1149 43 20 en
1342 1140 200 41 utjämning
1562 1142 11 28 i
1592 1151 78 30 pro-

185 1176 151 30 duktion
353 1178 65 28 och
438 1179 276 40 sysselsättning.
734 1180 116 40 Enligt
868 1181 312 32 bestämmelserna
1198 1184 78 39 äger
1297 1185 147 30 sålunda
1464 1187 204 39 aktiebolag,

185 1222 210 29 ekonomisk
407 1223 160 40 förening
581 1224 64 29 och
660 1226 128 28 svensk
801 1226 177 39 sparbank
989 1228 69 28 rätt
1073 1230 49 27 att
1137 1229 82 38 göra
1234 1230 183 29 skattefria
1430 1232 241 39 avsättningar

184 1275 43 20 av
253 1267 207 30 vinstmedel
488 1268 53 29 till
569 1269 356 40 investeringsfonder
953 1271 56 30 för
1036 1273 434 41 konjunkturutjämning.
1500 1275 166 31 Avsikten

185 1311 37 29 är
245 1313 50 28 att
319 1312 181 30 stimulera
522 1313 179 40 företagen
723 1317 50 27 att
796 1316 195 39 uppskjuta
1013 1317 252 40 investeringar
1289 1319 109 30 under
1422 1320 249 40 högkonjunk-

183 1358 95 27 turer
299 1357 65 29 och
385 1358 11 28 i
419 1358 114 29 stället
555 1358 156 40 förlägga
732 1360 78 29 dem
832 1361 51 29 till
906 1361 89 29 tider
1018 1362 44 30 då
1083 1372 43 20 en
1148 1363 90 29 ökad
1260 1364 409 40 investeringsverksam-

184 1400 56 30 het
258 1402 79 28 med
354 1402 138 39 hänsyn
509 1404 52 28 till
580 1404 89 38 läget
687 1405 46 38 på
750 1406 335 30 arbetsmarknaden
1102 1408 159 29 befinnes
1280 1409 185 29 önskvärd.
1483 1410 184 30 Fonderna

184 1446 73 29 står
272 1446 112 30 under
399 1447 122 39 tillsyn
537 1457 41 20 av
594 1449 491 41 arbetsmarknadsstyrelsen.
1102 1452 125 39 Kungl.
1245 1453 105 39 Maj:t
1367 1454 81 29 eller
1466 1455 106 39 enligt
1589 1455 80 30 dess

183 1490 236 31 förordnande
438 1493 482 40 arbetsmarknadsstyrelsen
938 1496 79 39 äger
1035 1497 136 29 besluta
1189 1498 63 29 när
1270 1499 65 28 och
1353 1499 110 29 under
1481 1500 95 29 vilka
1593 1501 76 28 vill-

183 1535 64 29 kor
266 1536 317 40 investeringsfond
604 1539 88 28 skall
712 1539 81 29 eller
813 1540 53 29 får
884 1542 54 28 tas
956 1541 12 29 i
986 1542 155 39 anspråk
1159 1542 54 29 för
1234 1543 58 29 sitt
1312 1543 173 31 ändamål.

227 1580 199 40 Riksdagen
446 1582 110 29 beslöt
578 1583 37 29 år
640 1583 81 29 1963
743 1585 79 28 med
842 1585 190 40 anledning
1051 1596 42 20 av
1113 1587 217 39 proposition
1349 1588 11 29 i
1382 1589 142 29 ärendet
1545 1591 50 28 att
1616 1590 53 29 in-

181 1625 368 40 vesteringsfonderna
573 1628 111 29 under
707 1629 94 29 vissa
825 1629 246 31 förhållanden
1097 1632 111 29 skulle
1234 1633 121 29 kunna
1380 1634 179 30 användas
1583 1635 12 29 i
1620 1635 47 29 lo-

182 1670 369 40 kaliseringspolitiskt
577 1673 100 39 syfte.
705 1674 79 29 Som
810 1684 43 20 en
878 1675 89 39 följd
993 1676 108 30 därav
1124 1677 109 29 erhöll
1259 1678 105 39 enligt
1390 1678 125 40 Kungl.
1542 1679 125 40 Maj:ts

182 1715 236 31 förordnande
436 1717 481 41 arbetsmarknadsstyrelsen
934 1721 69 29 rätt
1021 1723 49 27 att
1088 1722 137 29 besluta
1243 1725 48 27 att
1310 1723 357 40 investeringsfonder

183 1759 71 29 fick
272 1761 178 30 användas
469 1761 53 30 för
540 1762 253 40 investeringar
810 1764 110 30 under
938 1765 96 30 tiden
1052 1766 67 29 den
1139 1766 13 29 1
1172 1767 68 38 juli
1259 1766 196 31 1963—den
1474 1768 38 29 31
1533 1769 134 29 decem-

181 1804 60 29 ber
260 1804 84 30 1964
361 1806 11 28 i
388 1806 94 29 vissa
499 1807 177 30 områden.
693 1807 265 32 Förordnandet
976 1810 200 40 förlängdes
1195 1812 197 30 sedermera
1407 1813 52 29 till
1479 1813 67 30 den
1565 1814 15 28 1
1599 1814 67 39 juli

184 1848 92 31 1965.
297 1850 161 30 Därefter
478 1852 63 29 har
561 1853 199 39 ytterligare
782 1854 235 31 förordnande
1037 1856 76 30 icke
1133 1856 101 39 givits
1256 1866 41 21 av
1317 1857 125 40 Kungl.
1465 1858 115 39 Maj:t.

226 1895 12 28 I
260 1897 47 27 ett
328 1905 43 20 av
391 1896 124 29 chefen
537 1897 54 29 för
614 1897 394 41 finansdepartementet
1031 1900 66 30 den
1122 1901 37 29 13
1182 1911 94 20 mars
1301 1902 82 29 1964
1405 1903 133 30 lämnat
1560 1904 105 29 inter-

180 1939 267 38 pellationssvar
464 1941 230 31 underströks
711 1945 49 27 att
778 1953 42 20 en
837 1944 70 30 viss
923 1945 242 30 restriktivitet
1183 1947 220 30 beträffande
1420 1948 245 40 investerings-

181 1984 189 30 fondernas
396 1986 225 40 användning
647 1988 11 28 i
682 1988 403 40 lokaliseringspolitiskt
1112 1991 89 38 syfte
1226 2001 61 19 var
1313 1992 149 39 åsyftad.

226 2028 130 30 Chefen
382 2030 54 29 för
462 2031 409 40 inrikesdepartementet
898 2034 154 30 uttalade
1079 2036 12 28 i
1116 2036 216 39 proposition
1358 2047 41 19 nr
1428 2037 59 29 185
1515 2038 38 29 år
1582 2038 83 29 1964

180 2081 76 32 ang.
278 2074 176 40 riktlinjer
476 2076 53 29 för
551 2086 42 19 en
614 2077 95 29 aktiv
729 2078 377 41 lokaliseringspolitik,
1130 2082 49 28 att
1201 2081 269 40 användningen
1491 2092 43 20 av
1553 2083 111 30 inves-

179 2119 306 38 teringsfonderna
509 2121 11 29 i
544 2122 336 40 lokaliseringssyfte
905 2124 105 30 borde
1036 2126 161 38 upphöra
1220 2135 57 20 om
1302 2126 41 29 de
1367 2127 10 29 i
1403 2128 262 38 propositionen

180 2162 197 41 framlagda
394 2164 176 41 förslagen
588 2166 128 31 bifölls.
736 2167 393 40 Departementschefen
1147 2170 159 31 erinrade
1326 2171 88 30 dock
1432 2181 57 20 om
1509 2174 49 28 att
1579 2173 86 29 även

180 2208 66 29 den
266 2209 568 42 investeringsfondslagstiftning,
858 2222 73 20 som
952 2214 111 39 gällde
1084 2215 73 29 före
1179 2215 37 29 år
1239 2215 92 35 1963,
1353 2217 145 39 medgav
1518 2219 50 27 att
1588 2217 75 29 fon-

180 2252 109 31 derna
302 2255 75 38 togs
393 2255 10 29 i
419 2255 155 39 anspråk
588 2265 57 20 om
660 2256 57 30 det
732 2257 79 30 med
826 2258 138 40 hänsyn
979 2259 53 29 till
1048 2260 400 41 arbetsmarknadsläget
1465 2262 65 29 och
1546 2263 118 39 övriga

179 2299 298 39 omständigheter
495 2301 149 30 befanns
661 2311 84 20 vara
763 2312 42 19 av
823 2304 176 39 synnerlig
1016 2305 74 29 vikt
1109 2305 54 29 för
1183 2305 56 29 det
1259 2306 178 29 allmänna
1455 2309 49 27 att
1522 2307 71 29 viss
1612 2308 51 28 in-

179 2344 173 40 vestering
370 2344 149 40 gjordes.
538 2345 293 32 Bankoutskottet
850 2349 113 29 anslöt
982 2349 50 40 sig
1049 2350 12 28 i
1080 2350 59 29 sitt
1158 2350 179 30 utlåtande
1355 2361 41 19 nr
1414 2350 41 30 48
1474 2352 52 29 till
1546 2354 49 28 att
1613 2352 51 30 in-

177 2389 384 39 vesteringsfondernas
589 2392 225 40 användning
841 2394 11 28 i
879 2394 337 40 lokaliseringssyfte
1245 2396 190 38 upphörde.
1464 2396 199 41 Riksdagen

179 2432 109 40 följde
310 2435 351 31 utskottsutlålandet
684 2437 64 29 och
770 2438 98 29 biföll
891 2439 11 29 i
924 2439 187 30 huvudsak
1133 2441 271 38 propositionen.

223 2478 12 28 I
263 2480 455 40 statsverkspropositionen
745 2482 82 30 1966
854 2483 146 31 anförde
1026 2484 124 30 chefen
1175 2485 55 29 för
1254 2485 409 41 inrikesdepartementet
