1876 2796
544 156 286 31 Statsutskottets
861 155 179 30 utlåtande
1069 163 43 24 nr
1138 153 53 31 67.
1608 150 16 31 7

470 242 36 34 3)
534 241 20 30 å
577 240 191 30 riksstaten
791 240 55 30 för
869 239 203 40 budgetåret
1097 238 150 35 1951/52
1271 238 111 29 under
1406 236 126 40 sjunde
1554 235 65 30 hu-

427 292 172 31 vudtiteln
616 291 120 31 anvisa

469 343 37 33 a)
534 342 53 30 till
610 340 398 31 Riksskattenämnden:
1033 338 215 39 Avlöningar
1272 339 48 28 ett
1344 337 274 40 förslagsanslag

427 403 41 20 av
491 393 38 30 81
546 393 64 30 000
633 392 139 34 kronor,

470 443 38 34 b)
540 442 52 30 till
617 441 399 31 Riksskattenämnden:
1045 439 260 32 Omkostnader
1331 440 48 29 ett
1406 438 213 39 förslagsan-

428 494 73 40 slag
519 503 41 21 av
580 493 41 31 29
637 493 62 30 700
718 493 140 29 kronor.

166 563 201 30 Stockholm
389 562 67 30 den
477 562 19 29 6
518 561 89 40 april
633 561 93 29 1951.

616 661 47 30 På
681 660 278 31 statsutskottets
975 660 147 38 vägnar:

649 761 172 30 MARTIN
847 759 247 32 SKOGLUND.

186 973 64 31 Vid
267 972 223 40 förestående
510 971 147 30 ärendes
677 970 285 38 slutbehandling
983 969 93 29 inom
1100 968 170 30 utskottet
1291 967 89 31 hava
1401 966 156 31 närvarit

165 1033 78 30 från
292 1034 138 29 första
454 1031 221 30 kammaren:
699 1030 121 30 herrar
842 1030 83 29 Karl
948 1029 211 32 Andersson,
1182 1026 125 31 Gustaf
1329 1026 178 33 Karlsson,
1531 1025 90 30 Iwar

121 1076 192 34 Anderson,
334 1074 281 34 Mannerskantz,
637 1073 124 34 Ohlon,
781 1072 167 34 Leander,
966 1071 128 30 fröken
1114 1070 212 34 Andersson,
1347 1069 120 30 herrar
1489 1068 132 31 Sunde-

121 1119 59 34 lin,
206 1118 215 34 Hesselbom,
446 1117 85 30 Erik
556 1116 126 30 Gustaf
708 1116 211 32 Andersson,
948 1113 107 30 Einar
1084 1113 160 33 Persson,
1272 1112 77 30 Ivar
1375 1112 159 34 Persson,
1561 1110 59 30 fru

120 1161 213 34 Lindström,
354 1161 122 29 herrar
497 1159 120 39 Birger
640 1159 200 29 Andersson
861 1157 67 30 och
950 1157 169 34 Jansson;
1144 1157 91 28 samt

167 1221 79 30 från
272 1221 155 30 andra
454 1220 222 29 kammaren:
705 1218 121 29 herrar
856 1216 177 39 Skoglund
1060 1215 11 29 i
1099 1215 223 39 Doverstorp,
1350 1213 119 34 Ward,
1499 1213 123 30 Svens-

121 1272 63 22 son
206 1264 11 29 i
240 1263 164 34 Grönvik,
428 1262 132 29 Boman
586 1261 12 29 i
623 1260 138 40 Kieryd,
785 1259 197 33 Lindholm,
1007 1257 212 35 Rubbestad,
1242 1256 170 31 Eriksson
1434 1256 11 29 i
1470 1256 150 38 Sandby,

120 1306 223 40 Bergstrand,
367 1305 212 33 Åkerström,
604 1303 179 30 Petterson
807 1302 12 29 i
843 1301 196 40 Degerfors,
1064 1300 126 31 fröken
1214 1299 135 35 Elmén,
1374 1299 120 30 herrar
1519 1298 103 30 Jans-

126 1360 60 21 son
208 1350 11 30 i
239 1349 111 34 Kalix,
371 1348 114 34 Birke,
505 1348 57 29 fru
585 1346 163 30 Ericsson
772 1346 9 29 i
802 1345 109 30 Luleå
931 1345 63 29 och
1017 1344 81 29 herr
1118 1343 166 30 Nihlfors.
