2192 2636
691 192 247 30 Statsutskottets
966 191 169 36 Utlåtande,
1159 190 56 30 N:o
1239 189 48 30 63.
1749 186 19 29 3

165 285 76 22 som
277 272 71 34 den
377 270 113 35 redan
520 270 97 35 visat
646 269 187 35 utmärkta
862 268 165 43 resultat,
1058 268 95 34 hade
1184 267 72 34 den
1285 265 138 47 hastigt
1453 265 132 36 vunnit
1615 264 153 36 allmänt

164 325 250 35 erkännande.

323 379 57 34 De
423 377 159 36 erkändt
624 376 193 36 vackraste
861 376 204 34 resultaten
1108 374 95 35 hade
1247 372 150 37 vunnits
1428 373 156 35 medelst
1612 371 157 37 Finsens

166 433 133 35 metod.
357 433 85 34 Den
483 431 95 34 hade
621 429 120 48 börjat
786 429 189 35 användas
1017 431 39 31 år
1102 430 111 41 1895,
1251 427 67 34 och
1348 429 142 32 ensamt
1519 426 63 36 vid
1610 425 157 35 Finsens

163 486 149 36 institut
349 486 2 34 i
380 484 247 47 Köpenhamn
657 484 95 34 hade
782 482 56 35 till
871 484 97 32 1902
1001 484 56 31 års
1088 481 91 34 midt
1204 492 77 22 mer
1301 485 45 29 än
1369 483 74 31 800
1464 479 65 35 fall
1548 478 221 35 behandlats

165 541 68 34 och
261 539 113 35 bland
404 538 106 34 dessa
540 536 108 36 äfven
679 537 44 33 de
753 538 163 33 svåraste
946 534 68 35 och
1033 535 124 44 längst
1177 533 238 35 avancerade.
1462 533 82 34 Som
1562 532 38 34 af
1613 532 156 34 Finsens

164 592 221 45 afhandling
433 590 89 35 »Om
567 588 254 47 Bekempelse
864 588 40 34 af
941 587 109 46 lupus
1084 585 181 47 vulgaris>
1303 585 218 47 framginge,
1552 585 96 34 hade
1677 585 12 34 i
1720 588 47 37 94

165 649 152 44 procent
359 644 40 36 af
439 645 106 34 dessa
587 643 66 34 fall
682 641 343 36 tillfredsställande
1059 640 154 35 resultat
1250 638 159 37 vunnits.
1468 639 178 35 Metoden
1675 639 95 34 hade

165 700 57 35 till
251 698 91 49 följd
371 698 107 35 däraf
504 697 112 35 också
646 696 133 35 vunnit
808 695 131 35 sådant
969 694 250 43 erkännande,
1251 696 53 32 att
1332 695 45 44 på
1408 705 46 22 en
1481 693 137 45 mängd
1638 692 133 35 ställen

167 754 37 46 (t.
236 766 57 22 ex.
324 751 115 43 Paris,
471 752 115 47 Lyon,
619 750 166 44 London,
816 748 138 44 Berlin,
980 747 234 46 Petersburg,
1238 746 225 47 Stockholm)
1484 745 288 35 Finseninstitut

166 808 56 34 för
263 805 228 47 behandling
532 804 40 35 af
610 805 110 45 lupus
750 803 183 35 inrättats.
992 801 220 35 Resultaten
1242 800 62 36 vid
1334 800 71 35 alla
1435 800 106 35 dessa
1569 800 97 34 hade
1690 798 81 35 full-

167 860 165 46 ständigt
363 858 187 36 bekräftat
579 858 45 34 de
653 857 13 35 i
695 856 248 47 Köpenhamn
973 867 133 24 vunna.
1166 854 285 46 Behandlingen
1480 865 86 24 vore
1597 852 171 44 smärtfri,

168 915 45 34 de
242 913 116 46 tidiga
387 911 115 36 fallen
530 911 166 42 botades,
729 910 181 35 ansiktets
944 908 257 36 vanställande
1222 907 247 47 förebyggdes
1489 907 69 34 och
1578 906 192 35 turberku-

167 969 104 34 losen
299 967 12 34 i
340 966 125 34 huden
493 965 200 35 utrotades.
740 963 55 35 De
824 963 128 46 längre
983 962 227 35 avancerade
1227 960 113 35 fallen
1359 960 121 35 blefve
1503 960 108 46 högst
1627 962 144 33 väsent-

168 1021 69 47 ligt
264 1019 225 37 förbättrade
519 1019 69 34 och
618 1017 303 46 vanställningen
949 1014 183 49 betydligt
1161 1013 181 36 minskad.

326 1074 90 35 Man
443 1073 96 35 hade
568 1072 75 35 förr
670 1074 101 39 trott,
803 1074 53 31 att
883 1070 110 46 lupus
1022 1068 96 37 varit
1147 1080 45 23 en
1221 1068 143 47 ganska
1395 1067 155 48 sällsynt
1579 1066 191 49 sjukdom;

170 1142 63 30 nu,
292 1128 114 35 sedan
454 1139 46 22 en
542 1124 342 37 tillfredsställande
927 1122 372 47 behandlingsmetod
1342 1121 163 46 vunnits,
1548 1121 96 35 hade
1688 1133 85 23 man

170 1182 134 43 funnit,
336 1184 53 33 att
419 1181 71 35 den
518 1191 88 24 vore
635 1180 105 45 långt
767 1177 202 48 vanligare,
1001 1183 46 29 än
1076 1189 85 22 man
1190 1175 146 36 kunnat
1360 1188 80 23 ana.
1485 1176 56 34 De
1563 1174 209 36 människo-

171 1237 144 47 skygga
358 1234 107 49 sjuka
507 1234 147 35 komme
696 1232 93 35 fram
832 1244 44 22 ur
918 1231 80 35 sina
1040 1231 178 46 gömslen,
1264 1230 65 34 där
1371 1230 45 34 de
1453 1230 78 34 dolt
1559 1228 68 47 sig,
1659 1229 114 35 sedan

173 1291 45 34 de
257 1288 185 47 förgäfves
485 1287 146 47 pröfvat
659 1287 73 34 den
760 1285 239 46 behandling,
1030 1296 77 23 som
1136 1296 87 23 man
1250 1282 74 36 förr
1351 1282 145 36 kunnat
1524 1283 123 34 lämna
1677 1282 94 35 dem.

172 1344 118 34 Deras
331 1342 209 36 vanställda
581 1340 180 35 utseende
804 1339 171 35 skrämde
1008 1337 274 43 människorna,
1314 1337 68 34 och
1412 1337 106 34 deras
1547 1335 227 36 förvärfsför-

172 1399 108 44 måga
321 1396 82 35 lede
447 1395 214 46 därigenom
702 1395 101 33 svårt
843 1392 165 43 afbräck,
1052 1392 109 35 äfven
1204 1403 56 23 om
1292 1391 45 34 de
1365 1391 59 34 för
1452 1389 111 47 öfrigt
1591 1402 86 23 vore
1706 1388 69 36 för-

173 1449 264 47 värfsdugliga.
494 1449 58 34 De
579 1459 88 24 vore
698 1447 123 35 därför
846 1446 14 35 i
887 1446 129 46 regeln
1044 1445 142 47 fattiga,
1218 1444 68 36 och
1317 1445 71 34 den
1417 1443 99 35 intill
1549 1446 7 32 3
1580 1443 194 36 månaders

171 1503 239 47 behandling,
457 1514 75 24 som
576 1501 248 49 ljusmetoden
864 1499 142 43 kräfde,
1049 1498 173 36 mäktade
1266 1499 44 34 de
1353 1498 32 48 ej
1429 1497 155 36 bekosta
1622 1497 67 47 sig.
1756 1497 19 35 I

173 1557 192 37 Danmark
406 1557 95 35 hade
545 1558 121 33 staten
709 1554 143 47 antagit
893 1554 56 46 sig
979 1554 105 35 dessa
1114 1552 203 48 olyckligas
1348 1550 67 37 sak
1444 1551 68 36 och
1541 1550 153 49 beviljat
1722 1553 53 33 ett

175 1612 129 47 anslag
346 1611 40 35 af
426 1612 141 43 25,000
611 1609 137 35 kronor
775 1608 57 36 till
860 1608 131 46 fattiga
1019 1606 315 48 lupuspatienters
1362 1604 229 48 behandling
1619 1604 158 36 medelst

173 1666 209 48 ljusmetod.
439 1664 19 35 I
500 1663 193 36 Danmark
721 1663 109 47 hyste
859 1674 85 23 man
973 1661 192 47 grundade
1194 1660 293 47 förhoppningar
1516 1662 54 32 att
1597 1660 177 34 reducera

175 1721 73 34 den
289 1717 189 48 förfärliga
521 1716 221 50 sjukdomen
784 1716 56 36 till
882 1728 47 22 en
971 1715 131 46 ofarlig
1144 1714 260 35 hudåkomma.
1462 1712 87 36 Alla
1579 1713 44 34 de
1653 1712 121 47 gamla

173 1773 115 36 fallen
334 1772 127 35 kunde
510 1771 148 35 komma
706 1769 57 36 till
810 1769 239 46 behandling,
1098 1768 119 35 likaså
1260 1769 45 34 de
1346 1767 125 36 färska
1513 1766 259 48 nytillkomna,

174 1827 128 36 hvilka
344 1825 93 37 efter
474 1823 271 50 jämförelsevis
787 1823 84 35 kort
912 1822 228 47 behandling
1181 1822 163 35 botades.
1404 1820 247 49 Sjukdomens
1693 1820 82 35 full-

175 1881 171 46 ständiga
386 1879 196 36 utrotande
624 1878 127 35 kunde
800 1889 83 24 man
911 1876 237 47 naturligtvis
1178 1875 32 49 ej
1241 1875 177 48 påräkna,
1448 1874 124 36 förrän
1600 1874 175 35 tuberku-

174 1936 105 35 logen
305 1936 168 34 utrotats.

335 1988 18 35 I
397 1987 63 36 sitt
501 1986 138 47 förslag
679 1986 59 35 till
771 1988 73 33 stat
875 1985 56 36 för
961 1986 39 34 år
1031 1986 100 33 1902
1162 1984 95 35 hade
1287 1983 181 49 styrelsen
1495 1982 56 36 för
1580 1981 196 49 sjukhuset

177 2042 118 36 Sankt
336 2042 125 36 Göran
502 2041 12 35 i
558 2039 213 37 Stockholm
813 2040 132 35 hösten
991 2041 95 33 1901
1132 2037 173 47 upptagit
1346 2049 47 23 en
1421 2048 143 24 summa
1593 2036 40 35 af
1658 2038 116 42 4,800

175 2097 141 35 kronor
353 2096 56 35 för
449 2095 212 36 inrättande
691 2096 21 33 å
742 2093 196 48 sjukhuset
966 2092 40 36 af
1030 2104 46 23 en
1105 2091 191 47 afdelning
1324 2091 57 35 för
1407 2089 305 50 ljusbehandling
1741 2089 39 35 af

176 2151 110 46 lupus
334 2149 117 47 enligt
492 2148 157 36 Finsens
693 2148 134 35 metod.
899 2146 104 36 Efter
1048 2145 424 36 hälsovårdsnämndens
1514 2143 262 48 tillstyrkande

176 2205 96 34 hade
315 2204 72 35 den
428 2203 162 46 begärda
633 2213 169 24 summan
844 2200 39 36 af
923 2199 231 37 Stockholms
1197 2198 337 48 stadsfullmäktige
1561 2196 215 49 beviljats
1754 2192 24 61 i

178 2258 192 36 december
425 2259 111 33 1901.
624 2256 58 36 En
733 2255 156 36 Finsens
940 2255 123 47 lampa
1116 2254 84 35 med
1252 2256 22 32 4
1325 2253 305 36 koncentratorer
1680 2251 96 35 hade
