1840 2780
297 159 18 29 2
626 163 388 33 Jordbruksutskottets
1032 168 178 31 utlåtande
1228 179 42 20 nr
1286 172 20 29 6
1322 171 40 30 år
1381 172 82 30 1961

341 243 77 35 2:0)
447 245 321 35 Byggnadsarbeten
792 258 42 20 m.
858 259 43 20 m.
924 252 57 30 vid
1005 253 129 29 statens
1157 254 275 37 försöksgårdar.
1457 258 117 29 Under
1598 259 115 31 denna
1737 270 59 20 an-

298 292 207 40 slagspunkt
527 295 64 29 har
613 296 126 40 Kungl.
764 298 104 40 Maj:t
891 300 93 39 gjort
1008 301 259 42 framställning
1289 314 58 20 om
1370 308 48 28 ett
1441 306 354 44 investeringsanslag

297 351 42 20 av
359 342 41 30 60
414 343 64 30 000
500 345 138 30 kronor.
660 348 116 29 Därav
797 358 97 21 avses
917 350 40 30 30
971 350 62 31 000
1055 352 51 29 kr.
1129 354 139 30 anvisas
1290 355 55 31 för
1367 356 220 40 fullgörande
1610 369 42 20 av
1673 361 41 29 de
1736 361 58 39 på-

295 391 145 40 började
460 393 460 43 iståndsättningsarbetena
941 410 42 20 av
1003 410 43 21 en
1066 402 94 31 äldre
1180 404 341 34 lantarbetarbostad
1542 409 57 30 vid
1621 410 173 32 Röbäcks-

295 441 112 31 dalen.
428 443 126 31 Vidare
573 445 147 33 föreslås
740 450 50 28 att
809 448 39 30 30
863 448 63 31 000
946 450 52 31 kr.
1019 452 138 31 anvisas
1177 453 55 31 för
1251 456 102 30 nästa
1372 456 170 41 budgetår
1561 459 52 30 till
1633 460 161 40 åtgärder

296 490 54 31 för
368 493 239 38 provisoriska
626 495 161 40 åtgärder
806 498 222 33 beträffande
1046 502 92 30 vissa
1158 503 162 32 bostäder
1338 506 59 30 vid
1416 508 115 30 Wiad.
1551 510 66 30 Det
1637 511 156 32 anhålles

296 543 49 28 att
366 542 59 30 det
448 544 89 29 skall
559 544 36 31 få
616 546 190 31 ankomma
827 549 45 39 på
894 550 126 40 Kungl.
1043 552 105 40 Maj:t
1171 556 51 28 att
1244 555 88 30 efter
1355 557 163 31 närmare
1541 560 188 41 utredning
1752 572 41 20 av

294 590 212 40 högskolans
530 595 143 38 styrelse
697 599 135 37 avgöra,
855 599 95 31 vilka
973 601 161 31 bostäder
1157 613 75 20 som
1256 606 122 30 därvid
1401 608 159 31 närmast
1583 610 88 31 skall
1695 612 97 30 kom-

293 649 57 22 ma
370 641 11 30 i
405 642 109 40 fråga.

337 741 186 32 Utskottet.
546 744 125 41 Kungl.
693 747 124 40 Maj:ts
838 748 132 42 förslag
990 753 111 29 under
1122 754 115 31 denna
1258 757 256 40 anslagspunkt
1535 760 193 41 tillstyrkes
1750 772 41 21 av

293 793 180 35 utskottet,
495 804 74 21 som
588 796 212 37 hemställer,

646 848 51 28 att
727 848 186 40 riksdagen
942 851 59 30 må
1030 852 51 30 till
1111 853 329 41 Byggnadsarbeten
1471 859 59 30 vid
1557 862 134 30 statens
1720 863 71 39 för-

600 896 212 40 söksgårdar
836 899 55 30 för
916 900 203 41 budgetåret
1148 904 148 37 1961/62
1323 908 122 30 anvisa
1471 912 48 27 ett
1544 910 246 43 investerings-

601 946 122 40 anslag
745 957 42 21 av
806 949 41 30 60
860 949 63 31 000
944 951 140 31 kronor.

722 1153 136 33 Statens
880 1155 182 34 allmänna
1084 1159 270 43 fastighetsfond

332 1235 75 35 3:0)
432 1237 323 36 Byggnadsarbeten
774 1243 56 30 vid
850 1246 130 29 statens
999 1248 149 30 centrala
1168 1245 350 45 frökontrollanstalt.
1538 1255 123 39 Kungl.
1682 1257 102 38 Maj:t

287 1283 63 30 har
373 1286 114 30 under
510 1288 114 31 denna
647 1291 255 40 anslagspunkt
932 1294 43 32 (s.
1001 1296 100 35 5-—8)
1131 1297 179 41 föreslagit
1334 1310 42 20 en
1400 1303 320 43 medelsanvisning
1744 1317 42 20 av

287 1333 58 30 581
362 1334 64 31 000
447 1336 53 29 kr.
522 1338 74 30 Vad
616 1339 172 32 beträffar
809 1342 166 41 förslaget
996 1354 56 21 om
1074 1347 207 41 nybyggnad
1302 1350 56 31 för
1379 1351 406 37 frökontrollanstaltens

286 1382 408 47 fältkontrollavdelning
709 1391 66 29 och
791 1391 88 31 filial
897 1394 20 29 å
933 1394 42 30 de
998 1395 5 29 i
1020 1396 119 31 Lunds
1156 1399 77 30 stad
1250 1400 147 40 belägna
1413 1402 371 42 kronoegendomarna

287 1433 98 31 Stora
402 1436 98 40 Råby
516 1437 134 32 erinrar
665 1440 386 40 departementschefen
1068 1446 88 32 först
1173 1458 57 20 om
1247 1452 51 28 att
1313 1451 103 31 dessa
1432 1455 211 38 egendomar
1660 1465 126 32 genom

284 1483 114 31 beslut
419 1486 68 30 den
509 1487 40 30 30
571 1489 88 38 april
684 1491 83 30 1953
788 1491 169 33 bestämts
979 1496 97 30 skola
1099 1499 120 30 ställas
1240 1500 53 30 till
1315 1501 208 41 förfogande
1545 1504 56 32 för
1622 1507 42 30 de
1686 1517 98 31 nyss.

285 1534 155 31 nämnda
464 1537 143 31 delarna
632 1549 44 20 av
700 1542 174 30 anstalten
901 1545 108 30 sedan
1037 1547 81 30 1952
1144 1548 57 31 års
1226 1550 143 41 riksdag
1399 1553 114 40 (prop.
1541 1555 56 38 50;
1624 1557 74 31 JoU
1724 1559 57 37 26;

284 1584 87 30 rskr.
397 1586 82 34 229)
508 1589 126 30 uttalat
659 1590 53 40 sig
736 1591 54 31 för
813 1602 43 20 en
880 1593 224 43 förflyttning
1129 1598 51 30 till
1206 1599 113 32 Skåne
1345 1611 43 21 av
1411 1605 194 31 anstaltens
1631 1607 152 32 fältkon-

284 1635 269 43 trollavdelning
574 1640 58 30 vid
654 1640 233 41 Bergshamra
910 1645 56 30 för
990 1650 278 41 sammanföring
1290 1655 78 29 med
1394 1654 261 34 Skånefilialen.
1681 1659 100 30 Riks-

283 1685 110 39 dagen
415 1686 67 31 har
503 1688 81 31 åren
608 1690 95 36 1957,
728 1692 82 31 1958
832 1695 65 30 och
922 1696 83 30 1959
1027 1698 45 39 på
1093 1698 262 45 framställning
1377 1713 43 22 av
1440 1704 127 42 Kungl.
1590 1707 107 41 Maj:t
1720 1719 60 21 an-

281 1734 90 31 visat
396 1739 234 40 sammanlagt
657 1741 94 31 1959
764 1742 62 31 000
850 1744 53 31 kr.
928 1747 53 29 till
1006 1747 179 41 byggande
1211 1761 43 21 av
1276 1753 151 32 växthus
1453 1755 66 31 och
1544 1758 235 32 institutions-

282 1783 170 41 byggnad.
480 1788 53 30 Då
560 1789 83 31 1960
670 1791 58 31 års
755 1793 141 42 riksdag
922 1798 11 29 i
961 1798 188 41 anledning
1176 1810 42 21 av
1244 1804 218 39 proposition
1493 1806 178 32 1960:120
1699 1811 79 30 med

282 1834 131 41 förslag
439 1838 10 29 i
476 1837 99 41 fråga
599 1849 57 21 om
682 1842 225 43 lokalisering
932 1856 43 20 av
1000 1848 92 31 vissa
1118 1851 140 40 statliga
1283 1853 251 39 institutioner,
1561 1867 46 21 m.
1634 1868 47 22 m.
1708 1860 70 31 för-

280 1883 114 32 klarat
410 1888 51 28 att
477 1887 124 31 hinder
615 1890 32 39 ej
666 1890 184 42 föreligger
866 1894 56 30 för
936 1897 50 29 ett
1001 1896 224 42 fullföljande
1242 1910 42 21 av
1298 1902 68 30 den
1382 1904 188 39 planerade
1585 1903 195 51 byggnads-

280 1935 269 33 verksamheten
568 1940 57 31 vid
647 1940 100 32 Stora
767 1943 105 40 Råby,
892 1945 66 30 har
977 1949 385 38 departementschefen
1383 1955 168 37 förordat,
1573 1961 50 28 att
1642 1960 59 31 det
1722 1961 55 30 för

280 1983 200 33 ändamålet
495 1990 200 30 resterande
710 1990 160 42 beloppet
886 2003 43 21 av
944 1995 60 31 541
1021 1997 62 30 000
1099 1998 52 30 kr.
1168 2001 139 31 anvisas
1323 2002 56 31 för
1394 2004 205 41 budgetåret
1617 2009 160 38 1961/62.

279 2033 126 31 Vidare
432 2036 65 30 har
523 2037 198 42 föreslagits
748 2044 50 28 att
823 2045 48 28 ett
897 2045 152 32 växthus
1076 2047 55 31 för
1156 2050 252 43 virustestning
1435 2064 43 21 av
1505 2058 273 41 utsädespotatis

277 2084 168 38 uppföres
463 2087 10 29 i
493 2088 203 42 anslutning
714 2091 52 30 till
785 2093 253 41 nybyggnaden
1057 2097 54 31 för
1130 2099 452 47 fältkontrollavdelningen
1600 2109 57 30 vid
1677 2110 100 31 Stora

278 2133 96 40 Råby
392 2135 56 31 för
466 2139 49 28 ett
532 2138 124 41 belopp
675 2150 43 21 av
736 2142 41 30 40
791 2142 62 31 000
871 2145 52 29 kr.

322 2226 186 33 Utskottet.
532 2231 125 40 Kungl.
683 2234 124 40 Maj:ts
832 2235 261 45 framställning
1117 2241 153 34 biträdes
1295 2255 43 20 av
1361 2248 180 37 utskottet,
1567 2251 108 32 vilket
1699 2254 78 30 där-

277 2275 54 31 för
351 2277 212 38 hemställer,

630 2334 50 28 att
698 2334 186 41 riksdagen
901 2338 60 30 må
978 2339 53 30 till
1047 2341 327 40 Byggnadsarbeten
1394 2348 59 30 vid
1469 2351 133 30 statens
1620 2355 154 29 centrala

582 2381 345 40 frökontrollanstalt
947 2388 56 31 för
1022 2390 203 41 budgetåret
1248 2396 148 36 1961/62
1417 2400 122 31 anvisa
1559 2404 48 28 ett
1626 2403 149 31 investe-

584 2431 220 44 ringsanslag
826 2446 42 21 av
890 2438 61 30 581
969 2439 62 31 000
1053 2441 140 32 kronor.
