2226 2636
760 192 253 30 Bankoutskottets
1035 192 153 29 memorial
1210 192 46 29 Nr
1281 194 50 27 66.
1796 190 41 31 35

341 271 32 49 a)
402 273 126 47 avgiva
556 273 63 35 sitt
647 271 245 47 underdåniga
919 272 170 48 yttrande
1118 271 67 37 och
1216 271 65 36 råd
1308 271 58 36 till
1389 246 140 74 Kungl.
1551 272 109 47 Maj:t
1696 272 13 34 i
1740 272 103 48 fråga

232 338 61 23 om
335 326 69 36 den
433 328 67 43 ort,
531 327 63 35 där
621 325 146 48 riksdag
793 326 65 35 bör
886 326 139 44 samlas,
1055 326 11 35 i
1095 326 42 35 de
1171 325 78 45 fall,
1284 326 45 35 då
1363 326 157 35 fiendens
1553 326 289 47 framträngande

232 379 86 37 eller
358 382 78 45 pest
465 380 84 36 eller
583 380 109 36 andra
719 379 73 36 lika
819 379 139 49 viktiga
987 380 128 35 hinder
1148 383 87 44 göra
1267 379 162 48 riksdags
1472 380 163 35 hållande
1664 379 13 35 i
1704 379 137 35 huvud-

234 433 123 36 staden
400 434 167 47 omöjligt
612 433 85 36 eller
724 434 56 34 för
807 433 211 48 riksdagens
1045 434 111 35 frihet
1186 434 67 35 och
1281 433 165 36 säkerhet
1473 433 139 48 vådligt
1645 432 37 49 ($&
1714 434 46 34 50
1790 445 51 23 re-

231 487 317 49 geringsformen);

341 540 35 48 b)
407 541 90 35 efter
527 540 172 48 stadgade
733 540 157 47 grunder
909 543 160 45 uppgöra
1089 540 66 35 och
1175 540 140 35 utfärda
1335 552 50 35 ny
1400 539 440 48 bevillningsförordning,

233 594 12 35 i
273 594 68 35 den
385 594 164 36 bändelse
595 597 56 33 att
673 594 61 35 vid
761 593 163 48 riksdags
952 594 73 35 slut
1052 593 264 48 bevillningens
1344 593 81 36 hela
1453 593 130 48 belopp
1611 597 38 32 är
1676 594 165 43 bestämt,

235 660 80 23 men
363 648 190 35 kamrarna
598 648 76 36 icke
715 648 135 35 hunnit
888 660 60 23 om
986 647 249 48 fördelningen
1274 647 107 36 därav
1422 647 96 36 bliva
1560 659 82 24 ense
1684 646 36 49 (8
1766 648 72 35 109

231 701 351 48 regeringsformen);

341 754 30 47 c)
415 756 55 35 uti
495 755 563 48 justitieombudsmansämbetet
1086 754 85 36 eller
1203 754 546 36 militieombudsmansämbetet
1784 768 57 35 ge-

234 811 81 33 nast
351 810 133 35 insätta
512 809 71 35 den
606 822 99 31 man,
727 821 76 23 som
837 808 105 36 blivit
972 807 130 37 utsedd
1130 808 57 35 till
1215 809 241 44 efterträdare,
1488 809 77 35 ifall
1600 808 240 37 ombudsman

233 863 132 35 mellan
409 863 236 47 riksdagarna
688 866 145 44 avsäger
875 863 56 47 sig
972 862 60 36 det
1065 862 161 36 erhållna
1253 862 222 35 förtroendet
1503 863 84 34 eller
1614 862 82 35 med
1724 862 115 36 döden

233 917 121 46 avgår,
385 920 168 32 ävensom
586 916 137 47 utvälja
752 928 116 23 annan
897 916 150 47 behörig
1075 928 83 23 man
1177 916 13 35 i
1209 915 120 36 stället
1348 916 56 35 för
1422 916 255 35 ombudsmans
1692 916 147 36 utsedde

233 969 241 45 efterträdare,
510 970 122 35 därest
664 973 88 32 även
785 970 70 35 han
894 969 131 36 mellan
1059 969 233 48 riksdagarna
1334 972 148 45 avsäger
1523 969 55 47 sig
1619 969 220 36 förlroendet

234 1023 85 36 eller
346 1024 22 34 i'
387 1023 402 36 ombudsmansämbete
817 1023 150 36 insättes
996 1023 85 35 eller
1108 1023 82 35 med
1220 1023 114 35 döden
1364 1024 108 47 avgår
1501 1023 35 46 ($
1566 1024 47 34 98
1647 1023 191 48 regerings-

234 1076 173 49 formen);
649 1075 3 1 |

341 1130 34 48 d)
405 1132 56 35 för
502 1131 168 35 framtida
711 1130 194 48 uppsikten
948 1131 66 34 och
1044 1130 203 36 kontrollen
1276 1133 83 32 över
1386 1129 94 37 Göta
1509 1130 124 36 kanals
1660 1129 175 36 vidmakt-

235 1185 163 35 hållande
427 1186 77 34 utse
534 1185 65 34 och
622 1185 94 46 välja
744 1185 32 46 ej
807 1184 138 35 mindre
974 1196 44 23 en
1047 1195 128 36 person
1202 1184 56 35 för
1285 1185 54 34 att
1367 1182 116 37 såsom
1516 1185 156 35 ledamot
1700 1182 20 37 å
1748 1184 87 36 ban-

234 1237 87 36 kens
350 1239 66 34 och
446 1238 359 46 riksgäldskontorets
832 1240 135 45 vägnar
989 1236 143 36 inträda
1150 1237 13 34 i
1182 1237 224 36 direktionen
1434 1241 82 32 över
1540 1237 156 36 nämnda
1716 1237 117 45 kanal,

233 1297 45 28 än
308 1291 68 36 ock
400 1293 53 34 ett
481 1291 134 35 ombud
643 1293 53 33 att
724 1292 19 33 å
773 1303 135 23 samma
931 1290 105 36 verks
1056 1293 134 44 vägnar
1214 1290 140 48 deltaga
1373 1290 13 35 i
1404 1290 240 37 revisionerna
1664 1304 43 22 av
1727 1291 107 35 kana-

231 1344 75 35 lens
335 1345 253 47 räkenskaper;
618 1344 170 35 skolande
817 1343 96 36 valet
940 1343 58 36 till
1024 1343 158 36 ledamot
1208 1344 12 35 i
1250 1343 224 37 direktionen
1502 1345 145 47 förnyas
1666 1345 97 46 varje
1782 1346 50 43 år,

230 1399 67 34 och
317 1398 58 35 till
396 1398 136 35 ombud
551 1397 59 35 vid
628 1397 239 36 revisionerna
885 1397 76 36 före
981 1397 198 35 desammas
1207 1397 142 47 början;
1380 1398 91 35 dock
1500 1399 57 34 må
1585 1398 98 35 förut
1710 1398 123 36 härtill

233 1452 150 35 utsedda
412 1463 167 36 personer
608 1451 124 35 kunna
759 1451 199 47 återväljas.

338 1505 72 35 Vid
451 1505 246 47 fullmäktiges
738 1504 12 35 i
793 1504 143 36 banken
980 1503 65 36 och
1080 1504 344 48 riksgäldskontoret
1451 1517 265 35 gemensamma
1744 1517 88 23 sam-

232 1559 208 35 manträden
469 1559 96 44 böra,
595 1559 108 35 såvitt
735 1558 120 36 beslut
882 1558 92 36 skall
998 1558 122 35 kunna
1148 1558 119 44 fattas,
1293 1559 111 35 minst
1431 1558 76 36 fem
1536 1571 43 23 av
1602 1558 230 47 fullmäktige

229 1612 13 34 i
271 1612 161 36 vartdera
460 1612 124 35 verket
612 1624 82 23 vara
721 1612 187 35 tillstädes.

988 1683 22 45 8
1041 1684 58 34 66.

338 1744 72 36 Vid
439 1745 43 35 de
515 1743 177 46 tillfällen,
727 1745 43 34 då
809 1744 267 47 riksdagsmäns
1118 1744 207 35 fullmakter
1352 1744 171 47 granskas
1551 1756 44 24 av
1624 1744 125 36 chefen
1777 1745 55 35 för

228 1799 422 47 justitiedepartementet
689 1798 82 35 eller
807 1798 68 35 den
909 1810 141 35 person,
1085 1797 211 47 Konungen
1331 1797 11 34 i
1375 1797 89 36 hans
1502 1797 99 36 ställe
1635 1798 195 44 förordnat,

229 1852 98 35 skola
356 1854 53 33 tre
438 1852 108 36 bland
575 1851 225 48 fullmäktige
829 1851 13 35 i
870 1851 344 47 riksgäldskontoret
1242 1863 82 23 vara
1352 1850 183 36 tillstädes.

230 2008 214 42 Angående
481 2010 359 40 tjänstinnehavare
867 2009 68 32 vid
963 2009 397 41 riksgäldskontoret,
1384 2009 233 40 riksdagens
1641 2009 192 32 bibliotek

817 2062 76 32 och
917 2062 231 40 riksdagens
1171 2062 87 32 hus.

982 2127 22 45 8
1036 2127 59 36 67.

334 2196 207 48 Riksdagen
572 2198 64 34 har
667 2196 74 36 dels
770 2198 118 34 såsom
917 2196 134 36 villkor
1079 2197 56 35 för
1163 2196 211 47 åtnjutande
1403 2209 44 22 av
1475 2195 44 37 de
1548 2196 12 35 i
1589 2198 160 34 staterna
1777 2196 56 36 för

228 2250 331 47 tjänstinnehavare
602 2250 60 34 vid
704 2249 365 48 riksgäldskontoret,
1115 2249 215 48 riksdagens
1372 2249 176 36 bibliotek
1590 2250 67 35 och
1694 2249 137 37 riksda-
