2180 2638
708 205 254 32 Bankoutskottets
984 209 151 29 memorial
1157 210 47 29 Nr
1228 212 50 28 66.
1755 215 40 30 67

301 280 66 44 7:0)
399 283 54 34 att
493 283 97 46 varje
630 284 290 51 järnvägsbolag,
960 300 77 24 som
1078 288 144 37 erhållit
1264 291 297 48 statsunderstöd,
1593 295 93 36 skall
1713 309 84 23 vara

192 333 166 49 skyldigt
403 334 217 39 underkasta
665 338 56 49 sig
766 338 97 37 såväl
910 341 42 36 de
999 342 265 38 bestämmelser
1304 345 12 34 i
1350 346 101 48 fråga
1497 360 58 23 om
1603 350 194 44 samtrafik,

192 387 101 35 vilka
321 388 143 48 Kungl.
493 390 109 48 Maj:t
630 391 70 36 kan
729 392 101 36 finna
858 396 82 46 gott
967 396 55 35 för
1050 397 146 48 bolaget
1223 399 206 45 bestämma,
1447 412 78 24 som
1554 402 69 36 ock
1651 403 13 34 i
1682 404 116 48 övrigt

191 441 71 35 alla
304 441 43 36 de
388 442 132 37 villkor
560 445 67 35 och
661 446 208 46 kontroller,
901 461 76 24 som
1006 462 47 24 av
1081 451 140 48 Kungl.
1245 452 107 48 Maj:t
1379 457 128 44 prövas
1530 455 170 49 lämpliga
1728 457 68 36 och

190 494 146 49 nödiga;
367 502 93 29 samt

298 548 72 49 8:0o)
411 552 56 34 att
505 552 99 47 varje
646 553 127 37 sådant
815 554 118 50 bolag,
979 569 77 23 som
1099 570 85 35 nyss
1228 562 38 32 är
1307 563 137 43 nämnt,
1481 564 69 41 må,
1579 561 45 37 då
1652 560 140 57 Kungl.

192 601 103 49 Maj:t
322 603 37 35 så
387 608 130 43 prövar
545 604 180 50 lämpligt,

296 655 75 37 dels
415 657 137 37 erhålla
590 661 196 47 upplåtelse
827 675 46 23 av
901 662 68 36 den
998 662 57 37 för
1081 665 439 51 järnvägsanläggningen
1550 664 243 59 erforderliga,

190 709 137 36 kronan
369 711 188 48 tillhöriga
593 713 83 47 jord
712 715 162 36 sålunda:
905 718 54 34 att
983 717 95 47 jord,
1106 731 79 23 som
1213 721 75 34 står
1315 720 115 37 under
1458 722 156 37 kronans
1643 725 150 36 omedel-

190 763 85 35 bara
285 759 17 66 .
315 764 220 48 disposition,
579 767 163 48 upplåtes
784 771 88 34 utan
906 769 120 49 någon
1055 773 218 48 ersättning;
1304 779 54 30 att
1383 775 84 46 jord
1496 775 82 37 från
1608 777 43 36 de
1680 779 114 35 under

184 816 97 36 bruk
310 818 65 35 och
400 818 177 49 bergverk
605 821 58 35 för
681 822 127 48 nödigt
831 823 198 49 skogsfång
1041 826 177 48 upplåtna
1232 827 381 51 kronoallmänningar
1628 832 165 48 upplåtes

189 872 87 33 utan
317 884 118 23 annan
477 874 219 46 gottgörelse
734 883 46 28 än
813 878 197 47 ersättning
1037 879 55 35 till
1122 879 262 39 vederbörande
1412 883 218 37 innehavare
1658 885 56 35 för
1741 886 51 35 in-

187 925 107 47 trång
335 925 11 34 i
388 927 328 47 nyttjanderätten;
758 932 54 34 att
851 931 80 47 jord
959 932 79 35 från
1067 933 43 35 de
1139 946 133 35 genom
1300 935 325 49 domänstyrelsens
1653 936 139 51 försorg

187 979 273 36 utarrenderade
503 980 345 49 kronoegendomar,
878 984 96 36 vilka
1013 986 78 35 icke
1120 987 176 48 upplåtits
1323 989 56 35 till
1408 990 169 37 förenade
1602 989 189 56 mötespas-

186 1032 349 38 sevolanskassornas
563 1035 101 45 fond,
695 1038 212 35 stuterierna
926 1039 87 36 eller
1031 1040 184 37 Vadstena
1235 1041 373 49 krigsmanshusfond,
1625 1042 166 57 upplåtes

186 1091 87 29 utan
315 1099 120 23 annan
477 1090 200 47 ersättning
719 1094 44 31 än
792 1092 58 34 för
877 1092 212 49 minskning
1116 1094 14 35 i
1157 1095 251 37 arrendatorns
1437 1098 353 50 brukningsområde

186 1138 114 36 under
339 1141 68 34 den
441 1143 226 35 återstående
709 1145 247 36 arrendetiden
984 1150 170 33 ävensom
1183 1149 57 35 för
1267 1149 112 36 skada
1406 1151 68 36 och
1503 1152 164 50 inträng;
1698 1156 93 33 samt

185 1194 53 33 att
261 1192 53 36 för
339 1194 94 46 jord,
463 1207 75 24 som
568 1202 39 29 är
635 1196 55 36 till
720 1198 148 37 boställe
895 1200 87 35 eller
1008 1202 38 34 åt
1074 1202 140 35 enskild
1241 1215 140 35 person,
1411 1205 188 48 menighet
1627 1207 85 35 eller
1739 1208 50 34 in-

184 1246 161 48 rättning
391 1248 81 36 med
511 1249 142 37 åborätt
680 1251 87 36 eller
794 1252 208 37 annorledes
1030 1257 44 32 än
1104 1255 69 35 vad
1202 1268 90 23 ovan
1322 1262 96 44 sagts
1446 1259 184 48 upplåten,
1667 1263 122 33 ersätt-

185 1299 88 47 ning
312 1301 96 35 skall
449 1302 136 36 lämnas
626 1302 99 37 såväl
767 1305 56 35 för
863 1307 113 46 själva
1008 1308 150 35 marken
1201 1321 77 23 som
1306 1310 56 36 för
1389 1311 113 36 skada
1529 1313 70 35 och
1627 1314 160 48 intrång;

184 1352 171 38 skolande
396 1356 243 48 ersättningen
663 1358 13 34 i
704 1359 254 36 ovannämnda
986 1360 63 36 fall
1079 1361 216 38 bestämmas
1322 1364 13 34 i
1363 1364 68 36 den
1460 1366 166 48 ordning,
1654 1367 136 36 förord-

185 1406 134 47 ningen
348 1407 186 49 angående
560 1410 104 47 jords
693 1412 88 35 eller
799 1412 188 49 lägenhets
1015 1415 192 37 avstående
1235 1417 58 35 för
1321 1418 149 36 allmänt
1499 1419 120 37 behov
1648 1420 68 36 den
1741 1423 46 34 14

185 1460 86 47 april
306 1462 99 35 1866
435 1463 160 48 stadgar;

290 1514 74 37 dels
393 1516 68 35 ock
490 1516 252 38 kostnadsfritt
770 1519 162 48 begagna
960 1521 56 35 för
1043 1521 270 50 anläggningen
1343 1522 131 39 sådana
1495 1524 21 37 å
1531 1526 156 37 kronans
1702 1531 87 45 ägor

185 1566 153 49 belägna
370 1567 98 37 kalk-
497 1570 68 36 och
602 1572 179 36 stenbrott
810 1574 112 46 jämte
951 1575 214 47 grustäkter,
1195 1588 78 24 som
1302 1578 122 36 kunna
1453 1591 86 24 vara
1567 1577 219 56 disponibla;

290 1623 66 34 och
384 1622 140 49 åligger
552 1625 60 35 det
639 1625 233 49 fullmäktige
899 1628 14 34 i
939 1628 351 48 riksgäldskontoret
1313 1634 55 33 att
1383 1632 196 49 behörigen
1600 1634 187 36 tillhanda-

184 1672 94 37 hålla
293 1675 67 35 och
376 1676 163 37 utbetala
553 1678 43 36 de
612 1678 145 49 belopp,
772 1680 140 47 Kungl.
929 1681 109 47 Maj:t
1053 1682 72 35 kan
1141 1683 150 36 komma
1306 1687 55 33 att
1372 1686 21 34 å
1408 1685 99 36 detta
1522 1687 118 48 anslag
1653 1683 132 57 anvisa.

182 1858 62 33 Av
280 1860 85 33 1910
395 1860 64 34 års
485 1862 161 42 riksdag
671 1864 231 33 meddelade
926 1866 302 33 bestämmelser
1251 1867 203 43 angående
1479 1868 307 34 låneunderstöd

712 1917 86 34 från
816 1919 441 42 järnvägslånefonden.

288 1995 73 35 Till
390 1996 276 38 låneunderstöd
697 1998 56 37 för
781 2000 163 36 enskilda
969 2002 193 48 järnvägar
1190 2002 64 36 har
1286 2005 99 35 1910
1415 2006 55 33 års
1503 2005 145 48 riksdag
1677 2006 108 35 bevil-

179 2049 55 45 jat
268 2048 67 35 och
369 2050 98 35 ställt
495 2050 59 35 till
583 2052 141 47 Kungl.
756 2053 125 47 Maj:ts
908 2055 212 46 förfogande
1149 2059 52 32 ett
1229 2059 98 33 extra
1356 2057 124 48 anslag
1508 2071 44 21 av
1575 2059 207 43 7,500,000

181 2101 132 35 kronor
341 2104 54 33 att
425 2105 87 45 utgå
541 2105 116 35 under
685 2103 74 37 fem
787 2107 38 33 år
852 2105 81 36 från
963 2107 66 36 och
1058 2109 81 34 med
1167 2110 39 33 år
1236 2110 99 35 1912
1367 2110 84 35 med
1480 2112 207 43 1,500,000
1706 2111 78 35 kro-

181 2166 67 23 nor
288 2155 148 48 årligen,
475 2156 91 36 dock
595 2156 39 36 så
662 2160 54 33 att
744 2158 143 49 belopp,
917 2172 77 23 som
1023 2161 33 46 ej
1086 2161 105 35 blivit
1218 2162 57 35 till
1304 2161 181 49 utgående
1515 2165 113 34 under
1656 2168 53 31 ett
1741 2177 43 22 av

182 2207 99 36 dessa
309 2209 39 34 år
375 2208 149 45 anvisat,
555 2212 58 33 må
642 2211 56 35 för
727 2213 52 34 ett
807 2212 248 47 efterföljande
1084 2215 40 34 år
1151 2227 43 22 av
1223 2227 135 24 samma
1383 2215 258 49 femårsperiod
1670 2217 115 48 dispo-

182 2273 111 32 neras,
324 2261 138 47 ägande
496 2263 138 48 Kungl.
663 2264 110 47 Maj:t
800 2267 53 34 att
881 2267 20 34 å
930 2266 97 36 detta
1055 2267 125 48 anslag
1208 2268 54 36 till
1291 2268 305 48 understödjande
1625 2283 45 23 av
1701 2284 80 34 nya,
