1922 2844
65 406 103 31 Bidrag
186 406 45 23 till

41 441 208 23 underhållande

63 483 31 16 av
112 476 120 24 handels-

60 511 142 30 högskolan
221 511 11 23 i

66 545 154 24 Stockholm.

103 580 81 39 [20.]

82 1347 114 29 Export-

62 1381 154 30 stipendier.

96 1416 85 39 [21.]

50 1868 171 24 Statsunder-

31 1903 59 23 stöd
114 1903 44 23 till
176 1905 64 22 auk-

63 1938 146 24 toriserade

48 2015 47 16 rar
113 2008 10 22 i
142 2009 78 23 riket.

90 2043 81 38 [22.]

309 147 41 30 20

695 148 293 31 Statsutskottets
1011 148 188 31 utlåtande
1220 148 53 31 Nr
1298 150 49 30 10.

728 291 220 38 Handel
976 292 99 37 och
1103 292 208 48 sjöfart.

313 405 86 37 19:o0)
434 404 79 32 Med
547 405 244 37 tillstyrkande
825 415 43 20 av
902 404 102 31 bifall
1039 405 54 31 till
1121 405 132 37 Kungl.
1278 405 117 37 Maj:ts
1418 406 130 37 förslag
1571 406 124 37 (punkt
1718 407 55 36 20)

271 456 61 31 och
365 456 111 32 under
509 457 214 36 hänvisning
752 457 55 31 till
830 457 67 30 vad
921 457 369 35 statsrådsprotokollet
1313 458 73 37 (sid.
1412 459 184 37 105--107)
1619 459 13 30 i
1656 460 117 29 ämnet

270 509 204 36 innehåller,
497 509 55 31 får
575 510 165 30 utskottet
762 509 189 36 hemställa,

710 589 52 29 att
796 587 183 36 riksdagen
1003 588 66 35 må,
1093 588 13 30 i
1138 588 109 31 likhet
1270 588 76 31 med
1370 588 67 31 vad
1461 588 55 31 för
1537 589 236 31 innevarande

669 640 168 36 budgetår
861 641 59 35 ägt
943 649 88 29 rum,
1049 640 109 31 under
1175 640 251 38 förutsättning
1442 642 51 30 att
1508 641 264 31 verksamheten

667 692 60 31 vid
762 692 343 36 handelshögskolan
1139 693 13 30 i
1188 692 206 32 Stockholm
1428 694 175 31 fortsättes
1637 693 88 31 efter
1759 694 13 30 i

665 744 183 31 huvudsak
883 744 65 31 den
972 755 48 20 nu
1044 745 108 36 följda
1175 745 92 36 plan,
1291 746 111 30 såsom
1425 745 122 37 bidrag
1570 746 56 31 till
1650 745 123 32 under-

666 796 163 31 hållande
851 807 45 20 av
919 806 133 21 samma
1067 797 97 30 skola
1181 797 109 31 under
1305 798 126 30 läsåret
1448 796 186 43 1930/1931
1651 799 21 30 å
1687 798 85 30 riks-

664 850 113 30 staten
801 849 52 30 för
875 848 203 37 budgetåret
1102 848 186 41 1930/1931
1312 850 123 31 anvisa
1458 851 49 30 ett
1530 852 97 29 extra
1650 851 122 36 anslag

662 912 45 20 av
731 901 117 36 40,000
871 901 137 36 kronor,

707 955 51 29 att
791 953 55 31 till
881 953 528 38 handelshögskoleföreningens
1443 956 11 29 i
1482 955 197 31 Stockholm
1703 957 68 35 sty-

662 1006 85 31 relse
782 1006 166 30 utbetalas
971 1006 79 31 med
1074 1006 132 31 hälften
1230 1006 109 31 under
1362 1016 118 22 senare
1503 1007 159 31 halvåret
1685 1007 85 31 1930

662 1058 62 30 och
749 1058 211 31 återstående
984 1059 133 31 hälften
1140 1059 110 31 under
1273 1059 93 31 förra
1383 1060 159 30 halvåret
1558 1059 84 31 1931
1660 1059 112 31 under

662 1111 139 35 villkor,
825 1112 51 29 att
899 1111 109 31 minst
1030 1111 72 31 tolv
1127 1111 174 36 friplatser
1325 1111 53 31 för
1395 1111 203 32 studerande
1614 1111 60 32 vid
1691 1112 80 35 hög-

661 1163 120 30 skolan
815 1163 139 31 komma
986 1164 52 30 att
1071 1164 112 31 finnas
1217 1164 172 30 inrättade
1412 1164 109 31 under
1544 1164 77 31 hela
1644 1164 127 31 läsåret

663 1213 196 41 1930/1931.

306 1343 85 37 20:o)
436 1342 18 31 I
488 1341 186 37 anledning
705 1353 46 20 av
774 1342 133 36 Kungl.
932 1342 119 36 Maj:ts
1074 1343 120 31 därom
1218 1343 119 36 gjorda
1360 1343 260 38 framställning
1645 1345 125 37 (punkt

263 1395 54 37 21)
340 1394 63 32 och
426 1394 109 31 under
557 1394 213 36 hänvisning
793 1394 56 31 till
873 1394 68 31 vad
964 1395 371 36 statsrådsprotokollet
1358 1396 75 37 (sid.
1459 1396 185 38 107—110)
1668 1397 12 30 i
1700 1399 69 29 äm-

262 1448 58 31 net
343 1447 202 36 innehåller,
568 1447 199 31 hemställer
790 1447 177 36 utskottet,

705 1526 53 30 att
792 1525 184 37 riksdagen
1004 1526 67 35 må,
1096 1525 11 30 i
1132 1526 108 30 likhet
1263 1526 78 31 med
1365 1526 67 31 vad
1457 1526 52 31 för
1532 1526 236 32 innevarande

659 1578 168 36 budgetår
849 1579 60 35 ägt
933 1588 89 25 rum,
1045 1578 57 30 till
1125 1579 330 35 exportstipendier,
1479 1580 52 29 att
1553 1579 179 31 användas
1755 1580 13 30 i

659 1630 152 36 enlighet
834 1630 76 31 med
934 1630 301 31 bestämmelserna
1259 1631 12 29 i
1294 1631 229 36 kungörelsen
1546 1631 66 31 den
1636 1631 41 30 26
1699 1641 69 26 sep-

659 1682 129 31 tember
801 1683 94 36 1921,
912 1692 44 21 nr
972 1682 73 36 636,
1063 1683 20 30 å
1100 1683 187 31 riksstaten
1300 1683 53 31 för
1367 1682 200 38 budgetåret
1580 1682 186 43 1930/1931

658 1735 125 31 anvisa
816 1736 48 30 ett
898 1737 97 35 extra
1029 1736 349 36 reservationsanslag
1412 1746 44 20 av
1488 1736 117 36 20,000
1629 1737 137 30 kronor.

302 1864 86 37 21:o0)
423 1864 51 31 På
509 1864 113 36 grund
656 1874 45 20 av
736 1863 129 37 Kungl.
890 1863 119 37 Maj:ts
1032 1864 130 35 förslag
1187 1864 123 37 (punkt
1334 1865 53 37 22)
1411 1865 62 30 och
1496 1865 108 31 under
1627 1865 140 31 hänvis-

259 1915 86 37 ning
367 1916 57 31 till
448 1916 67 31 vad
539 1916 367 36 statsrådsprotokollet
930 1916 76 37 (sid.
1032 1916 62 31 110
1119 1916 61 31 och
1204 1917 104 37 111)i
1324 1918 116 29 ämnet
1455 1917 203 37 innehåller,
1675 1918 92 31 hem-

43 1973 184 24 handelskam-
259 1968 117 31 ställer
399 1968 175 36 utskottet,

702 2047 51 30 att
788 2046 183 36 riksdagen
1003 2047 67 35 må,
1095 2047 11 30 i
1130 2047 110 30 likhet
1263 2047 74 31 med
1361 2047 68 31 vad
1452 2047 54 31 för
1529 2048 236 31 innevarande

659 2099 168 36 budgetår
861 2100 59 35 ägt
947 2108 90 27 rum,
1060 2099 111 30 såsom
1195 2099 184 31 understöd
1403 2099 111 32 under
1536 2101 39 30 år
1599 2100 86 31 1930
1707 2100 57 31 till

659 2151 266 31 auktoriserade
959 2151 292 31 handelskamrar
1273 2152 14 30 i
1309 2151 102 37 riket,
1435 2153 51 30 att
1509 2153 84 36 utgå
1616 2153 77 31 med
1716 2154 49 30 ett

657 2203 120 36 belopp
815 2213 44 20 av
899 2203 96 36 2,000
1030 2203 125 31 kronor
1193 2203 56 31 till
1292 2213 108 21 envar
1445 2204 319 32 handelskammare

658 2255 109 31 under
800 2266 45 20 av
878 2255 122 31 chefen
1033 2256 52 31 för
1120 2255 410 37 handelsdepartementet
1552 2257 12 30 i
1588 2257 176 31 statsråds-

656 2308 205 36 protokollet
884 2310 80 29 över
988 2308 291 32 handelsärenden
1302 2309 65 31 den
1391 2309 18 30 3
1433 2309 141 36 januari
1595 2310 85 31 1930
1698 2311 66 31 för-

658 2360 126 31 ordade
818 2360 138 37 villkor,
991 2362 21 29 å
1045 2361 184 31 riksstaten
1264 2361 53 31 för
1349 2361 202 37 budgetåret
1575 2361 187 43 1930/1931

658 2413 124 30 anvisa
805 2413 48 30 ett
875 2414 99 30 extra
997 2413 120 37 anslag
1140 2424 46 20 av
1210 2414 116 35 24,000
1351 2414 134 31 kronor.
