1868 2788
443 180 410 40 Bevillningsutskottets
879 179 220 31 betänkande
1124 187 44 21 nr
1193 178 52 30 64.
1586 174 19 30 3

85 268 184 31 varuskatt
294 265 94 40 utgå,
412 265 64 30 där
499 273 152 22 varorna
674 263 183 30 tillverkas
882 260 254 42 yrkesmässigt
1160 260 98 30 inom
1283 259 92 31 riket
1399 258 56 30 för
1479 257 123 31 avsalu

85 319 81 29 eller
190 318 55 30 för
269 317 120 30 vidare
413 314 230 39 bearbetning
667 315 82 28 eller
774 313 67 31 ock
864 313 135 29 införas
1024 312 53 30 till
1102 311 102 30 riket.
1231 309 240 31 Varuskatten
1496 307 103 40 utgår

84 370 79 29 med
190 369 11 29 i
229 366 360 39 varuförteckningen
617 364 139 40 angivet
783 363 197 41 procenttal
1009 372 44 21 av
1079 371 128 21 varans
1236 358 365 40 beskattningsvärde,

85 420 107 30 vilket
213 420 38 29 är
271 418 71 30 lika
368 417 80 30 med
469 417 57 29 det
547 415 85 41 pris,
656 424 74 21 som
752 415 68 29 den
842 412 256 41 skattskyldige
1120 412 11 29 i
1153 411 194 30 allmänhet
1368 409 160 39 betingar
1550 408 52 39 sig

85 471 56 29 för
161 479 110 20 varan
293 468 58 30 vid
374 467 215 39 försäljning
610 466 53 30 till
685 464 283 40 detaljhandlare
991 464 93 33 eller,
1107 462 11 29 i
1140 462 61 30 fall
1225 462 64 29 där
1312 459 215 40 försäljning
1548 458 54 30 till

85 519 283 40 detaljhandlare
388 518 81 29 icke
493 516 171 34 bedrives,
690 516 57 29 det
772 515 84 40 pris,
883 523 75 22 som
983 514 68 29 den
1076 512 257 40 skattskyldige
1359 511 71 29 kan
1455 511 148 37 antagas

86 571 45 30 ha
153 570 156 39 betingat
334 568 62 39 sig,
419 568 118 30 därest
562 567 110 29 sådan
697 564 215 40 försäljning
935 565 107 34 skett;
1068 563 65 30 och
1157 562 11 30 i
1191 562 175 30 intetdera
1389 561 99 29 fallet
1513 559 90 31 skall

85 620 231 31 varuskatten
341 618 213 30 inberäknas
580 617 11 29 i
615 616 119 40 priset.
761 615 117 39 Enligt
904 614 242 39 nyssnämnda
1171 610 315 40 varuförteckning
1512 610 91 30 skall

86 671 184 30 varuskatt
290 669 85 39 utgå
397 669 54 30 för
471 668 45 29 bl.
537 677 30 20 a.
588 666 167 31 choklad-
775 665 66 30 och
861 664 275 39 konfityrvaror.
1160 663 242 30 Skattesatsen
1423 661 56 29 för
1501 661 102 29 dessa

87 730 112 24 varor,
225 729 76 21 som
327 718 274 41 ursprungligen
627 716 163 40 utgjorde
816 715 42 30 40
884 716 145 39 procent
1055 723 42 21 av
1122 712 380 39 beskattningsvärdet,
1528 710 78 40 höj-

86 773 61 29 des
168 772 108 39 enligt
296 769 255 39 förordningen
571 769 68 30 den
661 767 39 30 27
723 766 158 31 februari
904 765 94 34 1948,
1020 774 42 20 nr
1084 764 51 34 66,
1157 764 53 29 till
1231 763 41 30 60
1293 764 145 39 procent
1459 761 65 30 och
1545 769 58 21 en-

87 823 61 39 ligt
169 821 255 39 förordningen
445 820 68 29 den
537 819 38 29 17
598 817 188 31 november
811 816 95 34 1950,
929 825 41 20 nr
992 815 75 34 574,
1089 814 53 30 till
1168 814 41 30 80
1231 814 160 39 procent;
1417 812 187 30 skattesat-

88 883 59 20 sen
166 873 55 29 för
240 872 103 39 glass,
362 871 75 30 som
452 869 135 40 jämväl
603 869 206 38 inrangeras
826 867 113 29 under
956 866 187 39 begreppet
1161 864 167 30 choklad-
1346 863 66 30 och
1429 861 175 39 konfityr-

87 932 111 25 varor,
217 921 173 31 bibehölls
409 921 90 29 dock
516 919 59 30 vid
594 919 40 30 60
652 919 156 39 procent.
829 916 244 40 Höjningarna
1093 915 123 30 trädde
1234 914 12 29 i
1266 913 98 31 kraft
1383 913 68 30 den
1472 913 14 29 1
1507 920 97 21 mars

91 973 83 31 1948
193 972 198 40 respektive
410 971 68 29 den
499 971 14 28 1
535 969 183 30 december
740 967 85 30 1950
850 967 95 39 (ang.
967 967 137 29 senaste
1124 964 196 39 höjningen
1339 963 51 41 jfr
1409 972 88 31 prop
1519 962 86 35 255/

90 1024 83 30 1950
198 1023 65 29 och
285 1020 403 39 bevillningsutskottets
713 1017 224 30 betänkande
960 1026 42 19 nr
1025 1015 186 36 63/1950).

134 1125 13 29 I
166 1123 251 39 efterföljande
437 1119 334 39 sammanställning
789 1119 65 29 har
873 1117 180 41 upptagits
1073 1117 68 29 den
1160 1116 157 29 influtna
1338 1114 207 40 uppbörden
1564 1121 44 22 av

90 1176 139 30 skatten
251 1174 21 30 å
293 1173 167 30 choklad-
481 1172 66 30 och
568 1170 265 39 konfityrvaror
860 1169 97 34 (med
978 1168 183 38 undantag
1182 1176 43 20 av
1248 1166 109 39 glass)
1385 1164 113 30 under
1520 1163 87 30 bud-

91 1226 140 39 getåren
260 1221 364 38 1944/45—1950/51.

994 1287 122 23 Influten
1135 1286 75 23 skatt

554 1301 141 59 Budgetår
1044 1321 68 27 milj.
1131 1320 39 23 kr.

500 1363 148 35 1944/45
692 1359 30 43 oo
729 1359 159 43 oense
925 1359 96 43 reser
1076 1360 82 33 60,92

503 1413 153 37 1945/46
695 1409 24 45 =
768 1434 254 8 ocosoooere>
1076 1410 83 34 59,44

503 1464 150 35 1946/47
691 1459 34 44 =»
768 1484 251 8 ccoocccc0>0o.
1075 1460 84 34 61,13

505 1514 150 35 1947/48
691 1510 23 43 =
769 1535 253 8 oosssssrse
990 1510 36 43 ra
1078 1510 81 33 75,36

503 1564 152 36 1948/49
691 1560 23 44 =
770 1585 249 7 ooosesss
966 1560 56 44 oss
1055 1560 104 34 113,78

506 1615 153 35 1949/50
702 1610 29 44 oo
770 1634 253 9 cccesssserra
1057 1610 103 34 100,36

506 1665 149 36 1950/51
696 1660 26 45 =
770 1686 161 7 ooeess
949 1687 71 4 soo
1057 1660 104 35 105,46

137 1769 13 29 I
168 1768 194 30 riksstaten
380 1768 55 29 för
454 1776 47 20 nu
522 1766 150 40 löpande
690 1764 171 40 budgetår
879 1764 65 30 har
962 1763 232 30 varuskatten
1213 1761 20 30 å
1251 1760 167 30 choklad-
1439 1759 65 30 och
1523 1758 87 30 kon-

92 1819 189 38 fityrvaror
310 1816 196 34 (exklusive
530 1816 109 39 glass)
666 1815 191 30 beräknats
881 1814 53 29 till
959 1813 61 30 135
1045 1812 89 39 milj.
1158 1812 142 29 kronor.
1325 1810 14 29 I
1362 1809 168 31 skrivelse
1553 1807 54 31 till

92 1867 421 39 riksräkenskapsverket
537 1866 67 30 den
629 1866 19 30 9
671 1865 188 29 november
888 1864 81 30 1951
993 1863 66 29 har
1082 1860 329 39 kontrollstyrelsen
1435 1860 79 29 med
1538 1858 70 30 led-

94 1919 83 39 ning
203 1929 42 19 av
272 1927 47 20 nu
346 1916 220 40 tillgängliga
591 1915 179 40 uppgifter
797 1913 180 40 angående
1005 1912 206 40 uppbörden
1238 1911 173 29 beräknat
1439 1908 169 31 skattein-

94 1970 120 29 täkten
239 1969 54 29 för
317 1966 206 40 budgetåret
548 1966 150 35 1951/52
723 1965 53 29 till
802 1964 61 30 104
889 1963 164 39 miljoner
1078 1962 141 30 kronor.

142 2070 12 29 I
191 2069 115 30 skilda
341 2068 52 30 till
430 2067 400 39 finansdepartemenliet
856 2065 169 29 inkomna
1063 2061 288 31 skrivelser
1387 2061 46 29 ha
1459 2059 156 30 Svenska

97 2118 386 38 konditorföreningen,
510 2117 155 30 Svenska
689 2116 167 29 choklad-
880 2115 65 29 och
969 2109 588 43 konfektyrfabrikantföreningen
1581 2117 33 21 u.

97 2179 32 29 p.
149 2178 40 24 a.,
210 2168 157 38 Sveriges
386 2167 115 29 frukt-
519 2167 65 29 och
603 2163 521 41 konfektyrhandlareförbund
1145 2164 92 28 samt
1258 2161 157 38 Sveriges
1434 2155 181 47 konditor-

95 2217 163 38 förening
280 2215 192 30 framställt
496 2215 183 39 yrkanden
703 2223 57 20 om
786 2212 177 40 sänkning
988 2221 42 20 av
1056 2211 231 29 varuskatten
1315 2210 20 29 å
1358 2209 165 30 choklad-
1548 2208 64 29 och

97 2266 273 39 konfityrvaror.
396 2266 154 28 Svenska
574 2263 166 30 choklad-
763 2264 65 28 och
852 2259 587 41 konfektyrfabrikantföreningen
1464 2267 33 20 u.
1521 2267 33 29 p.
1580 2266 29 21 a.

96 2318 64 28 har
186 2316 151 40 påyrkat
366 2324 41 20 en
435 2314 172 38 väsentlig
635 2312 227 39 nedsättning
889 2322 42 19 av
958 2311 151 29 skatten.
1139 2309 119 38 Enligt
1286 2307 226 39 föreningens
1541 2316 70 20 me-

97 2368 83 38 ning
199 2365 113 30 skulle
332 2374 42 20 en
395 2364 190 29 skattesats
607 2373 41 20 av
667 2363 41 29 40
729 2363 145 38 procent
895 2362 121 28 kunna
1037 2362 146 36 antagas
1205 2359 144 28 komma
1371 2359 50 28 att
1445 2357 76 38 giva
1543 2357 68 28 sta-

98 2419 55 28 ten
184 2424 136 22 samma
347 2413 234 31 skatteintäkt
607 2422 75 20 som
710 2412 55 30 för
792 2411 229 30 närvarande.
1051 2409 155 30 Svenska
1234 2406 376 39 konditorföreningen

98 2468 63 29 och
190 2465 157 39 Sveriges
375 2462 345 39 konditor-förening
747 2462 45 29 ha
820 2460 180 30 hemställt
1028 2469 56 20 om
1113 2458 177 38 sänkning
1319 2466 42 21 av
1388 2457 140 29 skatten
1561 2455 49 30 till
