2242 2618
747 185 250 32 Statsutskottets
1025 183 170 34 Utlåtande
1217 185 61 30 N:o
1302 184 28 30 ?.
1755 180 39 31 37

243 270 98 33 måst
369 266 58 36 för
455 266 47 36 de
530 268 48 47 på
606 265 126 49 grund
761 265 42 36 af
828 264 251 37 förenämnda
1107 263 178 50 sjukdom
1314 262 230 37 förordnade
1569 266 109 32 extra
1698 260 141 37 veteri-

242 324 113 31 närer
391 317 181 37 utverkas
606 318 69 36 hos
708 317 143 49 Kongl.
881 317 119 49 Maj:t.
1058 315 301 50 Svårigheterna
1388 314 98 37 hade
1514 313 101 37 varit
1643 313 196 36 desamma

243 371 11 36 i
299 370 280 36 Kristianstads
620 370 75 46 län,
739 369 11 36 i
792 370 66 36 det
899 373 67 44 att,
1009 368 118 37 sedan
1168 367 190 49 styrelsen
1387 367 166 36 förutom
1589 364 251 50 tillgängliga

243 422 237 37 veterinärer
504 422 11 36 i
544 422 105 36 länet
677 422 112 36 sändt
816 421 61 37 till
905 421 64 37 det
997 420 178 37 smittade
1205 419 171 37 området
1401 432 48 23 en
1469 416 371 39 distriktsveterinär

242 475 84 36 från
359 474 142 49 Upsala
530 474 63 36 län
621 474 199 36 äfvensom
849 473 129 37 elever
1006 473 85 36 från
1118 470 399 48 veterinärinstitutet,
1547 469 141 49 Kongl.
1710 468 129 50 Maj:ts

241 526 430 49 befallningshafvande
700 526 13 36 i
739 525 106 37 länet
874 524 219 48 framhållit,
1123 529 56 31 att
1206 523 308 37 veterinärernas
1544 521 104 37 antal
1676 520 98 37 dock
1803 521 34 48 ej

241 592 92 23 vore
374 578 238 49 tillräckligt,
654 581 48 46 på
735 577 128 49 grund
891 577 140 36 hvaraf
1059 575 190 50 styrelsen
1277 576 59 36 för
1364 573 218 38 ändamålet
1606 577 235 33 annonserat

243 631 99 36 efter
361 630 235 37 veterinärer
617 635 78 31 mot
715 629 154 50 förhöjd
884 628 262 50 dagaflöning,
1164 627 134 38 dervid
1316 626 99 37 dock
1431 626 136 37 endast
1582 639 48 23 en
1645 624 195 38 veterinär

242 682 144 37 anmält
413 682 60 49 sig
500 682 113 49 villig
641 686 56 32 att
725 686 174 45 mottaga
927 680 267 38 förordnande.

345 734 185 37 Grunden
563 734 60 36 till
658 734 249 49 svårigheten
942 738 56 32 att
1032 733 66 36 vid
1129 730 257 51 behofifinna
1413 743 195 36 personer,
1638 742 80 23 som
1747 741 92 24 vore

241 786 186 49 lämpliga
455 786 71 36 och
554 786 135 49 villiga
716 785 60 37 till
803 785 174 49 tillfällig
995 782 473 50 veterinärtjenstgöring,
1488 795 105 34 vore,
1615 780 124 50 enligt
1758 785 80 44 sty-

242 838 147 37 relsens
417 838 170 49 mening,
616 837 325 49 hufvudsakligen
970 842 56 31 att
1054 836 93 37 söka
1167 835 93 47 deri,
1282 839 56 32 att
1358 835 47 36 de
1424 847 105 35 unga
1548 833 292 37 veterinärerna

242 890 65 36 vid
348 904 51 22 nu
439 890 168 36 rådande
648 890 113 49 ringa
795 889 170 49 tillgång
997 891 49 47 på
1073 888 249 46 veterinärer,
1342 899 77 23 om
1453 886 45 36 de
1528 886 49 48 ej,
1607 888 124 33 såsom
1760 884 79 36 ofta

241 942 156 48 skedde,
439 942 119 36 redan
599 942 88 36 kort
728 941 97 37 efter
867 942 64 36 det
972 941 45 36 de
1047 940 156 36 afslutat
1238 939 83 36 sina
1354 938 146 36 studier
1529 937 64 36 vid
1627 935 212 38 veterinär-

241 994 193 37 institutet
471 993 143 38 erhölle
653 1007 47 24 en
739 991 486 50 distriktsveterinärplats,
1258 990 186 49 vanligen
1472 988 236 38 omedelbart
1743 988 97 44 efter

242 1059 181 24 examens
469 1046 231 49 afläggande
746 1046 109 49 sloge
902 1045 62 49 sig
1008 1045 76 37 ned
1124 1041 141 52 såsom”
1280 1042 361 51 privatveterinärer
1669 1041 12 35 i
1709 1043 129 46 någon

240 1098 184 37 landsort.
471 1098 17 36 I
516 1098 97 37 båda
640 1098 118 37 fallen
791 1097 145 37 erhölle
972 1097 46 37 de
1052 1096 159 37 sålunda
1247 1094 148 49 bastigt
1423 1098 55 33 ett
1505 1092 192 38 bestämdt
1724 1092 114 37 verk-

241 1150 337 48 samhetsområde,
621 1163 81 24 som
745 1150 59 47 de,
841 1149 188 49 naturligt
1063 1161 90 36 nog,
1188 1147 35 49 ej
1259 1159 121 37 gerna
1416 1146 91 36 ville
1541 1145 128 37 lemna
1697 1144 58 37 för
1784 1149 56 31 att

243 1207 174 44 mottaga
445 1207 55 32 ett
520 1202 136 49 endast
674 1201 190 49 tillfälligt
878 1201 268 37 förordnande.
1176 1199 85 37 Den
1277 1198 125 47 merit,
1419 1211 81 23 som
1516 1197 46 37 de
1577 1199 48 47 på
1641 1201 55 32 ett
1715 1195 125 50 dylikt

242 1254 255 37 förordnande
526 1267 139 34 vunne,
695 1254 199 48 nemligen
919 1251 415 51 tjenstårsberäkning,
1365 1252 41 34 så
1428 1249 116 49 länge
1565 1248 276 37 förordnandet

241 1305 154 48 varade,
432 1305 79 37 lika
548 1306 87 36 med
669 1305 74 37 den
779 1305 325 36 länsveterinärer
1136 1303 159 48 åtnjöte,
1337 1301 150 37 komme
1521 1301 87 36 dem
1641 1299 60 37 till
1729 1304 111 44 nytta

242 1357 226 49 egentligen
495 1357 99 37 blott
621 1357 66 36 vid
716 1357 188 37 sökandet
933 1357 42 35 af
998 1354 457 48 länsveterinärtjenster,
1480 1352 132 37 hvilka
1631 1365 91 23 vore
1739 1351 100 49 jem-

241 1409 199 37 förelsevis
482 1409 75 37 få.
550 1399 21 62 .
588 1408 152 38 Samma
782 1409 113 37 merit
936 1421 149 23 vunnes
1126 1407 114 36 äfven
1282 1418 140 37 genom
1465 1403 303 38 innehafvandet
1804 1403 42 36 af

240 1464 130 46 någon
398 1461 114 37 bland
541 1462 45 36 de
615 1464 140 46 många
784 1461 85 37 med
898 1460 107 49 dylik
1024 1457 402 52 tjenstårsberäkning
1445 1456 180 49 hugnade
1646 1455 193 37 distrikts-

243 1513 520 49 veterinärbefattningarna.

345 1564 197 50 Styrelsen
570 1566 97 36 hade
695 1566 133 36 vidare
857 1564 221 47 framhållit,
1108 1568 55 32 att
1192 1563 65 36 det
1283 1562 142 46 kunde,
1446 1561 12 36 i
1477 1561 111 49 fråga
1607 1573 62 23 om
1689 1559 148 49 svårig-

241 1617 117 36 heten
400 1622 54 31 att
491 1617 65 37 vid
589 1618 148 36 utbrott
769 1618 42 35 af
840 1617 279 37 smittosamma
1151 1613 409 50 husdjurssjukdomarj
1589 1612 104 36 finna
1732 1615 109 32 extra

241 1669 247 47 veterinärer,
532 1669 186 36 invändas
762 1674 67 42 att,
873 1669 123 47 enligt
1029 1667 247 37 föreskriften
1309 1666 12 35 i
1356 1665 21 49 $
1414 1666 46 35 25
1490 1665 42 35 af
1556 1663 285 36 instruktionen

243 1721 57 35 för
328 1720 113 47 länsg-,
471 1721 135 47 stads-,
637 1721 191 36 distrikts-
859 1720 70 37 och
958 1719 119 36 andra
1106 1718 112 36 civila
1246 1717 237 36 veterimärer
1512 1716 74 36 den
1615 1716 43 34 19
1681 1714 160 36 oktober

244 1773 110 46 1888,
397 1772 64 36 det
477 1772 134 49 ?ålåge
654 1772 73 36 alla
768 1771 268 50 legitimerade
1071 1770 237 37 veterinärer
1345 1773 56 31 att
1435 1767 127 37 lemna
1598 1766 148 36 biträde
1782 1765 60 36 till

242 1824 228 36 hämmande
513 1824 41 36 af
587 1824 279 36 smittosamma
901 1823 222 49 sjukdomar
1157 1821 93 37 eller
1278 1821 163 36 farsoter
1473 1818 116 38 bland
1617 1817 222 49 husdjuren,

242 1880 69 31 när
345 1876 46 36 de
433 1876 41 36 af
509 1876 142 49 Kongl.
689 1876 129 49 Maj:ts
857 1873 426 50 befallningshafvande
1322 1872 93 36 eller
1444 1869 396 49 medicinalstyrelsen

241 1927 128 36 dertill
403 1928 261 46 förordnades,
701 1941 87 23 men
824 1932 55 31 att
915 1926 190 49 styrelsen
1140 1928 154 45 ansåge,
1326 1929 55 31 att
1409 1928 146 31 statens
1584 1922 190 36 intressen
1803 1921 35 48 ej

241 1982 48 45 på
327 1979 108 36 bästa
469 1984 76 31 sätt
580 1979 291 49 tillgodosåges,
910 1992 60 22 om
1008 1978 151 48 privata
1196 1976 248 46 veterinärer,
1479 1973 132 37 hvilka
1644 1973 196 36 dessutom

246 2031 34 47 ej
318 2030 107 36 alltid
454 2031 99 48 egde
581 2031 211 48 tillräcklig
820 2044 100 22 vana
949 2029 70 37 och
1048 2029 218 36 erfarenhet
1295 2028 11 35 i
1335 2027 110 48 fråga
1474 2039 60 23 om
1563 2025 278 36 smittosamma

244 2082 424 49 husdjurssjukdomars
696 2083 279 48 bekämpande,
1005 2081 122 37 skulle
1156 2084 78 31 mot
1262 2079 60 36 sin
1351 2078 94 48 vilja
1473 2077 155 48 tvingas
1652 2080 56 32 att
1727 2078 114 45 åtaga

243 2134 61 48 sig
333 2134 124 36 denna
486 2134 344 49 magtpåliggande
858 2134 274 49 tjenstgöring.

347 2186 69 36 Om
446 2186 171 36 deremot
645 2192 55 30 ett
726 2186 229 46 tillräckligt
983 2184 105 37 antal
1117 2182 114 39 civila
1250 2181 461 50 veterinärstipendiater,
1734 2176 105 49 skyl-

243 2236 89 50 diga
363 2244 54 31 att
446 2242 114 44 åtaga
588 2238 61 48 sig;
677 2238 114 36 civila
820 2237 296 47 förordnanden,
1147 2235 106 36 stode
1282 2235 59 36 till
1367 2234 210 49 styrelsens
1596 2230 243 52 förfogande,
