2240 2614
448 170 42 31 32
909 171 252 33 Statsutskottets
1192 171 171 33 Utlåtande
1386 172 62 31 N:o
1471 172 30 29 7.

403 249 145 37 verkan
585 251 49 47 på
676 254 121 32 smörs
826 250 172 50 qvalitet,
1027 250 259 49 smörutbytet
1313 250 82 36 från
1426 250 70 36 kor
1524 248 41 37 af
1589 248 103 37 olika
1721 261 117 35 raser,
1867 248 130 49 afkyl-

402 301 96 48 ning
540 301 40 36 af
619 301 128 48 mjölk,
790 308 102 30 smör
921 302 70 37 och
1016 302 95 46 kött,
1140 302 154 49 fodring
1322 302 41 36 af
1390 301 199 48 mjölkkor,
1618 300 150 36 kalfvar
1796 300 69 36 och
1896 300 99 47 svin,

402 353 204 35 orsakerna
636 353 57 35 till
721 354 71 36 och
823 354 238 36 botemedlen
1092 360 79 30 mot
1199 353 195 37 tuberkler
1422 353 71 37 och
1522 353 118 36 andra
1662 352 335 48 kreaturssjukdo-

404 417 81 23 mar
525 410 99 30 samt
661 405 129 36 smitta
826 406 84 36 från
945 405 223 37 tuberkulös
1198 403 124 50 mjölk
1344 406 71 35 och
1445 409 177 32 värmens
1647 404 186 36 inverkan
1862 407 47 45 på
1937 409 59 31 tu-

404 455 291 37 berkelbaciller
736 456 11 36 i
789 457 130 44 mjölk.
972 457 54 36 Af
1054 457 149 36 hvilket
1233 457 114 36 värde
1376 457 209 36 resultaten
1616 456 41 35 af
1681 456 142 35 sådana
1852 455 142 48 försök,

403 507 195 49 praktiskt
625 508 264 48 genomförda,
919 511 117 34 måste
1064 522 93 23 vara
1186 509 57 36 för
1271 508 150 37 landets
1450 507 283 50 jordbrukande
1755 507 240 48 befolkning,

403 559 124 36 finner
556 560 238 36 motionären
823 560 106 49 ligga
958 561 11 35 i
998 566 125 43 öppen
1153 560 87 48 dag.

531 610 58 36 En
625 624 126 23 annan
780 612 107 48 dylik
918 612 326 46 undersöknings-
1272 611 71 37 och
1375 610 433 50 experimentalanstalt,
1837 610 158 36 hvilken

401 662 12 36 i
443 666 133 44 mångt
605 664 70 35 och
708 663 150 49 mycket
888 664 126 36 kunde
1033 664 106 48 tjena
1155 663 58 37 till
1230 663 205 47 föredöme,
1451 661 304 38 funnes
1602 657 23 59 i
1643 661 112 38 Halle.
1798 662 197 48 Synnner-

401 714 106 48 ligen
536 714 194 49 praktiskt
759 716 207 45 anordnad,
996 715 97 36 hade
1122 715 74 36 den
1225 716 101 48 gjort
1355 715 58 36 till
1443 715 57 36 sin
1529 714 153 49 uppgift
1712 719 55 31 att
1796 714 131 36 arbeta
1955 716 41 34 så

397 772 60 30 att
497 771 94 43 säga
634 766 125 36 direkt
788 766 56 37 för
873 767 301 37 landtbrukarne
1203 766 145 50 sjelfva.
1403 766 54 36 Af
1481 767 64 36 det
1574 765 210 48 rikhaltiga
1813 765 181 47 materiel,

401 817 183 37 hvarmed
627 818 222 37 densamma
891 818 225 49 sysselsatte
1155 819 72 48 sig,
1271 818 86 36 ville
1394 818 237 36 motionären
1663 822 152 43 nämna,
1845 823 54 30 att
1929 816 68 36 der

401 869 138 36 funnes
568 882 46 23 en
645 870 198 48 afdelning
872 871 57 35 för
959 870 239 50 experiment
1226 871 83 35 med
1340 870 171 48 husdjur,
1543 869 134 49 bageri
1706 869 58 36 för
1785 868 211 49 pröfvande

401 920 43 36 af
467 921 100 35 olika
597 928 123 29 sorter
748 921 113 37 hvete
891 922 72 36 och
991 926 79 45 råg,
1092 922 186 49 bryggeri
1294 922 58 36 för
1368 921 341 37 ästadkommande
1726 920 40 36 af
1777 920 218 49 jemförelse

401 971 137 37 mellan
569 972 103 37 olika
701 980 121 29 sorter
850 973 107 48 korn,
988 974 186 36 anstalter
1203 975 57 35 för
1283 974 294 36 undersökande
1593 972 41 37 af
1646 971 349 50 tjockskaligheten

401 1024 71 36 och
504 1024 269 49 qväfvehalten
804 1025 69 35 hos
903 1025 101 36 olika
1031 1025 85 48 slag
1145 1025 41 36 af
1210 1025 116 48 hafre,
1356 1024 190 48 bränneri,
1577 1024 68 36 der
1670 1023 326 37 stärkelseunder-

401 1076 211 47 sökningar
640 1076 70 36 och
734 1076 240 48 jemförande
1002 1076 83 49 prof
1110 1077 193 35 anstäldes
1333 1076 85 37 med
1447 1076 100 36 olika
1576 1081 125 30 sorter
1726 1076 153 48 potatis,
1898 1081 98 30 samt

400 1133 57 30 att
472 1126 337 38 hundratusentals
839 1127 247 37 sockerbetor
1099 1128 254 36 undersöktes
1371 1128 58 36 för
1445 1127 215 36 utrönande
1672 1127 159 36 afderas
1843 1127 153 37 socker-

399 1178 93 47 halt,
523 1179 131 36 hvilka
683 1179 238 36 sistnämnda
949 1179 128 36 försök
1106 1184 101 31 mest
1235 1180 193 36 anstäldes
1458 1182 20 33 å
1506 1179 46 36 de
1581 1179 181 48 omkring
1791 1178 110 37 Halle
1922 1178 73 49 lig-

400 1230 128 48 gande
569 1230 405 48 landtegendomarna.
1029 1231 204 36 Likaledes
1274 1231 137 37 funnes
1454 1236 55 31 ett
1550 1235 97 31 stort
1681 1230 222 37 försöksfält
1937 1230 59 37 för

400 1294 30 23 s.
462 1282 35 37 k.
527 1282 216 36 kärlförsök
774 1282 56 37 för
856 1282 216 37 utrönande
1102 1282 43 36 af
1168 1282 104 37 olika
1300 1282 299 49 gödselämnens
1628 1282 187 36 inverkan
1844 1287 70 31 etc.

529 1333 112 37 Hvad
670 1334 37 36 vi
737 1334 68 36 här
833 1334 11 36 i
873 1333 171 49 Sverige,
1074 1347 82 23 som
1186 1334 87 36 med
1301 1335 67 36 sitt
1396 1334 179 48 nordliga
1602 1334 101 48 läge,
1733 1333 59 37 sin
1818 1339 103 31 stora
1937 1339 58 30 ut-

401 1385 226 48 sträckning
651 1386 71 36 och
752 1385 83 36 sina
864 1386 213 36 olikartade
1106 1386 264 36 förhållanden
1400 1386 85 36 icke
1514 1386 128 36 kunde
1672 1385 85 36 med
1787 1385 209 49 tillräcklig

401 1436 181 37 säkerhet
611 1438 133 48 bygga
772 1440 47 46 på
847 1437 211 37 resultaten
1088 1437 42 37 af
1150 1437 337 50 undersökningar
1514 1438 11 35 i
1554 1437 119 36 andra
1688 1436 306 49 länder,
1842 1432 19 59 i
1879 1436 115 49 första

401 1494 163 30 rummet
607 1488 176 46 behöfde,
813 1492 144 45 ansåge
987 1489 238 36 motionären
1255 1503 90 23 vara
1373 1503 48 23 en
1451 1488 235 49 mångsidig,
1714 1489 77 36 rikt
1819 1488 176 36 utrustad

402 1539 71 37 och
515 1540 195 48 praktiskt
751 1540 194 37 anordnad
988 1540 330 50 undersöknings-
1355 1541 70 37 och
1451 1540 422 50 experimentalanstalt
1897 1546 98 30 samt

403 1604 47 24 en
493 1591 127 37 dertill
664 1592 171 36 hörande
878 1592 305 49 bakteriologisk
1225 1592 152 48 anstalt,
1417 1592 66 37 der
1511 1598 69 30 rön
1609 1592 195 37 anstäldes
1833 1591 161 37 rörande

402 1643 200 36 allehanda
632 1643 57 36 för
712 1643 229 48 jordbruket
971 1644 146 49 vigtiga
1148 1644 163 37 baciller.
1368 1644 239 37 Motionären
1639 1643 90 37 ville
1759 1644 10 35 i
1790 1643 136 37 sådant
1941 1642 53 37 af-

402 1695 141 36 seende
583 1699 150 40 nämna,
763 1695 164 37 förutom
957 1696 45 36 de
1032 1697 117 35 redan
1179 1696 263 48 omförmälda,
1471 1695 334 48 undersökningar
1832 1695 162 36 rörande

402 1746 46 36 de
477 1746 293 49 qväfveökande
798 1747 71 37 och
898 1747 300 49 qväfvetärande
1222 1748 310 49 jordbacillerna,
1561 1747 163 36 rörande
1754 1746 240 37 bakterierna

401 1798 11 36 i
443 1798 130 48 mjölk,
603 1803 103 32 smör
734 1798 70 37 och
834 1804 62 31 ost
924 1805 98 31 samt
1049 1799 165 37 rörande
1243 1800 184 48 gödselns
1457 1797 350 51 sammansättning
1835 1798 70 37 och
1920 1798 75 37 för-

402 1862 149 36 varing.

531 1901 56 37 De
602 1901 173 47 resultat,
792 1914 81 23 som
890 1901 225 50 uppnåddes
1131 1902 103 37 inom
1251 1902 409 49 experimentalfältets
1676 1904 136 46 trånga
1829 1902 165 46 område,

401 1952 126 37 blefve
555 1953 98 37 dock
682 1952 124 50 aldrig
835 1953 86 36 fullt
948 1953 246 49 tillförlitliga
1223 1954 70 37 och
1322 1954 194 49 praktiskt
1544 1953 259 49 användbara,
1828 1967 60 23 om
1908 1953 85 37 icke

401 2004 385 50 undersökningarna
819 2005 216 36 sedermera
1070 2005 207 49 fullföljdes
1305 2005 13 36 i
1347 2011 123 31 större
1499 2005 119 47 skala,
1648 2005 71 36 och
1748 2018 89 23 vore
1866 2005 64 36 det
1957 2007 36 34 at

401 2055 127 37 denna
560 2056 210 48 anledning
802 2056 170 37 särdeles
1000 2056 223 48 önskvärdt,
1253 2062 55 31 att
1337 2057 137 48 anslag
1502 2056 165 38 erhölleg
1695 2056 58 37 till
1781 2070 29 23 s.
1842 2057 35 37 k.
1907 2056 86 36 fält-

401 2107 141 37 försök.
572 2107 152 38 Sådana
752 2110 143 46 ansåge
924 2108 238 37 motionären
1191 2108 222 50 lämpligast
1442 2109 129 36 kunna
1599 2109 183 36 anställas
1812 2111 47 46 på
1878 2120 116 36 egen-

401 2158 187 38 domarna
634 2159 205 37 allestädes
880 2160 11 36 i
933 2159 130 37 landet
1090 2160 122 36 under
1240 2161 160 48 ledning
1428 2160 42 37 af
1494 2172 196 37 personer,
1720 2160 162 36 utsända
1909 2160 83 36 från

400 2210 520 51 undersökningsanstalten,
960 2212 70 37 och
1064 2211 129 37 kunde
1226 2213 63 36 det
1318 2213 86 36 med
1433 2212 148 37 visshet
1610 2217 173 44 antagas,
1810 2217 55 31 att
1888 2212 105 48 jord-
