1917 2847
236 129 19 30 2
538 123 387 31 Jordbruksutskottets
946 120 183 31 memorial
1148 129 43 20 nr
1211 120 42 29 28
1275 119 39 30 år
1337 118 83 31 1967

238 208 126 30 medan
387 207 110 30 andra
520 207 205 29 kammaren
749 205 127 30 bifallit
900 205 66 29 den
988 204 58 30 vid
1069 203 159 41 punkten
1252 202 123 39 fogade
1400 200 257 30 reservationen
1681 208 42 20 nr

239 263 36 34 4)
300 273 42 20 av
360 263 80 29 herr
459 261 79 30 Carl
555 260 182 30 Eskilsson
757 269 46 20 m.
817 259 37 40 fl.

283 317 78 30 Med
382 316 188 40 anledning
592 325 42 21 av
653 315 67 30 vad
743 314 147 30 sålunda
913 312 224 31 förekommit
1159 312 64 29 har
1245 311 170 30 utskottet
1438 309 51 30 till
1513 308 211 40 behandling

239 371 159 41 upptagit
420 371 123 39 frågan
565 380 56 20 om
645 368 347 40 sammanjämkning
1015 376 42 21 av
1077 367 208 29 kamrarnas
1310 364 204 40 skiljaktiga
1536 363 122 30 beslut.

286 480 174 30 Utskottet
485 479 115 29 finner
626 477 228 30 förevarande
880 476 117 39 frågor
1022 474 188 40 lämpligen
1235 473 85 30 böra
1345 473 91 29 lösas
1464 472 46 34 så,
1538 473 50 28 att
1615 471 111 30 första

240 535 206 29 kammaren
471 532 221 30 beträffande
720 531 158 40 punkten
905 530 35 34 c)
971 530 12 29 i
1010 529 187 30 utskottets
1226 527 180 30 utlåtande
1434 535 42 20 nr
1506 525 38 30 18
1572 525 154 30 biträder

241 589 110 30 andra
372 588 224 29 kammarens
617 586 113 30 beslut
753 586 64 29 och
839 586 49 28 att
911 584 109 30 andra
1042 584 206 28 kammaren
1270 582 11 29 i
1304 581 98 39 fråga
1425 589 56 20 om
1504 580 158 40 punkten
1688 579 34 34 1)

240 644 11 29 i
272 653 136 20 samma
428 642 180 30 utlåtande
629 640 153 30 biträder
804 639 111 30 första
936 639 224 29 kammarens
1182 636 123 30 beslut.
1328 635 176 31 Utskottet
1526 633 201 30 hemställer

242 698 142 34 således,

607 750 74 33 1:0)
709 750 49 29 att
783 748 110 30 första
915 748 206 29 kammaren
1145 746 79 29 med
1247 743 252 31 frånträdande
1524 752 43 20 av
1591 742 58 30 sitt
1672 741 56 30 be-

561 803 179 31 träffande
769 802 158 41 punkten
957 801 34 34 ce)
1025 801 11 29 i
1064 799 382 41 jordbruksutskottets
1477 796 179 31 utlåtande
1686 805 42 20 nr

566 858 37 30 18
626 858 132 29 fattade
779 857 113 29 beslut
914 856 107 29 måtte
1043 854 137 30 biträda
1203 854 55 29 det
1280 853 113 29 beslut
1417 861 74 21 som
1515 851 214 30 därutinnan

563 912 122 29 fattats
704 920 42 19 av
763 909 110 30 andra
890 909 215 32 kammaren,

609 965 75 34 2:0)
712 965 49 29 att
785 963 110 30 andra
917 963 206 29 kammaren
1146 960 79 30 med
1249 958 252 32 frånträdande
1526 967 41 21 av
1592 957 58 30 sitt
1674 956 57 30 be-

563 1019 179 30 träffande
770 1018 159 39 punkten
959 1017 35 33 1)
1027 1017 11 28 i
1066 1014 382 41 jordbruksutskottets
1478 1012 180 30 utlåtande
1688 1020 42 19 nr

567 1073 38 30 18
627 1072 132 30 fattade
780 1071 113 30 beslut
916 1070 107 30 måtte
1044 1069 138 30 biträda
1203 1069 56 29 det
1282 1068 112 29 beslut
1419 1076 73 20 som
1516 1065 214 31 därutinnan

565 1127 122 30 fattats
708 1136 41 20 av
769 1126 110 29 första
899 1125 216 29 kammaren.

290 1201 201 32 Stockholm
514 1200 66 29 den
604 1199 38 29 19
665 1198 69 39 maj
763 1197 81 29 1967

677 1288 47 30 På
744 1286 382 41 jordbruksutskottets
1148 1285 146 38 vägnar:

794 1376 98 29 NILS
917 1376 35 29 G.
977 1374 202 30 HANSSON

294 1562 64 29 Vid
377 1561 93 29 detta
491 1559 146 30 ärendes
658 1556 285 38 slutbehandling
963 1555 64 29 har
1047 1553 172 30 närvarit:

291 1625 80 29 från
400 1624 166 29 första
594 1622 222 29 kammaren:
837 1620 121 29 herrar
978 1617 225 39 Mossberger,
1224 1616 197 34 Hedström,
1443 1614 77 30 Carl
1540 1613 192 34 Eskilsson,

246 1671 73 29 Nils
337 1670 172 33 Hansson,
527 1669 223 38 Magnusson,
769 1665 229 39 Augustsson,
1018 1663 149 34 Isacson,
1189 1662 181 34 Skårman,
1390 1661 59 29 fru
1466 1659 184 30 Lundblad
1669 1658 63 30 och

247 1716 80 29 herr
346 1715 85 29 Axel
451 1713 255 33 Kristiansson;

293 1778 80 29 från
414 1776 154 31 andra
607 1775 222 29 kammaren:
861 1772 122 30 herrar
1014 1771 162 30 Hansson
1207 1770 11 29 i
1250 1768 149 40 Skegrie,
1431 1767 211 34 Lindström,
1676 1766 58 29 fru

248 1823 186 38 Lindskog,
454 1822 122 28 herrar
595 1819 126 39 Antby,
741 1818 161 30 Eliasson
922 1817 11 29 i
952 1816 164 34 Moholm,
1137 1815 180 30 Johanson
1337 1814 12 29 i
1369 1812 193 34 Västervik,
1586 1812 148 29 Persson

249 1868 10 29 i
277 1866 208 39 Skänninge,
504 1866 183 32 Jonasson,
707 1862 205 31 Lundmark
931 1861 64 30 och
1012 1860 225 30 Berndtsson.

1357 2501 81 18 MARCUS
1448 2503 72 15 BOKTR.
1530 2502 64 16 STHLM
1608 2501 35 16 1967
1661 2498 75 18 670033
