2210 2630
429 152 19 29 4
833 150 388 32 Konstitutionsutskottets
1244 151 163 30 memorial
1429 150 55 31 Nr
1505 152 52 30 39.

387 238 114 36 andra
541 238 211 34 kammaren
789 237 111 36 bland
932 243 113 30 annat
1072 237 139 36 bifallit
1238 250 44 23 en
1311 237 60 36 vid
1400 237 208 36 utlåtandet
1636 237 111 49 fogad
1774 243 225 34 reservation

388 288 83 35 med
499 288 229 43 hemställan,

523 343 53 30 att
616 338 207 47 riksdagen,
866 337 84 36 med
978 338 203 48 anledning
1208 351 43 23 av
1278 337 125 36 herrar
1431 338 152 36 Halléns
1612 352 46 22 m.
1688 339 49 43 fl.,
1766 339 236 49 Lindhagens

387 402 49 22 m.
464 389 37 34 fl.
530 394 94 29 samt
650 401 72 22 von
750 388 119 36 Kochs
897 387 282 49 ifrågavarande
1207 389 193 43 motioner,
1423 391 114 33 måtte
1555 391 13 33 i
1587 389 174 35 skrivelse
1782 390 57 34 till
1860 390 138 49 Kungl.

388 439 106 46 Maj:t
533 439 158 43 anhålla,
729 443 54 30 att
814 438 133 48 Kungl.
981 438 104 46 Maj:t
1111 440 86 34 ville
1224 440 73 33 låta
1324 439 198 35 verkställa
1550 439 201 48 utredning
1778 452 58 23 om
1865 440 136 37 sådana

388 489 201 47 ändringar
615 489 13 34 i
655 489 397 47 riksdagsordningens
1079 487 23 45 $
1132 491 43 34 16

523 546 53 29 att
616 539 202 35 understöd
858 552 43 23 av
942 538 394 49 fattigvårdssamhälle
1376 539 81 35 icke
1491 542 58 32 må
1576 538 192 37 föranleda
1795 539 134 37 förlust
1957 554 44 22 av

389 594 154 31 rösträtt
569 590 12 34 i
609 589 116 35 andra
752 589 65 36 fall
845 596 44 29 än
918 589 56 44 de,
1004 589 46 35 då
1073 589 128 35 sådant
1226 589 203 36 understöd
1448 591 174 46 antingen
1643 593 110 45 utgår
1772 592 89 34 eller
1880 590 123 36 under

387 641 73 34 viss
488 640 53 35 tid
570 646 163 29 närmast
761 639 79 36 före
867 641 96 34 valet
992 643 122 44 utgått
1141 643 118 32 såsom
1288 639 71 36 full
1386 639 238 48 försörjning,
1649 642 124 34 vilken
1792 642 79 34 icke
1890 641 110 36 blivit

388 690 218 44 återbetald,
635 696 95 30 samt

525 747 52 29 att
605 741 62 35 det
694 753 27 23 s.
750 741 34 34 k.
814 741 331 48 utskyldsstrecket
1172 744 60 32 må
1259 742 185 46 omläggas
1472 742 12 33 i
1513 739 97 50 syfte
1638 745 53 31 att
1715 741 180 49 begränsa
1915 742 85 35 dess

388 791 223 48 verkningar
638 792 147 34 särskilt
811 791 13 35 i
852 791 61 35 det
938 791 205 44 avseendet,
1164 796 52 30 att
1235 796 148 30 rösträtt
1401 791 81 35 icke
1502 794 112 32 måtte
1633 790 158 37 förloras
1810 795 45 44 på
1873 792 126 46 grund

388 855 45 21 av
476 841 188 36 utebliven
704 841 310 48 skattebetalning
1045 842 11 34 i
1084 841 135 35 sådana
1245 840 76 44 fall,
1350 841 46 35 då
1425 841 253 36 uteblivandet
1706 842 121 35 berott
1853 845 46 44 på
1926 842 73 36 den

389 892 287 48 skattskyldiges
717 891 181 47 sjukdom,
941 891 222 36 oförvållade
1203 892 243 35 arbetslöshet
1486 893 87 34 eller
1599 891 114 36 andra
1740 892 183 44 liknande,
1953 906 46 22 av

390 943 134 34 honom
552 942 94 47 själv
672 943 81 35 icke
781 942 143 36 vållade
952 941 273 44 förhållanden;

524 1000 170 28 ävensom
733 992 58 36 för
829 992 198 49 riksdagen
1068 992 205 48 framlägga
1313 992 44 36 de
1398 992 151 48 förslag,
1592 994 120 34 vartill
1741 992 104 36 dessa
1872 993 129 35 utred-

389 1043 134 47 ningar
550 1043 126 35 kunna
704 1042 198 37 föranleda.

525 1093 14 35 I
579 1093 95 47 följd
715 1094 112 35 härav
866 1094 66 35 har
973 1094 62 35 det
1075 1094 120 46 ålegat
1222 1093 193 43 utskottet,
1441 1094 151 46 jämligt
1618 1092 23 45 $
1671 1095 44 34 63
1745 1093 254 47 riksdagsord-

389 1144 150 45 ningen,
568 1149 53 30 att
648 1145 98 43 söka,
776 1146 110 34 såvitt
914 1144 147 47 möjligt
1088 1151 49 37 är,
1166 1144 293 47 sammanjämka
1487 1144 45 35 de
1555 1145 97 34 olika
1671 1145 240 46 meningarna
1929 1144 69 35 och

389 1194 84 36 med
514 1193 140 48 förslag
685 1194 127 35 därom
839 1195 57 35 till
924 1194 196 48 riksdagen
1147 1195 203 42 inkomma;
1379 1207 83 22 men
1493 1194 45 35 då
1565 1195 211 35 kamrarnas
1802 1195 122 35 beslut
1950 1198 49 42 gå

389 1245 11 34 i
441 1245 230 47 väsentligen
703 1245 98 35 olika
827 1245 220 47 riktningar,
1075 1248 40 32 så
1142 1249 53 31 att
1222 1245 363 48 sammanjämkning
1612 1245 111 35 därav
1749 1245 79 35 icke
1854 1245 145 35 kunnat

388 1301 70 41 äga
484 1308 94 29 rum,

925 1345 105 35 torde
1059 1345 193 48 riksdagen
1281 1346 98 35 finna
1405 1345 46 36 de
1470 1347 12 33 i
1502 1345 240 36 förevarande
1762 1344 103 48 fråga
1884 1344 112 36 fram-

795 1396 130 35 ställda
954 1395 359 48 skrivelseförslagen
1343 1396 94 36 hava
1465 1395 169 36 förfallit.

524 1494 210 37 Stockholm
763 1496 70 35 den
865 1498 41 33 11
934 1497 86 46 juni
1050 1498 106 33 1917.

968 1646 52 36 På
1048 1648 194 35 utskottets
1269 1655 150 40 vägnar:

1056 1747 106 37 NILS
1189 1737 138 46 EDEN.

669 2172 152 25 Stockholm
841 2171 72 26 1917.
949 2172 112 32 Kungl.
1081 2173 244 31 Boktryckeriet,
1345 2174 28 24 P.
1392 2173 31 25 A.
1444 2173 125 25 Norstedt
1586 2173 21 26 &
1627 2173 88 25 Söner.

1147 2219 98 20 172659
