1880 2770
460 176 287 30 Statsutskottets
769 177 179 30 utlåtande
969 186 44 20 nr
1032 178 41 28 99
1094 177 39 30 år
1155 177 83 29 1962
1585 179 19 30 3

102 260 46 29 än
168 259 65 30 den
253 269 43 20 av
315 260 232 40 utredningen
567 260 208 40 föreslagna.
796 261 393 39 Departementschefen
1211 271 102 21 anser
1333 264 50 28 att
1404 271 42 20 en
1466 262 136 40 betryg-

100 310 110 39 gande
231 310 243 40 tidsmarginal
495 311 161 29 kommer
675 313 50 28 att
747 311 54 30 stå
821 311 51 30 till
894 312 196 31 nämndens
1112 311 217 40 förfogande,
1349 312 119 30 därest
1488 322 112 20 omor-

101 360 241 39 ganisationen
362 360 220 40 genomföres
603 363 48 28 ett
671 361 40 30 år
731 371 120 20 senare
873 363 43 28 än
938 371 76 21 som
1034 362 148 40 angivits
1203 372 42 20 av
1264 363 233 39 utredningen
1518 363 82 30 eller

101 411 66 29 den
193 411 13 29 1
232 411 66 39 juli
324 411 93 31 1964.
441 412 14 30 I
478 411 171 30 samband
671 412 80 29 med
775 412 345 39 anslagsäskandena
1144 412 55 30 för
1220 413 204 39 budgetåret
1450 413 149 36 1964/635

100 461 61 31 bör
186 461 352 40 byggnadsstyrelsen
564 462 64 30 och
654 462 369 40 djurgårdsnämnden
1048 463 11 29 i
1085 463 139 30 samråd
1249 463 195 40 framlägga
1469 464 131 40 förslag

100 512 148 29 rörande
268 512 226 39 personalens
516 513 481 39 anställningsförhållanden
1018 523 45 20 m.
1084 523 46 20 m.
1152 514 65 30 och
1236 514 288 31 verksamhetens
1544 514 56 30 be-

101 561 166 30 drivande
289 562 111 30 under
421 562 325 39 övergångsskedet.
770 563 66 30 Vid
858 563 248 40 avvecklingen
1127 564 62 30 bör
1210 564 144 30 beaktas
1376 566 226 38 personalens

101 612 213 40 berättigade
337 613 184 30 intressen.

143 663 395 40 Departementschefen
559 673 103 21 anser
682 665 58 30 det
761 665 85 30 böra
866 665 37 30 få
923 666 191 29 ankomma
1134 666 45 39 på
1200 666 125 40 Kungl.
1347 667 106 39 Maj:t
1473 668 53 29 att
1546 669 54 28 ut-

99 713 101 30 färda
220 713 228 41 erforderliga
467 715 264 31 bestämmelser
753 715 55 30 för
828 716 354 40 byggnadsstyrelsen
1202 717 149 30 rörande
1372 717 228 30 handhavan-

99 764 57 30 det
181 774 43 20 av
247 765 41 29 de
313 765 186 30 överförda
522 765 227 40 uppgifterna
774 767 164 29 ävensom
965 766 455 40 övergångsbestämmelser
1445 767 11 29 i
1482 768 117 29 anled-

99 814 84 40 ning
201 824 42 20 av
261 815 66 30 den
346 815 199 40 föreslagna
563 816 352 40 omorganisationen.

144 865 13 29 I
183 865 98 39 fråga
307 875 56 20 om
389 866 389 39 djurgårdsnämndens
805 867 204 40 avveckling
1034 868 116 30 stöder
1176 868 385 39 departementschefen
1588 869 11 29 i

97 916 112 39 övrigt
232 916 131 29 tanken
386 916 44 39 på
453 918 51 28 att
527 919 77 28 utse
627 926 43 20 en
693 917 152 30 särskild
869 917 213 40 rådgivande
1106 919 131 29 nämnd
1261 918 52 30 till
1337 919 261 39 djurgårdsför-

101 965 200 39 valtningen
321 967 11 29 i
352 966 119 39 frågor
490 976 57 20 om
568 966 209 40 disposition
797 977 42 21 av
857 968 102 29 mark
979 977 47 21 m.
1047 977 46 21 m.
1113 969 149 29 rörande
1282 969 234 39 Djurgården.

142 1042 393 39 Departementschefen
563 1043 145 39 övergår
734 1043 154 30 därefter
914 1044 52 30 till
994 1044 125 40 frågan
1146 1053 58 21 om
1230 1045 298 39 omorganisation
1556 1055 43 20 av

96 1092 352 40 byggnadsstyrelsen
468 1093 66 30 och
554 1096 54 27 tar
627 1093 89 31 först
736 1103 71 31 upp
827 1094 94 30 vissa
940 1094 379 40 organisationsfrågor
1336 1096 150 29 rörande
1508 1105 90 21 sam-

97 1143 330 40 hällsplaneringen.
452 1143 100 31 Efter
575 1146 50 28 att
649 1144 46 30 ha
719 1144 178 40 redogjort
921 1144 56 31 för
1001 1145 146 39 tidigare
1171 1145 131 40 förslag
1326 1146 149 30 rörande
1499 1146 99 40 plan-

96 1193 183 31 väsendets
309 1193 238 40 organisation
575 1194 104 30 anför
707 1195 397 39 departementschefen,
1133 1197 49 28 att
1211 1205 43 21 en
1283 1197 109 29 större
1422 1205 176 21 samman-

97 1243 158 40 hållning
278 1245 11 29 i
314 1244 291 40 organisatoriskt
630 1245 170 30 avseende
824 1245 96 30 inom
946 1246 397 40 samhällsplaneringen
1368 1247 10 29 i
1402 1247 195 30 vidsträckt

97 1294 215 30 bemärkelse
335 1296 52 28 ter
410 1295 52 40 sig
486 1295 117 30 såsom
625 1295 103 40 högst
752 1296 199 39 angelägen.
977 1296 120 31 Såsom
1121 1306 42 20 en
1188 1296 111 31 första
1321 1298 123 39 åtgärd
1467 1298 11 29 i
1502 1298 95 30 detta

96 1344 90 40 syfte
207 1344 145 31 föreslås
372 1345 94 30 vissa
486 1345 190 40 ändringar
694 1346 222 31 beträffande
937 1347 59 29 det
1016 1346 51 30 till
1088 1347 351 40 byggnadsstyrelsen
1459 1348 138 30 knutna

96 1395 97 30 rådet
213 1395 55 30 för
286 1395 201 40 översiktlig
507 1395 259 41 planläggning.
786 1397 53 29 En
858 1396 140 40 lösning
1017 1406 42 20 av
1077 1397 191 39 problemet
1288 1398 11 29 i
1318 1398 79 30 hela
1416 1398 79 30 dess
1513 1398 83 30 vidd

95 1445 164 30 bedömes
276 1445 194 30 emellertid
490 1445 76 30 icke
586 1446 123 30 kunna
728 1446 102 31 ernås
850 1448 87 29 utan
957 1447 200 40 ytterligare
1177 1448 69 29 rätt
1265 1447 198 40 vittgående
1484 1448 113 40 åtgär-

95 1495 71 30 der.
192 1496 102 29 Vilka
318 1496 173 29 konkreta
515 1496 299 39 organisatoriska
839 1497 248 39 anordningar,
1114 1506 74 22 som
1212 1497 63 30 bör
1298 1498 170 39 vidtagas,
1494 1508 102 20 anser

94 1545 386 40 departementschefen
503 1546 190 40 självfallet
713 1546 72 30 inte
806 1547 123 30 kunna
949 1548 146 39 avgöras
1116 1548 120 29 förrän
1257 1557 42 21 en
1322 1548 137 40 allsidig
1479 1549 117 30 utred-

95 1597 83 38 ning
200 1606 42 20 av
262 1596 209 30 hithörande
493 1596 118 41 frågor
631 1597 211 30 verkställts.
865 1598 53 29 En
940 1598 109 30 sådan
1072 1598 186 40 utredning
1278 1598 63 31 bör
1361 1599 178 31 anförtros
1561 1599 35 30 åt

95 1654 44 22 en
154 1647 11 29 i
180 1647 116 39 vanlig
312 1647 149 40 ordning
477 1647 174 30 tillkallad
668 1648 397 39 sakkunnigkommitté.
1083 1648 77 30 Med
1176 1649 139 39 hänsyn
1330 1649 53 30 till
1401 1649 42 30 de
1459 1650 139 29 inveck-

96 1697 77 30 lade
198 1697 263 40 frågekomplex
486 1698 58 30 det
569 1698 64 30 här
659 1699 109 38 gäller
792 1699 104 30 krävs
922 1699 193 30 emellertid
1141 1709 43 20 en
1208 1700 170 39 ingående
1405 1701 122 39 analys
1554 1710 42 20 av

95 1747 414 40 problemställningarna
534 1751 90 27 samt
648 1751 49 28 ett
720 1749 249 39 klarläggande
993 1750 66 29 och
1083 1750 192 38 angivande
1301 1760 42 20 av
1367 1751 41 29 de
1433 1752 162 29 närmare

95 1797 224 40 riktlinjerna
343 1798 54 30 för
421 1798 430 40 sakkunnigkommitténs
877 1800 127 29 arbete.
1027 1800 76 29 Den
1127 1800 251 30 förberedande
1402 1802 193 29 undersök-

95 1847 83 40 ning
199 1857 74 21 som
295 1848 149 30 sålunda
464 1848 177 31 erfordras
664 1858 103 21 anser
787 1849 386 40 departementschefen
1194 1850 188 40 lämpligen
1403 1851 85 30 böra
1509 1861 86 30 upp-

94 1898 125 39 dragas
242 1900 33 29 åt
298 1908 42 20 en
363 1898 152 30 särskild
536 1899 231 39 arbetsgrupp
788 1899 79 30 med
890 1899 216 30 företrädare
1129 1900 55 30 för
1205 1901 42 29 de
1269 1902 157 29 närmast
1447 1902 148 29 berörda

93 1949 295 39 departementen.
412 1948 116 40 Enligt
551 1949 405 39 departementschefens
978 1950 93 30 åsikt
1092 1950 61 31 bör
1176 1950 67 30 den
1264 1951 155 30 nämnda
1441 1952 154 29 sakkun-

94 1999 268 39 nigkommittén
385 2000 85 28 även
492 2001 36 28 ta
549 1999 123 40 frågan
694 2009 56 20 om
772 1999 186 40 forskning
978 2000 45 39 på
1045 2001 414 40 samhällsplaneringens
1482 2002 112 30 områ-

95 2050 41 28 de
161 2049 112 29 under
296 2049 222 39 bedömning.
544 2051 13 29 I
584 2050 291 39 sammanhanget
901 2050 206 30 framhåller
1132 2052 162 38 slutligen
1320 2052 275 39 departements-

94 2099 124 29 chefen
240 2101 50 28 att
312 2100 65 29 den
401 2099 220 30 förestående
644 2100 231 39 utredningen
899 2109 58 21 om
979 2101 415 40 samhällsplaneringens
1418 2103 177 39 organisa-

93 2149 74 29 tion
184 2149 160 30 beaktats
361 2150 57 29 vid
435 2150 69 29 den
523 2150 198 39 föreslagna
739 2150 342 39 omorganisationen
1101 2160 42 20 av
1159 2151 352 40 byggnadsstyrelsen
1530 2153 64 29 och

93 2201 51 27 att
160 2199 97 39 plan-
274 2201 64 29 och
354 2199 348 39 byggnadsväsendet
720 2200 146 31 föreslås
883 2200 194 30 inordnade
1095 2201 11 29 i
1124 2202 168 38 styrelsen
1309 2202 45 39 på
1371 2202 126 30 sådant
1515 2204 78 32 sätt,

94 2251 50 27 att
165 2248 246 40 förändringar
431 2250 11 28 i
463 2249 189 39 styrelsens
673 2250 238 39 organisation
933 2251 10 29 i
965 2251 95 28 detta
1081 2251 167 29 avseende
1271 2251 87 29 skall
1380 2252 123 30 kunna
1522 2252 73 29 vid-

93 2301 97 37 tagas
212 2301 83 27 utan
316 2300 109 28 större
446 2299 232 39 olägenheter.

138 2373 392 39 Departementschefen
559 2383 103 20 anser
687 2374 582 39 byggnadsstyrelseutredningens
1297 2375 130 40 förslag
1455 2377 54 29 väl
1538 2378 56 38 äg-

94 2427 60 26 nat
179 2426 49 27 att
251 2424 117 39 läggas
393 2423 51 30 till
470 2424 114 38 grund
608 2424 55 29 för
686 2433 42 20 en
754 2424 297 39 omorganisation
1076 2425 65 29 och
1166 2426 234 41 upprustning
1425 2436 41 20 av
1491 2427 101 39 bygg-

95 2473 269 38 nadsstyrelsen.
401 2474 11 29 I
449 2474 98 38 fråga
582 2483 56 21 om
672 2474 372 39 byråorganisationen
1069 2475 259 40 nödvändiggör
1352 2477 243 39 utvecklingen

128 2541 28 33 It
197 2541 111 30 Bihang
321 2541 46 23 till
379 2541 169 30 riksdagens
560 2542 148 30 protokoll
720 2541 102 24 1962.6
834 2542 83 23 saml.
928 2543 40 23 Nr
981 2542 119 23 99—100
