1874 2778
289 180 65 30 100
681 182 254 32 Statsutskottets
958 187 161 29 utlåtande
1141 197 41 19 nr
1203 190 17 27 4
1242 190 36 28 år
1300 191 76 28 1963

290 257 9 30 i
325 257 46 31 Åe
386 258 30 30 9.
441 259 13 30 I
477 260 111 41 övrigt
610 262 62 30 bör
696 264 101 30 alltså
821 265 157 40 följande
1003 268 149 39 tjänster
1176 271 187 31 omändras
1389 273 51 29 till
1465 276 96 29 extra
1586 272 185 48 ordinarie,

289 312 177 40 nämligen
489 323 41 20 en
553 314 109 32 förste
686 316 367 44 forskningsingenjör
1076 323 11 29 i
1110 322 51 40 Ag
1175 324 52 34 27,
1250 325 57 29 två
1331 326 406 43 avdelningsingenjörer
1760 331 10 29 i

288 364 51 40 Ag
353 365 53 35 21,
432 376 42 20 en
499 367 174 32 kontorist
698 371 10 29 i
734 371 50 39 Ag
798 371 30 35 9,
855 375 49 27 ett
929 374 252 33 kanslibiträde
1207 378 11 29 i
1244 378 50 40 Åg
1309 379 29 35 7,
1364 390 43 20 en
1433 382 301 39 expeditionsvakt
1760 385 11 29 i

288 417 50 40 Ag
354 419 16 29 7
392 420 65 29 och
477 422 47 28 ett
543 421 282 33 kontorsbiträde
845 426 11 29 i
875 426 52 40 Ag
940 427 30 29 5.
991 428 48 30 På
1058 430 114 38 grund
1192 431 109 31 härav
1320 434 99 29 torde
1439 435 97 30 cirka
1558 436 62 29 154
1634 436 62 31 000
1717 438 53 29 kr.

287 471 174 32 beräknas
487 474 110 31 under
622 476 394 43 icke-ordinarieposten
1041 483 65 29 och
1131 484 266 41 anslagsposten
1422 487 56 30 för
1503 490 97 29 extra
1624 490 147 40 tjänste-

287 526 83 29 män
393 535 45 21 m.
453 526 36 30 fl.
512 528 158 31 minskas
693 531 11 29 i
727 533 246 31 motsvarande
996 535 93 30 mån.

341 588 79 30 Med
445 589 136 41 hänsyn
606 592 51 29 till
682 593 68 29 den
772 595 151 30 väntade
946 596 392 43 beställningsvolymen
1361 601 175 32 beräknar
1558 604 60 40 jag
1643 615 43 20 en
1710 607 60 29 ök-

285 641 85 39 ning
394 643 111 29 under
528 645 266 41 anslagsposten
818 647 55 30 för
898 651 96 29 extra
1018 653 163 38 personal
1206 654 79 29 med
1310 654 63 30 398
1388 655 63 31 900
1476 656 52 30 kr.
1553 658 216 32 Merkostna-

285 694 108 31 derna
422 696 79 30 med
528 698 189 40 anledning
745 709 42 21 av
817 701 83 31 1962
929 703 56 30 års
1014 704 252 43 lönereglering
1292 717 46 21 m.
1352 718 46 21 m.
1427 710 174 32 beräknar
1628 713 60 41 jag
1716 714 52 30 till

285 749 234 40 sammanlagt
549 751 98 31 cirka
678 752 139 31 891000
850 755 52 29 kr.
934 756 68 30 För
1032 758 109 40 höjda
1174 761 300 39 styrelsearvoden
1504 765 174 32 beräknar
1708 768 60 40 jag

284 801 96 31 2700
399 802 53 30 kr.
468 804 64 39 Jag
550 804 191 41 tillstyrker
759 807 30 39 ej
809 809 150 40 ändring
977 819 42 21 av
1035 812 194 32 anstaltens
1247 810 223 50 benämning.

339 864 66 30 Vid
440 865 97 30 bifall
572 867 52 30 till
658 868 66 30 vad
758 869 59 40 jag
851 871 11 30 i
897 871 58 31 det
989 872 208 41 föregående
1232 876 180 42 föreslagit
1445 879 68 30 blir
1547 881 219 41 ökningarna

287 917 80 34 (340
383 917 63 31 000
470 923 28 29 +
521 919 62 31 398
598 920 63 31 900
688 927 28 28 +
733 922 60 30 891
811 923 63 30 000
892 930 28 28 +
937 925 19 29 2
972 925 60 30 700
1050 927 48 34 =)
1127 930 173 30 avrundat
1327 931 94 30 1633
1436 932 63 31 000
1523 934 52 30 kr.
1599 930 167 50 Anslaget

283 971 62 30 bör
363 972 103 30 alltså
482 974 168 39 uppföras
668 976 79 30 med
769 976 35 34 (6
821 977 61 30 137
898 978 62 31 000
981 985 28 28 +
1031 981 95 30 1633
1141 981 63 31 000
1224 983 48 34 =)
1296 984 16 29 7
1329 984 62 30 770
1406 985 62 31 000
1485 987 72 30 kr.»

338 1078 186 39 Utskottet,
541 1089 75 21 som
632 1082 11 29 i
657 1082 110 31 likhet
782 1085 80 29 med
878 1085 387 40 departementschefen
1280 1100 112 27 anser,
1411 1095 50 28 att
1477 1093 35 31 åt
1527 1094 239 41 flygtekniska

280 1131 317 33 försöksanstalten
617 1135 85 31 böra
722 1144 57 32 ges
801 1147 158 22 resurser
981 1140 54 30 för
1056 1143 51 29 att
1128 1143 96 30 möta
1245 1145 150 30 väntade
1416 1146 261 42 beställningar,
1698 1149 65 30 har

282 1183 119 32 funnit
421 1186 51 39 sig
489 1186 84 31 böra
590 1189 177 39 tillstyrka
785 1191 126 40 Kungl.
931 1193 123 40 Maj:ts
1073 1195 132 41 förslag
1223 1198 111 31 under
1352 1199 116 31 denna
1486 1202 123 38 punkt.

336 1247 177 31 Utskottet
528 1249 212 38 hemställer,
757 1253 112 30 under
886 1255 141 31 erinran
1043 1266 57 20 om
1117 1259 66 29 vad
1201 1259 170 32 utskottet
1388 1262 118 30 anfört
1522 1264 112 30 under
1649 1265 114 39 punkt

281 1299 27 35 1,
334 1300 106 31 såvitt
458 1311 47 21 nu
523 1304 38 29 är
578 1304 12 29 i
609 1304 109 40 fråga,

600 1368 50 28 att
674 1368 188 40 riksdagen
886 1371 59 30 må

599 1428 36 34 a)
665 1429 209 42 bemyndiga
894 1433 125 40 Kungl.
1039 1435 105 40 Maj:t
1163 1438 51 29 att
1232 1438 140 40 vidtaga
1390 1440 41 30 de
1450 1441 189 40 ändringar
1657 1443 11 30 i
1686 1453 76 30 per-

543 1482 368 43 sonalförteckningen
931 1486 54 31 för
1004 1487 237 41 flygtekniska
1260 1491 318 34 försöksanstalten
1598 1505 74 21 som
1692 1496 69 30 för-

541 1536 140 30 anledes
704 1546 43 21 av
767 1538 67 30 vad
858 1539 387 40 departementschefen
1269 1544 181 42 föreslagit
1472 1548 12 29 i
1509 1548 249 41 statsrådspro-

543 1588 144 31 tokollet
705 1591 81 31 över
804 1591 312 34 försvarsärenden
1134 1596 55 31 för
1209 1597 66 30 den
1294 1598 19 30 3
1331 1598 143 40 januari
1494 1601 98 36 1963;

595 1651 38 34 b)
661 1651 175 32 fastställa
867 1654 157 40 följande
1053 1658 255 41 avlöningsstat
1337 1661 55 30 för
1422 1662 239 40 flygtekniska
1689 1666 70 29 för-

542 1704 269 37 söksanstalten,
832 1710 51 28 att
903 1709 176 42 tillämpas
1100 1712 71 30 tills
1191 1713 119 31 vidare
1331 1714 80 31 från
1432 1716 64 30 och
1516 1718 80 29 med
1616 1714 143 50 budget-

540 1757 74 30 året
637 1758 155 32 1963/64:

980 1826 333 39 Avlöningsstat

541 1891 27 29 1.
593 1891 213 41 Avlöningar
830 1894 52 30 till
906 1896 175 31 ordinarie
1105 1898 226 39 tjänstemän,
1353 1900 205 42 förslagsvis
1616 1904 140 31 242100

538 1944 29 29 2.
592 1944 172 36 Arvoden,
778 1946 183 32 bestämda
976 1959 42 20 av
1032 1950 126 40 Kungl.
1173 1952 106 40 Maj:t
1297 1977 257 10 ..................
1636 1958 39 30 21
1692 1959 63 30 300

538 1997 29 29 3.
592 1997 214 42 Avlöningar
829 2001 53 29 till
905 2004 97 28 extra
1025 2003 227 40 tjänstemän,
1274 2007 283 32 verkstadsarbe-

593 2052 73 29 tare
686 2053 64 29 och
770 2053 176 41 tillfälliga
965 2055 171 37 biträden,
1156 2058 205 41 förslagsvis
1385 2084 168 9 ............
1580 2064 97 30 2540
1691 2065 63 30 800

536 2103 29 30 4.
591 2104 213 41 Avlöningar
821 2108 52 29 till
892 2108 96 40 övrig
1004 2109 269 34 icke-ordinarie
1289 2115 163 38 personal
1472 2139 80 8 ......
1580 2117 18 30 3
1615 2118 61 30 134
1690 2118 63 30 800

535 2157 30 30 5.
591 2158 132 40 Rörligt
744 2160 129 40 tillägg,
891 2161 205 40 fÖrslägSVis
1118 2187 434 13 ssmmsssssrsersrsesrrersersrr
1516 2153 38 54 rna
1582 2171 94 30 1763
1690 2171 63 31 400

536 2211 30 29 6.
592 2211 278 41 Kompensation
909 2215 55 29 för
1002 2216 109 40 höjda
1152 2217 402 44 folkpensionsavgifter,

583 2264 205 40 fÖrSläGSDiS
807 2290 745 16 sisssereerreeseesrererrrrrrerer
1254 2260 34 54 rer
1294 2260 68 54 rrsnr
1368 2260 65 54 reser
1443 2260 51 54 rens
1503 2260 32 54 ond
1540 2260 15 54 d
1635 2276 40 31 67
1690 2277 62 31 600

1332 2335 145 32 Summa
1501 2338 52 30 kr.
1579 2339 95 30 7770
1689 2339 62 31 000

588 2424 34 35 e)
652 2426 51 29 till
725 2426 251 40 Flygtekniska
997 2428 336 40 försöksanstalten:
1354 2433 214 41 Avlöningar
1590 2436 55 30 för
1665 2436 86 31 bud-

533 2478 131 39 getåret
690 2479 140 32 1963/64
853 2482 122 30 anvisa
998 2484 48 28 ett
1070 2483 274 43 förslagsanslag
1367 2496 44 21 av
1435 2488 94 30 7770
1544 2488 62 31 000
1631 2490 52 29 kr.
