1872 2784
496 163 253 29 Statsutskottets
772 161 162 28 utlåtande
956 168 40 20 nr
1017 161 18 27 4
1055 160 37 28 år
1114 159 77 28 1963
1527 160 62 29 101

171 246 120 34 156:0)
320 245 250 42 Flygtekniska
600 242 337 34 försöksanstalten:
972 240 276 33 Omkostnader.
1282 238 12 30 I
1328 237 153 40 enlighet
1513 235 79 31 med

110 300 127 40 Kungl.
256 299 124 40 Maj:ts
399 299 131 39 förslag
553 297 130 40 (punkt
704 296 72 35 183,
797 306 25 20 s.
842 295 60 30 261
923 295 66 30 och
1007 294 95 34 262),
1122 292 238 31 innebärande
1378 300 43 21 en
1440 290 155 39 anslags-

110 354 148 40 höjning
282 363 42 20 av
347 353 61 30 617
424 352 63 30 000
510 352 63 34 kr.,
596 360 105 21 varav
724 351 45 29 bl.
784 360 29 20 a.
837 349 62 31 500
915 348 62 31 000
1001 349 52 29 kr.
1077 348 55 30 för
1155 346 151 35 bränsle,
1331 346 30 30 el
1386 345 65 30 och
1476 345 117 29 vatten

116 408 61 34 (bl.
192 417 30 21 a.
241 407 45 40 på
305 407 113 40 grund
439 416 42 20 av
501 406 216 30 tillkomsten
739 413 41 21 av
800 404 67 30 den
887 412 68 31 nya
977 398 500 44 supersonisk-hypersoniska
1497 397 98 31 vind-

111 462 180 34 tunneln),
316 461 204 30 hemställer
544 460 182 33 utskottet,

435 515 50 29 att
510 513 187 39 riksdagen
722 512 57 29 må
804 511 52 30 till
880 508 250 42 Flygtekniska
1155 506 335 42 försöksanstalten:
1517 504 81 30 Om-

379 567 191 30 kostnader
590 567 55 30 för
664 564 205 41 budgetåret
891 562 141 32 1963/64
1053 562 122 30 anvisa
1194 563 49 29 ett
1264 560 273 40 förslagsanslag
1557 568 41 21 av

380 622 19 29 2
414 621 63 30 880
492 620 62 31 000
574 620 53 30 kr.

174 738 120 35 157:0)
322 737 249 42 Flygtekniska
587 735 334 33 försöksanstalten:
940 734 220 38 Utrustning.
1179 732 13 29 I
1210 730 152 40 enlighet
1379 729 78 30 med
1475 728 125 39 Kungl.

117 793 125 40 Maj:ts
267 792 131 39 förslag
427 791 131 39 (punkt
584 789 71 35 184,
682 799 26 20 s.
733 788 96 35 263),
853 786 237 31 innebärande
1115 784 215 31 oförändrad
1354 777 247 49 medelsanvis-

118 847 94 39 ning,
232 846 204 30 hemställer
455 844 180 34 utskottet,

441 900 50 28 att
507 897 186 39 riksdagen
709 896 58 30 må
781 895 52 30 till
848 893 250 41 Flygtekniska
1113 890 336 42 försöksanstalten:
1467 890 136 29 Utrust-

385 952 85 39 ning
494 952 55 29 för
571 949 205 41 budgetåret
801 947 141 32 1963/64
966 946 121 31 anvisa
1110 947 49 28 ett
1182 942 357 41 reservationsanslag
1563 951 41 21 av

388 1005 62 30 300
465 1005 63 29 000
544 1004 52 30 kr.

773 1162 179 28 DIVERSE

181 1256 119 35 158:0)
328 1257 205 38 Ersättning
550 1255 55 31 till
624 1261 130 25 statens
774 1253 180 31 allmänna
972 1249 292 41 fastighetsfond:
1288 1245 321 42 Slottsbyggnader-

123 1323 65 20 nas
205 1311 159 32 delfond.
382 1309 13 30 I
414 1309 152 39 enlighet
584 1307 79 30 med
681 1305 126 41 Kungl.
826 1304 124 40 Maj:ts
969 1303 130 39 förslag
1122 1301 132 41 (punkt
1274 1300 71 35 185,
1364 1309 26 21 s.
1410 1298 80 35 264)
1513 1299 96 29 hem-

127 1364 119 31 ställer
265 1364 180 33 utskottet,

449 1417 50 28 att
515 1414 188 39 riksdagen
718 1413 58 29 må
790 1412 53 30 till
858 1410 205 39 Ersättning
1081 1409 52 29 till
1147 1409 133 29 statens
1296 1406 179 31 allmänna
1490 1404 121 41 fastig-

392 1468 183 40 hetsfond:
598 1465 375 40 Slottsbyggnadernas
997 1462 143 40 delfond
1163 1461 56 31 för
1241 1459 205 40 budgetåret
1472 1456 140 32 1963/64

395 1522 122 30 anvisa
533 1522 48 29 ett
598 1518 274 41 förslagsanslag
890 1526 42 21 av
950 1516 39 30 32
1004 1515 63 30 000
1084 1515 52 29 kr.

188 1639 117 34 159:0)
335 1640 204 38 Ersättning
567 1637 53 32 till
650 1643 130 25 statens
810 1634 181 31 allmänna
1020 1630 292 41 fastighetsfond:
1346 1628 268 39 Beskicknings-

129 1694 272 40 fastigheternas
424 1691 159 32 delfond.
609 1690 13 29 I
646 1689 153 39 enlighet
822 1687 79 30 med
925 1685 125 40 Kungl.
1075 1684 126 39 Maj:ts
1225 1682 131 40 förslag
1385 1680 131 41 (punkt
1541 1679 72 34 186,

131 1757 26 21 s.
178 1746 81 35 264)
284 1746 203 30 hemställer
507 1744 180 33 utskottet,

455 1800 50 28 att
520 1797 187 38 riksdagen
723 1795 58 30 må
796 1794 52 30 till
863 1792 205 39 Ersättning
1086 1790 51 31 till
1152 1791 134 29 statens
1302 1788 178 32 allmänna
1495 1785 122 41 fastig-

397 1850 183 40 hetsfond:
607 1845 527 42 Beskickningsfastigheternas
1161 1842 145 40 delfond
1332 1841 55 31 för
1412 1839 204 40 budgetåret

401 1904 141 31 1963/64
560 1902 122 31 anvisa
699 1903 48 28 ett
765 1898 273 41 förslagsanslag
1057 1906 40 21 av
1116 1896 40 30 50
1171 1895 63 31 000
1252 1896 53 29 kr.

192 2012 118 35 160:0)
339 2013 204 38 Ersättning
566 2011 52 31 till
642 2016 130 25 statens
795 2007 180 32 allmänna
997 2002 292 42 fastighetsfond:
1315 1999 304 42 Byggnadsstyrel-

135 2080 80 20 sens
234 2067 159 32 delfond.
416 2065 13 29 I
451 2063 151 39 enlighet
623 2062 80 30 med
724 2060 126 40 Kungl.
871 2058 125 40 Maj:ts
1018 2056 130 40 förslag
1175 2055 131 40 (punkt
1329 2053 71 35 187,
1423 2062 26 21 s.
1471 2051 63 31 264
1555 2051 62 30 och

136 2120 80 35 265)
242 2119 203 31 hemställer
466 2117 180 33 utskottet,

459 2172 50 28 att
525 2169 186 39 riksdagen
727 2167 58 30 må
802 2166 50 30 till
868 2164 205 39 Ersättning
1090 2162 52 30 till
1157 2163 133 28 statens
1307 2160 178 30 allmänna
1500 2157 121 41 fastig-

402 2222 182 41 hetsfond:
608 2218 376 42 Byggnadsstyrelsens
1007 2215 144 39 delfond
1175 2214 54 30 för
1252 2212 204 40 budgetåret
1482 2209 139 32 1963/64

404 2277 122 29 anvisa
545 2277 48 27 ett
613 2271 273 40 förslagsanslag
906 2279 42 21 av
970 2268 94 30 1129
1078 2267 63 30 000
1162 2267 52 29 kr.

197 2384 118 34 161:0)
344 2382 234 33 Bestridande
598 2392 42 20 av
660 2375 413 42 beredskapskostnader
1092 2374 58 31 vid
1172 2374 193 30 försvarets
1386 2369 236 33 fabriksverk.

141 2441 12 28 I
177 2438 152 39 enlighet
351 2436 79 30 med
453 2434 125 39 Kungl.
601 2432 125 39 Maj:ts
749 2430 130 39 förslag
906 2428 130 40 (punkt
1060 2426 71 34 190,
1155 2435 26 21 s.
1205 2424 96 34 266),
1323 2422 237 31 innebärande
1582 2430 42 20 en

141 2490 291 41 anslagshöjning
452 2497 42 21 av
516 2487 60 29 100
591 2485 62 30 000
673 2486 63 33 kr.,
757 2482 202 31 hemställer
978 2476 179 48 utskottet,
