1850 2784
506 179 253 27 Statsutskoltets
784 175 160 29 utlåtande
968 183 38 19 nr
1019 174 17 27 4
1058 175 36 26 år
1117 173 75 28 1963
1547 172 41 30 25

107 261 62 30 238
184 260 62 30 000
267 260 63 34 kr.,
351 269 106 21 varav
480 259 59 30 120
554 258 62 30 000
637 258 52 29 kr.
711 257 55 30 för
786 266 42 21 en
850 253 456 40 snabbtelefonanläggning
1328 252 54 29 för
1404 251 186 29 marinsta-

107 314 76 30 ben.
204 313 26 30 Å
250 313 109 30 andra
380 313 101 29 sidan
501 312 158 29 minskar
679 310 280 30 medelsbehovet
979 308 80 29 med
1080 308 41 29 58
1136 306 61 31 000
1219 306 52 30 kr.
1292 305 52 30 till
1366 304 90 40 följd
1477 313 42 21 av
1539 304 51 29 att

105 366 459 39 intendenturavdelningen
579 364 100 40 utgår
694 373 42 21 ur
752 363 274 31 ämbetsverkets
1042 360 248 41 organisation.
1307 358 282 40 Departements-

107 420 124 30 chefen
248 420 64 30 har
329 420 9 29 i
356 419 188 30 huvudsak
559 419 71 29 inte
648 418 106 39 något
772 419 50 28 alt
839 417 115 29 erinra
972 417 73 28 mot
1064 413 272 31 ämbetsverkets
1355 411 234 40 beräkningar

108 473 147 31 rörande
277 472 288 31 medelsbehovet.
588 471 77 30 Med
687 471 139 39 hänsyn
846 470 52 29 till
920 468 243 39 belastningen
1184 467 111 29 under
1317 466 274 39 anslagsposter-

109 537 44 20 na
175 527 53 29 till
251 526 169 40 sjukvård
444 525 65 30 och
531 525 138 30 bränsle
693 533 102 21 anser
818 524 70 29 han
911 521 204 34 emellertid,
1139 523 50 28 att
1213 520 155 39 anslaget
1391 519 200 40 ytterligare

108 580 61 30 bör
189 579 202 41 uppräknas
412 579 66 30 och
499 578 156 33 föreslår,
676 579 50 29 att
747 577 195 29 detsamma
963 575 167 40 uppföres
1151 574 79 30 med
1254 573 93 30 1500
1362 572 62 31 000
1445 572 63 34 kr.,
1529 572 62 29 vil-

108 634 58 29 ket
183 633 145 30 innebär
345 641 42 21 en
405 631 148 40 höjning
570 631 79 30 med
667 630 63 30 210
745 629 62 30 000
826 630 51 29 kr.

165 739 174 30 Utskottet
363 739 63 29 har
452 737 118 30 funnit
594 737 50 39 sig
668 737 84 29 böra
778 736 147 39 godtaga
951 734 125 40 Kungl.
1102 734 123 39 Maj:ts
1249 733 193 39 beräkning
1466 742 41 20 av
1532 741 60 21 an-

110 794 118 38 slaget.

164 846 176 30 Utskottet
360 844 213 34 hemställer,

429 899 52 29 att
498 897 187 39 riksdagen
702 896 58 29 må
778 896 51 29 till
847 893 393 41 Marinförvaltningen:
1261 892 258 30 Omkostnader
1538 893 54 29 för

374 950 204 40 budgetåret
603 948 141 32 1963/64
767 949 120 29 anvisa
910 950 49 28 ett
983 947 273 39 förslagsanslag
1278 956 42 20 av
1345 945 94 31 1500
1454 946 62 30 000
1540 946 52 29 kr.

624 1114 457 32 FLYGFÖRVALTNINGEN

169 1219 95 34 17:0)
293 1219 365 41 Flygförvaltningen:
675 1218 275 32 Omkostnader.
967 1215 127 40 Kungl.
1110 1214 106 40 Maj:t
1230 1215 64 29 har
1311 1212 180 40 föreslagit
1506 1211 88 30 riks-

112 1273 111 39 dagen
249 1273 129 40 (punkt
400 1273 52 34 22,
474 1282 26 20 s.
521 1272 145 34 63—66)
693 1273 51 29 att
766 1271 51 30 till
838 1269 269 40 ifrågavarande
1128 1267 163 31 ändamål
1314 1266 54 30 för
1389 1264 205 41 budgetåret

114 1326 140 31 1963/64
273 1326 120 30 anvisa
413 1328 49 27 ett
483 1325 272 40 förslagsanslag
775 1334 42 20 av
837 1323 95 30 2525
947 1322 63 30 000
1031 1322 52 29 kr.

167 1432 164 40 Anslaget
352 1433 37 29 är
411 1432 54 30 för
486 1431 235 30 innevarande
742 1430 168 39 budgetår
931 1428 145 41 uppfört
1096 1427 79 30 med
1200 1426 92 30 1650
1307 1426 62 29 000
1391 1425 52 29 kr.

167 1485 347 40 Flygförvaltningen
549 1485 63 29 har
647 1483 190 39 föreslagit,
873 1484 51 28 att
959 1480 230 31 förevarande
1225 1479 120 39 anslag
1381 1477 100 40 höjes
1516 1477 79 30 med

114 1539 61 30 746
190 1538 62 30 000
274 1539 52 29 kr.
347 1537 263 30 Ämbetsverket
630 1537 64 30 har
715 1536 122 30 därvid
859 1535 134 30 anmält
1014 1534 172 38 ökningar
1206 1533 10 29 i
1239 1531 279 31 medelsbehovet
1539 1539 57 21 om

114 1592 60 30 797
190 1591 63 30 000
271 1592 63 33 kr.,
350 1600 107 21 varav
476 1591 61 29 186
551 1590 62 30 000
631 1590 52 29 kr.
702 1590 55 29 för
774 1598 68 31 nya
859 1588 143 34 lokaler,
1021 1587 40 30 85
1077 1586 62 30 000
1158 1586 51 29 kr.
1229 1585 55 30 för
1299 1584 298 41 personalökning

114 1645 64 30 och
198 1644 62 30 350
275 1644 62 30 000
357 1644 52 30 kr.
428 1644 56 29 för
503 1653 43 20 en
565 1641 466 40 snabbtelefonanläggning.
1052 1640 26 30 Å
1099 1640 109 30 andra
1229 1639 99 29 sidan
1348 1637 159 31 minskar
1527 1646 70 21 me-

114 1698 221 30 delsbehovet
359 1697 80 30 med
464 1697 41 30 36
520 1697 62 30 000
607 1697 52 29 kr.
685 1696 52 30 till
764 1695 89 39 följd
879 1704 41 21 av
946 1696 51 28 alt
1022 1693 241 30 intendentur-
1288 1692 65 30 och
1377 1691 221 40 flygfältsby-

115 1752 123 29 råerna
259 1750 100 40 utgår
381 1760 41 20 ur
444 1750 274 30 ämbetsverkets
740 1748 238 40 organisation
1001 1749 91 27 samt
1113 1746 78 30 med
1215 1746 38 30 15
1268 1745 62 30 000
1352 1745 53 29 kr.
1428 1744 169 30 avseende

114 1803 345 41 engångskostnader
495 1802 53 31 för
582 1801 206 40 budgetåret
825 1801 151 31 1962/63.
1011 1798 394 42 Departementschefen
1440 1797 158 34 föreslår,

115 1859 50 28 att
185 1857 157 39 anslaget
363 1856 55 30 för
440 1857 101 28 nästa
562 1855 169 39 budgetår
755 1854 164 40 uppföres
942 1853 79 30 med
1044 1852 95 30 2525
1155 1852 62 30 000
1239 1852 63 33 kr.,
1322 1851 109 30 vilket
1452 1851 146 29 innebär

115 1920 43 20 en
178 1910 147 39 höjning
345 1909 79 30 med
445 1909 62 29 875
523 1908 62 30 000
606 1908 51 29 kr.
680 1908 77 29 Han
778 1907 64 30 har
862 1907 10 28 i
893 1905 187 30 huvudsak
1102 1906 71 29 inte
1194 1905 104 39 något
1319 1906 51 28 att
1389 1904 116 29 erinra
1526 1905 71 28 mot

116 1962 272 32 ämbetsverkets
406 1961 234 39 beräkningar
658 1960 149 31 rörande
824 1959 280 30 medelsbehovet
1121 1957 111 30 under
1251 1957 156 39 anslaget
1425 1957 55 29 för
1498 1958 100 29 nästa

115 2016 178 39 budgetår.
311 2015 67 30 För
395 2014 297 41 personalökning
711 2022 102 21 anser
830 2010 387 42 departementschefen
1236 2011 50 38 sig
1304 2010 193 30 emellertid
1515 2010 83 30 böra

116 2070 111 29 räkna
248 2068 79 30 med
348 2070 48 27 ett
418 2068 94 39 lägre
533 2067 124 39 belopp
679 2068 45 29 än
747 2065 334 40 flygförvaltningen
1103 2063 113 40 utgått
1237 2063 90 30 från.
1350 2064 166 29 Däremot
1538 2063 62 29 bör

116 2122 156 39 anslaget
290 2121 77 29 med
386 2121 140 39 hänsyn
544 2120 50 30 till
613 2119 242 39 belastningen
873 2118 111 29 under
1003 2117 307 39 anslagsposterna
1329 2116 52 30 till
1400 2117 200 29 reseersätt-

118 2176 123 38 ningar
260 2174 65 30 och
345 2174 51 29 till
417 2173 139 30 bränsle
577 2172 107 40 enligt
705 2170 385 41 deparlementschefen
1114 2170 201 39 uppräknas
1337 2169 80 30 med
1438 2169 162 39 omkring

118 2228 39 30 75
173 2227 62 29 000
256 2227 51 29 kr.
329 2226 168 39 Slutligen
519 2234 102 21 anser
641 2225 81 33 han,
744 2226 50 28 att
815 2223 111 30 medel
948 2223 54 30 för
1023 2222 92 30 vissa
1137 2222 144 39 utgifter
1302 2231 42 20 av
1364 2223 236 39 expensnatur

119 2300 40 2 >
176 2280 53 30 för
244 2278 236 31 innevarande
497 2277 168 39 budgetår
681 2276 161 39 omkring
860 2275 60 30 100
936 2275 62 30 000
1016 2275 52 29 kr.
1091 2271 32 49 -—
1144 2284 73 20 som
1235 2275 53 29 för
1306 2275 218 29 närvarande
1541 2284 60 20 an-

117 2335 93 29 visas
233 2332 110 29 under
366 2331 158 39 anslaget
548 2330 48 29 till
622 2329 230 39 anskaffning
876 2338 42 20 av
942 2328 232 39 flygmateriel
1206 2336 37 20 m.
1266 2336 36 20 m.
1328 2327 187 30 framdeles
1540 2327 61 30 bör

119 2386 171 31 beräknas
309 2384 110 29 under
437 2382 228 30 förevarande
683 2381 131 39 anslag.
832 2382 64 29 Det
913 2381 97 29 torde
1029 2380 37 30 få
1083 2380 187 30 ankomma
1288 2379 45 40 på
1351 2380 126 39 Kungl.
1495 2380 106 39 Maj:t

119 2442 50 28 alt
187 2438 57 30 vid
264 2435 245 32 fastställande
528 2445 41 20 av
588 2436 68 28 stat
675 2434 55 30 för
750 2434 155 38 anslaget
925 2435 80 37 taga
1025 2433 118 39 slutlig
1163 2432 165 40 ställning
1348 2433 52 30 till
1420 2433 67 29 hur
1507 2433 93 30 detta

120 2493 59 29 bör
200 2490 151 30 fördelas
371 2489 45 40 på
436 2488 93 30 olika
550 2487 174 31 ändamål.
