1872 2778
293 158 61 30 102
684 161 251 32 Statsutskottets
959 167 162 29 utlåtande
1144 178 39 18 nr
1205 172 16 25 4
1243 172 37 27 år
1305 173 73 27 1963

614 242 50 28 att
687 242 186 41 riksdagen
896 246 58 30 må
979 247 51 30 till
1054 249 227 33 Bestridande
1305 263 41 20 av
1371 254 403 42 beredskapskostnader

560 293 57 29 vid
639 294 192 39 försvarets
854 298 223 39 fabriksverk
1103 302 54 30 för
1182 304 202 40 budgetåret
1413 308 140 31 1963/64
1580 312 119 30 anvisa
1726 315 46 28 ett

559 346 272 43 förslagsanslag
851 360 40 20 av
912 352 10 29 1
943 353 64 29 600
1021 354 63 30 000
1103 356 52 29 kr.

350 449 116 35 162:0)
497 453 202 42 Ersättning
717 457 60 31 för
793 460 301 33 automobilskatt.
1118 463 8 28 I
1148 464 147 39 enlighet
1316 467 78 29 med
1415 469 125 39 Kungl.
1561 470 122 40 Maj:ts
1703 472 68 30 för-

292 501 73 40 slag
387 503 130 39 (punkt
537 506 71 34 191,
628 516 25 21 s.
673 508 62 30 266
754 510 63 29 och
836 511 93 34 267),
948 512 238 35 innebärande
1203 527 41 19 en
1265 519 289 42 anslagshöjning
1572 533 41 20 av
1631 524 62 29 200
1708 525 62 30 000

289 555 62 34 kr.,
372 556 203 33 hemställer
597 561 179 35 utskottet,

611 615 50 29 att
677 615 186 40 riksdagen
879 619 57 29 må
953 620 50 29 till
1020 621 204 42 Ersättning
1238 624 57 39 för
1310 628 288 31 automobilskatt
1616 630 53 30 för
1685 631 85 30 bud-

555 667 131 38 getåret
709 668 140 31 1963/64
870 672 121 30 anvisa
1012 676 47 27 ett
1083 674 271 44 förslagsanslag
1376 689 42 20 av
1441 681 15 28 7
1474 681 61 30 700
1550 682 61 30 000
1633 684 51 29 kr.

346 769 117 34 163:0)
493 773 203 41 Ersättning
726 776 59 31 för
815 781 162 38 rustning
1008 782 66 30 och
1105 786 167 38 rotering.
1306 785 11 29 I
1350 787 151 39 enlighet
1533 790 78 29 med
1642 791 125 40 Kungl.

287 822 123 39 Maj:ts
435 823 132 41 förslag
597 827 129 38 (punkt
753 829 70 34 192,
849 840 25 20 s.
901 831 95 35 267),
1022 833 236 33 innebärande
1283 838 214 33 oförändrad
1522 843 246 31 medelsanvis-

287 875 92 40 ning,
399 877 204 32 hemställer
622 881 180 35 utskottet,

606 935 50 28 att
678 935 186 40 riksdagen
887 938 56 30 må
967 939 50 29 till
1041 940 203 43 Ersättning
1265 944 56 39 för
1343 946 162 41 rustning
1528 949 64 29 och
1614 950 153 40 rotering

551 985 55 30 för
626 987 203 39 budgetåret
851 990 141 31 1963/64
1013 993 120 31 anvisa
1153 997 48 28 ett
1221 996 273 43 förslagsanslag
1515 1010 42 20 av
1579 1002 38 29 15
1632 1002 62 31 000
1712 1004 53 28 kr.

342 1089 117 35 164:0)
489 1092 296 42 Resestipendier.
805 1097 12 28 I
836 1098 150 39 enlighet
1005 1101 80 29 med
1104 1102 124 39 Kungl.
1248 1104 123 39 Maj:ts
1390 1105 131 41 förslag
1545 1108 128 39 (punkt
1694 1110 70 34 193,

284 1151 26 20 s.
341 1142 95 36 267),
468 1144 237 32 innebärande
736 1158 43 20 en
810 1151 290 42 anslagshöjning
1131 1164 41 20 av
1205 1156 115 30 10000
1351 1158 51 30 kr.
1435 1161 78 28 med
1544 1161 136 40 hänsyn
1712 1164 51 29 till

282 1197 50 27 att
352 1198 260 30 reservationen
633 1200 213 37 förbrukats,
867 1204 202 33 hemställer
1091 1208 179 36 utskottet,

604 1255 49 28 alt
671 1255 186 40 riksdagen
877 1258 58 30 må
955 1259 51 29 till
1026 1260 280 40 Resestipendier
1324 1264 55 30 för
1397 1265 205 40 budgetåret
1624 1268 139 32 1963/64

548 1307 121 30 anvisa
687 1310 49 28 ett
754 1311 356 42 reservationsanslag
1130 1324 42 20 av
1193 1316 38 29 15
1246 1316 62 30 000
1328 1318 51 29 kr.

337 1410 117 34 165:0)
484 1413 101 32 Vissa
597 1416 176 31 nämnder
785 1429 47 19 m.
848 1430 46 19 m.
912 1419 13 29 I
940 1419 153 40 enlighet
1107 1423 78 29 med
1201 1423 124 40 Kungl.
1342 1425 124 39 Maj:ts
1482 1426 130 41 förslag
1632 1429 129 39 (punkt

282 1462 70 35 194,
376 1472 25 21 s.
424 1464 63 30 267
509 1466 65 29 och
597 1467 94 34 268),
714 1468 236 33 innebärande
973 1482 43 20 en
1039 1474 288 43 anslagshöjning
1349 1487 42 21 av
1413 1478 40 30 50
1469 1479 62 30 000
1553 1481 63 34 kr.,
1639 1482 121 30 därvid

278 1515 44 29 bl.
344 1525 29 21 a.
394 1518 113 30 medel
527 1519 189 32 beräknats
739 1522 54 30 för
814 1524 64 29 den
902 1525 38 29 år
964 1525 82 31 1962
1068 1527 174 31 inrättade
1263 1530 153 31 militära
1439 1532 322 42 arbetstidsdelega-

279 1568 126 36 tionen,
433 1571 204 31 hemställer
662 1571 180 44 utskottet,

599 1628 50 28 att
670 1628 186 40 riksdagen
878 1631 56 30 må
956 1633 52 28 till
1033 1633 98 31 Vissa
1152 1636 171 30 nämnder
1344 1646 44 20 m.
1412 1647 44 20 m.
1480 1639 54 29 för
1555 1640 204 40 budgetåret

545 1680 139 30 1963/64
708 1682 119 30 anvisa
851 1686 47 27 ett
922 1684 274 43 förslagsanslag
1219 1698 42 20 av
1284 1690 61 29 275
1360 1690 63 30 000
1446 1692 51 29 kr.

333 1783 118 34 166:0)
481 1786 240 41 Utredningar
747 1791 153 31 rörande
928 1793 206 32 tillämnade
1160 1796 320 43 byggnadsföretag
1507 1811 47 20 m.
1583 1813 46 19 m.
1658 1802 99 31 Vissa

274 1839 237 39 ersättningar
528 1841 12 29 i
557 1841 193 41 anledning
767 1854 41 19 av
826 1844 131 32 skador
973 1847 59 30 vid
1050 1848 132 31 militär
1198 1850 224 33 verksamhet
1440 1864 47 19 m.
1506 1864 46 20 m.
1574 1853 13 29 I
1606 1854 150 39 enlighet

274 1890 78 29 med
372 1890 125 40 Kungl.
520 1892 123 40 Maj:ts
663 1894 131 41 förslag
821 1898 214 38 (punkterna
1061 1900 59 29 195
1143 1901 63 29 och
1231 1902 69 35 196,
1323 1913 24 20 s.
1370 1904 64 29 268
1455 1905 64 29 och
1542 1906 94 35 269),
1660 1908 95 30 inne-

271 1942 153 31 bärande
445 1945 234 32 oförändrade
701 1949 369 43 medelsanvisningar,
1092 1954 201 31 hemställer
1317 1958 178 34 utskottet,

595 2002 51 28 att
661 2002 187 40 riksdagen
865 2005 57 29 må
939 2005 55 29 för
1010 2006 204 40 budgetåret
1235 2009 139 31 1963/64
1393 2012 119 30 anvisa

594 2054 35 33 a)
658 2054 52 30 till
748 2056 233 41 Utredningar
1016 2060 148 30 rörande
1202 2061 200 32 tillämnade
1441 2064 313 41 byggnadsföretag

536 2115 45 20 m.
596 2115 44 21 m.
660 2110 48 27 ett
727 2111 357 41 reservationsanslag
1103 2123 42 20 av
1164 2115 62 30 235
1242 2115 62 30 000
1324 2117 66 34 kr.;

592 2161 37 33 b)
659 2161 52 29 till
733 2162 97 30 Vissa
850 2165 235 40 ersättningar
1104 2167 11 29 i
1132 2167 188 42 anledning
1338 2179 42 20 av
1399 2171 130 30 skador
1548 2173 56 30 vid
1622 2174 131 30 militär

538 2214 222 31 verksamhet
777 2225 44 20 m.
841 2226 44 20 m.
904 2220 48 27 ett
971 2218 274 41 förslagsanslag
1263 2232 41 19 av
1323 2223 17 29 2
1355 2223 63 30 000
1433 2224 62 30 000
1515 2226 51 29 kr.

328 2317 117 35 167:0)
486 2321 102 31 Vissa
601 2322 370 42 hälsovårdsåtgärder
984 2337 47 20 m.
1048 2338 47 20 m.
1112 2327 12 28 I
1140 2327 151 39 enlighet
1306 2331 77 28 med
1401 2331 125 39 Kungl.
1543 2333 123 39 Maj:ts
1682 2333 69 31 för-

269 2370 74 39 slag
372 2371 132 39 (punkt
531 2374 71 34 197,
628 2384 25 19 s.
680 2375 80 34 269)
790 2376 202 31 hemställer
1018 2380 179 34 utskottet,
1224 2382 110 30 under
1358 2383 140 30 erinran
1525 2394 54 20 om
1607 2387 65 29 vad
1699 2389 52 27 ut-

266 2423 129 31 skottet
420 2426 118 30 anfört
564 2428 110 29 under
698 2429 159 38 punkten
879 2430 41 30 29
948 2431 6 28 i
982 2432 57 29 det
1065 2433 217 39 föregående,

589 2482 50 28 att
663 2482 187 39 riksdagen
874 2484 57 30 må
956 2485 52 29 till
1036 2486 99 30 Vissa
1160 2487 368 42 hälsovårdsåtgärder
1552 2501 45 20 m.
1623 2502 44 20 m.
1695 2494 54 29 för

531 2533 205 39 budgetåret
760 2535 139 31 1963/64
921 2537 123 31 anvisa
1065 2541 48 28 ett
1136 2539 272 43 förslagsanslag
1431 2553 42 20 av
1494 2544 40 30 80
1549 2544 62 31 000
1633 2546 52 30 kr.
