1906 2848
581 199 229 27 Statsutskottets
835 199 146 27 utlåtande
1006 199 46 27 Nr
1078 197 67 30 132.
1600 197 14 30 1

773 499 63 41 Nr
874 499 85 40 132.

515 601 126 27 Ankom
665 601 48 27 till
737 601 187 36 riksdagens
948 600 104 28 kansli
1076 600 61 28 den
1162 601 37 27 26
1224 601 63 36 maj
1316 600 77 28 1925
1418 601 40 27 kl.
1483 601 19 27 4
1525 609 25 19 e.
1576 610 40 19 m.

423 692 194 36 Utlåtande
656 694 14 34 i
710 693 192 48 anledning
944 706 44 22 av
1025 692 94 36 vissa
1149 692 326 49 framställningar
1504 693 113 35 under

512 753 205 36 riksstatens
742 754 129 48 fjärde
898 752 196 36 huvudtitel
1122 753 13 34 i
1162 753 169 36 avseende
1358 753 24 36 å
1409 753 208 48 budgetåret

516 809 264 54 1925—1926.
1376 814 70 43 (1:a
1474 816 89 42 avd.)

169 913 60 41 1:o)
263 913 61 32 Uti
357 913 66 32 den
446 913 53 32 till
522 914 182 41 riksdagen
728 914 142 38 avlåtna,
895 914 66 32 den
985 914 19 31 2
1026 913 132 42 januari
1183 914 80 31 1925
1286 913 232 42 dagtecknade
1541 925 74 31 pro-

114 964 197 40 positionen
334 963 51 42 (nr
409 964 27 42 1)
459 965 176 41 angående
670 964 222 32 statsverkets
926 964 157 32 tillstånd
1117 964 63 32 och
1202 964 113 32 behov
1337 964 53 32 för
1411 964 205 42 budgetåret

116 1014 206 32 1925—1926
356 1014 61 32 har
449 1015 127 42 Kungl.
604 1015 99 42 Maj:t
725 1015 109 32 under
856 1014 107 42 fjärde
985 1014 220 32 huvudtiteln
1228 1014 121 42 (punkt
1371 1017 21 29 4
1414 1026 40 20 av
1477 1015 58 32 det
1557 1015 58 32 vid

114 1065 262 42 propositionen
399 1065 121 42 fogade
544 1065 379 42 statsrådsprotokollet
946 1067 81 30 över
1048 1065 301 32 försvarsärenden
1372 1066 149 31 nämnda
1541 1064 75 43 dag)

113 1116 175 42 föreslagit
310 1116 181 42 riksdagen
515 1118 50 30 att

167 1167 66 31 dels
265 1167 180 42 godkänna
479 1167 42 32 de
544 1167 57 32 vid
624 1167 148 32 nämnda
794 1167 173 42 protokoll
990 1167 121 42 fogade
1134 1166 127 42 förslag
1284 1166 52 32 till
1360 1168 107 30 stater
1489 1166 53 32 för
1563 1177 52 31 ge-

114 1217 202 39 neralitetet,
350 1218 270 41 generalstaben,
656 1217 274 39 artilleristaben,
958 1217 385 42 kommendantskapen,
1360 1217 255 42 rullföringsbe-

114 1267 170 32 fälhavare
313 1268 78 31 med
420 1268 159 32 biträden
619 1268 286 42 bataljonsläkare
927 1268 58 32 vid
1008 1268 259 32 fältläkarkåren
1292 1270 88 29 samt
1401 1267 214 33 fältläkarsti-

113 1318 189 41 pendiater,
336 1319 430 42 remonteringsstyrelsen,
801 1318 294 42 krigshögskolan,
1118 1318 151 32 artilleri-
1293 1318 63 31 och
1379 1318 236 42 ingenjörhög-

114 1361 129 46 skolan,
277 1368 185 40 ridskolan,
498 1369 215 42 skjutskolan
747 1370 52 31 för
825 1369 198 32 infanteriet
1046 1362 64 38 och
1133 1368 206 39 kavalleriet,
1367 1368 248 42 artilleriskjut-

114 1419 169 39 skolorna,
307 1419 223 42 krigsskolan,
555 1419 251 42 truppförband
828 1431 40 20 av
890 1418 206 40 infanteriet,
1120 1419 198 32 kavalleriet
1340 1419 64 32 och
1427 1419 187 38 artilleriet,

113 1469 253 33 militärbefälet
399 1472 44 40 på
476 1469 162 40 Gotland,
663 1470 322 42 överstelöjtnanter
1012 1470 64 32 och
1098 1470 146 41 majorer
1265 1469 58 32 vid
1347 1469 41 33 de
1412 1480 60 21 sex
1494 1469 121 32 fördel-

113 1520 513 43 ningskavalleriregementena,
658 1521 194 31 artilleriets
887 1520 149 32 fabriker
1058 1520 64 32 och
1146 1520 233 42 tyganstalter,
1404 1519 212 33 fortifikatio-

112 1581 77 28 nen,
212 1570 302 43 ingenjörkårerna
536 1571 65 32 och
623 1571 317 42 fälttelegrafkåren,
966 1571 172 32 officerare
1155 1571 64 32 och
1235 1570 285 33 underofficerare
1537 1571 78 31 med

113 1621 190 32 vederlikar
329 1621 57 32 vid
417 1623 152 40 trängen,
598 1622 250 42 trängkårerna,
875 1621 336 38 intendenturkåren,
1240 1621 374 42 garnisonssjukhusen

113 1671 11 31 i
150 1671 209 38 Stockholm,
383 1673 19 30 å
424 1672 192 42 Karlsborg
639 1672 63 32 och
724 1673 12 31 i
759 1672 131 39 Boden,
915 1675 135 29 arméns
1074 1672 318 42 sjuksköterskekår
1408 1674 89 30 samt
1512 1672 102 42 polis-

112 1722 205 41 personalen
350 1722 11 31 i
394 1722 122 33 Boden
551 1723 63 32 och
648 1725 19 30 å
699 1723 190 41 Karlsborg
922 1724 50 30 att
1005 1722 88 42 gälla
1126 1723 110 31 under
1264 1723 203 42 budgetåret
1491 1723 124 32 1925—

115 1772 89 39 1926,

166 1823 66 32 dels
263 1823 181 42 godkänna
477 1823 43 32 de
554 1824 11 31 i
589 1835 41 20 en
653 1823 57 32 vid
733 1823 380 42 statsrådsprotokollet
1134 1823 103 42 fogad
1264 1823 248 43 »Förteckning
1534 1825 80 31 över

112 1873 12 31 i
158 1875 69 30 stat
248 1873 74 32 icke
345 1873 171 43 uppförda
538 1873 149 33 arvoden
711 1885 41 21 m.
777 1885 61 20 m.»
865 1873 110 32 under
997 1873 162 33 rubriken
1185 1874 57 31 »A.
1267 1874 160 32 Arvoden
1451 1874 52 32 till
1527 1874 87 32 ordi-

113 1924 93 32 narie
239 1924 336 42 befattningshavare
598 1925 78 31 med
698 1924 160 42 avlöning
880 1924 73 32 från
977 1924 119 43 anslag
1117 1924 109 32 under
1248 1924 107 43 fjärde
1378 1924 229 40 huvudtiteln,

112 1974 249 39 lantförsvaret,
384 1987 43 20 m.
450 1975 51 32 fl.>
528 1977 176 41 upptagna
725 1975 158 39 arvoden,

166 2026 65 31 dels
253 2026 134 31 minska
410 2025 171 33 ordinarie
604 2026 301 42 förslagsanslaget
928 2026 53 32 till
1004 2026 159 42 avlöning
1178 2026 53 32 till
1251 2026 160 42 personal
1426 2026 57 32 vid
1500 2026 115 33 staber

113 2076 64 31 och
213 2076 252 42 truppförband
498 2088 43 21 m.
565 2077 42 38 fl.,
642 2088 46 20 nu
722 2077 189 38 37,100,000
946 2077 127 31 kronor
1111 2076 77 32 med
1226 2077 135 38 700,000
1398 2077 127 32 kronor
1561 2077 53 32 till

113 2127 189 38 36,400,000
323 2127 134 38 kronor,

165 2177 65 32 dels
253 2178 56 31 ock
331 2177 164 43 medgiva,
520 2180 50 29 att
593 2177 108 32 under
722 2177 204 42 budgetåret
950 2178 207 31 1925—1926
1173 2179 63 37 må,
1254 2177 85 32 efter
1355 2178 125 42 Kungl.
1498 2178 115 42 Maj:ts

112 2227 228 43 beprövande,
374 2228 144 32 beredas
553 2227 130 43 fyllnad
716 2228 53 32 till
802 2228 103 32 furirs
939 2239 40 21 av
1012 2228 107 31 första
1146 2228 137 32 klassen
1306 2229 252 31 löneförmåner
1580 2230 34 30 åt

114 2279 101 31 därav
237 2279 170 41 förtjänta,
432 2278 57 32 vid
511 2278 296 43 truppförbanden
830 2278 170 32 anställda
1022 2278 306 43 beställningsmän
1352 2279 78 32 med
1453 2279 160 42 avlöning

113 2331 114 30 såsom
257 2329 123 32 furirer
409 2340 40 21 av
479 2329 107 32 andra
615 2329 146 39 klassen,
795 2329 90 32 vilka
907 2330 199 41 genomgått
1128 2329 236 43 vederbörliga
1386 2329 227 43 utbildnings-

112 2379 121 32 kurser
266 2379 64 32 och
359 2390 73 21 som
456 2379 100 42 eljest
578 2379 73 32 icke
674 2380 115 31 kunna
811 2380 136 31 komma
969 2379 11 31 i
1004 2379 199 42 åtnjutande
1227 2390 41 21 av
1290 2381 106 31 sådan
1420 2380 161 43 avlöning
1602 2381 12 31 i

113 2430 85 42 följd
232 2430 110 39 därav,
374 2432 50 30 att
446 2429 123 33 endast
591 2430 245 43 beställningar
858 2442 40 20 av
915 2430 97 42 lägre
1035 2430 82 41 grad
1144 2441 40 21 av
1210 2430 67 32 den
1304 2431 152 42 kategori
1479 2431 135 32 beställ-

164 2515 26 32 +)
207 2517 145 25 Hänvisar
370 2516 43 25 till
432 2516 93 32 punkt
543 2517 9 24 i
571 2516 322 32 statsrådsprotokollet.

155 2568 113 37 Bihang
293 2569 44 27 till
358 2568 170 36 riksdagens
547 2568 146 37 protokoll
715 2565 90 31 1925.
845 2566 21 29 6
892 2568 80 29 saml.
1020 2565 38 30 b4
1081 2568 70 37 häft.
1185 2567 64 39 (Nr
1273 2566 85 39 132.)
1480 2577 51 19 1061
1546 2576 26 20 25

1650 918 119 28 Avlöning
1787 917 37 23 till

1649 953 114 28 personal
1781 952 39 24 vid

1667 987 81 23 staber
1766 987 44 23 och

1650 1021 174 30 truppförband

1702 1064 23 15 m.
1753 1057 15 21 fl

1687 1074 97 71 [4.)]
