2146 2644
761 215 95 30 Stats-
872 211 161 45 Utskottets
1050 217 163 31 Utlåtande
1236 218 61 31 N:v
1323 221 50 29 $8.
1782 226 4 28 I

920 833 81 39 N:o
1031 834 76 40 88.

725 1024 80 27 Ank.
830 1025 46 27 till
901 1025 103 29 Riksd.
1031 1027 105 27 Kansli
1162 1028 54 27 den
1246 1030 33 26 13
1306 1029 59 36 Maj
1396 1031 89 29 1871,
1510 1032 39 27 kl.
1579 1034 34 25 12
1639 1034 87 27 midd.

408 1202 197 45 Utlåtande,
633 1205 12 32 i
674 1206 187 43 anledning
888 1206 46 42 af
955 1207 100 34 väckt
1082 1209 137 44 motion,
1250 1211 177 42 angående
1447 1210 381 45 förvaltninyskostna-

555 1265 110 33 dernu
692 1266 59 33 vid
777 1269 130 32 statens
928 1267 370 45 jernvägsbyggnader
1325 1281 40 23 m.
1393 1282 41 24 m.

1473 1338 107 41 (2:dra
1604 1339 39 32 U.
1670 1341 56 41 A.)

348 1442 117 31 Under
499 1444 186 40 antagande
721 1448 50 28 att
804 1446 57 30 vid
896 1446 228 32 innevarande
1157 1448 135 42 riksdag
1323 1450 51 31 för
1404 1461 39 20 en
1474 1451 81 40 följd
1579 1452 35 31 af
1634 1455 37 29 år
1694 1453 133 32 komme

197 1489 49 26 att
281 1485 203 32 bestämmas
519 1486 74 31 icke
627 1487 85 32 blott
746 1490 238 39 proportionen
1017 1490 37 31 af
1078 1491 115 41 anslag
1223 1493 123 31 mellan
1375 1494 192 32 stambanor
1591 1496 61 30 och
1675 1497 154 31 enskilda

189 1529 419 41 jornvägsanläggningar,
644 1537 80 25 utan
760 1532 100 31 äfven
895 1533 57 31 det
980 1533 104 41 årliga
1112 1536 237 41 statsanslaget
1378 1537 50 31 till
1461 1538 238 32 stambanorna
1722 1541 105 39 jemte

194 1571 170 41 omfånget
386 1573 52 30 för
462 1572 96 32 dessa
581 1574 146 38 arbeten,
753 1575 61 31 har
836 1575 90 32 Herr
951 1576 38 30 E.
1016 1577 67 41 Key
1106 1578 50 30 uti
1180 1589 42 20 en
1244 1579 91 31 inom
1358 1580 118 31 Andra
1492 1581 206 32 Kammaren
1715 1583 111 37 väckt,

195 1614 48 31 till
280 1613 290 34 Stats-Utskottet
603 1617 198 32 remitterad
835 1619 127 32 motion
998 1619 74 42 (N:o
1098 1620 75 42 129)
1208 1622 181 42 föreslagit,
1426 1628 49 27 att
1509 1624 196 42 Riksdagen
1734 1627 93 31 ville:

197 1658 45 30 1:o
275 1658 51 31 för
354 1659 282 32 nästkommande
669 1662 390 42 statsrogieringsperiod
1095 1664 194 39 bestämma,
1324 1666 86 32 huru
1438 1668 139 41 mycket
1601 1669 35 30 af
1650 1669 177 42 jexnvägs-

195 1701 318 42 byggnadsmedlen,
538 1714 71 20 som
633 1707 54 28 må
717 1708 77 38 åtgå
822 1706 52 30 till
897 1707 422 41 förvaltningskostnader;
1356 1710 60 31 och
1440 1711 48 30 2:0
1513 1711 51 31 till
1588 1711 121 42 Kongl.
1735 1712 93 42 Maj:t

193 1745 78 40 ingå
305 1745 75 31 med
414 1746 210 42 underdånig
658 1747 178 33 skrifvelse
867 1760 52 20 om
951 1754 49 27 att
1026 1750 53 31 till
1102 1756 96 26 nästa
1221 1753 138 40 riksdag
1381 1753 34 32 få
1438 1759 167 36 emottaga
1627 1756 102 40 nådig
1752 1767 75 30 pro-

194 1788 146 40 position
363 1789 75 30 med
462 1789 125 41 förslag
610 1791 52 30 till
686 1791 231 32 kostnadsstat
939 1793 52 31 för
1009 1794 518 43 jernvägsbyggnadsstyrelsen.

347 1831 76 32 Den
456 1832 251 42 förutsättning,
744 1835 193 32 hvarunder
972 1836 93 31 dessa
1098 1837 125 42 förslag
1253 1840 150 37 väcktes,
1439 1840 61 31 har
1533 1841 188 31 emellertid
1750 1843 76 31 icke

193 1875 162 37 inträffat,
390 1881 82 25 enär
505 1876 215 42 Riksdagens
757 1878 109 32 beslut
901 1880 205 31 beträffande
1142 1881 262 42 fortsättningen
1435 1884 35 30 af
1495 1889 126 26 statens
1647 1885 179 42 jernvägs-

193 1917 195 41 byggnader
414 1918 119 31 endast
558 1919 88 31 afser
670 1920 39 31 de
734 1921 106 31 under
863 1927 96 26 nästa
985 1926 36 28 år
1044 1923 52 31 för
1120 1924 96 31 dessa
1241 1925 193 41 byggnader
1458 1927 218 41 erforderliga
1700 1929 124 41 anslag.

192 1960 54 31 En
270 1960 102 31 sådan
401 1961 235 33 bestämmelse
665 1964 140 31 rörande
836 1965 96 31 dessa
960 1966 118 36 medel,
1109 1977 71 21 som
1203 1968 210 31 motionären
1435 1969 62 31 här
1521 1970 100 31 ofvan
1644 1967 181 50 föreslagit,

193 2014 101 30 synes
319 2003 171 32 dessutom
513 2005 130 32 mindre
669 2007 152 41 behöflig,
847 2008 41 32 då
911 2009 198 41 Riksdagen
1132 2010 58 31 vid
1213 2011 202 42 behandling
1439 2013 36 30 af
1494 2013 117 41 frågan
1635 2025 53 20 om
1712 2016 115 40 anslag

193 2046 50 31 till
268 2048 255 31 stambanornas
553 2048 219 43 fortsättning
800 2051 71 31 haft
894 2052 132 31 tillfälle
1050 2053 148 40 granska
1222 2054 38 31 de
1284 2055 52 31 för
1360 2055 96 32 dessa
1480 2057 139 31 arbeten
1643 2054 184 49 uppgjorda

194 2089 289 42 kostnadsförslag
518 2092 61 31 och
607 2095 109 38 någon
740 2095 225 41 anmärkning
995 2095 118 32 dervid
1136 2097 75 31 icke
1236 2098 225 32 förekommit.
1509 2099 102 32 Hvad
1635 2104 102 38 angår
1762 2102 61 31 den

193 2132 125 32 väckta
343 2133 117 41 frågan
488 2145 53 20 om
576 2146 42 20 en
652 2136 35 30 af
717 2137 194 41 Riksdagen
948 2139 151 31 bestämd
1134 2144 67 26 stat
1234 2141 52 31 för
1315 2142 510 43 jernvägsbyggnadsstyrelsen

191 2176 95 31 torde
326 2177 79 31 böra
440 2178 137 38 erinras,
613 2183 48 27 att
696 2179 39 32 de
771 2191 71 20 som
878 2181 99 31 hafva
1012 2182 271 34 öfverinseendet
1313 2185 95 31 öfver
1435 2186 171 41 tillfälliga
1637 2184 187 49 byggnads-

191 2219 130 41 företag
350 2220 75 31 icke
457 2226 57 26 äro
540 2222 193 42 jemförliga
763 2224 76 31 med
869 2225 208 40 styrelserna
1099 2226 93 32 inom
1215 2227 270 33 administrativa
1509 2230 86 31 verk
1619 2231 62 31 och
1704 2232 120 31 inrätt-

192 2263 127 40 ningar,
345 2274 70 20 som
445 2269 57 26 äro
532 2265 136 32 afsedda
696 2270 50 27 att
777 2267 59 31 allt
859 2268 167 41 framgent
1049 2269 108 39 bestå;
1194 2271 60 30 och
1279 2271 49 38 då,
1353 2271 89 32 hvad
1466 2273 163 31 särskildt
1646 2275 178 41 jernvägs-

193 2306 344 42 byggnadsstyrelsen
571 2309 168 39 beträffar,
775 2310 247 44 omfattningen
1056 2312 35 32 af
1123 2312 75 33 dess
1232 2315 219 32 verksamhet
1483 2322 36 25 är
1552 2316 166 33 beroende
1753 2319 76 30 utaf

299 2359 68 30 Bih.
393 2360 47 30 till
463 2360 106 31 Riksd.
600 2362 79 30 Prot.
709 2363 87 29 1871.
843 2365 18 28 4
888 2363 94 32 Saml.
1013 2367 12 28 1
1049 2365 76 42 Afd.
1150 2367 43 29 45
1218 2366 86 42 Häöft.
