2224 2616
739 143 292 32 Statsutskottets
1065 141 184 33 utlåtande
1280 141 53 32 Nr
1362 141 52 32 84.
1807 138 18 32 7

264 222 211 37 utrönande
516 236 47 22 av
605 221 186 37 huruvida
833 221 81 36 icke
956 233 46 24 en
1043 219 173 37 bestämd
1245 219 238 49 uppdelning
1512 233 45 22 av
1586 217 285 38 överinseendet

265 280 92 31 över
385 274 185 37 stiftelsen
599 273 126 37 kunde
753 277 73 45 äga
853 286 95 33 rum,
978 275 41 33 så
1047 277 55 31 att
1130 271 205 48 ledningen
1359 284 46 23 av
1424 270 447 48 undervisningsarbetet

263 326 65 37 vid
368 327 78 36 Näs
487 326 70 37 och
599 325 209 37 stiftelsens
849 324 245 37 ekonomiska
1135 323 236 48 förvaltning
1406 323 104 37 lades
1538 324 12 35 i
1579 322 119 38 skilda
1727 321 144 37 händer

264 378 121 37 under
412 378 207 36 stiftelsens
648 378 158 48 styrelse
826 389 81 24 som
929 376 71 36 den
1021 374 349 38 sammanhållande
1392 375 161 37 faktorn.
1596 374 140 37 Vidare
1754 373 116 37 borde

265 430 123 49 enligt
414 435 307 31 reservanternas
737 429 157 48 mening
907 434 110 42 tagas
1033 427 117 37 under
1169 427 278 48 övervägande,
1468 426 185 37 huruvida
1672 426 82 36 icke
1772 425 98 36 läro-

266 482 190 36 anstalten
497 481 127 47 borde,
666 480 166 49 givetvis
874 479 84 36 med
992 478 262 38 bibehållande
1283 492 46 22 av
1358 492 48 23 en
1434 479 183 48 möjligen
1646 477 55 37 till
1730 476 142 37 antalet

265 533 208 37 ledamöter
501 531 238 42 förminskad
768 531 102 37 lokal
899 531 168 49 styrelse,
1097 531 128 36 ställas
1254 530 120 36 under
1403 529 273 38 överinseende
1705 542 47 23 av
1772 529 98 36 skol-

266 584 289 50 överstyrelsen,
597 584 186 48 varjämte
824 588 289 31 reservanterna
1153 582 137 36 uttalat
1331 582 61 49 sig
1425 583 56 35 för
1509 595 45 23 en
1583 580 289 48 undersökning

266 636 160 37 rörande
466 636 293 49 möjligheterna
801 635 58 36 för
886 640 54 31 ett
967 634 185 37 utsträckt
1179 634 242 48 utnyttjande
1450 648 46 22 av
1525 632 345 50 slottsbyggnaden

266 689 10 35 i
307 688 234 37 förhållande
573 688 57 35 till
662 687 73 36 vad
764 701 50 22 nu
843 700 90 23 vore
963 686 118 45 fallet;
1112 686 70 36 och
1210 686 98 36 hava
1334 691 287 31 reservanterna
1649 689 137 42 ansett,
1815 688 56 31 att

266 753 47 23 en
350 739 287 49 undersökning
674 739 119 48 enligt
827 739 45 35 de
901 752 47 22 av
976 744 288 30 reservanterna
1293 738 168 48 angivna
1488 737 237 49 riktlinjerna
1753 735 117 37 borde

266 792 153 36 komma
459 791 57 36 till
558 790 121 47 stånd,
718 791 116 36 innan
868 796 123 30 staten
1020 790 188 47 beviljade
1235 789 226 49 ytterligare
1489 790 134 46 anslag
1650 788 56 36 till
1733 788 138 47 ifråga-

266 843 164 36 varande
458 843 172 36 stiftelse.
1273 886 3 3 |
1561 867 6 5 .

396 895 240 36 Beträffande
663 894 73 36 vad
764 893 286 37 reservationen
1069 893 12 36 i
1100 893 126 48 övrigt
1253 893 209 37 innehåller
1489 892 177 37 hänvisar
1689 891 183 36 utskottet

266 947 56 35 till
352 946 67 37 sid.
454 947 201 35 182—184
683 946 11 35 i
721 945 433 36 revisionsberättelsens
1183 945 59 35 del
1270 945 27 35 I.

396 997 17 36 I
442 997 206 48 anledning
688 1010 46 22 av
775 996 72 36 vad
888 996 225 49 riksdagens
1140 996 187 37 revisorer
1354 996 12 36 i
1394 1010 52 22 nu
1473 995 249 37 förevarande
1750 995 121 49 punkt

266 1049 126 37 anfört
419 1049 97 36 hava
544 1049 256 47 förklaringar
829 1048 166 49 avgivits
1024 1061 47 28 av
1099 1048 287 37 föreståndaren
1415 1048 58 37 för
1492 1049 150 47 August
1661 1047 209 36 Abraham-

266 1114 89 23 sons
383 1101 162 36 stiftelse
573 1105 99 32 samt
701 1113 46 23 av
776 1100 205 37 stiftelsens
1011 1101 171 48 styrelse,
1211 1100 102 37 vilka
1342 1100 255 48 förklaringar
1625 1099 202 36 återfinnas
1851 1101 20 33 å

266 1153 69 36 sid.
369 1154 199 35 110—116
599 1152 11 35 i
637 1151 436 37 revisionsberättelsens
1102 1151 59 36 del
1189 1151 67 36 III.

397 1257 59 35 Av
485 1255 72 36 vad
586 1256 11 35 i
625 1254 413 37 revisionsberättelsen
1057 1254 159 36 rörande
1234 1254 153 48 August
1405 1254 284 36 Abrahamsons
1709 1254 161 36 stiftelse

267 1307 252 46 förekommit,
562 1307 69 36 har
672 1306 184 36 utskottet
885 1306 149 36 erhållit
1062 1305 72 37 den
1163 1305 311 49 uppfattningen,
1506 1311 52 30 att
1587 1305 285 36 förhållandena

265 1359 12 36 i
315 1359 186 36 avseende
546 1361 20 33 å
618 1358 209 36 stiftelsens
889 1357 176 37 ekonomi
1118 1357 81 36 icke
1255 1362 63 31 äro
1373 1357 359 36 tillfredsställande.
1799 1356 72 36 Till

267 1410 288 50 förebyggande
585 1415 53 31 att
666 1409 59 36 för
767 1409 204 36 framtiden
1005 1408 213 50 betydande
1256 1409 165 48 anspråk
1458 1410 153 35 komma
1648 1414 54 30 att
1741 1408 129 36 ställas

266 1465 49 47 på
347 1469 143 29 statens
518 1461 279 37 medverkande
825 1461 57 36 till
910 1461 150 36 fortsatt
1089 1461 274 48 uppehållande
1392 1473 48 23 av
1468 1461 291 36 verksamheten
1788 1460 81 36 där-

267 1513 139 47 städes,
448 1517 41 31 är
529 1512 64 37 det
634 1513 118 47 enligt
793 1513 205 36 utskottets
1042 1512 156 48 mening
1226 1512 180 48 önskligt,
1436 1518 54 30 att
1518 1525 47 23 en
1593 1511 165 49 ändring
1786 1512 84 35 här-

266 1566 161 35 utinnan
467 1565 171 35 kommer
680 1563 56 36 till
778 1563 110 37 stånd
918 1563 70 36 och
1017 1569 55 30 att
1100 1563 175 48 åtgärder
1302 1563 187 49 vidtagas,
1520 1563 58 37 för
1605 1563 191 36 vinnande
1824 1577 46 22 av

267 1623 54 30 ett
353 1616 122 36 bättre
503 1615 134 49 utbyte
665 1629 46 22 av
741 1615 46 36 de
816 1615 56 36 till
901 1614 185 37 stiftelsen
1115 1614 165 37 hörande
1307 1615 12 35 i
1348 1615 171 48 egentlig
1546 1614 159 49 mening
1732 1615 138 36 ekono-

268 1668 123 36 miska
427 1668 199 47 företagen
663 1666 69 36 och
762 1666 212 49 dymedelst
1001 1671 95 31 även
1125 1666 185 36 stiftelsen
1338 1671 116 31 sättes
1483 1667 123 35 bättre
1633 1667 12 35 i
1674 1666 111 36 stånd
1817 1670 53 31 att

268 1719 92 49 fylla
414 1719 64 35 sitt
511 1718 208 35 ändamål.
802 1718 54 35 De
905 1717 200 48 riktlinjer,
1144 1730 80 23 som
1266 1723 289 30 reservanterna
1595 1717 82 36 låtit
1718 1717 152 36 komma

268 1771 57 35 till
380 1770 165 48 uttryck,
586 1782 114 36 synas
742 1769 186 36 utskottet
968 1768 146 47 jämväl
1158 1768 93 36 böra
1292 1775 109 40 tagas
1439 1768 120 37 under
1587 1768 280 49 övervägande.

268 1822 57 35 Då
366 1822 185 35 utskottet
592 1820 157 36 sålunda
789 1820 118 36 håller
949 1820 91 46 före,
1092 1825 54 31 att
1188 1833 47 22 en
1276 1820 288 49 undersökning
1591 1821 12 35 i
1632 1820 134 48 frågan
1794 1820 74 36 kan

267 1887 90 23 vara
403 1872 125 50 ägnad
574 1878 55 30 att
674 1871 161 49 bidraga
881 1872 58 36 till
981 1885 45 22 en
1067 1871 164 49 ändring
1272 1872 11 35 i
1318 1871 73 37 den
1420 1872 218 36 nuvarande
1666 1871 201 48 onekligen

267 1932 121 42 tunga
428 1925 69 36 och
531 1924 233 36 kostsamma
801 1923 352 36 administrationen
1195 1937 47 22 av
1283 1923 187 36 stiftelsen
1500 1923 70 36 och
1599 1924 56 35 till
1684 1923 185 37 ernående

268 1990 46 22 av
352 1989 47 23 en
440 1976 295 47 fördelaktigare
777 1974 222 36 ekonomisk
1041 1975 183 47 ställning
1266 1975 59 35 för
1365 1974 220 37 densamma
1613 1979 180 32 ävensom
1822 1987 47 22 av

268 2027 232 37 förbättrade
528 2026 259 47 anordningar
815 2026 11 34 i
856 2026 127 46 övrigt
1014 2026 55 35 får
1097 2025 186 36 utskottet
1309 2026 210 47 hemställa,

797 2132 55 31 att
892 2127 204 48 riksdagen
1137 2130 60 33 må
1225 2127 12 35 i
1265 2127 183 36 skrivelse
1489 2126 56 36 till
1586 2127 142 48 Kungl.
1763 2127 106 48 Maj:t

669 2178 161 47 anhålla,
865 2179 61 36 det
955 2178 139 47 Kungl.
1125 2178 107 48 Maj:t
1260 2178 146 36 täcktes
1426 2179 75 36 låta
1520 2178 203 36 verkställa
1743 2179 124 35 utred-

670 2230 93 48 ning
805 2230 195 48 angående
1042 2230 71 35 den
1156 2229 223 48 förändring
1412 2243 45 23 av
1486 2229 308 49 organisationen
1824 2243 42 22 av

1928 1258 129 22 Utskottet.
