1854 2768
256 160 41 29 14
558 160 120 31 Andra
700 160 247 37 lagutskottets:
970 161 180 31 utlåtande
1172 170 43 22 nr
1236 164 20 29 9
1278 162 41 30 år
1343 163 83 30 1965

255 249 212 30 hemställan
491 250 85 29 utan
601 249 116 38 ansåg,
743 251 51 28 att
819 250 219 30 motionerna
1063 250 75 30 icke
1164 250 112 31 skulle
1302 250 182 31 föranleda
1509 251 113 38 någon
1649 252 87 30 riks-

255 302 131 37 dagens
403 301 130 38 åtgärd.
998 336 2 2 .

299 354 49 31 På
365 354 112 38 grund
495 363 42 22 av
555 355 203 38 riksdagens
777 356 336 38 ställningstagande
1132 357 162 30 kvarstår
1312 358 41 29 de
1372 366 89 22 ovan
1478 357 163 38 påtalade
1658 366 77 29 pro-

253 408 139 29 blemen
416 407 54 30 för
493 407 195 38 företagare
710 409 65 29 och
800 408 69 31 fria
891 409 260 37 yrkesutövare.
1176 409 116 38 Enligt
1318 410 188 31 utskottets
1532 411 141 38 mening
1697 411 38 30 är

256 460 204 37 riksdagens
478 461 206 37 ingripande
703 461 154 37 alltjämt
875 461 187 38 påkallat.”

298 513 38 36 b)
390 514 49 30 att
457 513 170 31 utskottet
645 514 77 30 bort
739 514 197 36 hemställa,

573 566 72 33 ”att
668 567 186 38 riksdagen
878 569 77 29 med
978 568 100 31 bifall
1102 569 52 31 till
1178 569 230 31 förevarande
1432 570 181 36 motioner,
1639 570 95 31 1:235

570 620 65 30 och
653 620 123 35 II:282,
794 620 109 31 måtte
919 622 12 29 i
950 621 166 31 skrivelse
1134 622 52 31 till
1205 622 126 38 Kungl.
1350 622 107 37 Maj:t
1473 617 187 36 hemställa
1677 631 57 22 om

571 673 190 38 skyndsam
792 674 172 38 prövning
992 674 65 31 och
1087 674 132 39 förslag
1249 676 149 30 rörande
1428 676 221 37 möjligheter
1679 676 56 30 för

570 726 195 38 företagare
780 727 66 29 och
863 725 67 32 fria
945 727 251 38 yrkesutövare
1214 729 33 35 1)
1271 730 52 29 ått
1338 728 142 32 tillhöra
1496 729 238 37 tilläggssjuk-

570 779 400 39 penningförsäkringen
996 782 86 29 utan
1109 782 162 37 samtidig
1298 781 198 38 skyldighet
1521 782 53 31 till
1603 782 130 31 anslut-

569 833 84 37 ning
675 833 51 30 till
749 832 570 40 tilläggspensionsförsäkringen;
1344 835 35 35 2)
1409 836 51 30 att
1480 835 172 37 begränsa
1675 844 59 22 an-

570 886 199 37 slutningen
788 886 54 31 till
862 886 554 40 tilläggspensionsförsäkringen
1435 888 53 31 till
1507 888 141 30 förtids-
1668 888 65 31 och

566 938 403 39 efterlevandeéskyddet;
990 942 91 29 samt
1098 940 36 37 3)
1158 943 50 29 att
1224 941 173 37 begränsa
1414 941 248 38 anslutningen
1680 942 52 30 till

569 991 553 40 tilläggspensionsförsäkringen
1148 994 52 30 till
1227 994 141 30 förtids-
1393 994 65 30 och
1484 994 249 31 efterlevande-

569 1045 147 38 skyddet
737 1045 111 37 jämte
869 1046 102 30 halva
994 1045 341 39 ålderspensionen”.
