1882 2812
278 138 18 29 2
674 139 378 32 Jordbruksutskottets
1075 139 177 32 utlåtande
1275 149 41 21 nr
1342 141 49 29 37.

280 225 135 29 bottens
442 224 76 30 läns
547 223 231 36 lappmarker,
806 223 220 30 beträffande
1053 223 92 30 vilka
1172 224 99 35 lagen
1301 232 58 21 om
1386 223 357 36 allmänningsskogar
1774 223 7 29 i

282 275 172 29 Norrland
476 275 64 29 och
565 274 152 30 Dalarna
739 275 78 35 äger
841 273 228 36 tillämpning.
1093 273 127 37 Anslag
1245 272 97 37 utgår
1366 273 170 36 därjämte
1561 273 48 30 till
1633 276 147 27 motsva-

280 325 106 29 rande
415 325 217 29 verksamhet
661 323 21 31 å
710 324 42 30 de
779 324 11 30 i
820 325 19 28 4
867 324 145 36 kapitlet
1038 322 309 38 skogsvårdslagen
1375 324 232 30 omförmälda
1638 324 142 36 skydds-

282 375 181 36 skogarna,
487 374 99 30 såvilt
611 375 40 29 de
673 375 60 29 äro
758 375 144 35 belägna
924 374 11 30 i
962 374 192 30 Jämtlands
1180 374 64 30 och
1272 374 241 36 Kopparbergs
1535 374 68 30 län.

326 426 235 29 Norrländska
584 424 578 37 skogsproduktionsutredningens
1183 424 127 36 förslag
1339 424 88 39 (stat.
1449 424 62 30 off.
1533 427 65 27 utr.
1622 425 98 29 1940:
1734 424 48 38 3).

281 476 91 30 vilka
392 474 78 38 lågo
493 475 50 30 till
563 476 110 35 grund
694 475 55 30 för
772 475 121 36 Kungl.
916 474 118 37 Maj:ts
1056 475 229 30 förenämnda
1309 475 216 36 proposition
1546 484 42 20 nr
1610 471 172 41 190/1940,

280 535 81 21 voro
390 535 96 21 mera
519 526 223 31 omfattande.
776 526 114 36 Enligt
922 526 175 30 desamma
1128 525 110 30 skulle
1267 533 123 28 genom
1423 525 358 36 bidragsverksamhet

282 576 129 37 stödjas
434 576 358 36 skogsproduktionen
810 576 20 36 i,
855 576 154 30 förutom
1029 576 124 36 skogar
1175 585 74 20 som
1269 576 79 36 lyda
1367 576 110 29 under
1502 576 81 29 1932
1608 574 56 31 års
1685 576 96 35 lapp-

281 627 184 36 markslag,
493 625 128 38 jämväl
649 626 125 36 skogar
799 626 10 30 i
835 626 256 30 Västerbottens
1121 626 66 30 och
1216 626 223 30 Norrbottens
1470 626 66 35 län,
1562 626 220 29 beträffande

281 678 92 30 vilka
393 678 101 36 lagen
515 687 57 21 om
592 677 357 37 allmänningsskogar
970 678 11 29 i
1003 677 170 31 Norrland
1195 678 65 29 och
1281 677 153 31 Dalarna
1455 678 79 35 äger
1553 676 229 38 tillämpning,

281 728 124 36 skogar
421 728 10 29 i
454 728 309 35 Västernorrlands,
780 727 205 35 Jämtlands,
1005 727 255 29 Västerbottens
1277 728 64 29 och
1361 727 223 29 Norrbottens
1602 727 67 36 län,
1691 727 91 29 vilka

281 780 59 28 äro
364 778 257 30 underkastade
647 777 306 30 bestämmelserna
979 777 8 29 i
1014 776 315 37 skogsvårdslagen,
1359 780 90 27 samt
1474 777 11 29 i
1509 778 19 28 4
1556 778 79 35 kap.
1666 777 115 35 skogs-

281 828 204 37 vårdslagen
509 828 147 30 avsedda
679 827 288 37 svårföryngrade
991 828 122 35 skogar
1138 828 66 29 och
1226 827 256 37 skyddsskogar
1506 827 11 29 i
1541 827 243 36 Kopparbergs

280 880 67 35 län,
365 879 95 30 vilka
479 878 140 37 tidigare
636 879 61 36 lytt
720 879 107 29 under
845 878 66 30 den
931 878 54 30 för
1003 878 255 37 skyddsskogar
1278 878 160 36 gällande
1458 877 323 37 särlagstiftningen.

281 930 13 29 I
315 930 155 29 nämnda
492 929 212 36 proposition
728 938 41 20 nr
793 924 160 41 190/1940
976 928 148 36 företogs
1148 937 43 22 en
1214 928 231 36 begränsning
1469 938 42 20 av
1533 928 248 30 verksamhets-

281 978 157 32 området
459 980 10 29 i
493 978 216 31 förhållande
732 979 50 30 till
800 979 68 30 vad
887 979 228 36 utredningen
1137 978 185 36 föreslagit.
1348 977 154 31 Sålunda
1521 979 151 29 uttalade
1696 978 86 30 före-

280 1030 177 36 dragande
484 1029 385 37 departementschefen,
901 1029 109 30 bland
1035 1032 115 32 annat,
1181 1032 49 26 att
1256 1027 265 37 ifrågavarande
1547 1027 236 36 stödåtsvärder

282 1082 106 30 borde
410 1081 37 31 få
469 1081 206 30 karaktären
698 1089 44 21 av
760 1091 43 20 en
824 1080 359 30 försöksverksamhet
1204 1081 64 29 och
1291 1083 49 28 att
1361 1081 115 29 denna
1499 1080 104 30 borde
1625 1079 159 31 bedrivas

281 1130 20 30 å
326 1131 41 30 de
391 1130 168 37 egentliga
582 1130 386 37 lappmarksskogarna,
992 1130 30 30 d.
1048 1140 29 20 v.
1104 1139 26 20 s.
1157 1130 71 29 dels
1251 1130 41 29 de
1315 1129 135 36 skogar,
1476 1139 73 20 som
1571 1130 77 29 löde
1675 1130 108 29 under

284 1182 80 29 1932
385 1180 57 32 års
462 1181 267 36 lappmarkslag,
753 1182 64 29 och
837 1180 72 30 dels
930 1180 125 36 skogar
1075 1180 96 31 inom
1192 1180 257 29 Västerbottens
1470 1180 64 29 och
1558 1180 224 29 Norrbottens

281 1233 73 29 läns
380 1232 233 36 lappmarker,
635 1231 219 30 beträffande
879 1231 94 30 vilka
995 1231 97 35 lagen
1116 1240 58 21 om
1197 1230 357 36 allmänningsskogar
1577 1230 10 29 i
1612 1230 171 30 Norrland

281 1283 63 29 och
368 1282 154 30 Dalarna
545 1282 83 36 ägde
648 1281 228 36 tillämpning.
900 1280 180 39 Härjämte
1099 1281 114 30 skulle
1238 1281 41 29 de
1299 1280 11 29 i
1331 1281 19 29 4
1372 1281 81 35 kap.
1477 1279 305 37 skogsvårdslagen

281 1333 233 30 omförmälda
532 1332 310 36 skyddsskogarna,
860 1329 102 32 såvitt
983 1331 41 30 de
1040 1340 79 21 vore
1136 1331 146 36 belägna
1301 1331 10 29 i
1330 1331 241 36 Kopparbergs
1590 1331 65 29 och
1675 1331 106 30 Jämt-

280 1383 99 30 lands
403 1383 69 35 län,
499 1383 189 36 inrymmas
712 1382 109 30 under
844 1381 273 32 verksamheten,
1146 1381 64 30 Det
1236 1381 10 29 i
1273 1381 340 30 överensstämmelse
1638 1382 146 29 härmed

280 1434 214 36 begränsade
516 1431 392 32 verksamhetsområdet
930 1435 192 26 motsvarar
1143 1432 10 29 i
1174 1434 84 27 stort
1280 1435 62 26 sett
1366 1432 42 29 de
1430 1432 132 38 skogar,
1584 1441 75 20 som
1680 1432 101 35 enligt

281 1484 245 36 utredningens
552 1483 128 36 förslag
702 1483 109 29 skulle
833 1481 133 31 erhålla
991 1485 46 27 ett
1058 1481 103 37 något
1185 1482 104 36 högre
1314 1482 122 36 bidrag
1460 1483 45 29 än
1528 1481 116 37 övriga
1670 1482 112 30 hithö-

280 1535 107 29 rande
407 1534 135 36 skogar.

325 1583 136 37 Frågan
481 1594 56 20 om
555 1593 41 21 en
613 1583 202 36 utvidgning
832 1593 41 20 av
894 1583 68 29 den
977 1583 79 29 med
1071 1582 123 37 bidrag
1213 1581 78 31 från
1307 1581 264 37 ifrågavarande
1589 1583 120 35 anslag
1727 1583 54 29 be-

282 1635 121 31 drivna
428 1635 261 30 verksamheten
714 1634 50 30 till
787 1637 47 28 att
859 1643 82 21 avse
964 1636 85 29 även
1073 1634 110 30 andra
1207 1634 123 36 skogar
1354 1635 45 29 än
1424 1634 87 36 dem,
1536 1643 73 21 som
1634 1635 81 30 med
1736 1644 48 21 nu

281 1686 158 35 gällande
459 1685 257 30 bestämmelser
734 1684 118 30 kunna
869 1684 94 29 bliva
986 1683 169 36 delaktiga
1175 1693 41 20 av
1235 1683 120 36 bidrag
1377 1682 80 31 från
1477 1684 160 35 anslaget,
1658 1684 65 29 har
1744 1684 37 29 ti-

282 1735 115 37 digare
421 1735 88 31 varit
532 1734 144 31 föremål
700 1734 54 30 för
778 1734 211 36 behandling
1008 1734 12 29 i
1039 1734 195 36 riksdagen.
1257 1734 14 30 I
1295 1733 55 31 två
1376 1734 57 30 vid
1461 1734 82 30 1943
1565 1733 55 30 års
1643 1734 140 36 riksdag

281 1787 123 30 väckta
428 1786 220 36 likalydande
669 1785 179 36 motioner,
870 1784 176 36 nämligen
1066 1784 28 30 I:
1112 1785 60 29 142
1198 1794 42 20 av
1261 1785 79 29 herr
1361 1783 186 31 Carlström
1572 1785 65 29 och
1659 1785 45 29 II:
1720 1786 60 28 217

283 1847 41 20 av
349 1837 81 30 herr
455 1837 194 30 Andersson
675 1837 11 29 i
713 1836 219 37 Hedensbyn,
959 1835 220 31 hemställdes
1208 1835 144 31 sålunda
1377 1839 50 26 att
1452 1835 182 37 riksdagen
1662 1835 11 30 i
1698 1836 85 30 skri-

281 1888 88 29 velse
396 1887 50 30 till
472 1887 122 36 Kungl.
619 1885 102 37 Maj:t
746 1885 104 31 måtte
871 1885 192 36 hemställa,
1090 1887 49 28 att
1161 1885 230 30 förenämnda
1414 1885 203 36 kungörelse
1642 1894 42 20 nr
1709 1882 73 39 599/

283 1938 82 30 1940
383 1936 108 31 måite
509 1937 124 30 ändras
653 1935 38 31 så
708 1939 48 27 att
773 1936 119 36 bidrag
910 1934 81 31 från
1007 1936 154 35 anslaget
1182 1935 10 30 i
1212 1934 97 37 fråga
1326 1935 88 30 efter
1432 1936 182 29 enahanda
1633 1936 149 36 grunder

280 1998 73 20 som
373 1988 10 29 i
407 1987 110 36 övrigt
536 1988 110 36 gällde
659 1987 117 30 kunde
789 1985 79 37 utgå
881 1985 133 37 jämväl
1027 1986 48 29 till
1089 1984 368 38 skogsvårdsåtgärder
1471 1984 19 31 å
1504 1986 132 36 skogar,
1661 1986 119 37 lydan-

281 2038 40 31 de
355 2038 114 31 under
505 2038 175 29 allmänna
715 2035 316 38 skogsvårdslagen,
1070 2036 146 36 belägna
1255 2037 92 29 inom
1386 2035 120 37 Pajala
1541 2036 127 30 socken
1704 2036 79 30 med

280 2089 280 30 Muonionalusta
586 2088 168 36 kapellag,
784 2087 237 37 Junosuando,
1049 2087 169 35 Tärendö,
1247 2086 259 36 Korpilombolo
1532 2088 64 29 och
1623 2082 158 35 Övertor-

280 2139 63 31 neå
359 2140 150 30 socknar
527 2139 10 29 i
553 2139 223 29 Norrboitens
793 2138 67 31 län.

323 2190 370 34 Jordbruksutskottet,
717 2188 50 30 till
789 2188 104 30 vilket
916 2188 216 30 motionerna
1156 2187 216 36 hänvisades,
1399 2188 203 30 hemställde
1623 2188 87 30 efier
1734 2191 46 27 att

279 2242 46 29 ha
340 2240 173 31 irhämtat
528 2239 158 38 yttrande
705 2237 78 32 från
802 2238 267 37 skogsstyrelsen
1086 2238 10 29 i
1112 2237 178 31 utlåtande
1306 2247 40 21 nr
1362 2234 151 41 23/1943,
1532 2241 47 27 att
1597 2238 183 31 motioner-

280 2300 44 21 na
348 2291 76 30 icke
447 2289 104 32 måtte
575 2289 180 31 föranleda
777 2287 113 38 någon
912 2288 201 37 riksdagens
1136 2287 131 37 åtgärd,
1293 2289 106 30 vilket
1420 2287 105 31 också
1548 2289 76 30 blev
1648 2289 133 30 riksda-

280 2350 80 28 gens
382 2342 123 29 beslut.
532 2341 14 29 I
572 2340 109 36 övrigt
704 2339 145 32 anförde
871 2339 168 30 utskottet
1060 2338 168 37 följande:

326 2401 33 30 »E
376 2400 111 30 likhet
506 2399 78 30 med
605 2398 269 37 skogsstyrelsen
893 2406 101 21 anser
1015 2398 165 30 utskottet
1203 2397 88 31 vissa
1312 2398 76 30 skäl
1409 2398 68 30 tala
1498 2398 53 30 för
1570 2398 55 30 det
1646 2408 43 21 av
1710 2408 71 21 mo-

280 2443 197 30 tionärerna
496 2441 192 36 framlagda
708 2440 160 36 förslaget
889 2442 50 27 att
960 2440 65 30 den
1042 2440 78 30 med
1141 2440 121 36 bidrag
1282 2439 78 31 från
1381 2441 152 35 anslaget
1552 2440 49 30 till
1624 2439 160 38 åtgärder

280 2485 54 31 för
359 2485 95 30 ökad
480 2483 314 38 skogsproduktion
817 2482 10 29 i
853 2482 173 30 Norrland
1050 2492 44 20 m.
1118 2492 47 20 m.
1193 2482 165 31 bedrivna
1386 2483 262 30 verksamheten
1677 2482 107 32 måtte
