1903 2835
505 167 304 33 Bankoutskottets
824 170 170 32 memorial
1010 181 40 21 nr
1065 173 17 29 1
1102 170 35 32 år
1153 174 82 29 1969
1574 179 39 29 dä

124 243 103 41 Kontor
471 250 104 26 Kronor
657 250 154 27 Kostnaden
831 261 74 17 avser
924 253 213 32 huvudsakligen:

125 312 168 41 Göteborg
463 318 38 28 10
516 318 58 28 100
657 315 99 33 Yttre
770 317 61 31 och
844 317 68 32 inre
925 318 299 40 målningsarbeten
1240 324 86 27 samt
1341 321 119 39 utbyte
1475 333 41 20 av
1531 322 81 40 glas-

659 374 75 28 ruta
753 370 9 32 i
780 370 199 33 affärslokal.

126 420 103 31 Gävle
443 426 57 27 151
514 426 60 28 400
657 423 210 42 Renovering
882 436 43 20 av
942 425 215 41 fastighetens
1174 426 129 33 fasader
1321 433 86 27 samt
1424 430 186 39 reparation

658 489 42 20 av
718 478 140 31 badrum
878 479 10 31 i
905 479 204 32 direktörens
1128 479 129 33 bostad.

124 527 177 33 Halmstad
442 533 58 28 110
513 534 60 28 800
656 531 210 41 Renovering
891 544 43 20 av
959 533 216 41 fastighetens
1201 534 129 33 fasader
1356 536 161 32 inklusive
1545 549 65 28 nya

659 585 113 32 dörrar
790 586 48 31 till
857 586 186 40 inkörsport
1063 588 60 31 och
1142 599 45 28 ny
1206 588 195 42 beläggning
1418 591 42 38 på
1479 591 132 40 gården.

124 634 227 33 Kristianstad
463 641 37 27 10
514 641 59 28 600
657 638 99 32 Yttre
775 640 60 30 och
854 639 68 32 inre
940 640 299 41 målningsarbeten
1258 648 86 27 samt
1362 644 188 39 reparation
1568 656 43 21 av

658 692 125 32 fönster
803 693 61 32 och
884 693 225 34 fönsterlister.

123 742 185 41 Linköping
463 748 37 29 13
513 748 60 29 500
658 746 318 40 Golvreparationer,
1005 749 309 40 målningsarbeten,
1342 751 198 41 utvidgning
1567 764 42 21 av

657 800 178 38 hisschakt,
857 802 105 31 ökade
983 802 178 32 kostnader
1180 803 50 31 för
1251 803 215 41 fastighetens
1487 807 124 30 anslut-

657 853 79 41 ning
762 854 49 32 till
840 855 133 32 stadens
1001 857 195 31 värmeverk
1224 863 86 27 samt
1337 858 203 33 installation
1568 872 42 20 av

657 908 125 38 portlås
799 909 61 31 och
878 909 245 39 porttelefoner.

125 957 102 40 Visby
461 963 39 29 20
513 964 60 28 800
656 961 183 41 Målnings-
859 963 60 31 och
940 964 212 39 golvarbeten
1172 965 10 31 i
1202 965 267 39 banklokalerna,
1490 972 120 27 termo-

657 1016 214 39 statreglerad
885 1016 205 33 shuntventil
1105 1018 49 31 till
1168 1020 362 41 värmeanläggningen,
1545 1033 66 28 nya

658 1069 103 39 spisar
782 1080 43 20 m.
847 1081 44 20 m.
914 1070 9 31 i
945 1070 379 41 bostadslägenheterna.

124 1119 123 33 Örebro
461 1126 39 28 25
514 1127 59 28 000
658 1124 210 41 Upplagning
896 1126 61 31 och
984 1127 172 41 rengöring
1185 1139 42 21 av
1256 1129 114 33 taklist
1397 1130 61 32 och
1486 1131 125 32 barriär

657 1179 75 30 med
752 1178 204 41 lejongrupp.

124 1229 181 33 Östersund
441 1236 59 28 100
514 1237 59 27 000
657 1234 209 41 Renovering
881 1247 41 20 av
939 1236 173 33 fasaderna
1128 1243 86 27 samt
1229 1238 202 33 installation
1446 1252 42 20 av
1505 1246 106 27 trans-

657 1288 143 39 porthiss
826 1290 119 31 mellan
973 1290 282 42 bottenvåningen
1282 1293 61 32 och
1370 1295 77 31 valv
1474 1294 9 31 i
1510 1295 101 32 källa-

656 1352 67 21 ren.

168 1463 214 41 Sluträkning
402 1465 44 39 på
467 1465 40 32 de
528 1466 105 31 ökade
655 1467 178 32 kostnader
854 1468 199 32 riksbanken
1074 1470 86 32 hade
1181 1475 52 28 att
1253 1471 185 34 vidkännas
1459 1473 50 32 för
1530 1474 81 40 byg-

127 1517 106 39 gande
253 1528 42 20 av
316 1518 260 32 kontorslokaler
603 1520 3 31 i
636 1520 76 32 Um
725 1521 48 32 cå
803 1522 59 31 har
883 1523 103 31 under
1006 1523 71 32 året
1097 1524 192 33 likviderats
1308 1527 76 31 med
1404 1530 40 28 24
1457 1531 59 28 000
1538 1528 73 31 kro-

127 1581 60 20 nor
204 1571 61 31 och
284 1571 40 31 de
342 1572 106 31 totala
467 1572 222 33 kostnaderna
706 1575 127 40 uppgår
851 1576 136 32 därmed
1005 1577 49 31 till
1072 1581 60 28 294
1145 1581 60 29 000
1225 1579 129 32 kronor.

844 1692 16 40 8
884 1696 50 29 25.

167 1761 234 32 Riksbankens
422 1762 188 31 industrier:
633 1763 96 31 Inom
752 1775 113 20 ramen
889 1765 50 31 för
962 1766 63 30 den
1049 1767 140 39 treåriga
1212 1769 325 40 avtalsuppgörelsen
1561 1771 49 31 för

127 1814 63 31 den
211 1814 433 34 kollektivavtalsanställda
664 1817 324 39 arbetarpersonalen
1009 1819 55 31 vid
1087 1820 266 40 sedeltryckeriet
1374 1823 60 31 och
1451 1821 160 47 Ppappers-

127 1867 120 32 bruket
263 1868 60 31 har
338 1869 215 31 lönerevision
571 1870 189 32 verkställts
777 1870 50 32 för
842 1872 263 39 pappersbruket
1122 1874 63 31 den
1204 1878 38 27 12
1258 1874 144 33 februari
1418 1877 61 31 och
1497 1877 50 32 för
1563 1889 47 21 se-

127 1921 232 39 deltryckeriet
379 1923 64 30 den
463 1926 18 28 3
501 1923 82 38 april
606 1927 89 33 1968,
716 1925 162 31 avseende
898 1925 91 31 tiden
1010 1927 63 30 den
1096 1930 11 27 1
1133 1927 144 32 februari
1299 1932 160 30 1968—31
1481 1930 129 39 januari

129 1978 89 28 1969.

167 2028 285 40 Sedeltryckeriet.
475 2030 265 40 Tillverkningen
763 2043 42 20 av
829 2032 105 31 sedlar
955 2033 105 31 under
1081 2034 37 31 år
1141 2038 79 28 1968
1242 2035 61 32 har
1325 2036 72 40 gått
1420 2034 189 49 planenligt.

127 2081 145 32 Sålunda
288 2082 59 31 har
363 2082 10 31 i
389 2083 388 32 helrotationsmaskinen
793 2086 129 38 tryckts
941 2089 73 28 100-
1029 2087 60 31 och
1108 2088 307 34 10-kronorssedlar.
1432 2091 177 42 Samtidigt

126 2135 60 30 har
203 2135 278 32 5-kronorssedlar
497 2137 61 31 och
575 2138 63 30 den
655 2142 62 35 typ
733 2150 43 19 av
794 2139 306 39 10-kronorssedlar,
1118 2152 69 20 som
1205 2146 119 36 utgavs
1342 2145 75 30 med
1434 2145 176 41 anledning

126 2200 42 20 av
187 2188 217 33 riksbankens
424 2190 298 39 300-årsjubileum,
743 2193 128 38 tryckts
892 2193 9 31 i
921 2194 102 32 andra
1043 2195 225 39 tryckpressar
1286 2198 103 30 under
1410 2198 65 32 viss
1495 2200 51 31 del
1567 2212 42 19 av

126 2242 80 32 året.
222 2243 137 32 Antalet
375 2244 104 31 under
495 2244 71 32 året
584 2245 131 39 tryckta
731 2246 165 32 brukbara
914 2248 105 31 sedlar
1033 2248 144 40 uppgick
1193 2249 47 32 till
1259 2252 218 40 sammanlagt
1495 2264 37 21 ca
1550 2257 59 29 120

126 2296 150 39 miljoner
294 2298 105 30 sedlar
416 2298 209 40 (föregående
642 2299 35 31 år
696 2303 58 27 117
771 2300 106 40 milj.).

168 2350 233 40 Tryckningen
418 2363 42 20 av
480 2352 181 38 produkter
679 2353 49 31 till
746 2354 103 31 andra
866 2354 173 32 beställare
1058 2358 42 29 än
1120 2355 199 34 riksbanken
1336 2378 42 4 —
1396 2360 213 32 huvudsakli-

127 2414 60 29 gen
205 2405 104 30 andra
328 2405 133 40 statliga
479 2405 224 33 institutioner
720 2426 42 4 —
778 2407 60 32 har
856 2408 89 31 skett
963 2408 10 31 i
991 2409 137 40 ungefär
1146 2421 125 22 samma
1290 2413 230 42 utsträckning
1539 2426 69 20 som

126 2458 103 30 under
250 2458 138 39 tidigare
408 2459 46 31 år.
475 2459 375 41 Försäljningssumman
872 2462 82 30 exkl.
976 2464 174 31 varuskatt
1173 2465 142 40 uppgick
1337 2466 49 31 till
1408 2468 101 39 något
1531 2471 78 29 över

127 2514 49 33 2,6
193 2511 73 31 mkr
283 2511 209 41 (föregående
508 2513 36 31 år
560 2517 49 34 2,8
626 2514 99 39 mkr).
