1904 2850
328 188 18 28 2
648 187 417 37 Bevillningsutskottets
1085 188 225 32 betänkande
1328 189 51 31 Nr
1406 189 51 31 44.

326 265 51 30 att
411 273 42 21 en
488 263 278 37 taxeringsenhet
800 263 88 31 skall
924 264 162 35 uppdelas
1110 265 12 29 i
1145 265 83 31 flera
1263 266 316 36 taxeringsenheter
1601 267 84 32 eller
1708 268 82 31 flera

283 316 318 37 taxeringsenheter
623 316 97 31 skola
743 316 226 31 sammanslås
992 316 56 31 till
1071 326 52 27 en,

326 371 53 29 att
401 369 68 31 fast
492 368 182 37 egendoms
698 368 105 31 värde
827 377 122 28 genom
973 369 173 37 eldsvåda,
1172 370 205 31 vattenflöde
1401 371 83 31 eller
1499 382 45 20 av
1560 383 116 20 annan
1692 373 97 37 dylik

282 421 188 36 anledning
505 421 83 30 eller
622 429 122 27 genom
779 421 208 35 nedrivning
1022 431 46 20 av
1102 422 162 36 byggnad
1298 423 84 30 eller
1409 423 319 38 skogsavverkning
1752 427 38 28 så

284 473 149 36 nedgått,
467 474 51 29 att
546 472 247 36 förändringen
816 472 192 31 föranleder
1031 482 42 21 en
1097 473 201 36 minskning
1321 484 45 20 av
1390 475 299 36 taxeringsvärdet
1712 477 76 30 med

285 526 105 30 minst
413 534 41 22 en
478 524 168 36 femtedel,
1640 540 2 3 |

326 578 82 30 eller
442 579 51 29 att
526 578 67 30 fast
615 577 182 36 egendoms
821 577 105 31 värde
949 579 43 34 på
1015 578 112 36 grund
1151 589 45 19 av
1220 588 69 27 ny-,
1313 579 67 30 till-
1403 579 84 31 eller
1510 580 217 37 ombyggnad
1751 583 37 29 så

282 630 156 36 förhöjts,
461 632 51 29 att
536 640 69 26 ny-,
629 629 69 31 till-
721 629 83 31 eller
827 630 264 36 ombyggnaden
1114 630 194 31 föranleder
1331 641 42 21 en
1388 632 132 36 ökning
1537 643 46 20 av
1602 633 186 36 taxerings-

281 682 122 30 värdet
426 682 75 30 med
526 682 106 29 minst
655 691 42 20 en
720 681 168 30 femtedel.

325 734 75 30 Har
423 734 13 29 i
459 733 179 36 fastighets
662 733 282 35 taxeringsvärde
968 733 179 31 inräknats
1163 734 121 31 värdet
1300 744 45 21 av
1361 735 175 36 egendom,
1553 746 73 20 som
1642 737 145 30 allenast

280 787 44 34 på
355 785 112 37 grund
502 795 45 20 av
581 784 221 37 registrering
838 785 109 36 enligt
982 785 101 37 lagen
1122 786 66 30 den
1222 787 41 29 22
1297 786 79 36 juni
1411 787 84 31 1920
1519 788 77 31 med
1620 789 92 31 vissa
1735 789 52 30 be-

279 838 214 31 stämmelser
527 847 55 21 om
618 837 223 36 registrering
875 848 43 20 av
953 838 187 31 elektriska
1167 838 256 37 anläggningar
1446 842 90 29 samt
1558 851 56 20 om
1638 842 69 30 rätt
1731 841 55 31 till

279 890 165 31 elektrisk
478 890 94 30 kraft
605 899 45 20 m.
676 899 44 20 m.
756 891 126 29 ansetts
906 890 83 30 höra
1013 890 54 31 till
1091 891 218 35 fastigheten,
1334 893 56 29 må
1413 892 61 30 ock
1498 894 78 34 nytt
1599 893 188 36 taxerings-

280 942 105 30 värde
408 943 137 29 åsättas.
1428 944 3 5 |

996 1010 70 40 35.

324 1080 67 31 Vid
415 1080 177 31 åsättande
615 1091 44 19 av
684 1090 68 26 nya
776 1080 306 36 taxeringsvärden
1105 1081 109 36 enligt
1238 1082 18 29 2
1281 1082 17 37 $
1321 1082 96 30 skola
1441 1081 40 31 de
1506 1083 11 29 i
1540 1082 246 37 förordningen

279 1143 56 19 om
358 1132 132 30 allmän
513 1132 341 35 fastighetstaxering
877 1133 40 29 år
940 1132 84 30 1922
1050 1132 196 31 meddelade
1267 1134 214 30 föreskrifter
1497 1134 104 31 lända
1617 1135 55 30 till
1688 1135 97 30 efter-

279 1184 146 35 rättelse,
450 1184 84 30 dock
558 1184 76 30 med
660 1184 220 36 iakttagande
904 1184 117 36 därav,
1045 1186 51 29 att
1120 1184 12 30 i
1156 1185 180 35 fastighets
1352 1186 283 36 taxeringsvärde
1651 1187 30 36 ej
1695 1187 90 30 skall

279 1236 165 31 inräknas
478 1236 121 31 värdet
626 1246 43 21 av
693 1236 176 36 egendom,
893 1246 73 20 som
988 1236 147 31 allenast
1157 1238 43 35 på
1224 1238 112 35 grund
1360 1248 44 20 av
1429 1239 223 36 registrering
1676 1239 109 36 enligt

279 1289 100 35 lagen
403 1289 65 30 den
492 1289 40 30 22
556 1289 78 35 juni
658 1289 84 30 1920
766 1289 127 30 ansetts
917 1288 84 31 höra
1024 1289 56 30 till
1095 1289 216 36 fastigheten.
1351 1290 216 37 Taxeringen
1582 1291 90 31 skall
1688 1292 97 30 verk-

277 1341 119 31 ställas
420 1341 76 31 med
521 1341 135 37 hänsyn
679 1341 55 31 till
758 1341 55 31 det
835 1341 179 31 allmänna
1036 1341 159 37 prisläge,
1219 1352 73 21 som
1317 1343 90 35 legat
1430 1343 55 31 till
1502 1344 112 35 grund
1631 1344 53 30 för
1700 1344 83 31 1922

277 1395 56 28 ärs
357 1394 168 35 taxering.

913 1573 237 48 Förslag

1002 1645 55 30 till

299 1702 215 40 förordning
537 1711 55 23 om
618 1703 178 32 särskilda
818 1704 158 39 grunder
999 1703 58 33 för
1080 1703 202 41 utgörande
1306 1713 41 23 av
1371 1705 396 40 kommunalutskylder

727 1764 59 32 för
809 1763 84 33 åren
920 1764 82 32 1925
1027 1765 65 32 och
1117 1764 84 32 1926
1225 1775 44 21 m.
1295 1775 43 22 wm.

321 1859 212 37 Härigenom
558 1860 187 36 förordnas,

320 1914 53 28 att
396 1912 200 30 kommunal
620 1913 288 35 progressivskatt
931 1914 89 30 skall
1044 1915 139 34 utgöras
1207 1914 53 30 för
1284 1916 78 28 vart
1385 1914 61 30 och
1470 1916 48 29 ett
1536 1925 46 19 av
1597 1919 83 26 åren
1698 1915 82 30 1925

276 1963 63 30 och
375 1964 94 36 1926,
504 1964 123 30 därvid
662 1964 42 31 de
738 1965 264 36 bestämmelser,
1037 1975 73 21 som
1134 1965 188 31 meddelats
1346 1966 11 30 i
1381 1966 246 36 förordningen
1651 1967 65 30 den
1740 1968 40 30 19

277 2015 183 31 november
484 2016 84 30 1920
593 2018 54 34 (nr
671 2017 75 37 761)
769 2027 56 20 om
848 2017 202 31 kommunal
1073 2018 287 36 progressivskatt
1383 2018 53 31 för
1456 2019 82 30 åren
1554 2019 226 36 1921—1924,

276 2067 76 31 med
388 2068 65 30 den
486 2068 151 31 ändrade
673 2069 127 36 lydelse
825 2071 17 29 4
867 2070 17 37 $
908 2070 12 29 i
944 2070 151 30 nämnda
1118 2070 202 36 förordning
1344 2071 140 30 erhållit
1507 2079 123 28 genom
1653 2072 127 30 förord-

277 2120 127 35 ningen
439 2120 65 30 den
529 2121 40 29 24
598 2120 152 31 februari
774 2121 83 30 1922
882 2123 54 35 (nr
961 2122 63 37 65),
1048 2122 95 30 skola
1167 2122 91 30 hava
1282 2122 240 30 motsvarande
1545 2123 234 35 tillämpning;

319 2173 52 29 ati
405 2172 53 30 för
491 2172 189 36 utgörande
714 2183 45 20 av
783 2175 78 29 vart
894 2174 62 30 och
991 2176 60 28 ett.
1071 2184 47 20 av
1148 2174 83 30 1925
1256 2174 62 30 och
1342 2174 83 30 1926
1450 2176 55 29 års
1528 2174 179 31 allmänna
1730 2177 50 28 ut-

276 2223 137 37 skylder
447 2224 51 30 till
537 2224 211 36 kommuner,
773 2225 244 37 församlingar
1040 2226 62 30 och
1125 2225 217 31 skoldistrikt
1364 2226 96 30 skola
1485 2244 38 3 —
1549 2229 85 28 utan
1658 2227 123 31 hinder

276 2286 43 20 av
344 2276 67 31 vad
435 2276 12 30 i
470 2276 288 37 förordningarna
781 2277 65 31 den
869 2278 41 30 21
934 2288 92 20 mars
1050 2278 83 31 1862
1158 2288 55 21 om
1238 2278 344 37 kommunalstyrelse
1605 2281 43 34 på
1664 2280 115 31 landet

276 2328 61 31 och
373 2329 12 29 i
419 2329 84 35 stad,
539 2329 246 37 förordningen
819 2330 66 31 den
912 2330 40 31 23
977 2331 70 36 maj
1073 2331 84 30 1862
1182 2341 55 20 om
1261 2331 345 36 kommunalstyrelse
1630 2332 12 30 i
1665 2332 114 31 Stock-

275 2380 104 36 holm,
404 2381 244 36 förordningen
672 2381 64 31 den
760 2383 39 29 21
825 2392 91 20 mars
941 2383 83 30 1862
1048 2393 56 20 om
1128 2383 258 36 kyrkostämma
1409 2385 89 29 samt
1521 2384 171 36 kyrkoråd
1717 2385 61 30 och

274 2432 147 35 skolråd,
456 2435 162 28 ävensom
654 2433 245 37 förordningen
934 2434 64 31 den
1033 2435 40 30 20
1109 2435 184 30 november
1328 2435 83 30 1863
1441 2445 55 20 om
1520 2436 258 36 kyrkostämma

274 2485 89 29 samt
397 2484 172 36 kyrkoråd
604 2485 61 30 och
700 2485 137 31 skolråd
870 2486 12 30 i
914 2486 198 31 Stockholm
1134 2487 139 35 stadgas
1298 2505 38 3 —
1362 2487 40 31 de
1425 2487 169 31 särskilda
1618 2488 159 36 grunder,
