1886 2794
282 150 38 29 20
677 153 117 30 Andra
815 152 238 37 lagutskottets
1077 150 177 31 utlåtande
1278 159 42 21 nr
1345 149 50 30 29.

328 236 13 28 I
360 236 95 29 detta
474 234 257 39 sammanhang
749 234 58 29 må
824 232 192 30 anmärkas
1033 232 51 30 att
1104 231 133 30 antalet
1255 238 174 32 personer,
1453 238 74 21 som
1548 227 163 31 sakfällts
1731 227 55 29 för

284 285 179 38 obehörigt
484 284 174 30 utövande
680 293 44 21 av
744 283 261 34 läkarkonsten,
1028 283 40 29 är
1088 281 141 39 mycket
1250 281 110 38 ringa.
1382 279 117 38 Enligt
1520 279 81 30 från
1624 277 163 30 statistis-

284 336 45 30 ka
347 335 244 39 centralbyrån
610 334 203 30 inhämtade
832 333 180 40 uppgifter
1029 332 161 39 utgjorde
1210 330 176 40 nämligen
1406 330 130 30 antalet
1556 329 56 30 för
1632 329 155 29 nämnda

285 386 91 29 brott
399 386 11 29 i
435 386 110 29 första
568 383 137 31 instans
732 383 174 31 sakfällda
928 391 164 31 personer
1116 382 112 30 under
1251 381 165 39 perioden
1442 378 233 31 1936—1947:

567 464 38 28 År
817 458 84 43 Antal
1213 460 39 28 År
1462 465 85 22 Antal

550 518 83 30 1936
859 517 18 29 9
1195 516 82 29 1942
1503 514 16 29 7

556 568 80 30 1937
863 567 18 29 5
1199 564 82 30 1943
1508 564 14 28 1

551 619 83 30 1938
860 619 16 28 7
1196 617 83 29 1944
1503 615 19 29 3

554 669 83 30 1939
862 668 19 29 9
1197 665 83 31 1945
1504 665 19 30 3

551 720 83 30 1940
859 719 19 29 8
1196 718 82 29 1946
1504 716 18 28 2

552 772 80 29 1941
860 770 17 30 ö
1197 768 82 29 1947
1503 765 20 30 4

932 921 221 33 Yttranden.

333 1005 235 30 Motionärens
589 1004 133 40 förslag
743 1014 58 20 om
820 1004 217 30 totalförbud
1057 1005 73 28 mot
1151 1003 191 30 utövandet
1362 1010 43 22 av
1426 1001 369 30 lekmannaverksam-

289 1056 58 30 het
373 1056 46 40 på
445 1056 270 30 läkarkonstens
742 1055 141 30 område
911 1054 160 30 förordas
1099 1054 149 30 allenast
1274 1062 44 21 av
1344 1052 155 39 Sveriges
1527 1051 267 31 läkarförbund.

290 1106 167 39 Samtliga
479 1105 118 40 övriga
619 1105 245 40 myndigheter
885 1105 67 30 och
974 1103 360 39 sammanslutningar
1356 1103 103 30 ställa
1482 1102 51 39 sig
1556 1101 168 39 antingen
1745 1100 51 31 di-

290 1158 77 29 rekt
384 1157 188 30 avvisande
591 1158 73 28 mot
683 1156 166 39 förslaget
868 1155 83 30 eller
969 1163 84 22 anse
1070 1156 51 28 att
1140 1154 129 30 förbud
1287 1153 76 30 icke
1381 1153 63 30 bör
1463 1153 160 30 utfärdas
1642 1152 56 30 för
1716 1153 79 28 när-

289 1208 163 30 varande.

333 1258 66 30 Det
422 1256 208 31 alternativa
651 1257 173 39 yrkandet
847 1256 12 29 i
883 1255 188 35 motionen,
1094 1256 52 29 att
1168 1255 133 38 förslag
1324 1253 53 30 till
1400 1253 150 39 ändring
1572 1262 43 21 av
1637 1251 159 40 behörig-

290 1308 180 40 hetslagen
495 1308 179 30 utarbetas
700 1307 46 40 på
772 1307 171 39 grundval
969 1316 42 20 av
1036 1305 379 39 medicinalstyrelsens
1444 1303 81 31 1941
1552 1303 148 39 avgivna
1726 1303 70 29 för-

291 1359 73 39 slag
382 1359 111 39 jämte
513 1367 122 21 senare
654 1367 120 21 vunna
792 1357 249 34 erfarenheter,
1060 1356 194 39 tillstyrkes
1274 1365 42 20 av
1335 1354 370 39 medicinalstyrelsen,
1726 1361 70 22 me-

291 1409 160 30 dicinska
475 1408 198 30 fakulteten
697 1407 58 31 vid
780 1407 241 30 universitetet
1044 1406 12 30 i
1081 1406 112 34 Lund,
1220 1404 257 39 lärarkollegiet
1501 1404 59 30 vid
1584 1403 212 31 Karolinska

291 1459 359 39 mediko-kirurgiska
669 1458 176 30 institutet
866 1444 93 43 sant
979 1456 200 31 alternativt
1201 1466 42 20 av
1264 1455 155 39 Sveriges
1440 1454 266 31 läkarförbund.
1728 1454 69 29 Me-

292 1510 161 30 dicinska
477 1510 198 31 fakulteten
701 1508 58 31 vid
785 1507 242 31 universitetet
1058 1507 5 29 i
1089 1507 155 40 Uppsala
1270 1507 71 29 kan
1366 1505 77 30 icke
1470 1505 142 30 förorda
1639 1514 43 20 en
1707 1504 90 30 hård

292 1559 379 40 förbudslagstiftning,
691 1568 82 21 men
793 1568 112 24 anser,
928 1560 51 28 att
999 1557 325 39 behörighetslagen
1344 1556 62 30 bör
1427 1557 137 29 överses
1585 1555 66 30 och
1672 1555 11 29 i
1703 1555 94 29 vissa

291 1612 196 30 avseenden
510 1611 100 39 göras
634 1619 98 21 mera
756 1608 157 31 effektiv.

333 1660 228 29 Beträffande
581 1659 168 39 förslaget
768 1668 57 20 om
846 1658 162 39 åtgärder
1027 1658 55 29 för
1103 1658 51 29 att
1173 1656 186 31 förhindra
1380 1655 209 30 ekonomisk
1608 1654 188 40 uppskört-

292 1712 84 40 ning
395 1720 124 32 genom
537 1710 214 41 försäljning
767 1720 43 21 av
827 1709 191 31 mediciner
1035 1718 103 21 anser
1155 1708 370 39 medicinalstyrelsen,
1545 1708 51 29 att
1614 1715 44 21 en
1676 1706 122 40 skärp-

291 1762 83 38 ning
400 1770 43 21 av
470 1760 267 30 straffsatserna
763 1760 54 29 för
841 1759 103 39 olaga
969 1757 427 39 läkemedelsförsäljning
1422 1758 38 28 är
1486 1755 176 41 påkallad.
1690 1755 107 30 Medi-

291 1812 122 29 cinska
433 1811 196 29 fakulteten
648 1811 59 29 vid
727 1810 241 29 universitetet
989 1809 11 28 i
1021 1809 101 29 Lund
1142 1808 66 29 och
1229 1807 256 38 lärarkollegiet
1505 1806 58 30 vid
1585 1806 211 29 Karolinska

291 1863 176 29 institutet
485 1862 138 33 föreslå,
644 1862 50 29 att
713 1870 42 20 en
772 1869 47 30 ny
836 1859 280 39 behörighetslag
1134 1858 250 39 kompletteras
1402 1858 80 29 med
1500 1856 222 30 föreskrifter
1742 1855 56 30 för

292 1914 51 29 att
360 1912 185 31 förhindra
563 1912 99 39 dylik
681 1911 269 40 uppskörtning.

337 1963 155 30 Svenska
518 1962 292 39 homeopaternas
835 1960 231 30 riksförbund
1094 1959 65 29 och
1186 1958 156 30 Svenska
1368 1957 206 39 föreningen
1600 1956 56 30 för
1682 1958 116 28 veten-

294 2015 137 39 skaplig
456 2013 201 40 homeopati
684 2013 166 39 avstyrka
876 2011 179 30 motionen
1081 2011 65 29 och
1173 2010 140 34 föreslå,
1341 2011 51 28 att
1418 2008 244 40 homeopatien
1689 2008 109 30 måtte

292 2064 100 38 göras
411 2063 53 29 till
485 2062 147 30 föremål
653 2062 56 30 för
728 2071 43 20 en
792 2061 138 39 allsidig
950 2061 64 29 och
1034 2059 326 39 förutsättningslös
1381 2058 274 39 undersökning,
1675 2057 122 31 varvid

292 2113 244 39 homeopatien
559 2113 63 30 bör
644 2121 84 21 vara
749 2111 264 39 representerad
1036 2110 10 29 i
1068 2110 71 29 lika
1162 2111 73 28 stor
1258 2108 245 39 utsträckning
1527 2117 76 21 som
1626 2109 67 29 den
1717 2107 79 30 offi-

292 2164 100 30 ciella
410 2164 208 30 medicinen.

336 2255 360 39 Medicinalstyrelsen
716 2255 101 29 anför
839 2253 251 39 inledningsvis
1110 2254 52 28 att
1182 2252 170 39 styrelsen
1372 2251 12 29 i
1404 2251 60 30 sitt
1485 2251 39 29 år
1545 2251 82 30 1941
1652 2250 147 38 avgivna

295 2308 131 38 förslag
443 2307 52 29 till
516 2316 46 29 ny
579 2306 57 39 lag
653 2315 57 21 om
731 2305 203 38 behörighet
955 2306 50 28 att
1024 2305 104 29 utöva
1146 2304 252 29 läkarkonsten
1417 2312 46 21 m.
1483 2312 45 19 m.
1551 2301 86 39 givit
1656 2300 141 40 uttryck

292 2358 36 29 ät
349 2358 54 29 sin
425 2356 228 40 uppfattning
673 2356 12 29 i
706 2355 210 30 hithörande
939 2354 127 38 frågor.
1089 2354 50 29 De
1162 2353 202 39 ytterligare
1387 2352 238 29 erfarenheter
1648 2351 150 30 rörande

296 2407 327 33 >kvacksalveriet>,
648 2415 77 20 som
749 2405 142 30 vunnits
915 2405 112 29 under
1049 2404 84 29 åren
1160 2402 227 34 1942—1950,
1410 2402 47 30 ha
1480 2402 107 39 enligt
1609 2401 190 39 styrelsens

293 2459 141 37 mening
454 2457 89 30 varit
564 2458 11 29 i
596 2458 89 28 stort
708 2457 67 29 sett
796 2455 173 29 likartade
989 2455 78 29 med
1089 2454 89 34 dem,
1202 2462 75 21 som
1299 2452 165 30 föranlett
1485 2452 149 30 berörda
1656 2451 141 39 förslag.
