1920 2846
284 191 39 30 86
774 195 233 28 Wtatsutskottets
1035 197 146 27 utlåtande
1204 198 48 28 Nr
1275 196 27 29 5.

63 270 150 39 Ortstillägg
224 270 41 24 till
338 267 103 42 100:0)
471 268 124 42 Kungl.
620 269 98 42 Maj:t
740 269 62 33 har
823 270 176 43 föreslagit
1021 271 183 43 riksdagen
1227 271 120 43 (punkt
1370 273 50 42 98)
1444 275 50 31 att
1517 274 51 33 till
1591 275 195 33 beredande

71 306 181 66 rn
283 330 39 20 av
356 319 192 42 ortstillägg
580 320 52 31 till
665 321 93 31 vissa
790 321 335 42 befattningshavare
1147 323 58 32 vid
1227 324 215 32 landsstaten
1465 324 11 32 i
1500 325 194 43 Göteborgs
1722 327 63 31 och

86 375 44 24 vid
148 375 89 41 lands-
283 369 119 32 Bohus
424 370 56 31 län
503 371 53 30 för
578 370 203 42 budgetåret
805 373 207 31 1924—1925
1035 374 118 31 anvisa
1176 376 49 29 ett
1241 377 94 29 extra
1351 376 118 40 anslag
1485 387 39 20 av
1540 377 94 37 3,600
1649 377 135 32 kronor.

60 411 84 55 staten
162 417 10 15 ?
192 409 71 24 Göte
335 419 237 42 Utredningen
595 421 11 31 i
631 423 113 30 ämnet
767 423 183 32 återfinnes
974 424 19 30 å
1016 423 63 32 sid.
1105 424 59 31 207
1189 424 64 32 och
1277 425 60 31 208
1360 425 11 30 i
1395 421 387 52 statsrådsprotokollet.

112 451 58 24 orgs
191 444 44 23 och

79 478 91 24 Bohus
189 478 53 24 län.

112 520 93 48 [98.]
335 513 112 32 Sedan
482 516 36 29 år
553 515 78 31 1921
663 514 84 33 hava
771 516 72 31 från
868 518 49 30 ett
939 517 53 31 för
1014 517 193 33 ändamålet
1229 518 141 43 beviljat
1392 521 95 30 extra
1509 520 119 42 anslag
1650 523 19 29 å
1691 522 94 37 3,750

280 564 127 32 kronor
428 565 53 31 för
503 566 37 30 år
561 566 120 31 räknat
704 566 191 42 ortstillägg
918 569 110 40 utgått
1050 568 53 32 till
1125 569 93 31 vissa
1239 569 206 42 tjänstemän
1469 571 63 31 och
1556 571 151 42 betjänte
1727 572 57 32 vid

280 615 214 32 landsstaten
517 616 12 31 i
553 615 194 43 Göteborgs
764 617 64 31 och
845 617 120 32 Bohus
981 619 56 30 län
1053 619 106 41 enligt
1175 631 41 19 av
1230 620 182 42 riksdagen
1428 621 182 41 godkända
1625 623 157 40 grunder.

333 665 77 32 Den
433 677 40 20 av
495 666 126 41 Kungl.
645 667 98 41 Maj:t
765 679 46 19 nu
834 668 191 41 föreslagna
1048 669 150 32 ändrade
1221 670 251 42 benämningen
1495 683 40 20 av
1551 673 153 41 anslaget
1720 673 64 32 och

281 715 239 43 minskningen
555 728 40 20 av
628 717 321 43 anslagsbeloppets
980 720 129 31 storlek
1131 721 37 30 är
1190 720 172 33 beroende
1384 723 53 40 på,
1462 724 50 29 att
1535 723 193 42 ortstillägg
1750 725 34 30 åt

281 768 55 30 två
358 767 227 32 vaktmästare
608 768 57 32 vid
688 768 256 43 länsstyrelsen,
970 781 73 21 som
1067 771 92 31 förut
1181 773 111 40 utgått
1316 772 72 32 från
1412 773 220 32 förevarande
1655 774 126 42 anslag,

280 828 141 22 numera
453 820 36 30 är
517 821 111 29 avsett
650 821 50 30 att
722 819 172 33 bestridas
917 821 73 31 från
1015 821 59 32 det
1096 822 109 32 under
1227 823 110 41 punkt
1361 824 59 32 108
1444 824 61 31 här
1527 824 112 32 nedan
1663 825 119 32 omför-

280 868 112 32 mälda
414 869 162 41 anslaget.

332 960 179 34 Utskottet
537 963 205 39 hemställer,

600 1058 49 29 att
682 1057 181 41 riksdagen
898 1060 54 30 må
985 1059 52 31 till
1071 1059 193 32 beredande
1288 1071 39 20 av
1351 1060 181 42 ortstillägg
1557 1061 50 32 till
1629 1061 87 32 vissa
1738 1063 44 31 be-

539 1106 293 41 fattningshavare
865 1107 55 33 vid
952 1109 199 31 landsstaten
1184 1110 14 31 i
1235 1109 171 41 Göteborgs
1439 1111 55 31 och
1520 1111 110 32 Bohus
1652 1112 56 31 län
1730 1112 53 31 för

549 1156 201 42 budgetåret
775 1158 206 32 1924—1925
1005 1158 117 32 anvisa
1145 1161 49 29 ett
1217 1161 94 30 extra
1334 1160 118 41 anslag
1475 1172 39 20 av
1537 1162 94 37 3,600
1646 1161 134 33 kronor.

63 1276 198 24 Polisväsendet
334 1266 102 42 101:0)
470 1267 81 32 Med
585 1268 238 42 tillstyrkande
856 1280 40 21 av
918 1270 96 31 bifall
1038 1270 53 32 till
1114 1271 125 42 Kungl.
1264 1272 116 41 Maj:ts
1404 1272 116 32 därom
1545 1273 119 41 gjorda
1686 1274 96 31 fram-

87 1310 40 31 på
145 1310 87 24 lands-
279 1317 163 42 ställning
464 1317 121 43 (punkt
600 1318 51 42 99)
668 1319 63 31 och
748 1320 109 31 under
869 1320 206 43 hänvisning
1088 1321 52 32 till
1153 1322 64 31 vad
1231 1323 379 41 statsrådsprotokollet
1622 1323 73 40 (sid.
1710 1324 72 41 209)

114 1387 63 46 [99
194 1363 21 70 ]
278 1367 11 31 i
313 1369 114 30 ämnet
449 1368 198 33 innehåller.
671 1370 51 31 får
744 1370 168 32 utskottet
935 1371 189 39 hemställan,

599 1464 51 30 att
671 1463 181 42 riksdagen
877 1466 62 37 må,
964 1465 10 30 i
998 1465 107 31 likhet
1128 1466 77 31 med
1229 1466 64 31 vad
1315 1466 53 32 för
1390 1466 229 33 innevarande
1642 1468 139 42 budget-

547 1515 36 29 år
616 1515 56 40 ägt
703 1526 84 26 rum,
811 1515 52 31 för
886 1515 202 42 budgetåret
1112 1517 207 32 1924—1925
1343 1517 52 31 till
1418 1518 151 41 avlöning
1593 1519 54 31 och
1669 1519 111 32 under-

546 1564 67 32 håll
640 1576 40 20 av
703 1576 38 21 en
763 1566 142 31 särskild
922 1567 200 40 polisstyrka
1140 1569 48 38 på
1210 1568 118 37 landet,
1354 1568 60 31 där
1437 1569 106 31 sådan
1567 1569 65 31 kan
1656 1581 40 19 av
1718 1570 63 31 för-

547 1614 204 32 hållandena
766 1616 161 41 påkallas,
945 1617 127 37 anvisa,
1089 1619 50 29 att
1155 1618 173 31 användas
1344 1618 10 31 i
1367 1619 180 31 huvudsak
1559 1620 85 30 efter
1655 1619 125 32 hittills

546 1664 157 41 gällande
726 1666 157 40 grunder,
908 1668 49 29 ett
980 1668 94 30 extra
1096 1667 266 42 förslagsanslag
1391 1679 40 21 av
1457 1670 165 37 1,200,000
1644 1670 135 31 kronor.

56 1769 155 32 Ersättning
234 1771 26 24 åt
334 1765 102 42 102:0)
452 1766 18 32 I
486 1767 151 41 enlighet
653 1768 78 31 med
747 1769 125 41 Kungl.
891 1769 115 42 Maj:ts
1022 1770 127 42 förslag
1164 1770 121 42 (punkt
1302 1771 70 41 100)
1388 1771 198 32 hemställer
1602 1772 177 39 utskottet,

82 1805 159 32 lappfogdar

115 1844 84 78 100.
598 1863 51 29 att
670 1861 182 42 riksdagen
875 1865 62 36 må,
962 1863 11 31 i
996 1863 109 32 likhet
1127 1864 78 31 med
1228 1864 65 31 vad
1315 1865 53 31 för
1389 1865 229 32 innevarande
1641 1866 139 42 budget-

100 1882 118 47 [100.]
546 1913 37 29 år
615 1913 56 39 ägt
704 1923 84 27 rum,
812 1912 53 31 för
898 1913 203 42 budgetåret
1126 1914 207 32 1924—1925
1356 1915 53 31 till
1432 1916 182 41 ersättning
1637 1918 34 30 åt
1693 1917 86 41 lapp-

541 1961 122 41 fogdar
685 1973 39 20 m.
748 1973 39 21 m.
802 1962 117 33 anvisa
935 1965 49 30 ett
997 1965 94 30 extra
1103 1964 350 43 reservationsanslag
1465 1977 40 21 av
1516 1967 116 38 43,550
1644 1967 133 32 kronor.

938 2127 179 39 Diverse.

63 2205 194 39 Ålderstillägg.
332 2208 102 43 103:0)
456 2210 126 41 Kungl.
607 2210 98 42 Maj:t
727 2211 61 32 har
810 2211 176 42 föreslagit
1009 2212 180 43 riksdagen
1213 2212 121 43 (punkt
1359 2214 69 41 101)
1451 2216 49 30 att
1524 2215 78 41 höja
1619 2215 58 31 det
1693 2215 84 32 ordi-

99 2255 119 47 [101.]
277 2259 94 33 narie
394 2260 300 43 förslagsanslaget
717 2262 53 31 till
793 2262 241 42 ålderstillägg,
1051 2274 47 20 nu
1114 2264 137 38 600,000
1265 2263 136 39 kronor,
1418 2264 78 32 med
1512 2265 115 38 50,000
1642 2266 134 34 kronor,

277 2310 52 32 till
352 2311 136 38 650,000
509 2311 134 32 kronor.

329 2404 69 31 Det
430 2404 170 32 ordinarie
633 2406 154 41 anslaget
821 2407 51 31 till
895 2407 232 42 ålderstillägg
1149 2419 58 20 var
1229 2409 11 30 i
1266 2409 80 31 1922
1368 2411 55 30 års
1447 2411 68 30 stat
1537 2412 166 39 upptaget
1725 2410 52 31 till

275 2454 137 39 450,000
442 2454 135 39 kronor,
611 2455 11 31 i
657 2458 111 29 staten
802 2457 53 31 för
887 2457 107 32 första
1016 2457 153 32 halvåret
1194 2459 80 31 1923
1297 2459 52 31 till
1373 2459 135 39 225,000
1530 2459 126 32 kronor
1679 2460 64 32 och
1766 2460 11 32 i

276 2506 111 30 staten
410 2504 53 33 för
485 2504 202 43 budgetåret
712 2507 207 33 1923—1924
941 2507 54 33 till
1017 2508 136 39 600,000
1175 2509 135 33 kronor.
