2205 2657
447 157 38 31 18
873 158 250 32 Stalsutskottets
1152 159 165 32 Utlätande
1341 161 60 32 N:o
1432 162 72 32 120.

399 238 121 49 slaget
549 240 62 36 till
639 240 381 48 handelsstipendier,
1049 251 80 24 som
1158 240 48 36 då
1233 242 136 48 utgick
1389 245 86 35 med
1495 245 159 36 allenast
1676 249 134 43 20,000
1832 247 154 47 kronor,

398 292 118 36 borde
545 292 60 37 för
631 293 116 36 bland
776 296 120 34 annat
924 294 109 36 detta
1062 293 179 37 ändamål
1268 295 119 48 höjas.

527 347 58 35 En
629 346 169 37 ledamot
838 347 13 35 i
891 346 256 48 nyssnämnda
1188 347 218 50 kommitté,
1449 363 159 25 numera
1649 353 171 47 envoyén
1861 354 40 35 G.
1945 356 39 34 0.

399 398 243 49 Wallenberg
682 400 173 36 uttalade
896 401 14 35 i
951 399 183 37 särskildt
1171 400 168 48 afgifven
1366 405 237 35 reservation
1632 405 73 36 den
1732 405 166 49 mening,
1928 409 59 33 att

397 451 132 47 dylika
556 451 61 37 för
644 455 301 46 exportagenter
974 452 154 37 afsedda
1157 454 211 47 stipendier
1395 457 118 36 borde
1542 460 104 45 uppå
1665 458 173 36 ansökan
1857 459 130 37 ställas

396 504 57 36 till
494 505 174 37 enskilda
697 508 121 34 större
846 506 318 37 industrifirmors
1184 507 228 48 disposition
1431 531 51 4 —
1501 510 72 37 och
1591 510 272 38 företrädesvis
1882 511 102 38 inom

395 557 141 36 sådana
576 558 219 48 branscher,
838 560 87 35 med
967 559 174 36 afseende
1183 563 21 32 å
1245 561 133 37 hvilka
1420 563 125 37 utsikt
1584 563 218 37 förefunnes
1843 565 60 36 för
1929 566 56 36 in-

394 611 209 36 arbetande
645 612 42 36 af
723 613 109 35 deras
864 612 299 48 tillverkningar
1197 617 21 32 å
1247 614 72 36 den
1348 615 206 38 utländska
1582 617 240 37 marknaden
1849 639 50 4 —
1926 619 60 36 för

394 664 239 36 utsändande
675 665 61 36 till
774 666 177 35 utlandet
992 665 42 36 af
1061 665 271 39 kvalificerade
1360 681 183 35 personer
1570 672 123 34 såsom
1722 671 143 36 ombud
1894 672 91 36 eller

394 718 160 44 agenter
593 716 60 36 för
693 716 213 47 främjande
947 717 44 36 af
1023 717 262 49 afsättningen
1313 720 42 35 af
1378 722 166 35 nämnda
1572 722 299 47 tillverkningar
1899 724 85 36 där-

392 768 136 37 städes.

520 822 422 48 Kommerskollegium,
988 835 81 24 som
1096 824 74 36 den
1200 827 46 34 23
1276 826 201 37 december
1508 830 93 34 1901
1634 828 107 48 afgaf
1766 827 216 38 infordradt

392 874 258 48 underdånigt
669 875 203 36 utlåtande
892 875 107 37 öfver
1017 876 125 36 denna
1162 877 61 36 del
1243 878 42 36 af
1295 879 176 36 handels-
1488 880 72 36 och
1576 880 406 47 sjöfartskommitténs

389 927 257 46 betänkande,
690 928 137 36 ställde
868 928 59 48 sig
968 929 215 37 emellertid
1211 931 49 36 då
1289 931 195 37 afvisande
1511 936 84 33 mot
1622 933 185 48 förslaget
1835 946 61 24 om
1924 935 56 35 in-

388 981 181 35 rättande
603 980 42 36 af
674 981 188 37 särskilda
890 981 210 49 stipendier
1127 982 60 37 för
1215 987 310 46 exportagenter.
1581 986 306 48 Hufvudsakliga
1916 1000 64 23 an-

388 1032 207 49 ledningen
636 1033 133 37 härtill
809 1047 70 23 var
921 1035 84 46 den,
1048 1037 60 34 att
1136 1036 73 36 den
1238 1038 161 36 svenska
1427 1039 216 36 industrien
1672 1039 123 48 enligt
1822 1040 159 47 kollegii

387 1086 156 47 mening
571 1087 49 35 då
647 1092 103 30 ännu
778 1087 86 36 icke
884 1090 88 34 nått
991 1088 74 36 den
1084 1090 236 47 utveckling,
1346 1094 61 33 att
1426 1092 220 36 densamma
1665 1092 130 36 kunde
1814 1093 88 35 med
1920 1096 60 33 ut-

387 1137 78 37 sikt
506 1139 61 35 till
608 1140 152 46 verklig
799 1140 204 47 framgång
1035 1141 242 38 konkurrera
1304 1144 87 36 med
1419 1145 46 35 de
1495 1147 122 34 större
1645 1144 334 39 industriidkande

386 1190 183 37 länderna
611 1194 22 33 å
673 1192 380 47 världsmarknaden,
1102 1194 72 36 och
1215 1197 60 34 att
1321 1196 130 36 därför
1492 1198 45 34 de
1578 1197 278 48 uppoffringar,
1899 1210 79 24 som

384 1254 140 35 genom
553 1244 130 46 dylika
713 1244 133 48 anslag
873 1245 86 36 från
987 1247 252 36 statsverkets
1267 1248 82 36 sida
1376 1249 154 36 komme
1559 1252 59 33 att
1636 1253 124 44 göras,
1782 1250 196 37 sannolikt

384 1295 85 36 icke
497 1296 123 36 skulle
650 1297 169 36 medföra
850 1297 169 47 åsyftadt
1046 1311 113 35 gagn.
1215 1301 87 36 Med
1330 1302 74 35 den
1433 1301 41 36 af
1497 1302 212 46 kollegium
1738 1303 160 36 sålunda
1922 1304 56 35 in-

387 1350 118 44 tagna
546 1349 242 47 ståndpunkt
828 1362 70 23 var
939 1351 73 35 ock
1053 1352 132 46 gifvet,
1217 1355 59 34 att
1304 1353 213 48 kollegium
1546 1360 49 30 än
1622 1355 150 36 mindre
1799 1355 93 36 fann
1920 1357 59 47 sig

386 1399 131 37 kunna
557 1401 249 48 understödja
848 1403 66 35 det
941 1403 13 35 i
982 1403 249 38 förenämnda
1259 1406 237 37 reservation
1524 1407 240 37 framställda
1793 1407 184 49 förslaget

386 1454 60 34 att
478 1453 42 35 af
543 1454 221 36 statsmedel
793 1455 128 36 lämna
950 1456 174 36 enskilda
1151 1457 132 36 firmor
1310 1458 137 48 bidrag
1475 1459 61 36 till
1565 1460 325 37 omkostnaderna
1917 1461 59 36 för

385 1504 41 35 af
450 1505 86 35 dem
564 1507 175 35 använda
768 1508 142 36 ombud
936 1508 61 36 för
1024 1508 213 49 afsättning
1265 1511 13 35 i
1305 1511 178 37 utlandet
1511 1512 41 35 af
1574 1512 109 36 deras
1701 1513 273 47 varuartiklar,

385 1559 58 34 ett
469 1557 145 49 förslag
642 1571 80 23 som
751 1559 122 48 enligt
900 1560 161 48 kollegii
1089 1562 155 48 mening
1272 1563 60 36 för
1361 1564 119 47 öfrigt
1507 1564 86 36 icke
1622 1566 194 45 uppbures
1845 1565 41 36 af
1902 1566 69 36 den

384 1609 266 48 allmännytta,
693 1623 81 24 som
813 1615 122 33 måste
963 1616 141 45 utgöra
1130 1614 283 50 förutsättning
1440 1616 60 36 för
1528 1617 232 47 statsanslag
1789 1618 72 35 och
1888 1618 85 36 icke

383 1661 120 37 heller
531 1675 46 23 ur
603 1663 444 49 konkurrenssynpunkt
1075 1669 126 43 syntes
1230 1680 93 24 vara
1351 1671 58 33 att
1435 1669 202 37 anbefalla.

511 1716 53 35 De
604 1716 14 34 i
657 1717 164 35 berörda
862 1717 216 37 hänseende
1114 1719 160 37 sålunda
1307 1720 241 37 framställda
1575 1722 144 47 förslag
1746 1722 114 37 hafva
1887 1723 86 36 icke

382 1766 120 37 heller
529 1767 141 38 hittills
697 1769 193 37 föranledt
918 1773 128 44 någon
1074 1772 138 47 åtgärd
1240 1772 85 36 från
1352 1773 138 48 Kungl.
1521 1774 128 47 Maj:ts
1677 1775 91 36 sida.

509 1820 121 36 Sedan
677 1821 69 36 den
796 1822 68 46 tid,
911 1823 353 49 kommerskollegii
1305 1827 258 45 nyssnämnda
1603 1827 201 36 utlåtande
1838 1828 133 47 afcafs.

380 1870 115 38 hafva
536 1873 214 36 emellertid
791 1874 302 48 förhållandena,
1136 1877 205 47 glädjande
1368 1891 89 35 nog,
1486 1879 13 35 i
1526 1879 86 36 icke
1642 1881 214 46 oväsentlig
1884 1883 86 33 mån

378 1924 230 37 förändrats.
673 1927 81 34 Den
805 1928 162 36 svenska
1005 1928 215 37 industrien
1266 1930 143 37 företer
1456 1932 194 46 nämligen
1696 1945 170 34 numera,
1916 1936 55 33 åt-

378 1977 191 36 rminstone
610 1978 104 36 inom
755 1979 99 36 vissa
895 1981 219 46 branscher,
1158 1994 46 24 en
1245 1983 119 36 sådan
1397 1984 240 48 utveckling,
1666 1987 59 33 att
1753 1986 219 36 densamma

378 2030 96 34 utan
519 2029 134 37 tvifvel
699 2031 79 35 kan
819 2033 87 35 med
946 2033 105 47 hopp
1098 2046 62 24 om
1200 2034 205 48 framgång
1445 2036 123 36 inlåta
1609 2037 58 47 sig
1708 2037 13 35 i
1760 2038 121 35 täflan
1921 2042 48 43 på

378 2081 73 36 den
492 2082 208 36 utländska
740 2084 249 36 marknaden.
1045 2086 70 36 Ett
1156 2087 142 36 villkor
1340 2087 130 36 härför
1499 2094 42 30 är
1569 2089 100 35 dock
1696 2090 183 47 tydligen,
1910 2094 60 32 att

378 2133 125 36 denna
543 2134 165 37 industri
749 2138 172 35 utrustas
967 2139 88 35 med
1095 2139 143 47 nödiga
1278 2139 234 48 hjälpmedel
1552 2141 61 36 för
1653 2144 60 33 att
1746 2142 132 36 kunna
1904 2143 66 36 be-

376 2187 59 34 stå
480 2185 13 36 i
534 2187 123 37 denna
700 2187 254 39 konkurrens.
1016 2191 69 35 Ett
1125 2191 212 48 ingalunda
1380 2192 170 49 oviktigt
1590 2194 125 36 medel
1754 2194 131 36 härför
1926 2201 44 30 är

377 2239 239 36 utsändande
661 2240 41 35 af
729 2241 62 35 väl
818 2242 269 37 kvalificerade
1118 2247 159 44 agenter
1303 2245 88 35 med
1419 2245 129 36 direkt
1575 2246 156 47 uppgift
1759 2250 59 33 att
1849 2248 119 35 verka
