2203 2646
713 153 244 33 Stalsutskottets
988 152 164 33 Utlåtande
1176 152 61 33 N:o
1269 153 68 33 120.
1732 150 36 32 17

351 239 58 35 Nu
439 238 166 34 nämnda
628 236 268 36 förhållanden
916 235 194 36 äfvensom
1131 235 72 35 den
1224 233 346 47 omständigheten,
1593 235 59 36 att
1670 232 143 47 svärig-

228 292 61 35 bet
329 290 303 37 understundom
664 289 78 36 kan
770 291 139 45 uppstå
939 290 59 34 att
1025 288 104 35 finna
1157 299 182 36 personer
1364 286 89 36 fullt
1480 285 185 48 lämpliga
1692 287 122 34 såsom

223 346 300 44 exportagenter
550 343 13 35 i
592 342 170 48 egentlig
786 342 155 46 mening
960 361 49 5 —
1030 353 46 23 en
1097 339 296 47 omständighet,
1415 351 80 23 som
1515 338 211 46 lämpligen
1744 338 70 35 bör

224 396 211 46 föranleda,
478 398 58 34 att
578 394 132 37 härför
751 394 150 36 afsedda
947 393 119 36 medel
1109 392 86 37 från
1237 394 57 34 ett
1335 394 42 33 år
1417 391 60 36 till
1520 393 57 33 ett
1606 392 119 34 annat
1751 391 63 35 be-

224 461 130 34 sparas
382 469 50 5 —
460 452 105 41 göra,
596 459 108 34 svnes
732 447 80 46 mig
840 446 84 46 ock,
953 446 190 46 lämpligt,
1175 447 59 33 att
1262 445 45 34 de
1334 444 61 35 för
1421 443 294 47 ifrågavarande
1739 448 74 30 sär-

223 500 124 36 skilda
389 500 174 36 ändamål
609 499 147 36 afsedda
803 498 209 47 stipendier
1044 496 227 37 hädanefter
1303 497 230 35 bestämmas
1568 497 57 34 att
1655 497 92 44 utgå
1778 495 42 35 af

226 553 124 36 skilda
379 553 143 47 anslag.

356 607 51 34 De
435 605 134 45 medel,
599 616 80 24 som
710 604 139 35 hittills
878 603 167 35 anvisats
1074 601 57 37 till
1163 601 382 46 handelsstipendier,
1576 600 91 35 eller
1695 600 121 35 under

224 670 131 24 senare
392 661 86 32 åren
516 659 135 44 30,000
680 656 156 43 kronor,
867 661 65 30 äro
962 654 213 37 emellertid
1204 653 130 38 alltför
1361 653 150 47 knappt
1540 652 188 36 tillmätta
1755 652 60 36 för

225 713 59 33 att
311 710 99 36 båda
439 709 251 53 omförmälda
720 708 178 37 ändamål
926 707 108 37 skola
1066 707 133 36 kunna
1218 708 50 45 på
1288 707 57 35 ett
1364 704 353 37 tillfredsställande
1738 706 77 34 sätt

225 763 231 47 tillgodoses.
516 765 26 33 ÅA
586 762 133 46 sjunde
747 760 264 37 hufvudtiteln
1038 761 120 34 finnes
1186 758 223 47 visserligen
1437 757 186 48 uppfördt
1650 759 56 34 ett
1737 762 77 30 sär-

224 815 117 36 skildt
385 815 132 47 anslag
558 814 59 36 för
657 813 262 47 befrämjande
961 812 42 37 af
1039 811 214 47 afsättning
1293 811 13 34 i
1345 810 237 36 främmande
1617 809 134 36 länder
1778 809 41 35 af

224 868 116 36 alster
369 867 41 36 af
434 866 136 37 svensk
598 866 163 36 industri
793 866 68 36 och
893 864 159 37 svenska
1082 863 309 48 tillverkningar.
1434 863 117 35 Detta
1570 861 143 48 anslag,
1735 874 79 23 som

223 921 122 35 under
373 932 132 24 senare
534 922 91 34 åren
644 921 133 45 utgått
796 918 87 37 med
904 920 136 44 20,000
1060 917 146 37 kronor
1226 928 61 24 om
1308 918 94 43 året,
1423 915 71 36 har
1513 914 224 46 emellertid,
1759 917 55 32 så-

225 985 80 24 som
350 972 405 47 kommerskollegium
796 971 157 45 erinrat,
983 970 116 36 sedan
1126 971 141 45 många
1296 971 42 33 år
1365 968 164 36 tillbaka
1559 967 188 36 användts
1776 969 38 32 så

224 1026 95 47 godt
361 1037 81 24 som
483 1024 244 37 uteslutande
768 1024 59 36 till
871 1022 211 47 främjande
1125 1021 42 36 af
1191 1021 262 47 afsättningen
1482 1019 42 37 af
1547 1019 80 36 dels
1654 1019 162 38 svenska

224 1077 149 48 mejeri-
416 1078 71 35 och
530 1078 119 35 andra
681 1075 426 48 jordbruksprodukter
1133 1075 14 34 i
1175 1074 176 46 England
1381 1073 72 36 och
1481 1072 78 36 dels
1589 1071 41 36 af
1654 1071 159 37 svenska

225 1131 245 35 fiskerivaror
496 1130 10 35 i
538 1130 206 46 Tyskland;
776 1129 68 36 och
875 1129 110 35 torde
1015 1127 173 46 anslaget
1217 1126 110 35 äfven
1355 1125 60 36 för
1433 1124 207 36 framtiden
1659 1124 157 35 komma

226 1186 60 33 att
312 1182 183 37 behöfvas
523 1182 60 36 för
610 1182 183 35 liknande
823 1180 189 37 ändamål.
1064 1179 242 37 Sistnämnda
1336 1178 132 47 anslag
1497 1182 42 33 är
1567 1176 130 37 därför
1723 1176 13 35 1
1764 1188 53 23 nu

226 1235 249 37 förevarande
517 1235 174 36 afseende
733 1234 85 36 icke
860 1234 13 35 i
914 1232 213 37 nämnvärd
1167 1234 90 33 mån
1298 1233 59 33 att
1398 1230 185 47 påräkna.
1643 1230 90 34 Man
1776 1234 41 30 är

226 1289 159 35 sålunda
413 1288 236 36 härutinnan
676 1287 60 36 för
755 1286 239 36 närvarande
1013 1284 186 36 hänvisad
1218 1282 324 47 hufvudsakligen
1561 1282 61 35 till
1641 1281 175 36 handels-

227 1341 376 46 stipendicanslaget,
645 1339 151 36 hvilket
832 1337 224 45 emellertid,
1100 1348 80 24 som
1221 1338 165 44 nämnts,
1427 1334 204 45 föranledt,
1661 1336 59 33 att
1752 1334 65 35 det

227 1393 152 36 direkta
421 1393 318 48 exportintresset
783 1394 47 45 på
867 1402 131 25 senare
1027 1389 100 36 tider
1154 1388 130 36 blifvit
1311 1387 269 37 företrädesvis
1607 1385 210 48 uppmärk-

226 1446 199 45 sammadt,
477 1445 138 36 medan
657 1447 21 33 å
720 1445 120 35 andra
886 1443 107 36 sidan
1046 1442 66 36 det
1158 1440 271 48 ursprungliga
1472 1438 218 37 ändamålet
1731 1439 85 35 med

225 1498 422 47 handelsstipendierna
681 1498 135 36 endast
847 1497 13 34 i
888 1495 148 36 mindre
1063 1496 90 34 mån
1179 1493 152 37 kunnat
1358 1493 277 46 tillvaratagas.

355 1551 105 36 Båda
488 1551 46 35 de
562 1549 294 48 ifrågavarande
885 1547 226 37 ändamålen
1141 1551 65 31 äro
1236 1545 214 37 emellertid
1479 1544 40 36 af
1543 1544 72 36 den
1641 1543 95 44 vikt,
1760 1546 58 33 att

231 1603 237 47 tillräckliga
496 1603 124 36 medel
648 1602 60 36 för
736 1602 210 36 desammas
974 1599 303 48 tillgodoseende
1303 1599 96 35 böra
1427 1597 169 36 beredas.

357 1656 227 35 Inrättande
626 1654 41 36 af
704 1654 188 36 särskilda
933 1652 210 48 stipendier
1184 1651 59 35 för
1271 1652 301 46 exportagenter
1599 1649 71 35 har
1698 1649 119 35 redan

228 1709 167 47 tidigare
439 1708 102 36 varit
581 1707 215 47 ifrågasatt.
851 1706 130 36 Redan
1010 1706 72 35 den
1109 1702 219 47 kommitté,
1358 1715 80 26 som
1468 1703 72 35 den
1575 1705 12 31 1
1615 1700 74 48 juli
1719 1703 97 34 1898

227 1761 185 37 tillsattes
431 1760 60 37 för
509 1759 236 47 behandling
765 1758 41 37 af
822 1759 98 36 vissa
940 1756 340 49 sjöfartsnäringen
1302 1756 72 36 och
1394 1756 72 36 den
1485 1754 148 36 utrikes
1651 1753 164 39 handeln

227 1814 164 35 rörande
420 1813 142 47 frågor,
591 1812 177 36 uttalade
796 1812 57 46 sig
880 1811 60 35 för
968 1810 182 47 åtgärder
1177 1809 13 35 i
1218 1809 119 35 sådan
1355 1807 187 47 riktning.
1597 1806 88 36 Med
1704 1805 114 36 fram-

229 1866 179 36 hållande
452 1865 40 36 af
529 1864 312 37 önskvärdheten
869 1862 120 46 däraf,
1019 1864 59 34 att
1105 1873 119 36 yngre
1253 1860 162 37 svenska
1442 1860 181 47 köpmän,
1653 1859 14 35 i
1694 1858 123 36 likhet

231 1919 82 36 med
344 1918 102 36 hvad
473 1917 183 36 särskildt
683 1916 83 36 från
796 1916 90 47 tysk
914 1915 81 36 sida
1023 1914 86 36 med
1132 1914 204 47 framgång
1359 1912 265 47 praktiserats,
1645 1913 51 45 på
1714 1922 103 24 mera

232 1971 198 46 varaktigt
458 1972 77 34 sätt
563 1969 103 47 sloge
695 1969 59 47 sig
783 1969 73 35 ned
884 1968 13 35 i
924 1967 179 36 utlandet
1130 1966 60 36 för
1218 1968 59 33 att
1297 1966 67 35 där
1384 1965 93 35 söka
1496 1963 137 47 främja
1649 1963 169 47 Sveriges

228 2023 348 36 handelsintressen
617 2034 89 23 vare
748 2022 57 45 sig
846 2023 124 33 såsom
1003 2018 266 48 själfständiga
1299 2020 159 45 agenter
1484 2016 59 36 för
1571 2015 161 37 svenska
1760 2028 58 23 ar-

230 2076 120 36 tiklar
392 2075 93 36 eller
526 2074 127 36 chefer
693 2073 59 36 för
780 2073 160 36 svenska
970 2071 242 45 handelshus,
1241 2070 167 46 föreslog
1435 2068 196 48 närnligen
1658 2067 157 39 berörda

228 2128 220 42 kommitté,
478 2139 81 24 som
587 2129 118 44 ansåg
734 2125 208 36 understöd
969 2125 13 34 i
1009 2124 96 35 form
1136 2122 41 36 af
1201 2122 210 48 stipendier
1438 2124 121 33 såsom
1591 2133 46 23 en
1661 2119 160 48 lämplig

230 2183 119 45 utväg
391 2182 61 34 att
492 2179 139 46 främja
671 2178 167 36 nämnda
881 2176 188 48 syftemål,
1113 2178 59 33 att
1209 2175 124 36 medel
1361 2174 60 36 för
1444 2173 207 36 utdelande
1680 2172 40 35 af
1744 2176 76 30 sär-

231 2233 123 35 skilda
383 2232 212 47 stipendier
623 2230 111 37 äfven
762 2230 59 36 för
849 2230 137 36 sådant
1015 2227 178 37 ändamål
1220 2227 119 36 borde
1366 2226 170 40 beredas,
1567 2225 70 36 och
1667 2226 59 34 att
1755 2236 64 23 an-

323 2292 70 32 Bih.
417 2292 49 31 till
490 2290 110 33 Biksd.
626 2290 88 32 Prot.
742 2290 92 32 1908.
882 2291 19 29 4
926 2289 95 32 Saml.
1074 2289 13 29 1
1113 2286 78 41 Afd.
1238 2286 41 32 74
1303 2285 93 41 Häöft.
1758 2284 19 30 3
