1900 2850
312 164 17 28 La

730 168 108 28 Andra
856 169 222 33 lagutskottets
1096 170 164 30 utlåtande
1279 172 47 28 Nr
1353 177 46 25 12.

356 241 70 31 Den
443 243 20 29 4
480 242 166 31 december
664 244 82 31 1930
764 244 239 38 bemyndigade
1020 245 128 38 Kungl.
1167 247 100 37 Maj:t
1282 248 114 32 chefen
1413 249 52 31 för
1479 246 322 49 jordbruksdeparte-

309 296 121 28 mentet
448 297 48 28 att
515 294 147 32 tillkalla
680 295 209 39 sakkunniga
909 297 51 31 för
977 298 245 33 verkställande
1241 312 41 19 av
1302 301 60 31 den
1380 301 12 31 i
1411 302 135 33 berörda
1565 304 236 39 riksdagsskri-

308 345 87 32 velse
422 346 199 39 ifrågasatta
643 348 227 39 utredningen.
897 350 66 31 Vid
990 351 148 32 ärendets
1164 352 200 40 behandling
1388 355 136 33 anförde
1549 356 252 39 departements-

307 398 115 32 chefen
441 400 176 32 statsrådet
638 413 62 19 von
720 401 240 33 Stockenström
982 404 83 31 efter
1086 405 200 38 redogörelse
1307 407 50 31 för
1376 407 179 34 innehållet
1576 410 11 30 i
1608 410 192 40 riksdagens

307 451 171 32 skrivelse:

351 504 70 32 Den
444 505 12 31 i
477 506 158 32 avseende
655 512 19 26 å
696 508 390 40 arrendelagstiftningen
1108 523 44 19 nu
1175 511 142 38 begärda
1336 513 217 40 utredningen
1575 516 131 38 åsyftar
1727 523 72 26 när-

306 552 85 28 mast
409 549 245 39 undersökning
672 563 49 19 om
742 552 264 33 erfarenheterna
1023 554 56 31 vid
1099 554 252 40 tillämpningen
1370 569 41 20 av
1430 558 60 32 den
1510 560 121 32 sociala
1651 562 147 32 arrende-

305 592 254 40 lagstiftningen
579 594 209 33 beträffande
809 597 156 31 arrenden
985 598 103 31 under
1110 599 98 39 bolag
1227 600 10 31 i
1258 600 182 33 Värmland
1461 603 57 31 och
1538 604 89 32 vissa
1646 605 90 32 delar
1757 618 41 20 av

303 636 211 39 Bergslagen.
537 638 118 39 Enligt
678 639 37 32 de
736 640 165 37 motioner,
925 653 67 20 som
1016 642 158 32 föranlett
1197 644 442 42 riksdagsframställningen
1660 649 11 31 i
1693 650 105 32 denna

304 680 61 37 del,
392 681 106 32 skulle
523 682 91 32 vissa
637 683 309 33 missförhållanden
973 686 85 32 hava
1085 687 169 32 framträtt
1280 696 42 30 på
1348 690 89 32 detta
1461 691 140 33 område.
1628 692 168 34 Samman-

303 728 86 27 satta
415 725 102 32 andra
543 726 70 38 lag-
640 727 58 31 och
725 728 345 40 jordbruksutskottet,
1098 743 68 20 som
1194 732 219 33 införskaffat
1440 735 193 38 ytterligare
1658 738 138 38 upplys-

302 767 118 39 ningar
439 780 50 20 om
510 770 256 39 arrendefrågan
787 772 11 31 i
818 772 182 33 Värmland
1019 775 58 31 och
1099 775 89 32 vissa
1208 776 89 32 delar
1316 789 41 20 av
1375 778 201 39 Bergslagen
1602 781 193 39 (utskottets

305 811 166 33 utlåtande
490 825 39 20 nr
548 815 16 30 1
586 814 61 32 sid.
668 816 60 31 169
750 816 74 40 ff.),
843 817 133 39 uttalar,
996 822 49 28 att
1063 819 106 32 denna
1188 820 96 39 fråga
1302 833 75 20 vore
1396 822 12 31 i
1427 823 117 32 sådant
1563 824 82 39 läge,
1666 829 49 28 att
1734 827 61 31 den

300 867 40 19 ur
360 856 123 32 allmän
503 858 59 31 och
584 859 99 31 social
706 861 171 37 synpunkt
897 862 28 37 ej
947 862 97 33 borde
1066 863 127 33 lämnas
1215 865 170 33 obeaktad.
1406 867 124 32 Därför
1552 869 171 33 förordade
1743 875 50 27 ut-

300 900 121 32 skottet
441 912 38 20 en
500 902 253 40 undersökning,
776 916 68 20 som
864 905 12 31 i
898 906 138 32 främsta
1056 912 140 28 rummet
1215 909 97 33 borde
1331 922 77 20 avse
1428 913 270 38 sammanhanget
1716 915 76 31 mel-

299 943 55 32 lan
373 944 329 41 skogsarbetsfrågan
718 948 57 31 och
793 950 307 39 arrendevillkoren,
1119 952 172 33 däribland
1309 955 242 33 arrendetidens
1568 957 110 38 längd,
1698 963 94 27 även-

298 999 68 20 som
391 989 193 37 spörsmålet
608 1002 50 20 om
681 991 224 34 kombination
930 1006 41 20 av
995 995 200 32 arbetsavtal
1219 998 57 31 och
1300 999 236 33 arrendeavtal.
1558 1001 48 32 På
1628 1003 164 36 grundval

297 1043 43 20 av
359 1032 63 32 vad
442 1033 55 32 vid
518 1034 96 38 dylik
635 1036 175 39 utredning
832 1037 225 34 framkommit
1079 1040 106 38 borde,
1207 1041 104 39 enligt
1330 1043 168 40 utskottet,
1523 1045 268 40 förutsättnings-

297 1075 64 32 löst
385 1081 188 35 övervägas,
599 1079 165 33 huruvida
789 1081 57 31 och
872 1082 11 31 i
907 1083 63 31 vad
996 1084 76 31 mån
1097 1083 153 39 åtgärder
1272 1086 108 33 kunde
1403 1100 81 20 vara
1508 1101 41 19 av
1574 1089 136 33 behovet
1735 1092 56 37 på-

296 1119 141 39 kallade,
463 1126 115 28 utöver
603 1123 64 32 vad
694 1136 67 19 som
790 1126 281 39 förhandlingsvis
1098 1128 108 33 skulle
1232 1130 112 32 kunna
1370 1131 127 39 vinnas,
1525 1133 10 31 i
1563 1134 90 37 syfte
1679 1138 49 29 att
1753 1136 38 31 de

297 1163 245 35 framträdande
566 1167 331 34 missförhållandena
923 1175 100 28 måtte
1046 1172 114 32 kunna
1183 1174 208 38 undanröjas.

340 1207 74 33 Vad
435 1208 146 34 härefter
602 1212 103 37 angår
726 1213 60 31 den
808 1225 41 20 av
871 1214 175 39 riksdagen
1067 1216 233 39 ifrågaställda
1320 1220 217 39 utredningen
1560 1234 50 19 om
1632 1222 158 37 jordbruk

296 1252 34 31 åt
349 1252 218 34 lantarbetare
586 1267 42 20 m.
649 1255 47 38 fl.,
716 1258 53 30 må
788 1258 134 38 erinras,
942 1263 48 27 att
1007 1260 176 38 riksdagen
1203 1261 10 31 i
1231 1262 157 33 skrivelse
1405 1276 38 19 nr
1461 1266 62 31 232
1542 1266 37 31 år
1599 1267 83 31 1928
1701 1267 87 33 hem-

294 1296 94 31 ställt
414 1308 50 20 om
490 1299 178 38 utredning
695 1300 57 31 och
782 1300 126 39 förslag
935 1303 135 32 rörande
1099 1304 179 34 beredande
1306 1319 40 19 av
1373 1308 103 32 ökade
1504 1310 207 38 möjligheter
1738 1312 51 31 för

293 1339 228 40 lantarbetare,
554 1342 292 40 hemmansägare-,
882 1347 218 32 arrendators-
1136 1349 58 31 och
1229 1351 306 34 småbrukaresöner
1569 1358 85 28 samt
1687 1355 102 33 andra

292 1384 127 32 mindre
446 1385 188 33 bemedlade
659 1388 58 31 och
744 1389 206 33 obemedlade
975 1391 115 32 härför
1117 1392 159 40 lämpliga
1303 1407 150 25 personer
1479 1401 49 28 att
1553 1398 126 33 erhålla
1705 1412 83 26 egna

291 1427 168 38 Jordbruk.
485 1430 50 32 De
560 1431 72 31 med
658 1432 177 39 anledning
858 1434 111 37 härav,
995 1437 42 36 på
1061 1437 152 39 uppdrag
1238 1450 41 20 av
1307 1439 126 38 Kungl.
1461 1441 109 39 Maj:t,
1597 1455 41 19 av
1664 1447 122 29 statens

291 1473 316 39 egnahemsstyrelse
632 1476 202 33 verkställda
859 1479 214 39 utredningar
1098 1481 58 31 och
1180 1482 71 32 med
1275 1483 193 33 utlåtanden
1493 1486 60 31 den
1579 1488 17 30 35
1621 1487 167 33 december

293 1517 84 31 1928
414 1518 57 31 och
506 1519 61 31 den
605 1521 17 29 2
662 1520 132 33 oktober
831 1523 83 31 1929
951 1524 144 38 avgivna
1132 1526 125 39 förslag
1291 1527 86 32 hava
1412 1529 121 33 hittills
1570 1530 71 33 icke
1677 1532 106 32 föran-

290 1560 60 32 lett
372 1561 125 39 Kungl.
521 1563 101 38 Maj:t
643 1568 49 28 att
714 1565 52 31 till
790 1566 174 39 riksdagen
986 1568 112 32 avlåta
1122 1570 247 40 framställning
1391 1573 11 30 i
1425 1578 117 28 ämnet.
1566 1575 49 32 De
1639 1576 145 33 obemed-

290 1604 89 33 lades
408 1606 171 39 jordfråga
605 1612 141 35 upptogs
773 1610 180 33 emellertid
981 1624 113 26 genom
1126 1614 157 33 motioner
1311 1616 55 31 vid
1398 1618 84 32 1930
1511 1619 52 32 års
1593 1619 145 40 riksdag.
1766 1621 18 31 I

288 1654 235 28 sammansatta
552 1652 103 32 andra
683 1653 67 38 lag-
779 1655 59 30 och
867 1655 352 37 jordbruksutskottets
1249 1660 214 33 förevarande
1488 1662 171 33 utlåtande
1687 1665 96 32 anför

287 1693 160 33 utskottet
469 1695 11 31 i
503 1695 89 33 detta
616 1701 92 28 ämne
731 1698 99 32 bland
853 1704 101 27 annat
978 1700 159 38 följande:
1162 1702 325 40 Utredningsarbetet
1509 1707 210 33 beträffande
1744 1709 38 32 de

286 1737 126 32 mindre
434 1739 204 34 bemedlades
661 1741 169 39 jordfråga
853 1743 98 33 borde
975 1745 176 39 fullföljas,
1175 1747 58 32 och
1255 1748 11 31 i
1287 1749 158 32 samband
1467 1750 134 33 härmed
1625 1752 96 33 borde
1743 1753 38 33 de

285 1781 210 33 ekonomiska
523 1784 320 40 förutsättningarna
872 1788 51 31 för
949 1789 151 38 bärighet
1126 1802 42 20 av
1194 1792 125 32 mindre
1345 1793 158 38 Jordbruk
1529 1807 85 27 noga
1637 1797 141 33 utredas.

285 1825 200 38 Härigenom
507 1828 109 32 skulle
639 1829 223 39 föreliggande
885 1833 274 39 egnahemsfråga
1180 1837 286 39 sammankopplas
1488 1840 71 31 med
1582 1840 61 32 den
1664 1842 114 32 ekono-

284 1869 108 32 miska
420 1870 297 41 jordbruksfrågan
747 1874 11 31 i
787 1875 180 33 allmänhet
995 1878 58 31 och
1083 1879 73 31 med
1187 1881 192 37 spörsmålet
1409 1894 51 20 om
1491 1884 199 39 rådgivning
1719 1886 58 32 och

282 1913 224 40 handledning
528 1917 34 30 åt
586 1917 39 32 de
650 1929 66 26 nya
740 1918 249 37 jordbrukarna.
1014 1922 72 31 Den
1113 1923 153 33 fortsatta
1290 1926 217 38 utredningen
1532 1928 107 39 borde,
1663 1934 115 28 utöver

281 1958 64 31 vad
370 1970 67 20 som
462 1960 171 37 åsyftades
658 1962 71 32 med
756 1963 333 39 riksdagsskrivelsen
1116 1968 95 38 1928,
1237 1981 76 20 avse
1337 1969 123 38 jämväl
1486 1972 289 38 skogsarbetarnas

281 2001 180 39 Jordfråga.
487 2003 68 33 Vid
581 2005 216 39 utredningen
823 2008 97 32 borde
943 2029 44 3 —
1011 2010 143 32 förutom
1181 2012 38 32 de
1244 2014 150 38 uppslag,
1421 2027 67 19 som
1514 2016 101 38 givits
1641 2017 11 31 i
1678 2029 95 27 egna-

280 2045 269 39 hemsstyrelsens
576 2049 192 33 utlåtanden
796 2056 86 28 samt
905 2053 12 31 i
943 2053 60 32 den
1031 2055 55 31 vid
1114 2056 178 37 styrelsens
1319 2070 111 20 senare
1457 2060 171 33 utlåtande
1656 2062 118 38 fogade

279 2090 238 34 reservationen
540 2112 45 4 —
608 2098 81 27 även
712 2095 102 32 andra
836 2097 162 32 tinkbara
1021 2098 211 34 ekonomiska
1256 2102 220 39 anordningar
1500 2108 188 35 övervägas,
1711 2106 63 32 allt

277 2133 12 31 1
314 2134 90 38 syfte
429 2139 49 28 att
501 2136 106 33 denna
631 2138 159 33 svårlösta
814 2141 237 38 angelägenhet
1078 2143 92 33 bleve
1195 2144 149 40 allsidigt
1368 2147 109 39 belyst
1500 2148 58 32 och
1583 2149 189 34 undersökt.

277 2177 119 33 Därest
417 2179 38 32 de
476 2181 165 32 särskilda
661 2183 193 37 åtgärderna
877 2185 51 32 för
947 2186 179 33 beredande
1148 2200 41 19 av
1208 2189 157 37 jordbruk
1386 2192 34 31 åt
1441 2192 37 32 de
1499 2192 126 34 mindre
1644 2194 125 33 bemed-

276 2221 73 32 lade
376 2222 253 42 lantarbetarna,
655 2226 273 39 skogsarbetarna
952 2242 42 20 m.
1021 2231 38 32 fl.
1086 2232 53 31 till
1166 2237 154 34 äventyrs
1346 2235 160 34 befunnos
1533 2237 104 33 kräva
1663 2240 106 37 någon

275 2266 131 37 speciell
426 2269 232 39 organisation,
679 2271 96 33 borde
793 2272 193 34 hithörande
1006 2276 338 40 organisationsfråga
1364 2284 80 28 även
1465 2280 210 34 undersökas.
1696 2283 72 32 Den

278 2308 153 35 fortsatta
450 2313 216 39 utredningen
685 2315 95 33 borde
801 2318 35 31 så
855 2319 169 41 anordnas,
1045 2324 48 28 att
1112 2321 89 32 olika
1220 2324 204 36 synpunkter
1442 2325 57 31 och
1520 2325 159 34 intressen
1697 2328 71 31 där-

273 2354 57 32 vid
348 2355 57 32 och
423 2356 55 32 vid
498 2358 182 39 förslagens
698 2362 219 36 upprättande
935 2363 90 38 finge
1042 2369 79 33 göra
1139 2365 51 38 sig
1207 2365 162 38 gällande.

317 2398 151 35 Rörande
487 2402 154 38 åtgärder
661 2404 51 31 för
731 2405 250 34 underlättande
1001 2420 41 20 av
1062 2409 352 41 arrendefrilösningar
1431 2412 61 33 har
1509 2413 11 31 i
1543 2414 221 40 föresämnda,

271 2454 42 21 av
340 2443 172 40 riksdagen
539 2447 174 37 godkända
736 2450 315 34 utskottsutlåtande
1078 2453 157 38 betonats,
1261 2459 48 28 att
1336 2456 178 40 anledning
1539 2460 11 30 i
1577 2460 189 33 nuvarande

270 2486 157 34 situation
454 2488 72 34 icke
553 2491 144 39 förelåge
723 2497 49 28 att
797 2494 151 39 tillgripa
975 2497 193 38 ytterligare
1195 2497 394 44 lagstiftningsåtgärder,
1616 2515 72 21 men
1715 2509 50 28 att
