1920 2822
335 160 40 30 12
698 158 319 33 Bankoutskottets
1046 157 186 32 utlåtande
1260 156 52 31 Nr
1339 156 51 31 26.

290 246 47 20 nu
373 236 143 31 berörda
550 235 290 35 omständigheter
874 233 161 31 stundom
1058 233 148 30 medfört
1228 232 216 36 ojämnheter
1467 234 88 28 även
1579 233 11 29 i
1615 232 116 36 frågor
1753 242 44 20 av

290 288 197 37 principiell
509 287 182 37 betydelse.

333 341 53 31 Ur
410 351 47 20 nu
481 339 153 38 antydda
657 339 215 37 synpunkter
896 338 110 31 skulle
1030 338 107 36 enligt
1162 337 183 31 utskottets
1368 337 143 36 mening
1535 346 41 21 en
1600 336 106 31 sådan
1730 346 70 21 om-

290 394 235 36 organisation
560 403 86 21 vara
679 392 184 36 önskvärd,
886 392 53 30 att
961 391 233 35 beredningen
1217 400 44 21 av
1285 390 284 36 pensionsfrågor,
1593 390 98 30 vilka
1715 389 85 31 före-

290 447 119 35 läggas
432 446 195 35 riksdagen,
652 446 98 30 bleve
774 444 244 31 centraliserad
1043 443 54 31 till
1121 445 49 29 ett
1194 443 243 35 departement,
1452 442 124 31 varvid
1599 442 201 35 naturligen

290 498 380 35 finansdepartementet
704 498 155 29 närmast
893 496 102 30 borde
1028 495 263 36 ifrågakomma.
1338 494 122 30 Därest
1492 494 60 31 vid
1576 494 41 30 de
1640 496 160 28 närmare

289 550 275 36 överväganden,
600 559 73 21 som
708 548 227 31 förevarande
969 547 168 37 spörsmål
1172 547 86 31 efter
1281 546 183 31 utskottets
1487 546 223 36 uppfattning
1734 546 66 30 för-

289 603 124 36 tjänar,
448 612 42 21 en
525 602 108 31 sådan
669 602 225 35 omläggning
930 601 109 30 finnes
1067 600 82 30 böra
1172 599 172 36 vidtagas,
1368 599 91 30 lärer
1482 601 90 28 även
1595 599 83 30 böra
1702 600 97 35 tagas

290 655 109 31 under
433 655 242 36 omprövning,
712 653 176 31 huruvida
922 653 74 30 icke
1019 653 13 30 i
1055 652 168 31 samband
1259 651 139 31 därmed
1433 651 132 36 jämväl
1599 651 123 36 övriga
1757 652 43 34 på

289 707 132 36 Kungl.
445 707 118 36 Maj:ts
586 706 173 36 prövning
783 705 251 31 ankommande
1058 704 278 36 pensionsfrågor
1361 721 39 3 —
1424 703 175 31 måhända
1617 703 76 31 med
1707 703 93 30 vissa

288 759 187 35 undantag,
500 758 125 31 främst
649 757 212 31 beträffande
884 757 130 31 sådana
1036 756 157 31 militära
1216 755 320 36 pensionsärenden,
1561 755 114 30 vilkas
1697 757 103 34 avgö-

288 811 106 31 rande
417 811 109 36 enligt
549 810 161 37 gällande
733 810 255 31 bestämmelser
1003 809 214 31 tillkommer
1233 808 131 36 Kungl.
1382 808 100 36 Maj:t
1497 809 85 29 utan
1599 808 202 35 riksdagens

289 863 151 31 hörande
465 881 39 3 —
529 863 101 31 borde
654 862 201 37 överflyttas
878 862 56 30 till
958 861 391 36 finansdepartementet.
1389 860 150 31 Särskilt
1562 869 100 27 synes
1682 860 120 30 kunna

290 916 220 35 ifrågasättas
526 925 42 20 en
584 914 249 37 överflyttning
851 914 55 30 till
922 913 216 31 sistnämnda
1153 912 234 36 departement
1402 922 45 20 av
1464 911 149 32 ärenden
1625 911 176 36 angående

289 969 127 29 statens
426 966 298 37 pensionsanstalt,
735 966 98 30 vilka
843 965 149 31 ärenden
1002 975 48 20 nu
1061 964 138 31 beredas
1209 964 94 30 inom
1313 963 489 38 ecklesiastikdepartementet

289 1029 77 22 men
401 1019 213 31 beträffande
637 1019 99 30 vilka
765 1018 65 36 det,
855 1017 77 32 med
955 1018 57 31 det
1035 1017 140 36 omfång
1199 1016 191 31 anstaltens
1414 1016 218 31 verksamhet
1655 1025 146 21 numera

290 1072 149 36 erhållit,
464 1072 74 31 icke
563 1072 106 31 minst
692 1082 42 20 ur
757 1071 283 31 statsekonomisk
1064 1070 178 37 synpunkt
1265 1069 91 31 lärer
1378 1079 86 21 vara
1487 1079 44 20 av
1556 1068 172 38 betydelse
1751 1069 51 30 att

290 1125 201 31 säkerställa
525 1135 42 20 en
603 1125 176 36 möjligast
813 1124 198 35 sakkunnig
1046 1123 62 31 och
1140 1122 133 36 jämväl
1305 1123 44 35 på
1369 1121 203 31 sambandet
1595 1121 76 31 med
1694 1121 108 31 andra

291 1177 275 36 pensionsfrågor
589 1176 154 31 inriktad
767 1176 262 36 handläggning
1053 1176 96 29 inom
1173 1174 132 36 Kungl.
1331 1174 118 36 Maj:ts
1473 1174 123 31 kansli.

335 1229 73 31 Den
432 1229 237 36 omläggning,
695 1238 71 21 som
790 1228 63 30 här
878 1228 211 35 ifrågasatts,
1113 1227 97 30 torde
1234 1227 186 30 förutsätta
1445 1226 92 30 vissa
1555 1225 190 36 ändringar
1757 1235 44 20 av

290 1281 440 36 personalorganisationen
754 1281 94 30 inom
872 1280 131 36 Kungl.
1029 1279 118 36 Maj:ts
1172 1279 124 35 kansli,
1321 1278 60 31 vid
1406 1278 114 30 vilkas
1537 1277 266 37 genomförande

296 1333 175 31 måhända
493 1334 114 35 någon
630 1333 258 36 utgiftsökning
912 1332 69 30 blir
1004 1331 245 35 ofrånkomlig.
1287 1329 98 32 Även
1404 1340 55 21 om
1477 1330 93 31 detta
1582 1329 112 31 skulle
1706 1329 98 31 bliva

292 1385 108 36 fallet,
436 1385 96 31 torde
566 1385 110 36 enligt
710 1385 182 30 utskottets
926 1385 141 35 mening
1102 1393 41 21 en
1178 1383 97 36 dylik
1299 1383 226 35 omläggning
1549 1382 111 31 likväl
1684 1382 119 30 kunna

292 1447 97 21 anses
412 1437 173 36 påkallad.
631 1436 347 31 Pensionsväsendets
1002 1436 197 30 huvudtitel
1235 1437 39 28 är
1308 1444 144 21 numera
1487 1445 44 20 av
1560 1434 64 31 den
1647 1434 157 30 storleks-

293 1489 157 36 ordning,
485 1488 62 31 och
583 1489 39 30 de
645 1489 169 35 åtgärder,
838 1489 97 30 vilka
958 1487 212 31 beträffande
1194 1487 112 30 denna
1330 1486 198 31 huvudtitel
1554 1486 108 30 under
1685 1494 119 22 senare

292 1542 40 30 år
355 1541 168 36 vidtagits
547 1542 90 30 samt
661 1541 107 30 under
792 1541 64 30 den
880 1541 174 30 närmaste
1078 1539 187 31 framtiden
1289 1538 204 37 ytterligare
1517 1538 94 31 torde
1635 1538 97 31 bliva
1756 1547 48 21 er-

293 1594 196 36 forderliga,
508 1603 104 27 synas
636 1596 88 28 även
748 1604 42 20 ur
813 1592 282 32 statsfinansiella
1119 1592 214 36 synpunkter
1356 1601 85 21 vara
1465 1601 45 21 av
1534 1591 64 31 den
1623 1590 180 37 betydelse,

294 1648 51 29 att
368 1646 56 31 det
446 1647 109 30 måste
578 1656 99 20 anses
700 1646 136 30 mindre
860 1645 203 31 välbetänkt
1085 1646 51 29 att
1161 1644 119 35 längre
1304 1644 173 30 bibehålla
1500 1653 42 21 en
1559 1643 244 36 organisation,

294 1708 72 20 som
401 1698 74 30 icke
510 1698 160 36 erbjuder
704 1697 320 31 tillfredsställande
1060 1697 177 35 garantier
1272 1696 54 30 för
1360 1705 41 21 en
1425 1695 205 36 tillräckligt
1653 1695 151 34 enhetlig

295 1750 211 36 behandling
530 1760 45 20 av
598 1750 205 31 hithörande
827 1749 157 31 ärenden.

338 1802 172 32 Utskottet
534 1812 100 21 anser
657 1802 53 36 sig
734 1802 83 31 böra
839 1802 138 30 förorda
999 1811 42 21 en
1065 1801 165 30 anhållan
1255 1800 78 31 från
1357 1800 202 36 riksdagens
1582 1799 84 36 sida,
1690 1800 51 30 att
1756 1809 49 20 nu

295 1856 112 29 senast
430 1854 143 31 berörda
597 1854 168 36 spörsmål
789 1863 122 26 genom
935 1853 132 36 Kungl.
1092 1853 118 36 Maj:ts
1235 1853 131 35 försorg
1391 1854 96 34 göres
1510 1852 54 31 till
1589 1845 145 37 föremål
1751 1851 54 30 för

295 1905 240 36 övervägande
558 1908 90 29 samt
671 1907 50 30 att
744 1906 53 30 för
821 1905 183 36 riksdagen
1028 1905 211 35 framläggas
1256 1904 41 31 de
1314 1904 139 36 förslag,
1475 1913 72 21 som
1564 1903 108 31 därav
1685 1903 120 30 kunna

296 1957 206 31 föranledas.

340 2010 119 32 Under
482 2009 213 36 åberopande
719 2019 43 21 av
786 2009 56 31 det
865 2009 147 31 anförda
1036 2010 54 30 får
1115 2008 165 31 utskottet
1303 2008 193 35 hemställa,

741 2116 52 29 att
816 2115 185 35 riksdagen
1027 2116 55 29 må
1106 2114 60 30 hos
1184 2113 132 36 Kungl.
1331 2113 102 36 Maj:t
1444 2112 151 36 anhålla,
1608 2113 52 30 att
1672 2112 132 35 Kungl.

699 2166 100 35 Maj:t
833 2167 107 30 måtte
963 2168 82 34 taga
1067 2166 111 30 under
1201 2164 240 36 övervägande
1465 2164 64 30 här
1552 2174 88 20 ovan
1664 2163 142 31 berörda

698 2218 117 35 frågor
849 2219 91 29 samt
974 2218 55 30 för
1063 2217 184 36 riksdagen
1283 2216 196 36 framlägga
1514 2216 40 30 de
1587 2215 137 36 förslag,
1749 2215 56 30 till

698 2270 96 31 vilka
818 2270 94 31 detta
935 2269 240 37 övervägande
1198 2271 57 29 må
1280 2269 188 31 föranleda.
