1908 2822
310 170 40 31 58
650 172 318 34 Bankoutskottets
996 173 186 32 utlåtande
1210 174 53 32 Nr
1289 173 52 32 26.

311 248 63 38 2:0)
400 249 163 35 förklara,
587 249 52 30 att
661 249 187 35 pensionen
872 250 57 30 må
952 250 84 36 utgå
1059 251 12 29 i
1096 251 109 30 första
1229 254 151 29 rummet
1403 262 43 20 av
1471 252 57 31 det
1550 252 112 37 årliga
1685 256 93 28 över-

264 300 102 35 skott,
391 310 72 20 som
486 301 70 29 kan
580 302 122 34 uppstå
725 302 21 29 å
768 301 255 35 avkastningen
1046 312 44 20 av
1114 302 66 30 den
1195 302 60 30 hos
1271 303 283 35 pensionskassan
1571 304 52 30 för
1640 305 138 35 tjänste-

266 354 151 28 männen
451 352 59 31 vid
545 352 246 31 Strömsholms
826 352 205 37 hingstdepå
1063 356 88 28 samt
1183 354 95 30 deras
1301 354 109 31 änkor
1434 356 60 30 och
1519 356 86 30 barn
1628 356 150 31 samlade

265 404 253 37 pensionsfond,
538 405 103 31 sedan
658 405 41 31 de
722 405 111 37 årliga
853 406 323 37 pensionsbeloppen
1192 406 54 31 till
1264 407 142 31 kassans
1422 409 122 36 övriga
1559 409 219 36 pensionärer

266 457 140 37 guldits,
442 459 99 35 samt,
566 458 12 30 i
601 458 65 31 den
701 460 83 28 mån
819 458 92 31 detta
947 459 173 31 överskott
1143 459 74 31 icke
1241 459 125 32 förslår
1390 461 54 30 för
1467 461 206 36 ändamålet,
1699 462 78 31 från

263 509 180 30 allmänna
467 510 349 36 indragningsstaten.

309 611 56 31 Av
378 611 258 37 handlingarna
648 613 11 30 i
673 613 141 30 ärendet
826 613 186 36 inhämtas,
1023 613 104 31 bland
1139 615 117 35 annat,
1270 615 52 30 att
1333 614 67 31 Per
1412 614 123 32 Alfred
1547 615 99 37 Lind,
1658 617 117 31 vilken

261 663 91 31 efter
369 664 40 30 34
426 665 56 30 års
498 665 216 36 anställning
730 666 111 30 såsom
858 666 216 36 stallbetjänt
1090 666 58 31 vid
1166 666 248 32 Strömsholms
1427 667 203 38 hingstdepå
1643 669 134 32 lämnat

266 716 238 37 befattningen
539 717 77 31 med
650 719 177 35 utgången
862 729 46 20 av
936 719 139 30 oktober
1100 719 83 30 1918
1208 719 62 30 och
1294 719 149 31 därefter
1466 721 145 35 åtnjutit
1634 722 141 35 pension

263 769 56 29 till
354 769 120 35 belopp
509 779 43 20 av
588 770 62 29 900
685 770 136 35 kronor,
856 770 59 31 vid
950 771 55 29 sin
1040 770 65 31 död
1129 771 63 30 den
1218 771 40 30 29
1284 773 137 33 augusti
1446 772 84 30 1928
1554 773 222 31 efterlämnat

262 820 103 35 änka,
389 830 83 26 som,
497 821 79 30 född
601 821 65 31 den
691 821 40 31 23
757 822 70 36 maj
853 823 96 35 1849,
974 822 146 31 sålunda
1144 825 39 27 är
1209 823 39 29 80
1266 824 38 29 år
1320 823 163 36 gammal,
1500 826 91 28 samt
1606 826 51 29 tre
1674 825 101 35 barn;

262 874 53 29 att
349 872 322 38 bouppteckningen
707 874 94 30 visar
825 874 86 31 brist
933 875 13 30 i
970 875 91 35 boet;
1084 876 50 29 att
1157 875 174 30 sökanden
1356 877 39 28 är
1418 876 163 31 medellös
1604 877 61 30 och
1689 878 87 30 oför-

262 927 124 33 mögen
418 926 52 30 att
501 926 77 30 med
610 927 114 30 arbete
748 926 146 37 försörja
917 928 68 35 sig;
1009 928 90 29 samt
1122 928 52 30 att
1197 927 145 31 barnens
1366 928 219 31 ekonomiska
1608 930 166 36 ställning

263 978 41 28 är
326 977 117 35 sådan,
468 979 50 29 att
541 978 40 30 de
604 978 73 30 icke
701 979 119 29 kunna
844 979 117 30 lämna
984 981 187 29 nämnvärt
1194 979 122 36 bidrag
1334 980 56 30 till
1406 980 158 31 moderns
1582 981 191 31 underhåll.

308 1028 393 37 Stuteriöverstyrelsen
736 1030 64 30 har
823 1031 12 29 i
859 1031 142 35 avgivet
1025 1031 175 30 utlåtande
1224 1032 13 29 i
1260 1032 184 30 huvudsak
1467 1032 117 31 anfört
1608 1034 166 35 följande:

306 1089 94 31 Enär
435 1089 183 37 utdelning
652 1101 45 20 av
732 1091 185 31 understöd
950 1091 79 31 från
1063 1092 401 37 pensionsinrättningen
1498 1093 54 30 för
1584 1094 191 32 avskedade

261 1133 255 36 stallbetjänter
539 1135 60 30 vid
624 1134 246 32 Strömsholms
893 1136 206 37 hingstdepå
1121 1138 90 29 samt
1234 1136 96 31 deras
1352 1137 110 31 änkor
1485 1137 61 31 och
1570 1138 87 31 barn
1674 1141 101 29 även-

261 1187 73 21 som
371 1178 79 30 från
473 1178 108 31 andra
605 1179 56 30 till
685 1179 366 37 depåförvaltningens
1077 1180 199 37 förfogande
1299 1181 138 31 stående
1461 1182 313 32 understödsmedel

262 1222 53 30 för
338 1223 38 28 år
401 1222 83 30 1928
509 1224 59 34 ägt
592 1233 78 20 rum
694 1223 105 30 redan
824 1224 109 30 innan
956 1224 192 30 sökandens
1173 1234 80 20 man
1277 1225 110 35 avled,
1405 1225 115 31 kunde
1535 1227 104 34 något
1655 1227 119 30 under-

260 1265 76 30 stöd
362 1265 81 29 från
466 1266 153 30 nämnda
643 1267 109 29 medel
777 1267 73 30 ieke
874 1267 140 30 beredas
1038 1267 112 31 henne
1173 1268 118 30 förrän
1314 1268 142 35 tidigast
1480 1269 109 30 under
1612 1270 95 30 1929.

305 1308 49 30 De
388 1308 56 30 till
479 1309 201 35 förfogande
702 1320 46 20 av
772 1310 259 36 förvaltningen
1056 1311 59 30 vid
1140 1311 245 31 Strömsholms
1409 1312 204 36 hingstdepå
1635 1313 138 30 stående

261 1351 336 32 understödsmedlen
622 1362 81 21 vore
725 1353 164 36 följande:

305 1405 32 36 a)
362 1405 48 29 ett
434 1413 122 27 genom
580 1404 134 37 Kungl.
739 1405 118 37 Maj:ts
881 1406 83 31 brev
989 1406 64 31 den
1078 1407 40 30 22
1142 1406 69 36 maj
1230 1407 84 30 1812
1331 1408 136 30 anvisat
1482 1408 62 31 och
1561 1408 213 32 fortfarande

261 1447 172 36 utgående
456 1448 121 36 anslag
601 1459 45 20 av
671 1449 62 31 337
757 1450 126 30 kronor
909 1450 40 30 50
973 1452 57 28 öre
1053 1460 56 20 om
1132 1452 83 33 året,
1233 1451 108 30 vilket
1358 1451 119 36 belopp
1493 1462 144 21 numera
1653 1453 120 30 anord-

259 1491 103 30 nades
398 1491 79 30 från
512 1493 384 36 reservationsanslaget
932 1493 55 30 till
1022 1494 251 35 uppehållande
1307 1504 44 21 av
1380 1495 306 36 hingstdepåernas
1710 1496 62 30 och

260 1535 173 29 stuteriets
456 1535 235 36 verksamhet;

303 1585 34 37 b)
372 1587 49 29 ett
455 1586 121 36 belopp
610 1597 44 20 av
689 1588 99 35 högst
824 1587 62 31 300
922 1588 127 31 kronor
1084 1599 54 20 om
1161 1590 83 34 året,
1268 1599 72 21 som
1365 1590 110 36 enligt
1498 1590 132 37 Kungl.
1655 1591 117 36 Maj:ts

260 1629 81 30 brev
376 1629 65 31 den
465 1630 40 30 16
531 1631 140 31 oktober
695 1631 84 31 1874
803 1642 45 20 av
872 1632 55 30 till
952 1632 247 32 Strömsholms
1222 1633 206 37 hingstdepå
1451 1634 192 37 inflytande
1666 1636 106 30 stobe-

258 1673 346 37 täckningsavgifter,
633 1675 12 30 i
674 1675 64 31 den
773 1676 82 30 mån
890 1676 94 31 dessa
1019 1677 150 36 avgifter
1202 1677 117 31 därtill
1355 1677 154 38 försloge,
1545 1680 150 30 avsattes
1719 1679 52 31 för

258 1718 241 36 pensionering
523 1728 44 21 av
590 1718 209 36 tjänstemän
823 1719 61 31 och
908 1720 169 36 betjänter
1101 1721 59 30 vid
1183 1721 125 35 depån;

305 1771 30 35 ec)
368 1771 48 28 ett
439 1769 118 37 belopp
580 1781 46 20 av
650 1772 61 29 120
736 1771 125 31 kronor
885 1781 55 20 om
963 1772 84 36 året,
1072 1782 72 20 som
1168 1773 110 35 enligt
1302 1773 132 36 Kungl.
1459 1774 118 35 Maj:ts
1601 1775 82 30 brev
1706 1774 65 31 den

261 1812 19 29 6
315 1812 78 36 juni
428 1813 83 30 1914
546 1814 143 36 utginge
723 1816 111 29 såsom
868 1816 193 36 ersättning
1094 1816 53 30 för
1171 1816 126 31 mistad
1320 1817 290 35 dispositionsrätt
1633 1818 56 30 till
1712 1828 58 21 sex

260 1856 172 30 tunnland
456 1856 75 36 jord
555 1857 13 30 i
591 1857 65 30 den
680 1867 24 21 s.
729 1858 32 30 k.
787 1858 248 36 Kvarnhagen,
1059 1859 119 31 vilken
1202 1860 76 35 jord
1303 1860 93 31 förut
1419 1861 92 30 varit
1534 1861 164 36 anslagen
1715 1862 55 30 till

259 1899 412 37 pensionsinrättningen;
694 1903 91 29 samt

305 1951 33 37 d)
366 1952 255 37 avkastningen
644 1963 45 20 av
713 1953 172 31 Halfvard
909 1953 105 37 Bergs
1037 1956 39 29 år
1100 1955 84 31 1709
1209 1955 138 31 stiftade
1369 1957 243 35 pensionsfond
1637 1957 53 30 för
1712 1967 57 21 av-

259 1995 148 31 skedade
442 1995 254 37 stallbetjänter
730 1999 89 28 samt
843 1997 96 31 deras
962 1998 109 31 änkor
1093 1999 61 30 och
1179 1999 85 30 barn
1288 1999 60 31 vid
1373 2000 244 31 Strömsholms
1640 2001 130 36 hingst-

261 2038 94 36 depå,
381 2039 119 30 vilken
522 2040 212 37 avkastning
759 2041 52 30 för
834 2042 217 30 närvarande
1074 2042 159 36 utgjorde
1258 2043 39 30 99
1322 2043 125 31 kronor
1471 2054 54 20 om
1548 2045 84 30 året.

304 2082 113 31 Sedan
441 2092 144 22 numera
609 2085 285 36 pensioneringen
917 2095 44 20 av
983 2085 307 38 stallbetjäningen
1307 2087 59 30 vid
1382 2089 129 29 statens
1527 2088 242 36 hingstdepåer

260 2125 103 31 blivit
387 2126 128 31 ordnad
540 2136 122 27 genom
685 2128 230 36 kungörelsen
939 2129 65 31 den
1030 2130 18 29 8
1072 2130 88 35 april
1185 2131 83 30 1925
1293 2132 55 35 (nr
1371 2131 54 37 87)
1448 2131 75 31 med
1549 2132 150 36 grunder
1715 2132 54 30 för

259 2170 242 36 pensionering
535 2181 44 20 av
614 2172 92 30 vissa
735 2172 261 32 icke-ordinarie
1019 2173 344 37 befattningshavare
1386 2175 59 30 vid
1469 2175 146 36 Flyinge
1638 2176 130 36 hingst-

258 2213 86 35 depå
378 2213 62 30 och
475 2215 123 30 stuteri
632 2217 90 29 samt
756 2216 246 31 Strömsholms
1036 2217 212 36 hingstdepå,
1283 2218 176 31 användes
1492 2229 90 20 ovan
1614 2220 154 35 angivna

260 2256 313 32 understödsmedel
598 2275 40 4 —
662 2259 146 35 tillhopa
842 2259 62 30 856
940 2260 127 30 kronor
1091 2261 39 29 50
1155 2263 55 28 öre
1234 2271 55 20 om
1313 2262 73 30 året
1409 2280 41 2 —
1474 2263 215 30 uteslutande
1712 2263 55 30 till

259 2300 183 31 understöd
465 2301 35 30 åt
523 2302 108 30 änkor
654 2302 62 30 och
740 2302 86 31 barn
849 2303 85 30 efter
957 2304 142 30 avlidna
1122 2304 260 36 stallbetjänter.

303 2344 141 31 Antalet
481 2345 317 37 understödstagare
833 2347 156 35 utgjorde
1024 2347 53 31 för
1111 2348 218 31 närvarande
1360 2349 48 30 tio
1443 2349 61 30 och
1538 2349 228 32 understöden

258 2388 173 35 uppginge
458 2388 103 31 alltså
585 2389 12 31 i
621 2389 160 32 medeltal
804 2390 56 30 till
884 2391 160 36 omkring
1068 2391 40 31 85
1133 2392 125 31 kronor
1281 2402 55 21 om
1352 2394 81 29 året.
1481 2393 131 31 Härtill
1633 2394 134 31 komme
