<?xml version="1.0" encoding="UTF-8"?>
<alto xmlns="http://www.loc.gov/standards/alto/ns-v3#" xmlns:xlink="http://www.w3.org/1999/xlink" xmlns:xsi="http://www.w3.org/2001/XMLSchema-instance" xsi:schemaLocation="http://www.loc.gov/standards/alto/ns-v3# http://www.loc.gov/alto/v3/alto-3-0.xsd">
	<Description>
		<MeasurementUnit>pixel</MeasurementUnit>
		<sourceImageInformation>
			<fileName>/tmp/tess_mvf9no7__input.PNG</fileName>
		</sourceImageInformation>
		<OCRProcessing ID="OCR_0">
			<ocrProcessingStep>
				<processingSoftware>
					<softwareName>tesseract 5.3.0</softwareName>
				</processingSoftware>
			</ocrProcessingStep>
		</OCRProcessing>
	</Description>
	<Layout>
		<Page WIDTH="1916" HEIGHT="2782" PHYSICAL_IMG_NR="0" ID="page_0">
			<PrintSpace HPOS="0" VPOS="0" WIDTH="1916" HEIGHT="2782">
				<ComposedBlock ID="cblock_0" HPOS="490" VPOS="131" WIDTH="1148" HEIGHT="39">
					<TextBlock ID="block_0" HPOS="490" VPOS="131" WIDTH="1148" HEIGHT="39">
						<TextLine ID="line_0" HPOS="490" VPOS="131" WIDTH="1148" HEIGHT="39">
							<String ID="string_0" HPOS="490" VPOS="138" WIDTH="287" HEIGHT="32" WC="0.89" CONTENT="Statsutskottets"/><SP WIDTH="22" VPOS="138" HPOS="777"/>
							<String ID="string_1" HPOS="799" VPOS="137" WIDTH="181" HEIGHT="31" WC="0.96" CONTENT="utlåtande"/><SP WIDTH="19" VPOS="137" HPOS="980"/>
							<String ID="string_2" HPOS="999" VPOS="146" WIDTH="45" HEIGHT="21" WC="0.96" CONTENT="nr"/><SP WIDTH="21" VPOS="146" HPOS="1044"/>
							<String ID="string_3" HPOS="1065" VPOS="137" WIDTH="63" HEIGHT="30" WC="0.95" CONTENT="136"/><SP WIDTH="21" VPOS="137" HPOS="1128"/>
							<String ID="string_4" HPOS="1149" VPOS="136" WIDTH="40" HEIGHT="30" WC="0.95" CONTENT="år"/><SP WIDTH="21" VPOS="136" HPOS="1189"/>
							<String ID="string_5" HPOS="1210" VPOS="135" WIDTH="85" HEIGHT="31" WC="0.96" CONTENT="1960"/><SP WIDTH="323" VPOS="135" HPOS="1295"/>
							<String ID="string_6" HPOS="1618" VPOS="131" WIDTH="20" HEIGHT="30" WC="0.96" CONTENT="9"/>
						</TextLine>
					</TextBlock>
				</ComposedBlock>
				<ComposedBlock ID="cblock_1" HPOS="800" VPOS="240" WIDTH="191" HEIGHT="35">
					<TextBlock ID="block_1" HPOS="800" VPOS="240" WIDTH="191" HEIGHT="35">
						<TextLine ID="line_1" HPOS="800" VPOS="240" WIDTH="191" HEIGHT="35">
							<String ID="string_7" HPOS="800" VPOS="240" WIDTH="191" HEIGHT="35" WC="0.96" CONTENT="Motioner"/>
						</TextLine>
					</TextBlock>
				</ComposedBlock>
				<ComposedBlock ID="cblock_2" HPOS="148" VPOS="317" WIDTH="1501" HEIGHT="896">
					<TextBlock ID="block_2" HPOS="148" VPOS="317" WIDTH="1491" HEIGHT="150">
						<TextLine ID="line_2" HPOS="193" VPOS="317" WIDTH="1446" HEIGHT="50">
							<String ID="string_8" HPOS="193" VPOS="329" WIDTH="14" HEIGHT="29" WC="0.96" CONTENT="I"/><SP WIDTH="22" VPOS="329" HPOS="207"/>
							<String ID="string_9" HPOS="229" VPOS="329" WIDTH="43" HEIGHT="30" WC="0.96" CONTENT="de"/><SP WIDTH="21" VPOS="329" HPOS="272"/>
							<String ID="string_10" HPOS="293" VPOS="327" WIDTH="224" HEIGHT="40" WC="0.96" CONTENT="likalydande"/><SP WIDTH="23" VPOS="327" HPOS="517"/>
							<String ID="string_11" HPOS="540" VPOS="326" WIDTH="220" HEIGHT="31" WC="0.96" CONTENT="motionerna"/><SP WIDTH="21" VPOS="326" HPOS="760"/>
							<String ID="string_12" HPOS="781" VPOS="325" WIDTH="33" HEIGHT="29" WC="0.27" CONTENT="I:"/><SP WIDTH="14" VPOS="325" HPOS="814"/>
							<String ID="string_13" HPOS="828" VPOS="325" WIDTH="64" HEIGHT="29" WC="0.27" CONTENT="648"/><SP WIDTH="29" VPOS="325" HPOS="892"/>
							<String ID="string_14" HPOS="921" VPOS="324" WIDTH="60" HEIGHT="34" WC="0.95" CONTENT="(av"/><SP WIDTH="22" VPOS="324" HPOS="981"/>
							<String ID="string_15" HPOS="1003" VPOS="323" WIDTH="58" HEIGHT="30" WC="0.96" CONTENT="fru"/><SP WIDTH="23" VPOS="323" HPOS="1061"/>
							<String ID="string_16" HPOS="1084" VPOS="322" WIDTH="112" HEIGHT="31" WC="0.92" CONTENT="Gärde"/><SP WIDTH="22" VPOS="322" HPOS="1196"/>
							<String ID="string_17" HPOS="1218" VPOS="321" WIDTH="180" HEIGHT="30" WC="0.92" CONTENT="Widemar"/><SP WIDTH="23" VPOS="321" HPOS="1398"/>
							<String ID="string_18" HPOS="1421" VPOS="328" WIDTH="46" HEIGHT="21" WC="0.91" CONTENT="m."/><SP WIDTH="24" VPOS="328" HPOS="1467"/>
							<String ID="string_19" HPOS="1491" VPOS="318" WIDTH="55" HEIGHT="34" WC="0.94" CONTENT="fl.)"/><SP WIDTH="27" VPOS="318" HPOS="1546"/>
							<String ID="string_20" HPOS="1573" VPOS="317" WIDTH="66" HEIGHT="31" WC="0.96" CONTENT="och"/>
						</TextLine>
						<TextLine ID="line_3" HPOS="151" VPOS="371" WIDTH="1488" HEIGHT="44">
							<String ID="string_21" HPOS="151" VPOS="383" WIDTH="48" HEIGHT="29" WC="0.48" CONTENT="I:"/><SP WIDTH="14" VPOS="383" HPOS="199"/>
							<String ID="string_22" HPOS="213" VPOS="382" WIDTH="61" HEIGHT="31" WC="0.48" CONTENT="801"/><SP WIDTH="35" VPOS="382" HPOS="274"/>
							<String ID="string_23" HPOS="309" VPOS="381" WIDTH="59" HEIGHT="34" WC="0.96" CONTENT="(av"/><SP WIDTH="25" VPOS="381" HPOS="368"/>
							<String ID="string_24" HPOS="393" VPOS="381" WIDTH="81" HEIGHT="30" WC="0.93" CONTENT="herr"/><SP WIDTH="27" VPOS="381" HPOS="474"/>
							<String ID="string_25" HPOS="501" VPOS="379" WIDTH="233" HEIGHT="32" WC="0.90" CONTENT="Rimmerfors"/><SP WIDTH="26" VPOS="379" HPOS="734"/>
							<String ID="string_26" HPOS="760" VPOS="388" WIDTH="47" HEIGHT="21" WC="0.90" CONTENT="m."/><SP WIDTH="27" VPOS="388" HPOS="807"/>
							<String ID="string_27" HPOS="834" VPOS="377" WIDTH="55" HEIGHT="35" WC="0.93" CONTENT="fl.)"/><SP WIDTH="31" VPOS="377" HPOS="889"/>
							<String ID="string_28" HPOS="920" VPOS="378" WIDTH="66" HEIGHT="30" WC="0.93" CONTENT="har"/><SP WIDTH="25" VPOS="378" HPOS="986"/>
							<String ID="string_29" HPOS="1011" VPOS="376" WIDTH="200" HEIGHT="31" WC="0.91" CONTENT="hemställts"/><SP WIDTH="28" VPOS="376" HPOS="1211"/>
							<String ID="string_30" HPOS="1239" VPOS="376" WIDTH="50" HEIGHT="28" WC="0.96" CONTENT="att"/><SP WIDTH="26" VPOS="376" HPOS="1289"/>
							<String ID="string_31" HPOS="1315" VPOS="373" WIDTH="189" HEIGHT="40" WC="0.96" CONTENT="riksdagen"/><SP WIDTH="27" VPOS="373" HPOS="1504"/>
							<String ID="string_32" HPOS="1531" VPOS="371" WIDTH="108" HEIGHT="30" WC="0.95" CONTENT="måtte"/>
						</TextLine>
						<TextLine ID="line_4" HPOS="148" VPOS="436" WIDTH="137" HEIGHT="31">
							<String ID="string_33" HPOS="148" VPOS="436" WIDTH="137" HEIGHT="31" WC="0.96" CONTENT="besluta"/>
						</TextLine>
					</TextBlock>
					<TextBlock ID="block_3" HPOS="153" VPOS="479" WIDTH="1488" HEIGHT="154">
						<TextLine ID="line_5" HPOS="196" VPOS="479" WIDTH="1445" HEIGHT="44">
							<String ID="string_34" HPOS="196" VPOS="489" WIDTH="34" HEIGHT="34" WC="0.96" CONTENT="1)"/><SP WIDTH="30" VPOS="489" HPOS="230"/>
							<String ID="string_35" HPOS="260" VPOS="490" WIDTH="51" HEIGHT="29" WC="0.96" CONTENT="att"/><SP WIDTH="18" VPOS="490" HPOS="311"/>
							<String ID="string_36" HPOS="329" VPOS="488" WIDTH="93" HEIGHT="31" WC="0.93" CONTENT="fasta"/><SP WIDTH="17" VPOS="488" HPOS="422"/>
							<String ID="string_37" HPOS="439" VPOS="487" WIDTH="239" HEIGHT="30" WC="0.91" CONTENT="minimilöner"/><SP WIDTH="18" VPOS="487" HPOS="678"/>
							<String ID="string_38" HPOS="696" VPOS="485" WIDTH="143" HEIGHT="31" WC="0.96" CONTENT="fastslås"/><SP WIDTH="19" VPOS="485" HPOS="839"/>
							<String ID="string_39" HPOS="858" VPOS="484" WIDTH="55" HEIGHT="31" WC="0.93" CONTENT="för"/><SP WIDTH="19" VPOS="484" HPOS="913"/>
							<String ID="string_40" HPOS="932" VPOS="482" WIDTH="320" HEIGHT="41" WC="0.90" CONTENT="familjerådgivare"/><SP WIDTH="18" VPOS="482" HPOS="1252"/>
							<String ID="string_41" HPOS="1270" VPOS="481" WIDTH="65" HEIGHT="31" WC="0.96" CONTENT="och"/><SP WIDTH="19" VPOS="481" HPOS="1335"/>
							<String ID="string_42" HPOS="1354" VPOS="481" WIDTH="51" HEIGHT="29" WC="0.96" CONTENT="att"/><SP WIDTH="18" VPOS="481" HPOS="1405"/>
							<String ID="string_43" HPOS="1423" VPOS="480" WIDTH="103" HEIGHT="30" WC="0.96" CONTENT="dessa"/><SP WIDTH="18" VPOS="480" HPOS="1526"/>
							<String ID="string_44" HPOS="1544" VPOS="479" WIDTH="97" HEIGHT="30" WC="0.96" CONTENT="löner"/>
						</TextLine>
						<TextLine ID="line_6" HPOS="154" VPOS="533" WIDTH="1487" HEIGHT="50">
							<String ID="string_45" HPOS="154" VPOS="551" WIDTH="168" HEIGHT="32" WC="0.96" CONTENT="anpassas"/><SP WIDTH="26" VPOS="551" HPOS="322"/>
							<String ID="string_46" HPOS="348" VPOS="541" WIDTH="80" HEIGHT="31" WC="0.96" CONTENT="med"/><SP WIDTH="25" VPOS="541" HPOS="428"/>
							<String ID="string_47" HPOS="453" VPOS="541" WIDTH="141" HEIGHT="39" WC="0.95" CONTENT="hänsyn"/><SP WIDTH="25" VPOS="541" HPOS="594"/>
							<String ID="string_48" HPOS="619" VPOS="540" WIDTH="54" HEIGHT="30" WC="0.95" CONTENT="till"/><SP WIDTH="25" VPOS="540" HPOS="673"/>
							<String ID="string_49" HPOS="698" VPOS="539" WIDTH="70" HEIGHT="30" WC="0.93" CONTENT="den"/><SP WIDTH="24" VPOS="539" HPOS="768"/>
							<String ID="string_50" HPOS="792" VPOS="537" WIDTH="276" HEIGHT="40" WC="0.92" CONTENT="merutbildning"/><SP WIDTH="27" VPOS="537" HPOS="1068"/>
							<String ID="string_51" HPOS="1095" VPOS="537" WIDTH="122" HEIGHT="30" WC="0.93" CONTENT="utöver"/><SP WIDTH="27" VPOS="537" HPOS="1217"/>
							<String ID="string_52" HPOS="1244" VPOS="533" WIDTH="293" HEIGHT="34" WC="0.91" CONTENT="socialinstitutet,"/><SP WIDTH="28" VPOS="533" HPOS="1537"/>
							<String ID="string_53" HPOS="1565" VPOS="540" WIDTH="76" HEIGHT="22" WC="0.96" CONTENT="som"/>
						</TextLine>
						<TextLine ID="line_7" HPOS="153" VPOS="591" WIDTH="832" HEIGHT="42">
							<String ID="string_54" HPOS="153" VPOS="596" WIDTH="210" HEIGHT="31" WC="0.92" CONTENT="föreskrives"/><SP WIDTH="15" VPOS="596" HPOS="363"/>
							<String ID="string_55" HPOS="378" VPOS="595" WIDTH="55" HEIGHT="30" WC="0.96" CONTENT="för"/><SP WIDTH="15" VPOS="595" HPOS="433"/>
							<String ID="string_56" HPOS="448" VPOS="593" WIDTH="205" HEIGHT="40" WC="0.95" CONTENT="behörighet"/><SP WIDTH="14" VPOS="593" HPOS="653"/>
							<String ID="string_57" HPOS="667" VPOS="592" WIDTH="54" HEIGHT="31" WC="0.95" CONTENT="till"/><SP WIDTH="16" VPOS="592" HPOS="721"/>
							<String ID="string_58" HPOS="737" VPOS="592" WIDTH="111" HEIGHT="31" WC="0.96" CONTENT="sådan"/><SP WIDTH="14" VPOS="592" HPOS="848"/>
							<String ID="string_59" HPOS="862" VPOS="591" WIDTH="123" HEIGHT="40" WC="0.96" CONTENT="tjänst,"/>
						</TextLine>
					</TextBlock>
					<TextBlock ID="block_4" HPOS="153" VPOS="639" WIDTH="1490" HEIGHT="104">
						<TextLine ID="line_8" HPOS="196" VPOS="639" WIDTH="1447" HEIGHT="48">
							<String ID="string_60" HPOS="196" VPOS="649" WIDTH="37" HEIGHT="34" WC="0.95" CONTENT="2)"/><SP WIDTH="29" VPOS="649" HPOS="233"/>
							<String ID="string_61" HPOS="262" VPOS="648" WIDTH="97" HEIGHT="31" WC="0.95" CONTENT="avslå"/><SP WIDTH="14" VPOS="648" HPOS="359"/>
							<String ID="string_62" HPOS="373" VPOS="647" WIDTH="126" HEIGHT="40" WC="0.95" CONTENT="Kungl."/><SP WIDTH="16" VPOS="647" HPOS="499"/>
							<String ID="string_63" HPOS="515" VPOS="647" WIDTH="125" HEIGHT="39" WC="0.96" CONTENT="Maj:ts"/><SP WIDTH="16" VPOS="647" HPOS="640"/>
							<String ID="string_64" HPOS="656" VPOS="646" WIDTH="131" HEIGHT="39" WC="0.96" CONTENT="förslag"/><SP WIDTH="15" VPOS="646" HPOS="787"/>
							<String ID="string_65" HPOS="802" VPOS="646" WIDTH="51" HEIGHT="29" WC="0.96" CONTENT="att"/><SP WIDTH="14" VPOS="646" HPOS="853"/>
							<String ID="string_66" HPOS="867" VPOS="645" WIDTH="72" HEIGHT="30" WC="0.96" CONTENT="låta"/><SP WIDTH="14" VPOS="645" HPOS="939"/>
							<String ID="string_67" HPOS="953" VPOS="642" WIDTH="313" HEIGHT="42" WC="0.96" CONTENT="provinsialläkare"/><SP WIDTH="15" VPOS="642" HPOS="1266"/>
							<String ID="string_68" HPOS="1281" VPOS="650" WIDTH="83" HEIGHT="22" WC="0.96" CONTENT="vara"/><SP WIDTH="16" VPOS="650" HPOS="1364"/>
							<String ID="string_69" HPOS="1380" VPOS="640" WIDTH="94" HEIGHT="30" WC="0.91" CONTENT="lokal"/><SP WIDTH="15" VPOS="640" HPOS="1474"/>
							<String ID="string_70" HPOS="1489" VPOS="639" WIDTH="154" HEIGHT="39" WC="0.90" CONTENT="tillsyns-"/>
						</TextLine>
						<TextLine ID="line_9" HPOS="153" VPOS="697" WIDTH="946" HEIGHT="46">
							<String ID="string_71" HPOS="153" VPOS="702" WIDTH="204" HEIGHT="41" WC="0.95" CONTENT="myndighet"/><SP WIDTH="19" VPOS="702" HPOS="357"/>
							<String ID="string_72" HPOS="376" VPOS="701" WIDTH="56" HEIGHT="31" WC="0.93" CONTENT="för"/><SP WIDTH="19" VPOS="701" HPOS="432"/>
							<String ID="string_73" HPOS="451" VPOS="697" WIDTH="648" HEIGHT="42" WC="0.90" CONTENT="familjerådgivningsverksamheten,"/>
						</TextLine>
					</TextBlock>
					<TextBlock ID="block_5" HPOS="156" VPOS="744" WIDTH="1488" HEIGHT="104">
						<TextLine ID="line_10" HPOS="199" VPOS="744" WIDTH="1445" HEIGHT="49">
							<String ID="string_74" HPOS="199" VPOS="756" WIDTH="37" HEIGHT="34" WC="0.96" CONTENT="3)"/><SP WIDTH="30" VPOS="756" HPOS="236"/>
							<String ID="string_75" HPOS="266" VPOS="757" WIDTH="51" HEIGHT="28" WC="0.96" CONTENT="att"/><SP WIDTH="28" VPOS="757" HPOS="317"/>
							<String ID="string_76" HPOS="345" VPOS="753" WIDTH="212" HEIGHT="40" WC="0.96" CONTENT="statsbidrag"/><SP WIDTH="27" VPOS="753" HPOS="557"/>
							<String ID="string_77" HPOS="584" VPOS="753" WIDTH="88" HEIGHT="30" WC="0.96" CONTENT="efter"/><SP WIDTH="29" VPOS="753" HPOS="672"/>
							<String ID="string_78" HPOS="701" VPOS="751" WIDTH="152" HEIGHT="31" WC="0.96" CONTENT="särskild"/><SP WIDTH="26" VPOS="751" HPOS="853"/>
							<String ID="string_79" HPOS="879" VPOS="750" WIDTH="173" HEIGHT="41" WC="0.96" CONTENT="prövning"/><SP WIDTH="27" VPOS="750" HPOS="1052"/>
							<String ID="string_80" HPOS="1079" VPOS="749" WIDTH="109" HEIGHT="30" WC="0.96" CONTENT="måtte"/><SP WIDTH="27" VPOS="749" HPOS="1188"/>
							<String ID="string_81" HPOS="1215" VPOS="748" WIDTH="122" HEIGHT="30" WC="0.96" CONTENT="kunna"/><SP WIDTH="28" VPOS="748" HPOS="1337"/>
							<String ID="string_82" HPOS="1365" VPOS="746" WIDTH="84" HEIGHT="40" WC="0.96" CONTENT="utgå"/><SP WIDTH="27" VPOS="746" HPOS="1449"/>
							<String ID="string_83" HPOS="1476" VPOS="747" WIDTH="87" HEIGHT="29" WC="0.95" CONTENT="även"/><SP WIDTH="27" VPOS="747" HPOS="1563"/>
							<String ID="string_84" HPOS="1590" VPOS="744" WIDTH="54" HEIGHT="31" WC="0.95" CONTENT="till"/>
						</TextLine>
						<TextLine ID="line_11" HPOS="156" VPOS="804" WIDTH="912" HEIGHT="44">
							<String ID="string_85" HPOS="156" VPOS="806" WIDTH="490" HEIGHT="42" WC="0.90" CONTENT="familjerådgivningsbyråer"/><SP WIDTH="24" VPOS="806" HPOS="646"/>
							<String ID="string_86" HPOS="670" VPOS="805" WIDTH="11" HEIGHT="30" WC="0.96" CONTENT="i"/><SP WIDTH="24" VPOS="805" HPOS="681"/>
							<String ID="string_87" HPOS="705" VPOS="804" WIDTH="139" HEIGHT="31" WC="0.96" CONTENT="enskild"/><SP WIDTH="23" VPOS="804" HPOS="844"/>
							<String ID="string_88" HPOS="867" VPOS="804" WIDTH="83" HEIGHT="40" WC="0.95" CONTENT="regi,"/><SP WIDTH="26" VPOS="804" HPOS="950"/>
							<String ID="string_89" HPOS="976" VPOS="805" WIDTH="92" HEIGHT="28" WC="0.96" CONTENT="samt"/>
						</TextLine>
					</TextBlock>
					<TextBlock ID="block_6" HPOS="155" VPOS="852" WIDTH="1490" HEIGHT="94">
						<TextLine ID="line_12" HPOS="199" VPOS="852" WIDTH="1446" HEIGHT="47">
							<String ID="string_90" HPOS="199" VPOS="862" WIDTH="37" HEIGHT="35" WC="0.96" CONTENT="4)"/><SP WIDTH="29" VPOS="862" HPOS="236"/>
							<String ID="string_91" HPOS="265" VPOS="864" WIDTH="51" HEIGHT="28" WC="0.43" CONTENT="att"/><SP WIDTH="15" VPOS="864" HPOS="316"/>
							<String ID="string_92" HPOS="331" VPOS="862" WIDTH="13" HEIGHT="30" WC="0.43" CONTENT="i"/><SP WIDTH="16" VPOS="862" HPOS="344"/>
							<String ID="string_93" HPOS="360" VPOS="861" WIDTH="167" HEIGHT="31" WC="0.95" CONTENT="skrivelse"/><SP WIDTH="17" VPOS="861" HPOS="527"/>
							<String ID="string_94" HPOS="544" VPOS="860" WIDTH="53" HEIGHT="30" WC="0.96" CONTENT="till"/><SP WIDTH="17" VPOS="860" HPOS="597"/>
							<String ID="string_95" HPOS="614" VPOS="859" WIDTH="125" HEIGHT="40" WC="0.95" CONTENT="Kungl."/><SP WIDTH="17" VPOS="859" HPOS="739"/>
							<String ID="string_96" HPOS="756" VPOS="858" WIDTH="107" HEIGHT="40" WC="0.96" CONTENT="Maj:t"/><SP WIDTH="16" VPOS="858" HPOS="863"/>
							<String ID="string_97" HPOS="879" VPOS="858" WIDTH="78" HEIGHT="40" WC="0.96" CONTENT="giva"/><SP WIDTH="15" VPOS="858" HPOS="957"/>
							<String ID="string_98" HPOS="972" VPOS="857" WIDTH="53" HEIGHT="30" WC="0.96" CONTENT="till"/><SP WIDTH="17" VPOS="857" HPOS="1025"/>
							<String ID="string_99" HPOS="1042" VPOS="857" WIDTH="120" HEIGHT="30" WC="0.96" CONTENT="känna"/><SP WIDTH="14" VPOS="857" HPOS="1162"/>
							<String ID="string_100" HPOS="1176" VPOS="855" WIDTH="68" HEIGHT="31" WC="0.96" CONTENT="vad"/><SP WIDTH="17" VPOS="855" HPOS="1244"/>
							<String ID="string_101" HPOS="1261" VPOS="864" WIDTH="75" HEIGHT="21" WC="0.96" CONTENT="som"/><SP WIDTH="15" VPOS="864" HPOS="1336"/>
							<String ID="string_102" HPOS="1351" VPOS="854" WIDTH="13" HEIGHT="30" WC="0.96" CONTENT="i"/><SP WIDTH="16" VPOS="854" HPOS="1364"/>
							<String ID="string_103" HPOS="1380" VPOS="854" WIDTH="112" HEIGHT="39" WC="0.96" CONTENT="övrigt"/><SP WIDTH="16" VPOS="854" HPOS="1492"/>
							<String ID="string_104" HPOS="1508" VPOS="852" WIDTH="137" HEIGHT="30" WC="0.96" CONTENT="anförts"/>
						</TextLine>
						<TextLine ID="line_13" HPOS="155" VPOS="916" WIDTH="261" HEIGHT="30">
							<String ID="string_105" HPOS="155" VPOS="917" WIDTH="11" HEIGHT="29" WC="0.96" CONTENT="i"/><SP WIDTH="20" VPOS="917" HPOS="166"/>
							<String ID="string_106" HPOS="186" VPOS="916" WIDTH="230" HEIGHT="30" WC="0.95" CONTENT="motionerna."/>
						</TextLine>
					</TextBlock>
					<TextBlock ID="block_7" HPOS="155" VPOS="958" WIDTH="1492" HEIGHT="154">
						<TextLine ID="line_14" HPOS="200" VPOS="958" WIDTH="1446" HEIGHT="49">
							<String ID="string_107" HPOS="200" VPOS="970" WIDTH="14" HEIGHT="29" WC="0.96" CONTENT="I"/><SP WIDTH="24" VPOS="970" HPOS="214"/>
							<String ID="string_108" HPOS="238" VPOS="969" WIDTH="42" HEIGHT="30" WC="0.96" CONTENT="de"/><SP WIDTH="23" VPOS="969" HPOS="280"/>
							<String ID="string_109" HPOS="303" VPOS="967" WIDTH="225" HEIGHT="40" WC="0.96" CONTENT="likalydande"/><SP WIDTH="23" VPOS="967" HPOS="528"/>
							<String ID="string_110" HPOS="551" VPOS="967" WIDTH="220" HEIGHT="30" WC="0.96" CONTENT="motionerna"/><SP WIDTH="23" VPOS="967" HPOS="771"/>
							<String ID="string_111" HPOS="794" VPOS="965" WIDTH="32" HEIGHT="29" WC="0.0" CONTENT="1:"/><SP WIDTH="15" VPOS="965" HPOS="826"/>
							<String ID="string_112" HPOS="841" VPOS="965" WIDTH="63" HEIGHT="30" WC="0.0" CONTENT="654"/><SP WIDTH="30" VPOS="965" HPOS="904"/>
							<String ID="string_113" HPOS="934" VPOS="964" WIDTH="59" HEIGHT="34" WC="0.96" CONTENT="(av"/><SP WIDTH="23" VPOS="964" HPOS="993"/>
							<String ID="string_114" HPOS="1016" VPOS="964" WIDTH="123" HEIGHT="30" WC="0.93" CONTENT="herrar"/><SP WIDTH="24" VPOS="964" HPOS="1139"/>
							<String ID="string_115" HPOS="1163" VPOS="961" WIDTH="139" HEIGHT="40" WC="0.92" CONTENT="Kaijser"/><SP WIDTH="23" VPOS="961" HPOS="1302"/>
							<String ID="string_116" HPOS="1325" VPOS="961" WIDTH="65" HEIGHT="31" WC="0.93" CONTENT="och"/><SP WIDTH="25" VPOS="961" HPOS="1390"/>
							<String ID="string_117" HPOS="1415" VPOS="959" WIDTH="137" HEIGHT="34" WC="0.91" CONTENT="Schött)"/><SP WIDTH="29" VPOS="959" HPOS="1552"/>
							<String ID="string_118" HPOS="1581" VPOS="958" WIDTH="65" HEIGHT="31" WC="0.96" CONTENT="och"/>
						</TextLine>
						<TextLine ID="line_15" HPOS="155" VPOS="1011" WIDTH="1492" HEIGHT="45">
							<String ID="string_119" HPOS="155" VPOS="1023" WIDTH="49" HEIGHT="30" WC="0.71" CONTENT="II:"/><SP WIDTH="13" VPOS="1023" HPOS="204"/>
							<String ID="string_120" HPOS="217" VPOS="1022" WIDTH="63" HEIGHT="31" WC="0.96" CONTENT="807"/><SP WIDTH="28" VPOS="1022" HPOS="280"/>
							<String ID="string_121" HPOS="308" VPOS="1021" WIDTH="60" HEIGHT="35" WC="0.96" CONTENT="(av"/><SP WIDTH="20" VPOS="1021" HPOS="368"/>
							<String ID="string_122" HPOS="388" VPOS="1021" WIDTH="126" HEIGHT="30" WC="0.93" CONTENT="fröken"/><SP WIDTH="20" VPOS="1021" HPOS="514"/>
							<String ID="string_123" HPOS="534" VPOS="1020" WIDTH="247" HEIGHT="30" WC="0.90" CONTENT="Wetterström"/><SP WIDTH="22" VPOS="1020" HPOS="781"/>
							<String ID="string_124" HPOS="803" VPOS="1027" WIDTH="46" HEIGHT="21" WC="0.90" CONTENT="m."/><SP WIDTH="22" VPOS="1027" HPOS="849"/>
							<String ID="string_125" HPOS="871" VPOS="1017" WIDTH="55" HEIGHT="35" WC="0.94" CONTENT="fl.)"/><SP WIDTH="26" VPOS="1017" HPOS="926"/>
							<String ID="string_126" HPOS="952" VPOS="1018" WIDTH="65" HEIGHT="29" WC="0.92" CONTENT="har"/><SP WIDTH="20" VPOS="1018" HPOS="1017"/>
							<String ID="string_127" HPOS="1037" VPOS="1016" WIDTH="199" HEIGHT="31" WC="0.91" CONTENT="hemställts"/><SP WIDTH="22" VPOS="1016" HPOS="1236"/>
							<String ID="string_128" HPOS="1258" VPOS="1016" WIDTH="51" HEIGHT="29" WC="0.96" CONTENT="att"/><SP WIDTH="20" VPOS="1016" HPOS="1309"/>
							<String ID="string_129" HPOS="1329" VPOS="1013" WIDTH="189" HEIGHT="40" WC="0.95" CONTENT="riksdagen"/><SP WIDTH="20" VPOS="1013" HPOS="1518"/>
							<String ID="string_130" HPOS="1538" VPOS="1011" WIDTH="109" HEIGHT="31" WC="0.93" CONTENT="måtte"/>
						</TextLine>
						<TextLine ID="line_16" HPOS="159" VPOS="1072" WIDTH="602" HEIGHT="40">
							<String ID="string_131" HPOS="159" VPOS="1075" WIDTH="97" HEIGHT="31" WC="0.96" CONTENT="avslå"/><SP WIDTH="23" VPOS="1075" HPOS="256"/>
							<String ID="string_132" HPOS="279" VPOS="1073" WIDTH="230" HEIGHT="32" WC="0.96" CONTENT="förevarande"/><SP WIDTH="24" VPOS="1073" HPOS="509"/>
							<String ID="string_133" HPOS="533" VPOS="1072" WIDTH="228" HEIGHT="40" WC="0.96" CONTENT="proposition."/>
						</TextLine>
					</TextBlock>
					<TextBlock ID="block_8" HPOS="157" VPOS="1119" WIDTH="1492" HEIGHT="94">
						<TextLine ID="line_17" HPOS="200" VPOS="1119" WIDTH="1449" HEIGHT="41">
							<String ID="string_134" HPOS="200" VPOS="1128" WIDTH="228" HEIGHT="31" WC="0.96" CONTENT="Beträffande"/><SP WIDTH="18" VPOS="1128" HPOS="428"/>
							<String ID="string_135" HPOS="446" VPOS="1127" WIDTH="42" HEIGHT="31" WC="0.96" CONTENT="de"/><SP WIDTH="20" VPOS="1127" HPOS="488"/>
							<String ID="string_136" HPOS="508" VPOS="1127" WIDTH="78" HEIGHT="30" WC="0.96" CONTENT="skäl"/><SP WIDTH="18" VPOS="1127" HPOS="586"/>
							<String ID="string_137" HPOS="604" VPOS="1126" WIDTH="261" HEIGHT="31" WC="0.96" CONTENT="motionärerna"/><SP WIDTH="19" VPOS="1126" HPOS="865"/>
							<String ID="string_138" HPOS="884" VPOS="1124" WIDTH="118" HEIGHT="31" WC="0.96" CONTENT="anfört"/><SP WIDTH="19" VPOS="1124" HPOS="1002"/>
							<String ID="string_139" HPOS="1021" VPOS="1123" WIDTH="53" HEIGHT="31" WC="0.96" CONTENT="till"/><SP WIDTH="20" VPOS="1123" HPOS="1074"/>
							<String ID="string_140" HPOS="1094" VPOS="1122" WIDTH="78" HEIGHT="31" WC="0.96" CONTENT="stöd"/><SP WIDTH="20" VPOS="1122" HPOS="1172"/>
							<String ID="string_141" HPOS="1192" VPOS="1122" WIDTH="55" HEIGHT="30" WC="0.96" CONTENT="för"/><SP WIDTH="19" VPOS="1122" HPOS="1247"/>
							<String ID="string_142" HPOS="1266" VPOS="1121" WIDTH="76" HEIGHT="30" WC="0.96" CONTENT="sina"/><SP WIDTH="18" VPOS="1121" HPOS="1342"/>
							<String ID="string_143" HPOS="1360" VPOS="1119" WIDTH="184" HEIGHT="41" WC="0.91" CONTENT="yrkanden"/><SP WIDTH="18" VPOS="1119" HPOS="1544"/>
							<String ID="string_144" HPOS="1562" VPOS="1119" WIDTH="87" HEIGHT="29" WC="0.91" CONTENT="hän-"/>
						</TextLine>
						<TextLine ID="line_18" HPOS="157" VPOS="1177" WIDTH="770" HEIGHT="36">
							<String ID="string_145" HPOS="157" VPOS="1183" WIDTH="93" HEIGHT="30" WC="0.96" CONTENT="visas"/><SP WIDTH="15" VPOS="1183" HPOS="250"/>
							<String ID="string_146" HPOS="265" VPOS="1182" WIDTH="53" HEIGHT="30" WC="0.96" CONTENT="till"/><SP WIDTH="14" VPOS="1182" HPOS="318"/>
							<String ID="string_147" HPOS="332" VPOS="1181" WIDTH="222" HEIGHT="31" WC="0.95" CONTENT="motionerna"/><SP WIDTH="15" VPOS="1181" HPOS="554"/>
							<String ID="string_148" HPOS="569" VPOS="1180" WIDTH="46" HEIGHT="30" WC="0.85" CONTENT="II:"/><SP WIDTH="16" VPOS="1180" HPOS="615"/>
							<String ID="string_149" HPOS="631" VPOS="1179" WIDTH="60" HEIGHT="31" WC="0.96" CONTENT="801"/><SP WIDTH="18" VPOS="1179" HPOS="691"/>
							<String ID="string_150" HPOS="709" VPOS="1180" WIDTH="65" HEIGHT="30" WC="0.96" CONTENT="och"/><SP WIDTH="16" VPOS="1180" HPOS="774"/>
							<String ID="string_151" HPOS="790" VPOS="1178" WIDTH="47" HEIGHT="30" WC="0.46" CONTENT="II:"/><SP WIDTH="16" VPOS="1178" HPOS="837"/>
							<String ID="string_152" HPOS="853" VPOS="1177" WIDTH="74" HEIGHT="31" WC="0.95" CONTENT="807."/>
						</TextLine>
					</TextBlock>
				</ComposedBlock>
				<ComposedBlock ID="cblock_3" HPOS="808" VPOS="1315" WIDTH="195" HEIGHT="37">
					<TextBlock ID="block_9" HPOS="808" VPOS="1315" WIDTH="195" HEIGHT="37">
						<TextLine ID="line_19" HPOS="808" VPOS="1315" WIDTH="195" HEIGHT="37">
							<String ID="string_153" HPOS="808" VPOS="1315" WIDTH="195" HEIGHT="37" WC="0.96" CONTENT="Utskottet"/>
						</TextLine>
					</TextBlock>
				</ComposedBlock>
				<ComposedBlock ID="cblock_4" HPOS="161" VPOS="1394" WIDTH="1502" HEIGHT="1057">
					<TextBlock ID="block_10" HPOS="161" VPOS="1394" WIDTH="1495" HEIGHT="528">
						<TextLine ID="line_20" HPOS="206" VPOS="1394" WIDTH="1446" HEIGHT="45">
							<String ID="string_154" HPOS="206" VPOS="1404" WIDTH="103" HEIGHT="31" WC="0.96" CONTENT="Olika"/><SP WIDTH="23" VPOS="1404" HPOS="309"/>
							<String ID="string_155" HPOS="332" VPOS="1403" WIDTH="201" HEIGHT="31" WC="0.96" CONTENT="företeelser"/><SP WIDTH="23" VPOS="1403" HPOS="533"/>
							<String ID="string_156" HPOS="556" VPOS="1403" WIDTH="13" HEIGHT="29" WC="0.96" CONTENT="i"/><SP WIDTH="23" VPOS="1403" HPOS="569"/>
							<String ID="string_157" HPOS="592" VPOS="1403" WIDTH="56" HEIGHT="29" WC="0.96" CONTENT="det"/><SP WIDTH="24" VPOS="1403" HPOS="648"/>
							<String ID="string_158" HPOS="672" VPOS="1401" WIDTH="124" HEIGHT="30" WC="0.96" CONTENT="nutida"/><SP WIDTH="24" VPOS="1401" HPOS="796"/>
							<String ID="string_159" HPOS="820" VPOS="1399" WIDTH="185" HEIGHT="32" WC="0.96" CONTENT="samhället"/><SP WIDTH="24" VPOS="1399" HPOS="1005"/>
							<String ID="string_160" HPOS="1029" VPOS="1407" WIDTH="104" HEIGHT="32" WC="0.96" CONTENT="synes"/><SP WIDTH="23" VPOS="1407" HPOS="1133"/>
							<String ID="string_161" HPOS="1156" VPOS="1399" WIDTH="47" HEIGHT="29" WC="0.96" CONTENT="ha"/><SP WIDTH="23" VPOS="1399" HPOS="1203"/>
							<String ID="string_162" HPOS="1226" VPOS="1396" WIDTH="203" HEIGHT="31" WC="0.96" CONTENT="framkallat"/><SP WIDTH="24" VPOS="1396" HPOS="1429"/>
							<String ID="string_163" HPOS="1453" VPOS="1404" WIDTH="44" HEIGHT="21" WC="0.96" CONTENT="en"/><SP WIDTH="23" VPOS="1404" HPOS="1497"/>
							<String ID="string_164" HPOS="1520" VPOS="1394" WIDTH="132" HEIGHT="38" WC="0.96" CONTENT="ökning"/>
						</TextLine>
						<TextLine ID="line_21" HPOS="162" VPOS="1447" WIDTH="1490" HEIGHT="45">
							<String ID="string_165" HPOS="162" VPOS="1467" WIDTH="41" HEIGHT="21" WC="0.91" CONTENT="av"/><SP WIDTH="18" VPOS="1467" HPOS="203"/>
							<String ID="string_166" HPOS="221" VPOS="1456" WIDTH="414" HEIGHT="31" WC="0.91" CONTENT="konfliktsituationerna"/><SP WIDTH="18" VPOS="1456" HPOS="635"/>
							<String ID="string_167" HPOS="653" VPOS="1455" WIDTH="12" HEIGHT="30" WC="0.96" CONTENT="i"/><SP WIDTH="18" VPOS="1455" HPOS="665"/>
							<String ID="string_168" HPOS="683" VPOS="1455" WIDTH="82" HEIGHT="29" WC="0.96" CONTENT="hem"/><SP WIDTH="19" VPOS="1455" HPOS="765"/>
							<String ID="string_169" HPOS="784" VPOS="1454" WIDTH="66" HEIGHT="30" WC="0.96" CONTENT="och"/><SP WIDTH="20" VPOS="1454" HPOS="850"/>
							<String ID="string_170" HPOS="870" VPOS="1452" WIDTH="127" HEIGHT="40" WC="0.95" CONTENT="familj."/><SP WIDTH="20" VPOS="1452" HPOS="997"/>
							<String ID="string_171" HPOS="1017" VPOS="1452" WIDTH="71" HEIGHT="30" WC="0.95" CONTENT="Allt"/><SP WIDTH="20" VPOS="1452" HPOS="1088"/>
							<String ID="string_172" HPOS="1108" VPOS="1451" WIDTH="66" HEIGHT="30" WC="0.96" CONTENT="fler"/><SP WIDTH="19" VPOS="1451" HPOS="1174"/>
							<String ID="string_173" HPOS="1193" VPOS="1450" WIDTH="206" HEIGHT="30" WC="0.96" CONTENT="människor"/><SP WIDTH="19" VPOS="1450" HPOS="1399"/>
							<String ID="string_174" HPOS="1418" VPOS="1449" WIDTH="65" HEIGHT="29" WC="0.96" CONTENT="har"/><SP WIDTH="19" VPOS="1449" HPOS="1483"/>
							<String ID="string_175" HPOS="1502" VPOS="1447" WIDTH="150" HEIGHT="31" WC="0.96" CONTENT="kommit"/>
						</TextLine>
						<TextLine ID="line_22" HPOS="162" VPOS="1501" WIDTH="1491" HEIGHT="45">
							<String ID="string_176" HPOS="162" VPOS="1513" WIDTH="50" HEIGHT="28" WC="0.96" CONTENT="att"/><SP WIDTH="17" VPOS="1513" HPOS="212"/>
							<String ID="string_177" HPOS="229" VPOS="1511" WIDTH="120" HEIGHT="30" WC="0.96" CONTENT="känna"/><SP WIDTH="17" VPOS="1511" HPOS="349"/>
							<String ID="string_178" HPOS="366" VPOS="1511" WIDTH="49" HEIGHT="29" WC="0.96" CONTENT="ett"/><SP WIDTH="17" VPOS="1511" HPOS="415"/>
							<String ID="string_179" HPOS="432" VPOS="1510" WIDTH="113" HEIGHT="30" WC="0.96" CONTENT="behov"/><SP WIDTH="18" VPOS="1510" HPOS="545"/>
							<String ID="string_180" HPOS="563" VPOS="1518" WIDTH="42" HEIGHT="21" WC="0.96" CONTENT="av"/><SP WIDTH="18" VPOS="1518" HPOS="605"/>
							<String ID="string_181" HPOS="623" VPOS="1508" WIDTH="77" HEIGHT="30" WC="0.97" CONTENT="stöd"/><SP WIDTH="19" VPOS="1508" HPOS="700"/>
							<String ID="string_182" HPOS="719" VPOS="1508" WIDTH="65" HEIGHT="30" WC="0.97" CONTENT="och"/><SP WIDTH="18" VPOS="1508" HPOS="784"/>
							<String ID="string_183" HPOS="802" VPOS="1506" WIDTH="208" HEIGHT="40" WC="0.96" CONTENT="rådgivning"/><SP WIDTH="19" VPOS="1506" HPOS="1010"/>
							<String ID="string_184" HPOS="1029" VPOS="1505" WIDTH="55" HEIGHT="30" WC="0.96" CONTENT="för"/><SP WIDTH="18" VPOS="1505" HPOS="1084"/>
							<String ID="string_185" HPOS="1102" VPOS="1506" WIDTH="52" HEIGHT="28" WC="0.96" CONTENT="att"/><SP WIDTH="17" VPOS="1506" HPOS="1154"/>
							<String ID="string_186" HPOS="1171" VPOS="1504" WIDTH="74" HEIGHT="30" WC="0.96" CONTENT="lösa"/><SP WIDTH="19" VPOS="1504" HPOS="1245"/>
							<String ID="string_187" HPOS="1264" VPOS="1503" WIDTH="77" HEIGHT="30" WC="0.96" CONTENT="sina"/><SP WIDTH="17" VPOS="1503" HPOS="1341"/>
							<String ID="string_188" HPOS="1358" VPOS="1501" WIDTH="199" HEIGHT="41" WC="0.93" CONTENT="personliga"/><SP WIDTH="17" VPOS="1501" HPOS="1557"/>
							<String ID="string_189" HPOS="1574" VPOS="1509" WIDTH="79" HEIGHT="31" WC="0.91" CONTENT="pro-"/>
						</TextLine>
						<TextLine ID="line_23" HPOS="161" VPOS="1552" WIDTH="1492" HEIGHT="47">
							<String ID="string_190" HPOS="161" VPOS="1565" WIDTH="102" HEIGHT="30" WC="0.95" CONTENT="blem."/><SP WIDTH="17" VPOS="1565" HPOS="263"/>
							<String ID="string_191" HPOS="280" VPOS="1564" WIDTH="69" HEIGHT="30" WC="0.96" CONTENT="För"/><SP WIDTH="18" VPOS="1564" HPOS="349"/>
							<String ID="string_192" HPOS="367" VPOS="1562" WIDTH="186" HEIGHT="31" WC="0.95" CONTENT="samhället"/><SP WIDTH="16" VPOS="1562" HPOS="553"/>
							<String ID="string_193" HPOS="569" VPOS="1562" WIDTH="63" HEIGHT="30" WC="0.96" CONTENT="bör"/><SP WIDTH="16" VPOS="1562" HPOS="632"/>
							<String ID="string_194" HPOS="648" VPOS="1561" WIDTH="58" HEIGHT="30" WC="0.96" CONTENT="det"/><SP WIDTH="16" VPOS="1561" HPOS="706"/>
							<String ID="string_195" HPOS="722" VPOS="1569" WIDTH="86" HEIGHT="22" WC="0.96" CONTENT="vara"/><SP WIDTH="16" VPOS="1569" HPOS="808"/>
							<String ID="string_196" HPOS="824" VPOS="1569" WIDTH="43" HEIGHT="20" WC="0.95" CONTENT="en"/><SP WIDTH="17" VPOS="1569" HPOS="867"/>
							<String ID="string_197" HPOS="884" VPOS="1559" WIDTH="190" HEIGHT="40" WC="0.96" CONTENT="angelägen"/><SP WIDTH="18" VPOS="1559" HPOS="1074"/>
							<String ID="string_198" HPOS="1092" VPOS="1557" WIDTH="140" HEIGHT="41" WC="0.96" CONTENT="uppgift"/><SP WIDTH="17" VPOS="1557" HPOS="1232"/>
							<String ID="string_199" HPOS="1249" VPOS="1558" WIDTH="51" HEIGHT="28" WC="0.96" CONTENT="att"/><SP WIDTH="16" VPOS="1558" HPOS="1300"/>
							<String ID="string_200" HPOS="1316" VPOS="1555" WIDTH="124" HEIGHT="31" WC="0.96" CONTENT="härvid"/><SP WIDTH="19" VPOS="1555" HPOS="1440"/>
							<String ID="string_201" HPOS="1459" VPOS="1554" WIDTH="86" HEIGHT="31" WC="0.96" CONTENT="söka"/><SP WIDTH="17" VPOS="1554" HPOS="1545"/>
							<String ID="string_202" HPOS="1562" VPOS="1552" WIDTH="91" HEIGHT="31" WC="0.96" CONTENT="bistå"/>
						</TextLine>
						<TextLine ID="line_24" HPOS="163" VPOS="1607" WIDTH="1491" HEIGHT="45">
							<String ID="string_203" HPOS="163" VPOS="1618" WIDTH="43" HEIGHT="30" WC="0.96" CONTENT="de"/><SP WIDTH="24" VPOS="1618" HPOS="206"/>
							<String ID="string_204" HPOS="230" VPOS="1616" WIDTH="161" HEIGHT="31" WC="0.96" CONTENT="enskilda"/><SP WIDTH="25" VPOS="1616" HPOS="391"/>
							<String ID="string_205" HPOS="416" VPOS="1615" WIDTH="256" HEIGHT="31" WC="0.96" CONTENT="människorna"/><SP WIDTH="25" VPOS="1615" HPOS="672"/>
							<String ID="string_206" HPOS="697" VPOS="1614" WIDTH="66" HEIGHT="30" WC="0.96" CONTENT="och"/><SP WIDTH="27" VPOS="1614" HPOS="763"/>
							<String ID="string_207" HPOS="790" VPOS="1612" WIDTH="213" HEIGHT="40" WC="0.96" CONTENT="familjerna."/><SP WIDTH="28" VPOS="1612" HPOS="1003"/>
							<String ID="string_208" HPOS="1031" VPOS="1612" WIDTH="13" HEIGHT="29" WC="0.96" CONTENT="I"/><SP WIDTH="27" VPOS="1612" HPOS="1044"/>
							<String ID="string_209" HPOS="1071" VPOS="1611" WIDTH="109" HEIGHT="39" WC="0.96" CONTENT="några"/><SP WIDTH="26" VPOS="1611" HPOS="1180"/>
							<String ID="string_210" HPOS="1206" VPOS="1609" WIDTH="121" HEIGHT="31" WC="0.96" CONTENT="länder"/><SP WIDTH="26" VPOS="1609" HPOS="1327"/>
							<String ID="string_211" HPOS="1353" VPOS="1609" WIDTH="65" HEIGHT="29" WC="0.95" CONTENT="har"/><SP WIDTH="26" VPOS="1609" HPOS="1418"/>
							<String ID="string_212" HPOS="1444" VPOS="1617" WIDTH="44" HEIGHT="21" WC="0.93" CONTENT="en"/><SP WIDTH="26" VPOS="1617" HPOS="1488"/>
							<String ID="string_213" HPOS="1514" VPOS="1607" WIDTH="140" HEIGHT="30" WC="0.92" CONTENT="institu-"/>
						</TextLine>
						<TextLine ID="line_25" HPOS="164" VPOS="1659" WIDTH="1490" HEIGHT="50">
							<String ID="string_214" HPOS="164" VPOS="1671" WIDTH="121" HEIGHT="30" WC="0.93" CONTENT="tionell"/><SP WIDTH="26" VPOS="1671" HPOS="285"/>
							<String ID="string_215" HPOS="311" VPOS="1666" WIDTH="592" HEIGHT="43" WC="0.91" CONTENT="familjerådgivningsverksamhet"/><SP WIDTH="26" VPOS="1666" HPOS="903"/>
							<String ID="string_216" HPOS="929" VPOS="1666" WIDTH="143" HEIGHT="40" WC="0.96" CONTENT="prövats"/><SP WIDTH="26" VPOS="1666" HPOS="1072"/>
							<String ID="string_217" HPOS="1098" VPOS="1664" WIDTH="12" HEIGHT="30" WC="0.96" CONTENT="i"/><SP WIDTH="27" VPOS="1664" HPOS="1110"/>
							<String ID="string_218" HPOS="1137" VPOS="1664" WIDTH="126" HEIGHT="30" WC="0.96" CONTENT="sådant"/><SP WIDTH="27" VPOS="1664" HPOS="1263"/>
							<String ID="string_219" HPOS="1290" VPOS="1662" WIDTH="100" HEIGHT="41" WC="0.95" CONTENT="syfte."/><SP WIDTH="28" VPOS="1662" HPOS="1390"/>
							<String ID="string_220" HPOS="1418" VPOS="1661" WIDTH="94" HEIGHT="31" WC="0.88" CONTENT="även"/><SP WIDTH="27" VPOS="1661" HPOS="1512"/>
							<String ID="string_221" HPOS="1539" VPOS="1661" WIDTH="12" HEIGHT="29" WC="0.96" CONTENT="i"/><SP WIDTH="25" VPOS="1661" HPOS="1551"/>
							<String ID="string_222" HPOS="1576" VPOS="1659" WIDTH="78" HEIGHT="31" WC="0.96" CONTENT="vårt"/>
						</TextLine>
						<TextLine ID="line_26" HPOS="164" VPOS="1713" WIDTH="1490" HEIGHT="48">
							<String ID="string_223" HPOS="164" VPOS="1724" WIDTH="83" HEIGHT="30" WC="0.96" CONTENT="land"/><SP WIDTH="24" VPOS="1724" HPOS="247"/>
							<String ID="string_224" HPOS="271" VPOS="1725" WIDTH="65" HEIGHT="29" WC="0.96" CONTENT="har"/><SP WIDTH="24" VPOS="1725" HPOS="336"/>
							<String ID="string_225" HPOS="360" VPOS="1725" WIDTH="49" HEIGHT="28" WC="0.96" CONTENT="ett"/><SP WIDTH="25" VPOS="1725" HPOS="409"/>
							<String ID="string_226" HPOS="434" VPOS="1722" WIDTH="95" HEIGHT="30" WC="0.96" CONTENT="antal"/><SP WIDTH="25" VPOS="1722" HPOS="529"/>
							<String ID="string_227" HPOS="554" VPOS="1721" WIDTH="124" HEIGHT="40" WC="0.96" CONTENT="byråer"/><SP WIDTH="26" VPOS="1721" HPOS="678"/>
							<String ID="string_228" HPOS="704" VPOS="1721" WIDTH="55" HEIGHT="30" WC="0.92" CONTENT="för"/><SP WIDTH="25" VPOS="1721" HPOS="759"/>
							<String ID="string_229" HPOS="784" VPOS="1718" WIDTH="346" HEIGHT="41" WC="0.92" CONTENT="familjerådgivning"/><SP WIDTH="24" VPOS="1718" HPOS="1130"/>
							<String ID="string_230" HPOS="1154" VPOS="1717" WIDTH="175" HEIGHT="30" WC="0.95" CONTENT="inrättats."/><SP WIDTH="27" VPOS="1717" HPOS="1329"/>
							<String ID="string_231" HPOS="1356" VPOS="1715" WIDTH="138" HEIGHT="30" WC="0.91" CONTENT="Sådana"/><SP WIDTH="25" VPOS="1715" HPOS="1494"/>
							<String ID="string_232" HPOS="1519" VPOS="1713" WIDTH="135" HEIGHT="40" WC="0.91" CONTENT="rådgiv-"/>
						</TextLine>
						<TextLine ID="line_27" HPOS="165" VPOS="1767" WIDTH="1490" HEIGHT="49">
							<String ID="string_233" HPOS="165" VPOS="1776" WIDTH="227" HEIGHT="40" WC="0.91" CONTENT="ningsbyråer"/><SP WIDTH="22" VPOS="1776" HPOS="392"/>
							<String ID="string_234" HPOS="414" VPOS="1776" WIDTH="66" HEIGHT="29" WC="0.96" CONTENT="har"/><SP WIDTH="23" VPOS="1776" HPOS="480"/>
							<String ID="string_235" HPOS="503" VPOS="1775" WIDTH="128" HEIGHT="30" WC="0.93" CONTENT="främst"/><SP WIDTH="22" VPOS="1775" HPOS="631"/>
							<String ID="string_236" HPOS="653" VPOS="1774" WIDTH="200" HEIGHT="39" WC="0.91" CONTENT="tillskapats"/><SP WIDTH="23" VPOS="1774" HPOS="853"/>
							<String ID="string_237" HPOS="876" VPOS="1773" WIDTH="12" HEIGHT="29" WC="0.96" CONTENT="i"/><SP WIDTH="24" VPOS="1773" HPOS="888"/>
							<String ID="string_238" HPOS="912" VPOS="1773" WIDTH="111" HEIGHT="29" WC="0.96" CONTENT="större"/><SP WIDTH="24" VPOS="1773" HPOS="1023"/>
							<String ID="string_239" HPOS="1047" VPOS="1771" WIDTH="127" HEIGHT="34" WC="0.96" CONTENT="städer,"/><SP WIDTH="24" VPOS="1771" HPOS="1174"/>
							<String ID="string_240" HPOS="1198" VPOS="1770" WIDTH="64" HEIGHT="30" WC="0.96" CONTENT="där"/><SP WIDTH="22" VPOS="1770" HPOS="1262"/>
							<String ID="string_241" HPOS="1284" VPOS="1769" WIDTH="147" HEIGHT="30" WC="0.96" CONTENT="behovet"/><SP WIDTH="23" VPOS="1769" HPOS="1431"/>
							<String ID="string_242" HPOS="1454" VPOS="1777" WIDTH="42" HEIGHT="21" WC="0.96" CONTENT="av"/><SP WIDTH="24" VPOS="1777" HPOS="1496"/>
							<String ID="string_243" HPOS="1520" VPOS="1767" WIDTH="62" HEIGHT="30" WC="0.96" CONTENT="allt"/><SP WIDTH="23" VPOS="1767" HPOS="1582"/>
							<String ID="string_244" HPOS="1605" VPOS="1767" WIDTH="50" HEIGHT="29" WC="0.96" CONTENT="att"/>
						</TextLine>
						<TextLine ID="line_28" HPOS="164" VPOS="1820" WIDTH="1492" HEIGHT="42">
							<String ID="string_245" HPOS="164" VPOS="1831" WIDTH="103" HEIGHT="29" WC="0.96" CONTENT="döma"/><SP WIDTH="22" VPOS="1831" HPOS="267"/>
							<String ID="string_246" HPOS="289" VPOS="1831" WIDTH="38" HEIGHT="29" WC="0.96" CONTENT="är"/><SP WIDTH="21" VPOS="1831" HPOS="327"/>
							<String ID="string_247" HPOS="348" VPOS="1831" WIDTH="89" HEIGHT="28" WC="0.96" CONTENT="mest"/><SP WIDTH="22" VPOS="1831" HPOS="437"/>
							<String ID="string_248" HPOS="459" VPOS="1827" WIDTH="275" HEIGHT="31" WC="0.96" CONTENT="framträdande."/><SP WIDTH="22" VPOS="1827" HPOS="734"/>
							<String ID="string_249" HPOS="756" VPOS="1827" WIDTH="50" HEIGHT="29" WC="0.96" CONTENT="De"/><SP WIDTH="20" VPOS="1827" HPOS="806"/>
							<String ID="string_250" HPOS="826" VPOS="1835" WIDTH="119" HEIGHT="21" WC="0.96" CONTENT="vunna"/><SP WIDTH="21" VPOS="1835" HPOS="945"/>
							<String ID="string_251" HPOS="966" VPOS="1824" WIDTH="288" HEIGHT="30" WC="0.96" CONTENT="erfarenheterna"/><SP WIDTH="21" VPOS="1824" HPOS="1254"/>
							<String ID="string_252" HPOS="1275" VPOS="1830" WIDTH="58" HEIGHT="32" WC="0.96" CONTENT="ger"/><SP WIDTH="19" VPOS="1830" HPOS="1333"/>
							<String ID="string_253" HPOS="1352" VPOS="1821" WIDTH="59" HEIGHT="31" WC="0.96" CONTENT="vid"/><SP WIDTH="21" VPOS="1821" HPOS="1411"/>
							<String ID="string_254" HPOS="1432" VPOS="1820" WIDTH="151" HEIGHT="34" WC="0.96" CONTENT="handen,"/><SP WIDTH="23" VPOS="1820" HPOS="1583"/>
							<String ID="string_255" HPOS="1606" VPOS="1821" WIDTH="50" HEIGHT="28" WC="0.96" CONTENT="att"/>
						</TextLine>
						<TextLine ID="line_29" HPOS="166" VPOS="1874" WIDTH="1384" HEIGHT="48">
							<String ID="string_256" HPOS="166" VPOS="1881" WIDTH="390" HEIGHT="41" WC="0.90" CONTENT="familjerådgivningen"/><SP WIDTH="19" VPOS="1881" HPOS="556"/>
							<String ID="string_257" HPOS="575" VPOS="1881" WIDTH="65" HEIGHT="29" WC="0.96" CONTENT="har"/><SP WIDTH="19" VPOS="1881" HPOS="640"/>
							<String ID="string_258" HPOS="659" VPOS="1889" WIDTH="43" HEIGHT="21" WC="0.96" CONTENT="en"/><SP WIDTH="20" VPOS="1889" HPOS="702"/>
							<String ID="string_259" HPOS="722" VPOS="1878" WIDTH="139" HEIGHT="41" WC="0.96" CONTENT="uppgift"/><SP WIDTH="21" VPOS="1878" HPOS="861"/>
							<String ID="string_260" HPOS="882" VPOS="1880" WIDTH="50" HEIGHT="28" WC="0.96" CONTENT="att"/><SP WIDTH="21" VPOS="1880" HPOS="932"/>
							<String ID="string_261" HPOS="953" VPOS="1877" WIDTH="86" HEIGHT="40" WC="0.96" CONTENT="fylla"/><SP WIDTH="26" VPOS="1877" HPOS="1039"/>
							<String ID="string_262" HPOS="1065" VPOS="1877" WIDTH="4" HEIGHT="30" WC="0.96" CONTENT="i"/><SP WIDTH="20" VPOS="1877" HPOS="1069"/>
							<String ID="string_263" HPOS="1089" VPOS="1877" WIDTH="59" HEIGHT="29" WC="0.96" CONTENT="det"/><SP WIDTH="19" VPOS="1877" HPOS="1148"/>
							<String ID="string_264" HPOS="1167" VPOS="1876" WIDTH="168" HEIGHT="30" WC="0.96" CONTENT="moderna"/><SP WIDTH="20" VPOS="1876" HPOS="1335"/>
							<String ID="string_265" HPOS="1355" VPOS="1874" WIDTH="195" HEIGHT="30" WC="0.94" CONTENT="samhället."/>
						</TextLine>
					</TextBlock>
					<TextBlock ID="block_11" HPOS="167" VPOS="1925" WIDTH="1496" HEIGHT="526">
						<TextLine ID="line_30" HPOS="211" VPOS="1925" WIDTH="1446" HEIGHT="49">
							<String ID="string_266" HPOS="211" VPOS="1936" WIDTH="66" HEIGHT="30" WC="0.93" CONTENT="Om"/><SP WIDTH="20" VPOS="1936" HPOS="277"/>
							<String ID="string_267" HPOS="297" VPOS="1933" WIDTH="390" HEIGHT="41" WC="0.90" CONTENT="familjerådgivningen"/><SP WIDTH="20" VPOS="1933" HPOS="687"/>
							<String ID="string_268" HPOS="707" VPOS="1932" WIDTH="58" HEIGHT="30" WC="0.96" CONTENT="vid"/><SP WIDTH="21" VPOS="1932" HPOS="765"/>
							<String ID="string_269" HPOS="786" VPOS="1941" WIDTH="44" HEIGHT="20" WC="0.96" CONTENT="en"/><SP WIDTH="19" VPOS="1941" HPOS="830"/>
							<String ID="string_270" HPOS="849" VPOS="1930" WIDTH="207" HEIGHT="40" WC="0.96" CONTENT="utvidgning"/><SP WIDTH="20" VPOS="1930" HPOS="1056"/>
							<String ID="string_271" HPOS="1076" VPOS="1939" WIDTH="43" HEIGHT="21" WC="0.97" CONTENT="av"/><SP WIDTH="18" VPOS="1939" HPOS="1119"/>
							<String ID="string_272" HPOS="1137" VPOS="1929" WIDTH="269" HEIGHT="31" WC="0.96" CONTENT="verksamheten"/><SP WIDTH="21" VPOS="1929" HPOS="1406"/>
							<String ID="string_273" HPOS="1427" VPOS="1926" WIDTH="89" HEIGHT="31" WC="0.96" CONTENT="skall"/><SP WIDTH="20" VPOS="1926" HPOS="1516"/>
							<String ID="string_274" HPOS="1536" VPOS="1926" WIDTH="49" HEIGHT="30" WC="0.94" CONTENT="bli"/><SP WIDTH="19" VPOS="1926" HPOS="1585"/>
							<String ID="string_275" HPOS="1604" VPOS="1925" WIDTH="53" HEIGHT="30" WC="0.95" CONTENT="till"/>
						</TextLine>
						<TextLine ID="line_31" HPOS="167" VPOS="1978" WIDTH="1490" HEIGHT="50">
							<String ID="string_276" HPOS="167" VPOS="1989" WIDTH="133" HEIGHT="39" WC="0.96" CONTENT="verklig"/><SP WIDTH="25" VPOS="1989" HPOS="300"/>
							<String ID="string_277" HPOS="325" VPOS="1990" WIDTH="109" HEIGHT="38" WC="0.96" CONTENT="nytta,"/><SP WIDTH="27" VPOS="1990" HPOS="434"/>
							<String ID="string_278" HPOS="461" VPOS="1988" WIDTH="39" HEIGHT="29" WC="0.96" CONTENT="är"/><SP WIDTH="25" VPOS="1988" HPOS="500"/>
							<String ID="string_279" HPOS="525" VPOS="1987" WIDTH="58" HEIGHT="30" WC="0.96" CONTENT="det"/><SP WIDTH="25" VPOS="1987" HPOS="583"/>
							<String ID="string_280" HPOS="608" VPOS="1985" WIDTH="225" HEIGHT="39" WC="0.96" CONTENT="nödvändigt,"/><SP WIDTH="26" VPOS="1985" HPOS="833"/>
							<String ID="string_281" HPOS="859" VPOS="1986" WIDTH="50" HEIGHT="29" WC="0.96" CONTENT="att"/><SP WIDTH="26" VPOS="1986" HPOS="909"/>
							<String ID="string_282" HPOS="935" VPOS="1984" WIDTH="67" HEIGHT="29" WC="0.96" CONTENT="den"/><SP WIDTH="25" VPOS="1984" HPOS="1002"/>
							<String ID="string_283" HPOS="1027" VPOS="1984" WIDTH="66" HEIGHT="29" WC="0.96" CONTENT="har"/><SP WIDTH="24" VPOS="1984" HPOS="1093"/>
							<String ID="string_284" HPOS="1117" VPOS="1982" WIDTH="145" HEIGHT="40" WC="0.96" CONTENT="tillgång"/><SP WIDTH="25" VPOS="1982" HPOS="1262"/>
							<String ID="string_285" HPOS="1287" VPOS="1980" WIDTH="52" HEIGHT="31" WC="0.96" CONTENT="till"/><SP WIDTH="28" VPOS="1980" HPOS="1339"/>
							<String ID="string_286" HPOS="1367" VPOS="1979" WIDTH="200" HEIGHT="39" WC="0.95" CONTENT="sakkunnig"/><SP WIDTH="25" VPOS="1979" HPOS="1567"/>
							<String ID="string_287" HPOS="1592" VPOS="1978" WIDTH="65" HEIGHT="31" WC="0.96" CONTENT="och"/>
						</TextLine>
						<TextLine ID="line_32" HPOS="169" VPOS="2027" WIDTH="1489" HEIGHT="55">
							<String ID="string_288" HPOS="169" VPOS="2042" WIDTH="143" HEIGHT="40" WC="0.96" CONTENT="lämplig"/><SP WIDTH="24" VPOS="2042" HPOS="312"/>
							<String ID="string_289" HPOS="336" VPOS="2040" WIDTH="174" HEIGHT="41" WC="0.96" CONTENT="personal."/><SP WIDTH="27" VPOS="2040" HPOS="510"/>
							<String ID="string_290" HPOS="537" VPOS="2039" WIDTH="122" HEIGHT="31" WC="0.96" CONTENT="Såsom"/><SP WIDTH="26" VPOS="2039" HPOS="659"/>
							<String ID="string_291" HPOS="685" VPOS="2037" WIDTH="253" HEIGHT="40" WC="0.95" CONTENT="föredragande"/><SP WIDTH="28" VPOS="2037" HPOS="938"/>
							<String ID="string_292" HPOS="966" VPOS="2036" WIDTH="189" HEIGHT="31" WC="0.95" CONTENT="statsrådet"/><SP WIDTH="25" VPOS="2036" HPOS="1155"/>
							<String ID="string_293" HPOS="1180" VPOS="2033" WIDTH="194" HEIGHT="32" WC="0.92" CONTENT="framhållit"/><SP WIDTH="26" VPOS="2033" HPOS="1374"/>
							<String ID="string_294" HPOS="1400" VPOS="2034" WIDTH="39" HEIGHT="29" WC="0.96" CONTENT="är"/><SP WIDTH="26" VPOS="2034" HPOS="1439"/>
							<String ID="string_295" HPOS="1465" VPOS="2027" WIDTH="193" HEIGHT="49" WC="0.96" CONTENT="emellertid"/>
						</TextLine>
						<TextLine ID="line_33" HPOS="170" VPOS="2084" WIDTH="1489" HEIGHT="50">
							<String ID="string_296" HPOS="170" VPOS="2095" WIDTH="133" HEIGHT="30" WC="0.96" CONTENT="bristen"/><SP WIDTH="27" VPOS="2095" HPOS="303"/>
							<String ID="string_297" HPOS="330" VPOS="2095" WIDTH="45" HEIGHT="39" WC="0.96" CONTENT="på"/><SP WIDTH="28" VPOS="2095" HPOS="375"/>
							<String ID="string_298" HPOS="403" VPOS="2094" WIDTH="120" HEIGHT="30" WC="0.96" CONTENT="läkare"/><SP WIDTH="28" VPOS="2094" HPOS="523"/>
							<String ID="string_299" HPOS="551" VPOS="2094" WIDTH="66" HEIGHT="29" WC="0.93" CONTENT="och"/><SP WIDTH="29" VPOS="2094" HPOS="617"/>
							<String ID="string_300" HPOS="646" VPOS="2091" WIDTH="255" HEIGHT="31" WC="0.92" CONTENT="socialvårdare"/><SP WIDTH="28" VPOS="2091" HPOS="901"/>
							<String ID="string_301" HPOS="929" VPOS="2090" WIDTH="140" HEIGHT="39" WC="0.96" CONTENT="mycket"/><SP WIDTH="28" VPOS="2090" HPOS="1069"/>
							<String ID="string_302" HPOS="1097" VPOS="2088" WIDTH="172" HEIGHT="31" WC="0.96" CONTENT="kännbar."/><SP WIDTH="29" VPOS="2088" HPOS="1269"/>
							<String ID="string_303" HPOS="1298" VPOS="2086" WIDTH="232" HEIGHT="40" WC="0.93" CONTENT="Närliggande"/><SP WIDTH="28" VPOS="2086" HPOS="1530"/>
							<String ID="string_304" HPOS="1558" VPOS="2084" WIDTH="101" HEIGHT="31" WC="0.92" CONTENT="vård-"/>
						</TextLine>
						<TextLine ID="line_34" HPOS="169" VPOS="2137" WIDTH="1490" HEIGHT="48">
							<String ID="string_305" HPOS="169" VPOS="2148" WIDTH="168" HEIGHT="31" WC="0.96" CONTENT="områden"/><SP WIDTH="15" VPOS="2148" HPOS="337"/>
							<String ID="string_306" HPOS="352" VPOS="2147" WIDTH="88" HEIGHT="30" WC="0.95" CONTENT="lider"/><SP WIDTH="16" VPOS="2147" HPOS="440"/>
							<String ID="string_307" HPOS="456" VPOS="2156" WIDTH="42" HEIGHT="21" WC="0.96" CONTENT="av"/><SP WIDTH="17" VPOS="2156" HPOS="498"/>
							<String ID="string_308" HPOS="515" VPOS="2155" WIDTH="43" HEIGHT="21" WC="0.96" CONTENT="en"/><SP WIDTH="16" VPOS="2155" HPOS="558"/>
							<String ID="string_309" HPOS="574" VPOS="2145" WIDTH="152" HEIGHT="40" WC="0.93" CONTENT="påtaglig"/><SP WIDTH="17" VPOS="2145" HPOS="726"/>
							<String ID="string_310" HPOS="743" VPOS="2142" WIDTH="332" HEIGHT="40" WC="0.91" CONTENT="underförsörjning"/><SP WIDTH="16" VPOS="2142" HPOS="1075"/>
							<String ID="string_311" HPOS="1091" VPOS="2142" WIDTH="13" HEIGHT="30" WC="0.96" CONTENT="i"/><SP WIDTH="17" VPOS="2142" HPOS="1104"/>
							<String ID="string_312" HPOS="1121" VPOS="2141" WIDTH="98" HEIGHT="40" WC="0.96" CONTENT="fråga"/><SP WIDTH="17" VPOS="2141" HPOS="1219"/>
							<String ID="string_313" HPOS="1236" VPOS="2150" WIDTH="57" HEIGHT="21" WC="0.96" CONTENT="om"/><SP WIDTH="17" VPOS="2150" HPOS="1293"/>
							<String ID="string_314" HPOS="1310" VPOS="2139" WIDTH="159" HEIGHT="31" WC="0.96" CONTENT="utbildad"/><SP WIDTH="17" VPOS="2139" HPOS="1469"/>
							<String ID="string_315" HPOS="1486" VPOS="2137" WIDTH="173" HEIGHT="41" WC="0.95" CONTENT="personal."/>
						</TextLine>
						<TextLine ID="line_35" HPOS="169" VPOS="2191" WIDTH="1491" HEIGHT="48">
							<String ID="string_316" HPOS="169" VPOS="2199" WIDTH="447" HEIGHT="40" WC="0.92" CONTENT="Utbildningskapaciteten"/><SP WIDTH="22" VPOS="2199" HPOS="616"/>
							<String ID="string_317" HPOS="638" VPOS="2197" WIDTH="123" HEIGHT="31" WC="0.96" CONTENT="räcker"/><SP WIDTH="22" VPOS="2197" HPOS="761"/>
							<String ID="string_318" HPOS="783" VPOS="2196" WIDTH="31" HEIGHT="40" WC="0.95" CONTENT="ej"/><SP WIDTH="26" VPOS="2196" HPOS="814"/>
							<String ID="string_319" HPOS="840" VPOS="2196" WIDTH="52" HEIGHT="30" WC="0.96" CONTENT="till"/><SP WIDTH="24" VPOS="2196" HPOS="892"/>
							<String ID="string_320" HPOS="916" VPOS="2196" WIDTH="55" HEIGHT="30" WC="0.96" CONTENT="för"/><SP WIDTH="22" VPOS="2196" HPOS="971"/>
							<String ID="string_321" HPOS="993" VPOS="2195" WIDTH="109" HEIGHT="30" WC="0.96" CONTENT="redan"/><SP WIDTH="23" VPOS="2195" HPOS="1102"/>
							<String ID="string_322" HPOS="1125" VPOS="2193" WIDTH="236" HEIGHT="39" WC="0.96" CONTENT="föreliggande"/><SP WIDTH="22" VPOS="2193" HPOS="1361"/>
							<String ID="string_323" HPOS="1383" VPOS="2193" WIDTH="123" HEIGHT="33" WC="0.96" CONTENT="behov,"/><SP WIDTH="22" VPOS="2193" HPOS="1506"/>
							<String ID="string_324" HPOS="1528" VPOS="2191" WIDTH="66" HEIGHT="30" WC="0.96" CONTENT="och"/><SP WIDTH="23" VPOS="2191" HPOS="1594"/>
							<String ID="string_325" HPOS="1617" VPOS="2199" WIDTH="43" HEIGHT="21" WC="0.96" CONTENT="en"/>
						</TextLine>
						<TextLine ID="line_36" HPOS="171" VPOS="2243" WIDTH="1490" HEIGHT="48">
							<String ID="string_326" HPOS="171" VPOS="2254" WIDTH="141" HEIGHT="29" WC="0.96" CONTENT="fortsatt"/><SP WIDTH="15" VPOS="2254" HPOS="312"/>
							<String ID="string_327" HPOS="327" VPOS="2252" WIDTH="201" HEIGHT="39" WC="0.96" CONTENT="utbyggnad"/><SP WIDTH="15" VPOS="2252" HPOS="528"/>
							<String ID="string_328" HPOS="543" VPOS="2251" WIDTH="96" HEIGHT="30" WC="0.96" CONTENT="inom"/><SP WIDTH="16" VPOS="2251" HPOS="639"/>
							<String ID="string_329" HPOS="655" VPOS="2250" WIDTH="192" HEIGHT="39" WC="0.93" CONTENT="angelägna"/><SP WIDTH="14" VPOS="2250" HPOS="847"/>
							<String ID="string_330" HPOS="861" VPOS="2247" WIDTH="257" HEIGHT="32" WC="0.91" CONTENT="vårdområden"/><SP WIDTH="15" VPOS="2247" HPOS="1118"/>
							<String ID="string_331" HPOS="1133" VPOS="2247" WIDTH="98" HEIGHT="30" WC="0.97" CONTENT="torde"/><SP WIDTH="15" VPOS="2247" HPOS="1231"/>
							<String ID="string_332" HPOS="1246" VPOS="2246" WIDTH="143" HEIGHT="29" WC="0.96" CONTENT="komma"/><SP WIDTH="16" VPOS="2246" HPOS="1389"/>
							<String ID="string_333" HPOS="1405" VPOS="2246" WIDTH="51" HEIGHT="28" WC="0.96" CONTENT="att"/><SP WIDTH="16" VPOS="2246" HPOS="1456"/>
							<String ID="string_334" HPOS="1472" VPOS="2243" WIDTH="189" HEIGHT="31" WC="0.96" CONTENT="successivt"/>
						</TextLine>
						<TextLine ID="line_37" HPOS="171" VPOS="2296" WIDTH="1491" HEIGHT="46">
							<String ID="string_335" HPOS="171" VPOS="2306" WIDTH="160" HEIGHT="30" WC="0.96" CONTENT="medföra"/><SP WIDTH="22" VPOS="2306" HPOS="331"/>
							<String ID="string_336" HPOS="353" VPOS="2314" WIDTH="43" HEIGHT="20" WC="0.96" CONTENT="en"/><SP WIDTH="22" VPOS="2314" HPOS="396"/>
							<String ID="string_337" HPOS="418" VPOS="2304" WIDTH="92" HEIGHT="30" WC="0.96" CONTENT="ökad"/><SP WIDTH="23" VPOS="2304" HPOS="510"/>
							<String ID="string_338" HPOS="533" VPOS="2303" WIDTH="216" HEIGHT="38" WC="0.96" CONTENT="efterfrågan"/><SP WIDTH="22" VPOS="2303" HPOS="749"/>
							<String ID="string_339" HPOS="771" VPOS="2302" WIDTH="45" HEIGHT="40" WC="0.96" CONTENT="på"/><SP WIDTH="22" VPOS="2302" HPOS="816"/>
							<String ID="string_340" HPOS="838" VPOS="2302" WIDTH="45" HEIGHT="29" WC="0.95" CONTENT="bl."/><SP WIDTH="25" VPOS="2302" HPOS="883"/>
							<String ID="string_341" HPOS="908" VPOS="2310" WIDTH="29" HEIGHT="21" WC="0.95" CONTENT="a."/><SP WIDTH="24" VPOS="2310" HPOS="937"/>
							<String ID="string_342" HPOS="961" VPOS="2300" WIDTH="119" HEIGHT="30" WC="0.96" CONTENT="läkare"/><SP WIDTH="23" VPOS="2300" HPOS="1080"/>
							<String ID="string_343" HPOS="1103" VPOS="2299" WIDTH="66" HEIGHT="31" WC="0.97" CONTENT="och"/><SP WIDTH="22" VPOS="2299" HPOS="1169"/>
							<String ID="string_344" HPOS="1191" VPOS="2299" WIDTH="195" HEIGHT="29" WC="0.96" CONTENT="kuratorer."/><SP WIDTH="24" VPOS="2299" HPOS="1386"/>
							<String ID="string_345" HPOS="1410" VPOS="2297" WIDTH="49" HEIGHT="30" WC="0.96" CONTENT="På"/><SP WIDTH="23" VPOS="2297" HPOS="1459"/>
							<String ID="string_346" HPOS="1482" VPOS="2296" WIDTH="114" HEIGHT="40" WC="0.96" CONTENT="grund"/><SP WIDTH="24" VPOS="2296" HPOS="1596"/>
							<String ID="string_347" HPOS="1620" VPOS="2304" WIDTH="42" HEIGHT="21" WC="0.95" CONTENT="av"/>
						</TextLine>
						<TextLine ID="line_38" HPOS="171" VPOS="2348" WIDTH="1492" HEIGHT="45">
							<String ID="string_348" HPOS="171" VPOS="2360" WIDTH="101" HEIGHT="29" WC="0.96" CONTENT="dessa"/><SP WIDTH="18" VPOS="2360" HPOS="272"/>
							<String ID="string_349" HPOS="290" VPOS="2356" WIDTH="247" HEIGHT="32" WC="0.96" CONTENT="förhållanden"/><SP WIDTH="19" VPOS="2356" HPOS="537"/>
							<String ID="string_350" HPOS="556" VPOS="2357" WIDTH="39" HEIGHT="29" WC="0.97" CONTENT="är"/><SP WIDTH="17" VPOS="2357" HPOS="595"/>
							<String ID="string_351" HPOS="612" VPOS="2356" WIDTH="58" HEIGHT="29" WC="0.96" CONTENT="det"/><SP WIDTH="18" VPOS="2356" HPOS="670"/>
							<String ID="string_352" HPOS="688" VPOS="2354" WIDTH="214" HEIGHT="39" WC="0.96" CONTENT="nödvändigt"/><SP WIDTH="19" VPOS="2354" HPOS="902"/>
							<String ID="string_353" HPOS="921" VPOS="2355" WIDTH="50" HEIGHT="28" WC="0.96" CONTENT="att"/><SP WIDTH="21" VPOS="2355" HPOS="971"/>
							<String ID="string_354" HPOS="992" VPOS="2362" WIDTH="35" HEIGHT="21" WC="0.96" CONTENT="se"/><SP WIDTH="19" VPOS="2362" HPOS="1027"/>
							<String ID="string_355" HPOS="1046" VPOS="2362" WIDTH="43" HEIGHT="21" WC="0.96" CONTENT="en"/><SP WIDTH="19" VPOS="2362" HPOS="1089"/>
							<String ID="string_356" HPOS="1108" VPOS="2351" WIDTH="200" HEIGHT="40" WC="0.96" CONTENT="utbyggnad"/><SP WIDTH="20" VPOS="2351" HPOS="1308"/>
							<String ID="string_357" HPOS="1328" VPOS="2360" WIDTH="41" HEIGHT="20" WC="0.93" CONTENT="av"/><SP WIDTH="20" VPOS="2360" HPOS="1369"/>
							<String ID="string_358" HPOS="1389" VPOS="2348" WIDTH="274" HEIGHT="40" WC="0.90" CONTENT="familjerådgiv-"/>
						</TextLine>
						<TextLine ID="line_39" HPOS="173" VPOS="2408" WIDTH="542" HEIGHT="43">
							<String ID="string_359" HPOS="173" VPOS="2412" WIDTH="128" HEIGHT="39" WC="0.96" CONTENT="ningen"/><SP WIDTH="18" VPOS="2412" HPOS="301"/>
							<String ID="string_360" HPOS="319" VPOS="2411" WIDTH="44" HEIGHT="40" WC="0.96" CONTENT="på"/><SP WIDTH="19" VPOS="2411" HPOS="363"/>
							<String ID="string_361" HPOS="382" VPOS="2410" WIDTH="133" HEIGHT="39" WC="0.96" CONTENT="ganska"/><SP WIDTH="20" VPOS="2410" HPOS="515"/>
							<String ID="string_362" HPOS="535" VPOS="2409" WIDTH="81" HEIGHT="39" WC="0.96" CONTENT="lång"/><SP WIDTH="19" VPOS="2409" HPOS="616"/>
							<String ID="string_363" HPOS="635" VPOS="2408" WIDTH="80" HEIGHT="30" WC="0.96" CONTENT="sikt."/>
						</TextLine>
					</TextBlock>
				</ComposedBlock>
			</PrintSpace>
		</Page>
	</Layout>
</alto>
