2280 2592
403 200 21 30 4
934 204 215 38 Lagutskottets
1177 204 154 30 Utlåtande
1354 205 58 29 N:o
1437 206 52 29 12.

402 280 93 36 eller
522 279 50 51 på
599 286 116 32 annat
742 287 72 31 sätt
842 282 190 50 försports,
1060 289 56 31 att
1144 284 80 36 skäl
1253 284 62 35 till
1343 284 113 36 kritik
1485 283 42 37 af
1552 285 128 49 lagens
1707 288 280 36 bestämmelser
2013 288 13 35 i

401 333 102 38 detta
545 334 174 38 afseende
759 337 180 49 möjligen
979 335 176 51 förelågo.
1212 335 54 38 På
1297 337 125 49 grund
1450 337 107 37 häraf
1585 339 70 35 och
1684 339 47 36 då
1759 340 63 36 det
1850 340 176 37 desslikes

401 392 123 44 syntes
566 389 79 48 mig
687 389 203 37 önskvärdt
932 393 55 34 att
1028 391 169 35 inhämta
1238 391 273 49 upplysningar
1547 391 82 37 från
1662 391 47 37 de
1732 393 134 46 läkare,
1897 394 128 37 hvilka

401 446 166 31 närmast
609 442 84 37 haft
733 443 150 37 tillfalle
920 448 57 32 att
1008 443 93 50 följa
1129 442 356 51 fosterbarnslagens
1512 445 240 49 verkningar,
1780 447 155 36 rörande
1963 448 63 36 det

400 495 194 47 praktiska
636 496 198 37 resultatet
875 498 40 35 af
958 497 63 36 det
1052 497 386 50 anmälningssystem,
1472 511 79 24 som
1584 499 13 35 i
1626 499 110 49 lagen
1775 498 251 48 föreskrifves,

401 547 70 37 och
499 561 81 24 som
609 548 41 36 af
677 550 195 36 statsrådet
900 551 71 35 och
998 550 132 37 chefen
1159 550 58 36 för
1245 551 390 50 civildepartementet
1657 552 49 49 på
1734 553 54 36 sin
1817 553 55 36 tid
1901 554 125 48 utbyt-

400 606 54 31 tes
496 604 81 34 mot
620 602 65 37 det
722 604 40 34 af
794 602 44 37 de
866 603 180 36 särskilda
1074 604 290 37 kommitterade
1388 604 210 51 föreslagna
1627 606 397 50 koncessionstvånget,

401 654 66 36 bar
505 656 66 48 jag
612 657 12 34 i
667 668 44 24 en
749 655 362 38 cirkulärskrifvelse
1148 658 59 36 till
1241 658 277 37 vederbörande
1547 658 113 38 förste
1689 661 336 49 provinsialläkare

401 709 194 35 äfvensom
624 709 163 36 flertalet
814 710 226 36 stadsläkare
1069 711 12 34 i
1111 711 128 36 landet
1267 710 94 38 efter
1389 725 45 23 en
1463 712 88 36 kort
1578 714 226 48 motivering
1819 713 207 46 framställt

400 761 61 36 till
490 763 85 34 dem
605 761 167 49 följande
800 765 62 34 två
891 762 140 51 frågor:

514 818 67 41 1:o,
612 828 106 24 anser
746 817 39 34 ni
813 817 187 48 behöfligt,
1029 823 54 30 att
1112 819 108 47 lagen
1251 831 62 22 om
1333 817 225 37 fosterbarns
1578 818 90 37 vård
1686 819 71 36 den
1779 822 20 34 6
1818 821 81 47 juni
1923 822 97 36 1902

401 869 206 36 utsträckes
635 870 60 35 till
723 870 115 36 andra
867 883 165 36 grupper
1061 870 42 36 af
1129 871 93 35 barn
1253 876 46 31 än
1319 872 94 44 dem,
1433 871 21 35 å
1474 872 130 36 hvilka
1624 872 72 37 den
1716 871 60 37 för
1793 874 229 35 närvarande

399 923 209 48 tillämpas;
639 929 98 30 samt

512 979 72 42 2:0,
620 989 107 36 synes
759 977 96 44 eder,
885 981 55 32 att
970 990 24 23 s.
1025 978 35 34 k.
1090 976 349 49 koncessionstvång
1470 978 67 35 bör
1566 977 146 46 införas,
1744 979 33 35 d.
1808 992 34 23 v.
1874 993 26 22 s.
1930 979 93 37 före-

401 1028 111 38 skrift
535 1028 180 47 utfärdas,
746 1035 56 30 att
821 1030 82 45 den,
919 1043 79 24 som
1014 1031 71 35 vill
1104 1035 168 44 mottaga
1291 1031 93 35 barn
1402 1031 60 35 till
1481 1032 152 45 fostran,
1652 1033 98 34 skall
1770 1034 252 42 dessförinnan

402 1081 117 37 skaffa
561 1083 56 49 sig
659 1082 165 37 tillstånd
869 1084 123 35 därtill
1024 1083 41 36 af
1095 1083 320 49 myndigheterna,
1443 1089 53 31 ett
1525 1090 149 44 system,
1702 1098 79 23 som
1812 1085 40 36 af
1878 1086 45 36 de
1951 1091 71 32 sär-

400 1136 122 36 skilda
551 1137 286 36 kommitterade
866 1138 58 35 för
953 1137 191 36 ordnande
1173 1136 39 37 af
1238 1136 366 38 fosterbarnsvården
1633 1139 12 35 i
1665 1138 107 37 deras
1791 1138 140 50 förslag
1950 1140 72 36 den

403 1190 48 36 27
483 1190 149 48 januari
670 1192 98 36 1897
805 1191 218 48 obetingadt
1052 1194 132 45 antogs
1210 1193 121 34 såsom
1359 1204 101 23 mera
1489 1190 169 38 effektivt
1685 1198 57 30 att
1770 1192 144 50 skydda
1942 1194 78 35 bar-

400 1255 72 23 nen
501 1250 49 28 än
579 1243 62 36 det
670 1243 40 35 af
737 1243 135 50 Kungl.
902 1244 103 48 Maj:t
1034 1244 68 36 och
1128 1244 211 49 Riksdagen
1358 1243 220 37 föreskrifna
1598 1246 423 49 anmälningssystemet,

401 1295 128 37 sådant
558 1297 100 35 detta
688 1297 190 48 tillämpas
906 1299 12 33 i
949 1300 20 34 5
1001 1298 19 48 $
1050 1298 37 35 af
1115 1297 345 49 fosterbarnslagen.

508 1349 53 36 På
594 1350 101 36 dessa
727 1349 124 50 frågor
886 1350 111 36 hafva
1027 1353 48 34 23
1112 1349 112 37 förste
1254 1352 332 47 provinsialläkare
1616 1353 68 34 och
1716 1354 47 35 35
1795 1352 226 37 stadsläkare

399 1403 147 36 insändt
573 1416 97 23 svar.
729 1403 96 36 Från
853 1417 46 22 en
928 1405 61 34 del
1018 1404 229 36 stadsläkare
1276 1405 12 33 i
1318 1404 143 36 mindre
1485 1405 133 44 städer,
1639 1405 67 36 där
1726 1406 294 49 uppenbarligen

399 1457 254 35 erfarenheten
684 1458 11 33 i
725 1456 245 37 förevarande
998 1456 172 37 afseende
1199 1456 116 37 måste
1336 1470 84 23 vara
1442 1459 118 47 ringa,
1580 1457 114 37 hafva
1714 1471 84 23 svar
1816 1459 203 36 uteblifvit.

398 1509 54 36 Af
486 1512 42 35 11
562 1511 113 35 förste
704 1511 333 48 provinsialläkare
1067 1511 67 36 och
1165 1510 40 35 af
1233 1512 47 35 23
1317 1511 225 36 stadsläkare
1567 1512 68 35 har
1663 1512 71 36 den
1764 1511 256 38 förstnämnda

399 1563 41 35 af
466 1562 115 37 ofvan
611 1563 152 49 angifna
792 1562 128 50 frågor
950 1563 127 37 blifvit
1104 1564 159 47 jakande
1293 1564 193 44 besvarad;
1510 1568 19 33 5
1557 1564 113 37 förste
1691 1566 328 48 provinsialläkare

399 1618 69 34 och
514 1619 21 35 6
580 1617 226 36 stadsläkare
848 1630 84 24 anse
966 1619 111 47 ingen
1107 1617 161 49 ändring
1295 1619 13 34 i
1336 1618 103 35 detta
1468 1617 170 37 afseende
1666 1618 233 49 erforderlig;
1930 1620 89 35 lika-

398 1670 101 36 ledes
530 1672 20 35 5
582 1669 114 38 förste
729 1671 327 48 provinsialläkare
1085 1670 69 37 och
1186 1673 19 34 6
1237 1671 224 36 stadsläkare
1490 1672 125 35 lämna
1643 1670 131 51 frågan
1800 1673 217 45 obesvarad,

399 1723 68 35 och
499 1726 20 34 2
551 1725 115 35 förste
694 1724 330 48 provinsialläkare
1053 1723 165 37 förklara
1243 1725 55 47 sig
1321 1726 230 34 tveksamma
1571 1726 154 35 rörande
1746 1726 272 49 behöfligheten

397 1775 40 36 af
466 1777 128 48 lagens
623 1778 257 48 utsträckning
909 1778 59 36 till
998 1778 116 35 andra
1143 1790 164 36 grupper
1335 1778 39 35 af
1403 1779 91 34 barn
1524 1782 44 32 än
1598 1780 84 35 dem
1715 1780 107 47 lagen
1851 1780 58 35 för
1937 1783 80 32 när-

397 1830 166 36 varande
593 1830 190 37 omfattar.

506 1882 236 38 Beträffande
771 1884 174 36 behofvet
974 1883 38 37 af
1046 1885 401 41 »koncessionstvångs»
1479 1884 194 38 införande
1693 1887 173 35 besvaras
1886 1885 131 49 frågan

397 1936 131 35 därom
558 1936 222 50 obetingadt
803 1938 162 47 jakande
993 1939 40 34 af
1064 1940 46 35 21
1138 1936 112 39 förste
1274 1939 328 47 provinsialläkare
1622 1941 68 34 och
1713 1941 47 35 22
1784 1939 232 44 stadsläkare,

397 1989 170 36 däremot
595 1990 169 36 nekande
792 1989 41 36 af
860 1993 21 33 2
913 1990 113 37 förste
1055 1992 325 48 provinsialläkare
1409 1992 69 36 och
1509 1994 20 34 2
1561 1993 236 35 stadsläkare.
1857 1995 19 33 5
1904 1992 111 36 stads-

397 2043 128 36 läkare
565 2043 128 35 lämna
734 2042 132 49 frågan
910 2045 202 36 obesvarad
1155 2045 68 36 och
1260 2047 19 35 6
1315 2045 225 36 stadsläkare
1569 2046 109 35 ställa
1703 2047 55 46 sig
1785 2046 231 35 tveksamma

395 2095 97 37 inför
521 2096 122 36 denna
671 2095 118 50 fråga.

504 2149 128 37 Såsom
675 2150 109 36 häraf
820 2162 119 37 synes,
974 2150 67 36 har
1075 2152 63 36 det
1167 2151 269 49 öfvervägande
1465 2152 158 36 flertalet
1651 2152 116 36 bland
1796 2152 45 36 de
1870 2153 145 48 tjänste-

397 2204 138 44 läkare,
563 2216 80 23 som
673 2205 153 35 bevarat
847 2204 101 35 mina
968 2203 289 50 förfrågningar,
1277 2211 117 31 ansett
1413 2218 44 23 en
1478 2203 219 51 förändring
1716 2206 38 35 af
1773 2204 242 38 fosterbarns-

394 2259 128 46 lagens
550 2258 280 36 bestämmelser
859 2257 223 48 erforderlig
1111 2259 12 34 i
1153 2257 100 37 såväl
1283 2271 66 23 ena
1379 2271 78 23 som
1487 2259 113 34 andra
1630 2257 198 38 afseendet.
1870 2259 15 36 I
1908 2258 106 52 fråga
