1904 2786
445 186 126 40 Tredje
592 185 246 40 lagutskottets
860 185 179 31 utlåtande
1061 194 42 20 nr
1126 185 39 30 15
1186 184 39 31 år
1248 184 84 30 1957
1601 184 37 30 13

178 270 383 29 Lantbruksnämnden
584 269 11 29 i
619 269 260 30 Västerbottens
901 269 56 29 län
981 277 113 25 anser,
1116 270 50 28 att
1188 269 87 29 även
1297 268 188 40 planerade
1507 269 130 38 stämp-

135 321 112 40 lingar
272 321 64 30 bör
362 321 168 30 anmälas.
558 320 93 29 Även
675 320 89 39 flera
791 320 111 30 andra
929 319 369 37 lantbruksnämnder,
1327 319 142 30 särskilt
1496 319 12 29 i
1535 319 103 29 Norr-

136 370 89 35 land,
248 371 127 29 uttalar
395 372 47 28 att
463 369 383 39 rapportskyldigheten
867 369 63 30 bör
950 378 80 21 avse
1051 369 128 37 jämväl
1203 369 225 38 stämplingar
1451 379 75 20 som
1548 369 88 30 före-

133 421 103 40 tagits
264 422 113 30 under
404 422 213 29 medverkan
645 431 42 20 av
714 421 395 40 skogsvårdsstyrelsen.
1139 421 122 30 Såsom
1290 421 108 29 motiv
1426 420 122 31 härför
1576 430 60 21 an-

135 471 91 31 föres
247 472 47 29 bl.
314 482 29 20 a.
363 473 50 28 att
432 480 57 21 om
508 471 45 40 på
572 480 43 21 en
635 471 167 39 fastighet
819 471 59 30 vid
897 470 338 40 belåningstillfället
1253 471 97 30 finns
1372 472 110 29 större
1503 471 132 30 arealer

132 522 76 31 icke
232 522 284 40 utvecklingsbar
541 522 95 39 skog,
661 531 75 21 som
761 522 71 29 kan
856 522 169 30 avverkas
1050 524 84 27 utan
1158 522 126 30 hinder
1309 531 43 21 av
1376 522 260 40 skogsvårdsla-

135 581 82 30 gens
243 572 275 34 bestämmelser,
543 572 230 39 fastighetens
799 571 288 40 belåningsvärde
1112 572 187 39 väsentligt
1327 572 69 29 kan
1423 573 169 29 minskas.

332 795 213 43 Disciplinär
566 794 331 43 bestraffningsrätt
919 794 58 33 för
999 794 420 44 skogsvårdsstyrelserna

597 891 298 36 Skogsstyrelsens
918 892 256 35 framställning

179 975 67 29 För
279 974 442 40 skogsvårdsstyrelsernas
752 974 225 30 verksamhet
1008 975 107 39 gäller
1145 975 310 30 bestämmelserna
1487 976 11 29 i
1531 976 106 39 regle-

136 1026 131 29 mentet
288 1025 68 30 den
378 1025 40 29 28
439 1025 80 39 juni
544 1024 82 31 1946
649 1025 54 30 för
726 1025 425 40 skogsvårdsstyrelserna
1174 1026 65 29 och
1260 1026 12 29 i
1295 1026 252 40 förordningen
1570 1027 65 29 den

136 1075 39 30 30
198 1075 70 39 maj
296 1075 81 30 1941
406 1074 58 35 (nr
485 1075 81 34 350)
592 1075 179 40 angående
795 1075 387 40 skogsvårdsstyrelser.

179 1125 283 40 Skogsstyrelsen
485 1125 146 34 erinrar,
655 1127 51 28 att
728 1126 130 29 varken
883 1126 11 29 i
917 1126 613 41 skogsvårdsstyrelseförordningen
1554 1128 82 29 eller

137 1175 101 39 eljest
267 1175 265 30 bestämmelser
561 1176 96 30 finns
687 1176 204 30 meddelade
921 1185 56 21 om
1009 1178 69 29 rätt
1110 1177 54 30 för
1195 1177 360 40 skogsvårdsstyrelse
1587 1180 49 28 att

136 1225 132 30 tilldela
299 1225 346 40 befattningshavare
676 1226 64 30 hos
775 1227 171 39 styrelsen
978 1227 204 40 disciplinär
1213 1227 246 41 bestraffning.
1493 1230 12 28 I
1538 1229 99 39 fråga

134 1286 57 20 om
216 1277 460 40 hushållningssällskapen,
703 1278 96 30 vilka
826 1278 106 40 enligt
959 1279 188 39 styrelsens
1174 1279 142 40 mening
1342 1280 136 39 intager
1504 1289 44 21 en
1575 1281 63 29 lik-

136 1327 114 29 nande
276 1326 303 40 offentligrättslig
605 1328 166 39 ställning
799 1337 76 20 som
901 1328 436 40 skogsvårdsstyrelserna,
1362 1330 90 29 hade
1479 1331 158 30 däremot

135 1377 212 39 uttryckliga
368 1377 223 30 föreskrifter
611 1378 11 28 i
643 1379 118 29 ämnet
782 1378 175 30 utfärdats
979 1379 10 29 i
1013 1379 39 30 10
1078 1379 15 37 $
1115 1379 236 39 kungörelsen
1371 1381 67 29 den
1461 1381 17 30 5
1502 1382 134 29 decem-

135 1426 58 29 ber
217 1426 82 30 1947
328 1427 58 33 (nr
406 1427 80 35 929)
513 1437 58 20 om
593 1428 210 39 statsbidrag
827 1428 50 29 till
898 1429 194 30 avlönande
1114 1439 41 21 av
1174 1430 94 29 vissa
1290 1430 345 40 befattningshavare

133 1477 63 30 hos
216 1478 416 40 hushållningssällskap,
653 1488 44 20 m.
718 1489 46 19 m.
785 1479 94 30 Även
899 1489 67 24 om,
987 1480 180 30 fortsätter
1189 1482 181 38 styrelsen,
1391 1483 245 29 motsvarande

133 1528 263 31 bestämmelser
421 1529 145 29 saknats
592 1529 53 30 för
671 1529 443 40 skogsvårdsstyrelsernas
1139 1532 64 35 del,
1230 1532 65 29 har
1322 1533 211 38 styrelserna
1559 1533 77 30 tidi-

133 1587 78 31 gare
233 1579 11 29 i
265 1588 44 20 en
330 1580 54 29 del
406 1580 62 29 fall
488 1580 183 29 verkställt
692 1580 227 39 disciplinära
940 1581 232 39 ingripanden
1195 1584 73 28 mot
1290 1582 346 41 befattningshavare

134 1629 54 29 för
207 1629 47 29 fel
275 1630 84 29 eller
378 1630 246 30 försummelse
644 1630 11 29 i
676 1630 167 39 tjänsten.
865 1631 52 29 En
938 1632 111 29 sådan
1068 1632 207 40 befogenhet
1297 1633 64 30 har
1382 1634 122 30 därvid
1527 1635 109 29 förut-

135 1681 86 28 satts
240 1680 199 30 tillkomma
458 1681 211 38 styrelserna
688 1681 107 39 enligt
816 1682 126 29 sakens
961 1683 115 30 natur.
1097 1683 73 29 Den
1191 1684 41 30 24
1252 1684 70 39 maj
1348 1684 82 30 1949
1450 1685 65 29 har
1535 1686 102 29 emel-

135 1730 100 30 lertid
257 1730 294 39 regeringsrätten
571 1731 11 29 i
603 1732 173 30 meddelat
797 1732 114 39 utslag
930 1733 45 38 på
995 1733 123 31 besvär
1138 1743 42 19 av
1200 1742 43 20 en
1265 1734 373 41 skogsvårdsstyrelse-

135 1780 216 39 tjänsteman
373 1781 178 39 angående
574 1781 46 30 fel
643 1782 9 29 i
676 1782 157 39 tjänsten
856 1783 193 39 undanröjt
1071 1784 259 31 vederbörande
1354 1786 283 40 skogsvårdssty-

135 1831 106 29 relses
267 1831 115 29 beslut
408 1833 50 28 att
485 1831 132 30 tilldela
644 1832 286 39 tjänstemannen
957 1834 158 39 varning,
1142 1836 84 28 enär
1254 1836 57 29 det
1338 1836 106 39 enligt
1472 1837 56 39 lag
1555 1838 83 29 eller

135 1881 211 39 författning
365 1881 74 30 icke
460 1881 139 30 tillkom
619 1882 383 40 skogsvårdsstyrelsen
1023 1885 60 33 att,
1104 1885 44 38 på
1169 1886 68 28 sätt
1258 1885 102 35 skett,
1381 1887 126 29 ådöma
1529 1887 109 39 tjäns-

135 1932 188 28 temannen
348 1931 204 40 disciplinär
575 1932 246 39 bestraffning.

181 1980 283 39 Skogsstyrelsen
487 1981 103 29 anför
612 1981 128 34 vidare,
763 1984 52 27 att
837 1982 57 29 det
917 1983 111 29 måste
1050 1993 101 21 anses
1173 1985 170 30 innebära
1366 1986 180 40 allvarliga
1569 1988 68 29 olä-

136 2030 175 38 genheter,
331 2040 56 20 om
405 2031 407 40 skogvårdsstyrelserna
829 2033 10 28 i
860 2033 272 40 fortsättningen
1151 2035 113 30 skulle
1282 2045 83 21 vara
1383 2036 149 40 betagna
1550 2039 87 38 möj-

136 2080 152 39 ligheten
306 2082 50 28 att
385 2099 3 3 —
430 2082 10 28 i
458 2091 118 20 annan
594 2082 90 29 form
702 2083 44 29 än
765 2092 124 31 genom
907 2084 228 30 meddelande
1154 2095 42 21 av
1213 2087 130 29 avsked
1361 2088 56 30 vid
1435 2088 202 30 kontrakts-

135 2130 115 29 tidens
272 2131 129 38 utgång
420 2149 44 3 —
484 2132 219 39 disciplinärt
723 2133 161 30 inskrida
905 2136 72 27 mot
999 2134 225 39 tjänsteman,
1248 2146 76 20 som
1345 2139 60 37 gör
1427 2139 51 38 sig
1500 2139 137 39 skyldig

137 2180 49 29 till
211 2180 46 29 fel
282 2181 82 28 eller
386 2181 247 30 försummelse
654 2183 10 28 i
688 2183 156 38 tjänsten
866 2183 84 30 eller
972 2184 127 30 brister
1122 2186 10 28 i
1156 2187 203 39 anständigt
1382 2189 254 39 uppträdande.

137 2229 75 29 Alla
234 2230 78 29 skäl
334 2232 117 37 syntes
474 2232 70 28 tala
566 2232 54 29 för
642 2234 49 27 att
713 2233 423 39 skogsvårdsstyrelserna
1159 2236 11 28 i
1192 2236 96 30 detta
1310 2237 199 31 hänseende
1531 2239 105 30 borde

138 2279 228 30 tillerkännas
388 2281 245 30 motsvarande
654 2281 257 40 befogenheter,
934 2292 75 20 som
1031 2284 135 30 tillkom
1188 2286 185 40 offentliga
1395 2289 242 39 myndigheter

134 2328 10 29 i
163 2328 204 30 allmänhet.
