2230 2616
448 152 115 32 Första
586 152 197 31 kammarens
806 152 96 31 första
925 151 164 43 tillfälliga
1112 151 128 32 utskotts
1264 151 164 31 utlåtande
1451 150 53 31 Nr
1527 152 50 29 12.
1744 151 38 31 15

348 239 47 29 att
429 236 242 41 utbildningen
706 246 42 21 av
771 235 262 33 småskollärare
1057 234 74 33 icke
1154 235 12 31 i
1189 245 129 21 samma
1341 235 77 31 mån
1441 245 71 22 som
1535 234 148 33 flertalet
1705 235 118 41 övriga

211 278 404 43 landstingsåligganden
639 278 117 43 tjänar
779 279 52 31 ett
854 277 154 43 speciellt
1031 277 236 39 länsintresse;

347 324 48 29 alt
428 332 40 21 en
501 321 263 41 koncentrering
787 331 43 21 av
853 320 431 41 seminarieundervisning
1305 318 60 33 till
1388 321 50 29 ett
1459 319 90 32 färre
1572 319 96 31 antal
1691 318 131 33 läroan-

211 364 124 32 stalter
357 364 88 32 efter
467 363 67 32 allt
556 365 55 30 att
634 364 97 31 döma
753 362 112 32 skulle
888 372 84 22 vara
994 362 58 31 till
1074 361 109 33 fördel
1207 363 73 30 med
1303 361 164 32 avseende
1489 362 44 42 på
1556 362 39 31 så
1609 362 58 31 väl
1682 362 146 31 semina-

211 407 132 32 riernas
366 408 200 70 utrustning
588 416 71 21 som
681 405 243 32 kostnadernas
947 404 203 42 reducering
1173 404 60 32 och
1253 404 154 42 jämnare
1430 403 207 39 fördelning;

348 450 50 29 alt
428 459 40 21 en
502 448 106 31 sådan
639 447 260 42 koncentrering
920 457 43 21 av
987 446 289 41 undervisningen
1300 446 169 42 knappast
1492 446 67 31 kan
1583 415 162 63 effektivt
1768 456 53 31 ge-

212 491 170 31 nomföras
410 490 73 32 med
507 489 132 32 mindre
662 494 43 27 än
730 491 55 30 att
807 492 114 29 staten
944 491 177 39 övertager
1145 488 210 40 densamma;

348 535 47 29 att
429 543 40 21 en
491 533 13 30 i
526 532 61 32 och
622 532 52 31 för
707 532 54 40 sig
796 531 169 32 önskvärd
999 530 174 43 reglering
1207 542 42 20 av
1277 530 130 32 antalet
1430 530 109 32 elever
1561 530 59 31 vid
1642 530 182 31 småskole-

210 575 245 32 seminarierna
477 575 88 32 efter
588 574 58 31 det
670 573 58 32 vid
751 573 93 32 olika
866 573 90 32 tider
980 573 209 41 förefintliga
1211 572 141 32 behovet
1375 583 41 20 av
1440 572 263 32 småskollärare
1719 571 103 43 knap-

211 620 77 39 past
310 623 38 25 är
370 615 119 43 möjlig
512 616 75 32 med
611 616 130 32 mindre
765 621 43 26 än
832 618 54 30 att
908 617 114 30 staten
1045 617 179 39 övertager
1246 614 343 32 seminarieväsendet
1611 614 12 31 i
1646 614 113 42 fråga;

346 662 48 28 att
434 664 36 27 för
492 658 213 33 närvarande
728 658 89 32 inom
841 657 222 43 landstingen
1086 657 93 32 torde
1202 657 185 32 förefinnas
1410 667 39 21 en
1473 656 128 32 allmän
1625 656 128 32 önskan
1770 668 52 20 om

211 700 299 34 åstadkommande
543 712 43 20 av
621 711 41 21 en
695 700 165 42 grundlig
892 699 188 43 utredning
1113 699 171 42 angående
1311 699 411 32 småskoleseminarierna
1748 698 74 32 med

211 744 132 42 hänsyn
366 743 141 32 särskilt
529 743 56 32 till
609 743 97 32 deras
729 742 193 32 eventuella
945 741 228 43 övertagande
1195 752 43 21 av
1262 744 125 37 staten;

344 788 47 28 alt
425 796 40 21 en
498 786 108 31 sådan
640 784 187 42 utredning
861 784 60 32 och
955 795 41 21 en
1032 786 43 40 på
1102 784 195 31 densamma
1319 783 182 42 byggande
1524 784 232 40 organisation
1780 794 43 20 av

210 827 339 33 seminarieväsendet
581 828 95 31 torde
710 829 121 39 utgöra
865 827 56 31 det
954 826 218 32 effektivaste
1205 825 124 32 medlet
1364 828 53 29 att
1450 826 37 31 få
1520 827 51 30 ett
1604 825 71 32 slut
1697 825 44 42 på
1764 825 58 31 det

209 869 395 38 »osäkerhetstillstånd»>,
629 880 71 21 som
722 868 172 33 flerstädes
918 869 156 41 uppstått
1096 869 43 41 på
1161 867 111 42 grund
1296 878 43 21 av
1359 868 127 31 kraven
1502 868 44 42 på
1563 867 261 32 seminariernas

212 912 269 42 förstatligande,
505 912 61 32 och
589 922 71 21 som
684 917 37 26 är
743 913 105 39 ägnat
871 914 51 28 att
945 910 105 33 verka
1073 910 201 32 hämmande
1297 911 44 41 på
1364 910 259 31 seminariernas
1639 909 115 32 vidare
1770 911 50 29 ut-

210 954 177 42 veckling;
411 956 91 30 samt

346 999 48 29 att
427 1007 40 21 en
501 996 104 32 sådan
634 996 201 41 utrednings
858 995 221 41 företagande
1102 994 73 32 icke
1198 995 72 31 står
1295 994 11 32 i
1330 994 86 32 strid
1440 993 75 33 med
1539 993 285 32 statsmakternas

211 1038 145 42 tidigare
380 1038 381 43 ståndpunktstagande
785 1038 55 31 till
862 1036 225 33 förevarande
1110 1037 104 31 fråga.

295 1080 76 33 Med
405 1081 132 42 hänsyn
569 1079 273 43 huvudsakligen
876 1079 57 32 till
968 1062 236 49 ovannämnda
1227 1079 12 31 i
1262 1078 246 49 promemorian
1544 1077 187 33 framförda
1753 1088 66 20 om-

211 1123 234 32 ständigheter
466 1122 62 33 har
550 1122 333 43 förbundsstyrelsen
905 1122 106 32 redan
1035 1122 58 31 vid
1117 1120 209 43 behandling
1349 1132 42 20 av
1407 1121 93 31 vissa
1516 1121 77 31 från
1611 1119 207 41 landstings-

210 1165 71 32 håll
303 1166 148 41 tidigare
473 1165 58 32 till
555 1164 155 33 Svenska
733 1164 379 41 landstingsförbundet
1134 1163 159 33 inkomna
1317 1163 297 41 framställningar
1637 1173 52 21 om
1705 1161 114 32 utred-

210 1208 83 41 ning
326 1218 42 21 av
401 1208 123 40 frågan
557 1207 143 32 rörande
734 1206 427 32 småskoleseminariernas
1185 1205 271 42 förstatligande,
1480 1205 128 31 uttalat
1632 1207 53 38 sig
1707 1206 51 29 för
1780 1214 41 21 en

210 1249 105 32 sådan
338 1249 195 41 utredning.
578 1248 205 32 Densamma
805 1248 97 32 torde
926 1248 200 42 lämpligast
1149 1247 60 32 och
1232 1247 74 31 med
1322 1247 96 31 bästa
1435 1247 139 41 garanti
1589 1247 52 31 för
1657 1245 170 43 opartisk--

210 1292 57 31 het
289 1292 170 40 företagas
482 1302 118 30 genom
624 1290 352 43 Skolöverstyrelsens
998 1290 141 41 försorg.

347 1333 351 42 Förbundsstyrelsen
735 1333 53 31 får
822 1332 145 32 sålunda
1001 1332 53 31 för
1088 1332 53 31 sin
1165 1331 54 33 del
1243 1330 181 43 tillstyrka
1447 1330 100 32 bifall
1570 1330 56 31 till
1651 1330 62 32 den
1736 1329 89 32 före-

212 1375 161 42 liggande
388 1375 177 32 motionen.

347 1416 195 34 Stockholm
566 1417 62 32 den
658 1418 37 31 16
720 1417 88 42 april
833 1418 90 30 1923.

588 1493 68 32 För
683 1492 152 34 Svenska
858 1491 399 43 landstingsförbundets
1281 1491 162 44 styrelse:

826 1568 159 33 JOHAN
1009 1579 31 21 v.
1064 1567 143 33 BAHR.

1479 1660 84 31 Sven
1590 1660 97 32 Odén.
