2116 2663
384 218 17 27 2
845 210 242 43 Lagutskottets
1117 210 175 34 Utlåtande
1315 211 62 32 N:o
1400 210 50 33 453.

474 301 80 36 Den
581 302 198 44 grundsats,
808 301 145 35 hvilken
980 301 217 35 motionären
1224 298 145 37 sålunda
1398 311 102 24 anser
1521 301 83 35 böra
1624 300 194 45 uppställas
1837 297 112 39 såsom

342 355 107 44 regel,
480 355 84 33 eller
592 356 53 32 att
671 356 86 32 utan
786 353 162 35 afseende
976 351 20 36 å
1020 350 173 47 fyrktalet
1208 353 123 34 endast
1351 364 41 23 en
1407 356 73 31 röst
1494 353 106 34 borde
1618 353 191 35 tillkomma
1825 352 125 46 hvarje

341 406 219 45 röstegande,
590 405 112 35 skulle
730 406 157 44 tydligen
915 405 105 35 äfven
1047 405 76 34 med
1151 405 58 34 det
1237 404 39 35 af
1300 405 216 34 motionären
1549 404 185 35 förordade
1765 405 184 45 undantag

340 458 156 35 medföra
525 468 41 24 en
593 460 130 41 ytterst
750 456 294 45 genomgripande
1072 457 63 34 och
1162 457 54 34 till
1235 457 75 33 sina
1326 456 126 45 följder
1472 457 176 43 knappast
1662 457 205 44 beräknelig
1882 466 66 25 om-

340 509 186 45 hvälfning
566 510 38 34 af
629 510 64 33 den
722 510 221 33 kommunala
972 509 261 44 sjelfstyrelsen.
1289 507 80 35 Den
1397 509 111 34 skulle
1536 508 172 44 nemligen
1736 509 10 34 i
1774 509 174 41 väsentlig

339 560 80 36 mån
455 562 106 44 lägga
589 562 113 33 denna
730 561 147 43 styrelse
905 561 11 33 i
944 561 178 34 händerna
1150 557 45 47 på
1222 560 312 44 samhällsklasser,
1563 560 122 35 hvilka
1712 571 48 23 nu
1788 560 122 34 endast
1936 560 12 33 i

339 614 102 44 ringa
469 609 80 38 mån
577 612 123 35 utöfva
728 610 106 47 något
862 612 192 44 inflytande
1082 609 43 47 på
1153 612 199 34 densamma
1380 612 63 34 och
1471 622 53 24 om
1552 612 121 35 hvilka
1701 622 80 24 man
1801 611 54 36 för
1874 615 74 31 när-

339 666 156 35 varande
524 662 177 46 svårligen
729 665 72 34 kan
829 669 142 39 antaga,
1002 667 53 31 att
1083 664 41 34 de
1152 664 99 33 skola
1282 674 64 32 ega
1379 664 217 43 tillräckliga
1624 663 147 44 insigter
1799 664 62 34 och
1886 663 66 34 till-

339 717 153 41 räckligt
519 716 147 32 intresse
694 715 54 33 för
776 716 175 32 allmänna
980 715 297 42 angelägenheter
1305 714 53 33 för
1387 717 54 30 att
1468 714 121 33 kunna
1608 713 54 34 till
1681 714 270 33 kommunernas

340 764 131 38 båtnad
511 766 122 36 utöfva
676 776 41 24 en
758 763 108 37 sådan
908 768 105 42 magt.
1070 762 59 38 Då
1169 765 63 35 den
1274 762 274 47 ifrågavarande
1576 765 233 45 grundsatsen
1837 765 113 35 skulle

339 820 176 42 tillämpas
542 819 59 34 vid
629 819 70 42 val,
728 815 133 37 således
888 817 105 34 äfven
1021 817 58 34 vid
1107 817 59 34 val
1194 818 38 33 af
1257 817 276 44 landstingsmän
1562 817 63 34 och
1652 818 140 33 valmän
1820 817 55 34 för
1898 819 52 32 ut-

340 870 125 35 seende
493 869 39 35 af
557 867 142 45 sådana,
728 870 136 33 komme
892 869 65 34 den
985 871 54 32 att
1066 868 122 34 utöfva
1218 879 39 23 en
1289 868 195 44 betydande
1511 869 174 33 inverkan
1712 866 45 46 på
1784 869 102 34 valen
1915 868 39 34 af

339 921 128 35 Första
507 919 235 36 Kammarens
782 921 201 34 ledamöter.
1038 919 255 45 Lagutskottet
1334 930 103 24 anser
1463 919 226 45 följaktligen
1717 919 234 35 motionärens

340 973 134 44 förslag
500 973 12 33 i
540 973 113 33 denna
681 972 55 34 del
763 972 77 34 icke
869 972 85 33 böra
985 971 146 34 bifallas.

474 1023 224 35 Motionären
725 1024 65 34 har
818 1023 191 34 emellertid
1037 1024 92 43 tagit
1155 1023 136 43 hänsyn
1319 1022 54 35 till
1401 1022 40 35 de
1469 1020 187 37 bestående
1684 1019 266 38 förhållandena

340 1076 11 34 i
379 1073 38 37 så
443 1074 121 44 måtto,
595 1078 54 31 att
675 1076 69 33 han
774 1075 29 42 ej
837 1076 94 33 velat
958 1075 159 43 tillämpa
1145 1075 65 33 den
1226 1074 200 44 föreslagna
1447 1074 175 34 allmänna
1641 1075 234 44 grundsatsen
1891 1074 59 35 vid

340 1128 114 34 beslut
495 1137 52 24 om
588 1125 157 46 utgifter.
802 1125 71 35 Vid
913 1126 177 34 fattandet
1132 1125 38 34 af
1200 1123 130 37 sådana
1359 1126 113 34 beslut
1500 1125 112 35 skulle
1640 1126 171 44 nemligen
1842 1126 109 44 enligt

340 1180 233 32 motionärens
601 1178 132 43 förslag
759 1178 200 33 röstvärdet
985 1178 175 33 beräknas
1188 1177 89 33 efter
1305 1178 57 32 det
1391 1187 41 23 en
1459 1178 90 33 hvar
1576 1175 117 35 åsatta
1720 1177 136 43 fyrktal
1875 1177 77 34 med

339 1229 233 44 iakttagande
613 1229 38 34 af
689 1229 65 34 den
795 1228 267 43 inskränkning,
1097 1231 53 31 att
1177 1228 104 42 ingen
1310 1227 92 44 finge
1430 1228 123 34 utöfva
1580 1230 150 32 rösträtt
1757 1227 54 35 för
1839 1231 112 31 större

342 1281 97 34 antal
479 1283 114 31 röster
632 1283 45 31 än
718 1290 68 24 som
821 1279 221 34 motsvarade
1071 1289 41 24 en
1141 1279 224 44 tjugondedel
1392 1279 39 34 af
1455 1279 226 34 kommunens
1709 1278 78 35 hela
1815 1278 136 44 fyrktal

342 1332 90 34 efter
459 1331 315 44 fyrktalslängden.

474 1381 149 45 Förslag
663 1393 53 23 om
757 1392 42 24 en
839 1382 98 43 dylik
968 1381 257 44 inskränkning
1252 1382 10 33 i
1291 1382 65 33 den
1383 1384 159 41 rösträtt,
1572 1392 71 24 som
1671 1381 209 34 tillkommer
1908 1382 41 33 de

341 1435 103 43 högst
471 1434 209 34 beskattade
707 1434 90 33 inom
827 1444 40 23 en
896 1434 174 41 kommun,
1099 1432 108 35 hafva
1235 1430 110 37 såsom
1374 1433 132 34 bekant
1525 1432 73 35 ofta
1613 1432 117 35 blifvit
1746 1433 206 34 framstälda

343 1486 60 34 och
444 1485 132 45 jemväl
617 1485 125 34 vunnit
777 1483 126 35 Andra
931 1483 234 35 Kammarens
1193 1485 266 42 godkännande.
1515 1482 79 36 Den
1623 1482 146 36 bråkdel
1797 1484 39 34 af
1859 1484 92 34 kom-

342 1547 144 24 munens
514 1537 78 33 hela
621 1537 157 42 röstetal,
808 1546 70 24 som
905 1536 103 43 högst
1036 1536 111 33 skulle
1175 1533 36 36 få
1239 1536 193 33 tillkomma
1461 1546 42 23 en
1531 1536 221 43 röstegande,
1784 1535 65 34 har
1867 1535 86 34 före-

343 1588 123 43 slagits
507 1591 44 30 än
592 1587 53 34 till
687 1597 41 24 en
769 1586 174 44 femtedel,
985 1590 45 30 än
1071 1586 53 34 till
1152 1597 41 23 en
1222 1586 184 44 tiondedei,
1435 1589 56 40 än,
1521 1583 111 38 såsom
1660 1586 11 34 i
1699 1586 66 35 den
1792 1596 47 25 nu
1866 1586 86 35 före-

342 1639 164 44 liggande
534 1639 185 40 motionen,
748 1639 53 32 till
829 1648 42 24 en
898 1638 236 44 tjugondedel.
1177 1637 127 35 Denna
1332 1635 179 46 mångfald
1538 1637 39 34 af
1593 1638 93 34 olika
1703 1638 130 43 förslag
1849 1648 101 33 synes

343 1690 98 43 gifva
469 1690 76 33 stöd
574 1687 37 36 åt
638 1690 65 33 den
732 1686 102 46 äåsigt,
864 1692 53 31 att
946 1689 260 34 fastställandet
1234 1689 38 34 af
1297 1699 41 23 en
1367 1689 96 43 dylik
1491 1689 257 44 inskränkning
1774 1689 78 34 icke
1879 1689 72 34 kan

343 1741 91 34 fotas
461 1738 44 46 på
533 1738 113 46 nägon
676 1741 235 43 allmängiltig
938 1740 216 43 rättsgrund,
1183 1743 86 31 utan
1296 1742 130 41 ytterst
1453 1738 111 36 måste
1592 1740 232 34 öfverlemnas
1843 1737 37 37 åt
1900 1743 51 31 ett

342 1792 88 35 visst
470 1792 184 43 godtycke.
709 1790 79 35 Den
825 1802 48 23 nu
899 1791 162 44 gällande
1090 1791 221 34 kommunala
1339 1794 192 31 rösträtten
1559 1791 132 44 stödjer
1717 1792 54 43 sig
1798 1792 154 33 deremot

342 1840 45 46 på
427 1843 64 34 den
534 1843 177 34 bestämda
749 1843 62 33 och
839 1842 191 44 ingalunda
1058 1842 207 44 förkastliga
1294 1842 199 44 grundsats,
1523 1845 53 31 att
1603 1843 12 33 i
1642 1853 130 24 samma
1801 1840 79 37 mån
1909 1852 42 24 en

343 1894 345 34 kommunalmedlem
730 1894 163 43 bidrager
933 1894 54 33 till
1026 1893 195 44 utgifterna
1249 1893 53 34 för
1330 1894 224 34 kommunens
1581 1891 173 46 ändamål,
1783 1894 11 34 i
1822 1904 130 24 samma

343 1942 79 37 mån
450 1946 62 33 bör
539 1945 70 33 han
638 1945 63 34 ock
729 1955 86 24 vara
845 1945 201 43 berättigad
1074 1947 53 31 att
1154 1944 123 34 utöfva
1305 1944 193 44 inflytande
1527 1942 43 46 på
1597 1945 186 44 ledningen
1804 1945 39 34 af
1859 1946 90 33 kom-

344 2006 144 24 munens
516 1996 305 44 angelägenheter.
1171 2014 13 11 e

479 2047 248 44 Anledningen
755 2047 53 33 till
836 2048 40 33 de
904 2047 199 44 upprepade
1130 2046 174 44 förslagen
1333 2047 11 33 i
1371 2049 118 32 ämnet
1503 2047 65 34 har
1583 2045 39 35 af
1633 2046 319 45 förslagsställarne

344 2099 11 33 i
396 2098 190 35 allmänhet
627 2098 169 44 angifvits
836 2109 86 24 vara
964 2098 76 41 den,
1083 2101 53 30 att
1168 2097 11 34 i
1207 2101 52 30 ett
1286 2098 96 34 antal
1411 2098 204 34 kommuner
1642 2108 42 24 en
1712 2098 89 34 enda
1828 2108 124 33 person

345 2160 82 33 eger
468 2146 37 38 så
532 2152 89 31 stort
648 2150 157 42 röstetal,
836 2152 52 31 att
916 2150 69 33 han
1013 2159 115 25 ensam
1159 2149 69 33 kan
1257 2149 122 35 utöfva
1408 2150 225 33 kommunens
1660 2149 291 42 beslutanderätt,

345 2201 63 34 och
436 2203 54 32 att
517 2201 10 33 i
556 2196 110 38 andra
693 2201 203 33 kommuner
923 2204 61 31 två
1013 2200 83 34 eller
1124 2202 51 31 ett
1202 2196 290 51 fåtal”personer,
1522 2210 52 24 om
1592 2200 41 33 de
1647 2204 61 30 äro
1724 2210 92 33 ense,
1832 2200 119 34 kunna

344 2250 44 45 på
415 2261 130 24 samma
574 2254 71 31 sätt
673 2251 194 34 öfverrösta
896 2252 162 44 samtliga
1087 2250 109 44 öfrige
1216 2251 432 34 kommunalmedlemmar.
1683 2250 123 37 Under
1821 2248 131 39 sådana

343 2301 240 36 förhållanden
626 2303 115 34 kunde
783 2313 78 23 man
904 2303 28 44 ej
975 2313 94 33 anse,
1099 2306 53 30 att
1180 2299 115 46 någon
1323 2303 140 43 verklig
1490 2302 229 44 sjelfstyrelse
1748 2302 125 34 funnes
1899 2302 54 33 för
