2271 2592
448 201 17 27 6
913 196 247 41 Lagutskottets
1188 194 178 34 Utlåtande
1389 196 62 31 N:o
1474 198 50 29 31.

405 284 71 48 sky
519 283 135 48 hvarje
693 283 262 49 regelbundet
984 282 132 38 arbete
1145 282 71 37 och
1243 282 11 36 i
1283 281 319 37 förekommande
1626 281 69 37 fall
1722 282 85 37 icke
1835 282 117 38 tveka
1981 287 55 32 att

404 334 102 49 begå
535 334 207 37 allehanda
766 335 114 36 brott.
939 332 457 49 Sammanslutningarna
1423 332 104 36 inom
1556 331 57 36 till
1639 332 88 36 dem
1744 333 170 38 hörande
1931 346 105 23 man-

406 385 55 49 lig
500 385 186 49 ungdom,
729 385 48 37 de
810 399 29 23 s.
869 385 36 36 k.
935 384 283 49 ligapojkarna,
1249 388 66 31 äro
1343 382 167 37 förvisso
1540 395 47 24 en
1617 382 205 37 företeelse
1852 383 62 37 väl
1941 383 94 37 värd

405 436 350 49 uppmärksamhet
779 435 148 49 jämväl
952 435 85 36 från
1061 434 326 37 statsmakternas
1407 433 96 37 sida.
1558 432 75 37 Det
1653 438 41 31 är
1710 433 99 36 dock
1824 434 212 48 ingalunda

406 487 99 36 blott
532 487 12 35 i
573 486 47 37 de
650 491 123 32 större
798 486 183 37 städerna
1009 485 73 36 och
1110 484 117 37 bland
1256 484 38 36 de
1319 484 107 49 lägre
1451 483 215 43 klasserna,
1687 496 81 24 som
1790 485 245 47 upprörande

408 537 67 36 fall
517 537 41 37 af
593 537 110 36 råhet
745 536 162 37 kommit
935 535 58 36 till
1022 535 166 48 uttryck,
1218 539 92 32 utan
1340 535 118 36 hafva
1486 533 133 49 utslag
1648 534 115 36 däraf
1788 534 247 37 förekommit

408 588 115 36 äfven
550 591 51 45 på
628 587 275 49 landsbygden
932 586 73 36 och
1032 586 104 35 inom
1166 585 122 48 högre
1304 585 109 48 lager
1430 585 41 36 af
1484 584 294 49 befolkningen.
1834 585 59 36 En
1910 598 126 23 annan

408 638 116 37 orsak
564 638 58 36 till
664 638 65 36 det
766 636 231 49 tilltagande
1027 635 244 49 själfsvåldet
1299 635 111 36 torde
1438 648 93 23 vara
1556 640 55 31 att
1640 636 95 36 söka
1763 635 11 36 1
1804 635 73 37 den
1907 635 130 37 alltför

407 694 105 31 stora
536 688 130 47 frihet,
695 701 83 24 som
808 700 161 23 numera
999 686 160 37 allmänt
1186 686 149 37 lämnas
1363 686 161 46 barnen,
1550 686 72 36 och
1645 686 12 35 i
1687 686 75 36 den
1779 686 67 36 allt
1862 686 174 37 starkare

407 739 326 47 obenägenheten
775 743 54 32 att
871 737 65 37 vid
978 737 136 36 dessas
1150 737 231 48 uppfostran
1409 736 179 37 använda
1617 736 65 36 det
1711 736 126 37 medel
1867 742 54 31 att
1948 737 88 48 böja

407 795 54 31 ett
503 789 234 48 egenvilligt
765 788 71 37 och
865 787 162 48 trotsigt
1055 788 122 46 sinne,
1206 801 84 22 som
1319 787 162 49 lämplig
1510 800 75 35 aga
1613 787 290 48 otvifvelaktigt
1930 787 106 36 inne-

406 840 80 36 bär.
543 840 59 35 En
632 840 101 48 dryg
758 839 62 36 del
849 839 43 36 af
918 844 182 30 ansvaret
1129 838 59 36 för
1216 838 48 36 de
1284 836 328 50 våldsgärningar
1632 837 70 37 och
1724 837 74 37 den
1814 838 121 46 råhet,
1954 850 82 23 som

408 903 160 23 numera
608 890 12 35 i
661 890 160 48 stegrad
859 888 99 49 grad
990 888 206 36 framträdt
1229 888 102 36 inom
1361 888 104 36 vissa
1492 888 152 35 kretsar
1668 888 42 36 af
1735 891 84 33 vårt
1847 888 92 46 folk,
1968 888 69 36 bör

408 941 116 36 äfven
562 940 249 48 rättvisligen
847 940 141 48 läggas
1018 942 49 45 på
1091 939 75 36 den
1196 938 271 49 upphetsande
1497 938 201 48 agitation,
1728 951 82 23 som
1839 938 121 36 under
1989 938 47 37 de

408 995 156 32 senaste
594 994 91 33 åren
709 990 154 37 drifvits
888 991 9 35 i
928 990 103 48 syfte
1060 995 56 31 att
1143 989 264 49 undergräfva
1432 989 215 48 aktningen
1675 990 60 35 för
1759 989 49 35 all
1829 988 208 37 auktoritet

408 1041 71 37 och
508 1041 152 37 förleda
688 1041 59 36 till
776 1040 170 50 olydnad
975 1040 72 36 och
1074 1045 99 31 trots
1201 1045 81 31 mot
1310 1040 178 36 öfverhet
1517 1040 71 35 och
1617 1039 211 37 bestående
1856 1039 120 49 lagar.

541 1092 59 36 Då
639 1092 213 36 orsakerna
891 1091 60 36 till
992 1091 65 36 det
1101 1090 300 44 samhällsonda,
1443 1090 160 36 hvarom
1645 1103 50 22 nu
1740 1095 41 31 är
1820 1090 121 48 fråga,
1971 1095 65 31 äro

408 1145 143 46 många
576 1142 73 37 och
678 1142 211 45 skiftande,
920 1142 93 37 böra
1041 1140 183 49 gifvetvis
1255 1141 47 36 de
1332 1140 138 46 medel,
1501 1153 80 23 som
1612 1143 122 33 måste
1764 1140 193 48 tillgripas
1977 1138 60 38 för

409 1197 56 32 att
506 1193 93 37 råda
641 1193 68 36 bot
742 1193 133 48 därpå,
908 1205 95 24 vara
1035 1191 228 48 flerfaldiga,
1293 1194 128 33 såsom
1451 1190 248 49 allvarligare
1729 1190 71 37 och
1828 1204 107 23 mera
1962 1191 75 36 för-

409 1243 147 49 djupad
597 1243 330 49 folkuppfostran,
953 1241 295 48 undanröjande
1277 1241 94 36 eller
1400 1241 216 36 mildrande
1645 1241 43 36 af
1713 1241 235 48 förefintliga
1978 1254 59 23 so-

410 1294 97 36 ciala
549 1293 381 46 missförhållanden,
973 1292 269 48 bekämpande
1281 1292 42 36 af
1348 1292 273 48 dryckenskap
1650 1305 47 22 m.
1730 1305 47 23 m.
1832 1292 67 36 Ett
1926 1291 110 37 verk-

409 1349 100 31 samt
551 1344 126 36 medel
713 1349 57 31 att
802 1344 175 36 inskrida
1006 1348 80 31 mot
1114 1343 47 36 de
1188 1342 222 47 tendenser,
1440 1355 82 22 som
1552 1341 12 36 1
1591 1341 208 50 brottsliga
1827 1341 212 49 gärningar

411 1395 41 36 af
486 1394 233 37 omförmäld
762 1400 57 30 art
860 1399 95 42 taga
995 1393 62 49 sig
1098 1393 166 48 uttryck,
1307 1398 40 31 är
1388 1392 216 37 emellertid
1646 1394 116 34 äfven
1803 1398 55 30 att
1899 1396 42 32 så
1975 1393 62 35 be-

409 1450 166 34 stämma
617 1446 160 35 straffen
817 1445 60 36 för
918 1445 209 48 begångna
1169 1443 114 45 brott,
1314 1448 54 31 att
1397 1443 47 36 de
1489 1443 132 36 kunna
1660 1448 164 44 antagas
1853 1442 109 37 skola
1988 1445 49 47 på

408 1501 57 31 ett
503 1496 175 36 effektivt
706 1500 78 32 sätt
812 1495 241 37 förekomma
1082 1494 93 36 eller
1202 1493 211 37 inskränka
1441 1498 55 31 ett
1524 1493 253 49 upprepande
1806 1493 38 36 af
1862 1493 173 37 brotten.

408 1546 136 48 Enligt
584 1546 214 37 utskottets
839 1545 255 37 förmenande
1137 1550 41 31 är
1205 1544 171 36 straffets
1405 1544 158 49 uppgift
1585 1543 84 49 just
1697 1549 55 31 att
1780 1543 142 49 betaga
1950 1543 87 46 den,

408 1610 82 23 som
529 1597 170 36 föröfvat
739 1596 107 49 dylik
888 1595 202 49 handling,
1119 1595 128 36 lusten
1277 1600 55 31 att
1360 1594 182 37 fortsätta
1570 1597 49 46 på
1647 1594 74 36 den
1750 1594 113 47 bana,
1892 1594 146 49 hvarpå

408 1647 76 36 han
523 1647 164 37 sålunda
714 1646 171 50 inslagit,
914 1659 143 36 genom
1083 1650 55 31 att
1167 1645 93 37 söka
1285 1645 171 49 påverka
1484 1645 98 36 hans
1611 1644 207 48 brottsliga
1846 1644 92 48 vilja
1966 1644 72 37 och

409 1698 132 36 stärka
582 1697 48 37 de
671 1697 147 37 krafter
855 1697 105 36 inom
1002 1697 155 45 honom,
1198 1709 82 22 som
1324 1695 143 37 afhbålla
1500 1695 85 36 från
1623 1695 114 37 brott.
1790 1695 75 36 Det
1893 1700 41 31 är
1962 1701 75 30 sta-

408 1752 87 32 tens
524 1748 247 48 ovillkorliga
800 1747 97 37 både
926 1752 77 32 rätt
1032 1747 72 36 och
1131 1745 98 50 plikt
1258 1751 56 31 att
1342 1746 94 36 söka
1461 1745 87 37 med
1578 1745 75 36 alla
1681 1745 58 37 till
1760 1745 98 37 buds
1879 1745 158 37 stående

409 1798 126 37 medel
565 1804 120 31 värna
713 1797 206 37 samhället
948 1797 71 37 och
1049 1797 89 37 dess
1169 1796 176 37 enskilda
1372 1796 255 37 medlemmar
1654 1801 81 31 mot
1764 1809 173 36 angrepp
1966 1796 71 35 och

409 1854 56 31 att
505 1849 154 48 skydda
687 1849 116 36 dessa
830 1853 80 32 mot
935 1847 265 48 kränkningar
1229 1847 42 36 af
1292 1847 47 36 de
1367 1846 243 49 rättigheter,
1640 1860 82 23 som
1753 1851 147 32 statens
1929 1846 109 48 lagar

409 1899 234 36 tillerkänna
673 1899 99 37 dem.
826 1899 183 36 Förvisso
1038 1899 70 36 bör
1128 1898 82 36 icke
1227 1898 175 36 sträfvan
1420 1902 53 32 att
1490 1897 205 37 afskräcka
1720 1897 85 37 från
1825 1897 104 36 brott
1947 1909 91 22 vara

410 1949 74 36 den
526 1949 307 49 hufvudsakliga
875 1962 163 23 normen
1079 1948 65 36 vid
1184 1948 272 36 fastställande
1501 1948 40 36 af
1581 1948 158 36 straffen
1771 1948 60 35 för
1859 1946 47 37 de
1936 1946 102 36 olika

409 1999 168 46 brotten,
617 2014 87 22 men
735 2006 56 31 ett
818 1999 478 48 afskräckningsmoment
1323 1998 113 49 ingår
1464 1998 290 47 otvifvelaktigt
1784 1997 86 35 med
1898 2001 101 31 rätta
2027 1996 11 36 i

411 2049 198 49 åtskilliga
649 2051 43 35 af
725 2051 48 36 de
802 2064 49 22 nu
881 2049 213 38 bestående
1123 2048 171 46 straffen,
1323 2062 90 22 vare
1443 2049 61 46 sig
1533 2048 248 48 lagstiftaren
1809 2047 64 36 vid
1901 2046 137 49 lagens

410 2100 191 36 tillkomst
639 2101 100 36 varit
780 2101 130 37 därom
956 2100 206 36 medveten
1202 2098 92 37 eller
1322 2098 95 37 icke.
1472 2099 59 35 Då
1559 2098 65 36 det
1651 2097 124 48 gäller
1799 2102 55 31 att
1883 2097 156 49 afpassa

413 2151 159 37 straffen
604 2154 54 43 så,
689 2156 56 31 att
773 2151 47 37 de
850 2151 122 36 blifva
1000 2151 88 36 bäst
1115 2149 179 50 lämpade
1323 2154 55 31 att
1406 2149 144 47 betaga
1578 2147 305 49 brottslingarna
1910 2147 127 37 lusten

413 2207 54 31 att
510 2201 101 49 begå
656 2201 207 49 brottsliga
899 2202 227 48 gärningar,
1168 2201 75 35 kan
1282 2199 190 37 utskottet
1512 2199 85 36 icke
1639 2198 108 48 värja
1788 2198 60 49 sig
1885 2199 59 36 för
1964 2199 74 36 den

411 2252 157 47 tanken,
612 2256 55 32 att
704 2252 75 36 den
810 2257 58 31 art
893 2252 43 35 af
962 2252 189 36 affliktiva
1181 2251 118 45 straff,
1330 2263 80 23 som
1441 2249 285 37 motionärerna
1750 2249 204 49 ifrågasatt
1982 2249 57 37 till
