1884 2778
306 162 40 30 12
587 164 404 40 Bevillningsutskottets
1007 167 219 32 betänkande
1241 178 42 20 nr
1298 170 42 29 62
1355 169 39 30 år
1409 170 81 30 1961

303 269 70 29 slut
391 270 106 29 redan
516 270 43 29 då
577 270 106 31 fattas
701 280 56 21 om
774 272 68 29 den
860 272 110 31 första
987 275 159 35 etappen.
1166 275 409 41 Ortsavdragsreformen
1595 278 54 30 får
1668 278 54 30 för
1742 279 41 30 de

302 322 93 39 lägre
411 322 354 41 inkomstgrupperna
783 325 54 30 sin
856 327 127 29 största
1000 327 176 37 betydelse
1192 328 44 37 på
1254 329 435 32 kommunalskattesidan.
1708 332 74 29 Den

302 374 404 43 kostnadsövervältring
728 378 80 30 från
831 381 113 28 staten
967 380 52 30 till
1043 380 266 37 kommunerna,
1332 392 75 20 som
1431 384 110 29 under
1562 394 43 20 en
1628 384 88 38 följd
1741 394 42 21 av

295 427 39 30 år
353 429 58 38 ägt
430 438 76 20 rum
527 437 122 31 genom
668 432 520 41 penningvärdeförsämringen
1209 435 64 29 och
1294 436 274 40 statsbidragens
1590 438 188 29 konstruk-

302 481 84 34 tion,
407 482 198 31 elimineras
627 483 203 41 härigenom
853 486 190 30 emellertid
1067 488 123 29 endast
1212 489 52 29 till
1285 498 45 21 en
1352 489 137 31 mindre
1511 491 64 31 del.
1600 491 12 29 I
1636 491 146 40 tidigare

300 535 172 29 motioner
492 535 65 30 har
576 537 260 31 motionärerna
857 538 119 40 begärt
996 542 50 28 att
1067 541 82 36 plan
1172 541 88 30 skall
1283 542 212 40 framläggas
1516 543 55 30 för
1593 545 189 30 successivt

300 587 248 32 återställande
573 598 43 21 av
637 590 66 29 den
730 591 371 42 kostnadsfördelning
1126 595 128 29 mellan
1278 597 117 28 staten
1422 597 65 29 och
1514 597 267 35 kommunerna,

300 649 75 21 som
393 643 268 38 ursprungligen
680 645 140 29 avsetts.
840 645 52 30 Då
911 645 168 31 reformer
1098 648 9 29 i
1127 648 93 29 detta
1239 650 169 29 avseende
1428 650 73 29 dels
1520 650 156 30 tekniskt
1694 653 87 28 nära

299 695 293 39 sammanhänger
609 697 77 29 med
703 698 538 39 ortsavdragskompensationen
1258 702 52 29 till
1328 702 266 36 kommunerna,
1612 704 71 30 dels
1701 705 80 29 ock-

300 746 38 30 så
359 747 10 29 i
392 747 98 40 fråga
510 757 56 21 om
587 749 120 30 takten
730 750 55 31 för
804 752 289 38 genomförandet
1114 753 110 31 måste
1247 756 149 38 avvägas
1419 758 72 28 mot
1513 757 268 40 etapphöjning-

299 809 86 21 arna
403 809 41 21 av
461 802 258 40 ortsavdragen,
737 804 38 29 är
794 804 58 30 det
868 805 223 40 nödvändigt,
1111 809 50 27 att
1177 808 292 40 planläggningen
1488 810 10 29 i
1517 810 136 37 princip
1672 811 79 30 sker
1770 812 10 29 i

298 853 169 30 samband
488 855 77 29 med
586 856 204 30 densamma
810 857 56 30 för
886 860 410 38 ortsavdragsreformen.

342 914 281 32 Kommunernas
643 918 144 38 utgifter
808 920 108 38 gäller
936 920 70 30 f.n.
1028 922 51 29 till
1102 922 107 30 minst
1231 923 39 30 75
1292 927 145 32 procent
1456 925 177 35 områden,
1655 926 63 30 där
1739 926 40 29 de

297 967 65 29 har
381 968 98 39 ringa
498 969 82 30 eller
599 970 87 32 intet
703 971 198 38 inflytande
918 973 44 37 på
982 974 426 42 kostnadsutvecklingen,
1428 977 126 30 främst
1573 979 10 28 i
1604 978 98 40 fråga
1722 987 57 21 om

297 1020 110 36 skola,
425 1022 167 36 sjukvård
611 1024 64 29 och
693 1024 251 40 åldringsvård.
962 1027 65 30 Det
1044 1028 68 29 kan
1130 1029 107 39 enligt
1254 1025 278 36 motionärernas
1550 1032 141 39 mening
1708 1033 71 29 inte

297 1078 208 34 accepteras,
528 1080 50 27 att
600 1077 236 32 kostnaderna
858 1079 120 30 härför
999 1080 45 37 på
1066 1082 112 39 grund
1202 1091 41 20 av
1264 1084 50 28 ett
1332 1083 204 31 varierande
1559 1084 221 31 kommunalt

297 1129 285 41 skatteunderlag
605 1131 88 30 skall
718 1132 153 30 fördelas
896 1133 38 29 så
957 1133 138 37 ojämnt
1119 1134 43 37 på
1188 1136 204 31 samhällets
1414 1137 167 30 invånare
1609 1147 72 21 som
1708 1138 69 31 f.n.

296 1182 90 30 sker.
412 1183 48 29 På
484 1184 93 30 vissa
602 1184 164 31 områden
793 1185 64 30 bör
883 1188 113 28 staten
1021 1187 73 31 helt
1116 1189 117 29 överta
1260 1189 247 35 kostnaderna,
1534 1192 87 29 t.ex.
1649 1192 129 30 beträf-

296 1235 106 30 fande
427 1236 40 30 de
494 1236 226 32 kommunala
745 1238 493 38 folkpensionskostnaderna,
1264 1242 96 30 såväl
1387 1243 9 30 i
1424 1243 98 40 fråga
1549 1254 56 20 om
1630 1245 148 30 invalid-

294 1289 233 35 pensionerna
547 1299 74 21 som
640 1292 117 39 övriga
776 1292 308 37 inkomstprövade
1102 1295 347 35 pensionsförmåner
1467 1298 64 28 och
1551 1298 120 30 därvid
1691 1299 87 29 även

294 1342 42 29 de
352 1342 226 31 kommunala
592 1344 310 41 bostadstilläggen
918 1355 69 28 upp
1003 1347 52 31 till
1072 1357 43 20 en
1130 1348 70 30 viss
1216 1348 230 31 miniminivå.
1463 1350 129 30 Genom
1609 1361 41 20 en
1668 1351 109 31 sådan

295 1394 131 31 reform
452 1396 112 30 skulle
590 1397 254 31 kommunerna
871 1399 149 38 avlyftas
1047 1410 42 20 en
1116 1401 265 40 utgiftssumma
1407 1412 42 20 av
1474 1404 97 30 cirka
1598 1404 62 30 300
1687 1405 88 36 milj.

295 1447 129 31 kronor
444 1458 60 27 per
524 1449 48 33 år.
593 1450 253 33 Överförandet
867 1461 42 21 av
929 1453 100 30 dessa
1050 1453 434 37 folkpensionskostnader
1506 1458 51 29 till
1579 1459 113 29 staten
1714 1459 62 29 bör

292 1502 193 29 emellertid
516 1512 41 20 av
587 1504 290 31 statsfinansiella
908 1506 74 30 skäl
1009 1507 60 30 ske
1100 1508 199 35 successivt,
1329 1509 119 30 varvid
1480 1512 113 29 staten
1622 1511 12 29 i
1665 1511 110 31 första

288 1556 149 35 etappen
464 1557 136 29 övertar
627 1557 143 39 utgifter
797 1559 81 29 över
903 1560 69 29 viss
1000 1560 150 30 kostnad
1174 1570 60 27 per
1262 1562 227 31 skattekrona
1516 1564 11 28 i
1555 1573 88 28 resp.
1672 1565 99 38 kom-

288 1616 97 26 mun,
404 1608 11 29 i
436 1609 109 30 andra
564 1611 148 35 etappen
733 1611 145 39 utgifter
898 1613 79 29 över
996 1614 71 30 viss
1089 1614 92 39 lägre
1202 1615 80 29 nivå
1303 1624 114 21 o.s.v.
1439 1616 47 30 På
1508 1617 38 29 så
1568 1619 68 29 sätt
1657 1618 114 30 åstad-

291 1660 159 31 kommes
466 1663 85 29 även
569 1672 41 20 en
628 1664 105 39 riktig
748 1664 348 38 skatteutjämnande
1113 1667 120 30 effekt.
1251 1668 13 29 I
1281 1668 99 40 fråga
1397 1679 55 20 om
1471 1671 109 29 andra
1597 1671 176 36 områden,

291 1713 116 30 såsom
438 1715 193 36 skolväsen,
661 1717 97 36 sjuk-
786 1719 65 29 och
877 1718 252 41 åldringsvård,
1159 1721 109 30 måste
1299 1722 255 41 statsbidragen
1585 1725 190 30 successivt

292 1766 197 32 återställas
515 1769 51 29 till
593 1771 268 39 ursprungligen
888 1775 109 28 avsett
1023 1774 188 30 realvärde.
1238 1774 65 30 Vid
1331 1775 246 32 återställande
1604 1787 42 20 av
1672 1780 102 28 stats-

288 1820 187 40 bidragens
494 1822 177 31 realvärde
690 1823 110 31 måste
822 1825 143 32 särskilt
982 1826 227 31 eftersträvas
1228 1837 42 20 en
1290 1828 148 30 effektiv
1457 1830 317 42 skatteutjämning

290 1873 53 29 till
363 1873 138 31 förmån
520 1874 55 31 för
593 1876 41 30 de
652 1876 221 41 skattesvaga
891 1878 265 32 kommunerna.

335 1970 80 30 Som
438 1972 207 40 motivering
667 1973 55 31 för
743 1974 174 37 yrkandet
939 1976 11 29 i
973 1976 219 31 motionerna
1214 1978 32 30 I:
1270 1978 64 30 670
1358 1980 65 29 och
1445 1980 48 29 II:
1517 1981 64 29 802
1605 1991 56 20 om
1685 1984 87 28 orts-

288 2023 340 42 avdragshöjningar
659 2026 140 31 anföres
831 2028 89 30 bl.a.
952 2031 51 29 att
1034 2030 66 30 den
1133 2040 47 20 nu
1212 2032 146 39 möjliga
1385 2033 291 31 skattereformen
1708 2035 63 30 bör

288 2077 112 30 starta
421 2078 77 29 med
524 2078 182 35 lättnader,
729 2080 95 30 vilka
844 2082 144 30 alldeles
1011 2083 146 30 särskilt
1179 2084 167 31 omfattar
1370 2086 66 29 den
1461 2087 210 31 inkomstdel
1697 2097 73 21 som

289 2131 131 30 saknar
450 2132 149 39 egentlig
625 2132 225 32 skattekraft.
883 2134 101 31 Detta
1016 2137 147 29 resultat
1192 2137 64 30 når
1287 2147 83 21 man
1402 2139 137 31 enklast
1566 2149 122 31 genom
1721 2145 51 27 att

287 2184 86 37 höja
398 2185 40 29 de
464 2185 184 30 skattefria
673 2187 173 39 avdragen
872 2188 56 30 vid
954 2189 268 40 beskattningen
1247 2209 45 7 —
1317 2193 247 39 ortsavdragen
1591 2195 56 29 vid
1675 2195 94 30 såväl

288 2238 119 39 statlig
432 2247 73 20 som
530 2238 203 31 kommunal
759 2240 234 41 beskattning.
1020 2242 74 30 Den
1118 2243 165 31 inflation
1310 2254 75 20 som
1408 2247 58 38 ägt
1491 2256 77 21 rum
1596 2248 106 30 sedan
1728 2250 41 29 de

285 2291 204 30 nuvarande
516 2293 248 39 ortsavdragen
792 2293 215 32 fastställdes
1035 2296 126 29 liksom
1189 2297 370 42 nivåförskjutningen
1586 2301 11 29 i
1625 2302 57 30 det
1709 2303 61 29 all-

285 2344 132 30 männa
432 2344 247 42 inkomstläget
694 2348 60 38 gör
768 2347 196 38 betydande
979 2350 190 40 höjningar
1185 2351 144 40 skäliga.
1345 2352 67 31 Det
1425 2353 142 31 bortfall
1584 2364 42 20 av
1642 2355 128 30 skatte-

285 2397 195 32 inkomster
497 2408 74 21 som
589 2400 175 31 reformen
783 2402 69 30 kan
871 2403 158 31 medföra
1046 2404 62 30 bör
1125 2406 192 30 emellertid
1335 2407 111 30 under
1464 2410 203 29 nuvarande
1686 2409 84 30 kon-

284 2451 305 37 junkturutsikter
608 2455 12 29 i
643 2456 53 29 sin
718 2456 119 31 helhet
860 2457 249 37 kompenseras
1132 2468 42 21 av
1196 2460 184 31 minskade
1403 2462 153 39 utgifter.
1580 2463 51 29 Av
1655 2464 112 30 denna
