1880 2776
321 169 38 30 16
601 170 405 39 Bevillningsutskottets
1021 173 219 31 betänkande
1255 183 43 21 nr
1311 176 42 28 62
1368 175 39 30 år
1423 175 82 30 1961

315 276 129 40 dagens
460 276 126 37 början
602 278 126 30 väckta
743 279 220 30 motionerna
979 280 29 29 1:
1024 280 63 30 347
1104 281 62 29 och
1184 281 46 29 II:
1245 281 64 30 408
1325 282 106 37 yrkas
1448 282 149 42 höjning
1614 284 76 29 med
1709 293 90 20 sam-

317 338 56 21 ma
393 330 137 36 belopp,
552 331 118 29 varvid
689 331 173 37 yrkandet
883 333 90 29 dock
995 333 202 39 begränsats
1220 335 51 29 till
1295 337 50 29 att
1367 336 91 38 gälla
1481 337 123 29 endast
1626 338 66 28 den
1716 339 82 28 stat-

317 383 66 39 liga
405 383 280 40 beskattningen.
710 385 13 29 I
747 385 41 30 de
813 385 55 29 vid
893 395 137 21 samma
1055 387 165 36 tidpunkt
1245 387 196 31 framförda
1465 390 220 30 motionerna
1711 391 28 29 I:
1757 391 39 29 72

315 436 64 29 och
397 436 46 29 II:
458 436 40 30 87
517 436 106 37 yrkas
642 437 156 30 däremot
816 439 149 40 höjning
982 440 57 29 vid
1058 439 88 31 båda
1165 442 245 39 taxeringarna
1430 451 80 21 men
1530 444 76 28 med
1626 445 49 28 ett
1694 444 105 39 något

316 489 92 39 lägre
423 489 137 37 belopp,
579 490 62 30 200
660 490 50 31 kr.
729 491 56 30 för
801 492 266 31 ensamstående
1085 494 63 29 och
1166 493 64 31 400
1248 494 52 31 kr.
1319 495 55 29 för
1391 495 97 39 gifta.
1506 496 49 30 De
1572 497 132 36 yrkade
1722 497 76 37 höj-

314 541 172 40 ningarna
503 552 98 21 avses
616 543 11 29 i
644 545 159 39 samtliga
820 546 173 29 motioner
1009 546 98 30 skola
1123 547 222 40 genomföras
1363 549 70 29 lika
1450 552 134 28 oavsett
1600 552 197 38 ortsgrupp.

359 598 101 29 Vissa
477 598 387 39 utredningsyrkanden
882 599 65 29 har
965 599 105 30 också
1088 600 182 31 framförts
1287 602 11 29 i
1316 601 90 37 syfte
1425 604 51 28 att
1494 602 243 31 åstadkomma
1753 613 44 20 en

315 651 147 39 höjning
477 660 41 20 av
534 651 257 39 ortsavdragen.
809 651 153 30 Sålunda
976 653 106 36 yrkas
1097 654 10 28 i
1123 653 94 30 såväl
1233 655 220 30 motionerna
1469 656 28 29 I:
1512 655 63 30 462
1592 657 63 29 och
1672 657 45 29 II:
1734 657 62 30 543

315 713 74 20 som
413 705 221 29 motionerna
657 705 30 29 I:
703 705 63 29 669
791 705 64 29 och
880 705 45 30 II:
943 705 61 30 801
1031 715 42 21 en
1098 707 82 35 plan
1206 707 57 29 för
1287 708 293 41 skattesänkning
1605 718 123 31 genom
1754 720 42 20 en

314 758 174 29 successiv
506 757 149 40 höjning
671 767 43 20 av
732 759 250 39 ortsavdragen
1002 759 51 29 till
1073 760 18 29 2
1105 760 62 30 500
1188 760 51 30 kr.
1259 760 55 30 för
1332 762 267 30 ensamstående
1617 764 64 28 och
1701 764 18 29 5
1734 763 62 31 000

315 810 50 32 kr.
385 810 55 30 för
459 810 88 40 gifta
565 811 126 29 räknat
708 811 88 30 efter
814 813 186 38 ortsgrupp
1020 813 38 29 V.
1077 813 13 29 I
1111 813 218 31 sistnämnda
1349 815 173 30 motioner
1540 816 64 29 har
1624 817 172 36 därjämte

314 863 11 29 i
341 864 113 29 denna
471 864 54 29 del
542 864 196 30 hemställts
755 866 50 28 att
820 865 127 36 planen
965 865 107 31 måtte
1089 866 194 40 föreläggas
1301 868 235 30 innevarande
1555 869 55 30 års
1628 870 169 30 höstriks-

311 917 73 39 dag.
408 917 128 29 Vidare
558 917 105 37 yrkas
687 918 10 29 i
721 919 220 29 motionerna
965 919 109 29 I:470
1098 920 63 28 och
1186 920 45 29 II:
1248 920 62 30 547
1337 921 193 37 skyndsam
1554 923 172 40 prövning
1750 933 42 20 av

314 970 178 29 allmänna
516 970 349 40 skatteberedningen
890 981 42 20 av
957 972 124 40 frågan
1105 982 56 20 om
1187 973 249 31 återställande
1461 984 42 20 av
1528 977 266 39 ortsavdragens

314 1024 187 29 realvärde.

357 1078 177 30 Utskottet
552 1078 205 30 instämmer
778 1078 54 30 för
852 1080 53 29 sin
926 1080 55 29 del
1001 1080 11 29 i
1032 1080 225 32 önskemålen
1278 1091 55 20 om
1354 1084 52 28 att
1426 1092 42 21 en
1488 1083 149 41 höjning
1657 1087 138 27 snarast

311 1130 63 30 bör
393 1130 115 30 vidtas
529 1140 41 20 av
590 1131 95 30 såväl
705 1132 41 30 de
767 1132 138 40 statliga
927 1142 75 20 som
1023 1134 41 29 de
1083 1134 228 31 kommunala
1331 1136 259 39 ortsavdragen.
1612 1138 52 28 En
1686 1138 108 30 sådan

313 1183 128 30 reform
457 1185 38 29 är
510 1184 107 39 enligt
630 1185 188 30 utskottets
833 1187 142 39 mening
989 1196 42 20 en
1046 1196 41 20 av
1101 1188 41 29 de
1156 1190 90 27 mest
1261 1189 191 39 angelägna
1467 1189 95 30 inom
1578 1191 65 29 den
1659 1191 135 30 direkta

312 1237 288 39 beskattningens
619 1238 141 30 område
779 1239 70 30 inte
870 1239 109 30 minst
998 1241 78 28 med
1096 1240 137 38 hänsyn
1254 1242 51 29 till
1326 1244 52 28 att
1398 1243 203 30 densamma
1623 1245 38 28 är
1681 1245 112 39 ägnad

311 1292 52 29 att
384 1291 11 29 i
419 1291 144 29 särskilt
586 1291 68 39 hög
676 1292 84 38 grad
786 1292 85 30 lätta
896 1293 251 37 skattetrycket
1172 1294 55 29 för
1252 1295 41 30 de
1318 1295 135 30 mindre
1479 1296 313 41 inkomsttagarna.

311 1343 65 29 Om
392 1344 343 39 budgetsituationen
752 1345 201 39 därigenom
970 1346 111 30 skulle
1097 1347 46 29 bli
1160 1347 348 31 otillfredsställande
1525 1349 110 31 måste
1651 1351 143 39 givetvis

313 1396 298 37 kompenserande
634 1397 160 40 åtgärder
816 1399 10 29 i
851 1399 282 38 skattesystemet
1155 1401 169 39 vidtagas.
1346 1402 118 39 Enligt
1487 1403 177 39 uppgifter
1688 1405 10 29 i
1723 1414 71 20 mo-

312 1450 158 30 tionerna
496 1450 133 40 uppgår
654 1451 295 31 skattebortfallet
974 1453 56 29 vid
1056 1463 42 20 en
1123 1454 224 40 uppräkning
1373 1464 41 20 av
1440 1457 248 39 ortsavdragen
1715 1459 77 28 med

310 1503 63 29 500
391 1503 130 30 kronor
539 1503 55 30 för
611 1504 86 39 gifta
714 1505 64 29 och
796 1505 62 30 230
877 1505 130 30 kronor
1025 1506 54 30 för
1096 1506 109 40 ogifta
1222 1507 52 30 till
1295 1508 170 30 160—165
1484 1509 87 36 milj.
1592 1510 130 30 kronor
1739 1511 55 30 för

306 1557 113 28 staten
435 1557 66 29 och
516 1566 40 20 ca
573 1557 59 30 180
648 1558 87 36 milj.
754 1558 128 30 kronor
898 1559 56 29 för
970 1559 254 31 kommunerna
1240 1560 57 30 vid
1314 1561 214 31 oförändrad
1546 1564 242 40 utdebitering.

311 1609 51 29 En
378 1609 130 30 reform
527 1619 41 20 av
584 1610 93 31 detta
693 1611 74 40 slag
783 1612 39 29 är
836 1611 134 32 således
986 1613 138 37 mycket
1141 1613 349 32 kostnadskrävande
1508 1616 64 29 och
1588 1617 111 30 måste
1717 1618 76 29 där-

306 1662 54 29 för
376 1663 222 36 genomföras
615 1663 111 30 under
742 1664 193 31 beaktande
952 1675 43 20 av
1011 1666 363 37 budgetperspektivet
1390 1668 43 36 på
1451 1668 81 37 lång
1550 1670 79 29 sikt.

350 1720 72 29 Vad
445 1720 172 30 beträffar
640 1722 66 29 den
729 1722 207 39 ifrågasatta
959 1724 436 40 ortsavdragshöjningens
1419 1726 170 29 inverkan
1614 1725 55 30 för
1693 1726 95 29 kom-

309 1782 172 21 munerna
503 1783 101 28 synes
627 1784 42 20 en
691 1775 195 37 betydande
908 1776 140 40 enighet
1069 1786 146 21 numera
1237 1778 85 30 råda
1345 1779 121 29 därom
1490 1780 52 29 att
1562 1779 115 39 någon
1701 1779 90 29 form

308 1835 42 20 av
369 1826 267 37 kompensation
653 1828 63 29 bör
736 1828 91 40 utgå.
846 1829 13 29 I
879 1830 41 29 de
939 1830 10 29 i
970 1830 187 40 anledning
1176 1840 41 20 av
1238 1831 553 40 kompletteringspropositionen

308 1879 123 30 väckta
447 1880 230 35 motionerna,
693 1883 74 28 vari
784 1883 112 28 denna
913 1882 99 40 fråga
1028 1884 102 39 tagits
1147 1893 81 27 upp,
1245 1885 64 29 har
1326 1885 358 36 uppmärksamheten
1701 1886 44 29 bl.
1761 1895 29 20 a.

308 1932 124 30 riktats
452 1933 44 36 på
515 1934 227 39 möjligheten
762 1937 51 29 att
831 1935 126 31 bereda
976 1938 173 35 utrymme
1170 1937 55 31 för
1245 1938 400 39 ortsavdragsreformen
1667 1946 122 31 genom

307 1987 52 28 att
379 1986 188 37 överflytta
588 1987 44 36 på
653 1989 113 28 staten
788 1989 92 29 vissa
900 1989 155 39 utgifter,
1079 1999 72 21 som
1174 1999 47 20 nu
1245 1991 151 29 belastar
1421 1992 266 34 kommunerna,
1710 2001 80 20 men

306 2039 93 29 vilka
417 2039 74 30 helt
507 2039 102 30 beror
627 2049 42 20 av
688 2042 138 39 statliga
845 2042 124 36 beslut,
990 2044 23 28 t.
1025 2052 51 22 ex.
1095 2043 93 30 vissa
1208 2044 190 29 kostnader
1416 2045 96 29 inom
1533 2044 257 37 folkpensione-

307 2092 130 39 ringen.
458 2093 77 29 Med
556 2092 60 31 sitt
635 2095 334 39 ställningstagande
990 2096 52 29 till
1060 2096 205 38 yrkandena
1285 2098 10 29 i
1315 2098 100 29 dessa
1435 2098 172 29 motioner
1626 2108 55 20 om
1703 2100 86 28 orts-

307 2147 298 40 avdragshöjning
629 2148 129 29 saknar
784 2148 171 31 utskottet
979 2149 187 40 anledning
1192 2152 51 29 att
1267 2160 48 19 nu
1342 2152 34 28 ta
1403 2151 167 40 ställning
1597 2152 51 29 till
1675 2153 113 29 denna

306 2200 108 39 fråga.
434 2200 177 31 Utskottet
628 2201 60 29 vill
707 2201 191 30 emellertid
917 2202 189 30 framhålla
1125 2204 50 28 att
1191 2213 43 20 en
1254 2204 374 40 ortsavdragshöjning
1645 2205 57 29 vid
1723 2206 65 29 den

306 2253 227 30 kommunala
551 2253 267 41 beskattningen
837 2255 70 29 inte
925 2265 104 27 synes
1047 2256 245 39 genomförbar
1310 2259 84 27 utan
1413 2259 51 28 att
1483 2257 305 31 konsekvenserna

305 2306 55 29 för
384 2306 256 31 kommunerna
664 2308 343 35 uppmärksammas,
1033 2309 119 30 därvid
1178 2310 42 29 de
1243 2310 11 29 i
1280 2310 94 30 olika
1396 2311 259 39 sammanhang
1681 2311 106 30 fram-

305 2359 101 30 förda
426 2359 177 40 förslagen
624 2360 51 29 till
696 2360 267 37 kompensation
984 2362 62 30 bör
1066 2363 135 35 prövas,
1231 2363 5 29 I
1259 2363 168 30 samband
1450 2364 145 29 härmed
1616 2364 65 30 bör
1701 2366 86 28 även

303 2429 44 4 —
369 2412 115 30 såsom
508 2412 213 31 framhållits
748 2414 5 29 i
776 2414 219 31 motionerna
1019 2415 107 30 1:669
1149 2416 65 29 och
1237 2416 45 29 II:
1299 2416 60 30 801
1384 2434 44 4 —
1451 2417 66 29 den
1542 2417 93 30 olika
1659 2417 128 30 skatte-

303 2465 139 30 kraften
464 2466 255 30 kommunerna
740 2467 146 29 emellan
906 2468 155 30 beaktas.
1082 2469 76 29 Med
1178 2469 58 30 det
1255 2469 148 30 anförda
1423 2479 103 20 anser
1546 2471 51 38 sig
1616 2471 171 30 utskottet
