1878 2794
488 128 117 31 Första
629 127 215 41 lagutskottets
867 127 164 32 memorial
1055 127 53 31 Nr
1132 128 55 31 21.
1568 125 15 32 1

762 384 52 41 Nr
851 385 65 39 21.

604 514 112 24 Ankom
735 515 44 24 till
800 514 163 31 riksdagens
984 514 92 24 kansli
1096 514 54 24 den
1171 514 32 25 10
1224 520 76 18 mars
1321 515 68 23 1936
1411 514 38 24 kl.
1470 515 15 23 3
1504 521 24 17 e.
1548 521 37 17 m.

359 621 192 36 Memorial
577 622 179 44 angående
785 622 128 34 arvode
942 622 36 34 åt
1004 622 78 43 den,
1112 632 72 24 som
1212 622 95 34 inom
1330 620 120 44 första
1478 620 109 45 lagut-

412 676 121 35 skottet
561 675 119 36 biträtt
706 676 63 34 vid
796 675 252 45 behandlingen
1076 686 44 24 av
1147 674 132 45 Kungl.
1311 675 129 43 Maj:ts
1462 685 124 35 propo-

413 730 105 35 sition
545 730 78 34 med
645 728 140 46 förslag
814 729 53 36 till
893 729 56 45 lag
977 740 53 24 om
1058 728 201 36 skuldebrev
1287 741 44 23 m.
1363 740 42 24 m.

138 853 66 32 För
232 852 253 42 behandlingen
508 863 42 22 av
574 852 127 42 Kungl.
728 852 112 43 Maj:ts
864 852 208 43 proposition
1095 863 41 20 nr
1160 853 19 31 2
1204 852 78 32 med
1306 851 128 42 förslag
1456 851 52 33 till
1531 851 57 42 lag

93 918 57 22 om
175 906 202 33 skuldebrev
401 917 44 22 m.
471 917 45 22 m.
541 912 160 27 ävensom
726 917 43 21 en
792 906 6 32 i
819 906 196 42 anslutning
1031 906 51 32 till
1097 905 150 33 nämnda
1263 905 208 43 proposition
1487 905 101 33 väckt

95 961 128 32 motion
257 961 63 31 har
355 960 159 32 utskottet
548 960 116 32 funnit
698 960 154 42 lämpligt
886 959 148 33 anmoda
1069 959 141 32 särskild
1239 970 122 31 person
1385 963 48 28 att
1456 959 131 32 biträda

95 1015 79 32 med
197 1014 285 42 föredragningen
505 1025 43 21 av
571 1013 259 43 ifrågavarande
854 1013 184 42 lagförslag
1060 1017 162 28 ävensom
1238 1016 48 29 att
1301 1013 94 32 inom
1410 1013 177 32 utskottets

94 1068 109 33 kansli
235 1069 113 31 utföra
381 1067 56 33 det
469 1067 78 33 med
578 1068 176 41 förslagets
787 1067 209 42 behandling
1018 1066 162 33 förenade
1204 1067 136 39 arbetet,
1367 1067 63 32 och
1454 1067 62 31 har
1539 1070 48 29 ut-

95 1123 121 32 skottet
238 1123 55 31 för
316 1121 120 33 sådant
459 1121 158 33 ändamål
640 1121 155 32 tillkallat
818 1121 193 42 professorn
1035 1120 137 42 Ragnar
1195 1120 188 42 Bergendal
1407 1120 10 32 i
1442 1120 110 33 Lund.

140 1176 111 32 Sedan
279 1176 194 42 professorn
500 1175 189 42 Bergendal
716 1174 156 42 fullgjort
899 1174 57 33 det
978 1174 128 32 honom
1129 1173 157 33 lämnade
1310 1173 198 43 uppdraget,
1534 1175 53 31 får

94 1230 160 32 utskottet
276 1229 153 39 härmed,
455 1230 85 31 efter
562 1228 221 33 inhämtande
807 1239 44 22 av
866 1227 333 43 kanslideputerades
1215 1227 165 42 yttrande,
1398 1227 187 40 hemställa,

459 1314 49 28 att
539 1312 34 30 åt
605 1310 193 42 professorn
831 1308 188 42 Bergendal
1052 1310 102 30 måtte
1178 1308 152 42 beviljas,
1356 1312 94 28 utom
1475 1312 111 28 ersätt-

416 1364 82 41 ning
536 1364 55 31 för
627 1363 168 32 förlorade
829 1363 252 32 löneförmåner
1118 1366 87 28 samt
1238 1361 253 33 resekostnader
1523 1362 63 32 och

414 1417 212 42 merutgifter
650 1418 53 30 för
727 1416 161 42 uppehåll
912 1416 10 31 i
948 1415 195 33 Stockholm
1168 1415 77 33 med
1274 1416 95 38 1,500
1391 1415 132 40 kronor,
1542 1419 46 29 ett

416 1471 123 32 arvode
564 1482 42 21 av
633 1471 96 38 1,200
753 1470 133 32 kronor.

140 1553 196 32 Stockholm
361 1552 66 32 den
455 1553 38 31 10
519 1562 88 21 mars
634 1552 93 31 1936.

542 1650 46 31 På
615 1650 103 31 första
743 1649 231 42 lagutskottets
999 1653 140 36 vägnar:

688 1739 38 32 A.
753 1729 239 42 ÅKERMAN.

132 1972 55 25 Vid
207 1972 78 25 detta
305 1971 122 26 ärendes
447 1970 173 32 behandling
640 1971 37 24 ha
697 1970 139 26 närvarit:

133 2026 61 25 från
224 2026 111 24 första
365 2025 178 25 kammaren:
571 2024 100 25 herrar
696 2018 149 36 Åkerman,
872 2017 141 31 Anderson
1039 2023 8 25 i
1074 2023 169 33 Hägelåkra,
1270 2022 119 27 Svenson
1419 2023 8 25 i
1455 2024 132 32 Eskhult,

96 2070 123 32 Norling,
240 2069 138 32 Branting
397 2070 53 25 och
474 2068 167 29 Ekströmer;

134 2142 61 25 från
216 2142 107 25 andra
343 2142 179 24 kammaren:
544 2141 66 24 herr
630 2139 130 25 Hedlund
781 2140 5 24 i
808 2134 169 36 Östersund,
998 2140 44 24 fru
1066 2135 125 35 Östlwnd,
1206 2140 99 25 herrar
1320 2140 89 25 Olsson
1423 2139 7 25 i
1445 2140 143 25 Rimforsa

96 2187 52 24 och
172 2186 94 25 Olsson
286 2186 7 24 i
314 2185 146 30 Mellerud,
482 2185 99 25 fröken
609 2184 97 26 Wellin
726 2188 75 22 samt
821 2185 99 25 herrar
940 2183 135 27 Johnsson
1095 2184 6 25 i
1124 2185 123 31 Kalmar,
1272 2184 115 26 Larsson
1405 2185 53 25 och
1474 2184 113 26 Gardell

97 2231 5 24 i
126 2232 123 23 Stenstu.

135 2531 106 31 Bihang
262 2530 43 26 till
323 2530 157 31 riksdagens
497 2530 133 32 protokoll
652 2532 74 24 1936.
766 2532 16 23 9
801 2529 77 26 saml.
922 2531 10 24 1
953 2529 58 26 avd.
1052 2529 41 26 Nr
1114 2530 42 25 21.
1539 2530 9 24 1
