2113 2649
303 230 47 37 50
495 227 114 34 Andra
632 226 214 34 Kammarens
876 222 175 44 Tillfälliga
1080 221 135 35 Utskotts
1237 221 76 42 (N:o
1336 224 33 38 4)
1403 217 167 36 Utlåtande
1592 216 64 34 N:o
1678 219 51 32 33.

438 317 53 31 att
525 311 240 36 användandet
800 311 38 33 af
869 310 73 33 torf
978 308 108 34 såsom
1121 307 138 34 bränsle
1295 305 45 45 på
1376 307 132 32 statens
1532 304 53 33 för
1606 302 133 34 handen
1762 300 149 35 varande

302 366 191 35 lokomotiv
517 365 112 34 skulle
652 363 154 35 medföra
828 364 94 32 stora
946 360 220 44 olägenheter
1190 359 60 34 och
1277 357 196 40 kostnader,

438 421 54 31 att
526 417 39 33 de
594 417 55 33 för
682 413 294 45 undanrödjandet
999 412 38 34 af
1057 411 98 34 dessa
1178 410 220 44 olägenhever
1421 407 227 43 erforderliga
1671 404 241 35 omkostnader

303 471 28 44 ej
367 469 199 34 återvinnas
590 480 118 32 genom
732 466 184 45 besparing
938 465 12 32 i
972 462 234 35 driftkostnad
1228 465 83 31 utan
1337 463 97 31 tvärt
1457 472 52 21 om
1533 459 39 33 de
1596 458 112 43 årliga
1732 457 180 33 driftkost-

303 521 150 34 naderna
480 520 107 34 måste
610 520 169 33 förstoras
808 518 55 33 vid
886 516 142 43 eldning
1050 515 74 33 med
1146 514 73 34 torf
1239 514 11 32 i
1274 513 121 34 stället
1418 512 54 33 för
1495 511 74 34 med
1593 509 146 39 stenkol,

436 575 88 31 samt
555 573 54 32 att
645 571 57 33 det
736 569 153 34 hvarken
925 570 38 31 är
998 566 211 43 nödvändigt
1246 565 86 34 eller
1367 576 58 22 ens
1463 562 162 45 lämpligt
1653 564 53 30 att
1728 560 78 44 höja
1829 559 83 34 torf-

302 624 193 34 industrien
519 635 119 32 genom
661 622 88 39 torfs
772 619 225 36 användande
1017 619 73 44 just
1112 617 44 45 på
1180 616 187 34 lokomotiv
1391 615 60 34 och
1476 614 178 43 slutligen,

437 678 53 30 att
512 676 11 31 i
547 674 164 42 krigsfall
733 673 73 32 torf
826 671 188 42 ingalunda
1038 673 38 30 är
1100 669 56 33 det
1180 668 85 34 enda
1287 668 86 33 eller
1395 667 54 33 för
1470 667 204 42 jernvägens
1693 663 104 33 behof
1810 663 102 42 lämp-

304 726 125 44 ligaste
451 724 178 34 inhemska
650 723 149 40 bränsle,

436 776 55 34 får
526 776 172 44 styrelsen
733 773 246 43 underdånigst
1008 771 192 40 hemställa,
1236 772 53 31 att
1322 768 109 34 Eders
1455 767 125 43 Kongl.
1606 765 101 44 Maj:t
1730 765 144 39 täcktes,
1900 763 11 33 i

304 829 157 33 afseende
498 828 44 44 på
576 827 90 34 det
657 817 23 59 i
695 825 237 39 merbemälda,
968 824 124 32 härhos
1128 821 204 43 återgående
1360 818 233 43 underdåniga
1615 817 174 34 memorial
1812 816 99 32 fram-

303 880 114 33 stälda
440 880 142 42 förslag,
608 878 73 33 låta
704 877 57 34 vid
784 877 63 33 den
870 876 12 32 i
905 874 123 44 frågan
1050 887 46 20 nu
1120 872 152 35 lemnade
1296 871 186 43 utredning
1505 871 89 32 bero.

624 980 77 34 Med
725 979 156 45 djupaste
905 977 163 41 vördnad,
1092 976 115 34 trohet
1230 975 60 34 och
1314 975 51 32 nit
1388 972 206 39 framhärda,

737 1047 278 43 Stormägtigste,
1041 1044 257 43 Allernådigste
1321 1043 161 42 Konung,

907 1115 109 33 Eders
1043 1113 126 44 Kongl.
1196 1112 117 45 Maj:ts

1202 1264 277 44 underdånigste,
1503 1262 238 45 tropligtigste

1265 1317 132 43 tjenare
1421 1316 60 33 och
1505 1313 202 34 undersåter

943 1503 48 41 C.
1021 1503 53 41 O.
1100 1502 208 41 Troilius.

1509 1605 136 32 Fredrik
1668 1604 159 40 Almgren.

443 1713 195 35 Stockholm
663 1712 63 34 den
754 1713 36 32 15
813 1712 142 33 oktober
980 1711 89 33 1877.
