2117 2649
302 218 47 35 60
492 216 113 32 Andra
628 215 207 32 Kammarens
860 212 170 41 Tillfälliga
1062 209 131 35 Utskotis
1219 208 76 41 (N:o
1317 207 34 43 4)
1384 208 163 33 Utlåtande
1569 206 64 32 N:o
1659 209 49 29 33.

301 301 42 34 då
364 304 61 40 tog
448 298 118 35 afsked
590 297 76 35 från
690 298 110 33 denna
828 295 201 44 statstjenst
1050 293 44 46 på
1115 292 112 44 grund
1250 292 38 33 af
1309 290 182 45 försvagad
1511 291 105 33 helsa.
1663 290 121 33 Denna
1799 290 106 33 tabell

301 356 169 42 upptager
504 350 101 34 bland
641 352 106 31 annat
779 347 242 46 jernbanfrakt
1054 345 77 34 från
1155 343 174 45 Hejmdals
1359 343 55 33 till
1441 342 222 44 Trondhjems
1688 342 141 39 station,
1855 343 49 38 0,8

302 404 126 34 norska
450 404 70 39 mil,
543 403 54 32 för
611 406 99 28 tusen
731 401 144 43 stycken
892 399 140 44 pressad
1049 399 72 32 torf
1134 397 57 32 till
1210 398 37 30 13
1264 396 127 32 norska
1411 395 153 43 skilling.
1601 394 53 33 Då
1669 393 134 34 hundra
1819 395 87 42 styc-

303 457 67 32 ken
393 456 73 32 torf
486 455 127 32 räknas
638 453 71 33 lika
731 452 73 33 med
829 453 13 30 1
874 453 147 36 centner,
1048 449 37 33 så
1109 447 112 34 skulle
1244 446 145 34 sålunda
1405 447 137 33 frakten
1560 446 125 33 mellan
1703 444 203 44 Trondhjem

302 508 61 34 och
385 506 167 45 Hejmdal,
570 506 85 32 eller
666 506 48 38 0,s
731 504 126 33 norska
873 502 68 40 mil,
960 501 44 45 på
1021 513 81 32 egen
1117 500 146 44 jernväg
1282 499 60 33 och
1362 499 36 32 af
1416 510 82 32 egen
1518 498 73 33 torf
1605 497 99 33 kosta
1721 498 45 38 1,3
1783 496 127 34 norska

304 559 184 43 skillingar
516 559 53 31 för
593 556 119 44 hvarje
735 555 105 33 norsk
863 557 149 35 centner,
1042 552 84 33 eller
1148 553 48 37 4,3
1221 555 56 28 öre
1300 551 54 32 för
1379 563 38 20 en
1442 549 125 34 svensk
1591 549 59 32 mil
1673 548 61 33 och
1758 551 147 30 centner.

305 610 125 34 Härnti
454 616 37 26 är
514 607 321 44 lastningsafgiften
859 605 56 33 vid
938 604 174 45 Hejmdals
1126 601 296 46 jernvägsstation
1436 601 74 33 icke
1529 599 221 40 inberäknad,
1771 603 82 29 utan
1872 601 39 31 är

305 663 110 31 denna
437 661 108 41 utgift
568 660 171 32 dessutom
763 657 169 34 särskildt
947 660 173 40 upptagen
1141 655 10 32 i
1167 654 158 33 tabellen.
1364 654 68 32 Det
1448 653 66 32 kan
1531 652 87 33 visst
1634 663 105 32 synas
1759 650 82 45 dyrt
1858 654 53 30 att

306 713 52 32 för
374 714 77 40 eget
468 709 292 39 bränn-material,
782 706 279 45 transporteradt
1078 705 44 44 på
1138 716 81 31 egen
1232 704 156 43 jernväg,
1406 707 152 39 upptaga
1575 702 37 32 så
1624 702 80 42 högt
1722 704 190 41 transport-

306 763 81 45 pris,
426 774 68 22 som
531 773 76 21 man
641 762 115 32 ansett
790 759 133 42 skäligt
955 758 152 33 beräkna
1140 756 10 32 i
1181 756 125 41 Norge,
1331 767 73 21 men
1429 753 230 44 vägsträckan
1688 754 38 31 är
1751 753 88 32 blott
1862 753 49 38 0,s

306 815 60 32 mil
400 814 59 33 och
496 825 118 31 genom
642 815 53 29 att
719 815 152 40 upptaga
893 807 368 45 transportkostnaden
1285 806 57 32 till
1365 806 75 32 dess
1464 804 158 42 verkliga
1645 803 106 34 värde
1774 806 39 31 är
1836 816 75 20 man

306 865 206 34 åtminstone
546 864 100 33 säker
679 866 53 30 att
764 862 75 33 icke
863 859 158 35 missleda
1044 859 53 43 sig
1126 858 81 44 sjelf
1227 869 118 32 genom
1369 856 65 34 allt
1457 857 53 32 för
1533 855 233 43 fördelaktiga
1791 854 117 33 beräk-

307 917 132 44 ningar.
485 915 114 34 Priset
632 921 38 27 är
699 915 101 32 äfven
823 913 146 43 ungefär
992 911 57 33 det
1072 921 126 23 samma
1221 921 69 21 som
1313 908 134 34 betalas
1470 909 37 31 af
1527 907 107 34 Jerna
1657 907 189 42 torfbolag,
1872 904 42 34 då

309 969 57 32 det
389 967 122 34 sänder
535 968 48 31 hel
604 966 181 43 vagnslast
808 965 72 32 torf
901 964 57 32 till
982 961 206 34 Stockholm.

443 1019 69 42 Jag
534 1017 107 39 torde,
668 1029 117 31 genom
810 1015 89 34 hvad
919 1015 59 43 jag
1001 1014 62 32 här
1084 1013 11 32 i
1118 1011 274 43 underdånighet
1414 1011 126 38 anfört,
1565 1009 103 33 hafva
1691 1009 130 33 lemnat
1844 1008 69 33 till-

310 1070 154 43 räckliga
499 1069 75 33 skäl
609 1069 53 32 för
697 1066 253 35 bibehållandet
983 1066 37 32 af
1046 1064 109 45 priset
1185 1065 82 38 0,sso
1292 1064 54 32 för
1369 1062 117 42 hvarje
1509 1061 209 33 centnermil.
1765 1059 150 34 Sålunda

311 1122 114 33 skulle
448 1120 116 44 hvarje
586 1122 138 31 centner
746 1118 146 39 stenkol,
912 1129 70 22 som
1001 1115 200 35 förbrukats
1220 1114 57 33 vid
1297 1116 132 31 statens
1445 1113 197 43 jernvägar,
1660 1114 255 41 transporteras

312 1175 35 29 11
373 1172 56 32 mil
454 1173 55 32 för
532 1184 39 20 en
594 1169 327 44 transportkostnad
945 1170 37 30 af
1001 1169 66 38 9,18
1090 1171 67 28 öre.

447 1222 110 34 Sedan
578 1222 59 44 jag
661 1220 155 40 sålunda,
841 1219 73 34 med
937 1218 138 43 ledning
1094 1217 37 34 af
1148 1215 297 44 trafikstyrelsens
1465 1214 56 33 till
1542 1213 108 34 Eders
1669 1213 127 44 Kongl.
1817 1212 100 44 Maj:t

312 1274 153 34 lemnade
488 1274 186 44 uppgifter,
699 1272 136 44 lyckats
859 1273 94 31 rätta
976 1269 40 34 de
1039 1267 272 47 approximativa
1335 1265 232 43 beräkningar
1586 1265 61 44 jag
1670 1265 11 31 i
1701 1265 79 32 mitt
1798 1263 117 33 under-

313 1325 124 43 dåniga
464 1324 172 33 memorial
660 1323 37 33 af
717 1323 64 32 den
805 1324 38 30 21
869 1322 179 33 november
1073 1321 80 32 1876
1177 1319 78 32 sökt
1276 1318 127 39 utföra,
1429 1317 114 32 skulle
1567 1315 144 34 sålunda
1727 1314 189 34 kostnaden

313 1379 52 31 för
389 1376 116 43 hvarje
529 1374 189 35 förbrukad
743 1377 138 30 centner
905 1372 133 34 stenkol
1063 1371 56 33 vid
1143 1374 131 29 statens
1295 1369 188 43 jernvägar
1507 1370 140 40 utgöra:

514 1441 204 45 Inköpspris
741 1441 10 32 i
776 1440 732 37 1NEAClCOlj,;.=:::ssmsmmsmmosvveassssssssuvsvere
1535 1437 38 31 79.
1648 1439 67 29 öre.

515 1493 190 43 Lossnings
741 1504 41 21 m.
805 1493 32 31 fl.
864 1490 185 34 kostnader
1075 1518 433 9 .......ee.-eesemmmssmmsn
1553 1488 49 38 De
1674 1500 13 17 >»

517 1542 990 46 Transportkostnaden,.,...........smmsmesusummäävsvvävnvaas
1553 1539 65 38 his
1673 1551 14 16 >»

1376 1599 135 33 Summa
1533 1598 86 39 92,58
1650 1601 65 30 öre.

449 1682 70 31 För
541 1681 68 32 hela
632 1680 316 41 årsförbrukningen,
974 1681 116 39 60,000
1113 1681 67 29 tons
1203 1678 71 32 eller
1298 1679 172 38 1,440,000
1489 1678 132 35 centner,
1638 1674 97 32 skulle
1751 1674 169 32 kostnaden

316 1734 136 32 sålunda
474 1731 96 42 blifva
592 1734 181 39 1,333,252
796 1732 113 31 kronor
931 1731 13 31 i
964 1730 100 31 stället
1080 1729 61 41 för
1163 1729 40 41 af
1220 1730 62 39 mig
1298 1728 96 40 förut
1417 1727 172 32 beräknade
1610 1728 171 38 1,415,952
1795 1725 121 31 kronor.

450 1783 69 42 Jag
552 1783 149 32 kommer
734 1794 45 20 nu
802 1781 57 33 till
890 1793 39 20 en
955 1781 36 32 af
1012 1780 40 33 de
1075 1779 190 43 vigtigaste
1287 1777 172 43 frågorna,
1487 1777 85 33 eller
1596 1775 268 34 bestämmandet
1886 1775 37 32 af

318 1835 63 32 den
417 1833 173 45 qvantitet
619 1833 190 39 bränntorf,
836 1844 69 21 som
929 1834 191 30 motsvarar
1145 1831 60 32 100
1228 1829 109 43 skålp.
1364 1828 132 33 stenkol
1522 1827 52 33 uti
1596 1826 216 34 brännvärde
1836 1826 10 32 i
1871 1828 50 31 ett

318 1885 197 34 lokomotiv.
562 1885 18 31 I
613 1884 79 33 mitt
726 1882 187 44 åberopade
949 1881 236 42 underdåniga
1218 1880 173 33 memorial
1427 1879 62 33 har
1515 1879 59 43 jag
1602 1877 44 45 på
1674 1878 141 42 angifna
1845 1877 76 32 skäl

318 1936 168 33 beräknat
513 1935 109 32 denna
643 1935 247 43 torfqvantitet
912 1934 56 31 till
998 1934 60 32 170
1080 1931 181 44 skålpund.
1309 1929 291 44 ”Trafikstyrelsen
1625 1931 111 40 säger,
1757 1931 53 30 att
1827 1927 95 33 detta

320 1991 38 30 är
382 1987 144 42 origtigt
549 1986 60 33 och
633 1988 53 30 att
712 1985 74 33 icke
801 1985 148 32 allenast
965 1985 62 31 200
1046 1982 170 44 skålpund
1236 1983 107 31 måste
1363 1981 180 39 beräknas,
1563 1983 83 30 utan
1668 1979 129 33 ändock
1816 1977 106 44 något

321 2038 207 37 derutöfver,
565 2036 38 34 så
636 2040 53 29 att
723 2036 62 32 den
816 2036 54 33 för
894 2036 51 32 sin
970 2035 54 32 del
1053 2037 115 30 ansett
1190 2033 121 43 nödigt
1334 2035 54 30 att
1409 2033 11 32 i
1445 2032 74 33 sina
1542 2030 229 43 beräkningar
1795 2032 128 40 antaga

319 2093 19 29 3
367 2089 170 32 millioner
565 2091 139 30 centner
733 2087 184 33 bränntorf
939 2089 171 30 motsvara
1135 2086 169 39 1,440,009
1327 2088 138 29 centner
1488 2082 144 39 stenkol,
1659 2081 107 33 under
1790 2080 57 33 det
1869 2083 55 30 att

319 2141 59 43 jag
401 2140 170 33 beräknat
593 2137 417 45 bränntorfsqvantiteten
1034 2137 57 32 till
1115 2136 119 33 endast
1258 2136 170 38 2,448,000
1451 2140 148 27 centner.

457 2189 294 44 Trafikstyrelsen
776 2189 100 33 anför
899 2188 108 33 såsom
1033 2187 75 34 stöd
1136 2188 54 32 för
1213 2187 51 33 sin
1288 2186 100 43 åsigt,
1415 2188 53 30 att
1491 2184 63 33 den
1577 2183 172 45 bayerska
1773 2182 149 43 general-

322 2241 216 33 direktionen
562 2241 54 33 för
639 2240 377 33 kommunikationerna
1039 2239 10 32 i
1070 2239 50 32 sin
1142 2238 103 32 redan
1265 2238 95 32 förut
1379 2236 189 43 åberopade
1587 2237 142 41 rapport
1742 2234 37 33 af
1792 2233 38 33 år
1844 2234 79 31 1368

328 2293 132 33 »direkt
491 2292 142 42 uttalat,
665 2296 53 28 att
746 2292 156 33 torfvens
932 2288 399 46 ångbildningsförmåga
1359 2287 174 35 befunnits
1563 2297 84 25 vara
1673 2285 57 36 till
1754 2285 171 35 ruhrsten-
