2210 2628
470 141 39 31 14
923 144 248 33 Statsutskottets
1199 146 168 32 Utlåtande
1390 147 62 32 N:o
1476 149 53 31 20.

428 230 122 34 kunna
590 234 137 33 åsättas
767 237 51 30 ett
858 234 193 35 saluvärde
1091 234 41 35 af
1170 237 108 41 9,000
1319 237 145 42 kronor,
1504 250 81 22 men
1614 238 165 35 deremot
1807 239 139 44 funnit,
1976 246 54 30 att

427 281 230 46 lägenheten,
699 282 59 35 för
797 283 69 36 den
908 284 170 36 händelse
1119 285 212 37 densamma
1370 288 118 34 skulle
1530 289 257 36 utarrenderas
1818 291 68 34 och
1915 291 117 36 under

427 330 271 50 förutsättning
737 339 52 29 att
828 334 187 36 blifvande
1054 336 242 36 arrendatorn
1322 338 98 47 finge
1448 339 58 34 till
1532 339 158 48 gårdens
1717 339 226 50 förbättring
1970 355 61 22 an-

430 381 118 35 vända
575 382 189 45 husrötan,
793 385 77 35 icke
898 385 123 36 kunde
1049 389 136 33 åsättas
1213 387 111 48 högre
1352 389 266 35 arrendevärde
1647 397 45 27 än
1721 392 71 34 450
1820 392 137 35 kronor
1975 391 57 37 för

427 444 45 23 en
513 433 211 36 arrendetid
764 434 40 36 af
829 437 45 34 20
902 449 56 30 år;
1000 437 66 35 och
1099 442 54 30 att
1182 437 401 48 förrättningsmännen
1613 440 182 45 hemstält,
1825 447 54 30 att
1907 443 124 48 lägen-

428 482 107 36 heten
561 486 114 33 måtte
704 484 182 49 försäljas;
915 493 96 29 samt

560 539 54 30 att
645 534 131 50 Kongl.
805 536 124 48 Maj:ts
956 537 404 49 befallningshafvande
1387 541 12 34 i
1426 541 99 35 länet
1553 541 142 36 biträdt
1724 544 306 48 uppskattnings-

428 591 175 29 männens
632 586 155 36 sålunda
813 588 131 47 gjorda
971 588 229 36 hemställan.

559 635 71 36 För
672 648 90 35 egen
800 638 57 35 del
897 639 93 35 hade
1030 639 314 50 domänstyrelsen
1382 661 47 3 —
1460 642 117 36 under
1604 644 158 43 erinran,
1791 650 56 29 att
1874 645 157 36 berörda

426 686 179 46 lägenhet,
652 688 117 48 enligt
812 689 95 35 hvad
948 689 40 36 af
1021 691 550 48 uppskattningsinstrumentet
1610 693 215 49 framginge,
1868 694 162 38 befunue

426 736 56 48 sig
512 737 12 34 i
557 739 235 48 synnerligen
820 739 101 47 dålig
948 740 86 36 haäfd
1062 741 66 35 och
1157 743 172 35 särskildt
1356 743 95 35 hvad
1479 744 285 48 åbyggnaderna
1790 745 201 37 beträffade
2018 747 12 35 i

425 787 126 35 sådant
591 788 113 44 skick,
733 795 64 39 att,
826 790 107 36 äfven
962 804 59 22 om
1049 792 105 35 dessa
1181 806 132 34 genom
1341 795 251 45 reparationer
1619 794 123 36 blefve
1768 795 84 36 från
1880 796 149 37 frihets-

425 841 103 32 ärens
567 840 76 34 slut
684 840 56 35 för
779 854 43 22 en
859 841 55 35 tid
942 842 246 44 användbara,
1219 845 218 35 statsverket
1463 845 113 35 likväl
1604 845 116 36 skulle
1747 847 139 46 nödgas
1914 847 117 36 under

425 901 46 22 en
497 889 220 36 kommande
744 891 280 48 arrendeperiod
1051 893 154 36 bekosta
1233 895 278 48 nybyggnader,
1540 908 79 23 som
1643 897 78 35 icke
1742 897 102 35 stode
1864 898 11 34 i
1895 898 135 48 skäligt

425 938 228 37 förhållande
680 942 57 34 till
767 942 67 36 den
863 943 328 44 arrendeinkomst,
1222 958 75 22 som
1325 945 56 36 för
1408 947 217 45 lägenheten
1653 947 12 34 i
1693 947 171 36 händelse
1892 948 40 36 af
1948 949 82 36 dess

427 990 282 49 utarrendering
737 993 121 35 kunde
886 994 178 47 påräknas
1090 1013 49 4 —
1167 994 150 37 förmält
1344 997 56 46 sig
1427 997 12 33 i
1466 996 114 36 likhet
1608 997 83 35 med
1721 997 44 36 de
1783 999 121 35 lokala
1924 1012 106 36 myn-

424 1040 216 46 digheterna
679 1056 84 22 anse
805 1043 81 35 med
927 1045 236 36 statsverkets
1204 1045 115 36 fördel
1360 1052 93 30 mest
1491 1046 186 48 förenligt,
1719 1053 54 30 att
1811 1050 219 46 lägenheten

424 1090 186 45 försåldes,
653 1093 127 35 dervid
820 1094 44 34 de
904 1100 64 29 två
1007 1096 215 46 lägenheten
1255 1097 252 46 angränsande
1536 1098 67 35 och
1632 1097 82 36 från
1742 1098 287 48 hufvudgården

424 1142 149 47 aflägset
614 1143 155 48 belägna
809 1144 269 47 skogsskiftena
1115 1147 195 47 lämpligen
1342 1147 118 36 borde
1488 1148 116 35 under
1632 1148 269 49 försäljningen
1928 1151 101 35 inbe-

422 1193 136 47 gripas;
600 1206 84 23 men
727 1194 91 36 hade
858 1196 204 35 emellertid
1102 1198 190 47 styrelsen,
1334 1197 45 36 då
1406 1198 272 36 vederbörande
1701 1200 222 47 jägmästare
1951 1201 79 35 icke

423 1244 96 34 varit
557 1244 62 35 vid
661 1245 313 47 uppskattningen
1014 1248 229 35 närvarande
1278 1247 58 36 för
1375 1254 55 30 att
1469 1249 225 49 tillhandagå
1727 1251 302 49 uppskattnings-

424 1301 156 28 männen
623 1296 84 34 med
741 1297 267 47 upplysningar
1035 1310 58 23 om
1123 1299 156 47 skogens
1306 1300 66 34 och
1401 1300 280 47 skogsmarkens
1708 1301 135 36 värden
1873 1308 94 29 samt
1993 1302 40 36 af

425 1346 553 48 uppskattningsinstrumentet
1013 1349 77 35 icke
1118 1349 83 36 med
1230 1350 184 48 tydlighet
1443 1350 219 48 framginge,
1691 1351 186 36 huruvida
1903 1353 126 48 skogs-

423 1394 158 36 skiftena
620 1397 216 48 inbegripits
876 1398 11 34 i
916 1398 62 35 det
1006 1400 202 43 saluvärde,
1237 1401 148 35 hvartill
1413 1401 213 46 lägenheten
1656 1403 244 47 uppskattats,
1930 1403 99 36 hem-

423 1446 96 43 stält,
547 1452 65 37 att,
641 1448 114 34 innan
781 1449 216 45 lägenheten
1021 1450 55 35 till
1103 1449 219 50 försäljning
1349 1451 182 48 utbjödes,
1548 1465 50 35 ny
1618 1453 279 48 saluvärdering
1916 1458 113 32 måtte

423 1497 72 43 ske,
537 1496 188 37 äfvensom
763 1504 64 38 att,
869 1499 47 35 då
955 1500 79 35 hela
1061 1500 69 36 den
1172 1502 56 35 till
1256 1501 121 37 Ansta
1417 1503 73 34 n:is
1531 1504 19 34 3
1585 1503 68 35 och
1681 1506 21 32 4
1731 1503 160 36 hörande
1919 1506 107 42 areal,

424 1547 111 35 sedan
561 1547 58 36 för
646 1541 322 45 Örebro—Svartå
988 1551 202 47 jernvägen
1209 1552 261 48 exproprierad
1486 1553 85 46 jord
1590 1553 245 45 frånräknats,
1857 1555 172 47 utgjorde

428 1599 67 34 122
524 1599 130 35 hektar
683 1601 76 42 82,4
786 1613 39 22 ar
853 1601 66 35 och
950 1600 206 37 Odalslund
1184 1603 80 35 med
1293 1603 43 35 de
1364 1603 95 36 båda
1486 1604 254 47 angränsande
1759 1605 269 47 skogsskiftena

423 1648 200 37 omfattade
666 1653 46 32 44
742 1651 124 35 hektar
895 1653 46 35 84
970 1665 40 22 ar
1036 1653 88 34 eller
1153 1667 99 22 mera
1279 1661 44 28 än
1353 1651 46 39 '/s
1427 1653 41 36 af
1491 1655 237 47 egendomen,
1762 1657 267 47 egostyckning

423 1700 154 35 emellan
604 1700 280 47 hufvudgården
914 1703 67 48 och
1009 1703 216 46 lägenheten
1252 1707 113 33 måtte
1394 1704 128 48 föregå
1549 1704 275 48 försäljningen.

555 1751 186 47 Derjemte
781 1753 91 35 hade
912 1746 140 43 Örebro
1088 1754 101 36 stads
1217 1755 332 44 drätselkammare,
1578 1759 47 44 på
1652 1756 168 48 uppdrag
1847 1756 41 36 af
1912 1758 116 35 stads-

422 1800 234 49 fullmägtige
697 1803 12 34 i
749 1803 159 35 nämnda
948 1804 90 40 stad,
1076 1805 10 34 i
1114 1818 44 22 en
1188 1805 69 35 den
1286 1807 19 33 2
1334 1806 192 35 december
1555 1808 95 34 1899
1679 1808 57 34 till
1763 1807 130 48 Kongl.
1923 1807 106 48 Maj:t

422 1851 213 36 inkommen
663 1852 120 44 skrift,
798 1854 164 43 anhållit,
991 1860 55 31 att
1073 1855 129 36 staden
1229 1856 56 35 för
1309 1857 292 47 möjliggörande
1621 1857 40 36 af
1676 1870 44 23 en
1739 1858 290 48 ändamålsenlig

423 1902 184 49 reglering
646 1904 64 35 vid
746 1904 250 48 stadsplanens
1035 1905 176 36 framtida
1237 1907 257 48 utsträckning
1521 1911 112 32 måtte
1661 1907 38 36 få
1725 1909 57 35 till
1810 1914 54 30 ett
1891 1910 75 46 pris
1993 1909 40 35 af

426 1954 70 34 100
524 1953 134 36 kronor
699 1953 58 37 för
788 1955 220 48 kapplandet
1035 1955 39 36 af
1099 1957 209 35 hemmanet
1335 1957 121 36 Ånsta
1482 1958 69 35 n:is
1580 1960 20 33 3
1630 1959 67 35 och
1727 1962 21 32 4
1771 1959 187 36 förvärfva
1976 1965 52 30 ett

421 2006 21 32 å
482 2004 226 36 hemmanets
748 2006 195 35 åkerskifte
979 2008 153 34 emellan
1161 2013 136 31 statens
1320 2009 156 47 jernväg
1502 2009 65 35 och
1595 2010 183 35 allmänna
1803 2010 224 48 landsvägen

421 2054 12 34 i
461 2054 284 47 fortsättningen
773 2055 40 36 af
836 2057 147 35 stadens
1012 2059 103 34 mark
1142 2058 146 48 beläget
1314 2059 159 45 område,
1502 2059 254 36 innefattande
1783 2061 116 47 enligt
1927 2074 45 22 en
1991 2061 40 35 af

422 2104 78 36 vice
527 2105 527 38 kommissionslandtmätaren
1082 2108 87 35 Karl
1197 2109 185 36 Davidson
1411 2110 196 47 upprättad
1636 2111 197 36 karteskiss
1859 2113 19 33 2
1900 2111 128 36 hektar

423 2156 76 42 73,2
539 2168 40 22 ar
620 2157 90 35 eller
751 2160 19 32 5
807 2159 182 36 tunnland
1021 2161 72 40 17,1
1122 2160 201 48 kappland;
1353 2161 67 34 och
1449 2161 91 35 hade
1567 2161 349 36 drätselkammaren
1946 2162 81 35 der-
