2220 2628
679 159 249 32 Statsutskottets
957 158 167 31 Utlåtande
1147 156 63 32 N:o
1234 157 51 30 20.
1707 154 38 30 13

180 251 221 37 förvarande
446 251 67 35 och
558 248 155 37 särskild
754 247 175 50 byggnad
969 246 57 36 för
1063 246 168 35 arbetare
1272 245 57 34 till
1370 243 238 48 lägenhetens
1649 242 137 35 skötsel

183 302 210 48 uppfördes,
439 302 125 34 hvilka
602 299 217 50 byggnader
858 299 9 34 i
909 297 214 48 försvarligt
1164 296 100 36 skick
1305 300 96 30 samt
1441 293 131 49 sjelfva
1612 292 173 49 odlingen

182 354 57 35 till
267 354 84 34 åker
379 353 68 35 och
475 359 72 41 äng
574 350 222 49 uppbrukad
824 349 66 36 och
918 349 200 46 behörigen
1146 346 135 36 häfdad
1309 345 62 37 vid
1392 345 237 36 frihetsårens
1649 347 140 45 utgång

183 404 118 36 skulle
340 402 165 37 afträdas
536 403 59 35 till
627 401 229 49 egendomen
884 405 91 30 utan
1002 399 216 45 ersättning,
1247 397 139 36 hvilket
1414 397 67 35 allt
1508 395 41 36 af
1573 395 215 48 krigskolle-

182 455 104 48 gium
313 454 73 36 den
415 455 45 35 26
489 454 71 47 maj
594 454 94 34 1857
718 451 181 36 faststälts
928 450 83 36 med
1038 449 220 36 frihetsåren
1285 447 161 36 räknade
1474 446 82 36 från
1589 444 197 37 midfastan

183 518 136 23 samma
345 508 41 32 år
412 505 56 35 till
497 517 138 23 samma
661 502 55 36 tid
747 503 111 42 1902;

316 561 53 30 att
408 559 20 32 å
465 554 221 49 lägenheten
717 552 134 36 funnes
884 551 185 49 uppförda
1096 551 79 35 dels
1202 555 53 30 ett
1280 548 231 48 boningshus
1539 546 41 37 af
1603 547 148 35 timmer
1777 546 13 34 i

183 607 231 49 någorlunda
454 605 215 48 försvarligt
709 604 113 43 skick,
864 603 78 35 dels
983 603 66 35 ock
1089 600 191 48 ladugård,
1321 601 95 46 loge,
1450 598 246 48 redskapshus
1724 597 66 35 och

184 657 192 42 halmlada,
406 658 65 35 allt
502 658 12 34 i
547 669 42 22 en
618 654 186 50 byggnad,
835 654 147 35 hvilken
1010 654 12 34 i
1050 652 61 36 det
1139 652 101 35 skick
1268 651 69 35 den
1364 663 51 22 nu
1444 649 161 36 befunne
1634 649 56 47 sig
1717 647 74 36 for-

186 709 111 35 drade
329 707 228 37 omfattande
584 707 68 35 och
681 706 118 49 dryga
826 704 251 49 reparationer
1104 702 59 36 för
1190 707 54 30 att
1271 701 62 36 vid
1361 700 160 36 afträdet
1548 700 127 34 kunna
1702 698 89 49 god-

186 761 147 42 kännas,
376 758 257 36 hvarförutom
661 757 71 35 den
765 768 85 23 vore
870 755 149 35 alldeles
1047 754 235 47 otillräcklig,
1311 765 57 22 om
1398 751 220 48 lägenheten
1645 751 145 34 komme

185 811 12 35 i
224 810 176 45 tidsenlig
429 810 145 42 kultur;

320 866 55 30 att
416 865 107 30 utom
562 859 105 35 dessa
707 857 216 49 byggnader
962 855 134 36 funnes
1125 868 45 23 en
1197 853 160 37 veranda
1382 852 104 36 invid
1515 851 277 47 boningshuset,

187 926 45 22 en
262 910 252 50 bodbyggnad
545 909 40 36 af
614 909 150 36 timmer
795 914 95 29 samt
917 912 54 31 ett
999 906 163 39 svinhus,
1191 905 124 36 hvilka
1343 902 206 50 uppgifvits
1576 916 87 22 vara
1690 902 104 35 inne-

187 962 194 36 hafvarens
408 973 108 35 egna;

321 1017 54 31 att
409 1013 56 35 till
492 1012 219 47 lägenheten
739 1009 111 36 hörde
878 1022 45 22 en
951 1009 95 35 areal
1074 1007 40 36 af
1139 1005 267 47 sammanlagdt
1436 1007 46 33 24
1508 1004 131 36 hektar
1668 1005 46 34 80
1742 1016 50 30 ar,

188 1063 105 37 deraf
331 1066 78 41 41,4
449 1076 40 22 ar
528 1067 148 37 tomter,
713 1062 45 34 20
791 1060 128 35 hektar
953 1062 75 41 51,7
1060 1071 40 23 ar
1131 1058 96 43 åker,
1257 1058 45 35 36
1332 1069 40 22 ar
1399 1063 83 40 äng,
1512 1057 20 34 3
1561 1055 129 35 hektar
1719 1056 75 42 39,9

188 1128 40 22 ar
255 1114 214 47 odlingsbar
496 1112 177 49 hagmark
701 1112 68 35 och
803 1114 39 32 11
874 1123 40 23 ar
941 1109 256 49 impediment;

322 1170 54 30 att
417 1164 228 47 åkerjorden,
675 1162 78 36 dels
785 1161 101 44 sand,
921 1161 77 35 dels
1031 1173 88 35 svag
1151 1159 114 48 mylla
1291 1161 45 45 på
1355 1157 132 48 sandig
1514 1156 63 44 alf,
1607 1168 86 24 vore
1721 1154 40 36 af
1784 1155 11 34 i

190 1216 198 36 allmänhet
428 1220 103 43 taget
572 1213 143 36 mindre
756 1212 73 48 god
869 1212 68 35 och
978 1211 116 35 delvis
1135 1222 91 35 svag
1257 1208 251 36 beskaffenhet
1535 1212 95 30 samt
1657 1206 55 35 till
1741 1206 55 35 sin

191 1266 194 47 bördighet
426 1265 200 47 väsentligt
653 1263 137 36 skadad
817 1275 133 35 genom
979 1262 68 35 den
1076 1261 154 35 medelst
1256 1259 235 45 flåhackning
1517 1257 66 36 och
1612 1257 185 47 bränning

192 1316 209 37 verkstälda
447 1315 186 47 odlingen,
663 1313 257 36 hvarförutom
948 1312 305 47 torrläggningen
1280 1322 85 23 vore
1393 1312 39 32 så
1459 1307 256 47 ofullständig,
1744 1312 54 30 att

191 1382 45 22 en
275 1368 78 35 icke
394 1367 106 47 ringa
532 1366 58 35 del
623 1364 40 36 af
688 1364 112 35 åkern
828 1363 177 36 stundom
1032 1362 80 36 lede
1140 1361 40 35 af
1205 1360 300 47 öfversvämning
1532 1359 69 34 och
1629 1358 105 35 alltid
1761 1357 39 35 af

192 1420 224 46 bottensyra,
445 1417 125 35 hvilka
597 1415 233 48 olägenheter
855 1414 80 35 icke
964 1413 121 36 kunde
1114 1411 179 48 afhjelpas
1322 1416 85 30 utan
1437 1415 53 30 ett
1517 1409 178 46 temligen
1718 1408 80 36 vid-

192 1469 138 36 sträckt
357 1467 174 37 samfäldt
558 1464 334 50 dikningsföretag;

326 1525 54 30 att
415 1518 153 48 jordens
600 1516 90 36 häfd
723 1517 98 35 såväl
852 1517 12 34 i
892 1515 93 47 följd
1013 1514 107 36 häraf
1145 1526 79 23 som
1253 1512 39 36 af
1316 1511 189 36 bristande
1533 1510 172 36 omtanke
1734 1509 64 36 hos

193 1571 80 36 dess
301 1570 159 35 brukare
487 1581 86 23 vore
601 1566 381 42 otillfredsställande;

327 1626 54 30 att
410 1628 119 39 ängen
556 1619 129 35 endast
712 1631 87 22 vore
827 1630 44 23 en
899 1617 112 43 linda,
1039 1615 172 47 tjenande
1239 1615 57 34 till
1322 1613 222 47 gärdesväg;

326 1676 54 31 att
421 1670 459 48 uppskattningsmännen,
923 1667 133 42 hvilka,
1098 1666 58 35 för
1196 1665 69 35 den
1306 1663 173 36 händelse
1519 1660 281 49 ifrågavarande

193 1722 171 47 lägenhet
408 1722 146 34 komme
599 1725 53 29 att
693 1718 227 35 fortfarande
960 1716 268 40 utarrenderas,
1270 1714 202 47 föreslagit,
1505 1718 54 30 att
1588 1712 212 35 densamma

195 1772 111 37 borde
334 1772 125 45 skiljas
487 1770 83 36 från
598 1768 286 48 hufvudgården
912 1768 67 35 och
1007 1767 124 35 dertill
1159 1767 125 46 läggas
1304 1765 44 35 de
1368 1767 47 44 på
1435 1770 99 28 ömse
1554 1762 101 36 sidor
1673 1761 125 36 derom

194 1824 154 46 belägna
387 1825 62 33 två
490 1819 271 50 skogsskiftena
799 1832 58 22 om
887 1819 242 34 tillsammans
1160 1818 45 33 20
1234 1816 127 34 hektar
1389 1817 20 32 4
1439 1826 51 31 ar,
1519 1813 120 35 tillika
1666 1811 133 44 anfört,

195 1880 54 29 att
275 1886 138 23 samma
440 1872 172 48 lägeuhet
640 1873 121 33 såsom
791 1868 327 48 arrendelägenhet
1146 1866 56 36 för
1221 1865 227 36 närvarande
1469 1877 85 22 vore
1573 1863 87 48 föga
1678 1862 123 47 inbju-

196 1924 117 36 dande
354 1924 67 34 och
462 1923 79 35 icke
581 1921 125 35 kunde
738 1921 88 35 bära
853 1925 53 31 ett
934 1918 232 49 någorlunda
1192 1915 344 37 tillfredsställande
1564 1913 165 42 arrende,
1757 1913 45 35 då

196 1976 128 34 åkerns
362 1973 89 35 häfd
479 1986 87 23 vore
594 1971 226 36 försummad
850 1971 68 35 och
947 1970 149 47 skogen,
1126 1967 173 36 afverkad
1327 1967 89 34 eller
1443 1965 66 35 ock
1538 1965 147 48 mycket
1715 1975 84 34 ung,

196 2026 77 34 icke
301 2024 167 35 lemnade
496 2035 78 23 mer
602 2030 46 27 än
676 2022 139 46 knappt
843 2021 207 41 risbränsle,
1071 2020 190 34 hvaremot
1281 2016 218 48 lägenheten
1520 2016 11 34 i
1550 2014 93 47 följd
1663 2013 41 35 af
1719 2021 83 27 när-

197 2076 108 34 heten
332 2075 58 34 till
419 2067 143 42 Örebro
590 2072 81 36 stad
699 2072 65 34 och
794 2071 241 46 Adolfsbergs
1064 2069 225 35 helsobruun
1314 2067 174 45 möjligen
1508 2065 122 35 kunde
1650 2064 155 46 erbjuda

197 2130 116 30 större
355 2124 155 35 lockelse
547 2122 60 35 för
647 2135 43 21 en
721 2122 148 46 köpare;
899 2125 53 30 att
982 2119 456 48 uppskattningsmännen,
1469 2115 116 35 under
1611 2114 193 35 förutsätt-

197 2176 90 47 ning
314 2180 53 30 att
396 2175 160 46 köparen
584 2177 88 42 gent
701 2177 98 29 emot
827 2171 210 35 afträdaren
1065 2170 97 46 finge
1190 2167 146 35 inträda
1363 2167 10 34 i
1402 2167 157 34 kronans
1587 2164 219 46 rättigheter

198 2226 114 47 enligt
354 2223 188 36 blifvande
583 2236 67 36 syn
693 2222 67 35 och
801 2221 40 36 af
866 2222 132 34 honom
1030 2219 164 48 uppbära
1223 2218 188 43 husrötan,
1439 2220 119 31 ansett
1587 2214 218 47 lägenheten
