2226 2616
231 1323 107 27 Motion.

213 2045 131 25 Utskottet.

453 141 40 34 12
829 145 398 33 Jordbruksutskottets
1257 145 190 34 utlåtande
1477 146 53 33 Nr
1553 146 53 32 31.

408 220 184 48 därjämte
630 223 123 34 såsom
790 222 302 48 förslagsanslag
1120 225 20 33 å
1169 229 106 30 extra
1303 228 75 31 stat
1408 223 148 37 anvisat
1584 224 58 36 för
1670 229 83 31 vart
1781 225 69 36 och
1880 231 54 30 ett
1963 239 47 22 av

407 275 85 33 åren
528 273 248 36 1919—1921
809 274 139 46 30,000
976 274 151 47 kronor,
1158 275 58 35 för
1247 276 96 34 1922
1374 276 139 45 90,000
1542 276 141 36 kronor
1711 276 71 36 och
1811 277 57 35 för
1890 277 120 36 första

406 324 171 36 halvåret
608 326 97 34 1923
735 326 138 44 30,000
902 325 152 36 kronor.

535 376 15 35 I
592 376 258 48 kungörelsen
879 377 71 35 den
984 379 44 34 15
1053 377 85 49 juni
1170 379 98 34 1922
1297 378 59 48 (nr
1386 378 88 48 297)
1502 383 65 31 äro
1597 379 220 36 meddelade
1848 379 162 37 bestäm-

406 428 135 36 melser
569 428 196 47 angående
795 428 72 36 den
896 428 224 50 förhöjning
1147 442 47 23 av
1220 430 270 47 understöden,
1511 444 80 22 som
1612 444 141 34 genom
1774 432 237 36 sistnämnda

407 480 135 47 anslag
569 484 64 31 äro
662 480 214 47 medgivna.

539 530 261 37 Understöden
829 532 84 35 från
942 532 188 36 ordinarie
1160 533 70 36 och
1258 538 108 31 extra
1393 534 185 47 anslagen
1607 534 59 35 för
1696 534 119 36 första
1840 534 172 36 halvåret

408 584 111 45 1923,
559 583 101 36 båda
697 583 185 36 avseende
909 584 141 37 läsåret
1079 586 265 45 1922—1923,
1374 588 94 46 utgå
1495 586 160 48 tillhopa
1683 586 83 36 med
1796 586 115 48 högst
1939 586 70 36 föl-

400 634 117 48 jande
546 634 148 49 belopp,
723 635 194 48 nämligen

535 686 61 36 vid
624 685 311 38 lantbruksskola
961 687 12 36 i
1001 688 111 36 södra
1140 688 71 36 och
1240 688 193 36 mellersta
1462 688 157 49 Sverige
1649 694 97 30 samt
1773 689 63 35 vid
1866 689 142 36 helårs-

405 737 92 36 kurs
537 738 64 36 vid
644 738 309 37 lantbruksskola
980 740 12 35 i
1019 739 189 36 Norrland
1237 740 69 36 och
1336 740 164 36 Dalarna
1528 745 182 31 ävensom
1738 740 62 36 vid
1833 740 178 49 kvinnlig

405 790 240 46 mejeriskola
684 790 82 35 med
808 793 70 33 140
916 791 140 36 kronor
1091 791 57 36 till
1180 791 221 36 obemedlad
1430 792 71 36 och
1530 793 47 35 80
1606 792 140 36 kronor
1774 793 57 35 till
1860 793 148 35 mindre

404 840 196 37 bemedlad
630 841 82 36 elev
741 842 58 35 för
827 842 106 49 varje
961 843 167 44 årskurs;

533 893 61 36 vid
638 892 344 48 lantmannaskola,
1023 894 370 46 lanthushållsskola,
1425 895 333 47 utbildningskurs
1788 896 59 35 för
1877 896 132 35 kvinn-

403 944 78 49 liga
508 945 360 47 ladugårdsskötare
896 946 12 36 i
936 946 186 36 Norrland
1154 946 70 36 och
1255 946 166 37 Dalarna
1445 954 97 29 samt
1571 946 63 36 vid
1664 947 179 36 teoretisk
1870 949 138 34 vinter-

403 996 92 36 kurs
522 997 62 35 vid
612 996 309 38 lantbruksskola
949 998 11 35 i
989 998 235 36 sistnämnda
1252 997 215 38 landsdelar
1494 999 84 35 med
1608 1001 47 32 35
1688 998 138 36 kronor
1846 999 54 35 till
1922 999 86 36 obe-

404 1048 146 36 medlad
571 1048 70 36 och
664 1050 46 34 20
730 1048 139 36 krunor
887 1050 57 35 till
965 1049 145 36 mindre
1132 1049 195 36 bemedlad
1348 1050 82 36 elev
1449 1050 58 36 för
1528 1051 104 47 varje
1652 1050 153 43 månad;
1827 1055 179 31 ävensom

533 1100 63 36 vid
630 1100 76 36 fast
734 1101 313 36 småbrukarkurs
1076 1102 83 35 med
1190 1100 154 37 särskilt
1372 1109 168 40 antagna
1569 1103 125 34 elever
1724 1102 83 36 med
1841 1105 14 32 1
1889 1102 119 36 krona

405 1153 48 34 50
494 1156 64 32 öre
600 1164 60 23 om
702 1151 124 48 dagen
869 1153 59 35 för
968 1166 46 23 en
1044 1166 65 22 var
1137 1153 124 35 därtill
1290 1152 215 49 berättigad
1532 1155 121 34 under
1681 1153 73 36 den
1783 1154 53 35 tid
1867 1153 140 37 kursen

403 1205 130 47 pågår.

535 1307 17 36 I
580 1307 103 36 detta
712 1307 280 49 sammanhang
1018 1307 68 36 har
1113 1308 185 36 utskottet
1316 1308 56 36 till
1398 1307 232 48 behandling
1650 1308 165 36 förehaft
1835 1322 46 22 en
1902 1309 104 36 inom

405 1359 118 36 andra
549 1359 220 36 kammaren
796 1359 125 47 väckt,
950 1360 56 35 till
1030 1359 396 47 jordbruksutskottet
1453 1359 182 37 hänvisad
1666 1360 154 44 motion,
1851 1374 45 22 nr
1924 1364 82 44 153,

404 1424 46 22 av
492 1411 131 35 herrar
658 1413 202 43 Bengtsson
902 1411 10 34 i
958 1411 130 48 Norup
1130 1411 71 36 och
1229 1413 179 35 Eriksson
1437 1412 11 35 i
1478 1410 286 49 Grängesberg,
1794 1413 78 35 vari
1903 1413 103 35 hem-

402 1462 136 45 ställts,
568 1468 56 30 att
651 1463 207 47 riksdagen
887 1465 117 34 måtte
1032 1463 147 36 besluta
1208 1463 117 36 sådan
1355 1463 164 48 ändring
1547 1476 45 22 av
1621 1464 186 47 anslaget,
1837 1467 10 32 å
1868 1464 140 36 nionde

402 1514 241 35 huvudtiteln
673 1513 135 49 (punkt
837 1514 74 47 39),
941 1514 56 36 till
1025 1514 207 36 understöd
1261 1517 37 33 åt
1318 1514 125 37 elever
1462 1515 58 35 vid
1543 1514 107 46 lägre
1671 1515 335 36 lantbruksunder-

401 1565 372 49 visningsanstalter,
803 1570 55 31 att
901 1565 173 49 anslaget
1114 1565 12 36 i
1167 1566 124 36 stället
1327 1566 58 36 för
1411 1565 393 49 reservationsanslag
1833 1567 71 36 blir
1935 1568 72 35 för-

402 1617 258 49 slagsanslag;

532 1669 92 36 eller
653 1669 231 36 alternativt:

531 1727 54 30 att
613 1721 331 48 anslagssumman
971 1720 106 47 höjes
1105 1721 59 36 till
1183 1721 142 36 sådana
1344 1721 150 49 belopp,
1511 1727 54 31 att
1586 1722 197 47 anslagen,
1803 1726 95 31 även
1923 1721 83 37 med

401 1785 48 23 en
478 1777 119 31 större
626 1772 321 48 elevanslutning,
978 1772 50 36 bli
1056 1773 227 49 tillräckliga
1310 1773 57 36 till
1388 1773 85 35 fullt
1492 1773 363 36 maximiunderstöd
1877 1776 37 33 åt
1933 1773 73 36 alla

401 1824 125 36 därtill
555 1824 236 47 berättigade
820 1824 179 36 sökande.

530 1875 241 37 Beträffande
812 1875 46 37 de
900 1876 94 45 skäl,
1037 1888 78 24 som
1160 1876 145 37 anförts
1334 1876 57 36 till
1420 1876 86 36 stöd
1535 1876 58 36 för
1621 1875 74 36 den
1723 1875 139 49 gjorda
1890 1876 116 36 fram-

401 1927 247 48 ställningen,
677 1927 179 36 hänvisas
884 1927 57 36 till
969 1927 204 37 motionen.

531 2031 429 48 Departementschefen
1000 2031 68 36 har
1099 2030 12 37 i
1140 2031 415 49 statsrådsprotokollet
1596 2031 138 36 uttalat
1774 2037 56 30 att
1870 2031 134 36 under-

400 2082 137 37 stöden
584 2082 118 37 borde
741 2082 208 37 tillsvidare
991 2085 91 46 utgå
1122 2083 96 36 efter
1245 2083 11 36 i
1285 2083 200 36 huvudsak
1527 2082 254 37 oförändrade
1823 2082 179 47 grunder,

401 2134 96 36 dock
526 2134 83 36 med
640 2134 78 36 viss
744 2148 45 21 av
809 2134 216 49 prisnivåns
1044 2135 183 47 nedgång
1246 2134 184 50 betingad
1449 2134 202 37 reduktion
1673 2134 90 36 eller
1782 2133 85 37 med
1887 2134 118 49 högst

402 2185 166 49 följande
599 2185 147 50 belopp,
775 2186 194 48 nämligen

529 2237 65 37 vid
621 2237 308 37 lantbruksskula
956 2237 15 37 i
997 2237 113 38 södra
1137 2238 71 37 och
1236 2238 191 37 mellersta
1456 2237 159 49 Sverige
1642 2241 101 32 samt
1767 2237 66 37 vid
1861 2237 143 37 helårs-
