1904 2778
285 155 41 31 14
611 157 122 39 Tredje
754 157 246 40 lagutskottets
1023 159 180 30 utlåtande
1223 169 43 21 nr
1286 160 18 30 7
1326 161 40 30 år
1386 161 83 29 1960

292 239 37 29 11
357 239 79 39 kap.
462 239 40 30 73
529 240 16 37 8
572 240 66 30 och
662 242 49 28 att
736 241 301 40 kompletterande
1063 242 220 32 föreskrifter
1308 244 160 31 utfärdas
1492 245 11 30 i
1528 245 262 31 administrativ

287 289 162 40 ordning.
468 290 112 30 Dessa
599 300 121 21 senare
739 291 222 31 föreskrifter
981 293 158 30 ansluter
1158 294 51 39 sig
1227 294 54 30 till
1301 295 246 30 motsvarande
1566 296 221 30 bestämmel-

290 348 56 21 ser
367 342 12 29 i
400 341 439 40 protokollskungörelsen.

287 440 321 36 Remissyttranden

332 507 151 30 Bortsett
510 508 82 30 från
619 509 107 39 några
751 509 389 41 detaljanmärkningar
1165 512 64 30 har
1255 512 42 30 de
1324 512 197 41 föreslagna
1549 514 237 41 ändringarna

287 556 12 29 i
321 558 222 39 vattenlagen
567 559 151 30 lämnats
740 561 86 28 utan
850 560 149 31 erinran.

283 666 387 35 Departementschefen

330 733 50 29 De
400 733 228 41 jämkningar
650 744 73 21 som
746 745 43 20 av
810 736 363 41 utredningsmannen
1194 738 199 41 föreslagits
1414 739 12 30 i
1448 739 101 41 fråga
1570 749 58 21 om
1651 742 135 30 vatten-

288 782 121 40 lagens
436 783 263 32 bestämmelser
727 795 57 20 om
813 786 220 41 aktbildning
1061 797 47 21 m.
1137 798 45 20 m.
1212 798 104 31 synes
1345 790 31 39 ej
1407 790 77 40 giva
1514 791 189 40 anledning
1733 792 54 29 till

284 833 155 30 erinran.
460 835 64 39 Jag
545 835 61 29 vill
629 836 131 36 endast,
783 837 80 29 med
885 838 188 41 anledning
1094 849 43 21 av
1157 839 205 39 påpekande
1383 840 11 29 i
1415 842 47 29 ett
1484 841 301 40 remissyttrande,

285 882 144 31 förorda
451 884 66 30 den
541 886 199 39 ytterligare
764 887 193 40 ändringen
979 888 12 29 i
1013 888 322 39 bestämmelserna,
1358 893 51 27 att
1434 891 200 40 skyldighet
1657 894 50 28 att
1731 892 53 30 till

282 934 402 31 vattenöverdomstolen
705 936 150 31 insända
875 942 182 28 renoverat
1081 940 175 39 exemplar
1277 950 43 21 av
1342 941 59 30 akt
1423 942 89 29 skall
1533 942 141 30 inträda
1695 943 89 30 först

282 982 47 30 då
348 983 105 31 målet
472 985 157 39 avgjorts
648 994 122 31 genom
789 987 313 42 lagakraftägande
1123 990 90 29 dom.
1234 991 308 39 Kompletterande
1563 992 221 31 föreskrifter

281 1041 60 22 om
364 1034 221 41 aktbildning
606 1045 45 20 m.
673 1046 45 20 m.
740 1037 99 30 torde
862 1038 114 30 såsom
999 1040 363 39 utredningsmannen
1384 1041 180 41 föreslagit
1587 1043 36 30 få
1644 1043 140 31 medde-

284 1082 52 31 las
357 1084 11 29 i
388 1084 260 32 administrativ
666 1087 159 40 ordning.

330 1134 75 30 Vad
423 1143 47 21 nu
488 1134 177 32 förordats
681 1136 147 32 innebär
845 1138 190 41 ändringar
1052 1140 12 29 i
1084 1140 38 30 10
1140 1141 79 39 kap.
1238 1141 19 30 8
1277 1141 16 37 8
1312 1142 66 30 och
1398 1142 35 30 11
1453 1143 81 39 kap.
1554 1143 41 30 73
1615 1143 15 37 $
1649 1146 133 28 vatten-

284 1184 103 39 lagen
409 1186 165 30 ävensom
595 1187 253 31 redaktionella
868 1189 228 41 jämkningar
1116 1191 12 30 i
1152 1191 35 30 11
1211 1192 80 39 kap.
1314 1192 39 30 81
1377 1193 64 30 och
1463 1193 41 30 92
1528 1194 51 37 88.
1600 1194 183 40 Därjämte

282 1235 181 39 upphäves
479 1236 42 30 de
537 1239 203 29 nuvarande
754 1239 339 32 bestämmelserna
1072 1231 22 57 i
1112 1242 36 29 11
1166 1242 79 40 kap.
1263 1242 40 30 72
1322 1243 33 37 $;
1373 1244 114 30 denna
1502 1245 166 39 paragraf
1683 1245 98 30 kom-

282 1294 76 21 mer
363 1282 22 57 i
415 1287 115 30 stället
553 1290 52 28 att
628 1291 152 38 upptaga
802 1290 265 32 bestämmelser
1089 1301 57 21 om
1169 1293 292 41 protokollföring
1484 1295 109 40 enligt
1614 1296 67 30 vad
1705 1305 75 21 som

281 1336 139 31 anförts
441 1337 12 30 i
474 1337 209 41 föregående
705 1341 196 40 avdelning.

327 1387 76 30 Vad
426 1388 108 40 angår
557 1390 461 40 övergångsförhållandena
1041 1402 103 31 synes
1168 1394 115 30 såsom
1306 1396 362 39 utredningsmannen
1691 1397 90 31 före-

281 1438 106 39 slagit
412 1439 94 30 äldre
531 1440 57 40 lag
611 1440 84 30 böra
719 1441 178 40 tillämpas
921 1443 223 31 beträffande
1168 1445 294 41 målförteckning
1485 1447 12 29 i
1522 1447 72 30 mål
1620 1457 74 21 som
1718 1458 62 20 an-

281 1488 242 41 hängiggjorts
537 1491 60 30 vid
611 1492 317 31 vattendomstolen
943 1493 74 31 före
1032 1504 70 30 nya
1115 1495 118 40 lagens
1248 1496 292 32 ikraftträdande.
1556 1498 15 30 I
1586 1498 111 40 övrigt
1711 1501 71 29 tor-

280 1539 45 30 de
343 1541 193 30 emellertid
554 1542 42 29 de
614 1551 68 30 nya
698 1543 311 31 bestämmelserna
1027 1545 123 31 kunna
1167 1546 177 40 tillämpas
1362 1548 11 29 i
1391 1548 100 40 fråga
1508 1558 58 21 om
1584 1549 96 31 äldre
1697 1550 82 30 mål.

745 1732 68 33 III.
835 1732 100 35 Vissa
956 1734 361 36 domstolskostnader

279 1817 168 32 Gällande
476 1819 256 32 bestämmelser
759 1831 44 20 m.
832 1832 44 21 m.

324 1884 117 40 Enligt
465 1886 36 29 11
525 1886 81 40 kap.
629 1887 39 30 97
694 1888 15 37 $
732 1889 222 40 vattenlagen
976 1891 118 38 gäller,
1119 1893 49 28 att
1190 1893 155 30 sökande
1367 1893 11 30 i
1400 1894 288 40 ansökningsmål
1713 1896 66 30 och

278 1933 157 32 kärande
456 1936 11 29 i
491 1936 267 40 stämningsmål
782 1939 165 30 ävensom
969 1940 174 40 klagande
1165 1942 11 29 i
1198 1942 157 31 besvärs-
1378 1944 63 30 och
1464 1941 315 49 underställnings-

278 1983 83 36 mål,
381 1985 65 30 den
465 1985 218 32 sistnämnde
700 1988 12 29 i
730 1988 67 31 den
814 1989 84 30 mån
917 1990 196 31 kostnaden
1134 1993 159 30 orsakats
1313 2002 43 21 av
1372 1994 88 30 hans
1478 1994 135 38 besvär,
1634 1997 38 29 är
1690 1997 90 39 plik-

279 2034 72 39 tiga
373 2037 50 27 att
445 2035 180 41 förskjuta
645 2038 93 30 vissa
759 2039 374 37 domstolskostnader,
1155 2043 44 30 bl.
1222 2053 29 20 a.
1274 2045 207 39 gottgörelse
1504 2045 36 31 åt
1561 2047 219 30 vattendom-

278 2085 133 30 stolens
435 2086 193 32 ledamöter
652 2088 64 30 och
742 2090 214 30 sekreterare
981 2091 55 30 för
1062 2092 190 32 inställelse
1278 2094 58 30 vid
1362 2095 214 31 domstolens
1603 2106 175 21 samman-

278 2134 110 35 träde,
406 2136 62 29 där
486 2137 96 30 detta
599 2137 109 31 hålles
723 2139 58 30 vid
799 2149 64 31 syn
871 2130 18 54 å
917 2142 124 35 stället,
1060 2143 83 30 eller
1159 2143 57 30 vid
1233 2144 263 42 undersökning
1514 2147 108 40 enligt
1641 2148 36 29 11
1697 2148 79 40 kap.

277 2183 42 30 45
341 2185 15 36 $
377 2185 19 29 2
415 2195 116 27 mom.,
551 2188 89 29 dock
659 2189 29 39 ej
710 2190 195 40 ersättning
925 2191 53 30 för
998 2192 120 41 längre
1136 2203 76 20 resa
1232 2195 45 29 än
1296 2194 80 31 från
1394 2196 181 40 järnvägs-
1594 2198 82 29 eller
1695 2198 83 40 ång-

272 2233 223 38 båtsstation,
516 2247 76 20 som
610 2238 106 40 ligger
734 2241 158 30 närmast
911 2243 428 40 sammanträdesplatsen.
1360 2246 159 30 Sökande
1537 2248 12 29 i
1568 2248 209 31 underställ-

273 2284 178 40 ningsmål
471 2287 70 30 kan
562 2289 107 30 också
689 2289 47 30 bli
756 2291 138 40 skyldig
914 2294 49 28 att
983 2292 180 41 förskjuta
1182 2294 97 40 dylik
1298 2296 160 31 kostnad.
1480 2298 183 30 Huruvida
1682 2299 95 30 kost-

278 2335 81 35 nad,
386 2345 73 21 som
485 2337 116 40 någon
626 2339 147 32 sålunda
797 2340 203 40 förpliktats
1025 2345 52 28 att
1102 2344 109 39 gälda,
1237 2345 72 31 helt
1334 2347 81 30 eller
1439 2347 110 32 delvis
1576 2349 88 29 skall
1689 2351 89 38 gott-

274 2386 106 38 göras
403 2386 129 31 honom
557 2398 43 20 av
621 2399 116 21 annan
759 2393 91 37 part,
874 2392 88 30 skall
985 2395 147 38 avgöras
1154 2395 106 40 enligt
1283 2396 42 30 de
1348 2398 119 38 regler,
1491 2407 77 21 som
1592 2399 107 39 gäller
1721 2400 57 30 be-

276 2435 180 32 träffande
478 2438 394 41 rättegångskostnader
893 2442 12 29 i
926 2444 202 30 vattenmål.
