1910 2816
90 2052 147 26 Utskottet.

292 150 41 28 22
696 148 296 34 Statsutskottets
1015 149 186 33 utlåtande
1225 149 53 33 Nr
1297 152 72 30 126.

336 226 68 33 Vid
429 226 126 34 sådant
579 226 219 35 förhållande
822 228 129 42 ansåge
975 228 384 42 departementschefen
1383 229 52 42 sig
1457 229 84 33 böra
1565 229 137 40 föreslå,
1726 234 54 29 att

293 271 419 42 anslagsberäkningarna
731 272 53 33 för
801 272 211 42 budgetåret
1032 273 166 42 1941/42,
1217 274 10 32 i
1247 273 153 33 avbidan
1417 274 45 42 på
1482 274 57 33 det
1558 273 130 43 förslag
1706 287 75 20 som

292 315 59 32 vid
372 315 60 33 det
451 315 167 34 fortsatta
639 316 342 43 besparingsarbetet
1000 317 118 34 kunde
1136 318 247 40 framkomma,
1404 318 196 42 grundades
1619 320 46 41 på
1686 319 94 41 sjuk-

293 359 302 34 husdirektionens
612 373 48 20 nu
679 361 235 42 föreliggande
932 362 331 41 anslagsäskanden.
1281 363 399 41 Departementschefen
1699 364 79 33 ville

292 404 122 39 erinra,
438 409 54 29 att
515 406 445 41 personalorganisationen
984 407 59 33 vid
1066 406 202 34 karolinska
1291 407 184 41 sjukhuset
1499 408 64 32 och
1588 408 192 33 serafimer-

292 448 181 34 lasarettet
492 449 10 33 i
520 454 90 29 stort
627 454 72 29 sett
719 450 74 33 icke
812 451 102 33 torde
931 451 99 42 lägga
1050 451 123 33 hinder
1192 452 10 32 i
1221 455 111 38 vägen
1350 451 55 34 för
1424 452 231 42 vidtagandet
1675 465 45 20 av
1739 453 42 32 de

292 492 377 43 besparingsåtgärder,
694 507 75 21 som
789 495 120 33 kunde
933 496 159 33 befinnas
1116 496 166 42 lämpliga
1304 497 66 32 och
1393 497 142 41 möjliga
1561 502 55 28 att
1640 509 139 30 genom-

290 536 86 36 föra.
399 538 57 33 En
478 538 201 43 betydande
703 539 54 34 del
780 552 45 21 av
847 541 206 41 personalen
1075 541 174 33 innehade
1270 541 264 33 icke-ordinarie
1556 542 223 42 anställning,

291 583 117 32 vartill
428 583 151 40 komme,
600 589 56 28 att
676 584 113 42 lediga
809 585 81 33 eller
911 585 258 42 ledigblivande
1190 586 170 33 ordinarie
1379 586 151 42 tjänster
1551 586 93 43 finge
1666 587 114 33 besät-

291 631 54 29 tas
371 628 80 32 med
476 628 172 34 ordinarie
674 629 212 34 innehavare
912 629 89 35 först
1026 630 87 33 efter
1138 630 132 42 Kungl.
1295 630 129 42 Maj:ts
1448 631 173 43 prövning
1645 632 11 33 i
1683 632 97 41 varje

291 672 139 33 särskilt
453 671 72 36 fall.

337 717 55 32 De
408 729 46 20 av
469 717 219 33 direktionen
706 718 9 33 i
732 718 189 34 skrivelsen
938 719 67 33 den
1022 723 42 29 28
1079 719 140 42 januari
1239 723 82 30 1941
1341 720 194 42 föreslagna
1554 721 223 33 omedelbara

291 760 414 43 besparingsåtgärderna
741 762 186 34 förordade
963 764 385 42 departementschefen
1372 765 68 33 och
1466 765 142 42 utginge
1635 766 60 32 vid
1720 778 58 21 an-

290 805 372 43 slagsberäkningarna
683 807 79 33 från
784 813 54 28 att
859 808 43 33 de
923 808 142 34 komme
1085 809 52 34 till
1160 809 197 34 utförande.
1379 810 400 42 Departementschefen

291 850 78 33 ville
392 850 77 33 icke
490 855 172 29 motsätta
687 852 52 41 sig
760 852 167 42 förslaget
950 858 56 29 att
1029 853 244 43 befattningen
1297 866 74 21 som
1394 854 210 34 biträdande
1627 855 118 33 läkare
1769 855 10 33 i

290 894 192 43 endoskopi
502 896 171 33 ändrades
692 897 53 32 till
764 896 106 34 förste
888 897 422 43 underläkarbefattning.
1330 899 172 33 Däremot
1518 899 119 33 kunde
1657 900 121 41 depar-

290 940 275 33 tementschefen
579 940 77 33 icke
673 953 48 21 nu
738 940 140 34 förorda
894 942 68 32 den
978 941 54 34 för
1047 942 335 42 tandpoliklinikens
1398 943 240 35 föreståndare
1653 944 125 42 ifråga-

290 988 95 28 satta
403 984 350 42 arvodeshöjningen.
771 985 82 34 Mot
870 985 167 43 förslaget
1053 986 11 33 i
1082 987 70 33 vad
1171 987 60 33 det
1248 987 99 33 rörde
1380 987 68 33 den
1465 988 92 42 lägre
1575 989 202 41 sjukvårds-

290 1029 204 40 personalen
518 1029 59 33 vid
598 1029 349 41 jubileumskliniken
969 1043 83 20 vore
1074 1030 91 36 intet
1188 1036 56 29 att
1264 1032 122 33 erinra.
1411 1032 136 42 Frågan
1570 1046 57 20 om
1652 1046 43 21 en
1719 1034 58 33 all-

289 1076 81 29 män
393 1073 187 42 utredning
600 1074 149 33 rörande
769 1074 345 34 löneförhållandena
1135 1075 55 34 för
1210 1076 327 41 sjuksköterskorna
1559 1078 59 33 vid
1641 1078 137 34 landets

289 1116 278 42 kroppssjukhus
588 1118 102 33 torde
708 1118 34 33 få
762 1122 127 38 prövas
909 1119 11 33 i
940 1124 53 29 ett
1012 1120 120 33 vidare
1151 1121 266 42 sammanhang.
1437 1122 77 33 Vad
1535 1135 44 20 av
1600 1122 178 34 allmänna

291 1161 256 34 lönenämnden
573 1167 134 37 yttrats
734 1164 146 32 rörande
906 1163 502 43 föreståndarinnetjänsterna
1436 1166 60 34 vid
1522 1166 254 42 jubileumskli-

288 1205 104 34 niken
412 1206 65 34 och
496 1207 342 34 kontrollbiträdena
856 1208 182 34 därstädes
1058 1209 101 33 torde
1179 1209 85 33 böra
1284 1222 45 21 av
1349 1210 218 34 direktionen
1588 1211 185 43 iakttagas.

332 1251 400 41 Departementschefen
755 1252 186 34 förordade
963 1253 120 34 vidare
1105 1253 235 34 direktionens
1363 1254 130 43 förslag
1514 1268 58 21 om
1595 1256 182 43 bemyndi-

288 1295 112 41 gande
426 1295 55 34 för
505 1296 220 33 direktionen
750 1301 54 29 att
828 1298 46 41 på
898 1297 115 42 lediga
1035 1297 241 43 befattningar
1298 1298 167 35 förordna
1490 1300 289 34 vakansvikarier

288 1339 78 33 med
404 1340 110 33 andra
550 1341 297 42 arbetsuppgifter
874 1345 46 30 än
945 1342 55 34 för
1024 1341 245 44 befattningen
1295 1348 145 36 avsetts,
1466 1345 125 33 varvid
1617 1346 159 42 departe-

288 1384 239 37 mentschefen
557 1385 90 33 dock
675 1385 201 41 förutsatte,
905 1391 56 29 att
989 1387 239 42 ersättningen
1257 1388 52 33 till
1337 1389 336 35 vakansvikarierna
1703 1391 74 33 icke

288 1428 198 34 bestämdes
510 1429 51 33 till
585 1430 107 41 högre
717 1431 127 42 belopp
868 1435 45 29 än
938 1443 76 21 som
1037 1432 119 34 kunde
1180 1432 196 34 tillkomma
1402 1434 262 34 vederbörande
1688 1435 88 42 jäm-

287 1473 65 34 likt
372 1473 103 33 civila
498 1474 412 42 avlöningsreglementet
931 1476 61 33 vid
1014 1475 236 35 förordnande
1271 1478 46 41 på
1340 1478 67 33 den
1429 1479 157 33 vakanta
1608 1479 168 42 tjänsten.

287 1517 72 33 Det
384 1530 84 21 vore
492 1518 148 42 möjligt,
666 1524 56 28 att
749 1519 113 34 denna
886 1520 196 42 anordning
1104 1521 122 33 kunde
1250 1522 95 33 bliva
1368 1535 46 20 av
1439 1522 179 44 betydelse
1641 1523 57 35 för
1720 1529 55 29 ut-

288 1562 154 34 rönande
466 1575 45 20 av
536 1563 70 33 dels
631 1563 268 42 möjligheterna
923 1565 54 33 till
1002 1565 226 43 besparingar
1251 1567 64 32 och
1339 1567 72 33 dels
1437 1567 66 34 den
1525 1569 251 41 organisation,

289 1618 73 21 som
382 1607 113 33 under
512 1607 210 42 sjukhusens
741 1608 167 34 fortsatta
928 1609 85 34 drift
1031 1610 118 33 kunde
1169 1611 75 32 visa
1264 1611 50 42 sig
1332 1617 90 28 mest
1442 1613 286 43 ändamålsenlig.

334 1652 399 41 Departementschefen
758 1653 89 34 hade
871 1653 120 35 funnit
1016 1655 60 33 det
1100 1655 221 43 nödvändigt
1345 1661 55 29 att
1424 1656 11 34 i
1459 1657 189 34 huvudsak
1673 1659 101 42 lägga

285 1695 132 42 jämväl
442 1697 236 34 direktionens
700 1698 128 42 förslag
849 1699 148 33 rörande
1018 1700 248 41 ögonkliniken
1288 1701 58 33 vid
1368 1701 202 34 karolinska
1590 1703 186 41 sjukhuset

286 1740 51 33 till
361 1741 113 41 grund
498 1741 54 34 för
573 1742 465 43 kostnadsberäkningarna.
1063 1744 232 33 Direktionen
1317 1745 91 33 hade
1432 1746 53 33 sin
1508 1747 267 42 uppmärksam-

286 1785 60 33 het
366 1785 119 34 riktad
506 1787 45 41 på
572 1786 285 34 önskvärdheten
880 1800 45 21 av
948 1793 55 29 att
1024 1789 37 32 så
1081 1789 98 42 långt
1201 1789 59 33 ske
1279 1790 118 33 kunde
1418 1791 193 42 nedbringa
1631 1792 143 33 kostna-

287 1830 107 33 derna
415 1830 66 34 och
501 1831 99 33 torde
619 1831 12 33 i
653 1832 101 32 detta
776 1831 92 43 syfte
889 1832 146 43 vidtaga
1056 1834 164 41 åtgärder
1241 1833 53 34 för
1313 1835 220 34 tillsättande
1555 1849 45 20 av
1621 1837 153 41 tjänster

287 1874 58 33 vid
367 1875 247 41 ögonkliniken
635 1876 126 34 endast
781 1877 11 33 i
813 1877 67 33 den
900 1878 84 32 mån
1004 1877 198 43 tjänsterna
1223 1879 45 41 på
1288 1879 113 42 grund
1423 1892 45 21 av
1488 1880 286 35 verksamhetens

286 1918 215 43 omfattning
520 1920 119 33 visade
661 1921 52 41 sig
732 1921 280 43 oundgängligen
1033 1922 233 43 erforderliga.

328 2045 144 34 Liksom
490 2046 385 42 departementschefen
893 2046 115 34 finner
1024 2047 178 34 utskottet
1220 2048 210 42 lämpligast,
1449 2054 54 28 att
1521 2049 67 33 den
1605 2049 169 34 fortsatta

284 2099 257 42 granskningen
564 2112 45 20 av
630 2100 446 42 personalorganisationen
1098 2101 67 33 och
1190 2101 278 42 utgiftsbehovet
1490 2103 59 33 vid
1572 2103 202 33 karolinska

286 2152 184 41 sjukhuset
493 2153 64 33 och
581 2152 362 35 serafimerlasarettet
967 2157 81 39 äger
1070 2166 78 22 rum
1171 2155 11 32 i
1206 2155 170 33 samband
1400 2156 81 33 med
1505 2156 66 33 den
1596 2157 178 33 allmänna

283 2205 214 42 granskning
518 2218 44 21 av
584 2206 296 42 statsutgifterna,
903 2219 76 21 som
1000 2207 78 33 sker
1098 2208 95 33 inom
1214 2208 449 43 besparingsberedningen.

330 2260 187 34 Utskottet
534 2261 63 32 har
612 2260 121 34 funnit
751 2260 50 43 sig
817 2260 86 34 böra
918 2261 141 33 biträda
1075 2261 178 42 förslaget,
1270 2266 54 29 att
1340 2262 67 33 den
1424 2262 283 34 hittillsvarande
1725 2263 49 34 bi-

285 2313 172 33 trädande
483 2313 345 42 läkarbefattningen
854 2314 9 33 i
890 2314 192 42 endoskopi
1109 2314 128 34 ändras
1263 2315 52 33 till
1341 2327 42 21 en
1409 2315 108 34 förste
1544 2316 225 34 underläkar-

283 2366 121 42 tjänst.
427 2367 109 33 Emot
560 2367 41 33 de
625 2379 46 21 av
695 2366 385 43 departementschefen
1103 2367 186 34 förordade
1310 2368 224 34 omedelbara
1554 2369 217 42 besparings-

286 2420 209 41 åtgärderna
510 2420 64 33 har
591 2420 178 34 utskottet
787 2420 90 34 intet
895 2425 56 30 att
969 2421 122 33 erinra.
1107 2421 68 33 Till
1194 2421 70 34 vad
1282 2421 385 43 departementschefen
1686 2423 9 33 i
1714 2426 59 30 öv-

285 2473 66 42 rigt
374 2472 10 34 i
408 2472 100 34 detta
532 2474 257 41 sammanhang
811 2473 118 34 anfört
950 2474 66 33 och
1039 2474 178 42 föreslagit
1240 2474 70 34 kan
1332 2475 178 34 utskottet
1534 2476 81 42 giva
1637 2476 54 32 sin
1714 2488 58 20 an-

283 2526 164 42 slutning.
