2226 2626
405 190 17 27 6
626 192 108 28 Andra
758 194 194 28 Kammarens
979 195 160 38 Tillfälliga
1170 197 127 28 Utskotts
1319 199 73 35 (N:o
1416 198 33 38 3)
1479 199 152 29 Utlåtande
1654 201 58 29 N:o
1736 201 48 28 42.

405 267 66 36 och
508 271 20 32 4
558 268 82 48 kap.
668 271 22 34 4
718 267 27 48 $,
773 270 171 37 meddela
969 272 179 36 hurusom
1177 273 62 36 vid
1266 274 212 48 besiktning
1505 275 42 36 af
1569 277 141 36 enskild
1734 277 169 47 järnväg,
1930 279 79 37 däri

400 317 62 36 två
501 317 40 37 af
577 320 125 46 kungl.
734 322 180 47 styrelsen
940 321 225 39 förordnade
1191 337 177 33 personer
1395 325 157 49 deltaga,
1580 326 61 37 det
1667 328 115 46 några
1808 328 37 36 få
1871 328 139 48 gånger

400 368 174 46 inträffat,
602 375 55 31 att
675 371 276 37 vederbörande
970 373 138 46 Kungl:
1125 374 118 47 Maj:ts
1263 375 428 49 befallningshafvandes
1711 379 120 36 beslut
1850 380 158 37 rörande

378 419 94 35 "viss
511 419 295 51 vägöfvergångs
847 424 11 34 i
894 424 141 35 banans
1062 425 88 46 plan
1178 426 212 47 anordning
1417 428 66 36 och
1511 429 135 36 skötsel
1672 428 167 38 företetts
1866 430 58 37 för
1950 432 58 36 be-

399 470 352 47 siktningsmännen,
792 473 128 36 hvilka
959 474 131 37 därvid
1130 476 297 37 understundom
1465 477 125 37 funnit
1629 480 55 46 sig
1716 479 209 38 föranlåtna
1953 488 55 30 att

398 520 62 35 vid
500 523 273 36 omnämnande
812 523 110 37 häraf
946 525 12 35 i
984 526 456 48 besiktningsprotokollet
1467 529 77 36 dels
1572 530 244 47 komplettera
1842 533 164 36 nämnda

397 569 236 48 föreskrifter,
662 573 76 36 dels
764 573 135 38 föreslå
925 574 260 49 förändringar
1211 578 12 35 i
1251 578 198 46 desamma,
1476 586 96 30 samt
1598 585 54 31 att
1675 582 330 48 besiktningsmän-

398 634 88 23 nens
526 622 156 37 sålunda
720 624 133 48 gjorda
891 625 139 48 förslag
1069 626 186 38 föranledt
1294 630 128 47 kungl.
1463 638 83 39 väg-
1574 631 66 36 och
1668 633 335 50 vattenbyggnads-

398 673 179 47 styrelsen
612 679 55 31 att
693 674 132 48 ålägga
847 677 222 46 järnvägens
1098 685 108 39 ägare
1234 684 55 31 att
1315 680 218 48 genomföra
1560 681 198 38 desamma.
1811 684 191 37 Likaledes

396 721 248 39 förekommer
681 725 62 37 vid
784 727 212 48 besiktning
1035 727 41 37 af
1113 730 143 35 enskild
1291 731 155 46 jirnväg
1478 731 73 37 tidt
1577 733 67 36 och
1672 733 88 45 ofta,
1788 740 53 30 att
1868 736 135 36 besikt-

397 774 269 45 ningsmännen
697 777 11 34 i
735 778 236 45 protokollen
998 779 93 44 yrka
1117 779 49 47 på
1192 779 224 39 förändrade
1442 782 252 50 anordningar
1720 784 63 36 vid
1810 785 191 48 vägöfver-

395 823 147 48 gångar,
583 826 191 37 hvaremot
814 828 390 47 besiktningsmännen
1238 836 134 44 ytterst
1399 834 116 34 sällan
1542 839 102 42 yttra
1670 835 56 48 sig
1754 836 159 36 rörande
1939 837 61 36 be-

394 875 208 46 vakningen
631 877 40 36 af
685 879 288 46 väggrindarna,
992 880 238 37 alldenstund
1248 881 232 38 föreskrifter
1498 884 129 36 härom
1647 886 119 36 finnas
1784 887 216 37 meddelade

395 925 10 35 i
433 925 111 37 ofvan
572 927 157 37 anförda
755 929 274 37 bestämmelser
1056 931 11 35 i
1094 932 515 50 tjänstgöringsreglementet.

493 976 128 37 Såsom
648 979 145 45 bilagor
820 980 125 36 härtill
972 980 261 38 öfverlämnas:

492 1027 502 49 Tjänstgöringsreglemente
1020 1032 63 36 vid
1111 1038 137 30 statens
1271 1034 211 46 järnvägar.

492 1078 230 37 Instruktion
749 1080 59 36 för
835 1082 205 36 banvakter
1066 1083 62 35 vid
1157 1088 137 31 statens
1318 1085 210 46 järnvägar.

491 1128 197 48 Uppgifter
713 1131 159 36 rörande
900 1131 317 48 vägöfvergångar
1243 1134 62 36 vid
1335 1140 135 31 statens
1494 1136 209 46 järnvägar.

492 1178 204 38 Afskrifter
723 1180 40 36 af
787 1181 463 48 distriktsförvaltningens
1277 1185 64 36 vid
1368 1185 33 35 II
1430 1186 185 37 distriktet
1642 1186 192 39 skrifvelse
1862 1190 70 36 den
1956 1193 41 34 11

392 1241 95 23 mars
530 1232 95 35 1903
653 1231 159 37 rörande
839 1233 232 48 olycksfallet
1098 1234 70 37 den
1200 1237 44 33 14
1271 1234 165 38 februari
1465 1238 96 35 1903
1589 1237 63 37 vid
1679 1237 180 50 Ockelby,
1882 1241 118 45 jämte

391 1279 55 35 till
474 1280 217 38 skrifvelsen
721 1282 165 37 hörande
912 1285 198 45 protokoll.

489 1330 160 37 Afskrift
675 1332 41 36 af
738 1333 118 45 kungl
878 1334 374 46 järnvägsstyrelsens
1281 1337 189 37 skrifvelse
1499 1338 70 36 den
1594 1341 43 33 12
1654 1340 150 45 januari
1829 1343 93 34 1900
1943 1343 57 35 till

390 1382 170 45 samtliga
600 1382 438 48 distriktsförvaltningar
1078 1387 158 36 rörande
1276 1389 73 35 viss
1382 1389 210 46 anordning
1622 1389 40 36 af
1693 1391 307 47 vägöfvergångs-

389 1432 159 44 grindar.

487 1482 159 37 Afskrift
678 1483 41 36 af
743 1484 305 48 byrådirektören
1078 1487 42 35 A.
1148 1487 140 46 Ugglas
1317 1488 38 36 P.
1383 1489 45 35 M.
1457 1489 70 37 den
1558 1491 19 35 5
1605 1504 97 23 mars
1725 1494 94 35 1903
1840 1494 157 36 rörande

388 1532 319 48 vägöfvergångar
732 1535 63 36 vid
824 1536 165 36 enskilda
1012 1538 212 46 järnvägar,
1251 1545 95 30 samt

486 1584 504 48 Tjänstgöringsreglemente
1015 1588 62 36 vid
1107 1589 168 36 enskilda
1296 1591 211 46 järnvägar.

487 1633 215 39 Stockholm
731 1636 70 36 den
831 1639 20 34 2
882 1639 93 45 april
1006 1640 107 34 1903.

980 1790 75 36 TH.
1121 1785 276 44 NORDSTRÖM.

590 1887 171 48 Hjalmar
799 1889 174 37 Wikland.

1564 1992 41 32 FE.
1629 1992 40 32 B.
1695 1993 36 32 L.
1755 1994 104 32 Smitt.
