1900 2790
507 129 379 32 Jordbruksutskottets
908 131 178 31 utlåtande
1108 141 40 21 nr
1177 133 49 30 18.
1608 126 16 30 3

424 225 87 21 nans
534 215 197 36 rättigheter
752 216 64 30 och
837 216 232 36 skyldigheter
1090 215 102 37 enligt
1212 216 160 36 gällande
1393 215 231 32 arrendekon-

426 266 91 30 trakt
535 265 221 31 beträffande
776 266 42 30 de
838 266 49 30 till
909 267 66 29 den
997 267 39 29 14
1055 276 93 21 mars
1172 267 80 30 1957
1275 265 170 38 upplåtna
1466 266 157 37 lägenhe-

423 319 99 28 terna
542 316 173 36 Fridhem,
735 316 167 37 Sjövillan
922 317 65 30 och
1005 312 208 41 Ängsvillan,
1234 317 168 31 skolande
1420 317 203 30 arrendeav-

422 367 148 36 gifterna
596 367 10 30 i
633 367 65 30 den
727 366 81 31 mån
833 368 42 29 de
901 367 124 36 belöpa
1053 366 44 37 på
1123 367 91 30 tiden
1240 367 78 31 från
1344 367 278 37 tillträdesdagen

423 417 136 31 tillfalla
581 417 184 37 köpingen,

468 472 48 28 att
535 468 184 37 köpingen,
740 467 43 31 då
802 468 278 37 exploateringen
1101 468 88 33 skall
1208 468 221 37 genomföras
1444 469 68 30 och
1532 470 90 36 nytt-

422 519 330 36 janderättsavtalen
772 519 161 36 upphöra
955 522 49 27 att
1022 520 101 36 gälla,
1144 519 88 30 skall
1251 528 82 23 vara
1355 519 136 37 skyldig
1511 519 111 30 inlösa

422 569 426 37 nyttjanderättshavarna
869 569 173 37 tillhöriga
1067 570 196 36 byggnader
1285 570 66 30 och
1375 569 248 37 anläggningar

421 623 73 27 mot
522 620 108 36 skälig
656 620 198 37 ersättning,
879 630 85 25 som,
993 621 114 30 därest
1133 620 335 31 överenskommelse
1492 620 33 39 ej
1552 620 69 30 kan

422 671 135 35 träffas,
579 671 207 30 bestämmes
810 680 43 21 av
874 670 185 39 skiljemän
1083 670 45 37 på
1151 672 65 29 sätt
1238 671 10 30 i
1270 672 18 29 2
1311 671 80 36 kap.
1419 672 39 29 18
1483 671 18 37 8
1522 671 99 36 lagen

421 731 57 20 om
500 721 251 37 nyttjanderätt
773 721 49 32 till
848 721 69 31 fast
939 721 168 37 egendom
1130 722 39 29 är
1191 722 134 36 stadgat
1350 721 56 30 för
1427 721 64 30 där
1513 723 109 29 avsett

421 772 72 36 fall,

466 825 49 29 att
542 822 58 31 vid
625 822 280 37 exploateringen
930 822 137 37 hänsyn
1096 822 11 30 i
1133 822 184 37 görligaste
1341 821 84 31 mån
1452 826 93 33 tages
1570 822 51 31 till

420 873 173 31 områdets
615 876 114 32 natur,

465 926 48 28 att
536 924 57 30 vid
615 923 207 37 försäljning
841 924 83 30 eller
945 922 193 38 upplåtelse
1157 923 79 30 med
1256 924 155 32 tomträtt
1433 933 43 21 av
1496 925 126 29 tomter

421 974 42 30 de
489 974 118 37 priser,
635 983 75 22 som
738 976 129 28 statens
892 972 344 39 byggnadslånebyrå
1265 974 211 36 godkänner,
1505 974 116 36 läggas

420 1025 50 29 till
494 1025 112 36 grund
632 1024 57 32 vid
715 1024 277 31 bestämmandet
1017 1034 42 21 av
1084 1024 318 37 köpeskillingarna
1428 1024 193 37 respektive

420 1075 393 36 tomträttsavgälderna,

465 1129 48 29 att
541 1125 174 37 köpingen
745 1134 119 21 ensam
891 1124 169 32 bestrider
1089 1124 96 32 såväl
1214 1125 235 31 kostnaderna
1478 1125 56 31 för
1563 1134 56 22 av-

420 1176 181 37 styckning
622 1185 43 21 av
689 1176 66 30 och
777 1175 126 37 lagfart
927 1175 20 31 å
971 1174 156 32 området
1148 1175 107 39 jämte
1275 1175 117 37 övriga
1415 1176 82 31 med
1516 1176 105 36 köpet

420 1226 166 31 förenade
603 1226 141 36 utgifter
760 1235 75 21 som
852 1226 68 30 ock
939 1225 160 37 samtliga
1118 1225 45 37 på
1180 1225 156 32 området
1355 1226 58 31 för
1428 1226 94 31 tiden
1540 1224 80 32 från

420 1277 279 36 tillträdesdagen
720 1277 194 36 belöpande
937 1277 131 30 skatter
1089 1277 65 30 och
1176 1286 116 26 onera,
1316 1281 90 27 samt

464 1331 49 29 att
534 1327 211 31 innehavare
766 1337 42 20 av
832 1328 82 29 över
934 1326 157 32 området
1113 1327 79 31 med
1215 1327 228 37 vederbörligt
1467 1326 154 32 tillstånd

421 1377 225 37 framdragna
672 1377 186 31 elektriska
887 1377 181 36 ledningar
1092 1381 90 27 samt
1208 1380 130 28 vatten-
1364 1378 68 30 och
1461 1378 159 36 avlopps-

419 1427 179 37 ledningar
619 1426 210 31 förbehållas
851 1428 69 31 rätt
942 1431 49 27 att
1013 1426 173 33 bibehålla
1206 1428 64 30 och
1292 1427 113 39 nyttja
1426 1427 193 37 ledningar-

419 1487 45 22 na
487 1481 84 27 utan
595 1478 67 30 rätt
687 1477 56 31 för
766 1477 131 37 köpare
922 1477 51 31 till
996 1487 117 21 annan
1138 1478 187 36 ersättning
1350 1479 45 29 än
1416 1478 204 37 gottgörelse

419 1538 43 20 av
484 1528 200 36 ledningens
709 1528 212 30 innehavare
942 1527 57 30 för
1021 1527 108 31 skada
1156 1528 49 29 till
1229 1527 87 39 följd
1337 1523 46 36 av
1405 1528 213 37 förändring,

423 1579 197 36 reparation
641 1579 66 29 och
728 1578 117 37 tillsyn
865 1587 43 21 av
929 1577 197 37 ledningen;

468 1629 30 39 2)
526 1632 58 33 att,
608 1629 106 31 sedan
739 1628 79 31 från
839 1628 326 36 kronoegendomen
1188 1628 198 37 Gripsholm
1412 1626 31 33 1"
1464 1630 11 30 i
1499 1628 120 31 Marie-

419 1680 94 31 freds
533 1680 76 30 stad
628 1680 66 30 och
715 1679 139 31 Kärnbo
876 1680 128 29 socken
1021 1687 124 28 genom
1165 1679 455 37 avstyckningsförrättning

421 1730 178 31 frånskilts
622 1733 47 27 ett
701 1730 10 31 å
734 1740 42 21 en
799 1740 42 20 av
864 1730 272 31 länsarkitekten
1160 1730 104 30 Arvid
1287 1730 94 31 Stille
1406 1730 66 30 den
1497 1731 39 29 16
1560 1739 59 21 no-

420 1781 140 31 vember
587 1782 83 30 1945
699 1781 188 36 upprättad
911 1780 174 37 planskiss
1111 1782 161 29 närmare
1297 1781 156 32 utmärkt
1478 1779 143 31 område

420 1842 57 20 om
494 1832 96 30 cirka
609 1833 42 29 20
665 1833 63 29 000
746 1831 266 35 kvadratmeter,
1030 1831 243 30 motsvarande
1289 1830 21 31 å
1330 1840 42 21 en
1390 1840 43 21 av
1449 1830 170 31 distrikts-

420 1883 231 29 lantmätaren
674 1883 39 31 O.
737 1880 138 32 Thorén
895 1880 39 31 år
958 1882 83 30 1925
1062 1881 187 36 upprättad
1271 1881 100 30 karta
1392 1882 82 29 över
1494 1882 125 29 krono-

421 1932 211 36 egendomen
660 1932 98 37 (Blad
780 1932 31 39 2)
841 1931 242 36 ägofigurerna
1107 1941 42 20 nr
1172 1941 42 20 av
1238 1932 71 35 130,
1334 1941 43 20 av
1405 1932 60 30 132
1488 1932 66 29 och
1577 1940 43 21 av

423 1984 70 36 141,
517 1981 156 32 området
697 1982 57 30 må
776 1982 162 35 försäljas
960 1982 51 31 till
1033 1981 201 31 Mariefreds
1259 1981 75 31 stad
1357 1985 73 27 mot
1452 1991 42 21 en
1515 1982 104 36 köpe-

421 2033 137 36 skilling
582 2033 244 31 motsvarande
851 2034 14 28 1
891 2033 112 30 krona
1026 2034 42 29 20
1092 2033 57 31 öre
1174 2032 55 30 för
1251 2032 259 30 kvadratmeter
1531 2036 89 27 samt

421 2084 108 30 under
554 2084 124 30 villkor
700 2083 10 30 i
733 2083 118 36 övrigt,

466 2138 48 26 att
541 2133 156 31 området
725 2133 159 36 försäljes
912 2133 10 30 i
952 2133 171 36 befintligt
1151 2133 97 30 skick
1276 2133 79 30 med
1385 2133 234 30 tillträdesrätt

420 2184 222 35 omedelbart,

465 2237 48 27 att
534 2234 120 31 staden
675 2235 38 29 är
732 2234 135 36 skyldig
888 2234 198 36 respektera
1106 2234 56 29 det
1182 2233 55 30 för
1256 2232 156 31 området
1434 2232 114 31 såsom
1570 2232 49 31 in-

421 2283 130 36 gående
579 2283 9 30 i
618 2283 159 31 arrendet
808 2284 55 29 för
890 2283 324 36 kronoegendomen
1243 2283 87 30 intill
1359 2283 67 30 den
1459 2284 38 30 14
1526 2292 93 21 mars

423 2335 83 29 1959
525 2334 158 35 gällande
704 2333 282 36 arrendeavtalet,

466 2387 48 27 att
539 2383 112 36 någon
674 2383 181 37 jämkning
879 2383 9 30 i
912 2383 345 30 arrendekontraktet
1282 2382 44 37 på
1349 2383 112 36 grund
1485 2392 43 21 av
1552 2382 67 31 för-

422 2433 194 37 säljningen
644 2434 75 30 icke
747 2434 88 30 skall
861 2433 70 36 ske,
958 2433 50 31 till
1034 2433 88 36 följd
1150 2443 104 21 varav
1280 2433 136 31 kronan
1442 2433 87 30 skall
1557 2433 63 36 äga

425 2485 155 36 uppbära
605 2485 288 30 förekommande
913 2484 309 37 arrendeavgälder
1243 2484 221 36 oavkortade,
