2208 2636
442 174 103 28 Andra
569 173 190 28 Kammarens
787 172 168 36 Tillfälliga
983 171 124 28 Utskotts
1130 169 73 39 (N:o
1225 168 39 38 2)
1292 170 155 29 Utlåtande
1470 169 57 30 N:o
1551 167 25 31 1.
1758 167 15 29 1

945 647 77 41 N:o
1052 647 36 39 1.

972 797 69 26 Ank,
1061 797 39 25 till
1120 796 95 26 Riksd.
1235 796 89 25 kansli
1345 796 53 25 den
1417 795 31 26 23
1467 795 71 26 febr.
1560 795 71 31 1909,
1650 794 36 26 kl.
1708 795 11 24 1
1741 802 22 18 e.
1783 802 36 17 m.

422 936 192 37 Utlåtande
650 937 15 36 i
697 936 198 47 anledning
933 935 48 49 af
1009 936 102 36 väckt
1142 935 129 36 motion
1301 946 56 24 om
1385 933 186 49 skrifvelse
1598 933 55 36 till
1680 933 138 48 Kungl.

615 1003 113 50 Maj:t
754 1003 186 49 angående
966 1003 157 37 särskild
1145 1002 198 48 stämpling
1371 1001 25 36 å
1416 1002 235 47 importerade
1677 1005 79 44 ägg.

345 1105 18 37 I
390 1117 47 24 en
463 1104 103 37 inom
594 1103 130 39 Andra
751 1103 232 39 Kammaren
1010 1103 116 37 väckt
1152 1103 157 47 motion,
1337 1116 61 24 n:o
1427 1103 60 48 85,
1516 1115 81 24 som
1621 1100 199 38 hänvisats

212 1156 56 37 till
296 1156 199 46 utskottet,
523 1156 70 36 har
621 1155 88 37 herr
735 1155 52 38 N.
815 1155 151 38 Nilsson
994 1155 13 37 i
1034 1154 169 38 Skärhus
1231 1154 139 37 anfört:

345 1206 209 48 »Ostridigt
594 1210 42 33 är
663 1205 64 38 det
753 1205 100 38 både
882 1211 112 32 stats-
1021 1205 69 38 och
1118 1204 414 38 nationalekonomiskt
1558 1203 119 37 bistra
1704 1202 113 47 tider,

212 1271 82 23 som
336 1258 58 37 för
434 1256 237 38 närvarande
702 1256 103 48 råda,
833 1257 72 37 och
932 1257 119 48 ingen
1077 1256 99 37 lärer
1204 1256 92 52 vilja
1322 1256 172 46 förneka,
1524 1260 56 31 att
1607 1253 67 38 allt
1698 1257 121 33 måste

211 1313 115 43 göras
354 1308 60 37 för
442 1313 55 32 att
523 1308 85 37 icke
637 1308 292 49 svårigheterna
956 1307 108 37 skola
1091 1307 103 37 ökas.
1228 1300 129 43 Äfven
1385 1305 183 38 skenbart
1596 1303 225 50 obetydliga

213 1358 190 50 åtgärder,
432 1371 81 24 som
536 1359 129 36 kunna
692 1358 129 37 stärka
849 1358 72 37 och
948 1357 179 38 befordra
1153 1357 274 48 utvecklingen
1451 1356 42 38 af
1507 1370 46 24 en
1572 1369 52 36 ny
1641 1355 179 48 närings-

212 1422 107 36 gren,
348 1422 83 24 som
459 1408 120 38 håller
605 1412 49 46 på
681 1414 55 31 att
763 1409 141 49 kämpa
931 1408 60 47 sig
1018 1408 110 47 fram,
1157 1407 37 38 få
1222 1408 48 37 då
1297 1407 35 48 ej
1362 1407 121 37 heller
1510 1406 241 38 försummas.

346 1460 54 38 Ur
427 1460 125 37 denna
578 1459 199 51 synpunkt
804 1464 41 32 är
873 1459 75 47 det,
971 1459 70 50 jag
1068 1460 12 36 i
1108 1459 65 37 det
1199 1458 168 49 följande
1395 1457 97 38 skall
1520 1457 122 37 tillåta
1663 1456 80 48 mig
1766 1460 55 33 att

211 1511 100 37 fästa
350 1510 245 50 Riksdagens
634 1510 344 50 uppmärksamhet
1015 1513 48 47 på
1090 1523 48 24 en
1165 1509 60 38 för
1251 1508 291 48 fjäderfäafveln
1570 1507 250 51 synnerligen

212 1561 126 50 viktig
364 1562 118 49 fråga.

350 1612 80 38 Den
463 1611 56 38 tid
560 1616 41 33 är
627 1612 85 38 icke
741 1612 155 49 mycket
923 1612 183 49 aflägsen,
1135 1611 47 37 då
1209 1610 74 38 den
1311 1610 166 38 svenska
1505 1609 251 50 årsimporten
1784 1608 42 38 af

210 1669 79 42 ägg
324 1663 169 50 uppgick
530 1663 59 37 till
626 1662 142 38 mellan
807 1663 132 50 sjuttio
971 1663 73 37 och
1072 1662 91 37 åttio
1191 1662 190 37 millioner
1409 1661 175 49 stycken,
1607 1659 213 38 värderade

211 1715 58 36 till
310 1715 177 48 omkring
519 1716 21 35 5
561 1712 46 49 !/;
639 1713 189 38 millioner
855 1714 154 47 kronor,
1036 1712 138 38 medan
1204 1718 186 45 exporten
1417 1713 86 36 icke
1531 1711 179 38 betäckte
1739 1723 83 24 mer

212 1770 47 32 än
292 1763 79 49 !,,-
400 1765 92 37 eller
513 1762 144 51 !,s-del
685 1764 41 38 af
749 1765 115 37 dessa
891 1765 135 37 siffror.
1079 1763 86 37 Med
1190 1768 81 33 stor
1299 1763 134 48 energi
1461 1762 116 38 hafva
1605 1760 216 39 emellertid

212 1816 175 37 enskilda
418 1815 253 49 medborgare
704 1816 71 37 och
804 1815 222 49 föreningar
1053 1815 87 37 sökt
1167 1814 116 38 vinna
1310 1828 48 23 en
1386 1814 164 48 ändring
1577 1812 244 47 härutinnan,

212 1867 71 37 och
321 1866 261 38 understödda
619 1866 12 37 i
666 1866 114 38 dessa
808 1866 249 38 sträfvanden
1085 1865 42 37 af
1149 1865 310 48 statsmakterna,
1488 1864 113 37 hafva
1630 1864 47 36 de
1705 1862 115 39 äfven

209 1918 151 49 lyckats
389 1917 262 38 åstadkomma
678 1931 47 24 en
753 1918 119 48 högst
890 1916 175 38 afsevärd
1084 1916 249 49 omkastning
1350 1916 12 37 i
1381 1914 271 39 förutnämnda
1671 1927 149 35 ogynn-

212 1982 145 24 samma
384 1969 99 48 läge.
536 1968 118 38 Förra
681 1968 167 38 halfåret
877 1970 95 36 1908
1001 1967 127 38 kunde
1149 1967 194 49 nämligen
1361 1966 121 49 enligt
1499 1965 178 39 officiella
1696 1964 125 38 siffror

211 2020 121 37 förete
373 2025 55 32 ett
468 2020 217 37 öfverskott
723 2020 43 36 af
801 2019 250 50 exporterade
1089 2018 167 38 svenska
1296 2023 79 45 ägg
1400 2022 201 44 gentemot
1627 2016 193 49 importen

211 2071 42 37 af
275 2070 214 38 utländska.
539 2069 114 38 Detta
679 2070 115 48 visar,
824 2075 55 31 att
906 2070 68 37 här
1000 2069 206 38 förefinnes
1234 2073 55 33 ett
1315 2067 353 47 verksamhetsfält,
1688 2066 69 38 där
1773 2079 47 24 en

211 2121 418 38 nationalekonomiskt
657 2120 85 38 sedt
770 2120 234 49 oförmånlig
1031 2121 73 37 och
1133 2119 194 49 obehöflig
1342 2119 259 37 underbalans
1619 2117 56 38 för
1691 2117 131 38 landet

211 2177 97 33 trots
351 2178 102 32 stora
491 2171 239 50 svårigheter
756 2190 50 7 —
833 2176 171 33 närmast
1038 2170 193 38 beroende
1269 2173 48 47 på
1349 2183 48 24 en
1424 2169 272 38 målmedvetet
1716 2168 106 37 skött

212 2223 73 38 och
312 2223 42 38 af
373 2222 384 50 omständigheterna
784 2222 158 50 gynnad
965 2222 141 49 import
1131 2226 99 33 samt
1247 2234 49 24 en
1312 2221 119 37 redan
1448 2220 41 38 af
1504 2219 118 39 andra
1637 2218 186 49 skickligt

295 2282 68 31 Bih,
388 2282 45 30 till
454 2281 108 31 Riksd.
583 2282 82 31 Prot.
690 2282 90 30 1909.
826 2283 20 28 8
869 2281 90 30 Saml.
1003 2282 22 29 2
1046 2280 72 37 Afd.
1163 2282 21 28 2
1206 2280 97 30 Band.
1349 2280 18 30 1
1392 2279 90 37 Häft.
1529 2278 71 39 (N:o
1625 2278 42 39 1)
1761 2278 15 28 1

1851 1203 141 24 Motionen.
