1862 2790
498 139 330 30 Utrikesutskottets
851 138 179 30 utlåtande
1051 147 43 20 nr
1114 138 20 28 2
1154 138 40 30 år
1217 138 84 29 1965
1627 142 13 29 1

828 354 103 36 Nr
902 350 32 50 2

378 459 328 31 Utrikesutskottets
732 458 179 30 utlåtande
936 458 12 30 i
971 458 188 39 anledning
1183 466 43 21 av
1249 456 173 31 motioner
1446 465 55 21 om
1527 464 42 21 en
1594 456 50 29 in-

599 512 222 30 ternationell
833 512 163 39 fredskår
1010 511 12 30 i
1034 512 93 29 FN:s
1141 511 82 40 regi.

201 620 13 29 I
237 629 48 20 en
307 621 11 29 i
342 619 112 30 första
478 620 206 29 kammaren
709 619 104 29 väckt
837 618 144 35 motion,
1008 627 41 20 nr
1075 618 51 34 73,
1151 627 43 21 av
1218 618 122 29 herrar
1366 616 188 31 Adolfsson
1579 616 64 30 och

155 673 121 40 Lager,
297 674 165 29 ävensom
482 683 43 20 en
546 673 10 29 i
577 673 109 29 andra
706 673 207 29 kammaren
934 672 103 29 väckt
1057 671 224 39 likalydande
1301 670 144 35 motion,
1467 680 41 19 nr
1529 669 51 35 98,
1602 679 41 20 av

155 727 81 30 herr
251 727 130 30 Hector
397 736 45 20 m.
460 726 49 34 fl.,
526 726 94 30 vilka
636 726 173 29 motioner
826 725 181 30 hänvisats
1025 725 52 29 till
1095 724 316 34 utrikesutskottet,
1430 723 148 31 föreslås
1594 724 49 29 att

155 780 188 40 riksdagen
361 779 107 31 måtte
486 780 136 30 besluta
641 781 50 28 att
709 779 64 30 hos
793 779 203 39 regeringen
1014 778 126 40 begära
1159 777 152 31 initiativ
1328 778 10 29 i
1359 777 90 40 syfte
1468 778 50 29 att
1537 776 37 31 få
1591 776 52 30 till

156 834 103 30 stånd
276 842 43 21 en
336 833 259 30 internationell
613 832 162 31 fredskår
792 833 10 29 i
820 832 155 39 FN-regi,
994 833 114 39 öppen
1125 831 56 30 för
1197 832 69 29 alla
1283 831 178 30 nationers
1479 830 164 40 ungdom.

200 887 260 30 Motionärerna
482 886 166 30 hänvisar
671 886 52 30 till
748 885 67 31 den
840 886 150 30 svenska
1014 885 207 30 fredskåren
1245 884 65 30 och
1333 885 146 29 betonar
1502 884 142 30 särskilt

156 940 79 31 dess
262 940 222 40 möjligheter
511 942 50 27 att
589 940 109 40 skapa
725 940 188 29 kontakter
939 940 81 28 över
1048 939 190 39 gränserna
1265 938 65 30 och
1358 938 66 30 den
1452 937 192 31 solidaritet

156 1003 77 21 som
250 994 161 30 kommer
429 993 52 30 till
501 994 139 38 uttryck
660 994 10 29 i
691 992 226 31 fredskårens
937 992 222 30 verksamhet
1179 994 92 27 samt
1291 991 57 30 det
1368 990 209 40 ömsesidiga
1597 990 47 39 gi-

155 1048 129 29 vandet
309 1047 65 30 och
400 1047 238 39 mottagandet
664 1047 129 28 mellan
821 1045 295 30 fredskåristerna
1142 1046 65 29 och
1233 1044 250 40 befolkningen
1509 1045 11 29 i
1546 1044 98 29 verk-

156 1101 286 30 samhetslandet.
466 1101 68 29 För
556 1101 50 29 att
628 1099 157 30 undvika
808 1099 186 30 friktioner
1016 1099 128 29 mellan
1167 1099 102 30 dessa
1293 1106 103 22 anser
1418 1098 227 29 motionärer-

157 1164 44 20 na
221 1154 192 30 emellertid
433 1155 51 28 att
503 1153 249 30 fredskårerna
769 1153 63 29 bör
852 1160 57 32 ges
929 1161 43 21 en
992 1160 74 21 mer
1085 1152 260 29 internationell
1365 1151 196 39 inriktning
1580 1150 65 30 och

156 1207 103 31 anför
276 1208 12 29 i
306 1207 94 30 detta
419 1207 255 39 sammanhang
691 1206 45 30 bl.
757 1216 29 20 a.
806 1208 51 27 att
876 1206 138 39 Sverige
1031 1205 106 30 borde
1156 1205 43 40 gå
1213 1205 14 30 i
1247 1206 140 39 spetsen
1406 1204 55 31 för
1479 1212 42 21 en
1540 1204 105 30 inter-

157 1260 288 40 nationalisering
467 1270 43 20 av
532 1260 462 30 fredskårsverksamheten.
1019 1259 258 30 Motionärerna
1300 1258 131 30 uttalar
1453 1258 119 30 vidare
1595 1259 50 28 att

157 1322 44 22 en
215 1314 167 30 maximal
398 1314 111 30 effekt
525 1314 64 29 när
604 1314 57 29 det
678 1313 107 39 gäller
801 1315 50 27 att
868 1313 111 39 skapa
994 1313 148 29 kontakt
1158 1313 81 29 över
1255 1313 191 38 gränserna
1463 1311 54 30 för
1532 1311 113 30 bättre

157 1368 183 30 förståelse
364 1367 128 29 mellan
517 1367 207 29 nationerna
748 1366 99 30 torde
871 1366 138 40 uppnås
1033 1366 78 29 med
1136 1365 201 30 fredskårer
1361 1366 11 29 i
1396 1365 94 30 vilka
1514 1365 132 39 ungdo-

156 1430 77 20 mar
251 1421 81 29 från
350 1420 122 31 länder
489 1422 11 29 i
517 1421 77 29 väst
612 1420 65 30 och
695 1420 54 29 öst
767 1420 66 29 och
852 1419 161 31 u-länder
1031 1419 137 29 arbetar
1187 1418 77 30 sida
1281 1418 58 30 vid
1359 1418 85 30 sida.
1464 1418 52 29 En
1536 1418 109 30 sådan

157 1474 163 30 fredskår
344 1474 10 29 i
379 1474 145 39 FN-regi
549 1474 83 28 eller
656 1473 188 29 eventuellt
869 1481 42 20 en
935 1473 80 39 pool
1040 1472 10 29 i
1075 1472 156 39 FN-regi,
1256 1472 53 29 till
1334 1480 80 22 vars
1439 1470 207 40 förfogande

157 1527 42 30 de
218 1527 190 30 nationella
426 1527 248 30 fredskårerna
693 1526 126 29 ställde
838 1526 77 29 sina
934 1525 257 34 fredskårister,
1213 1525 112 30 skulle
1345 1525 143 39 avvärja
1507 1524 43 29 de
1568 1533 78 30 pro-

156 1581 93 30 blem
267 1582 11 29 i
297 1580 93 30 form
409 1589 41 21 av
469 1580 227 39 paternalism
715 1579 65 30 och
801 1579 166 30 nationell
987 1579 225 39 propaganda
1231 1578 53 30 till
1303 1578 94 30 vilka
1416 1587 43 21 en
1478 1578 167 29 nationell

157 1634 163 30 fredskår
332 1634 64 30 bär
409 1633 89 30 fröet
512 1633 95 30 inom
622 1633 61 39 sig.

202 1767 117 39 Enligt
344 1767 202 29 inhämtade
572 1765 254 40 upplysningar
850 1765 65 30 har
939 1765 126 39 Kungl.
1091 1765 105 39 Maj:t
1222 1764 67 31 den
1316 1765 37 29 11
1381 1764 155 30 februari
1563 1763 82 31 1965

158 1821 151 29 beslutat
326 1819 159 40 medgiva
501 1821 51 28 att
568 1819 178 30 nämnden
763 1819 56 29 för
836 1818 275 30 internationellt
1127 1818 141 30 bistånd
1285 1818 59 30 må
1360 1818 115 29 inleda
1493 1817 154 30 försöks-

158 1873 223 30 verksamhet
405 1873 10 28 i
442 1873 91 38 syfte
557 1874 50 27 att
632 1872 151 29 utsända
809 1881 42 20 en
877 1871 110 30 första
1013 1879 111 32 grupp
1150 1880 56 21 om
1233 1871 41 30 30
1300 1870 348 30 fredskårsmedlem-

158 1935 77 21 mar
256 1926 112 29 under
389 1926 117 39 loppet
527 1935 43 20 av
591 1925 37 30 år
653 1925 82 30 1965
759 1927 91 27 samt
872 1926 49 28 att
943 1924 122 30 härför
1087 1924 112 30 under
1220 1924 236 29 innevarande
1478 1923 169 40 budgetår

159 1979 138 40 vidtaga
324 1978 227 40 erforderliga
579 1978 160 39 åtgärder
767 1978 169 29 avseende
963 1977 229 39 rekrytering,
1221 1976 198 40 utbildning
1446 1977 65 29 och
1538 1976 110 30 admi-

160 2032 186 30 nistration
360 2032 10 29 i
384 2031 236 39 huvudsaklig
634 2031 348 30 överensstämmelse
996 2031 79 29 med
1090 2030 196 30 nämndens
1300 2030 141 39 förslag.

203 2086 126 29 Vidare
351 2086 64 28 har
437 2086 159 38 upplysts
619 2086 49 28 att
690 2086 49 28 ett
760 2084 277 30 internationellt
1059 2083 389 31 fredskårssekretariat
1475 2083 173 33 (Interna-

160 2139 107 29 tional
290 2138 205 31 Secretariat
517 2138 54 29 for
592 2138 189 30 Volunteer
803 2137 151 33 Service)
982 2138 197 37 upprättats
1200 2136 46 40 på
1267 2136 170 39 grundval
1459 2146 41 19 av
1522 2138 48 27 ett
1590 2145 58 20 en-

159 2192 122 39 hälligt
303 2191 113 30 beslut
438 2191 55 29 vid
517 2200 41 20 en
581 2190 189 30 konferens
794 2191 8 28 i
827 2191 126 28 Puerto
977 2190 82 29 Rico
1084 2190 92 33 1962,
1200 2191 10 29 i
1232 2190 116 28 vilken
1372 2189 40 30 42
1436 2189 121 29 länder
1578 2189 70 29 del-

161 2246 65 37 tog.
247 2244 246 30 Sekretariatet
514 2244 100 38 utgör
631 2253 42 19 en
692 2243 132 29 central
845 2243 54 29 för
920 2242 226 29 information
1166 2251 57 20 om
1244 2241 404 30 fredskårsverksamhet

160 2298 11 29 i
194 2297 95 30 olika
312 2297 96 29 delar
431 2306 43 19 av
497 2296 152 29 världen.
675 2296 64 29 Det
763 2296 65 28 har
853 2296 8 28 i
888 2295 137 39 uppgift
1049 2297 50 27 att
1123 2295 106 29 verka
1254 2294 54 30 för
1333 2295 250 38 upprättandet
1606 2303 43 20 av

161 2349 459 38 fredskårsorganisationer
645 2349 8 29 i
677 2348 94 29 olika
796 2348 130 29 länder.
952 2348 91 29 Från
1069 2348 124 29 svensk
1220 2347 74 30 sida
1319 2347 65 29 har
1408 2347 9 29 i
1441 2347 93 29 olika
1559 2356 90 20 sam-

161 2404 178 36 manhang
365 2402 174 29 förordats
566 2403 46 27 ett
639 2401 194 30 samarbete
861 2401 128 29 mellan
1015 2400 423 30 fredskårssekretariatet
1465 2400 64 29 och
1556 2400 92 29 FN:s

160 2455 393 31 biståndsverksamhet.

194 2528 15 25 1
250 2526 110 30 Bihang
377 2525 46 24 till
439 2525 168 30 riksdagens
622 2524 148 31 protokoll
787 2524 75 24 1965.
877 2524 15 24 5
908 2524 84 24 saml.
1010 2524 12 23 1
1039 2523 63 24 avd.
1117 2524 40 23 Nr
1173 2527 13 20 2
