1924 2832
338 169 39 30 4
544 169 109 27 Första
674 169 197 27 kammarens
892 167 103 30 andra
1016 170 155 35 tillfälliga
1194 171 132 27 utskotts
1349 170 157 28 utlåtande
1528 171 43 27 Nr
1593 171 26 27 8.

384 250 63 30 Det
469 249 36 30 så
527 250 62 30 vitt
608 250 128 30 bekant
756 250 108 30 första
885 250 152 31 försöket
1060 253 48 28 att
1128 251 10 29 i
1160 252 106 29 större
1289 251 96 30 skala
1407 251 63 30 och
1492 251 54 30 för
1567 261 94 20 mera
1683 251 143 30 allmänt

336 295 89 29 bruk
454 294 196 39 organisera
679 295 298 39 sparverksamhet
1006 295 10 29 i
1047 296 191 29 samarbete
1265 296 127 29 mellan
1422 296 305 39 lantarbetsgivare
1756 297 64 28 och

335 338 230 31 lantarbetare
584 339 143 30 innebar
748 342 46 27 ett
815 349 41 20 av
878 339 152 39 Sveriges
1051 340 176 29 allmänna
1250 341 336 38 lantbrukssällskap
1608 349 122 30 genom
1752 342 67 28 sär-

336 382 111 30 skilda
471 383 264 30 kommitterade
761 383 37 30 år
825 384 81 30 1918
929 384 164 39 framlagt
1117 384 128 39 förslag
1270 385 50 29 till
1344 386 231 38 upprättande
1600 394 41 20 av
1665 394 41 21 en
1730 384 90 39 jord-

335 427 140 30 brukets
495 427 200 38 egnahems-
715 428 64 30 och
800 428 282 30 livränteanstalt.
1105 429 120 30 Denna
1245 430 126 29 anstalt
1394 430 108 30 skulle
1522 430 45 29 ha
1588 429 50 30 till
1658 429 161 30 ändamål

335 473 49 27 att
406 471 105 30 verka
533 471 54 31 för
611 472 56 30 det
688 473 147 29 svenska
857 472 220 39 jordbrukets
1102 473 195 39 främjande
1321 482 123 30 genom
1468 477 48 27 att
1540 475 84 28 söka
1648 474 171 30 förskaffa

335 513 35 31 åt
391 514 203 39 jordbruket
615 525 42 21 en
677 516 78 36 fast,
778 516 131 40 pålitlig
930 517 65 30 och
1018 517 208 31 välsituerad
1247 519 227 29 arbetarstam
1497 521 88 27 samt
1607 518 143 39 bidraga
1770 519 50 29 till

334 559 221 31 densammas
579 560 150 39 höjande
753 561 10 30 i
788 561 228 36 ekonomiskt,
1043 562 119 30 socialt
1187 563 65 29 och
1278 562 102 31 etiskt
1404 563 206 30 hänseende.
1637 563 65 30 För
1728 563 91 30 detta

335 603 162 30 ändamål
519 604 110 31 skulle
651 605 170 30 anstalten
842 606 84 30 söka

381 646 28 40 1)
432 647 163 32 befordra
613 648 388 39 jordbruksarbetarnas
1022 651 215 39 sparsamhet
1257 660 123 30 genom
1400 652 230 38 insättningar
1649 662 41 19 av
1709 652 108 30 medel

334 691 50 30 uti
402 692 142 39 lämplig
563 693 299 40 bankinrättning;

378 734 31 40 2)
434 737 104 29 verka
557 737 55 30 för
630 740 48 27 att
696 738 344 38 jordbruksarbetare
1059 740 142 30 beredas
1222 741 133 30 tillfälle
1375 744 48 27 att
1443 742 144 29 medelst
1606 740 145 31 sålunda
1770 751 48 19 er-

334 781 117 31 hållna
473 783 192 38 sparmedel
685 783 161 31 förvärva
866 787 73 36 eget
960 785 80 29 hem
1061 785 80 30 eller
1162 788 105 27 annat
1289 785 240 39 självständigt
1550 785 168 39 jordbruk
1741 786 78 29 eller

334 826 58 30 vid
410 827 67 29 viss
495 826 165 40 uppnådd
679 827 93 31 ålder
795 827 32 39 (t.
848 838 49 20 ex.
917 829 40 30 55
976 828 48 39 år)
1049 829 192 30 utfallande
1258 830 132 39 kapital
1408 833 88 27 samt
1515 830 160 35 livränta;

377 870 31 38 3)
436 871 125 30 bereda
583 871 343 39 jordbruksarbetare
950 873 133 30 tillfälle
1105 877 48 26 att
1177 874 48 30 uti
1247 874 143 39 lämplig
1413 874 405 38 försäkringsinrättning

333 914 129 31 erhålla
488 915 197 39 försäkring
711 916 53 30 för
791 917 149 30 dödsfall
965 918 65 30 och
1055 918 156 39 varaktig
1236 918 310 39 arbetsoförmåga;
1575 922 88 27 samt

376 960 31 39 4)
438 962 104 30 verka
565 962 54 30 för
643 962 180 39 tidsenliga
846 962 165 31 reformer
1036 963 219 29 beträffande
1279 963 391 38 jordbruksarbetarnas
1695 964 122 30 utbild-

333 1005 125 39 nings-,
481 1006 166 35 bostads-,
670 1007 101 34 löne-,
795 1007 126 30 arbets-
944 1007 65 30 och
1032 1006 398 31 levnadsförhållanden.

377 1052 196 31 Anstaltens
596 1053 139 38 styrelse
758 1052 110 30 skulle
891 1055 91 26 utses
1007 1061 42 20 av
1073 1051 122 39 Kungl.
1220 1051 101 39 Maj:t
1343 1051 55 31 för
1421 1061 43 20 en
1486 1052 49 30 tid
1557 1061 43 21 av
1622 1055 49 27 tre
1695 1051 37 31 år
1754 1053 64 29 och

332 1095 96 31 bestå
450 1106 42 20 av
514 1096 210 31 ordförande
747 1096 66 30 och
836 1106 57 21 sex
916 1096 198 36 ledamöter,
1139 1106 41 20 av
1202 1096 93 30 vilka
1320 1099 49 27 tre
1391 1096 110 30 skulle
1524 1105 101 21 anses
1646 1106 171 30 represen-

332 1143 72 27 tera
421 1140 333 39 lantarbetsgivarna
772 1141 66 30 och
857 1143 49 28 tre
924 1141 267 29 lantarbetarna.
1213 1140 172 39 Styrelsen
1403 1141 106 30 borde
1529 1141 79 30 med
1628 1141 50 39 sig
1696 1141 121 39 adjun-

333 1192 78 30 gera
430 1194 41 20 en
489 1185 152 30 ledamot
661 1184 77 31 från
758 1185 66 30 den
844 1185 287 38 bankinrättning
1149 1185 65 30 och
1235 1195 42 20 en
1296 1184 80 31 från
1396 1185 65 30 den
1482 1185 335 39 försäkringsinrätt-

335 1228 92 39 ning,
447 1229 79 29 med
544 1229 93 30 vilka
658 1230 166 37 styrelsen
843 1229 122 30 träffar
986 1230 334 30 överenskommelse
1339 1239 57 21 om
1417 1230 202 31 samarbete.
1642 1230 67 30 För
1727 1231 95 29 verk-

333 1273 178 30 samheten
533 1273 10 30 i
565 1276 136 27 orterna
725 1274 110 30 skulle
858 1274 164 38 styrelsen
1047 1274 53 30 för
1123 1274 94 38 varje
1238 1274 58 30 län
1320 1277 75 27 utse
1416 1284 42 20 en
1480 1275 134 29 nämnd
1634 1273 184 32 bestående

332 1326 42 20 av
392 1317 210 30 ordförande
622 1318 65 29 och
706 1317 57 31 två
781 1318 197 35 ledamöter,
999 1328 42 20 av
1062 1318 92 30 vilka
1175 1327 119 21 senare
1312 1328 42 20 en
1373 1319 106 30 borde
1498 1319 175 30 företräda
1690 1319 126 30 arbets-

333 1360 158 39 givarnas
515 1361 65 30 och
602 1371 42 20 en
667 1362 200 30 arbetarnas
889 1362 176 30 intressen.

378 1408 74 30 Den
471 1406 145 31 sålunda
635 1407 186 39 planerade
840 1407 170 29 anstalten
1029 1407 83 30 kom
1132 1407 74 29 icke
1225 1407 50 30 till
1295 1406 110 31 stånd.
1426 1407 125 30 Härtill
1571 1408 96 29 torde
1686 1408 136 30 särskilt

331 1452 45 30 ha
395 1452 201 31 medverkat
615 1452 65 30 den
699 1451 310 39 omständigheten,
1030 1454 50 27 att
1099 1451 202 39 jordbruket
1321 1451 95 31 inom
1437 1451 108 40 några
1565 1451 38 31 år
1625 1453 192 29 drabbades

331 1506 42 20 av
394 1506 42 20 en
457 1496 206 31 ekonomisk
684 1495 207 39 depression,
914 1505 74 20 som
1009 1495 78 30 blev
1108 1496 137 38 mycket
1266 1495 176 31 ihållande
1464 1496 64 30 och
1552 1495 187 40 långvarig.
1763 1497 53 29 Vi-

331 1540 82 31 dare
433 1540 89 30 lärer
543 1540 46 30 ha
613 1540 166 36 inverkat,
803 1542 50 28 att
874 1540 195 38 betydande
1091 1539 245 40 förändringar
1358 1540 119 31 inträtt
1499 1541 10 29 i
1531 1540 100 40 fråga
1653 1551 57 21 om
1730 1542 86 29 lant-

331 1585 200 29 arbetarnas
556 1583 333 37 löneförhållanden,
916 1584 10 30 i
951 1584 56 30 det
1031 1587 49 27 att
1105 1585 71 30 dels
1201 1585 258 30 arbetslönerna
1484 1585 10 30 i
1518 1586 190 30 allmänhet
1733 1586 84 30 efter

331 1627 38 31 år
389 1629 82 29 1920
488 1628 171 38 nedgingo
677 1628 78 30 med
772 1629 131 29 40—50
923 1626 44 35 Z,
988 1629 71 29 dels
1079 1629 275 39 förskjutningar
1372 1629 189 31 inträffade
1580 1631 127 29 mellan
1725 1631 91 30 löne-

330 1672 90 38 läget
441 1672 55 30 för
516 1672 93 30 olika
631 1672 368 39 lantarbetargrupper.
1025 1673 47 30 Ur
1093 1673 63 30 här
1176 1672 265 40 ifrågavarande
1465 1675 177 38 synpunkt
1664 1675 62 29 bör
1748 1675 68 29 sär-

331 1716 80 30 skilt
438 1717 337 38 uppmärksammas,
805 1719 50 28 att
882 1717 125 30 medan
1035 1717 106 39 enligt
1169 1717 291 39 socialstyrelsens
1488 1719 229 30 lönestatistik
1746 1729 70 20 om-

329 1760 102 39 kring
455 1760 38 31 år
519 1761 84 30 1918
627 1760 108 39 ogifta
758 1760 133 39 tjänare
915 1761 89 31 hade
1029 1761 51 31 till
1105 1762 65 30 och
1195 1762 79 30 med
1299 1761 105 39 något
1428 1763 106 38 högre
1561 1763 255 39 genomsnittlig

330 1805 207 30 kontantlön
563 1806 44 29 än
634 1804 85 40 gifta
745 1805 215 39 kördrängar
992 1805 76 39 (689
1095 1815 86 30 resp.
1210 1807 63 30 646
1299 1806 79 39 kr.),
1407 1808 189 30 relationen
1625 1808 191 30 sedermera

330 1848 228 31 förändrades
579 1849 144 37 därhän,
745 1852 50 27 att
815 1850 42 30 de
877 1850 106 39 ogifta
1006 1850 161 39 tjänarna
1188 1860 145 21 numera
1354 1852 45 30 ha
1419 1852 10 29 i
1450 1852 209 38 genomsnitt
1679 1862 54 20 c:a
1757 1854 59 29 100

330 1893 51 29 kr.
404 1893 91 39 lägre
518 1894 207 30 kontantlön
746 1903 60 30 per
827 1893 38 31 år
887 1895 44 29 än
953 1895 42 30 de
1017 1894 86 40 gifta
1132 1894 49 40 (år
1205 1896 82 30 1935
1310 1896 61 30 551
1394 1905 86 30 resp.
1504 1897 64 29 649
1589 1896 78 39 kr.).
1691 1897 124 38 Dylika

332 1937 324 39 löneförändringar
675 1939 59 29 äro
753 1938 141 38 givetvis
913 1948 41 21 av
973 1942 70 27 stor
1061 1939 173 39 betydelse
1247 1940 55 30 för
1315 1940 225 39 möjligheten
1553 1944 49 27 att
1615 1942 107 29 bland
1734 1942 86 29 lant-

330 1982 155 31 arbetare
512 1982 198 39 organisera
738 1983 310 38 sparverksamhet,
1079 1983 44 31 då
1153 1984 112 30 denna
1295 1985 64 29 här
1388 1995 74 20 som
1492 1986 226 30 annorstädes
1747 1987 68 29 sär-

329 2024 81 32 skilt
433 2026 107 30 borde
566 2027 64 38 äga
654 2037 77 20 rum
756 2027 10 29 i
790 2027 266 39 ungdomsåren,
1082 2028 107 30 innan
1214 2028 600 40 familjeförsörjningskostnaderna

329 2069 92 31 bliva
443 2071 229 38 betungande.

375 2116 56 30 Ett
456 2119 76 36 nytt
559 2116 130 39 förslag
715 2115 51 31 till
792 2116 220 39 organiserad
1041 2117 300 39 sparverksamhet
1369 2118 171 31 innehölls
1570 2119 10 29 i
1609 2122 123 28 tvenne
1759 2120 56 29 vid

333 2161 83 29 1930
438 2159 55 31 års
516 2160 141 39 riksdag
679 2160 195 39 framlagda
896 2160 223 39 likalydande
1141 2162 169 30 motioner
1339 2161 52 39 (nr
1414 2164 62 28 229
1499 2163 10 30 i
1533 2164 109 29 första
1664 2164 65 30 och
1752 2165 62 29 375

329 2204 10 29 i
359 2205 109 29 andra
487 2203 232 39 kammaren),
740 2204 93 30 vilka
854 2204 167 39 åsyftade,
1042 2209 50 27 att
1110 2206 184 39 riksdagen
1312 2207 79 30 ville
1410 2207 9 30 i
1440 2207 163 31 skrivelse
1622 2208 50 30 till
1692 2208 122 40 Kungl.

330 2248 100 39 Maj:t
447 2249 182 30 hemställa
649 2259 56 20 om
724 2249 190 38 skyndsam
932 2250 184 39 utredning
1135 2260 41 20 av
1195 2250 124 40 frågan
1338 2261 57 20 om
1415 2252 196 29 inrättande
1629 2272 44 2 —
1692 2261 122 30 genom

329 2292 206 39 ömsesidiga
556 2292 161 39 frivilliga
737 2293 145 31 insatser
902 2303 42 21 av
963 2295 231 38 arbetsgivare
1213 2296 65 29 och
1299 2296 155 30 arbetare
1476 2299 90 27 samt
1587 2297 79 29 med
1688 2298 128 38 statligt

331 2337 188 30 understöd
541 2355 43 3 —
606 2346 42 20 av
670 2337 265 31 intressekassor
957 2339 80 30 med
1059 2339 89 39 syfte
1170 2342 48 28 att
1240 2340 196 31 underlätta
1459 2339 361 39 jordbruksarbetares

332 2380 171 40 övergång
522 2381 51 30 till
593 2381 247 40 självständiga
859 2383 148 30 brukare
1027 2384 66 29 och
1113 2384 127 39 främja
1259 2384 99 30 deras
1380 2385 300 39 sparverksamhet
1700 2386 53 30 för
1773 2386 46 30 ål-

331 2425 196 32 derdomen.
548 2426 214 30 Motionerna
782 2436 116 21 vunno
915 2427 31 39 ej
957 2427 202 39 riksdagens
1172 2428 107 36 bifall,
1292 2429 121 30 varvid
1423 2431 46 28 ett
1479 2429 255 40 betydelsefullt
1746 2431 73 28 skäl

329 2479 101 29 synes
451 2470 96 35 varit,
571 2473 49 27 att
641 2469 94 31 såväl
756 2471 153 30 Svenska
929 2472 399 31 lantarbetarförbundet
1349 2474 65 29 och
1437 2473 153 32 Svenska
1613 2475 201 30 lantarbets-

328 2514 159 39 givarnas
513 2514 291 41 centralförening
829 2525 74 21 som
929 2517 86 29 även
1041 2516 153 31 Svenska
1222 2518 400 40 sparbanksföreningen
1648 2519 91 30 ställt
1765 2519 49 39 sig
