1866 2808
543 183 104 30 Första
669 184 200 36 lagutskottets
890 186 152 29 utlåtande
1064 196 35 20 nr
1117 188 47 28 32.
1585 191 13 29 1

769 395 67 41 Nr
868 395 66 42 32.

640 489 112 26 Ankom
775 490 42 27 till
837 491 169 34 riksdagens
1028 491 93 27 kansli
1143 492 54 26 den
1223 494 30 26 15
1276 494 57 33 maj
1359 495 66 26 1945
1448 494 36 27 kl.
1507 496 15 25 4
1544 502 52 18 em.

306 576 182 33 Utlåtande
513 580 11 29 i
549 579 185 41 anledning
762 590 41 22 av
829 581 124 40 Kungl.
980 583 118 39 Maj:ts
1122 584 214 39 proposition
1365 585 78 31 med
1467 585 129 39 förslag

503 641 49 30 till
576 641 54 40 lag
654 651 56 22 om
733 641 138 38 fortsatt
893 644 155 40 giltighet
1072 655 41 21 av
1138 645 99 40 lagen
1261 646 67 31 den
1352 647 42 31 30
1417 646 179 32 december

508 703 84 31 1939
607 704 59 37 (nr
682 705 83 37 951)
781 706 178 39 angående
974 709 90 30 vissa
1082 708 195 38 utfästelser
1293 709 148 32 rörande
1458 710 142 37 införsel

504 766 64 31 och
590 767 142 38 utförsel
754 778 41 21 av
818 777 99 23 varor
938 779 44 22 m.
1006 780 44 21 m.

148 868 129 33 Genom
301 880 41 22 en
368 872 64 31 den
457 873 19 30 9
501 873 151 33 februari
681 876 81 30 1945
786 876 228 40 dagtecknad,
1039 878 50 31 till
1112 878 188 40 lagutskott
1323 879 171 32 hänvisad
1519 889 75 31 pro-

102 923 160 39 position,
289 934 39 22 nr
353 926 51 36 59,
430 926 115 31 vilken
568 928 205 32 behandlats
797 939 42 21 av
862 930 109 32 första
997 932 232 39 lagutskottet,
1254 933 65 32 har
1346 934 122 40 Kungl.
1496 934 98 40 Maj:t

104 977 109 31 under
234 977 220 42 åberopande
475 989 42 22 av
540 982 257 39 propositionen
818 984 150 39 bilagda,
993 985 9 30 i
1025 986 183 32 statsrådet
1231 987 65 31 och
1320 987 154 40 lagrådet
1494 987 100 32 förda

101 1031 172 37 protokoll
298 1031 174 41 föreslagit
496 1034 184 40 riksdagen
703 1040 48 27 att
776 1040 124 36 antaga
925 1037 157 40 följande
1105 1039 56 31 vid
1188 1040 257 40 propositionen
1472 1041 123 39 fogade

103 1083 128 40 förslag
256 1085 49 30 till

787 1198 128 52 Lag

102 1292 56 23 om
186 1284 142 33 fortsatt
354 1287 158 40 giltighet
540 1298 41 22 av
609 1290 100 38 lagen
736 1290 66 31 den
829 1292 43 30 30
897 1291 186 33 december
1111 1293 84 31 1939
1222 1294 56 38 (nr
1305 1294 79 40 951)
1413 1295 181 39 angående

212 1349 92 31 vissa
331 1349 200 33 utfästelser
557 1352 151 31 rörande
734 1353 145 31 införsel
904 1356 67 29 och
999 1355 147 32 utförsel
1171 1365 43 23 av
1240 1365 103 23 varor
1366 1366 46 23 m.
1437 1367 46 21 m.

146 1429 210 40 Härigenom
384 1432 193 38 förordnas,
606 1438 49 27 att
683 1435 97 38 lagen
810 1436 66 29 den
905 1437 42 29 30
975 1437 181 31 december
1187 1439 83 30 1939
1298 1439 179 39 angående
1505 1439 89 31 vissa

102 1480 195 32 utfästelser
319 1484 147 31 rörande
489 1484 140 32 införsel
654 1487 65 30 och
741 1486 142 32 utförsel
906 1498 42 21 av
972 1498 101 22 varor
1096 1500 43 21 m.
1164 1500 54 27 m.,
1244 1490 112 31 vilken
1380 1492 138 38 jämlikt
1541 1493 54 38 lag

102 1535 65 30 den
193 1537 18 29 5
238 1537 70 39 maj
338 1538 81 30 1944
451 1539 54 38 (nr
532 1540 72 39 184)
635 1541 106 38 gäller
766 1542 48 30 till
841 1543 65 29 och
933 1543 78 30 med
1037 1543 65 30 den
1125 1545 41 29 30
1192 1545 74 38 juni
1298 1546 91 36 1945,
1417 1546 88 31 skall
1530 1547 64 38 äga

102 1590 135 32 fortsatt
259 1591 152 40 giltighet
434 1593 48 31 till
505 1594 64 30 och
592 1596 76 30 med
692 1596 67 30 den
780 1597 42 29 30
842 1596 73 39 juni
942 1598 93 31 1946.

144 1706 116 39 Lagen
280 1707 66 31 den
366 1709 41 29 30
426 1709 183 32 december
631 1712 82 29 1939
736 1712 54 39 (nr
807 1712 75 40 951)
905 1712 182 39 angående
1108 1714 90 31 vissa
1219 1714 200 32 utfästelser
1441 1716 150 31 rörande

101 1759 144 31 införsel
261 1761 65 29 och
344 1761 144 31 utförsel
506 1772 41 21 av
564 1773 102 21 varor
682 1774 43 20 m.
744 1775 44 20 m.
807 1766 117 38 gäller,
942 1767 107 38 enligt
1066 1768 54 38 lag
1136 1768 66 30 den
1222 1769 18 29 5
1257 1770 71 38 maj
1348 1770 93 36 1944,
1459 1779 40 21 nr
1520 1771 70 34 184,

100 1813 50 29 till
174 1813 66 30 och
262 1814 80 30 med
363 1815 67 30 den
453 1816 42 29 30
517 1817 75 38 juni
619 1818 91 30 1945.
746 1818 115 38 Enligt
884 1819 248 32 förstnämnda
1155 1821 56 38 lag
1235 1823 82 37 äger
1341 1821 124 40 Kungl.
1491 1823 99 39 Maj:t

100 1866 78 30 med
202 1867 204 39 riksdagens
431 1870 180 38 samtycke
636 1871 55 29 vid
714 1872 77 37 krig
814 1872 84 30 eller
921 1873 187 38 krigsfara,
1134 1875 73 29 vari
1232 1875 88 30 riket
1342 1876 165 31 befinner
1528 1877 62 37 sig,

98 1920 83 30 eller
196 1921 100 38 eljest
313 1922 111 30 under
442 1923 305 39 utomordentliga,
765 1934 42 20 av
824 1925 77 38 krig
918 1926 208 31 föranledda
1144 1927 246 32 förhållanden
1410 1929 179 33 förordna,

97 1975 49 27 alt
167 1974 191 36 utfästelse,
378 1983 75 22 som
474 1975 147 31 innebär
640 1977 257 39 inskränkning
917 1979 8 29 i
946 1979 152 31 friheten
1118 1984 47 26 att
1189 1981 50 30 till
1259 1982 88 30 riket
1369 1983 116 30 införa
1507 1983 82 31 eller

99 2036 39 19 ur
159 2026 87 30 riket
268 2027 114 31 utföra
404 2028 84 30 eller
509 2029 95 30 inom
625 2030 87 30 riket
735 2031 137 38 förfoga
893 2033 83 29 över
996 2042 103 21 varor
1120 2035 83 29 eller
1223 2038 50 27 alt
1294 2035 191 32 fortskaffa
1506 2037 84 30 eller

97 2080 95 38 eljest
211 2080 162 31 befordra
391 2091 101 21 varor
512 2083 47 29 till
580 2083 79 30 eller
679 2083 75 31 från
775 2085 87 30 riket
878 2085 83 31 eller
980 2086 95 30 inom
1093 2087 96 36 riket,
1210 2088 97 36 skall,
1328 2089 61 30 där
1408 2090 180 30 inskränk-

99 2133 126 38 ningen
244 2134 37 29 är
297 2134 81 30 eller
395 2136 68 29 kan
482 2139 143 35 antagas
644 2146 78 20 vara
742 2147 40 20 av
801 2138 240 32 beskaffenhet
1060 2143 46 26 att
1128 2141 92 38 tjäna
1240 2141 220 32 främmande
1474 2144 115 30 makts

99 2186 155 36 intresse,
281 2187 75 30 icke
379 2197 82 21 vara
487 2189 160 38 gällande
672 2191 79 29 med
775 2191 137 30 mindre
938 2192 155 30 tillstånd
1121 2194 48 29 till
1196 2194 204 31 utfästelsen
1427 2196 160 31 lämnats.

98 2239 114 31 Under
230 2240 58 35 tid,
307 2240 42 30 då
369 2241 182 39 riksdagen
569 2243 30 37 ej
617 2243 39 29 är
672 2244 141 36 samlad,
833 2245 80 37 äger
931 2245 121 37 Kungl.
1072 2246 97 38 Maj:t
1189 2247 156 30 meddela
1363 2249 223 38 provisoriskt

97 2292 233 31 förordnande
355 2294 6 28 i
388 2293 227 31 förenämnda
639 2296 204 30 hänseende.
869 2296 132 31 Genom
1023 2298 205 39 förordning
1253 2300 64 29 den
1343 2302 41 28 30
1408 2301 180 30 december

102 2346 90 35 1939,
218 2355 38 20 nr
280 2347 73 34 952,
380 2346 64 30 har
471 2347 121 38 Kungl.
618 2348 97 38 Maj:t
741 2349 76 29 med
843 2351 178 37 samtycke
1044 2360 41 20 av
1114 2352 81 29 1939
1221 2352 56 31 års
1300 2353 125 31 urtima
1449 2355 139 38 riksdag

102 2399 175 33 (skrivelse
298 2409 41 20 nr
363 2399 52 38 21)
445 2400 169 30 meddelat
641 2401 8 29 i
676 2402 96 38 lagen
797 2405 107 27 avsett
928 2402 234 32 förordnande
1185 2408 49 27 att
1258 2405 87 38 gälla
1370 2407 67 29 tills
1462 2408 124 31 vidare.

97 2451 169 31 Tillstånd
295 2462 72 20 som
398 2453 7 29 i
436 2453 98 38 lagen
565 2463 96 21 avses
690 2455 144 35 lämnas,
864 2455 54 31 för
946 2456 170 31 särskilda
1147 2457 57 31 fall
1235 2458 81 31 eller
1346 2460 8 29 i
1386 2460 121 31 därom
1538 2466 47 27 ut-

98 2505 142 30 färdade
258 2506 229 38 kungörelser,
508 2516 41 20 av
571 2507 119 38 Kungl.
712 2508 95 38 Maj:t
829 2509 80 30 eller
926 2508 66 31 den
1014 2509 120 40 Kungl.
1158 2510 98 39 Maj:t
1276 2512 112 31 därtill
1408 2514 177 39 bemyndi-

136 2566 115 35 Bihang
270 2568 43 26 till
333 2567 171 35 riksdagens
524 2569 151 35 protokoll
696 2571 80 26 1945.
807 2571 17 26 9
844 2571 82 27 samt.
960 2573 12 25 1
995 2571 66 28 avd.
1094 2572 41 27 Nr
1155 2573 124 27 32-—33.
