1886 2848
561 164 276 30 Statsutskottets
862 163 176 31 utlåtande
1063 164 48 29 Nr
1135 164 72 30 207.
1607 157 14 30 1

785 385 60 39 Nr
873 383 85 41 207.

505 492 124 26 Ankom
652 491 46 26 till
722 491 177 34 riksdagens
923 490 100 27 kansli
1048 490 57 26 den
1128 489 38 27 23
1191 489 62 34 maj
1282 488 77 27 1939
1384 488 39 27 kl.
1454 490 10 24 1
1491 495 24 19 e.
1541 495 40 23 m.

341 601 181 31 Utlåtande
544 602 11 29 i
574 601 186 36 anledning
780 610 42 21 av
847 601 121 36 Kungl.
990 601 119 36 Maj:ts
1129 600 215 36 proposition
1366 599 177 36 angående
1565 608 57 20 an-

560 647 71 41 slag
649 652 50 30 till
719 651 218 38 uppförande
959 661 41 20 av
1020 650 208 38 nybyggnad
1246 650 55 38 för
1319 659 42 21 en
1380 651 129 29 statens
1528 649 94 37 sjuk-

559 702 287 31 sköterskeskola.

1392 751 67 39 (3:e
1481 750 91 39 avd.)

163 857 12 29 I
204 855 199 36 anslutning
431 855 52 30 till
511 854 52 30 sin
590 854 10 30 i
628 853 88 31 årets
745 853 405 37 statsverksproposition
1177 852 112 31 under
1315 852 306 36 kapitalbudgeten

124 905 124 39 (bilaga
274 906 30 35 3,
329 906 112 35 punkt
465 905 31 39 5)
528 904 122 37 gjorda
674 904 258 36 framställning
959 904 65 30 har
1050 903 121 36 Kungl.
1200 902 103 36 Maj:t
1326 902 10 30 i
1360 902 260 37 propositionen

117 966 41 20 nr
176 957 71 34 199,
266 956 110 30 under
391 955 221 36 åberopande
628 964 41 21 av
685 955 108 36 bilagt
808 955 123 35 utdrag
949 963 43 22 av
1009 953 376 37 statsrådsprotokollet
1401 954 83 29 över
1500 952 119 31 social-

118 1006 151 30 ärenden
293 1006 67 29 den
386 1005 38 30 10
447 1014 94 21 mars
569 1005 91 35 1939,
686 1004 178 36 föreslagit
887 1004 184 36 riksdagen
1095 1007 47 27 att
1166 1004 51 29 till
1242 1002 227 37 Uppförande
1493 1012 43 21 av
1560 1011 59 28 ny-

117 1057 159 36 byggnad
314 1056 55 30 för
402 1059 129 28 statens
568 1055 360 37 sjuksköterskeskola
965 1055 20 31 å
1010 1055 306 36 kapitalbudgeten
1340 1054 55 30 för
1418 1053 203 37 budgetåret

120 1102 137 40 1939/40
276 1107 111 30 under
402 1107 121 29 rubrik
542 1106 133 30 Statens
693 1106 179 30 allmänna
888 1105 268 36 fastighetsfond
1174 1105 122 30 anvisa
1314 1107 46 28 ett
1376 1104 243 31 reservations-

117 1158 118 35 anslag
256 1167 42 20 av
319 1157 140 35 200,000
479 1157 139 29 kronor.

161 1258 97 29 Efter
283 1258 214 35 redogörelse
522 1257 56 30 för
603 1257 201 30 nuvarande
831 1256 218 36 möjligheter
1073 1256 50 30 till
1146 1256 66 30 och
1239 1256 150 36 grunder
1414 1255 56 30 för
1495 1255 124 30 utbild-

118 1308 80 36 ning
226 1317 43 21 av
296 1307 161 31 blivande
484 1307 283 36 sjuksköterskor
793 1307 131 30 erinras
952 1307 10 29 i
991 1306 270 37 propositionen,
1290 1308 49 28 att
1365 1305 255 39 medicinalsty-

119 1358 109 30 relsen
250 1358 9 29 i
283 1358 181 30 skrivelser
486 1358 66 29 den
579 1357 37 30 15
639 1358 143 29 oktober
808 1357 80 29 1937
913 1357 64 30 och
999 1358 39 28 21
1063 1356 136 37 januari
1226 1357 83 29 1938
1332 1356 186 36 uppdragit
1540 1357 81 29 rikt-

118 1408 101 37 linjer
236 1408 57 30 för
311 1408 241 30 anordnandet
571 1417 41 21 av
630 1417 41 21 en
690 1411 205 33 permanent
913 1407 114 36 statlig
1046 1407 360 35 sjuksköterskeskola
1424 1410 91 27 samt
1533 1406 87 30 före-

118 1459 108 36 slagit,
248 1462 49 26 att
318 1458 55 30 för
392 1459 205 29 densamma
618 1458 109 30 skulle
747 1457 169 37 uppföras
939 1467 43 20 en
1003 1457 147 30 särskild
1170 1457 163 36 byggnad
1356 1456 10 30 i
1388 1457 168 30 närheten
1580 1466 41 21 av

119 1509 201 30 karolinska
348 1508 183 36 sjukhuset
560 1507 21 31 å
612 1508 211 30 Norrbacka.
879 1507 172 36 Styrelsen
1080 1508 63 29 har
1171 1507 123 30 därvid
1325 1506 109 37 utgått
1463 1506 81 31 från
1573 1509 48 28 att

116 1557 290 36 undervisningen
429 1558 58 30 vid
510 1557 113 30 denna
647 1557 97 30 skola
770 1557 110 30 skulle
902 1557 160 30 bedrivas
1085 1556 84 31 efter
1194 1557 10 29 i
1227 1557 184 29 huvudsak
1438 1557 184 30 enahanda

117 1609 150 35 grunder
291 1618 74 20 som
390 1608 56 30 vid
471 1607 149 31 flertalet
644 1608 117 35 övriga
787 1607 377 36 sjuksköterskeskolor
1188 1608 65 29 här
1279 1607 10 29 i
1314 1608 125 29 landet.
1479 1608 13 29 I
1519 1607 102 36 enlig-

119 1661 56 28 het
201 1660 146 29 härmed
373 1660 109 29 skulle
510 1659 239 35 utbildningen
777 1668 84 21 vara
885 1658 140 36 tre-årig
1050 1659 64 29 och
1140 1658 171 30 innefatta
1338 1658 93 30 såväl
1460 1658 161 30 teoretisk

118 1718 72 20 som
217 1708 158 36 praktisk
398 1708 257 35 undervisning.
693 1708 74 29 Den
793 1708 182 30 teoretiska
1000 1707 300 36 undervisningen,
1330 1717 72 20 som
1428 1717 97 21 avses
1551 1717 70 20 om-

118 1759 86 31 fatta
225 1768 42 21 en
290 1759 240 35 sammanlagd
554 1758 49 30 tid
624 1768 42 20 av
688 1759 18 29 5
729 1759 20 29 å
771 1759 19 29 6
813 1757 175 36 månader,
1013 1758 109 30 skulle
1143 1758 176 30 medde'as
1341 1758 89 30 skild
1454 1757 78 31 från
1557 1758 64 30 den

118 1810 179 36 praktiska
320 1810 64 29 och
406 1809 174 36 förläggas
602 1809 49 30 till
673 1809 67 30 den
762 1808 196 36 föreslagna
981 1809 261 36 nybyggnaden,
1267 1809 63 29 där
1352 1809 86 29 även
1461 1809 161 30 bostäder

117 1859 34 31 åt
174 1860 111 30 lärare
305 1860 65 30 och
390 1860 158 29 eleverna
570 1859 108 30 under
700 1860 114 29 denna
837 1859 49 30 tid
908 1859 110 30 skulle
1040 1859 200 37 inrymmas.
1274 1859 75 29 Den
1370 1859 180 36 praktiska
1572 1861 49 28 ut-

117 1910 200 36 bildningen
336 1910 109 30 skulle
464 1910 188 29 tilisvidare
670 1910 10 29 i
699 1910 185 29 huvudsak
903 1909 180 30 förvärvas
1104 1918 122 27 genom
1246 1909 228 36 tjänstgöring
1494 1909 19 30 å
1533 1919 88 20 sera-

117 1960 285 35 fimerlasarettet,
428 1960 89 30 dock
542 1962 48 27 att
614 1959 66 30 viss
704 1959 327 37 specialutbildning
1054 1960 108 29 skulle
1186 1960 64 35 äga
1275 1968 77 21 rum
1376 1958 19 30 å
1421 1960 200 29 karolinska

118 2010 192 36 sjukhuset,
341 2019 72 21 som
443 2010 9 29 i
482 2010 110 36 övrigt
622 2010 210 35 väsentligen
864 2012 204 27 reserverats
1098 2009 53 30 för
1182 2009 196 36 utbildning
1407 2019 43 21 av
1480 2009 141 37 Sophia-

116 2061 168 30 hemmets
309 2060 380 36 sjuksköterskeelever.
723 2060 125 30 Härtill
871 2060 108 30 skulle
1002 2060 140 30 komma
1166 2059 107 37 några
1295 2059 182 31 månaders
1500 2060 120 36 tjänst-

117 2111 119 36 göring
261 2111 9 30 i
296 2112 111 35 öppen
433 2110 95 31 vård.
568 2111 112 29 Under
705 2111 94 29 tiden
826 2110 55 30 för
904 2110 271 36 tjänstgöringen
1200 2110 21 30 å
1246 2110 147 36 sjukhus
1420 2110 201 31 förutsättas

116 2162 157 30 eleverna
292 2161 130 31 erhålla
442 2161 124 30 bostad
586 2169 121 28 genom
726 2161 201 35 sjukhusets
948 2161 145 35 försorg,
1114 2161 125 30 medan
1262 2161 42 29 de
1325 2161 108 29 under
1454 2161 92 30 tiden
1568 2161 54 30 för

117 2212 64 29 den
200 2212 179 36 praktiska
396 2211 271 36 tjänstgöringen
686 2211 9 30 i
715 2211 110 36 övrigt
844 2212 109 29 skulle
969 2212 44 29 bo
1032 2211 9 29 i
1062 2212 64 29 den
1144 2211 196 35 föreslagna
1359 2212 260 35 nybyggnaden.

162 2263 10 29 I
197 2262 199 35 anslutning
419 2262 116 30 härtill
561 2263 64 29 har
651 2262 165 35 styrelsen
843 2262 162 35 framlagt
1030 2262 89 29 vissa
1145 2262 232 35 beräkningar
1400 2262 148 29 rörande
1574 2262 44 29 lo-

116 2312 206 29 kalbehovet
343 2312 54 29 för
418 2312 133 29 skolan.
599 2312 170 37 Styrelsen
793 2312 66 29 har
879 2311 120 30 därvid
1024 2311 164 35 förordat,
1212 2314 50 27 att
1283 2312 204 34 byggnaden
1510 2312 110 29 skulle

117 2361 173 35 inrymma
313 2360 161 30 bostäder
499 2359 44 36 åt,
571 2360 152 30 förutom
750 2361 140 29 skolans
915 2360 174 30 ordinarie
1113 2361 110 29 elever
1249 2360 106 35 jämte
1382 2361 119 34 nödigt
1526 2362 93 28 antal

116 2412 206 35 provelever,
349 2412 156 29 eleverna
530 2411 56 29 vid
612 2411 255 29 centralskolan
894 2411 54 29 för
971 2411 195 35 utbildning
1190 2421 42 20 av
1257 2410 363 36 hemsjuksköterskor

147 2475 109 33 Bihang
276 2475 42 25 till
338 2475 167 32 riksdagens
526 2475 144 32 protokoll
692 2476 75 23 1939.
794 2476 12 22 6
819 2475 79 24 saml.
935 2474 41 24 Nr
995 2475 138 24 207—210.
1578 2474 10 23 1
