1862 2790
264 203 41 29 lä
729 201 252 27 Statsutskottets
1006 201 161 27 utlåtande
1190 209 40 19 nr
1252 202 26 26 6.

264 280 100 39 fråga
397 289 58 21 om
489 281 228 29 förevarande
753 281 254 40 anslagsgrupp
1030 282 188 38 överstiger
1242 282 56 29 det
1322 291 42 19 av
1387 282 69 38 mig
1482 281 190 39 tillstyrkta
1696 281 57 30 be-

264 326 116 38 loppet
399 326 80 29 med
500 326 161 38 omkring
681 326 48 34 4,6
752 326 88 39 milj.
863 327 139 28 kronor.
1025 327 203 29 Skillnaden
1249 326 128 30 hänför
1399 327 50 38 sig
1471 327 281 38 huvudsakligen

263 369 53 29 till
338 370 156 39 anslaget
516 371 87 38 Väg-
625 371 64 29 och
711 371 440 39 vattenbyggnadsverkets
1175 371 218 29 civilförsvar
1417 381 44 19 m.
1487 380 44 20 m.

318 423 74 29 Vad
420 424 164 38 slutligen
612 424 107 39 angår
747 424 309 39 förslagsanslaget
1083 424 51 29 till
1163 424 157 39 Bidrag
1348 424 68 29 till
1477 423 199 30 underhåll
1704 432 48 20 av

263 468 129 37 vägar
413 468 77 29 och
512 470 120 36 gator
653 469 10 28 i
686 469 147 29 städer
855 469 76 29 och
955 469 340 29 stadsliknande
1319 469 252 33 samhällen,
1596 477 87 20 som
1708 469 44 29 är

262 512 263 39 väghållare,
542 513 151 29 förutses
710 523 43 19 en
768 513 215 30 automatisk
1000 513 280 39 utgiftsstegring
1296 514 110 28 under
1423 514 93 28 detta
1534 514 120 38 anslag
1671 513 81 29 från

263 557 70 34 28,0
355 557 51 29 till
426 557 70 35 31,2
519 558 87 39 milj.
625 558 141 29 kronor.

319 638 291 38 Föredraganden
645 637 206 30 framhåller
887 638 164 34 därefter,
1077 639 50 28 att
1151 638 108 39 enligt
1283 639 67 29 den
1376 637 147 30 sålunda
1548 637 204 30 redovisade

262 690 240 39 beräkningen
523 700 41 21 av
583 692 234 38 väganslagen
839 691 112 29 skulle
973 692 102 29 dessa
1096 691 54 30 för
1170 691 206 39 budgetåret
1399 690 141 31 1953/54
1561 690 116 40 uppgå
1699 691 53 28 till

264 744 233 40 sammanlagt
518 744 109 35 (287,5
648 751 29 29 +
696 745 71 34 57,5
789 751 29 29 +
837 745 92 34 230,9
951 751 29 29 +
1000 745 90 34 31,2)
1111 744 90 35 607,1
1222 745 89 39 milj.
1328 745 130 29 kronor
1475 745 82 29 eller
1573 744 103 30 exakt
1692 753 60 20 an-

262 798 92 39 givet
377 798 61 29 607
454 798 63 30 060
532 798 62 30 500
618 799 142 34 kronor,
783 798 108 30 vilket
913 799 148 29 innebär
1085 808 42 20 en
1150 798 133 40 ökning
1306 799 11 29 i
1343 798 219 30 förhållande
1587 798 52 29 till
1664 799 88 27 mot-

264 852 169 29 svarande
458 852 46 39 på
529 852 190 30 riksstaten
745 852 54 30 för
825 852 237 30 innevarande
1087 852 170 39 budgetår
1283 852 175 40 uppförda
1484 851 268 40 anslagsbelopp

263 906 80 29 med
361 905 163 40 omkring
546 906 89 34 127,9
657 906 89 39 milj.
766 906 139 29 kronor.

318 968 73 28 Den
412 968 150 38 angivna
583 968 307 39 anslagssumman
910 977 42 20 av
973 968 91 33 607,1
1089 968 88 39 milj.
1199 968 131 29 kronor
1352 968 88 29 skall
1462 967 177 40 praktiskt
1660 968 93 38 taget

260 1021 73 29 helt
365 1021 120 29 täckas
518 1031 42 19 av
591 1021 290 30 bilskattemedel.
915 1021 72 30 Mot
1009 1022 101 29 dessa
1132 1022 113 29 medel
1269 1022 88 28 skall
1381 1021 173 39 därjämte
1577 1020 175 30 avräknas

264 1075 73 29 dels
358 1075 93 29 vissa
475 1075 109 29 andra
608 1075 121 39 anslag
752 1075 111 29 under
888 1075 104 39 sjätte
1017 1075 234 34 huvudtiteln,
1274 1075 200 29 beräknade
1500 1075 51 28 till
1577 1083 175 20 samman-

264 1128 71 39 lagt
357 1137 38 20 ca
417 1128 71 34 29,5
515 1128 88 39 milj.
625 1128 131 29 kronor
784 1128 65 39 (jfr
872 1129 200 39 punkterna
1095 1128 96 34 3—7,
1216 1128 47 35 37.
1292 1127 140 35 40—42,
1456 1127 140 35 45—48,
1622 1128 40 29 67
1687 1128 65 29 och

264 1181 74 34 68),
356 1182 72 29 dels
446 1182 94 29 vissa
558 1182 265 39 anslagsbelopp
842 1182 110 29 under
971 1182 128 29 nionde
1117 1183 65 28 och
1200 1182 83 29 elfte
1302 1182 266 29 huvudtitlarna
1587 1190 56 21 om
1663 1190 90 20 sam-

264 1235 156 39 manlagt
438 1244 40 21 ca
498 1235 48 34 3,2
567 1236 87 38 milj.
675 1236 140 29 kronor.
837 1236 64 29 Det
920 1235 223 39 totalbelopp,
1165 1244 75 20 som
1261 1235 90 29 skall
1371 1235 173 30 avräknas
1564 1236 73 28 mot
1656 1236 98 28 auto-

264 1288 375 35 mobilskattemedlen,
663 1290 102 37 utgör
790 1288 102 30 alltså
913 1289 12 29 i
949 1289 173 29 avrundat
1145 1289 48 28 tal
1218 1288 93 34 639,8
1337 1288 88 39 milj.
1449 1289 140 33 kronor,
1615 1289 32 29 d.
1670 1297 31 20 v.
1727 1297 26 20 s.

264 1343 162 38 omkring
443 1342 61 29 135
522 1342 88 39 milj.
626 1342 131 29 kronor
772 1351 95 20 mera
883 1343 46 28 än
944 1342 246 29 motsvarande
1207 1342 11 29 i
1235 1342 192 29 riksstaten
1443 1342 55 29 för
1515 1342 238 29 innevarande

263 1395 169 40 budgetår
448 1396 200 29 beräknade
663 1395 155 39 utgifter.

321 1458 169 39 Slutligen
524 1458 134 29 erinrar
693 1458 280 39 föredraganden
1009 1459 50 28 att
1093 1457 125 30 chefen
1241 1457 55 30 för
1321 1457 397 40 finansdepartementet
1741 1457 11 30 i

264 1513 108 28 annat
407 1512 256 38 sammanhang
696 1512 172 29 beräknat
901 1511 543 30 bilskattemedelsinkomsterna
1469 1511 54 30 för
1548 1511 206 39 budgetåret

266 1564 142 31 1953/54
431 1565 53 29 till
508 1564 63 30 640
594 1565 88 39 milj.
707 1565 141 29 kronor.
873 1565 50 29 Av
947 1565 95 29 detta
1066 1565 125 39 belopp
1216 1565 114 29 skulle
1355 1565 101 29 alltså
1481 1574 39 20 ca
1544 1564 92 35 639,8
1663 1564 89 39 milj.

264 1619 130 29 kronor
413 1619 205 39 disponeras
639 1618 54 30 för
713 1620 51 28 att
783 1618 102 30 täcka
905 1619 122 38 anslag
1047 1617 45 40 på
1111 1618 273 39 driftbudgeten.
1404 1617 216 35 Återstoden,
1642 1627 39 20 ca
1702 1617 48 34 0,2

264 1672 89 39 milj.
369 1672 141 34 kronor,
527 1681 101 20 anses
644 1672 85 30 böra
745 1671 150 30 tillföras
910 1671 487 40 budgetutjämningsfonden
1413 1672 65 29 och
1496 1672 62 29 där
1575 1671 178 30 redovisas

264 1726 112 29 under
401 1726 153 29 särskild
579 1725 84 30 titel.

320 1832 14 30 I
355 1833 94 29 detta
470 1832 256 39 sammanhang
746 1832 64 30 har
831 1832 170 29 utskottet
1021 1832 53 29 till
1094 1832 213 39 behandling
1328 1832 154 29 förehaft

320 1894 73 30 dels
410 1894 57 30 två
486 1895 223 38 likalydande
727 1895 182 33 motioner,
927 1894 127 30 väckta
1072 1894 66 30 den
1158 1903 65 20 ena
1241 1894 97 29 inom
1357 1894 110 29 första
1485 1894 207 29 kammaren
1711 1903 43 20 av

264 1948 81 29 herr
360 1948 112 39 Bergh
495 1948 47 34 (1:
560 1948 78 33 125)
659 1949 65 28 och
740 1948 68 30 den
825 1948 109 30 andra
950 1948 97 29 inom
1065 1948 108 29 andra
1191 1948 207 29 kammaren
1415 1957 41 20 av
1474 1947 121 30 herrar
1611 1947 141 29 Nilsson

263 2002 11 29 i
296 2001 188 30 Bästekille
504 2001 65 30 och
590 2001 175 30 Munktell
791 2001 62 33 (II:
871 2001 94 34 176),
986 2002 11 29 i
1018 2001 94 30 vilka
1132 2001 209 34 hemställts,
1364 2002 50 29 att
1435 2001 188 39 riksdagen
1644 2000 109 30 måtte

263 2055 136 30 besluta
420 2055 74 30 dels
517 2057 51 28 att
589 2056 67 29 den
676 2055 199 39 föreslagna
897 2055 269 39 omläggningen
1190 2054 53 30 till
1265 2054 423 39 kalenderårsberäkning
1711 2063 42 20 av

264 2109 157 38 anslaget
439 2108 54 30 till
511 2109 255 39 Förstärkning
785 2109 64 29 och
868 2108 211 40 förbättring
1098 2118 41 20 av
1157 2109 107 38 vägar
1282 2108 222 40 uppskjutes,
1524 2108 73 30 dels
1618 2108 65 29 ock
1703 2109 51 28 att

264 2162 54 29 till
333 2163 255 38 Förstärkning
603 2162 64 30 och
684 2162 210 39 förbättring
912 2171 42 20 av
970 2163 106 38 vägar
1093 2162 54 29 för
1163 2162 206 38 budgetåret
1389 2161 140 31 1953/54
1547 2162 139 29 anvisas
1705 2163 48 27 ett

264 2216 358 39 reservationsanslag
640 2225 41 20 av
699 2216 42 29 56
755 2215 63 30 000
833 2215 61 30 000
914 2216 141 33 kronor,
1075 2216 50 28 att
1143 2215 175 30 avräknas
1337 2216 73 27 mot
1430 2215 323 29 automobilskatte-

263 2269 154 34 medlen;

320 2330 73 31 dels
411 2330 58 30 två
486 2331 224 38 likalydande
728 2331 182 34 motioner,
928 2331 127 30 väckta
1073 2331 66 29 den
1157 2339 65 21 ena
1241 2330 97 30 inom
1358 2329 110 30 första
1486 2330 206 29 kammaren
1712 2339 42 20 av

263 2385 82 29 herr
362 2384 101 40 Spetz
487 2384 46 33 (1:
550 2384 80 34 222)
653 2384 65 30 och
736 2384 68 29 den
822 2385 109 29 andra
948 2385 98 29 inom
1064 2385 108 29 andra
1192 2384 207 30 kammaren
1418 2393 42 20 av
1479 2384 81 29 herr
1577 2383 176 30 Kristens-

263 2447 65 21 son
349 2439 10 29 i
380 2438 95 39 Osby
496 2447 47 20 m.
562 2438 39 39 fl.
628 2438 62 33 (II:
707 2437 96 35 329),
825 2438 10 30 i
857 2438 94 30 vilka
973 2438 208 33 hemställts,
1204 2439 51 28 att
1277 2438 187 39 riksdagen
1487 2437 107 30 måtte
1616 2437 137 30 besluta

264 2493 52 28 att
336 2492 229 30 förevarande
587 2492 121 39 anslag
727 2492 12 29 i
761 2491 190 30 riksstaten
972 2492 55 29 för
1048 2491 205 40 budgetåret
1275 2490 142 32 1953/54
1438 2491 124 30 endast
1582 2492 171 39 upptages
