1884 2802
521 174 117 31 Andra
657 173 238 37 lagutskottets
916 173 176 32 utlåtande
1112 184 40 21 nr
1195 174 49 31 30.
1610 170 15 30 1

793 504 60 40 Nr
879 504 63 41 30.

336 621 184 31 Utlåtande
544 622 11 29 i
577 621 190 40 anledning
788 632 43 21 av
864 622 106 30 dels
1004 622 127 40 Kungl.
1154 623 125 40 Maj:ts
1302 623 216 40 proposition
1540 623 81 30 med

553 672 134 40 förslag
709 673 52 29 till
781 672 55 40 lag
858 683 55 20 om
934 673 145 40 fortsatt
1099 673 159 40 giltighet
1278 683 43 21 av
1341 673 280 40 prisreglerings-

556 723 98 39 lagen
677 723 67 30 den
767 723 42 30 30
829 723 81 40 juni
933 724 84 30 1947
1043 724 61 35 (nr
1125 724 97 37 303),
1255 724 107 30 dels
1395 724 88 30 ock
1515 724 12 30 i
1548 725 72 29 äm-

555 776 60 28 net
635 774 123 30 väckta
777 774 182 31 motioner.

158 875 131 30 Genom
310 885 42 21 en
373 877 67 29 den
464 876 39 30 10
524 884 95 22 mars
644 876 84 31 1950
749 876 219 40 dagtecknad
988 876 229 41 proposition,
1238 887 42 20 nr
1304 877 72 34 115,
1397 877 117 30 vilken
1535 877 86 30 hän-

113 925 109 31 visats
239 926 53 30 till
310 927 193 39 lagutskott
520 927 66 29 och
602 927 208 30 behandlats
830 936 42 21 av
890 927 111 30 andra
1018 927 240 39 lagutskottet,
1277 928 63 29 har
1359 928 125 39 Kungl.
1503 928 116 39 Maj:t,

112 977 113 29 under
249 976 218 40 åberopande
491 986 42 21 av
556 976 263 41 propositionen
841 977 141 40 bilagda
1004 977 12 29 i
1040 977 188 31 statsrådet
1252 978 65 30 och
1339 977 156 41 lagrådet
1518 979 102 29 förda

112 1027 185 39 protokoll,
320 1021 180 45 föreslagit
520 1026 189 40 riksdagen
731 1029 50 28 att
803 1029 128 38 antaga
953 1027 158 40 följande
1133 1028 132 40 förslag
1286 1028 53 30 till

814 1187 102 44 Lag

182 1268 66 23 om
273 1257 161 35 fortsatt
458 1257 178 45 giltighet
659 1268 50 23 av
733 1257 426 44 prisregleringslagen
1185 1257 78 35 den
1286 1258 44 34 30
1353 1257 85 44 juni
1461 1258 87 34 1947

772 1318 68 43 (nr
862 1318 95 43 303).

155 1411 213 39 Härigenom
395 1411 196 34 förordnas,
621 1412 51 29 att
699 1411 369 40 prisregleringslagen
1096 1412 67 29 den
1191 1411 40 30 30
1259 1411 79 40 juni
1368 1412 103 34 1947',
1499 1412 118 30 vilken

109 1461 143 39 jämlikt
275 1462 54 39 lag
350 1462 67 29 den
438 1462 18 30 3
476 1462 80 38 juni
578 1462 84 30 1949
690 1462 59 33 (nr
770 1462 80 34 317)
876 1462 108 39 gäller
1007 1462 53 29 till
1081 1462 65 30 och
1167 1462 80 30 med
1268 1462 68 30 den
1357 1462 41 30 30
1419 1461 79 41 juni
1521 1462 94 34 1950,

110 1513 90 29 skall
219 1514 64 38 äga
301 1513 142 29 fortsatt
461 1512 157 40 giltighet
637 1512 54 30 till
711 1512 65 30 och
795 1513 79 30 med
894 1512 67 30 den
980 1512 41 30 30
1038 1512 81 40 juni
1140 1512 94 30 1951.

155 1699 13 30 I
191 1699 169 30 samband
382 1699 80 30 med
481 1698 264 41 propositionen
766 1699 64 30 har
852 1699 172 30 utskottet
1045 1698 54 30 till
1119 1699 213 39 behandling
1353 1699 154 30 förehaft
1528 1698 58 31 två
1606 1698 12 30 i

109 1749 190 40 anledning
320 1759 43 20 av
383 1750 207 29 densamma
610 1749 126 30 väckta
756 1748 183 35 motioner,
961 1749 178 40 nämligen
1160 1749 96 30 inom
1278 1749 111 30 första
1411 1749 207 30 kammaren

110 1809 43 20 nr
169 1799 62 30 421
250 1809 42 20 av
307 1800 81 29 herr
404 1798 141 30 Andrén
562 1808 46 20 m.
625 1799 39 40 fl.
682 1799 65 30 och
762 1798 96 31 inom
875 1799 111 30 andra
1002 1799 208 30 kammaren
1225 1809 42 20 nr
1284 1799 64 31 510
1365 1808 42 21 av
1422 1800 81 29 herr
1519 1798 99 39 Hjal-

109 1858 143 21 marson
274 1858 45 20 m.
340 1849 38 40 fl.
411 1850 3 29 I
435 1849 230 35 motionerna,
687 1849 94 30 vilka
802 1850 60 29 äro
885 1849 234 40 likalydande,
1141 1850 65 29 har
1227 1850 208 34 hemställts,
1457 1851 50 29 att
1528 1849 90 31 riks-

110 1900 112 39 dagen
246 1899 54 30 för
325 1900 54 29 sin
404 1900 55 29 del
482 1899 108 30 måtte
614 1899 79 40 giva
715 1899 369 40 prisregleringslagen
1107 1900 67 29 den
1198 1900 41 30 30
1262 1899 80 40 juni
1367 1900 82 30 1947
1474 1901 143 29 fortsatt

109 1949 159 38 giltighet
285 1948 123 30 endast
425 1948 53 29 till
495 1948 64 29 och
577 1948 80 30 med
675 1948 67 29 den
760 1948 39 30 31
819 1948 181 29 december
1021 1948 83 30 1950
1124 1950 90 28 samt
1233 1950 50 28 att
1301 1949 188 38 riksdagen
1508 1949 108 30 måtte

107 1999 246 38 understryka,
369 2001 51 28 att
436 1998 368 40 prisregleringslagen
821 2000 39 28 är
875 2007 43 21 en
934 1998 244 40 fullmaktslag
1194 1999 64 29 och
1275 2000 50 29 att
1341 1999 275 39 priskontrollen

110 2050 63 29 bör
191 2050 181 29 avvecklas
391 2050 45 39 på
453 2049 97 39 varje
568 2049 241 35 varuområde,
828 2049 63 30 där
909 2049 95 30 detta
1023 2049 71 30 kan
1113 2049 62 30 ske
1193 2051 85 28 utan
1297 2049 154 40 påtaglig
1468 2049 74 31 risk
1561 2049 55 31 för

108 2101 275 39 prishöjningar.

154 2153 228 30 Beträffande
409 2153 41 29 de
476 2152 86 34 skäl,
591 2161 75 21 som
693 2151 136 31 anförts
855 2151 53 30 till
935 2152 77 30 stöd
1039 2152 55 31 för
1120 2154 57 30 det
1203 2160 124 32 genom
1353 2152 263 40 propositionen

109 2203 197 38 framlagda
326 2202 234 39 lagförslaget,
581 2202 165 29 ävensom
766 2201 12 29 i
798 2201 99 39 fråga
916 2211 57 20 om
993 2202 41 29 de
1055 2202 87 34 skäl,
1164 2211 75 21 som
1259 2202 260 30 motionärerna
1539 2202 78 31 åbe-

109 2254 102 38 ropat
231 2253 53 29 till
306 2253 77 29 stöd
405 2253 55 29 för
481 2252 60 30 sitt
561 2252 168 39 yrkande,
752 2251 55 30 får
827 2252 182 33 utskottet,
1039 2251 4 29 i
1065 2252 67 29 den
1153 2251 83 30 mån
1257 2253 217 38 redogörelse
1495 2252 121 31 därför

108 2303 77 29 icke
207 2303 135 29 lämnas
365 2302 64 30 här
451 2302 124 33 nedan,
598 2300 148 31 hänvisa
766 2301 52 30 till
840 2300 264 40 propositionen
1127 2302 64 29 och
1213 2301 230 31 motionerna.

153 2353 54 29 Nu
234 2352 159 39 gällande
417 2351 324 40 prisregleringslag
766 2351 205 30 utfärdades
996 2351 67 30 den
1088 2351 41 30 30
1153 2351 79 40 juni
1260 2352 81 30 1947
1369 2353 64 29 och
1458 2353 122 30 trädde
1604 2352 13 31 i

109 2403 97 30 kraft
226 2403 66 29 den
315 2403 14 29 1
351 2402 67 39 juli
440 2411 134 21 samma
594 2401 49 30 år.
664 2401 117 39 Lagen
802 2401 112 40 gällde
934 2401 271 40 ursprungligen
1227 2401 51 32 till
1300 2402 65 30 och
1386 2403 79 30 med
1486 2403 67 30 den
1574 2403 43 31 30

148 2479 8 14 1
177 2481 109 23 Senaste
305 2480 100 29 lydelse
423 2486 35 17 av
477 2477 15 25 2
511 2478 13 30 8
544 2485 25 17 se
591 2476 141 26 1948:408.

140 2528 15 26 1
195 2528 111 31 Bihang
318 2527 46 24 till
376 2527 169 31 riksdagens
556 2526 149 32 protokoll
718 2526 75 25 1950.
815 2527 14 23 9
839 2526 84 24 saml.
943 2526 16 24 2
971 2526 63 24 avd.
1050 2529 39 23 Nr
1105 2527 41 25 30.
