2206 2626
403 196 19 31 2
893 190 281 32 Bankoutskottets
1195 189 167 32 utlåtande
1384 189 53 30 Nr
1459 191 51 28 46.

402 277 175 44 angående
610 278 68 29 rätt
700 276 52 31 till
774 273 298 43 fyllnadspension
1096 273 82 31 eller
1200 272 147 41 pension
1371 272 52 31 för
1446 271 91 32 vissa
1559 271 205 41 tjänstemän
1788 271 59 31 vid
1871 273 129 30 statens

400 322 178 41 järnvägar
602 318 66 31 den
694 319 38 30 13
753 317 75 42 juni
854 317 80 31 1913
957 315 140 42 åtnjutit
1120 326 42 20 en
1185 314 84 41 årlig
1291 314 148 41 pension
1463 325 40 20 av
1527 315 61 30 774
1610 313 133 32 kronor.

509 361 118 41 Enligt
649 360 65 31 vad
737 360 66 30 den
827 359 85 31 efter
934 358 150 31 Persson
1107 356 206 42 upprättade
1336 356 325 41 bouppteckningen
1684 354 140 37 utvisar,
1841 355 61 30 har
1924 355 76 38 han,

403 415 74 21 som
501 403 119 31 avlidit
643 402 66 31 den
734 402 38 31 18
796 400 180 32 december
1000 400 89 37 1917,
1115 399 214 31 efterlämnat
1353 399 113 30 såsom
1491 397 320 41 stärbhusdelägare
1836 396 87 31 änka
1938 397 64 31 och

403 448 51 29 tre
476 445 85 32 barn
586 446 87 30 samt
696 455 42 20 en
760 442 199 41 behållning
980 442 12 30 i
1014 442 83 31 boet
1119 452 40 20 av
1181 441 94 37 4,184
1297 440 128 31 kronor
1447 440 40 30 39
1510 441 67 30 öre.

508 487 171 31 Perssons
712 485 125 31 arvode
871 484 57 31 vid
962 485 131 30 statens
1126 483 178 41 järnvägar
1337 482 64 30 har
1423 482 74 30 från
1521 481 64 31 och
1609 481 76 31 med
1708 483 36 29 år
1768 480 84 31 1908
1875 479 128 41 utgjort

405 530 92 38 1,380
519 529 136 37 kronor,
680 528 163 41 varjämte
866 526 68 31 han
957 525 140 42 åtnjutit
1119 524 124 32 bostad
1266 524 65 31 och
1354 523 138 32 bränsle
1515 523 36 30 in
1575 525 119 29 natura
1710 523 85 31 eller
1811 521 192 40 ersättning

404 572 122 37 därför,
550 568 404 41 beklädnadsersättning
987 567 64 32 och
1086 567 191 40 ortstillägg
1310 567 162 30 ävensom
1495 565 110 31 under
1628 564 41 31 de
1693 575 119 20 senare
1837 566 81 29 åren
1940 563 63 31 till-

402 614 111 41 fälligt
535 612 198 41 lönetillägg
755 611 108 41 enligt
886 622 40 19 av
948 610 183 40 riksdagen
1154 611 147 39 antagna
1323 608 177 41 grunder.»

509 691 127 37 Under
665 688 238 50 åberopande
931 687 126 36 vidare
1086 700 46 22 av
1160 686 72 35 vad
1261 685 186 49 styrelsen
1476 684 123 36 anfört
1621 683 12 36 i
1652 683 56 36 sin
1728 682 184 37 skrivelse
1932 681 68 37 den

409 746 44 33 12
491 742 205 37 november
726 743 110 44 1917,
865 739 125 37 vilken
1027 739 123 48 ligger
1177 738 55 36 till
1260 736 125 50 grund
1414 737 58 35 för
1501 736 140 48 Kungl.
1671 734 124 48 Maj:ts
1826 748 47 22 av
1901 735 103 35 inne-

405 794 165 37 varande
612 796 58 33 års
711 792 156 47 riksdag
906 791 156 36 bifallna
1097 789 248 49 proposition,
1374 802 45 22 nr
1448 790 60 44 22,
1538 786 194 49 angående
1760 786 161 48 pension
1949 786 55 35 till

407 846 149 36 avlidne
584 844 291 37 stationskarlen
902 842 126 36 Petter
1060 841 163 36 Larsson
1249 840 116 36 Linds
1391 839 97 36 änka
1508 839 69 36 och
1598 837 252 48 minderåriga
1870 836 133 47 dotter,

406 898 67 36 har
513 897 185 48 styrelsen
738 895 204 46 hemställt,
972 899 55 30 att
1068 895 38 33 åt
1147 892 124 36 änkan
1308 891 162 36 Persson
1508 893 116 33 måtte
1652 889 154 37 beredas
1836 901 46 23 en
1911 888 94 48 årlig

406 949 160 49 pension
606 953 55 31 att
701 950 92 46 utgå
835 947 84 35 från
948 946 68 35 och
1045 945 83 36 med
1158 944 70 36 den
1259 946 17 33 1
1302 943 152 47 januari
1485 944 97 35 1918
1611 942 12 35 i
1652 941 167 48 enlighet
1848 939 84 36 med
1960 939 45 36 de

407 1001 177 49 grunder,
614 1013 80 23 som
723 1000 11 35 i
762 997 41 50 $$
834 1000 20 33 6
885 998 69 35 och
984 1000 18 33 7
1034 1010 47 22 av
1100 995 175 50 gällande
1294 995 231 48 reglemente
1545 994 58 35 för
1622 999 141 30 statens
1778 992 227 48 järnvägars

407 1053 114 36 änke-
562 1052 70 36 och
672 1050 233 50 pupillkassa
946 1048 154 48 stadgas
1140 1047 158 37 rörande
1339 1047 198 48 pensioner
1577 1045 55 35 till
1661 1044 117 36 änkor
1807 1044 96 35 efter
1931 1042 73 36 del-

407 1109 115 45 ägare
549 1105 12 34 i
593 1103 164 36 nämnda
789 1102 123 36 kassa.
967 1099 237 38 Beträffande
1227 1099 227 49 pensionens
1474 1096 140 37 storlek
1634 1096 154 36 föreslår
1807 1095 198 48 styrelsen,

409 1161 53 31 att
491 1156 217 36 densamma
736 1156 128 44 måtte,
893 1153 11 35 i
933 1152 221 48 anslutning
1182 1151 56 35 till
1268 1150 44 36 de
1341 1150 198 48 principer,
1570 1162 79 22 som
1678 1148 208 47 tillämpats
1905 1146 12 36 i
1936 1145 69 37 lik-

408 1207 123 37 nande
559 1207 79 46 fall,
667 1206 227 36 bestämmas
922 1204 55 35 till
1005 1209 53 30 ett
1087 1204 112 47 årligt
1226 1202 139 48 belopp
1395 1215 46 22 av
1470 1203 73 33 332
1572 1200 149 46 kronor,
1742 1197 265 37 motsvarande

407 1260 13 35 i
457 1258 183 37 avrundat
675 1258 51 35 tal
754 1256 111 48 tjugu
893 1260 154 44 procent
1077 1268 46 22 av
1158 1256 108 45 1,656
1296 1253 140 36 kronor
1464 1253 88 35 eller
1579 1251 62 36 det
1668 1251 149 47 belopp,
1846 1249 162 36 varefter

410 1311 124 36 änkan
561 1310 181 36 Perssons
770 1308 159 49 pension
957 1307 121 36 skulle
1106 1306 118 48 enligt
1252 1304 227 49 stadgandet
1506 1304 12 35 i
1546 1302 21 50 $
1596 1305 21 34 3
1642 1316 46 22 av
1708 1301 161 37 berörda
1887 1300 120 49 regle-

409 1368 124 31 mente
570 1362 97 35 hava
694 1360 213 45 beräknats,
937 1359 125 35 därest
1090 1359 141 35 hennes
1260 1370 87 22 man
1376 1356 95 36 varit
1499 1356 174 47 delägare
1700 1354 11 35 i
1739 1358 143 31 statens
1905 1352 103 49 järn-

410 1419 139 43 vägars
578 1413 111 36 änke-
718 1411 70 37 och
816 1410 242 50 pupillkassa.

187 1488 205 56 Departements-
513 1490 65 36 Att
606 1490 12 35 i
645 1487 246 38 förevarande
920 1487 63 35 fall
1010 1486 136 37 bereda
1173 1485 159 49 pension
1362 1488 36 33 åt
1417 1484 124 36 änkan
1560 1484 160 35 Persson
1739 1481 121 37 skulle
1880 1480 130 37 endast

239 1544 100 23 chefen.
410 1542 185 37 innefatta
623 1546 53 31 ett
703 1538 243 49 tillämpande
975 1551 45 23 av
1049 1538 44 36 de
1125 1537 197 48 principer,
1353 1549 93 33 som,
1465 1538 48 45 på
1541 1540 74 31 sätt
1639 1533 370 50 järnvägsstyrelsen

411 1593 216 47 framhållit,
656 1592 114 36 redan
812 1590 110 37 blivit
964 1603 46 22 av
1042 1589 142 48 Kungl.
1216 1588 107 48 Maj:t
1352 1587 70 36 och
1450 1586 203 48 riksdagen
1682 1584 204 49 godkända
1913 1588 97 32 samt

412 1647 57 35 för
505 1645 101 36 vilka
647 1649 171 31 närmare
845 1641 213 49 redogjorts
1092 1641 6 35 i
1127 1653 97 23 ovan
1262 1638 250 37 omförmälda
1543 1636 232 50 proposition
1805 1649 44 22 nr
1879 1638 45 33 22
1953 1634 57 37 till

411 1696 252 38 innevarande
691 1698 59 33 års
778 1694 168 48 riksdag.

516 1749 71 35 Det
629 1761 46 22 av
711 1744 369 52 järnvägsstyrelsen
1108 1743 216 48 föreslagna
1358 1740 369 50 pensionsbeloppet,
1757 1741 74 33 332
1862 1738 147 46 kronor,

414 1806 40 30 är
488 1800 144 48 jämväl
672 1798 185 37 beräknat
898 1797 12 35 i
951 1795 373 37 överensstämmelse
1366 1793 84 36 med
1479 1793 97 35 förut
1604 1790 215 49 tillämpade
1847 1789 165 49 grunder

414 1853 89 35 eller
542 1852 58 35 till
640 1850 111 48 tjugu
787 1853 156 45 procent
971 1861 47 22 av
1047 1847 72 36 den
1148 1846 58 36 del
1235 1859 46 22 av
1309 1857 163 24 mannen
1499 1844 181 36 Perssons
1709 1842 194 48 avlöning,
1932 1854 79 23 som

414 1905 11 35 i
453 1900 395 53 pensionshänseende
877 1899 94 37 skall
998 1904 110 43 tagas
1135 1898 12 36 i
1174 1896 260 47 betraktande,
1465 1896 89 36 eller
1583 1896 110 46 1,656
1722 1893 176 36 kronor.»

518 1988 84 37 Med
630 1988 149 48 hänsyn
807 1986 55 36 till
890 1985 72 36 vad
990 1986 12 35 i
1030 1982 412 50 statsrådsprotokollet
1472 1981 142 36 anförts
1643 1980 56 36 till
1727 1979 85 36 stöd
1843 1978 57 36 för
1927 1978 85 36 ifrå-

414 2040 215 51 gavarande
658 2038 292 48 framställning,
980 2037 55 35 får
1061 2036 196 46 utskottet,
1287 2048 81 23 som
1397 2034 82 36 icke
1511 2033 125 36 funnit
1664 2034 116 46 något
1809 2035 57 31 att
1894 2030 119 36 erinra

415 2099 79 30 mot
522 2091 142 49 Kungl.
694 2091 126 49 Maj:ts
849 2089 153 48 förslag,
1031 2087 208 45 hemställa,
1268 2092 56 30 att

918 2175 201 47 riksdagen
1147 2176 60 33 må
1234 2172 189 48 medgiva,
1450 2176 55 31 att
1533 2171 55 35 till
1616 2169 147 36 avlidne
1791 2166 223 38 förrådsför-

816 2240 163 23 mannen
1019 2225 63 37 vid
1124 2230 141 31 statens
1298 2224 209 49 järnvägar
1534 2221 144 37 Anders
1706 2220 183 36 Perssons
1917 2218 98 36 änka

816 2279 117 35 Maria
977 2278 173 46 Persson,
1192 2276 90 37 född
1323 2276 169 46 Nilsson,
1521 2276 61 34 må
1624 2286 45 23 av
1696 2271 234 37 trafikmedel
1956 2275 58 31 ut-
