2218 2636
703 197 276 32 Bankoutskottets
1001 199 169 31 utlåtande
1193 199 52 31 Nr
1267 203 49 27 46.
1784 202 18 29 3

604 281 140 36 betalas
786 283 158 48 pension
987 284 54 35 till
1084 289 53 30 ett
1178 284 112 48 årligt
1331 285 136 48 belopp
1507 299 45 22 av
1582 285 219 36 trehundra-

602 333 191 36 trettiotvå
822 334 149 45 kronor,
1002 340 53 30 att
1083 339 91 45 utgå
1203 336 81 35 från
1313 336 69 36 och
1411 337 84 35 med
1526 338 70 34 den
1620 339 16 33 1
1655 337 147 48 januari

605 386 95 34 1918
730 385 11 35 i
770 385 166 48 enlighet
965 386 84 36 med
1078 387 45 35 de
1152 387 173 47 grunder,
1356 401 79 22 som
1465 389 11 34 i
1506 388 43 48 $$
1572 391 19 33 6
1622 389 69 35 och
1713 392 18 32 7
1755 403 45 21 av

602 436 174 47 gällande
813 437 228 48 reglemente
1084 438 57 35 för
1169 444 143 31 statens
1336 439 226 49 järnvägars
1591 440 110 35 änke-
1732 441 68 34 och

602 487 231 48 pupillkassa
865 488 155 47 stadgas
1058 490 157 35 rörande
1252 491 198 46 pensioner
1478 491 55 35 till
1563 491 118 35 änkor
1708 492 94 35 efter

603 538 173 48 delägare
805 539 11 34 1
845 540 162 34 nämnda
1035 540 121 35 kassa.

306 601 217 38 Stockholm
552 604 70 36 den
654 607 43 33 11
729 605 92 49 april
852 608 109 34 1918.

696 707 53 37 På
778 708 329 37 bankoutskottets
1136 715 160 43 vägnar:

703 810 164 37 ERNST
895 811 406 37 HEDENSTIERNA.

306 1041 61 27 Vid
391 1041 90 28 detta
504 1042 134 27 ärendes
662 1042 263 38 slutbehandling
947 1044 85 27 hava
1054 1045 157 27 närvarit:

305 1091 40 19 av
378 1083 102 28 första
513 1084 198 28 kammaren:
738 1085 108 28 herrar
869 1085 220 36 Hedenstierna,
1113 1086 124 35 Ekman,
1265 1086 182 35 Gustafsson,
1472 1087 117 29 Nilsson
1613 1089 9 26 i
1647 1089 151 27 Kristine-

200 1125 108 33 hamn,
338 1124 150 29 Wickman
511 1126 59 27 och
591 1125 125 29 Jönsson
740 1129 84 26 samt

305 1175 40 19 av
368 1167 101 28 andra
491 1168 198 28 kammaren:
725 1169 109 28 herrar
860 1169 195 36 Kristensson,
1081 1169 121 30 Carlson
1224 1171 10 27 i
1258 1171 203 38 Herrljunga,
1488 1172 78 36 Berg
1589 1173 9 26 i
1622 1173 176 34 Munkfors,

200 1207 178 36 Sommelius,
403 1209 126 36 Bogren,
552 1209 120 36 Edbom,
696 1211 152 36 Borggren
870 1212 58 28 och
954 1212 102 29 Olsson
1078 1213 10 27 i
1112 1214 88 36 Berg.
