2220 2642
694 135 345 31 Jordbruksutskottets
1062 134 163 32 utlåtunde
1248 135 53 31 Nr
1326 137 49 29 67.
1757 134 36 31 17

238 213 9 35 1
277 213 104 36 detta
411 214 62 35 fall
504 216 46 46 på
579 213 72 36 den
680 213 193 36 romerska
896 218 136 41 rätten,
1054 214 80 47 lagt
1155 212 282 36 vattenkraften
1458 213 239 48 väsentligen
1718 214 121 36 under

237 265 64 36 det
343 265 207 36 allmännas
592 264 234 37 herravälde.
883 264 79 37 Hos
1004 278 60 22 oss
1107 265 171 35 däremot
1319 264 68 35 har
1420 264 293 48 lagstiftningen
1745 270 93 31 utan

238 317 240 36 förutseende
507 317 141 35 lämnat
676 316 286 36 vattenkraften
990 317 151 35 värnlös
1169 316 11 35 i
1209 316 46 36 de
1286 315 107 36 flesta
1421 316 64 35 fall
1514 316 56 35 till
1599 316 157 36 allmänt
1777 322 60 31 ut-

237 368 200 48 nyttjande
480 382 45 22 av
568 368 298 48 spekulationen.
924 368 72 35 Det
1033 372 41 31 är
1102 368 100 35 klart
1231 374 53 29 att
1312 367 120 36 under
1460 367 226 48 inflytandet
1715 382 45 22 av
1790 383 47 22 en

237 420 116 35 sådan
404 419 164 47 ensidigt
608 419 324 36 individualistisk
973 419 244 47 lagstiftning
1259 419 291 47 ifrågavarande
1593 419 246 37 ckonomiska

237 471 142 36 värden
407 472 145 34 lämnas
581 476 124 43 öppna
734 475 94 31 även
858 470 59 36 för
945 470 353 47 förvärvsbegärets
1318 469 276 49 tygellösheter
1614 470 69 35 och
1704 471 135 36 endast

237 522 85 36 med
360 527 138 30 största
531 522 195 47 svårighet
754 521 11 35 i
794 521 183 47 oavlåtlig
1005 521 112 48 kamp
1148 521 86 36 med
1263 521 172 47 mäktiga
1462 520 377 49 privatekonomiska

238 574 186 34 intressen
462 573 129 35 kunna
619 572 212 48 omhägnas
860 572 223 48 tillräckligt
1112 585 45 22 av
1187 572 62 36 det
1278 572 190 36 allmänna
1496 572 197 36 intressets
1723 573 115 48 skyd-

238 624 122 36 dande
389 624 111 36 hand.

365 676 152 47 Frågan
559 688 59 23 om
661 675 210 49 upplåtelse
913 675 57 36 till
1014 675 171 36 enskilda
1227 688 46 22 av
1315 675 103 36 vissa
1454 675 147 35 kronan
1643 675 194 49 tillhöriga

237 727 196 36 vattenfall
462 728 70 35 och
562 727 187 37 strömfall
778 727 199 48 avspeglar
1006 726 163 37 alltifrån
1200 727 86 36 dess
1311 726 206 49 uppkomst
1537 726 104 37 detta
1658 727 180 37 sakernas

238 778 180 36 tillstånd.
473 779 72 36 Det
572 779 151 48 privata
751 778 184 49 kapitalet
962 778 210 49 nedlägger
1200 778 78 36 helt
1306 778 185 48 naturligt
1520 778 47 35 all
1592 779 57 35 sin
1670 779 103 36 kraft
1792 782 47 45 på

238 829 226 37 hithörande
506 830 318 50 exploateringar,
854 830 11 35 i
895 830 100 36 vilka
1037 830 231 36 industriens
1305 829 154 36 framtid
1489 829 11 36 i
1529 830 193 48 väsentlig
1750 834 88 33 mån

239 895 108 22 anses
367 882 117 48 ligga.
517 882 81 36 Och
614 881 46 36 då
676 882 73 35 den
765 882 120 47 högre
906 881 442 36 ämbetsmannavärlden
1368 881 210 36 merendels
1598 886 41 30 är
1659 881 179 49 delägare

238 933 89 36 eller
367 933 197 36 besläktad
601 933 86 36 med
717 933 200 47 företagen
947 932 89 37 eller
1064 933 146 48 hoppas
1239 938 54 30 att
1322 932 101 36 bliva
1452 932 75 46 det,
1557 933 193 47 skymmes
1780 934 59 36 för

238 985 230 47 densamma,
497 985 53 35 låt
579 998 89 22 vara
696 984 226 48 omedvetet,
953 984 72 36 den
1054 989 99 31 rätta
1172 997 120 36 synen
1312 986 49 46 på
1381 984 110 36 dessa
1512 985 328 47 angelägenheter

238 1037 67 36 allt
334 1036 58 36 för
420 1037 88 35 ofta.

367 1088 74 36 Det
481 1101 49 22 vu
570 1087 213 48 framlagda
825 1088 187 48 förslaget
1055 1088 116 48 (prop.
1220 1087 86 49 173)
1341 1100 114 35 synes
1502 1088 12 35 i
1555 1087 153 49 mycket
1749 1102 89 23 vara

239 1145 54 31 ett
338 1140 152 48 uttryck
537 1139 58 36 för
642 1139 108 37 dessa
794 1140 289 47 vanskligheter
1127 1139 139 36 likaväl
1313 1152 78 23 som
1435 1139 162 49 tidigare
1638 1139 149 49 förslag
1826 1140 12 36 i

238 1196 139 42 ämnet,
413 1191 69 36 och
511 1191 73 36 vad
613 1191 285 37 undertecknad
927 1192 11 35 i
968 1192 144 36 motion
1140 1191 63 36 vid
1235 1194 95 33 1911
1363 1194 60 33 års
1464 1191 157 48 riksdag
1662 1191 60 49 (nr
1764 1194 70 34 331

237 1243 103 36 inom
381 1242 114 36 andra
536 1243 233 48 kammaren)
799 1243 129 36 därom
959 1243 126 36 anfört
1114 1242 193 37 förefaller
1335 1243 79 48 mig
1440 1243 12 35 i
1489 1243 215 48 väsentliga
1733 1243 106 37 delar

238 1299 75 43 äga
366 1294 247 49 tillämpning
666 1300 95 30 även
817 1298 48 46 på
919 1295 293 48 ifrågavarande
1259 1295 156 48 förslag.
1493 1295 56 36 De
1594 1298 41 32 så
1690 1295 148 37 kallade

238 1346 232 49 processfall,
512 1360 128 22 varom
678 1359 50 23 nu
771 1351 42 31 är
851 1346 118 49 fråga,
1001 1347 151 35 komma
1179 1347 12 34 i
1220 1346 73 36 den
1321 1349 87 33 mån
1438 1347 45 35 de
1512 1347 175 48 upplåtas
1716 1347 122 48 enligt

239 1398 203 48 förslagets
483 1398 168 48 grunder
692 1403 56 30 att
787 1398 122 36 under
950 1402 92 32 nära
1083 1403 55 31 ett
1178 1398 103 36 sekel
1322 1403 147 31 oavsett
1510 1397 214 37 eventuella
1751 1412 87 35 pro-

238 1462 143 24 cessers
421 1453 151 45 utgång
613 1449 220 37 förvandlas
873 1450 58 35 till
974 1462 47 24 en
1049 1450 123 48 privat
1200 1449 240 48 tillhörighet
1468 1450 59 35 för
1562 1450 276 36 vattenkrafts-

237 1502 209 36 industrien
476 1502 85 36 med
590 1501 182 49 tämligen
801 1502 77 35 lika
906 1502 223 36 oinskränkt
1157 1501 349 49 tillgodonjutande
1527 1515 47 23 av
1593 1502 45 35 de
1658 1501 12 36 i
1689 1506 148 32 vatten-

239 1554 114 36 fallen
385 1553 190 49 nedlagda
603 1553 248 36 ekonomiska
878 1553 177 47 värdena,
1072 1567 80 23 som
1181 1566 60 24 om
1271 1553 62 37 det
1360 1566 91 23 vore
1480 1553 87 36 dess
1596 1558 100 44 eget.
1752 1553 86 37 Vad

239 1606 185 48 förslaget
464 1605 210 36 innehåller
716 1618 46 23 av
803 1605 183 48 behöriga
1023 1605 241 48 stadganden
1292 1605 12 35 i
1333 1606 98 47 syfte
1460 1611 55 30 att
1542 1605 139 37 bereda
1710 1618 128 23 arren-

238 1658 137 36 datorn
417 1670 45 23 en
505 1657 168 49 tryggad
714 1657 216 49 besittning
967 1657 70 36 och
1064 1656 304 37 kreditsäkerhet
1401 1657 105 36 torde
1535 1657 31 48 ej
1597 1670 92 23 vara
1718 1660 118 46 något

239 1715 53 30 att
320 1709 124 36 erinra
473 1715 112 30 emot.
641 1709 16 35 I
686 1709 103 36 detta
818 1709 187 36 avseende
1035 1721 112 37 synes
1176 1708 186 48 förslaget
1381 1709 92 36 böra
1492 1709 98 36 helst
1611 1708 227 49 förtydligas

238 1761 87 36 med
366 1774 47 23 en
455 1760 212 49 uttrycklig
694 1760 208 47 föreskrift,
933 1766 54 31 att
1017 1760 248 37 arrendatorn
1296 1760 105 36 alltid
1430 1761 12 35 i
1471 1760 204 36 framtiden
1704 1765 42 31 är
1775 1761 64 35 be-

237 1812 167 49 rättigad
434 1817 54 31 att
518 1817 179 43 övertaga
721 1812 184 36 arrendet
933 1813 62 35 vid
1029 1813 104 48 varje
1153 1812 288 49 upplåtelsetids
1461 1815 159 46 utgång,
1649 1818 102 30 utom
1791 1812 47 36 då

238 1865 145 35 kronan
412 1864 95 36 skall
551 1864 173 36 använda
757 1864 287 36 vattenkraften
1085 1865 58 34 för
1184 1877 100 35 egna
1312 1864 284 49 anläggningar
1624 1864 90 36 eller
1742 1877 95 36 upp-

237 1916 157 36 låtelsen
438 1929 108 23 avser
588 1929 74 36 nya
705 1916 189 47 ändamål,
937 1930 80 23 som
1047 1919 118 33 måste
1193 1919 47 46 på
1270 1916 71 36 den
1370 1916 291 48 ifrågavarande
1690 1916 148 49 platsen

237 1968 234 48 tillgodoses.

366 2019 220 37 Emellertid
614 2020 68 35 har
711 2032 80 24 som
822 2026 86 42 sagt
935 2024 143 32 statens
1106 2019 70 36 och
1205 2020 46 36 de
1281 2020 189 36 allmänna
1498 2021 208 35 intressena
1730 2019 109 37 blivit

238 2078 96 30 mest
374 2071 159 37 lidande.
589 2071 112 37 Detta
743 2077 122 31 möter
904 2071 117 37 redan
1050 2072 12 35 i
1090 2071 108 49 fråga
1240 2085 61 23 om
1343 2072 103 36 tiden
1488 2072 59 35 för
1587 2072 249 48 upplåtelsen.

238 2124 82 36 Den
362 2124 90 48 föga
493 2123 228 37 motiverade
763 2124 210 36 skillnaden
1002 2124 11 35 i
1041 2122 362 37 tidsbestämmelser
1443 2124 63 35 vid
1548 2123 210 49 upplåtelse
1790 2125 48 47 på

238 2176 146 48 vanligt
411 2175 157 36 arrende
597 2175 69 36 och
695 2175 84 36 med
808 2175 292 37 vattenfallsrätt
1128 2175 171 36 kvarstår
1318 2175 118 37 delvis
1464 2175 235 37 oförändrad.
1756 2175 82 35 Den

238 2238 40 26 är
309 2229 94 34 1911
434 2240 138 36 genom
588 2228 372 48 sammanjämkning
974 2226 182 49 stadgade
1171 2227 248 48 möjligheten
1435 2228 56 35 till
1506 2227 208 49 upplåtelse
1729 2229 47 47 på
1792 2240 46 22 en

282 2288 128 41 Bihang
433 2288 48 31 till
504 2287 187 42 riksdagens
708 2288 159 41 protokoll
892 2288 92 31 1915.
1033 2288 41 30 10
1097 2287 87 31 saml.
1232 2288 42 31 39
1295 2287 79 41 häft.
1419 2288 68 39 (Nr
1510 2287 66 40 67)
1774 2287 20 30 3
