2242 2636
414 227 19 32 6
926 236 217 38 Lagutskottets
1172 236 152 31 Utlåtande
1347 238 60 29 N:o
1433 239 53 28 36.

412 310 236 48 framhållits,
689 313 188 47 hurusom,
921 314 94 37 efter
1056 316 241 37 meddelande
1339 316 41 37 af
1406 317 132 51 Kongl.
1568 319 117 49 Maj:ts
1712 317 113 38 ofvan
1854 319 155 37 berörda

414 367 123 48 utslag
565 366 71 37 den
669 369 45 35 14
735 367 193 39 december
951 371 111 43 1886,
1082 371 233 37 samvetslöse
1336 371 315 38 landthandlande
1669 373 61 36 till
1750 373 125 49 hvarje
1894 378 114 31 större

412 420 208 49 kyrkohelg
661 421 181 37 anskaffat
882 425 69 34 och
991 423 290 37 tillhandahållit
1322 426 251 36 allmänheten
1605 432 113 31 större
1746 427 91 36 eller
1864 427 144 36 mindre

413 474 137 49 partier
590 473 254 50 parfymeradt
885 477 155 36 bränvin
1082 478 89 36 eller
1213 479 104 48 sprit;
1346 484 54 31 att
1427 479 119 41 denna
1573 482 134 35 rörelse
1735 481 69 35 allt
1832 494 80 23 mer
1939 482 69 35 och

411 541 79 23 mer
531 529 114 48 gripit
686 529 172 50 omkring
899 531 65 48 sig,
1006 530 116 37 såsom
1165 533 169 48 exempel
1367 533 140 49 hvarpå
1534 533 148 46 anförts,
1711 539 54 31 att
1793 534 116 37 bland
1938 535 70 36 den

410 582 106 49 ringa
549 582 136 49 mängd
715 581 89 47 folk,
832 597 77 23 som
935 585 148 36 besökte
1111 584 141 38 Sorsele
1280 586 149 37 sockens
1457 588 212 49 kyrkostad,
1698 601 45 23 en
1772 588 94 36 enda
1895 589 113 36 hand-

411 636 109 36 lande
562 636 122 36 kunde
725 636 47 49 på
813 650 43 23 en
894 637 103 37 afton
1027 637 138 50 afyttra
1193 638 81 37 från
1305 642 75 35 200
1410 642 59 34 till
1500 643 76 36 300
1605 647 42 31 st.
1679 642 159 49 buteljer
1866 655 61 23 om
1962 643 42 49 "/,

409 691 99 35 liters
542 689 119 50 rymd,
696 696 94 31 samt
818 697 63 39 att,
910 691 46 36 då
985 692 116 36 denna
1130 694 129 35 vätska
1288 694 170 49 vanligen
1488 695 184 37 innehölle
1701 709 44 22 en
1775 696 234 36 alkoholhalt

410 743 40 36 af
483 756 77 23 mer
597 750 44 29 än
683 746 43 35 61
770 751 158 42 procent,
957 746 45 36 de
1031 759 180 35 personer,
1240 760 76 23 som
1346 747 109 36 häraf
1483 749 176 36 berusade
1688 750 65 48 sig,
1782 749 127 37 blifvit
1937 757 70 29 sär-

410 798 100 36 deles
551 797 98 36 vilda
691 798 68 35 och
801 800 205 48 oregerliga
1039 800 67 35 och
1135 813 79 23 mer
1243 807 45 29 än
1317 802 142 49 vanligt
1487 801 155 37 förlorat
1671 804 237 49 besinningen
1939 799 68 41 och

410 850 302 37 medvetenheten
741 851 42 36 af
807 853 90 48 godt
924 853 68 35 och
1022 853 97 36 ondt.

518 904 70 37 Det
615 903 262 51 öfverklagade
906 907 225 37 missbruket
1159 907 227 37 förekomme
1405 908 58 37 för
1483 908 113 51 öfrigt
1614 911 31 48 ej
1667 911 97 36 blott
1784 911 99 36 inom
1904 912 103 49 lapp-

409 958 193 36 markerna
628 959 13 34 i
670 958 241 38 Norrbottens
931 961 69 35 och
1024 961 274 37 Vesterbottens
1318 963 72 44 län,
1411 968 91 31 utan
1523 962 106 38 äfven
1648 965 100 35 inom
1769 965 114 36 andra
1903 965 104 36 delar

408 1012 41 36 af
475 1011 197 37 Norrland.

515 1065 115 37 Sedan
660 1067 227 36 motionären
916 1068 136 35 erinrat
1080 1068 137 45 derom,
1246 1074 54 30 att
1328 1068 240 38 förevarande
1597 1070 115 50 fråga,
1741 1072 119 35 ehuru
1891 1073 115 36 under

408 1133 121 23 annan
558 1118 108 46 form,
694 1121 99 35 varit
820 1119 154 37 föremål
1007 1120 58 37 för
1103 1124 97 36 1888
1236 1123 67 35 och
1341 1125 97 36 1889
1474 1124 103 36 årens
1610 1126 220 48 Riksdagars
1864 1125 141 49 bepröf-

408 1173 129 44 vande,
565 1172 188 37 fortsätter
781 1175 242 35 motionären:

514 1226 57 36 Då
610 1228 222 48 "rättigheten
874 1233 55 30 att
957 1227 148 50 försälja
1133 1230 193 48 spirituösa
1355 1231 159 49 drycker
1542 1237 94 31 samt
1664 1233 37 34 öl
1730 1232 68 36 och
1826 1233 63 36 vin
1918 1246 87 24 vore

407 1279 212 50 medgifven
653 1281 127 36 endast
811 1280 92 37 efter
936 1282 292 38 vederbörandes
1257 1284 160 37 hörande
1446 1285 68 36 och
1543 1298 43 23 en
1616 1286 11 35 i
1656 1286 77 36 sina
1762 1286 154 49 detaljer
1945 1288 59 36 be-

407 1334 119 50 stämd
556 1333 167 51 ordning,
751 1348 84 23 men
862 1334 58 37 för
948 1337 223 48 rättigheten
1201 1342 55 31 att
1283 1336 150 50 försälja
1462 1339 167 36 tekniska
1652 1339 171 45 fabrikat,
1842 1341 161 36 innehål-

406 1389 110 35 lande
546 1388 98 48 sprit,
672 1388 120 49 någon
822 1402 119 22 annan
971 1389 129 49 åtgärd
1128 1391 80 35 icke
1237 1390 155 37 behöfde
1421 1393 168 48 vidtagas
1617 1400 45 28 än
1691 1393 56 45 de,
1773 1406 78 23 som
1872 1393 133 37 omför-

406 1442 141 36 mäldes
576 1442 11 34 i
615 1441 261 50 förordningen
906 1442 186 50 angående
1122 1445 180 48 utvidgad
1330 1445 263 49 näringsfrihet
1621 1446 67 36 den
1724 1449 44 35 18
1785 1448 83 48 juni
1895 1450 110 42 1864,

406 1501 122 44 syntes
570 1497 227 35 motionären
839 1502 112 31 större
980 1497 79 35 skäl
1087 1496 196 38 förefinnas
1312 1504 53 31 att
1394 1498 59 37 för
1482 1500 301 49 undanrödjande
1812 1502 37 35 af
1877 1501 62 36 det
1967 1501 41 36 af

404 1550 138 35 honom
583 1549 188 48 påpekade
812 1550 225 37 missbruket
1077 1552 225 35 tillerkänna
1330 1553 268 37 kommunerna
1627 1554 191 36 enahanda
1846 1560 75 30 rätt
1950 1561 55 31 att

404 1602 107 49 stäfja
552 1603 232 48 oordningar,
828 1617 77 23 som
946 1617 88 23 vore
1075 1605 210 49 medgifven
1320 1608 10 33 i
1364 1608 45 36 14
1440 1606 19 50 $
1488 1608 11 34 i
1528 1607 259 50 förordningen
1815 1608 189 50 angående

403 1657 215 49 försäljning
660 1655 41 37 af
741 1658 72 44 vin,
854 1659 253 48 maltdrycker
1135 1672 49 26 m.
1210 1673 47 22 m.
1287 1660 68 36 den
1387 1662 47 35 24
1464 1661 155 37 oktober
1652 1664 98 36 1885
1780 1668 96 30 samt
1905 1665 48 36 35
1984 1663 18 49 $

404 1711 10 34 i
457 1709 261 50 förordningen
762 1711 184 49 angående
989 1713 167 35 vilkoren
1199 1712 58 37 för
1289 1713 218 51 försäljning
1540 1714 41 37 af
1605 1716 156 36 bränvin
1790 1716 68 36 och
1888 1717 115 36 andra

402 1764 142 36 brända
572 1765 89 35 eller
689 1764 224 37 distillerade
943 1766 193 47 spirituösa
1165 1767 155 48 drycker
1348 1768 70 35 den
1448 1770 44 35 31
1528 1769 154 36 oktober
1714 1771 109 36 1891.

511 1817 56 36 Då
594 1818 62 35 det
683 1818 80 36 icke
794 1831 84 23 vore
907 1821 126 34 bruket
1058 1825 88 30 utan
1175 1823 206 34 missbruket
1405 1820 41 36 af
1463 1821 263 50 parfymerade
1746 1824 157 44 vätskor,
1923 1837 78 23 som

402 1871 114 36 borde
546 1870 114 37 blifva
688 1870 153 37 föremål
870 1873 57 34 för
956 1886 44 22 en
1029 1873 264 50 inskränkning
1321 1875 10 34 i
1362 1874 468 51 försäljningsrättigheten,
1850 1878 68 34 och
1937 1878 64 48 dy-

402 1925 77 35 lika
506 1925 210 36 restriktiva
745 1926 338 48 lagbestämmelser
1110 1928 81 35 icke
1220 1929 200 48 lämpligen
1441 1929 93 36 hade
1555 1930 53 35 sin
1628 1931 95 47 plats
1744 1930 11 35 i
1775 1931 227 36 sistnämnda

401 1977 226 49 förordning,
656 1992 87 23 vore
773 1980 116 49 enligt
917 1981 245 36 motionärens
1191 1981 94 50 åsigt
1312 1982 71 36 den
1404 1983 104 36 bästa
1530 1989 158 44 utvägen
1707 1983 56 37 för
1783 1983 218 50 uppnående

402 2031 41 36 af
468 2032 63 36 det
558 2031 164 51 åsyftade
752 2032 113 37 målet
893 2039 55 30 att
976 2035 86 35 söka
1091 2034 36 36 få
1146 2036 11 34 i
1177 2035 541 51 näringsfrihetsförordningen
1739 2036 121 38 införd
1880 2038 120 50 någon

399 2084 188 37 föreskrift
614 2085 41 36 af
680 2087 190 35 enahanda
899 2093 68 39 art,
996 2100 77 23 som
1102 2087 209 38 återfunnes
1339 2090 11 34 i
1370 2090 239 37 förenämnda
1631 2091 92 36 båda
1742 2090 259 52 förordningar

399 2152 61 22 om
489 2140 218 48 försäljning
735 2139 40 37 af
800 2141 73 44 vin,
905 2141 252 50 maltdrycker
1186 2155 47 23 m.
1263 2156 47 22 m.
1340 2149 95 30 samt
1462 2145 194 48 spirituösa
1685 2145 165 49 drycker.

507 2192 51 37 På
586 2193 121 49 grund
736 2193 39 36 af
802 2194 96 36 hvad
927 2194 154 37 sålunda
1109 2194 129 37 blifvit
1266 2196 157 46 anfördt,
1451 2199 211 35 hemställer
1691 2199 244 36 motionären:

507 2252 56 30 att
590 2247 208 49 Riksdagen
828 2248 88 36 ville
946 2249 10 34 i
987 2248 189 37 skrifvelse
1205 2249 61 36 till
1295 2251 132 49 Kongl.
1457 2252 103 48 Maj:t
1589 2251 159 46 anhålla,
1776 2253 62 36 det
1863 2253 134 49 Kongl.

400 2299 103 49 Maj:t
530 2301 137 36 täcktes
696 2300 75 37 låta
800 2302 171 36 utarbeta
1000 2303 67 35 och
1095 2302 58 37 för
1181 2304 206 49 Riksdagen
1415 2303 210 52 framlägga
1653 2304 131 51 förslag
1804 2307 65 35 till
1886 2306 123 37 sådan
