2177 2676
652 178 344 33 Jordbruksutskottets
1027 177 173 33 Utlåtande
1224 177 52 32 Nr
1299 180 74 29 110.
1798 178 19 32 3

647 268 53 31 ett
747 262 39 36 af
829 262 418 49 landtmäteristyrelsen
1290 261 70 36 den
1411 263 18 34 6
1475 261 197 37 november
1717 263 97 35 1909

647 316 232 46 framställdt,
910 318 12 34 i
951 316 399 49 statsrådsprotokollet
1374 323 165 29 närmare
1560 315 164 50 angifvet
1743 315 75 37 för-

646 373 89 47 slag,
775 372 84 35 med
896 377 72 30 rätt
1008 370 56 37 för
1101 371 136 48 Kungl.
1278 370 106 48 Maj:t
1423 376 53 30 att
1505 370 85 36 utaf
1616 370 111 49 sagda
1755 371 63 35 be-

646 427 87 47 lopp
764 426 118 35 under
911 429 39 32 år
982 427 99 34 1910
1111 425 40 35 af
1176 426 233 47 tillgängliga
1438 425 119 35 medel
1587 424 231 37 förskottsvis

648 478 56 37 för
732 479 210 36 ändamålet
971 479 207 35 utanordna
1207 478 234 48 erforderligt
1470 478 145 49 belopp.

352 588 213 37 Stockholm
597 588 69 36 den
698 590 19 34 9
750 588 71 47 maj
859 589 111 34 1910.

689 695 52 37 På
765 695 402 48 jordbruksutskottets
1196 701 151 41 vägnar:

751 802 236 37 THEODOR
1016 801 268 38 ODELBERG.

875 1042 292 42 Reservation

352 1129 53 36 Af
429 1130 85 35 herr
541 1128 37 37 J.
607 1128 42 35 E.
678 1128 190 48 Berggren,
898 1140 77 22 som
1006 1132 130 39 ansett,
1168 1132 53 30 att
1242 1128 197 34 utskottets
1461 1126 172 49 yttrande
1654 1127 67 35 och
1742 1126 74 36 för-

216 1187 79 47 slag
324 1185 83 35 bort
436 1182 109 37 hafva
574 1182 163 48 följande
766 1181 155 49 lydelse:

350 1238 16 36 I
395 1238 114 48 nådig
528 1237 229 48 proposition
782 1249 45 22 nr
849 1236 72 35 186
943 1236 56 34 till
1020 1235 244 36 innevarande
1284 1235 162 48 Riksdag
1465 1235 66 35 har
1552 1234 136 48 Kungl.
1710 1234 107 48 Maj:t

216 1293 175 48 framlagt
420 1291 138 48 förslag
600 1291 58 34 till
686 1289 571 48 landtmäteriundervisningens
1286 1289 199 35 ordnande.
1543 1288 104 36 Detta
1682 1288 137 48 förslag

215 1355 40 29 är
297 1346 187 50 grundadt
527 1348 45 45 på
611 1343 216 36 uttalanden
857 1344 67 34 och
954 1342 138 49 förslag
1121 1343 76 35 dels
1227 1342 40 36 af
1291 1343 419 48 landtmäteristyrelsen
1741 1343 76 35 dels

218 1401 39 36 af
283 1400 171 37 särskildt
485 1398 152 37 utsedde
667 1397 281 36 kommitterade
977 1397 68 35 och
1075 1398 241 47 sakkunnige.

349 1454 51 36 Af
430 1454 104 35 dessa
563 1452 218 36 uttalanden
810 1452 68 34 och
907 1449 148 50 förslag,
1087 1451 134 35 sådana
1250 1451 44 35 de
1323 1449 191 37 refererats
1545 1450 39 36 af
1597 1451 220 47 jordbruks-

216 1511 194 34 ministern
452 1510 13 33 i
508 1507 70 36 den
617 1507 127 47 kungl.
785 1507 288 47 propositionen,
1114 1504 171 49 framgår,
1317 1510 52 31 att
1399 1506 168 47 samtlige
1597 1510 120 30 ansett
1746 1505 71 35 den

215 1565 134 34 hittills
378 1562 158 37 varande
566 1560 550 47 landtmäteriundervisningen
1146 1559 109 36 hafva
1283 1561 92 34 varit
1405 1560 67 34 och
1496 1572 86 23 vara
1601 1560 12 34 i
1633 1559 74 48 hög
1726 1559 92 48 grad

214 1617 202 48 bristfällig
445 1617 67 34 och
543 1620 53 31 att
625 1615 70 35 den
725 1613 124 36 därför
876 1614 109 47 högst
1013 1615 198 46 väsentligt
1239 1612 174 37 behöfver
1443 1612 196 37 förbättras
1662 1614 68 34 och
1756 1618 61 30 ut-

215 1672 139 48 vidgas.
412 1671 96 35 Enär
546 1669 43 35 de
619 1667 91 46 kraf,
742 1681 78 22 som
850 1669 124 34 ställas
1003 1668 68 34 och
1101 1668 115 47 enligt
1246 1667 43 35 de
1319 1668 248 47 sakkunniges
1597 1667 68 35 och
1694 1667 123 35 landt-

216 1726 332 48 mäteristyrelsens
592 1724 94 34 åsikt
728 1722 89 35 böra
859 1723 123 34 ställas
1011 1724 47 45 på
1086 1721 283 41 landtmätarne,
1400 1728 60 28 äro
1490 1720 41 36 af
1556 1724 135 45 många
1720 1722 97 34 olika

216 1781 79 47 slag
337 1779 68 35 och
449 1777 40 36 af
528 1776 57 36 för
627 1777 61 35 det
731 1777 185 34 allmänna
959 1775 109 48 djupt
1108 1775 182 48 ingående
1328 1775 200 48 betydelse,
1569 1788 85 22 vore
1689 1775 61 35 det
1779 1773 37 37 af

216 1834 192 48 synnerlig
427 1833 89 43 vikt,
544 1836 53 30 att
622 1830 70 35 den
714 1829 277 48 undervisning,
1014 1842 78 22 som
1114 1842 133 35 genom
1264 1834 137 30 statens
1420 1828 143 49 försorg
1578 1829 236 48 bibringades

216 1888 94 44 dem,
341 1899 85 24 vore
455 1886 216 46 tillräckligt
700 1882 228 37 omfattande
958 1883 67 35 och
1054 1883 192 48 ingående.
1292 1882 112 36 Utom
1436 1883 43 35 de
1499 1884 148 46 vanliga
1668 1882 147 36 skiftes-

216 1942 213 47 göromålen
468 1943 119 32 såsom
626 1939 83 47 laga
738 1936 148 45 skiften,
917 1936 410 49 hemmansklyfningar
1355 1936 40 36 af
1420 1938 83 46 laga
1532 1936 129 36 skiftes
1690 1941 122 39 natur,

215 1995 228 48 ägoutbyten
473 1994 89 35 eller
590 1992 395 48 rågångsregleringar,
1017 1989 257 50 afsöndringar
1298 1991 67 35 och
1389 1991 312 48 ägostyckningar
1721 1996 95 30 samt

215 2049 153 47 delning
411 2047 39 36 af
474 2048 228 42 fiskevatten,
734 2046 117 34 skulle
880 2045 270 35 landtmätaren
1178 2058 86 22 vara
1293 2045 128 34 rustad
1451 2049 53 30 att
1533 2045 126 35 kunna
1688 2047 47 45 på
1763 2049 53 30 ett

216 2107 83 40 sätt,
331 2115 77 23 som
437 2101 103 36 tiden
569 2099 155 44 kräfver,
755 2100 194 35 verkställa
978 2099 185 47 åtskilliga
1191 2098 113 36 andra
1329 2099 162 43 arbeten,
1520 2111 78 22 som
1619 2099 72 35 han
1711 2099 9 34 i
1741 2097 74 36 för-

214 2160 147 44 gångna
401 2156 96 35 tider
539 2154 118 36 under
699 2152 144 36 mindre
882 2152 213 36 utvecklade
1126 2152 254 36 förhållanden
1410 2151 163 49 sysslade
1603 2152 95 43 med,
1729 2165 86 22 men

215 2223 78 24 som
336 2223 153 23 numera
531 2208 130 36 endast
703 2220 100 22 mera
838 2207 114 35 sällan
990 2205 238 45 förekomma,
1266 2206 180 36 beroende
1485 2209 46 45 på
1560 2206 159 35 arbetets
1750 2207 65 34 allt

215 2270 115 31 större
374 2264 274 49 specialisering
691 2262 66 35 och
802 2260 231 48 uppdelning
1069 2262 13 33 i
1120 2260 118 35 skilda
1276 2259 93 46 fack,
1400 2261 188 47 nämligen
1617 2259 196 37 brandför-

214 2318 372 49 säkringsvärdering,
626 2314 430 51 hypoteksvärderingar,
1097 2314 343 49 dammbyggnader
1478 2315 67 34 och
1583 2315 231 36 vattenverks
