1890 2810
280 138 19 29 8
637 140 403 39 Bevillningsutskotteis
1064 142 218 30 betänkande
1303 152 42 19 nr
1364 144 51 28 31.

280 217 268 31 tillhandahålla
573 218 178 31 allmänna
776 219 313 40 samlingslokaler.
1124 222 76 28 Med
1224 222 140 39 hänsyn
1387 222 118 30 härtill
1531 223 98 29 torde
1654 233 42 19 en
1722 225 52 27 ut-

280 270 167 40 vidgning
467 271 84 30 böra
576 272 60 29 ske
660 281 41 20 av
722 273 310 30 bestämmelserna
1055 274 11 29 i
1092 275 37 29 15
1157 274 15 36 3
1196 275 113 38 tredje
1334 275 134 39 stycket
1491 276 46 39 på
1560 276 38 29 så
1622 277 77 33 sätt,
1723 279 51 27 att

280 323 267 39 ifrågavarande
574 325 268 40 skattelindring
868 326 92 39 finge
986 327 159 39 åtnjutas
1169 337 41 20 av
1235 328 224 34 folketshus-,
1485 329 200 39 folkparks-
1709 331 64 27 och

281 377 111 29 andra
417 377 165 30 liknande
610 378 276 39 organisationer
909 382 133 27 oavsett
1069 381 173 30 huruvida
1269 381 102 30 dessa
1397 382 107 39 enligt
1532 382 76 30 sina
1635 383 138 39 stadgar

280 429 119 30 kunde
425 431 99 38 sägas
549 431 268 31 tillhandahålla
843 432 177 31 allmänna
1048 434 303 38 samlingslokaler
1376 434 82 30 eller
1483 435 45 39 ej.

326 518 116 40 Enligt
468 520 65 29 vad
559 520 170 30 utskottet
756 521 174 30 inhämtat
957 522 64 29 har
1050 522 124 39 frågan
1200 532 57 20 om
1284 523 94 30 vissa
1406 524 190 39 ändringar
1623 524 11 29 i
1659 524 115 39 nöjes-

282 572 368 40 skatteförordningen
668 573 207 31 behandlats
894 575 10 28 i
924 584 40 20 en
985 576 95 29 inom
1098 576 398 39 finansdepartementet
1516 577 67 30 den
1602 578 20 29 8
1641 578 133 29 decem-

281 624 60 30 ber
365 625 82 29 1947
471 626 190 38 upprättad
682 628 243 38 promemoria.
961 629 51 29 Av
1034 629 191 30 innehållet
1254 630 4 28 i
1283 630 154 29 nämnda
1459 631 235 38 promemoria
1717 631 56 29 må

280 678 65 29 här
372 678 170 40 återgivas
569 679 172 40 följande:

325 731 72 30 >Av
421 732 223 31 förarbetena
668 734 51 29 till
748 735 38 29 15
814 734 15 37 $
857 735 110 39 tredje
995 736 136 39 stycket
1155 735 166 40 framgår,
1347 739 49 27 att
1423 737 106 40 syftet
1555 738 79 29 med
1659 738 114 29 denna

278 776 243 30 bestämmelse
552 778 12 28 i
596 778 147 30 främsta
772 782 152 27 rummet
954 780 90 29 varit
1075 783 51 27 att
1156 781 126 30 bereda
1312 781 460 40 folketshusföreningarna,

280 820 251 40 folkparkerna
559 823 65 28 och
653 824 108 29 andra
789 824 171 30 likartade
989 825 277 39 organisationer
1295 826 71 29 viss
1395 826 153 40 lindring
1576 827 11 29 i
1616 827 157 39 nöjesbe-

280 865 234 40 skattningen.
554 867 54 29 En
635 867 108 30 sådan
768 867 154 41 lindring
947 869 64 29 har
1039 869 192 30 emellertid
1258 870 11 29 i
1295 870 119 39 praxis
1441 871 76 29 icke
1544 871 149 30 kommit
1720 871 52 29 till

281 909 113 34 stånd,
417 910 172 30 beroende
614 911 44 39 på
683 914 49 27 att
757 911 212 40 föreningar,
992 923 122 20 varom
1139 914 63 29 här
1228 915 38 29 är
1291 914 110 39 fråga,
1427 914 75 30 icke
1529 917 133 28 ansetts
1688 915 85 40 fylla

279 954 123 29 kravet
419 954 44 39 på
480 957 49 27 att
547 955 251 40 föreningarna
817 957 111 30 skulle
946 958 45 29 ha
1009 958 53 29 till
1083 958 137 39 uppgift
1238 961 50 27 att
1307 959 270 30 tillhandahålla
1594 959 179 30 allmänna

280 998 313 39 samlingslokaler.
632 1001 77 29 Med
734 1001 139 40 hänsyn
899 1001 118 30 härtill
1045 1003 98 29 torde
1170 1003 84 29 böra
1281 1004 188 39 övervägas
1496 1003 174 31 huruvida
1697 1004 75 29 icke

279 1051 44 20 en
345 1043 205 40 utvidgning
572 1044 63 30 bör
656 1045 59 29 ske
737 1055 43 20 av
800 1045 312 32 bestämmelserna
1134 1047 11 29 i
1168 1048 37 29 15
1232 1047 15 37 8
1272 1048 113 38 tredje
1408 1048 134 39 stycket
1565 1048 46 39 på
1634 1049 37 29 så
1694 1049 78 32 sätt,

279 1089 50 27 att
349 1087 268 39 ifrågavarande
638 1089 268 40 skattelindring
925 1091 56 29 må
1002 1091 159 39 åtnjutas
1182 1101 42 20 av
1242 1092 224 34 folketshus-,
1488 1092 199 39 folkparks-
1708 1092 65 30 och

279 1131 111 30 andra
415 1131 166 31 liknande
608 1133 277 39 organisationer
909 1137 132 28 oavsett
1068 1135 173 31 huruvida
1268 1137 103 29 dessa
1396 1136 107 39 enligt
1532 1137 77 29 sina
1635 1137 138 38 stadgar

278 1175 124 30 kunna
431 1177 99 38 sägas
560 1177 269 31 tillhandahålla
857 1179 178 30 allmänna
1066 1180 303 39 samlingslokaler
1398 1181 82 29 eller
1510 1181 44 39 ej.
1594 1182 53 28 En
1676 1181 96 40 dylik

280 1220 149 39 ändring
450 1221 98 29 torde
571 1221 76 30 icke
669 1221 168 31 innebära
859 1222 113 39 någon
996 1223 112 40 saklig
1131 1224 205 40 utvidgning
1357 1225 12 29 i
1390 1225 222 30 förhållande
1634 1226 51 29 till
1707 1226 66 29 vad

280 1273 76 20 som
383 1265 206 29 förutsattes
615 1266 58 29 vid
700 1267 224 38 stadgandets
950 1267 183 30 tillkomst.
1170 1268 110 39 Något
1307 1268 179 30 missbruk
1513 1279 43 20 av
1582 1270 114 29 rätten
1720 1270 53 29 till

279 1308 154 40 lindring
452 1310 11 28 i
483 1309 371 40 nöjesbeskattningen
876 1311 97 30 torde
991 1311 77 30 icke
1090 1312 131 30 behöva
1241 1312 141 30 befaras
1402 1314 78 29 med
1500 1313 140 40 hänsyn
1659 1314 52 29 till
1732 1314 41 29 de

278 1353 137 33 villkor,
438 1362 72 21 som
531 1354 11 29 i
563 1354 112 39 övrigt
695 1354 211 30 föreskrives
928 1355 54 30 för
1003 1357 116 28 rätten
1138 1358 50 28 att
1209 1356 142 39 åtnjuta
1373 1357 108 30 sådan
1502 1358 184 39 lindring.»

323 1432 89 29 Över
431 1433 260 39 promemorian
710 1434 45 29 ha
775 1434 89 30 efter
886 1435 123 29 remiss
1028 1436 188 39 yttranden
1236 1436 147 39 avgivits
1404 1446 41 20 av
1464 1437 310 40 riksräkenskaps-

278 1485 130 34 verket,
430 1486 430 35 överståthållarämbetet,
883 1488 321 40 länsstyrelserna
1191 1484 21 48 i
1226 1489 230 35 Stockholms,
1479 1491 294 29 Södermanlands

279 1538 65 29 och
367 1538 184 40 Älvsborgs
573 1540 60 29 län
656 1543 88 27 samt
766 1540 143 30 Folkets
932 1542 146 38 parkers
1099 1542 383 40 centralorganisation.
1517 1544 65 29 Det
1606 1544 11 29 i
1639 1553 135 30 prome-

279 1592 138 29 morian
440 1592 197 40 framlagda
660 1593 166 40 förslaget
850 1594 52 29 till
926 1595 189 38 ändringar
1139 1596 11 28 i
1176 1596 37 29 15
1240 1595 15 37 $
1283 1596 64 29 har
1372 1596 122 30 därvid
1518 1597 189 40 tillstyrkts
1732 1607 41 20 av

279 1645 41 29 de
340 1645 111 30 hörda
471 1646 291 40 länsstyrelserna
782 1650 91 27 samt
894 1648 141 29 Folkets
1056 1649 146 38 parkers
1222 1649 375 39 centralorganisation
1618 1652 155 28 varemot

279 1698 195 30 detsamma
495 1700 178 39 avstyrkts
693 1710 41 19 av
755 1700 417 40 riksräkenskapsverket
1193 1702 64 29 och
1279 1703 431 30 överståthållarämbetet.

572 1798 341 40 Beskattning
946 1809 53 20 av
1034 1801 445 38 restaurangdans.

326 1868 117 39 Enligt
462 1869 13 29 1
497 1869 14 35 $
530 1869 251 39 förordningen
797 1879 58 20 om
872 1870 197 39 nöjesskatt
1086 1871 88 29 skall
1191 1871 96 39 dylik
1304 1872 94 30 skatt
1414 1873 157 39 erläggas
1588 1873 54 29 för
1658 1873 114 39 nöjes-

281 1921 231 39 tillställning,
539 1922 54 29 till
621 1922 115 30 vilken
763 1923 238 30 allmänheten
1026 1924 66 29 har
1118 1924 152 30 tillträde
1297 1928 74 27 mot
1398 1926 118 38 avgift.
1545 1926 226 30 Beträffande

280 1974 314 40 danstillställning
614 1975 106 39 gäller
740 1976 193 30 emellertid
952 1977 181 30 dessutom
1157 1977 34 37 ($
1213 1978 35 33 5)
1273 1980 51 28 att
1343 1988 58 20 om
1421 1979 110 29 sådan
1550 1979 221 39 tillställning

281 2028 176 29 anordnas
474 2028 11 29 i
502 2028 94 30 lokal
615 2029 82 29 eller
715 2029 19 30 å
750 2029 103 39 plats,
872 2030 62 29 där
952 2030 241 39 utskänkning
1210 2040 42 20 av
1271 2032 248 39 spritdrycker,
1538 2033 69 34 vin,
1626 2033 145 39 pilsner-

281 2080 122 30 dricka
422 2081 82 30 eller
523 2081 212 31 alkoholfria
755 2083 149 38 drycker
925 2083 179 39 samtidigt
1124 2084 57 29 må
1202 2085 62 38 äga
1286 2094 89 24 rum,
1396 2085 82 29 eller
1498 2085 10 29 i
1529 2095 119 20 annan
1667 2086 103 33 lokal,

282 2142 75 21 som
378 2134 71 30 står
468 2135 10 28 i
497 2135 217 30 obehindrad
732 2136 75 29 inre
827 2136 212 30 förbindelse
1059 2137 79 29 med
1158 2137 92 29 lokal
1271 2147 75 21 som
1366 2147 82 30 nyss
1468 2140 105 37 sagts,
1594 2139 97 33 skall,
1712 2140 59 28 än-

280 2186 90 30 dock
393 2189 50 28 att
467 2188 152 29 särskild
643 2189 106 38 avgift
773 2189 56 29 för
852 2189 152 30 tillträde
1027 2190 53 29 till
1105 2190 357 40 danstillställningen
1485 2192 77 29 icke
1587 2192 183 39 uppbäres,

281 2240 198 39 nöjesskatt
497 2241 83 39 utgå
598 2241 55 30 för
671 2242 215 30 densamma.

324 2293 250 39 Nöjesskatten
597 2297 167 37 upptages
784 2296 12 28 i
817 2295 92 30 form
929 2305 42 20 av
991 2296 94 30 skatt
1106 2297 44 39 på
1169 2297 115 39 biljett
1304 2298 65 28 och
1391 2298 111 38 utgår,
1524 2300 99 27 utom
1644 2297 127 30 beträf-

281 2346 106 30 fande
412 2347 424 40 biografföreställningar
862 2349 54 30 för
941 2349 94 29 vilka
1063 2349 172 30 särskilda
1261 2350 111 39 regler
1399 2350 198 34 fastställts,
1624 2351 79 29 med
1731 2351 38 29 15

280 2401 146 37 procent
443 2400 19 29 å
478 2400 230 40 bruttopriset
725 2401 53 30 för
794 2402 98 39 varje
909 2402 124 39 biljett,
1051 2402 208 31 inberäknat
1278 2403 149 30 skatten.
1445 2404 68 29 För
1530 2402 241 31 danstillställ-

281 2453 94 39 ning,
404 2462 74 20 som
505 2454 177 30 anordnas
707 2455 10 28 i
744 2455 171 29 samband
942 2455 78 30 med
1048 2456 241 39 utskänkning
1317 2466 42 20 av
1387 2455 275 39 alkoholhaltiga
1688 2456 82 30 eller
