1884 2810
285 148 37 28 10
637 148 406 40 Bevillningsutskottets
1065 150 220 30 betänkande
1305 160 41 20 nr
1365 152 52 28 31.

285 227 102 34 detta,
407 229 52 28 att
478 227 51 34 de,
549 228 53 29 för
621 228 95 29 vilka
737 228 195 40 nöjesskatt
951 229 31 39 ej
1004 229 165 40 erlägges,
1189 230 76 30 icke
1285 231 62 39 äga
1365 231 138 39 deltaga
1521 232 9 29 i
1550 232 144 30 dansen.
1716 233 58 30 Så-

285 280 73 20 som
382 271 133 39 jämväl
541 272 11 28 i
575 272 264 39 propositionen
864 272 197 35 förutsatts,
1087 274 98 30 torde
1211 275 58 29 det
1293 275 121 29 därvid
1440 285 83 20 vara
1547 276 225 40 nödvändigt,

284 317 48 27 att
351 318 48 27 ett
418 316 249 39 biljettsystem
687 317 187 39 tillämpas.
894 318 228 30 Beträffande
1142 320 334 38 restauranggäster,
1492 329 74 21 som
1579 320 120 39 intaga
1720 322 53 29 sin

284 359 121 30 måltid
427 360 11 29 i
461 369 43 20 en
525 360 102 34 lokal,
650 361 128 29 medan
800 362 87 29 dans
909 362 108 39 pågår
1039 363 11 28 i
1071 372 43 20 en
1136 372 119 20 annan
1277 363 91 30 lokal
1391 364 96 29 inom
1509 366 262 37 restaurangen,

283 403 109 30 måste
415 404 149 30 sålunda
583 405 121 34 tillses,
727 407 50 28 att
796 406 184 39 möjlighet
1001 407 76 29 icke
1098 407 195 30 förefinnes
1313 407 54 30 för
1387 408 102 30 dessa
1509 410 114 37 gäster
1645 411 51 27 att
1717 410 55 29 be-

283 448 98 29 träda
399 448 229 30 danslokalen
647 451 87 27 utan
752 452 49 27 att
818 450 73 29 lösa
909 450 215 39 dansbiljett.
1143 451 52 30 Då
1212 452 255 30 handhavande
1486 461 41 21 av
1544 453 115 29 denna
1676 454 96 29 över-

282 492 153 39 vakning
462 492 75 30 icke
563 494 108 38 gärna
697 494 72 29 kan
794 494 117 39 läggas
938 494 20 30 å
985 495 439 39 uppbördsmyndigheten,
1453 496 110 30 måste
1589 497 95 30 detta
1710 498 61 29 ske

282 544 123 30 genom
425 537 465 39 restauranginnehavarens
909 546 86 32 egen
1014 539 146 39 försorg.
1181 540 120 29 Denne
1320 540 61 30 bör
1402 541 148 30 sålunda
1568 541 102 34 tillse,
1691 544 50 27 att
1761 542 10 28 i

282 580 230 30 danslokalen
538 581 115 30 finnes
680 591 44 20 en
750 591 135 30 person,
915 592 76 20 som
1017 583 285 31 tillhandahåller
1330 584 243 40 dansbiljetter
1601 586 64 29 och
1693 586 78 30 där-

281 624 108 38 jämte
408 625 200 34 övervakar,
628 628 51 27 att
700 626 67 30 alla
787 627 10 29 i
816 627 230 30 danslokalen
1065 628 209 30 inträdande
1294 630 113 37 gäster
1427 630 60 28 äro
1508 629 164 30 försedda
1690 630 80 30 med

281 668 118 39 dylika
414 669 164 39 biljetter.
595 670 75 30 Vad
687 670 74 30 åter
778 671 106 39 angår
901 671 132 30 sådana
1051 673 124 37 gäster,
1194 681 75 21 som
1285 672 118 40 intaga
1420 673 54 29 sin
1490 674 123 29 måltid
1630 674 11 29 i
1658 674 112 39 själva

281 712 239 35 danslokalen,
542 714 89 29 lärer
653 714 59 30 det
734 715 93 29 möta
848 715 169 39 betydligt
1041 717 109 28 större
1174 716 212 39 svårigheter
1408 719 50 27 att
1480 718 82 38 göra
1584 718 115 39 någon
1721 718 50 30 åt-

282 756 151 30 skillnad
456 758 128 29 mellan
607 758 181 30 dansande
809 760 64 28 och
896 759 76 30 icke
995 760 179 30 dansande
1199 762 124 37 gäster.
1346 762 207 29 Förefinnes
1576 762 193 30 emellertid

281 800 183 40 möjlighet
489 803 50 28 att
564 802 96 29 inom
686 802 229 30 danslokalen
941 805 171 38 avgränsa
1138 805 69 29 den
1231 805 101 39 plats,
1358 806 63 29 där
1447 806 88 29 dans
1561 806 118 39 pågår,
1705 807 65 29 och

281 846 49 28 att
352 846 174 29 övervaka
548 848 49 28 att
620 847 82 38 inga
726 847 108 30 andra
857 849 45 28 än
925 848 53 34 de,
1002 858 74 20 som
1100 849 60 29 äro
1185 848 162 31 försedda
1371 850 79 29 med
1474 850 216 39 dansbiljett,
1714 851 56 29 be-

280 889 98 30 träda
400 890 117 29 denna
538 890 100 39 plats,
664 900 103 30 synes
791 893 86 28 även
898 892 12 29 i
932 892 95 30 detta
1050 892 62 29 fall
1135 893 197 39 nöjesskatt
1354 894 83 29 böra
1462 894 82 38 utgå
1566 895 124 29 endast
1715 895 54 29 för

280 933 87 34 dem,
389 943 76 20 som
485 934 141 30 beträda
646 935 116 30 denna
782 936 215 39 avgränsade
1016 936 101 40 plats.

324 977 109 30 Såvitt
452 979 169 30 utskottet
639 979 74 29 kan
730 979 99 30 finna
846 980 62 29 bör
928 980 58 30 det
1002 981 12 29 i
1032 981 41 29 de
1091 981 103 30 flesta
1214 981 62 30 fall
1294 991 81 20 vara
1393 982 139 39 möjligt
1550 984 51 27 att
1618 982 90 30 efter
1727 983 41 29 de

279 1031 41 19 av
342 1022 172 30 utskottet
537 1031 47 21 nu
608 1023 197 30 skisserade
828 1024 227 39 riktlinjerna
1078 1025 166 34 undvika,
1270 1028 49 27 att
1343 1026 198 39 nöjesskatt
1565 1028 137 38 uttages
1727 1036 42 20 av

280 1065 129 30 sådana
427 1067 125 38 gäster,
572 1076 75 20 som
664 1068 276 39 uppenbarligen
958 1069 129 29 besöka
1105 1079 43 20 en
1166 1072 206 37 restaurang
1390 1071 10 28 i
1418 1072 108 28 annat
1545 1069 90 40 syfte
1654 1072 45 28 än
1718 1073 50 27 att

278 1109 118 30 dansa.
415 1110 98 30 Givet
532 1112 37 28 är
586 1112 204 34 emellertid,
809 1114 49 28 att
876 1113 69 29 den
963 1114 161 29 närmare
1143 1114 266 39 utformningen
1427 1124 42 21 av
1486 1115 282 30 kontrollanord-

279 1153 171 39 ningarna
469 1155 12 28 i
500 1155 112 29 skilda
632 1155 62 29 fall
714 1156 71 29 kan
803 1156 91 30 bliva
913 1156 105 35 olika,
1038 1157 171 30 beroende
1228 1158 45 39 på
1293 1158 40 31 de
1352 1158 116 30 lokala
1488 1158 278 31 förhållandena.

278 1197 115 40 Enligt
408 1199 18 29 5
446 1198 15 37 $
479 1198 454 40 nöjesskattekungörelsen
948 1201 206 30 ankommer
1169 1202 58 29 det
1241 1202 45 39 på
1299 1202 258 30 vederbörande
1573 1203 194 39 uppbörds-

277 1242 204 39 myndighet
504 1245 50 27 att
575 1243 159 30 meddela
759 1245 159 29 närmare
942 1244 222 30 föreskrifter
1186 1246 148 30 rörande
1357 1246 409 40 kontrollanordningar-

277 1295 62 20 nas
358 1286 255 30 beskaffenhet.
634 1287 178 30 Utskottet
832 1288 216 34 förutsätter,
1069 1291 50 27 att
1138 1290 59 29 vid
1218 1290 226 30 meddelande
1465 1300 41 20 av
1526 1291 130 30 sådana
1677 1292 90 29 före-

278 1329 141 30 skrifter
441 1331 105 38 nödig
566 1331 139 39 hänsyn
727 1333 95 37 tages
843 1332 52 29 till
918 1332 42 30 de
981 1332 116 30 lokala
1118 1333 278 30 förhållandena.

321 1374 65 29 Om
403 1375 193 30 emellertid
614 1385 43 20 av
673 1375 117 30 lokala
805 1376 83 29 eller
905 1377 111 29 andra
1034 1377 75 29 skäl
1127 1377 226 41 erforderliga
1371 1379 394 40 kontrollanordningar

276 1427 41 20 av
335 1427 46 20 nu
400 1419 139 39 angivet
559 1420 71 38 slag
649 1419 31 39 ej
702 1420 121 29 kunna
841 1420 262 39 åvägabringas,
1124 1422 90 29 skall
1232 1422 196 39 nöjesskatt
1447 1423 156 39 erläggas
1623 1423 55 30 för
1697 1424 68 29 alla

276 1462 40 29 de
335 1463 126 38 gäster,
483 1472 74 21 som
577 1464 62 39 äga
660 1464 153 30 tillträde
833 1465 52 28 till
905 1465 260 30 danslokalen.>

319 1559 13 29 I
354 1560 180 30 motionen
556 1561 46 29 II:
617 1561 65 29 268
705 1562 64 28 har
792 1561 214 31 framhållits
1028 1565 51 27 att
1100 1563 310 30 bestämmelserna
1433 1574 57 19 om
1512 1565 189 39 uttagande
1725 1575 41 20 av

276 1612 197 39 nöjesskatt
493 1614 57 29 vid
571 1614 353 40 danstillställningar
945 1615 90 30 hade
1056 1616 154 30 medfört
1230 1617 220 39 verkningar,
1474 1627 73 20 som
1569 1619 133 29 varken
1725 1628 40 20 ur

275 1666 66 29 den
363 1666 177 30 enskildes
561 1667 82 30 eller
664 1667 59 30 det
744 1668 196 30 allmännas
963 1669 180 39 synpunkt
1164 1670 119 29 kunde
1305 1679 101 21 anses
1427 1670 337 31 tillfredsställande.

275 1719 212 40 Visserligen
506 1720 95 30 torde
621 1720 58 30 det
698 1729 145 22 numera
863 1721 87 30 råda
970 1731 44 20 en
1032 1722 133 39 ganska
1186 1723 131 29 allmän
1337 1724 141 39 mening
1498 1725 132 33 därom,
1651 1727 51 27 att
1721 1734 43 20 en

276 1771 109 40 skälig
411 1773 224 39 beskattning
662 1782 43 20 av
730 1774 183 38 nöjeslivet
938 1775 12 29 i
976 1775 41 29 de
1043 1775 93 30 olika
1163 1775 132 30 former
1320 1776 56 30 det
1404 1776 216 31 förekomme
1646 1778 118 29 kunde

275 1825 176 34 tolereras,
468 1826 44 29 då
526 1826 39 39 ju
580 1827 204 38 därigenom
799 1827 56 30 det
872 1827 180 31 allmänna
1068 1828 173 30 tillfördes
1257 1830 120 34 medel,
1395 1839 75 20 som
1487 1830 117 30 kunde
1620 1831 143 29 komma

274 1878 51 29 till
345 1879 225 39 användning
592 1879 53 30 för
666 1880 272 38 tillgodoseende
958 1890 43 20 av
1020 1889 260 31 gemensamma
1300 1883 133 39 nyttiga
1455 1883 173 29 ändamål.
1650 1884 114 29 Emel-

274 1931 100 29 lertid
392 1932 99 29 torde
510 1932 56 29 det
584 1932 74 30 icke
677 1933 46 29 ha
741 1933 89 30 varit
848 1934 293 30 statsmakternas
1159 1935 151 39 mening,
1330 1938 50 27 att
1398 1936 231 30 dansskatten
1649 1937 113 29 skulle

273 1984 47 29 bli
342 1986 47 27 ett
412 1985 123 33 medel,
558 1986 201 38 varigenom
783 1996 81 19 man
886 1987 31 38 ej
943 1987 122 29 enbart
1088 1987 113 30 skulle
1224 1988 180 39 tillgodose
1428 1989 233 30 förenämnda
1684 1999 79 30 syn-

273 2037 112 38 punkt
407 2046 59 20 om
489 2038 230 39 anskaffning
742 2048 42 20 av
805 2047 130 31 pengar
960 2040 54 29 för
1037 2040 179 30 allmänna
1240 2041 109 30 behov
1373 2044 86 27 utan
1482 2042 131 39 jämväl
1635 2043 127 29 bereda

273 2090 183 39 möjlighet
483 2091 54 29 för
563 2092 343 39 restaurangföretag
934 2095 51 27 att
1013 2095 117 37 uttaga
1158 2094 150 39 onödiga
1334 2095 64 29 och
1426 2096 160 38 orimliga
1614 2095 148 39 avgifter

273 2152 41 20 av
330 2152 177 30 personer,
525 2144 91 30 vilka
635 2145 125 30 endast
777 2145 141 30 besökte
935 2146 120 38 dylika
1073 2147 125 29 ställen
1217 2147 10 29 i
1246 2147 88 39 syfte
1352 2149 50 28 att
1419 2148 119 39 intaga
1555 2148 124 30 måltid
1697 2149 64 29 och

273 2195 74 30 icke
372 2196 90 30 hade
488 2197 57 29 det
570 2197 153 39 ringaste
749 2198 145 30 intresse
920 2208 42 20 av
988 2199 87 29 dans
1100 2200 65 29 och
1190 2200 66 29 vad
1282 2200 143 30 därmed
1453 2201 309 39 sammanhängde.

272 2249 53 29 Nu
345 2249 74 39 låge
442 2251 86 28 nära
548 2250 50 30 till
620 2251 115 29 hands
757 2253 49 28 att
827 2252 125 29 anföra
972 2252 57 30 det
1050 2255 229 36 argumentet,
1301 2256 49 27 att
1370 2254 68 29 den
1460 2264 75 20 som
1555 2255 31 39 ej
1609 2264 81 20 vore
1710 2255 52 28 in-

272 2303 172 29 tresserad
470 2312 42 20 av
535 2303 85 30 dans
644 2304 77 29 icke
744 2304 104 30 borde
872 2305 130 29 besöka
1026 2314 43 21 en
1091 2308 207 37 restaurang
1321 2307 19 29 å
1362 2307 104 34 kväll,
1492 2307 44 30 då
1560 2308 87 29 dans
1672 2307 89 29 före-

272 2355 148 33 komme,
446 2357 85 28 utan
554 2356 11 29 i
589 2357 115 29 stället
729 2357 57 29 vid
809 2358 110 29 behov
943 2367 43 20 av
1009 2359 121 29 måltid
1155 2359 110 30 anlita
1290 2360 103 39 något
1416 2360 143 30 enklare
1584 2360 176 30 matställe

271 2408 62 30 där
351 2408 89 29 dans
461 2409 31 38 ej
515 2409 230 30 anordnades.
766 2410 212 40 Visserligen
997 2411 118 30 kunde
1135 2412 94 30 detta
1251 2412 160 30 förefalla
1430 2422 84 20 vara
1533 2422 42 20 en
1595 2412 87 30 både
1703 2422 58 21 en-

271 2461 54 29 kel
343 2462 64 29 och
424 2462 162 38 praktisk
604 2462 187 40 anvisning
808 2472 80 21 men
904 2465 120 37 tyvärr
1040 2465 75 29 icke
1133 2465 124 39 möjlig
1276 2468 49 27 att
1342 2466 232 29 efterkomma
1591 2465 57 29 vid
1667 2466 93 30 vissa
