<?xml version="1.0" encoding="UTF-8"?>
<alto xmlns="http://www.loc.gov/standards/alto/ns-v3#" xmlns:xlink="http://www.w3.org/1999/xlink" xmlns:xsi="http://www.w3.org/2001/XMLSchema-instance" xsi:schemaLocation="http://www.loc.gov/standards/alto/ns-v3# http://www.loc.gov/alto/v3/alto-3-0.xsd">
	<Description>
		<MeasurementUnit>pixel</MeasurementUnit>
		<sourceImageInformation>
			<fileName>/tmp/tess_cb1daium_input.PNG</fileName>
		</sourceImageInformation>
		<OCRProcessing ID="OCR_0">
			<ocrProcessingStep>
				<processingSoftware>
					<softwareName>tesseract 5.3.0</softwareName>
				</processingSoftware>
			</ocrProcessingStep>
		</OCRProcessing>
	</Description>
	<Layout>
		<Page WIDTH="1920" HEIGHT="2856" PHYSICAL_IMG_NR="0" ID="page_0">
			<PrintSpace HPOS="0" VPOS="0" WIDTH="1920" HEIGHT="2856">
				<ComposedBlock ID="cblock_0" HPOS="476" VPOS="152" WIDTH="1105" HEIGHT="39">
					<TextBlock ID="block_0" HPOS="476" VPOS="152" WIDTH="1105" HEIGHT="39">
						<TextLine ID="line_0" HPOS="476" VPOS="152" WIDTH="1105" HEIGHT="39">
							<String ID="string_0" HPOS="476" VPOS="157" WIDTH="395" HEIGHT="34" WC="0.90" CONTENT="Jordbruksutskottets"/><SP WIDTH="30" VPOS="157" HPOS="871"/>
							<String ID="string_1" HPOS="901" VPOS="156" WIDTH="187" HEIGHT="32" WC="0.95" CONTENT="utlåtande"/><SP WIDTH="28" VPOS="156" HPOS="1088"/>
							<String ID="string_2" HPOS="1116" VPOS="156" WIDTH="52" HEIGHT="31" WC="0.94" CONTENT="Nr"/><SP WIDTH="27" VPOS="156" HPOS="1168"/>
							<String ID="string_3" HPOS="1195" VPOS="154" WIDTH="50" HEIGHT="31" WC="0.89" CONTENT="72."/><SP WIDTH="296" VPOS="154" HPOS="1245"/>
							<String ID="string_4" HPOS="1541" VPOS="152" WIDTH="40" HEIGHT="29" WC="0.96" CONTENT="17"/>
						</TextLine>
					</TextBlock>
				</ComposedBlock>
				<ComposedBlock ID="cblock_1" HPOS="119" VPOS="229" WIDTH="1509" HEIGHT="360">
					<TextBlock ID="block_1" HPOS="119" VPOS="229" WIDTH="1509" HEIGHT="360">
						<TextLine ID="line_1" HPOS="119" VPOS="229" WIDTH="1508" HEIGHT="45">
							<String ID="string_5" HPOS="119" VPOS="240" WIDTH="60" HEIGHT="34" WC="0.96" CONTENT="att,"/><SP WIDTH="43" VPOS="240" HPOS="179"/>
							<String ID="string_6" HPOS="222" VPOS="238" WIDTH="111" HEIGHT="30" WC="0.96" CONTENT="därest"/><SP WIDTH="42" VPOS="238" HPOS="333"/>
							<String ID="string_7" HPOS="375" VPOS="236" WIDTH="144" HEIGHT="37" WC="0.90" CONTENT="stadgad"/><SP WIDTH="38" VPOS="236" HPOS="519"/>
							<String ID="string_8" HPOS="557" VPOS="234" WIDTH="355" HEIGHT="39" WC="0.90" CONTENT="kapitalinbetalning"/><SP WIDTH="34" VPOS="234" HPOS="912"/>
							<String ID="string_9" HPOS="946" VPOS="235" WIDTH="21" HEIGHT="30" WC="0.92" CONTENT="å"/><SP WIDTH="34" VPOS="235" HPOS="967"/>
							<String ID="string_10" HPOS="1001" VPOS="233" WIDTH="147" HEIGHT="31" WC="0.92" CONTENT="statslån"/><SP WIDTH="38" VPOS="233" HPOS="1148"/>
							<String ID="string_11" HPOS="1186" VPOS="232" WIDTH="73" HEIGHT="31" WC="0.91" CONTENT="icke"/><SP WIDTH="38" VPOS="232" HPOS="1259"/>
							<String ID="string_12" HPOS="1297" VPOS="232" WIDTH="13" HEIGHT="30" WC="0.95" CONTENT="i"/><SP WIDTH="39" VPOS="232" HPOS="1310"/>
							<String ID="string_13" HPOS="1349" VPOS="233" WIDTH="69" HEIGHT="30" WC="0.96" CONTENT="rätt"/><SP WIDTH="39" VPOS="233" HPOS="1418"/>
							<String ID="string_14" HPOS="1457" VPOS="231" WIDTH="50" HEIGHT="30" WC="0.90" CONTENT="tid"/><SP WIDTH="39" VPOS="231" HPOS="1507"/>
							<String ID="string_15" HPOS="1546" VPOS="229" WIDTH="81" HEIGHT="31" WC="0.88" CONTENT="full-"/>
						</TextLine>
						<TextLine ID="line_2" HPOS="120" VPOS="281" WIDTH="1507" HEIGHT="46">
							<String ID="string_16" HPOS="120" VPOS="292" WIDTH="105" HEIGHT="35" WC="0.96" CONTENT="göres,"/><SP WIDTH="33" VPOS="292" HPOS="225"/>
							<String ID="string_17" HPOS="258" VPOS="289" WIDTH="121" HEIGHT="32" WC="0.95" CONTENT="därom"/><SP WIDTH="34" VPOS="289" HPOS="379"/>
							<String ID="string_18" HPOS="413" VPOS="291" WIDTH="82" HEIGHT="34" WC="0.93" CONTENT="göra"/><SP WIDTH="34" VPOS="291" HPOS="495"/>
							<String ID="string_19" HPOS="529" VPOS="288" WIDTH="165" HEIGHT="32" WC="0.96" CONTENT="anmälan"/><SP WIDTH="32" VPOS="288" HPOS="694"/>
							<String ID="string_20" HPOS="726" VPOS="287" WIDTH="62" HEIGHT="31" WC="0.96" CONTENT="hos"/><SP WIDTH="32" VPOS="287" HPOS="788"/>
							<String ID="string_21" HPOS="820" VPOS="286" WIDTH="133" HEIGHT="37" WC="0.96" CONTENT="Kungl."/><SP WIDTH="24" VPOS="286" HPOS="953"/>
							<String ID="string_22" HPOS="977" VPOS="286" WIDTH="113" HEIGHT="36" WC="0.96" CONTENT="Maj:t,"/><SP WIDTH="25" VPOS="286" HPOS="1090"/>
							<String ID="string_23" HPOS="1115" VPOS="294" WIDTH="72" HEIGHT="22" WC="0.96" CONTENT="som"/><SP WIDTH="22" VPOS="294" HPOS="1187"/>
							<String ID="string_24" HPOS="1209" VPOS="284" WIDTH="217" HEIGHT="35" WC="0.96" CONTENT="bestämmer,"/><SP WIDTH="24" VPOS="284" HPOS="1426"/>
							<String ID="string_25" HPOS="1450" VPOS="281" WIDTH="177" HEIGHT="32" WC="0.96" CONTENT="huruvida"/>
						</TextLine>
						<TextLine ID="line_3" HPOS="119" VPOS="333" WIDTH="1509" HEIGHT="46">
							<String ID="string_26" HPOS="119" VPOS="342" WIDTH="140" HEIGHT="37" WC="0.91" CONTENT="oguldet"/><SP WIDTH="35" VPOS="342" HPOS="259"/>
							<String ID="string_27" HPOS="294" VPOS="341" WIDTH="286" HEIGHT="36" WC="0.91" CONTENT="statslånebelopp"/><SP WIDTH="39" VPOS="341" HPOS="580"/>
							<String ID="string_28" HPOS="619" VPOS="339" WIDTH="89" HEIGHT="32" WC="0.96" CONTENT="skall"/><SP WIDTH="33" VPOS="339" HPOS="708"/>
							<String ID="string_29" HPOS="741" VPOS="340" WIDTH="72" HEIGHT="30" WC="0.96" CONTENT="före"/><SP WIDTH="35" VPOS="340" HPOS="813"/>
							<String ID="string_30" HPOS="848" VPOS="339" WIDTH="65" HEIGHT="31" WC="0.96" CONTENT="den"/><SP WIDTH="33" VPOS="339" HPOS="913"/>
							<String ID="string_31" HPOS="946" VPOS="337" WIDTH="195" HEIGHT="32" WC="0.93" CONTENT="fastställda"/><SP WIDTH="34" VPOS="337" HPOS="1141"/>
							<String ID="string_32" HPOS="1175" VPOS="335" WIDTH="343" HEIGHT="37" WC="0.92" CONTENT="amorteringstidens"/><SP WIDTH="38" VPOS="335" HPOS="1518"/>
							<String ID="string_33" HPOS="1556" VPOS="333" WIDTH="72" HEIGHT="32" WC="0.96" CONTENT="slut"/>
						</TextLine>
						<TextLine ID="line_4" HPOS="119" VPOS="386" WIDTH="1509" HEIGHT="40">
							<String ID="string_34" HPOS="119" VPOS="395" WIDTH="212" HEIGHT="31" WC="0.93" CONTENT="återbetalas."/><SP WIDTH="38" VPOS="395" HPOS="331"/>
							<String ID="string_35" HPOS="369" VPOS="412" WIDTH="38" HEIGHT="4" WC="0.90" CONTENT="—"/><SP WIDTH="37" VPOS="412" HPOS="407"/>
							<String ID="string_36" HPOS="444" VPOS="394" WIDTH="199" HEIGHT="31" WC="0.85" CONTENT="Härutöver"/><SP WIDTH="34" VPOS="394" HPOS="643"/>
							<String ID="string_37" HPOS="677" VPOS="392" WIDTH="93" HEIGHT="31" WC="0.96" CONTENT="torde"/><SP WIDTH="28" VPOS="392" HPOS="770"/>
							<String ID="string_38" HPOS="798" VPOS="391" WIDTH="257" HEIGHT="32" WC="0.96" CONTENT="bestämmelser"/><SP WIDTH="24" VPOS="391" HPOS="1055"/>
							<String ID="string_39" HPOS="1079" VPOS="389" WIDTH="171" HEIGHT="32" WC="0.96" CONTENT="erfordras"/><SP WIDTH="23" VPOS="389" HPOS="1250"/>
							<String ID="string_40" HPOS="1273" VPOS="399" WIDTH="55" HEIGHT="21" WC="0.96" CONTENT="om"/><SP WIDTH="24" VPOS="399" HPOS="1328"/>
							<String ID="string_41" HPOS="1352" VPOS="387" WIDTH="198" HEIGHT="38" WC="0.96" CONTENT="skyldighet"/><SP WIDTH="23" VPOS="387" HPOS="1550"/>
							<String ID="string_42" HPOS="1573" VPOS="386" WIDTH="55" HEIGHT="31" WC="0.96" CONTENT="för"/>
						</TextLine>
						<TextLine ID="line_5" HPOS="120" VPOS="439" WIDTH="1507" HEIGHT="42">
							<String ID="string_43" HPOS="120" VPOS="446" WIDTH="313" HEIGHT="33" WC="0.90" CONTENT="låneförmedlande"/><SP WIDTH="38" VPOS="446" HPOS="433"/>
							<String ID="string_44" HPOS="471" VPOS="445" WIDTH="400" HEIGHT="36" WC="0.89" CONTENT="hushållningssällskap"/><SP WIDTH="37" VPOS="445" HPOS="871"/>
							<String ID="string_45" HPOS="908" VPOS="445" WIDTH="52" HEIGHT="30" WC="0.96" CONTENT="att"/><SP WIDTH="34" VPOS="445" HPOS="960"/>
							<String ID="string_46" HPOS="994" VPOS="443" WIDTH="136" HEIGHT="36" WC="0.96" CONTENT="årligen"/><SP WIDTH="32" VPOS="443" HPOS="1130"/>
							<String ID="string_47" HPOS="1162" VPOS="442" WIDTH="57" HEIGHT="31" WC="0.93" CONTENT="till"/><SP WIDTH="35" VPOS="442" HPOS="1219"/>
							<String ID="string_48" HPOS="1254" VPOS="439" WIDTH="373" HEIGHT="37" WC="0.91" CONTENT="stuteriöverstyrelsen"/>
						</TextLine>
						<TextLine ID="line_6" HPOS="119" VPOS="491" WIDTH="1509" HEIGHT="45">
							<String ID="string_49" HPOS="119" VPOS="500" WIDTH="121" HEIGHT="36" WC="0.91" CONTENT="ingiva"/><SP WIDTH="23" VPOS="500" HPOS="240"/>
							<String ID="string_50" HPOS="263" VPOS="500" WIDTH="71" HEIGHT="31" WC="0.96" CONTENT="viss"/><SP WIDTH="23" VPOS="500" HPOS="334"/>
							<String ID="string_51" HPOS="357" VPOS="499" WIDTH="211" HEIGHT="37" WC="0.96" CONTENT="redogörelse"/><SP WIDTH="23" VPOS="499" HPOS="568"/>
							<String ID="string_52" HPOS="591" VPOS="498" WIDTH="54" HEIGHT="31" WC="0.93" CONTENT="för"/><SP WIDTH="24" VPOS="498" HPOS="645"/>
							<String ID="string_53" HPOS="669" VPOS="497" WIDTH="239" HEIGHT="35" WC="0.91" CONTENT="lånerörelsen,"/><SP WIDTH="23" VPOS="497" HPOS="908"/>
							<String ID="string_54" HPOS="931" VPOS="506" WIDTH="55" HEIGHT="21" WC="0.93" CONTENT="om"/><SP WIDTH="24" VPOS="506" HPOS="986"/>
							<String ID="string_55" HPOS="1010" VPOS="494" WIDTH="390" HEIGHT="37" WC="0.91" CONTENT="stuteriöverstyrelsens"/><SP WIDTH="13" VPOS="494" HPOS="1400"/>
							<String ID="string_56" HPOS="1413" VPOS="491" WIDTH="215" HEIGHT="38" WC="0.96" CONTENT="granskning"/>
						</TextLine>
						<TextLine ID="line_7" HPOS="120" VPOS="552" WIDTH="477" HEIGHT="37">
							<String ID="string_57" HPOS="120" VPOS="563" WIDTH="45" HEIGHT="21" WC="0.93" CONTENT="av"/><SP WIDTH="22" VPOS="563" HPOS="165"/>
							<String ID="string_58" HPOS="187" VPOS="552" WIDTH="274" HEIGHT="37" WC="0.92" CONTENT="redogörelserna"/><SP WIDTH="22" VPOS="552" HPOS="461"/>
							<String ID="string_59" HPOS="483" VPOS="562" WIDTH="45" HEIGHT="21" WC="0.92" CONTENT="m."/><SP WIDTH="25" VPOS="562" HPOS="528"/>
							<String ID="string_60" HPOS="553" VPOS="562" WIDTH="44" HEIGHT="20" WC="0.90" CONTENT="m."/>
						</TextLine>
					</TextBlock>
				</ComposedBlock>
				<ComposedBlock ID="cblock_2" HPOS="123" VPOS="650" WIDTH="1507" HEIGHT="1542">
					<TextBlock ID="block_2" HPOS="123" VPOS="650" WIDTH="1505" HEIGHT="407">
						<TextLine ID="line_8" HPOS="162" VPOS="650" WIDTH="1465" HEIGHT="43">
							<String ID="string_61" HPOS="162" VPOS="657" WIDTH="116" HEIGHT="32" WC="0.96" CONTENT="Bland"/><SP WIDTH="49" VPOS="657" HPOS="278"/>
							<String ID="string_62" HPOS="327" VPOS="658" WIDTH="41" HEIGHT="30" WC="0.96" CONTENT="de"/><SP WIDTH="40" VPOS="658" HPOS="368"/>
							<String ID="string_63" HPOS="408" VPOS="657" WIDTH="180" HEIGHT="36" WC="0.96" CONTENT="åtgärder,"/><SP WIDTH="28" VPOS="657" HPOS="588"/>
							<String ID="string_64" HPOS="616" VPOS="666" WIDTH="76" HEIGHT="21" WC="0.96" CONTENT="som"/><SP WIDTH="28" VPOS="666" HPOS="692"/>
							<String ID="string_65" HPOS="720" VPOS="655" WIDTH="283" HEIGHT="31" WC="0.96" CONTENT="statsmakterna"/><SP WIDTH="28" VPOS="655" HPOS="1003"/>
							<String ID="string_66" HPOS="1031" VPOS="654" WIDTH="54" HEIGHT="31" WC="0.96" CONTENT="tid"/><SP WIDTH="27" VPOS="654" HPOS="1085"/>
							<String ID="string_67" HPOS="1112" VPOS="654" WIDTH="92" HEIGHT="30" WC="0.96" CONTENT="efter"/><SP WIDTH="29" VPOS="654" HPOS="1204"/>
							<String ID="string_68" HPOS="1233" VPOS="662" WIDTH="120" HEIGHT="21" WC="0.96" CONTENT="annan"/><SP WIDTH="29" VPOS="662" HPOS="1353"/>
							<String ID="string_69" HPOS="1382" VPOS="651" WIDTH="158" HEIGHT="36" WC="0.96" CONTENT="vidtagit"/><SP WIDTH="29" VPOS="651" HPOS="1540"/>
							<String ID="string_70" HPOS="1569" VPOS="650" WIDTH="58" HEIGHT="31" WC="0.96" CONTENT="till"/>
						</TextLine>
						<TextLine ID="line_9" HPOS="123" VPOS="702" WIDTH="1503" HEIGHT="44">
							<String ID="string_71" HPOS="123" VPOS="710" WIDTH="204" HEIGHT="36" WC="0.96" CONTENT="främjande"/><SP WIDTH="27" VPOS="710" HPOS="327"/>
							<String ID="string_72" HPOS="354" VPOS="719" WIDTH="45" HEIGHT="20" WC="0.96" CONTENT="av"/><SP WIDTH="27" VPOS="719" HPOS="399"/>
							<String ID="string_73" HPOS="426" VPOS="708" WIDTH="140" HEIGHT="31" WC="0.96" CONTENT="landets"/><SP WIDTH="27" VPOS="708" HPOS="566"/>
							<String ID="string_74" HPOS="593" VPOS="707" WIDTH="174" HEIGHT="36" WC="0.96" CONTENT="hästavel,"/><SP WIDTH="27" VPOS="707" HPOS="767"/>
							<String ID="string_75" HPOS="794" VPOS="707" WIDTH="106" HEIGHT="36" WC="0.96" CONTENT="ingår"/><SP WIDTH="27" VPOS="707" HPOS="900"/>
							<String ID="string_76" HPOS="927" VPOS="706" WIDTH="117" HEIGHT="31" WC="0.93" CONTENT="såsom"/><SP WIDTH="25" VPOS="706" HPOS="1044"/>
							<String ID="string_77" HPOS="1069" VPOS="704" WIDTH="393" HEIGHT="37" WC="0.92" CONTENT="departementschefen"/><SP WIDTH="26" VPOS="704" HPOS="1462"/>
							<String ID="string_78" HPOS="1488" VPOS="702" WIDTH="138" HEIGHT="31" WC="0.92" CONTENT="erinrat"/>
						</TextLine>
						<TextLine ID="line_10" HPOS="123" VPOS="753" WIDTH="1503" HEIGHT="39">
							<String ID="string_79" HPOS="123" VPOS="762" WIDTH="74" HEIGHT="30" WC="0.95" CONTENT="dels"/><SP WIDTH="22" VPOS="762" HPOS="197"/>
							<String ID="string_80" HPOS="219" VPOS="760" WIDTH="208" HEIGHT="32" WC="0.96" CONTENT="inrättande"/><SP WIDTH="24" VPOS="760" HPOS="427"/>
							<String ID="string_81" HPOS="451" VPOS="771" WIDTH="46" HEIGHT="20" WC="0.96" CONTENT="av"/><SP WIDTH="23" VPOS="771" HPOS="497"/>
							<String ID="string_82" HPOS="520" VPOS="770" WIDTH="44" HEIGHT="20" WC="0.96" CONTENT="en"/><SP WIDTH="24" VPOS="770" HPOS="564"/>
							<String ID="string_83" HPOS="588" VPOS="759" WIDTH="156" HEIGHT="31" WC="0.96" CONTENT="särskild"/><SP WIDTH="21" VPOS="759" HPOS="744"/>
							<String ID="string_84" HPOS="765" VPOS="758" WIDTH="88" HEIGHT="31" WC="0.96" CONTENT="fond"/><SP WIDTH="22" VPOS="758" HPOS="853"/>
							<String ID="string_85" HPOS="875" VPOS="759" WIDTH="55" HEIGHT="29" WC="0.96" CONTENT="för"/><SP WIDTH="25" VPOS="759" HPOS="930"/>
							<String ID="string_86" HPOS="955" VPOS="756" WIDTH="233" HEIGHT="32" WC="0.96" CONTENT="utlämnande"/><SP WIDTH="25" VPOS="756" HPOS="1188"/>
							<String ID="string_87" HPOS="1213" VPOS="766" WIDTH="46" HEIGHT="20" WC="0.96" CONTENT="av"/><SP WIDTH="24" VPOS="766" HPOS="1259"/>
							<String ID="string_88" HPOS="1283" VPOS="754" WIDTH="179" HEIGHT="31" WC="0.95" CONTENT="räntefria"/><SP WIDTH="24" VPOS="754" HPOS="1462"/>
							<String ID="string_89" HPOS="1486" VPOS="754" WIDTH="61" HEIGHT="31" WC="0.96" CONTENT="lån"/><SP WIDTH="24" VPOS="754" HPOS="1547"/>
							<String ID="string_90" HPOS="1571" VPOS="753" WIDTH="55" HEIGHT="31" WC="0.96" CONTENT="för"/>
						</TextLine>
						<TextLine ID="line_11" HPOS="123" VPOS="806" WIDTH="1504" HEIGHT="44">
							<String ID="string_91" HPOS="123" VPOS="814" WIDTH="108" HEIGHT="36" WC="0.96" CONTENT="inköp"/><SP WIDTH="22" VPOS="814" HPOS="231"/>
							<String ID="string_92" HPOS="253" VPOS="823" WIDTH="47" HEIGHT="21" WC="0.96" CONTENT="av"/><SP WIDTH="22" VPOS="823" HPOS="300"/>
							<String ID="string_93" HPOS="322" VPOS="812" WIDTH="82" HEIGHT="31" WC="0.96" CONTENT="ädla"/><SP WIDTH="21" VPOS="812" HPOS="404"/>
							<String ID="string_94" HPOS="425" VPOS="812" WIDTH="183" HEIGHT="31" WC="0.96" CONTENT="avelsston"/><SP WIDTH="21" VPOS="812" HPOS="608"/>
							<String ID="string_95" HPOS="629" VPOS="811" WIDTH="65" HEIGHT="31" WC="0.96" CONTENT="och"/><SP WIDTH="21" VPOS="811" HPOS="694"/>
							<String ID="string_96" HPOS="715" VPOS="810" WIDTH="75" HEIGHT="32" WC="0.96" CONTENT="dels"/><SP WIDTH="20" VPOS="810" HPOS="790"/>
							<String ID="string_97" HPOS="810" VPOS="808" WIDTH="199" HEIGHT="32" WC="0.96" CONTENT="beredande"/><SP WIDTH="22" VPOS="808" HPOS="1009"/>
							<String ID="string_98" HPOS="1031" VPOS="819" WIDTH="46" HEIGHT="20" WC="0.96" CONTENT="av"/><SP WIDTH="21" VPOS="819" HPOS="1077"/>
							<String ID="string_99" HPOS="1098" VPOS="807" WIDTH="189" HEIGHT="37" WC="0.95" CONTENT="möjlighet"/><SP WIDTH="22" VPOS="807" HPOS="1287"/>
							<String ID="string_100" HPOS="1309" VPOS="808" WIDTH="54" HEIGHT="29" WC="0.96" CONTENT="att"/><SP WIDTH="24" VPOS="808" HPOS="1363"/>
							<String ID="string_101" HPOS="1387" VPOS="806" WIDTH="83" HEIGHT="31" WC="0.96" CONTENT="från"/><SP WIDTH="21" VPOS="806" HPOS="1470"/>
							<String ID="string_102" HPOS="1491" VPOS="806" WIDTH="136" HEIGHT="30" WC="0.95" CONTENT="statens"/>
						</TextLine>
						<TextLine ID="line_12" HPOS="123" VPOS="856" WIDTH="1504" HEIGHT="41">
							<String ID="string_103" HPOS="123" VPOS="864" WIDTH="271" HEIGHT="33" WC="0.87" CONTENT="hästavelsfond"/><SP WIDTH="24" VPOS="864" HPOS="394"/>
							<String ID="string_104" HPOS="418" VPOS="863" WIDTH="137" HEIGHT="31" WC="0.96" CONTENT="erhålla"/><SP WIDTH="24" VPOS="863" HPOS="555"/>
							<String ID="string_105" HPOS="579" VPOS="861" WIDTH="179" HEIGHT="32" WC="0.96" CONTENT="räntefria"/><SP WIDTH="25" VPOS="861" HPOS="758"/>
							<String ID="string_106" HPOS="783" VPOS="862" WIDTH="62" HEIGHT="30" WC="0.96" CONTENT="lån"/><SP WIDTH="26" VPOS="862" HPOS="845"/>
							<String ID="string_107" HPOS="871" VPOS="861" WIDTH="55" HEIGHT="31" WC="0.96" CONTENT="för"/><SP WIDTH="26" VPOS="861" HPOS="926"/>
							<String ID="string_108" HPOS="952" VPOS="860" WIDTH="109" HEIGHT="37" WC="0.96" CONTENT="inköp"/><SP WIDTH="28" VPOS="860" HPOS="1061"/>
							<String ID="string_109" HPOS="1089" VPOS="869" WIDTH="46" HEIGHT="22" WC="0.93" CONTENT="av"/><SP WIDTH="24" VPOS="869" HPOS="1135"/>
							<String ID="string_110" HPOS="1159" VPOS="858" WIDTH="266" HEIGHT="37" WC="0.92" CONTENT="avelshingstar"/><SP WIDTH="27" VPOS="858" HPOS="1425"/>
							<String ID="string_111" HPOS="1452" VPOS="867" WIDTH="46" HEIGHT="21" WC="0.93" CONTENT="av"/><SP WIDTH="26" VPOS="867" HPOS="1498"/>
							<String ID="string_112" HPOS="1524" VPOS="856" WIDTH="103" HEIGHT="32" WC="0.92" CONTENT="nord-"/>
						</TextLine>
						<TextLine ID="line_13" HPOS="123" VPOS="909" WIDTH="1504" HEIGHT="43">
							<String ID="string_113" HPOS="123" VPOS="917" WIDTH="129" HEIGHT="31" WC="0.96" CONTENT="svensk"/><SP WIDTH="20" VPOS="917" HPOS="252"/>
							<String ID="string_114" HPOS="272" VPOS="917" WIDTH="66" HEIGHT="30" WC="0.93" CONTENT="och"/><SP WIDTH="22" VPOS="917" HPOS="338"/>
							<String ID="string_115" HPOS="360" VPOS="914" WIDTH="311" HEIGHT="38" WC="0.91" CONTENT="gudbrandsdalsk"/><SP WIDTH="20" VPOS="914" HPOS="671"/>
							<String ID="string_116" HPOS="691" VPOS="923" WIDTH="69" HEIGHT="21" WC="0.96" CONTENT="ras."/><SP WIDTH="40" VPOS="923" HPOS="760"/>
							<String ID="string_117" HPOS="800" VPOS="913" WIDTH="127" HEIGHT="36" WC="0.94" CONTENT="Enligt"/><SP WIDTH="19" VPOS="913" HPOS="927"/>
							<String ID="string_118" HPOS="946" VPOS="911" WIDTH="242" HEIGHT="37" WC="0.96" CONTENT="utredningen"/><SP WIDTH="18" VPOS="911" HPOS="1188"/>
							<String ID="string_119" HPOS="1206" VPOS="911" WIDTH="13" HEIGHT="30" WC="0.96" CONTENT="i"/><SP WIDTH="21" VPOS="911" HPOS="1219"/>
							<String ID="string_120" HPOS="1240" VPOS="910" WIDTH="148" HEIGHT="31" WC="0.96" CONTENT="ärendet"/><SP WIDTH="21" VPOS="910" HPOS="1388"/>
							<String ID="string_121" HPOS="1409" VPOS="909" WIDTH="96" HEIGHT="31" WC="0.96" CONTENT="hava"/><SP WIDTH="21" VPOS="909" HPOS="1505"/>
							<String ID="string_122" HPOS="1526" VPOS="909" WIDTH="101" HEIGHT="31" WC="0.96" CONTENT="dessa"/>
						</TextLine>
						<TextLine ID="line_14" HPOS="124" VPOS="960" WIDTH="1504" HEIGHT="45">
							<String ID="string_123" HPOS="124" VPOS="968" WIDTH="309" HEIGHT="37" WC="0.70" CONTENT="lånemöjligheter"/><SP WIDTH="31" VPOS="968" HPOS="433"/>
							<String ID="string_124" HPOS="464" VPOS="967" WIDTH="95" HEIGHT="30" WC="0.96" CONTENT="visat"/><SP WIDTH="32" VPOS="967" HPOS="559"/>
							<String ID="string_125" HPOS="591" VPOS="966" WIDTH="55" HEIGHT="37" WC="0.96" CONTENT="sig"/><SP WIDTH="30" VPOS="966" HPOS="646"/>
							<String ID="string_126" HPOS="676" VPOS="965" WIDTH="138" HEIGHT="37" WC="0.96" CONTENT="ägnade"/><SP WIDTH="31" VPOS="965" HPOS="814"/>
							<String ID="string_127" HPOS="845" VPOS="966" WIDTH="53" HEIGHT="29" WC="0.96" CONTENT="att"/><SP WIDTH="30" VPOS="966" HPOS="898"/>
							<String ID="string_128" HPOS="928" VPOS="963" WIDTH="189" HEIGHT="32" WC="0.96" CONTENT="stimulera"/><SP WIDTH="28" VPOS="963" HPOS="1117"/>
							<String ID="string_129" HPOS="1145" VPOS="963" WIDTH="168" HEIGHT="30" WC="0.95" CONTENT="intresset"/><SP WIDTH="30" VPOS="963" HPOS="1313"/>
							<String ID="string_130" HPOS="1343" VPOS="962" WIDTH="97" HEIGHT="30" WC="0.96" CONTENT="inom"/><SP WIDTH="30" VPOS="962" HPOS="1440"/>
							<String ID="string_131" HPOS="1470" VPOS="960" WIDTH="158" HEIGHT="32" WC="0.96" CONTENT="nämnda"/>
						</TextLine>
						<TextLine ID="line_15" HPOS="125" VPOS="1015" WIDTH="1355" HEIGHT="42">
							<String ID="string_132" HPOS="125" VPOS="1020" WIDTH="92" HEIGHT="32" WC="0.96" CONTENT="båda"/><SP WIDTH="25" VPOS="1020" HPOS="217"/>
							<String ID="string_133" HPOS="242" VPOS="1029" WIDTH="130" HEIGHT="28" WC="0.96" CONTENT="grenar"/><SP WIDTH="26" VPOS="1029" HPOS="372"/>
							<String ID="string_134" HPOS="398" VPOS="1020" WIDTH="46" HEIGHT="35" WC="0.91" CONTENT="på"/><SP WIDTH="26" VPOS="1020" HPOS="444"/>
							<String ID="string_135" HPOS="470" VPOS="1017" WIDTH="209" HEIGHT="32" WC="0.91" CONTENT="hästavelns"/><SP WIDTH="26" VPOS="1017" HPOS="679"/>
							<String ID="string_136" HPOS="705" VPOS="1015" WIDTH="154" HEIGHT="33" WC="0.96" CONTENT="område."/><SP WIDTH="617" VPOS="1015" HPOS="859"/>
							<String ID="string_137" HPOS="1476" VPOS="1047" WIDTH="4" HEIGHT="3" WC="0.46" CONTENT="|"/>
						</TextLine>
					</TextBlock>
					<TextBlock ID="block_3" HPOS="123" VPOS="1065" WIDTH="1507" HEIGHT="1073">
						<TextLine ID="line_16" HPOS="164" VPOS="1065" WIDTH="1464" HEIGHT="39">
							<String ID="string_138" HPOS="164" VPOS="1072" WIDTH="55" HEIGHT="31" WC="0.95" CONTENT="Då"/><SP WIDTH="33" VPOS="1072" HPOS="219"/>
							<String ID="string_139" HPOS="252" VPOS="1071" WIDTH="175" HEIGHT="31" WC="0.96" CONTENT="utskottet"/><SP WIDTH="33" VPOS="1071" HPOS="427"/>
							<String ID="string_140" HPOS="460" VPOS="1071" WIDTH="12" HEIGHT="29" WC="0.96" CONTENT="i"/><SP WIDTH="34" VPOS="1071" HPOS="472"/>
							<String ID="string_141" HPOS="506" VPOS="1070" WIDTH="113" HEIGHT="30" WC="0.96" CONTENT="likhet"/><SP WIDTH="31" VPOS="1070" HPOS="619"/>
							<String ID="string_142" HPOS="650" VPOS="1068" WIDTH="81" HEIGHT="31" WC="0.93" CONTENT="med"/><SP WIDTH="30" VPOS="1068" HPOS="731"/>
							<String ID="string_143" HPOS="761" VPOS="1067" WIDTH="395" HEIGHT="37" WC="0.90" CONTENT="departementschefen"/><SP WIDTH="33" VPOS="1067" HPOS="1156"/>
							<String ID="string_144" HPOS="1189" VPOS="1075" WIDTH="103" HEIGHT="21" WC="0.92" CONTENT="anser"/><SP WIDTH="34" VPOS="1075" HPOS="1292"/>
							<String ID="string_145" HPOS="1326" VPOS="1065" WIDTH="302" HEIGHT="31" WC="0.89" CONTENT="ardennerrasens"/>
						</TextLine>
						<TextLine ID="line_17" HPOS="126" VPOS="1114" WIDTH="1501" HEIGHT="44">
							<String ID="string_146" HPOS="126" VPOS="1124" WIDTH="96" HEIGHT="30" WC="0.96" CONTENT="stora"/><SP WIDTH="24" VPOS="1124" HPOS="222"/>
							<String ID="string_147" HPOS="246" VPOS="1121" WIDTH="180" HEIGHT="37" WC="0.96" CONTENT="betydelse"/><SP WIDTH="24" VPOS="1121" HPOS="426"/>
							<String ID="string_148" HPOS="450" VPOS="1122" WIDTH="55" HEIGHT="30" WC="0.96" CONTENT="för"/><SP WIDTH="25" VPOS="1122" HPOS="505"/>
							<String ID="string_149" HPOS="530" VPOS="1119" WIDTH="223" HEIGHT="32" WC="0.96" CONTENT="omfattande"/><SP WIDTH="21" VPOS="1119" HPOS="753"/>
							<String ID="string_150" HPOS="774" VPOS="1119" WIDTH="102" HEIGHT="32" WC="0.96" CONTENT="delar"/><SP WIDTH="23" VPOS="1119" HPOS="876"/>
							<String ID="string_151" HPOS="899" VPOS="1128" WIDTH="47" HEIGHT="22" WC="0.96" CONTENT="av"/><SP WIDTH="22" VPOS="1128" HPOS="946"/>
							<String ID="string_152" HPOS="968" VPOS="1118" WIDTH="123" HEIGHT="31" WC="0.96" CONTENT="landet"/><SP WIDTH="24" VPOS="1118" HPOS="1091"/>
							<String ID="string_153" HPOS="1115" VPOS="1116" WIDTH="186" HEIGHT="36" WC="0.96" CONTENT="motivera,"/><SP WIDTH="24" VPOS="1116" HPOS="1301"/>
							<String ID="string_154" HPOS="1325" VPOS="1118" WIDTH="53" HEIGHT="30" WC="0.93" CONTENT="att"/><SP WIDTH="25" VPOS="1118" HPOS="1378"/>
							<String ID="string_155" HPOS="1403" VPOS="1114" WIDTH="224" HEIGHT="37" WC="0.91" CONTENT="lånemöjlig-"/>
						</TextLine>
						<TextLine ID="line_18" HPOS="127" VPOS="1167" WIDTH="1500" HEIGHT="42">
							<String ID="string_156" HPOS="127" VPOS="1176" WIDTH="97" HEIGHT="31" WC="0.96" CONTENT="heter"/><SP WIDTH="17" VPOS="1176" HPOS="224"/>
							<String ID="string_157" HPOS="241" VPOS="1174" WIDTH="146" HEIGHT="32" WC="0.96" CONTENT="beredas"/><SP WIDTH="19" VPOS="1174" HPOS="387"/>
							<String ID="string_158" HPOS="406" VPOS="1173" WIDTH="136" HEIGHT="36" WC="0.95" CONTENT="jämväl"/><SP WIDTH="19" VPOS="1173" HPOS="542"/>
							<String ID="string_159" HPOS="561" VPOS="1174" WIDTH="12" HEIGHT="30" WC="0.96" CONTENT="i"/><SP WIDTH="17" VPOS="1174" HPOS="573"/>
							<String ID="string_160" HPOS="590" VPOS="1173" WIDTH="73" HEIGHT="31" WC="0.96" CONTENT="vad"/><SP WIDTH="13" VPOS="1173" HPOS="663"/>
							<String ID="string_161" HPOS="676" VPOS="1173" WIDTH="116" HEIGHT="35" WC="0.96" CONTENT="angår"/><SP WIDTH="17" VPOS="1173" HPOS="792"/>
							<String ID="string_162" HPOS="809" VPOS="1171" WIDTH="118" HEIGHT="31" WC="0.96" CONTENT="denna"/><SP WIDTH="17" VPOS="1171" HPOS="927"/>
							<String ID="string_163" HPOS="944" VPOS="1180" WIDTH="68" HEIGHT="26" WC="0.95" CONTENT="ras,"/><SP WIDTH="18" VPOS="1180" HPOS="1012"/>
							<String ID="string_164" HPOS="1030" VPOS="1179" WIDTH="107" HEIGHT="22" WC="0.96" CONTENT="anser"/><SP WIDTH="18" VPOS="1179" HPOS="1137"/>
							<String ID="string_165" HPOS="1155" VPOS="1169" WIDTH="56" HEIGHT="36" WC="0.96" CONTENT="sig"/><SP WIDTH="17" VPOS="1169" HPOS="1211"/>
							<String ID="string_166" HPOS="1228" VPOS="1168" WIDTH="175" HEIGHT="32" WC="0.96" CONTENT="utskottet"/><SP WIDTH="14" VPOS="1168" HPOS="1403"/>
							<String ID="string_167" HPOS="1417" VPOS="1167" WIDTH="89" HEIGHT="31" WC="0.93" CONTENT="böra"/><SP WIDTH="16" VPOS="1167" HPOS="1506"/>
							<String ID="string_168" HPOS="1522" VPOS="1167" WIDTH="105" HEIGHT="32" WC="0.91" CONTENT="skän-"/>
						</TextLine>
						<TextLine ID="line_19" HPOS="124" VPOS="1218" WIDTH="1505" HEIGHT="44">
							<String ID="string_169" HPOS="124" VPOS="1228" WIDTH="46" HEIGHT="31" WC="0.96" CONTENT="ka"/><SP WIDTH="24" VPOS="1228" HPOS="170"/>
							<String ID="string_170" HPOS="194" VPOS="1227" WIDTH="57" HEIGHT="31" WC="0.96" CONTENT="sin"/><SP WIDTH="25" VPOS="1227" HPOS="251"/>
							<String ID="string_171" HPOS="276" VPOS="1226" WIDTH="210" HEIGHT="36" WC="0.95" CONTENT="anslutning"/><SP WIDTH="26" VPOS="1226" HPOS="486"/>
							<String ID="string_172" HPOS="512" VPOS="1225" WIDTH="58" HEIGHT="31" WC="0.96" CONTENT="till"/><SP WIDTH="24" VPOS="1225" HPOS="570"/>
							<String ID="string_173" HPOS="594" VPOS="1224" WIDTH="134" HEIGHT="37" WC="0.95" CONTENT="Kungl."/><SP WIDTH="24" VPOS="1224" HPOS="728"/>
							<String ID="string_174" HPOS="752" VPOS="1223" WIDTH="130" HEIGHT="37" WC="0.96" CONTENT="Maj:ts"/><SP WIDTH="25" VPOS="1223" HPOS="882"/>
							<String ID="string_175" HPOS="907" VPOS="1222" WIDTH="136" HEIGHT="37" WC="0.96" CONTENT="förslag"/><SP WIDTH="27" VPOS="1222" HPOS="1043"/>
							<String ID="string_176" HPOS="1070" VPOS="1232" WIDTH="57" HEIGHT="21" WC="0.96" CONTENT="om"/><SP WIDTH="25" VPOS="1232" HPOS="1127"/>
							<String ID="string_177" HPOS="1152" VPOS="1220" WIDTH="207" HEIGHT="32" WC="0.96" CONTENT="inrättande"/><SP WIDTH="26" VPOS="1220" HPOS="1359"/>
							<String ID="string_178" HPOS="1385" VPOS="1230" WIDTH="46" HEIGHT="21" WC="0.93" CONTENT="av"/><SP WIDTH="27" VPOS="1230" HPOS="1431"/>
							<String ID="string_179" HPOS="1458" VPOS="1218" WIDTH="171" HEIGHT="32" WC="0.91" CONTENT="lånefond"/>
						</TextLine>
						<TextLine ID="line_20" HPOS="124" VPOS="1270" WIDTH="1503" HEIGHT="44">
							<String ID="string_180" HPOS="124" VPOS="1280" WIDTH="55" HEIGHT="31" WC="0.96" CONTENT="för"/><SP WIDTH="21" VPOS="1280" HPOS="179"/>
							<String ID="string_181" HPOS="200" VPOS="1278" WIDTH="233" HEIGHT="32" WC="0.96" CONTENT="utlämnande"/><SP WIDTH="24" VPOS="1278" HPOS="433"/>
							<String ID="string_182" HPOS="457" VPOS="1286" WIDTH="127" HEIGHT="28" WC="0.93" CONTENT="genom"/><SP WIDTH="22" VPOS="1286" HPOS="584"/>
							<String ID="string_183" HPOS="606" VPOS="1274" WIDTH="479" HEIGHT="38" WC="0.89" CONTENT="hushållningssällskapens"/><SP WIDTH="20" VPOS="1274" HPOS="1085"/>
							<String ID="string_184" HPOS="1105" VPOS="1272" WIDTH="216" HEIGHT="37" WC="0.96" CONTENT="förmedling"/><SP WIDTH="24" VPOS="1272" HPOS="1321"/>
							<String ID="string_185" HPOS="1345" VPOS="1282" WIDTH="46" HEIGHT="20" WC="0.96" CONTENT="av"/><SP WIDTH="23" VPOS="1282" HPOS="1391"/>
							<String ID="string_186" HPOS="1414" VPOS="1271" WIDTH="61" HEIGHT="31" WC="0.96" CONTENT="lån"/><SP WIDTH="23" VPOS="1271" HPOS="1475"/>
							<String ID="string_187" HPOS="1498" VPOS="1271" WIDTH="56" HEIGHT="31" WC="0.93" CONTENT="för"/><SP WIDTH="22" VPOS="1271" HPOS="1554"/>
							<String ID="string_188" HPOS="1576" VPOS="1270" WIDTH="51" HEIGHT="31" WC="0.92" CONTENT="in-"/>
						</TextLine>
						<TextLine ID="line_21" HPOS="124" VPOS="1323" WIDTH="1503" HEIGHT="45">
							<String ID="string_189" HPOS="124" VPOS="1332" WIDTH="68" HEIGHT="36" WC="0.96" CONTENT="köp"/><SP WIDTH="30" VPOS="1332" HPOS="192"/>
							<String ID="string_190" HPOS="222" VPOS="1341" WIDTH="46" HEIGHT="21" WC="0.93" CONTENT="av"/><SP WIDTH="28" VPOS="1341" HPOS="268"/>
							<String ID="string_191" HPOS="296" VPOS="1329" WIDTH="267" HEIGHT="37" WC="0.82" CONTENT="avelshingstar"/><SP WIDTH="29" VPOS="1329" HPOS="563"/>
							<String ID="string_192" HPOS="592" VPOS="1338" WIDTH="46" HEIGHT="21" WC="0.93" CONTENT="av"/><SP WIDTH="28" VPOS="1338" HPOS="638"/>
							<String ID="string_193" HPOS="666" VPOS="1327" WIDTH="246" HEIGHT="32" WC="0.90" CONTENT="ardennerras."/><SP WIDTH="49" VPOS="1327" HPOS="912"/>
							<String ID="string_194" HPOS="961" VPOS="1325" WIDTH="84" HEIGHT="32" WC="0.95" CONTENT="Med"/><SP WIDTH="28" VPOS="1325" HPOS="1045"/>
							<String ID="string_195" HPOS="1073" VPOS="1324" WIDTH="173" HEIGHT="32" WC="0.93" CONTENT="avseende"/><SP WIDTH="29" VPOS="1324" HPOS="1246"/>
							<String ID="string_196" HPOS="1275" VPOS="1325" WIDTH="21" HEIGHT="29" WC="0.93" CONTENT="å"/><SP WIDTH="29" VPOS="1325" HPOS="1296"/>
							<String ID="string_197" HPOS="1325" VPOS="1324" WIDTH="40" HEIGHT="31" WC="0.96" CONTENT="de"/><SP WIDTH="28" VPOS="1324" HPOS="1365"/>
							<String ID="string_198" HPOS="1393" VPOS="1334" WIDTH="46" HEIGHT="20" WC="0.91" CONTENT="av"/><SP WIDTH="29" VPOS="1334" HPOS="1439"/>
							<String ID="string_199" HPOS="1468" VPOS="1323" WIDTH="159" HEIGHT="36" WC="0.91" CONTENT="departe-"/>
						</TextLine>
						<TextLine ID="line_22" HPOS="123" VPOS="1375" WIDTH="1504" HEIGHT="39">
							<String ID="string_200" HPOS="123" VPOS="1382" WIDTH="243" HEIGHT="32" WC="0.86" CONTENT="mentschefen"/><SP WIDTH="23" VPOS="1382" HPOS="366"/>
							<String ID="string_201" HPOS="389" VPOS="1380" WIDTH="190" HEIGHT="32" WC="0.96" CONTENT="förordade"/><SP WIDTH="22" VPOS="1380" HPOS="579"/>
							<String ID="string_202" HPOS="601" VPOS="1379" WIDTH="316" HEIGHT="31" WC="0.96" CONTENT="bestämmelserna"/><SP WIDTH="21" VPOS="1379" HPOS="917"/>
							<String ID="string_203" HPOS="938" VPOS="1378" WIDTH="55" HEIGHT="31" WC="0.96" CONTENT="för"/><SP WIDTH="23" VPOS="1378" HPOS="993"/>
							<String ID="string_204" HPOS="1016" VPOS="1376" WIDTH="207" HEIGHT="32" WC="0.96" CONTENT="erhållande"/><SP WIDTH="22" VPOS="1376" HPOS="1223"/>
							<String ID="string_205" HPOS="1245" VPOS="1376" WIDTH="64" HEIGHT="30" WC="0.93" CONTENT="och"/><SP WIDTH="22" VPOS="1376" HPOS="1309"/>
							<String ID="string_206" HPOS="1331" VPOS="1375" WIDTH="296" HEIGHT="37" WC="0.92" CONTENT="tillgodonjutan-"/>
						</TextLine>
						<TextLine ID="line_23" HPOS="124" VPOS="1426" WIDTH="1504" HEIGHT="39">
							<String ID="string_207" HPOS="124" VPOS="1435" WIDTH="41" HEIGHT="30" WC="0.96" CONTENT="de"/><SP WIDTH="26" VPOS="1435" HPOS="165"/>
							<String ID="string_208" HPOS="191" VPOS="1444" WIDTH="45" HEIGHT="21" WC="0.95" CONTENT="av"/><SP WIDTH="26" VPOS="1444" HPOS="236"/>
							<String ID="string_209" HPOS="262" VPOS="1433" WIDTH="136" HEIGHT="31" WC="0.96" CONTENT="sådana"/><SP WIDTH="23" VPOS="1433" HPOS="398"/>
							<String ID="string_210" HPOS="421" VPOS="1432" WIDTH="60" HEIGHT="31" WC="0.96" CONTENT="lån"/><SP WIDTH="27" VPOS="1432" HPOS="481"/>
							<String ID="string_211" HPOS="508" VPOS="1432" WIDTH="182" HEIGHT="30" WC="0.96" CONTENT="innefatta"/><SP WIDTH="25" VPOS="1432" HPOS="690"/>
							<String ID="string_212" HPOS="715" VPOS="1430" WIDTH="103" HEIGHT="31" WC="0.96" CONTENT="dessa"/><SP WIDTH="25" VPOS="1430" HPOS="818"/>
							<String ID="string_213" HPOS="843" VPOS="1429" WIDTH="109" HEIGHT="31" WC="0.96" CONTENT="bland"/><SP WIDTH="24" VPOS="1429" HPOS="952"/>
							<String ID="string_214" HPOS="976" VPOS="1429" WIDTH="122" HEIGHT="35" WC="0.95" CONTENT="annat,"/><SP WIDTH="27" VPOS="1429" HPOS="1098"/>
							<String ID="string_215" HPOS="1125" VPOS="1429" WIDTH="53" HEIGHT="30" WC="0.93" CONTENT="att"/><SP WIDTH="26" VPOS="1429" HPOS="1178"/>
							<String ID="string_216" HPOS="1204" VPOS="1426" WIDTH="424" HEIGHT="38" WC="0.90" CONTENT="hushållningssällskap,"/>
						</TextLine>
						<TextLine ID="line_24" HPOS="124" VPOS="1477" WIDTH="1505" HEIGHT="41">
							<String ID="string_217" HPOS="124" VPOS="1495" WIDTH="74" HEIGHT="22" WC="0.96" CONTENT="som"/><SP WIDTH="24" VPOS="1495" HPOS="198"/>
							<String ID="string_218" HPOS="222" VPOS="1485" WIDTH="131" HEIGHT="31" WC="0.95" CONTENT="önskar"/><SP WIDTH="24" VPOS="1485" HPOS="353"/>
							<String ID="string_219" HPOS="377" VPOS="1482" WIDTH="140" HEIGHT="32" WC="0.93" CONTENT="erhålla"/><SP WIDTH="24" VPOS="1482" HPOS="517"/>
							<String ID="string_220" HPOS="541" VPOS="1482" WIDTH="164" HEIGHT="36" WC="0.92" CONTENT="statslån,"/><SP WIDTH="25" VPOS="1482" HPOS="705"/>
							<String ID="string_221" HPOS="730" VPOS="1481" WIDTH="93" HEIGHT="31" WC="0.96" CONTENT="skall"/><SP WIDTH="26" VPOS="1481" HPOS="823"/>
							<String ID="string_222" HPOS="849" VPOS="1481" WIDTH="124" HEIGHT="31" WC="0.96" CONTENT="därom"/><SP WIDTH="25" VPOS="1481" HPOS="973"/>
							<String ID="string_223" HPOS="998" VPOS="1480" WIDTH="59" HEIGHT="31" WC="0.93" CONTENT="till"/><SP WIDTH="25" VPOS="1480" HPOS="1057"/>
							<String ID="string_224" HPOS="1082" VPOS="1478" WIDTH="395" HEIGHT="36" WC="0.91" CONTENT="stuteriöverstyrelsen"/><SP WIDTH="25" VPOS="1478" HPOS="1477"/>
							<String ID="string_225" HPOS="1502" VPOS="1477" WIDTH="127" HEIGHT="36" WC="0.91" CONTENT="ingiva"/>
						</TextLine>
						<TextLine ID="line_25" HPOS="125" VPOS="1530" WIDTH="1500" HEIGHT="42">
							<String ID="string_226" HPOS="125" VPOS="1536" WIDTH="55" HEIGHT="32" WC="0.96" CONTENT="till"/><SP WIDTH="25" VPOS="1536" HPOS="180"/>
							<String ID="string_227" HPOS="205" VPOS="1535" WIDTH="133" HEIGHT="37" WC="0.96" CONTENT="Kungl."/><SP WIDTH="29" VPOS="1535" HPOS="338"/>
							<String ID="string_228" HPOS="367" VPOS="1534" WIDTH="108" HEIGHT="37" WC="0.96" CONTENT="Maj:t"/><SP WIDTH="28" VPOS="1534" HPOS="475"/>
							<String ID="string_229" HPOS="503" VPOS="1534" WIDTH="110" HEIGHT="31" WC="0.96" CONTENT="ställd"/><SP WIDTH="26" VPOS="1534" HPOS="613"/>
							<String ID="string_230" HPOS="639" VPOS="1533" WIDTH="161" HEIGHT="31" WC="0.96" CONTENT="ansökan"/><SP WIDTH="26" VPOS="1533" HPOS="800"/>
							<String ID="string_231" HPOS="826" VPOS="1532" WIDTH="65" HEIGHT="31" WC="0.96" CONTENT="och"/><SP WIDTH="27" VPOS="1532" HPOS="891"/>
							<String ID="string_232" HPOS="918" VPOS="1534" WIDTH="53" HEIGHT="29" WC="0.96" CONTENT="att"/><SP WIDTH="26" VPOS="1534" HPOS="971"/>
							<String ID="string_233" HPOS="997" VPOS="1531" WIDTH="114" HEIGHT="31" WC="0.96" CONTENT="sådan"/><SP WIDTH="26" VPOS="1531" HPOS="1111"/>
							<String ID="string_234" HPOS="1137" VPOS="1530" WIDTH="160" HEIGHT="31" WC="0.96" CONTENT="ansökan"/><SP WIDTH="28" VPOS="1530" HPOS="1297"/>
							<String ID="string_235" HPOS="1325" VPOS="1530" WIDTH="92" HEIGHT="31" WC="0.96" CONTENT="skall"/><SP WIDTH="28" VPOS="1530" HPOS="1417"/>
							<String ID="string_236" HPOS="1445" VPOS="1539" WIDTH="45" HEIGHT="21" WC="0.93" CONTENT="av"/><SP WIDTH="28" VPOS="1539" HPOS="1490"/>
							<String ID="string_237" HPOS="1518" VPOS="1530" WIDTH="107" HEIGHT="30" WC="0.92" CONTENT="stute-"/>
						</TextLine>
						<TextLine ID="line_26" HPOS="124" VPOS="1581" WIDTH="1504" HEIGHT="43">
							<String ID="string_238" HPOS="124" VPOS="1587" WIDTH="297" HEIGHT="37" WC="0.91" CONTENT="riöverstyrelsen"/><SP WIDTH="20" VPOS="1587" HPOS="421"/>
							<String ID="string_239" HPOS="441" VPOS="1587" WIDTH="82" HEIGHT="30" WC="0.96" CONTENT="med"/><SP WIDTH="21" VPOS="1587" HPOS="523"/>
							<String ID="string_240" HPOS="544" VPOS="1587" WIDTH="81" HEIGHT="35" WC="0.96" CONTENT="eget"/><SP WIDTH="21" VPOS="1587" HPOS="625"/>
							<String ID="string_241" HPOS="646" VPOS="1584" WIDTH="187" HEIGHT="32" WC="0.96" CONTENT="utlåtande"/><SP WIDTH="23" VPOS="1584" HPOS="833"/>
							<String ID="string_242" HPOS="856" VPOS="1584" WIDTH="226" HEIGHT="31" WC="0.96" CONTENT="överlämnas"/><SP WIDTH="22" VPOS="1584" HPOS="1082"/>
							<String ID="string_243" HPOS="1104" VPOS="1583" WIDTH="58" HEIGHT="30" WC="0.96" CONTENT="till"/><SP WIDTH="22" VPOS="1583" HPOS="1162"/>
							<String ID="string_244" HPOS="1184" VPOS="1582" WIDTH="135" HEIGHT="37" WC="0.95" CONTENT="Kungl."/><SP WIDTH="21" VPOS="1582" HPOS="1319"/>
							<String ID="string_245" HPOS="1340" VPOS="1581" WIDTH="120" HEIGHT="37" WC="0.96" CONTENT="Maj:t."/><SP WIDTH="34" VPOS="1581" HPOS="1460"/>
							<String ID="string_246" HPOS="1494" VPOS="1581" WIDTH="134" HEIGHT="31" WC="0.96" CONTENT="Vidare"/>
						</TextLine>
						<TextLine ID="line_27" HPOS="127" VPOS="1632" WIDTH="1503" HEIGHT="43">
							<String ID="string_247" HPOS="127" VPOS="1641" WIDTH="117" HEIGHT="30" WC="0.96" CONTENT="finnes"/><SP WIDTH="23" VPOS="1641" HPOS="244"/>
							<String ID="string_248" HPOS="267" VPOS="1639" WIDTH="78" HEIGHT="32" WC="0.96" CONTENT="däri"/><SP WIDTH="20" VPOS="1639" HPOS="345"/>
							<String ID="string_249" HPOS="365" VPOS="1639" WIDTH="148" HEIGHT="36" WC="0.96" CONTENT="intagen"/><SP WIDTH="20" VPOS="1639" HPOS="513"/>
							<String ID="string_250" HPOS="533" VPOS="1647" WIDTH="45" HEIGHT="21" WC="0.96" CONTENT="en"/><SP WIDTH="20" VPOS="1647" HPOS="578"/>
							<String ID="string_251" HPOS="598" VPOS="1636" WIDTH="249" HEIGHT="32" WC="0.96" CONTENT="bestämmelse"/><SP WIDTH="21" VPOS="1636" HPOS="847"/>
							<String ID="string_252" HPOS="868" VPOS="1645" WIDTH="57" HEIGHT="21" WC="0.96" CONTENT="om"/><SP WIDTH="19" VPOS="1645" HPOS="925"/>
							<String ID="string_253" HPOS="944" VPOS="1636" WIDTH="53" HEIGHT="30" WC="0.96" CONTENT="att"/><SP WIDTH="21" VPOS="1636" HPOS="997"/>
							<String ID="string_254" HPOS="1018" VPOS="1634" WIDTH="153" HEIGHT="37" WC="0.93" CONTENT="beviljat"/><SP WIDTH="22" VPOS="1634" HPOS="1171"/>
							<String ID="string_255" HPOS="1193" VPOS="1633" WIDTH="154" HEIGHT="31" WC="0.93" CONTENT="statslån"/><SP WIDTH="21" VPOS="1633" HPOS="1347"/>
							<String ID="string_256" HPOS="1368" VPOS="1633" WIDTH="93" HEIGHT="31" WC="0.96" CONTENT="skall"/><SP WIDTH="21" VPOS="1633" HPOS="1461"/>
							<String ID="string_257" HPOS="1482" VPOS="1643" WIDTH="46" HEIGHT="20" WC="0.93" CONTENT="av"/><SP WIDTH="21" VPOS="1643" HPOS="1528"/>
							<String ID="string_258" HPOS="1549" VPOS="1632" WIDTH="81" HEIGHT="31" WC="0.92" CONTENT="hus-"/>
						</TextLine>
						<TextLine ID="line_28" HPOS="126" VPOS="1684" WIDTH="1504" HEIGHT="44">
							<String ID="string_259" HPOS="126" VPOS="1690" WIDTH="341" HEIGHT="38" WC="0.90" CONTENT="hållningssällskap"/><SP WIDTH="22" VPOS="1690" HPOS="467"/>
							<String ID="string_260" HPOS="489" VPOS="1690" WIDTH="13" HEIGHT="30" WC="0.97" CONTENT="i"/><SP WIDTH="23" VPOS="1690" HPOS="502"/>
							<String ID="string_261" HPOS="525" VPOS="1689" WIDTH="258" HEIGHT="31" WC="0.96" CONTENT="statskontoret"/><SP WIDTH="23" VPOS="1689" HPOS="783"/>
							<String ID="string_262" HPOS="806" VPOS="1687" WIDTH="112" HEIGHT="36" WC="0.96" CONTENT="lyftas"/><SP WIDTH="22" VPOS="1687" HPOS="918"/>
							<String ID="string_263" HPOS="940" VPOS="1686" WIDTH="76" HEIGHT="32" WC="0.96" CONTENT="före"/><SP WIDTH="23" VPOS="1686" HPOS="1016"/>
							<String ID="string_264" HPOS="1039" VPOS="1686" WIDTH="185" HEIGHT="37" WC="0.96" CONTENT="utgången"/><SP WIDTH="22" VPOS="1686" HPOS="1224"/>
							<String ID="string_265" HPOS="1246" VPOS="1695" WIDTH="46" HEIGHT="21" WC="0.96" CONTENT="av"/><SP WIDTH="21" VPOS="1695" HPOS="1292"/>
							<String ID="string_266" HPOS="1313" VPOS="1685" WIDTH="58" HEIGHT="31" WC="0.96" CONTENT="det"/><SP WIDTH="22" VPOS="1685" HPOS="1371"/>
							<String ID="string_267" HPOS="1393" VPOS="1686" WIDTH="39" HEIGHT="29" WC="0.96" CONTENT="år"/><SP WIDTH="23" VPOS="1686" HPOS="1432"/>
							<String ID="string_268" HPOS="1455" VPOS="1684" WIDTH="98" HEIGHT="31" WC="0.93" CONTENT="lånet"/><SP WIDTH="22" VPOS="1684" HPOS="1553"/>
							<String ID="string_269" HPOS="1575" VPOS="1684" WIDTH="55" HEIGHT="31" WC="0.92" CONTENT="be-"/>
						</TextLine>
						<TextLine ID="line_29" HPOS="129" VPOS="1736" WIDTH="1499" HEIGHT="43">
							<String ID="string_270" HPOS="129" VPOS="1742" WIDTH="124" HEIGHT="37" WC="0.92" CONTENT="viljats"/><SP WIDTH="22" VPOS="1742" HPOS="253"/>
							<String ID="string_271" HPOS="275" VPOS="1743" WIDTH="63" HEIGHT="31" WC="0.96" CONTENT="och"/><SP WIDTH="22" VPOS="1743" HPOS="338"/>
							<String ID="string_272" HPOS="360" VPOS="1743" WIDTH="53" HEIGHT="30" WC="0.93" CONTENT="att"/><SP WIDTH="21" VPOS="1743" HPOS="413"/>
							<String ID="string_273" HPOS="434" VPOS="1739" WIDTH="310" HEIGHT="37" WC="0.90" CONTENT="statslånebelopp,"/><SP WIDTH="21" VPOS="1739" HPOS="744"/>
							<String ID="string_274" HPOS="765" VPOS="1748" WIDTH="76" HEIGHT="22" WC="0.96" CONTENT="som"/><SP WIDTH="21" VPOS="1748" HPOS="841"/>
							<String ID="string_275" HPOS="862" VPOS="1738" WIDTH="62" HEIGHT="31" WC="0.96" CONTENT="vid"/><SP WIDTH="21" VPOS="1738" HPOS="924"/>
							<String ID="string_276" HPOS="945" VPOS="1739" WIDTH="95" HEIGHT="30" WC="0.96" CONTENT="årets"/><SP WIDTH="22" VPOS="1739" HPOS="1040"/>
							<String ID="string_277" HPOS="1062" VPOS="1737" WIDTH="72" HEIGHT="32" WC="0.96" CONTENT="slut"/><SP WIDTH="21" VPOS="1737" HPOS="1134"/>
							<String ID="string_278" HPOS="1155" VPOS="1737" WIDTH="168" HEIGHT="31" WC="0.93" CONTENT="kvarstår"/><SP WIDTH="22" VPOS="1737" HPOS="1323"/>
							<String ID="string_279" HPOS="1345" VPOS="1737" WIDTH="171" HEIGHT="36" WC="0.91" CONTENT="outtaget,"/><SP WIDTH="22" VPOS="1737" HPOS="1516"/>
							<String ID="string_280" HPOS="1538" VPOS="1736" WIDTH="90" HEIGHT="31" WC="0.92" CONTENT="åter-"/>
						</TextLine>
						<TextLine ID="line_30" HPOS="129" VPOS="1788" WIDTH="1498" HEIGHT="39">
							<String ID="string_281" HPOS="129" VPOS="1795" WIDTH="104" HEIGHT="31" WC="0.96" CONTENT="faller"/><SP WIDTH="20" VPOS="1795" HPOS="233"/>
							<String ID="string_282" HPOS="253" VPOS="1795" WIDTH="57" HEIGHT="31" WC="0.96" CONTENT="till"/><SP WIDTH="22" VPOS="1795" HPOS="310"/>
							<String ID="string_283" HPOS="332" VPOS="1793" WIDTH="138" HEIGHT="32" WC="0.96" CONTENT="fonden."/><SP WIDTH="33" VPOS="1793" HPOS="470"/>
							<String ID="string_284" HPOS="503" VPOS="1793" WIDTH="55" HEIGHT="31" WC="0.96" CONTENT="Då"/><SP WIDTH="23" VPOS="1793" HPOS="558"/>
							<String ID="string_285" HPOS="581" VPOS="1793" WIDTH="57" HEIGHT="31" WC="0.95" CONTENT="det"/><SP WIDTH="20" VPOS="1793" HPOS="638"/>
							<String ID="string_286" HPOS="658" VPOS="1792" WIDTH="80" HEIGHT="31" WC="0.96" CONTENT="med"/><SP WIDTH="20" VPOS="1792" HPOS="738"/>
							<String ID="string_287" HPOS="758" VPOS="1791" WIDTH="142" HEIGHT="36" WC="0.96" CONTENT="hänsyn"/><SP WIDTH="20" VPOS="1791" HPOS="900"/>
							<String ID="string_288" HPOS="920" VPOS="1789" WIDTH="127" HEIGHT="33" WC="0.95" CONTENT="härtill"/><SP WIDTH="21" VPOS="1789" HPOS="1047"/>
							<String ID="string_289" HPOS="1068" VPOS="1789" WIDTH="99" HEIGHT="33" WC="0.96" CONTENT="torde"/><SP WIDTH="20" VPOS="1789" HPOS="1167"/>
							<String ID="string_290" HPOS="1187" VPOS="1799" WIDTH="90" HEIGHT="21" WC="0.96" CONTENT="vara"/><SP WIDTH="20" VPOS="1799" HPOS="1277"/>
							<String ID="string_291" HPOS="1297" VPOS="1799" WIDTH="46" HEIGHT="21" WC="0.96" CONTENT="av"/><SP WIDTH="20" VPOS="1799" HPOS="1343"/>
							<String ID="string_292" HPOS="1363" VPOS="1788" WIDTH="191" HEIGHT="37" WC="0.96" CONTENT="betydelse,"/><SP WIDTH="20" VPOS="1788" HPOS="1554"/>
							<String ID="string_293" HPOS="1574" VPOS="1789" WIDTH="53" HEIGHT="30" WC="0.96" CONTENT="att"/>
						</TextLine>
						<TextLine ID="line_31" HPOS="128" VPOS="1840" WIDTH="1500" HEIGHT="42">
							<String ID="string_294" HPOS="128" VPOS="1846" WIDTH="291" HEIGHT="36" WC="0.96" CONTENT="ansökningarna"/><SP WIDTH="27" VPOS="1846" HPOS="419"/>
							<String ID="string_295" HPOS="446" VPOS="1845" WIDTH="183" HEIGHT="31" WC="0.96" CONTENT="inkomma"/><SP WIDTH="25" VPOS="1845" HPOS="629"/>
							<String ID="string_296" HPOS="654" VPOS="1843" WIDTH="57" HEIGHT="33" WC="0.93" CONTENT="till"/><SP WIDTH="24" VPOS="1843" HPOS="711"/>
							<String ID="string_297" HPOS="735" VPOS="1842" WIDTH="395" HEIGHT="37" WC="0.91" CONTENT="stuteriöverstyrelsen"/><SP WIDTH="26" VPOS="1842" HPOS="1130"/>
							<String ID="string_298" HPOS="1156" VPOS="1841" WIDTH="96" HEIGHT="31" WC="0.96" CONTENT="inom"/><SP WIDTH="24" VPOS="1841" HPOS="1252"/>
							<String ID="string_299" HPOS="1276" VPOS="1840" WIDTH="113" HEIGHT="32" WC="0.96" CONTENT="sådan"/><SP WIDTH="27" VPOS="1840" HPOS="1389"/>
							<String ID="string_300" HPOS="1416" VPOS="1840" WIDTH="62" HEIGHT="36" WC="0.96" CONTENT="tid,"/><SP WIDTH="28" VPOS="1840" HPOS="1478"/>
							<String ID="string_301" HPOS="1506" VPOS="1841" WIDTH="53" HEIGHT="30" WC="0.96" CONTENT="att"/><SP WIDTH="29" VPOS="1841" HPOS="1559"/>
							<String ID="string_302" HPOS="1588" VPOS="1840" WIDTH="40" HEIGHT="31" WC="0.96" CONTENT="de"/>
						</TextLine>
						<TextLine ID="line_32" HPOS="128" VPOS="1890" WIDTH="1500" HEIGHT="43">
							<String ID="string_303" HPOS="128" VPOS="1899" WIDTH="122" HEIGHT="30" WC="0.96" CONTENT="kunna"/><SP WIDTH="21" VPOS="1899" HPOS="250"/>
							<String ID="string_304" HPOS="271" VPOS="1907" WIDTH="47" HEIGHT="22" WC="0.96" CONTENT="av"/><SP WIDTH="25" VPOS="1907" HPOS="318"/>
							<String ID="string_305" HPOS="343" VPOS="1897" WIDTH="133" HEIGHT="36" WC="0.95" CONTENT="Kungl."/><SP WIDTH="25" VPOS="1897" HPOS="476"/>
							<String ID="string_306" HPOS="501" VPOS="1896" WIDTH="111" HEIGHT="36" WC="0.96" CONTENT="Maj:t"/><SP WIDTH="25" VPOS="1896" HPOS="612"/>
							<String ID="string_307" HPOS="637" VPOS="1896" WIDTH="142" HEIGHT="35" WC="0.96" CONTENT="slutligt"/><SP WIDTH="24" VPOS="1896" HPOS="779"/>
							<String ID="string_308" HPOS="803" VPOS="1897" WIDTH="130" HEIGHT="35" WC="0.96" CONTENT="prövas"/><SP WIDTH="26" VPOS="1897" HPOS="933"/>
							<String ID="string_309" HPOS="959" VPOS="1896" WIDTH="11" HEIGHT="30" WC="0.96" CONTENT="i"/><SP WIDTH="26" VPOS="1896" HPOS="970"/>
							<String ID="string_310" HPOS="996" VPOS="1893" WIDTH="69" HEIGHT="36" WC="0.96" CONTENT="god"/><SP WIDTH="24" VPOS="1893" HPOS="1065"/>
							<String ID="string_311" HPOS="1089" VPOS="1894" WIDTH="54" HEIGHT="31" WC="0.96" CONTENT="tid"/><SP WIDTH="26" VPOS="1894" HPOS="1143"/>
							<String ID="string_312" HPOS="1169" VPOS="1893" WIDTH="76" HEIGHT="31" WC="0.96" CONTENT="före"/><SP WIDTH="25" VPOS="1893" HPOS="1245"/>
							<String ID="string_313" HPOS="1270" VPOS="1894" WIDTH="96" HEIGHT="29" WC="0.96" CONTENT="årets"/><SP WIDTH="23" VPOS="1894" HPOS="1366"/>
							<String ID="string_314" HPOS="1389" VPOS="1893" WIDTH="149" HEIGHT="34" WC="0.96" CONTENT="utgång,"/><SP WIDTH="25" VPOS="1893" HPOS="1538"/>
							<String ID="string_315" HPOS="1563" VPOS="1890" WIDTH="65" HEIGHT="32" WC="0.95" CONTENT="vill"/>
						</TextLine>
						<TextLine ID="line_33" HPOS="129" VPOS="1943" WIDTH="1499" HEIGHT="41">
							<String ID="string_316" HPOS="129" VPOS="1950" WIDTH="171" HEIGHT="30" WC="0.96" CONTENT="utskottet"/><SP WIDTH="28" VPOS="1950" HPOS="300"/>
							<String ID="string_317" HPOS="328" VPOS="1949" WIDTH="154" HEIGHT="35" WC="0.96" CONTENT="förorda,"/><SP WIDTH="26" VPOS="1949" HPOS="482"/>
							<String ID="string_318" HPOS="508" VPOS="1950" WIDTH="53" HEIGHT="29" WC="0.96" CONTENT="att"/><SP WIDTH="27" VPOS="1950" HPOS="561"/>
							<String ID="string_319" HPOS="588" VPOS="1946" WIDTH="186" HEIGHT="33" WC="0.96" CONTENT="föreskrift"/><SP WIDTH="24" VPOS="1946" HPOS="774"/>
							<String ID="string_320" HPOS="798" VPOS="1945" WIDTH="180" HEIGHT="32" WC="0.96" CONTENT="meddelas"/><SP WIDTH="23" VPOS="1945" HPOS="978"/>
							<String ID="string_321" HPOS="1001" VPOS="1945" WIDTH="134" HEIGHT="35" WC="0.96" CONTENT="därom,"/><SP WIDTH="26" VPOS="1945" HPOS="1135"/>
							<String ID="string_322" HPOS="1161" VPOS="1946" WIDTH="53" HEIGHT="29" WC="0.96" CONTENT="att"/><SP WIDTH="26" VPOS="1946" HPOS="1214"/>
							<String ID="string_323" HPOS="1240" VPOS="1944" WIDTH="160" HEIGHT="31" WC="0.96" CONTENT="ansökan"/><SP WIDTH="24" VPOS="1944" HPOS="1400"/>
							<String ID="string_324" HPOS="1424" VPOS="1943" WIDTH="90" HEIGHT="31" WC="0.96" CONTENT="skall"/><SP WIDTH="25" VPOS="1943" HPOS="1514"/>
							<String ID="string_325" HPOS="1539" VPOS="1952" WIDTH="89" HEIGHT="21" WC="0.96" CONTENT="vara"/>
						</TextLine>
						<TextLine ID="line_34" HPOS="129" VPOS="1994" WIDTH="1500" HEIGHT="42">
							<String ID="string_326" HPOS="129" VPOS="2000" WIDTH="56" HEIGHT="32" WC="0.93" CONTENT="till"/><SP WIDTH="22" VPOS="2000" HPOS="185"/>
							<String ID="string_327" HPOS="207" VPOS="1999" WIDTH="392" HEIGHT="37" WC="0.90" CONTENT="stuteriöverstyrelsen"/><SP WIDTH="22" VPOS="1999" HPOS="599"/>
							<String ID="string_328" HPOS="621" VPOS="1997" WIDTH="146" HEIGHT="37" WC="0.92" CONTENT="ingiven"/><SP WIDTH="24" VPOS="1997" HPOS="767"/>
							<String ID="string_329" HPOS="791" VPOS="1999" WIDTH="76" HEIGHT="30" WC="0.96" CONTENT="före"/><SP WIDTH="20" VPOS="1999" HPOS="867"/>
							<String ID="string_330" HPOS="887" VPOS="1998" WIDTH="70" HEIGHT="31" WC="0.95" CONTENT="den"/><SP WIDTH="23" VPOS="1998" HPOS="957"/>
							<String ID="string_331" HPOS="980" VPOS="1997" WIDTH="18" HEIGHT="30" WC="0.96" CONTENT="1"/><SP WIDTH="24" VPOS="1997" HPOS="998"/>
							<String ID="string_332" HPOS="1022" VPOS="1996" WIDTH="154" HEIGHT="32" WC="0.96" CONTENT="oktober."/><SP WIDTH="46" VPOS="1996" HPOS="1176"/>
							<String ID="string_333" HPOS="1222" VPOS="1996" WIDTH="17" HEIGHT="30" WC="0.91" CONTENT="I"/><SP WIDTH="23" VPOS="1996" HPOS="1239"/>
							<String ID="string_334" HPOS="1262" VPOS="1995" WIDTH="120" HEIGHT="35" WC="0.96" CONTENT="övrigt"/><SP WIDTH="23" VPOS="1995" HPOS="1382"/>
							<String ID="string_335" HPOS="1405" VPOS="1995" WIDTH="65" HEIGHT="30" WC="0.93" CONTENT="har"/><SP WIDTH="25" VPOS="1995" HPOS="1470"/>
							<String ID="string_336" HPOS="1495" VPOS="1994" WIDTH="134" HEIGHT="31" WC="0.90" CONTENT="utskot-"/>
						</TextLine>
						<TextLine ID="line_35" HPOS="129" VPOS="2045" WIDTH="1499" HEIGHT="41">
							<String ID="string_337" HPOS="129" VPOS="2055" WIDTH="48" HEIGHT="29" WC="0.96" CONTENT="tet"/><SP WIDTH="27" VPOS="2055" HPOS="177"/>
							<String ID="string_338" HPOS="204" VPOS="2053" WIDTH="89" HEIGHT="31" WC="0.96" CONTENT="intet"/><SP WIDTH="25" VPOS="2053" HPOS="293"/>
							<String ID="string_339" HPOS="318" VPOS="2054" WIDTH="54" HEIGHT="29" WC="0.96" CONTENT="att"/><SP WIDTH="23" VPOS="2054" HPOS="372"/>
							<String ID="string_340" HPOS="395" VPOS="2051" WIDTH="122" HEIGHT="31" WC="0.96" CONTENT="erinra"/><SP WIDTH="25" VPOS="2051" HPOS="517"/>
							<String ID="string_341" HPOS="542" VPOS="2053" WIDTH="73" HEIGHT="29" WC="0.96" CONTENT="mot"/><SP WIDTH="24" VPOS="2053" HPOS="615"/>
							<String ID="string_342" HPOS="639" VPOS="2051" WIDTH="41" HEIGHT="31" WC="0.96" CONTENT="de"/><SP WIDTH="24" VPOS="2051" HPOS="680"/>
							<String ID="string_343" HPOS="704" VPOS="2061" WIDTH="47" HEIGHT="21" WC="0.93" CONTENT="av"/><SP WIDTH="23" VPOS="2061" HPOS="751"/>
							<String ID="string_344" HPOS="774" VPOS="2049" WIDTH="394" HEIGHT="37" WC="0.75" CONTENT="departementschefen"/><SP WIDTH="26" VPOS="2049" HPOS="1168"/>
							<String ID="string_345" HPOS="1194" VPOS="2046" WIDTH="188" HEIGHT="32" WC="0.93" CONTENT="förordade"/><SP WIDTH="24" VPOS="2046" HPOS="1382"/>
							<String ID="string_346" HPOS="1406" VPOS="2045" WIDTH="222" HEIGHT="32" WC="0.74" CONTENT="bestämmel-"/>
						</TextLine>
						<TextLine ID="line_36" HPOS="131" VPOS="2101" WIDTH="787" HEIGHT="37">
							<String ID="string_347" HPOS="131" VPOS="2114" WIDTH="103" HEIGHT="21" WC="0.96" CONTENT="serna"/><SP WIDTH="22" VPOS="2114" HPOS="234"/>
							<String ID="string_348" HPOS="256" VPOS="2105" WIDTH="56" HEIGHT="30" WC="0.96" CONTENT="för"/><SP WIDTH="19" VPOS="2105" HPOS="312"/>
							<String ID="string_349" HPOS="331" VPOS="2105" WIDTH="61" HEIGHT="30" WC="0.96" CONTENT="lån"/><SP WIDTH="22" VPOS="2105" HPOS="392"/>
							<String ID="string_350" HPOS="414" VPOS="2105" WIDTH="82" HEIGHT="29" WC="0.95" CONTENT="från"/><SP WIDTH="23" VPOS="2105" HPOS="496"/>
							<String ID="string_351" HPOS="519" VPOS="2102" WIDTH="282" HEIGHT="36" WC="0.95" CONTENT="ifrågavarande"/><SP WIDTH="24" VPOS="2102" HPOS="801"/>
							<String ID="string_352" HPOS="825" VPOS="2101" WIDTH="93" HEIGHT="32" WC="0.96" CONTENT="fond."/>
						</TextLine>
					</TextBlock>
					<TextBlock ID="block_4" HPOS="170" VPOS="2151" WIDTH="1134" HEIGHT="41">
						<TextLine ID="line_37" HPOS="170" VPOS="2151" WIDTH="1134" HEIGHT="41">
							<String ID="string_353" HPOS="170" VPOS="2156" WIDTH="117" HEIGHT="30" WC="0.96" CONTENT="Under"/><SP WIDTH="24" VPOS="2156" HPOS="287"/>
							<String ID="string_354" HPOS="311" VPOS="2155" WIDTH="223" HEIGHT="37" WC="0.96" CONTENT="åberopande"/><SP WIDTH="27" VPOS="2155" HPOS="534"/>
							<String ID="string_355" HPOS="561" VPOS="2166" WIDTH="44" HEIGHT="19" WC="0.96" CONTENT="av"/><SP WIDTH="26" VPOS="2166" HPOS="605"/>
							<String ID="string_356" HPOS="631" VPOS="2155" WIDTH="57" HEIGHT="30" WC="0.96" CONTENT="det"/><SP WIDTH="24" VPOS="2155" HPOS="688"/>
							<String ID="string_357" HPOS="712" VPOS="2154" WIDTH="154" HEIGHT="31" WC="0.96" CONTENT="anförda"/><SP WIDTH="22" VPOS="2154" HPOS="866"/>
							<String ID="string_358" HPOS="888" VPOS="2152" WIDTH="207" HEIGHT="32" WC="0.95" CONTENT="hemställer"/><SP WIDTH="25" VPOS="2152" HPOS="1095"/>
							<String ID="string_359" HPOS="1120" VPOS="2151" WIDTH="184" HEIGHT="34" WC="0.96" CONTENT="utskottet,"/>
						</TextLine>
					</TextBlock>
				</ComposedBlock>
				<ComposedBlock ID="cblock_3" HPOS="528" VPOS="2256" WIDTH="1103" HEIGHT="241">
					<TextBlock ID="block_5" HPOS="569" VPOS="2256" WIDTH="348" HEIGHT="36">
						<TextLine ID="line_38" HPOS="569" VPOS="2256" WIDTH="348" HEIGHT="36">
							<String ID="string_360" HPOS="569" VPOS="2259" WIDTH="54" HEIGHT="28" WC="0.96" CONTENT="att"/><SP WIDTH="22" VPOS="2259" HPOS="623"/>
							<String ID="string_361" HPOS="645" VPOS="2256" WIDTH="194" HEIGHT="36" WC="0.95" CONTENT="riksdagen"/><SP WIDTH="21" VPOS="2256" HPOS="839"/>
							<String ID="string_362" HPOS="860" VPOS="2257" WIDTH="57" HEIGHT="29" WC="0.96" CONTENT="må"/>
						</TextLine>
					</TextBlock>
					<TextBlock ID="block_6" HPOS="528" VPOS="2304" WIDTH="1103" HEIGHT="193">
						<TextLine ID="line_39" HPOS="569" VPOS="2304" WIDTH="1061" HEIGHT="39">
							<String ID="string_363" HPOS="569" VPOS="2308" WIDTH="35" HEIGHT="34" WC="0.96" CONTENT="a)"/><SP WIDTH="25" VPOS="2308" HPOS="604"/>
							<String ID="string_364" HPOS="629" VPOS="2308" WIDTH="150" HEIGHT="35" WC="0.96" CONTENT="besluta,"/><SP WIDTH="25" VPOS="2308" HPOS="779"/>
							<String ID="string_365" HPOS="804" VPOS="2309" WIDTH="54" HEIGHT="28" WC="0.96" CONTENT="att"/><SP WIDTH="28" VPOS="2309" HPOS="858"/>
							<String ID="string_366" HPOS="886" VPOS="2316" WIDTH="43" HEIGHT="21" WC="0.96" CONTENT="en"/><SP WIDTH="27" VPOS="2316" HPOS="929"/>
							<String ID="string_367" HPOS="956" VPOS="2306" WIDTH="86" HEIGHT="30" WC="0.77" CONTENT="fond"/><SP WIDTH="25" VPOS="2306" HPOS="1042"/>
							<String ID="string_368" HPOS="1067" VPOS="2305" WIDTH="93" HEIGHT="31" WC="0.96" CONTENT="skall"/><SP WIDTH="26" VPOS="2305" HPOS="1160"/>
							<String ID="string_369" HPOS="1186" VPOS="2305" WIDTH="164" HEIGHT="34" WC="0.96" CONTENT="inrättas,"/><SP WIDTH="29" VPOS="2305" HPOS="1350"/>
							<String ID="string_370" HPOS="1379" VPOS="2304" WIDTH="177" HEIGHT="30" WC="0.92" CONTENT="benämnd"/><SP WIDTH="27" VPOS="2304" HPOS="1556"/>
							<String ID="string_371" HPOS="1583" VPOS="2304" WIDTH="47" HEIGHT="29" WC="0.77" CONTENT="lå-"/>
						</TextLine>
						<TextLine ID="line_40" HPOS="528" VPOS="2355" WIDTH="1103" HEIGHT="38">
							<String ID="string_372" HPOS="528" VPOS="2358" WIDTH="178" HEIGHT="31" WC="0.90" CONTENT="nefonden"/><SP WIDTH="26" VPOS="2358" HPOS="706"/>
							<String ID="string_373" HPOS="732" VPOS="2359" WIDTH="55" HEIGHT="29" WC="0.96" CONTENT="för"/><SP WIDTH="27" VPOS="2359" HPOS="787"/>
							<String ID="string_374" HPOS="814" VPOS="2357" WIDTH="108" HEIGHT="36" WC="0.96" CONTENT="inköp"/><SP WIDTH="28" VPOS="2357" HPOS="922"/>
							<String ID="string_375" HPOS="950" VPOS="2367" WIDTH="45" HEIGHT="20" WC="0.92" CONTENT="av"/><SP WIDTH="26" VPOS="2367" HPOS="995"/>
							<String ID="string_376" HPOS="1021" VPOS="2356" WIDTH="266" HEIGHT="35" WC="0.91" CONTENT="avelshingstar"/><SP WIDTH="26" VPOS="2356" HPOS="1287"/>
							<String ID="string_377" HPOS="1313" VPOS="2365" WIDTH="43" HEIGHT="20" WC="0.93" CONTENT="av"/><SP WIDTH="28" VPOS="2365" HPOS="1356"/>
							<String ID="string_378" HPOS="1384" VPOS="2355" WIDTH="247" HEIGHT="32" WC="0.88" CONTENT="ardennerras,"/>
						</TextLine>
						<TextLine ID="line_41" HPOS="530" VPOS="2406" WIDTH="1101" HEIGHT="37">
							<String ID="string_379" HPOS="530" VPOS="2411" WIDTH="83" HEIGHT="30" WC="0.96" CONTENT="från"/><SP WIDTH="26" VPOS="2411" HPOS="613"/>
							<String ID="string_380" HPOS="639" VPOS="2409" WIDTH="124" HEIGHT="31" WC="0.96" CONTENT="vilken"/><SP WIDTH="27" VPOS="2409" HPOS="763"/>
							<String ID="string_381" HPOS="790" VPOS="2408" WIDTH="96" HEIGHT="35" WC="0.96" CONTENT="fond,"/><SP WIDTH="28" VPOS="2408" HPOS="886"/>
							<String ID="string_382" HPOS="914" VPOS="2418" WIDTH="71" HEIGHT="20" WC="0.96" CONTENT="som"/><SP WIDTH="32" VPOS="2418" HPOS="985"/>
							<String ID="string_383" HPOS="1017" VPOS="2407" WIDTH="92" HEIGHT="30" WC="0.96" CONTENT="skall"/><SP WIDTH="30" VPOS="2407" HPOS="1109"/>
							<String ID="string_384" HPOS="1139" VPOS="2406" WIDTH="175" HEIGHT="32" WC="0.95" CONTENT="förvaltas"/><SP WIDTH="28" VPOS="2406" HPOS="1314"/>
							<String ID="string_385" HPOS="1342" VPOS="2416" WIDTH="42" HEIGHT="21" WC="0.93" CONTENT="av"/><SP WIDTH="32" VPOS="2416" HPOS="1384"/>
							<String ID="string_386" HPOS="1416" VPOS="2406" WIDTH="215" HEIGHT="30" WC="0.92" CONTENT="statskonto-"/>
						</TextLine>
						<TextLine ID="line_42" HPOS="530" VPOS="2456" WIDTH="1101" HEIGHT="41">
							<String ID="string_387" HPOS="530" VPOS="2462" WIDTH="64" HEIGHT="35" WC="0.93" CONTENT="ret,"/><SP WIDTH="27" VPOS="2462" HPOS="594"/>
							<String ID="string_388" HPOS="621" VPOS="2460" WIDTH="153" HEIGHT="31" WC="0.91" CONTENT="statslån"/><SP WIDTH="26" VPOS="2460" HPOS="774"/>
							<String ID="string_389" HPOS="800" VPOS="2461" WIDTH="58" HEIGHT="29" WC="0.96" CONTENT="må"/><SP WIDTH="27" VPOS="2461" HPOS="858"/>
							<String ID="string_390" HPOS="885" VPOS="2460" WIDTH="12" HEIGHT="29" WC="0.95" CONTENT="i"/><SP WIDTH="28" VPOS="2460" HPOS="897"/>
							<String ID="string_391" HPOS="925" VPOS="2460" WIDTH="84" HEIGHT="29" WC="0.96" CONTENT="mån"/><SP WIDTH="28" VPOS="2460" HPOS="1009"/>
							<String ID="string_392" HPOS="1037" VPOS="2468" WIDTH="46" HEIGHT="20" WC="0.96" CONTENT="av"/><SP WIDTH="26" VPOS="2468" HPOS="1083"/>
							<String ID="string_393" HPOS="1109" VPOS="2457" WIDTH="155" HEIGHT="37" WC="0.96" CONTENT="tillgång"/><SP WIDTH="27" VPOS="2457" HPOS="1264"/>
							<String ID="string_394" HPOS="1291" VPOS="2457" WIDTH="156" HEIGHT="30" WC="0.93" CONTENT="tilldelas"/><SP WIDTH="27" VPOS="2457" HPOS="1447"/>
							<String ID="string_395" HPOS="1474" VPOS="2456" WIDTH="157" HEIGHT="31" WC="0.92" CONTENT="hushåll-"/>
						</TextLine>
					</TextBlock>
				</ComposedBlock>
				<ComposedBlock ID="cblock_4" HPOS="130" VPOS="2525" WIDTH="1468" HEIGHT="39">
					<TextBlock ID="block_7" HPOS="130" VPOS="2525" WIDTH="1468" HEIGHT="39">
						<TextLine ID="line_43" HPOS="130" VPOS="2525" WIDTH="1468" HEIGHT="39">
							<String ID="string_396" HPOS="130" VPOS="2533" WIDTH="107" HEIGHT="31" WC="0.91" CONTENT="Bihang"/><SP WIDTH="22" VPOS="2533" HPOS="237"/>
							<String ID="string_397" HPOS="259" VPOS="2533" WIDTH="40" HEIGHT="24" WC="0.96" CONTENT="till"/><SP WIDTH="22" VPOS="2533" HPOS="299"/>
							<String ID="string_398" HPOS="321" VPOS="2532" WIDTH="164" HEIGHT="31" WC="0.96" CONTENT="riksdagens"/><SP WIDTH="23" VPOS="2532" HPOS="485"/>
							<String ID="string_399" HPOS="508" VPOS="2531" WIDTH="145" HEIGHT="31" WC="0.95" CONTENT="protokoll"/><SP WIDTH="23" VPOS="2531" HPOS="653"/>
							<String ID="string_400" HPOS="676" VPOS="2530" WIDTH="74" HEIGHT="25" WC="0.95" CONTENT="1931."/><SP WIDTH="43" VPOS="2530" HPOS="750"/>
							<String ID="string_401" HPOS="793" VPOS="2532" WIDTH="29" HEIGHT="22" WC="0.96" CONTENT="10"/><SP WIDTH="20" VPOS="2532" HPOS="822"/>
							<String ID="string_402" HPOS="842" VPOS="2531" WIDTH="79" HEIGHT="22" WC="0.82" CONTENT="saml."/><SP WIDTH="40" VPOS="2531" HPOS="921"/>
							<String ID="string_403" HPOS="961" VPOS="2530" WIDTH="33" HEIGHT="22" WC="0.58" CONTENT="35"/><SP WIDTH="21" VPOS="2530" HPOS="994"/>
							<String ID="string_404" HPOS="1015" VPOS="2529" WIDTH="68" HEIGHT="30" WC="0.90" CONTENT="häft."/><SP WIDTH="39" VPOS="2529" HPOS="1083"/>
							<String ID="string_405" HPOS="1122" VPOS="2525" WIDTH="51" HEIGHT="29" WC="0.96" CONTENT="(Nr"/><SP WIDTH="21" VPOS="2525" HPOS="1173"/>
							<String ID="string_406" HPOS="1194" VPOS="2529" WIDTH="45" HEIGHT="22" WC="0.24" CONTENT="71"/><SP WIDTH="25" VPOS="2529" HPOS="1239"/>
							<String ID="string_407" HPOS="1264" VPOS="2528" WIDTH="54" HEIGHT="28" WC="0.24" CONTENT="—73.)"/><SP WIDTH="264" VPOS="2528" HPOS="1318"/>
							<String ID="string_408" HPOS="1582" VPOS="2525" WIDTH="16" HEIGHT="23" WC="0.96" CONTENT="2"/>
						</TextLine>
					</TextBlock>
				</ComposedBlock>
				<ComposedBlock ID="cblock_5" HPOS="1686" VPOS="650" WIDTH="136" HEIGHT="23">
					<TextBlock ID="block_8" HPOS="1686" VPOS="650" WIDTH="136" HEIGHT="23">
						<TextLine ID="line_44" HPOS="1686" VPOS="650" WIDTH="136" HEIGHT="23">
							<String ID="string_409" HPOS="1686" VPOS="650" WIDTH="136" HEIGHT="23" WC="0.96" CONTENT="Utskottet."/>
						</TextLine>
					</TextBlock>
				</ComposedBlock>
			</PrintSpace>
		</Page>
	</Layout>
</alto>
