1916 2856
480 164 394 34 Jordbruksutskottets
904 163 186 32 utlåtande
1117 162 53 32 Nr
1198 160 51 31 72.
1540 159 40 30 15

118 244 393 37 departementschefen
528 245 66 31 ock
612 245 133 35 antytt,
765 244 118 35 någon
902 242 205 32 erfarenhet
1128 243 98 29 ännu
1245 240 78 32 icke
1334 240 141 31 kunnat
1493 238 130 32 vinnas

118 308 57 21 om
196 296 125 32 vilken
342 297 221 36 omfattning
586 295 241 32 lånerörelsen
850 295 72 31 kan
943 295 144 30 komma
1109 295 55 29 att
1187 294 87 36 taga
1296 311 41 4 —
1359 291 133 32 fonden
1512 291 111 31 inrät-

117 349 101 31 tades
237 357 127 28 genom
382 348 118 31 beslut
519 358 46 21 av
583 347 79 31 1930
680 348 59 29 års
758 346 147 37 riksdag
923 365 40 3 —
979 354 105 22 anser
1104 345 55 37 sig
1179 344 177 31 utskottet
1375 343 88 32 böra
1480 342 145 32 biträda

118 400 135 38 Kungl.
275 400 130 37 Maj:ts
429 400 146 36 förslag.
618 398 84 32 Med
721 399 142 35 hänsyn
885 397 59 31 till
966 396 59 32 det
1047 396 81 32 med
1149 395 283 38 ifrågavarande
1455 394 88 31 fond
1565 404 58 21 av-

118 452 109 32 sedda
250 452 113 36 syftet
387 452 65 30 och
475 452 12 30 i
511 450 237 32 betraktande
772 460 46 21 av
841 449 68 31 den
931 448 182 32 intensiva
1135 447 221 37 utveckling,
1380 446 81 32 vari
1484 446 140 36 mejeri-

118 504 241 37 hanteringen
408 502 193 38 glädjande
636 511 70 28 nog
734 511 106 26 synes
868 510 90 22 vara
984 500 114 36 stadd,
1126 499 67 32 vill
1221 499 176 31 utskottet
1425 497 200 32 emellertid

119 556 196 31 framhålla
337 555 307 37 angelägenheten
669 564 46 21 av
739 555 55 29 att
818 553 150 31 fondens
991 552 141 37 kapital
1155 551 114 32 hålles
1294 560 94 27 uppe
1409 550 64 31 vid
1497 550 128 31 sådant

119 607 136 38 belopp,
279 608 55 31 att
360 607 231 32 lånebehovet
615 605 73 31 kan
713 604 194 37 behörigen
931 603 293 32 tillfredsställas.

157 660 123 31 Under
304 658 226 37 åberopande
554 669 45 20 av
623 658 57 31 det
705 657 154 31 anförda
881 656 207 31 hemställer
1112 655 186 36 utskottet,

562 746 54 29 att
645 743 195 37 riksdagen
864 744 59 30 må
952 744 116 29 såsom
1097 741 278 37 kapitalökning
1405 741 56 30 för
1489 741 135 30 statens

521 795 300 37 mejerilånefond
842 794 128 31 anvisa
993 794 55 31 för
1069 793 215 37 budgetåret
1306 790 173 37 1931/1932
1501 792 51 31 ett
1574 801 51 21 re-

522 846 330 37 servationsanslag
880 856 46 20 av
952 845 159 36 2,000,000
1138 845 142 30 kronor.

157 960 239 32 Beträffande
424 960 110 31 sättet
559 959 55 31 för
640 959 159 31 medlens
826 957 239 32 anskaffande
1091 957 100 31 torde
1219 956 271 32 statsutskottet
1518 956 106 31 fram-

119 1012 94 42 deles
237 1012 114 31 under
377 1011 193 37 riksdagen
596 1011 134 36 avgiva
754 1010 146 36 förslag.

156 1131 71 37 9:0)
251 1132 187 32 Lånefond
458 1132 57 32 för
535 1132 108 36 inköp
663 1142 46 21 av
729 1131 266 37 avelshingstar
1015 1140 46 22 av
1080 1130 248 31 ardennerras.
1367 1129 123 31 Under
1509 1129 115 36 punkt

117 1185 19 30 9
161 1195 48 21 av
234 1184 211 31 förberörda
471 1183 194 37 avdelning
692 1193 45 20 av
764 1181 470 37 statsverkspropositionen
1260 1182 66 30 har
1350 1180 136 37 Kungl.
1514 1179 110 38 Maj:t

118 1235 190 38 föreslagit
331 1235 196 37 riksdagen
551 1236 54 30 att

158 1286 35 37 a)
217 1287 152 37 besluta,
396 1288 54 30 ätt
478 1297 45 21 en
550 1286 86 32 fond
664 1286 93 31 skall
784 1286 166 35 inrättas,
978 1285 179 31 benämnd
1185 1284 217 31 lånefonden
1430 1284 56 31 för
1515 1283 109 37 inköp

119 1350 46 21 av
193 1339 267 37 avelshingstar
486 1349 47 20 av
560 1338 247 36 ardennerras,
836 1338 84 31 från
946 1337 123 31 vilken
1097 1336 97 37 fond,
1222 1346 76 21 som
1326 1336 93 31 skall
1448 1335 177 32 förvaltas

117 1402 46 21 av
183 1391 270 35 statskontoret,
473 1390 153 31 statslån
647 1390 59 30 må
727 1390 12 30 i
761 1390 85 30 mån
865 1400 45 20 av
932 1388 156 37 tillgång
1108 1388 158 31 tilldelas
1288 1387 335 37 hushållningssäll-

117 1443 99 36 skap,
240 1452 77 21 som
339 1442 179 31 förklarat
543 1442 54 36 sig
622 1441 122 36 villigt
769 1442 54 30 att
847 1441 97 30 inom
968 1440 215 36 sällskapets
1207 1439 145 31 område
1376 1439 165 31 utlämna
1564 1439 61 30 lån

117 1495 56 31 för
195 1494 110 36 inköp
330 1503 47 21 av
399 1493 266 36 avelshingstar
689 1502 46 21 av
758 1492 238 31 ardennerras
1018 1491 65 31 och
1105 1491 98 31 inom
1225 1500 85 28 vars
1331 1490 145 31 område
1500 1490 123 31 arden-

116 1546 148 31 neravel
287 1545 165 31 bedrives
476 1545 93 30 samt
595 1543 90 38 goda
707 1543 307 36 förutsättningar
1039 1542 123 31 finnas
1187 1542 56 31 för
1267 1541 113 32 sådan
1403 1542 95 34 avel;

155 1596 37 37 b)
216 1596 220 37 bemyndiga
461 1595 135 38 Kungl.
623 1595 110 36 Maj:t
760 1596 65 35 att,
859 1595 4 30 i
890 1593 244 38 huvudsaklig
1161 1593 355 32 överensstämmelse
1543 1594 81 31 med

117 1649 70 32 vad
209 1647 395 38 departementschefen
626 1646 191 36 tillstyrkt,
842 1645 149 32 utfärda
1011 1645 241 37 erforderliga
1274 1645 268 31 bestämmelser
1567 1645 56 31 för

117 1700 208 33 erhållande
349 1700 64 31 och
437 1697 327 39 tillgodonjutande
789 1708 45 21 av
858 1697 61 32 lån
943 1707 43 21 ur
1010 1696 283 38 ifrågavarande
1318 1696 101 35 fond;

156 1751 33 36 ec)
213 1752 178 37 medgiva,
415 1752 54 30 att
493 1750 134 37 Kungl.
652 1750 111 36 Maj:t
785 1750 58 30 må
867 1749 113 31 under
1003 1748 214 37 budgetåret
1242 1747 172 36 1931/1932
1441 1748 83 31 från
1548 1748 74 31 fon-

117 1805 68 31 den
208 1804 138 36 bevilja
370 1803 61 31 lån
454 1802 99 31 intill
576 1803 51 30 ett
651 1801 127 37 belopp
803 1811 47 21 av
872 1800 128 36 200,000
1022 1801 147 34 kronor;

157 1855 35 36 d)
217 1856 119 30 såsom
359 1854 139 37 kapital
526 1853 54 31 för
605 1853 158 31 nämnda
788 1852 87 31 fond
900 1852 55 31 för
980 1851 214 37 budgetåret
1220 1850 172 36 1931/1932
1419 1852 128 31 anvisa
1571 1853 51 30 ett

116 1906 372 36 reservationsanslag
512 1915 46 21 av
580 1904 129 36 200,000
730 1905 142 30 kronor.

158 1959 18 30 I
199 1956 136 36 Kungl.
357 1955 129 36 Maj:ts
510 1954 236 32 förevarande
770 1953 279 36 framställning,
1073 1963 74 21 som
1172 1954 161 36 grundar
1357 1954 55 36 sig
1434 1956 47 34 på
1504 1956 49 30 ett
1576 1965 45 20 av

116 2008 398 36 stuteriöverstyrelsen
533 2007 146 37 avgivet
701 2007 135 35 förslag
855 2007 12 29 i
886 2007 130 34 ämnet,
1035 2006 96 30 hava
1151 2005 41 31 de
1212 2016 46 20 av
1279 2006 343 36 departementsche-

118 2063 61 30 fen
205 2060 189 32 förordade
418 2059 185 31 allmänna
624 2058 180 30 villkoren
826 2058 64 30 och
914 2057 317 31 bestämmelserna
1256 2057 55 31 för
1336 2057 61 31 lån
1421 2067 44 20 ur
1490 2057 133 37 ifråga-

116 2113 159 31 varande
298 2112 86 30 fond
406 2112 140 30 kunnat
569 2110 277 31 sammanfattas
870 2108 165 31 sålunda:

158 2167 94 31 Från
265 2165 125 32 fonden
403 2166 57 30 må
473 2164 145 31 statslån
635 2164 12 30 i
660 2164 82 30 mån
754 2172 44 21 av
809 2162 149 36 tillgång
973 2162 150 31 tilldelas
1134 2163 408 36 hushållningssällskap,
1552 2173 69 21 som

114 2220 171 32 förklarat
300 2219 53 35 sig
365 2218 119 35 villigt
495 2218 51 29 att
559 2217 93 30 inom
666 2216 202 35 sällskapets
880 2215 138 31 område
1031 2216 158 30 utlämna
1201 2216 59 29 lån
1274 2216 53 29 för
1339 2216 106 35 inköp
1460 2226 45 20 av
1517 2216 107 30 avels-

114 2272 158 36 hingstar
300 2281 46 20 av
370 2270 224 30 ardennerras
617 2268 61 30 och
703 2269 94 29 inom
823 2277 79 21 vars
925 2267 136 30 område
1085 2267 248 31 ardenneravel
1357 2268 157 30 bedrives
1538 2270 86 28 samt

115 2323 87 36 goda
225 2322 292 34 förutsättningar
534 2320 115 30 finnas
667 2320 53 30 för
737 2319 105 31 sådan
858 2319 87 30 avel.
971 2319 419 36 Hushållningssällskap,
1409 2329 73 20 som
1500 2319 124 31 önskar

114 2375 133 30 erhålla
285 2374 156 34 statslån,
482 2373 58 29 må
578 2371 118 31 därom
735 2371 54 30 till
829 2371 375 35 stuteriöverstyrelsen
1244 2371 120 36 ingiva
1399 2371 56 30 till
1492 2371 131 36 Kungl.

114 2427 101 35 Maj:t
243 2425 103 31 ställd
382 2425 161 30 ansökan.
592 2423 200 30 Inkommen
818 2423 152 30 ansökan
993 2423 216 30 överlämnas
1232 2433 45 20 av
1301 2424 324 36 stuteriöverstyrel-

115 2489 59 21 sen
209 2478 77 31 med
321 2479 74 35 eget
429 2476 180 32 utlåtande
643 2475 54 31 till
731 2475 132 36 Kungl.
888 2474 108 37 Maj:t.
1046 2475 151 35 Beviljat
1220 2475 146 31 statslån
1391 2475 167 31 utbetalas
1581 2486 44 21 av

1723 1135 59 38 [9.]
