2230 2626
400 187 19 30 2
605 186 237 33 Sammansatta
867 186 126 33 Banko-
1016 187 54 32 och
1094 187 233 42 Lagutskottets
1351 188 211 33 Betänkande
1586 189 59 32 N:o
1671 192 27 30 1.

493 265 41 35 af
558 264 88 36 herr
680 266 39 35 V.
749 266 44 35 L.
823 267 94 35 Moll
945 265 75 49 (n:o
1051 265 97 49 179),

496 315 70 49 1:o)
596 321 56 31 att
692 316 121 37 första
853 318 151 48 stycket
1040 318 41 36 af
1111 319 20 34 9
1161 317 20 49 $
1210 317 12 36 i
1251 318 182 49 förslaget
1462 319 56 37 till
1547 320 64 49 lag
1639 320 198 49 angående
1866 320 85 37 soli-

363 367 150 37 dariska
540 367 218 49 bankbolag
786 371 116 34 måtte
931 369 141 36 erhålla
1099 369 168 49 följande
1295 369 160 49 lydelse:

489 419 244 49 »Bankbolag
761 420 95 36 skall
883 420 107 37 bestå
1019 421 40 35 af
1083 421 116 36 minst
1224 422 128 36 trettio
1380 421 346 51 hufvudlottägare.
1770 423 55 37 De
1846 424 104 36 skola

358 484 90 23 vara
493 471 162 36 svenska
697 471 262 49 medborgare.
1027 472 117 37 Dessa
1185 472 225 50 bolagsmän
1452 475 105 36 skola
1599 475 138 36 insätta
1777 474 173 50 bolagets

357 522 220 48 grundfond
619 522 66 37 och
731 536 159 24 ansvara
931 523 58 37 för
1026 524 266 49 uppfyllandet
1320 525 39 36 af
1384 526 72 36 alla
1483 526 173 48 bolagets
1684 526 265 48 förbindelser,

358 587 47 23 en
434 574 57 36 för
526 574 71 36 alla
625 574 71 36 och
724 575 72 36 alla
824 575 59 36 för
910 589 59 33 en,
999 575 96 37 dock
1123 576 86 36 med
1238 575 72 38 den
1337 577 282 49 inskränkning
1647 583 54 31 att
1728 579 223 48 uttaxering

358 626 57 35 till
456 625 169 49 fyllande
667 626 41 35 af
732 626 135 36 brist
853 621 24 61 i
895 626 170 50 bolagets
1093 627 210 50 tillgångar
1330 629 33 48 ej
1393 629 60 36 för
1481 632 127 46 någon
1638 630 70 36 lott
1736 632 60 34 må
1825 630 124 37 öfver-

357 678 102 48 stiga
488 680 65 33 två
580 680 148 46 gånger
757 678 140 37 lottens
925 679 174 49 belopp»;

488 728 71 49 2:0)
602 733 54 32 att
699 731 45 34 79
788 729 20 50 &
845 730 11 36 i
889 730 114 48 lagen
1032 731 197 49 angående
1258 731 222 37 solidariska
1507 732 220 49 bankbolag
1754 733 195 37 äfvensom

358 782 44 34 72
445 780 21 49 $
509 780 11 36 i
553 780 114 49 lagen
702 781 198 48 angående
929 782 321 49 bankaktiebolag
1278 786 115 33 måtte
1422 783 141 37 erhålla
1591 784 166 48 följande
1784 785 163 48 lydelse:

481 832 104 36 »Den
626 832 40 36 af
704 833 219 49 Konungen
961 834 226 36 förordnade
1221 834 346 50 bankinspektören
1596 841 84 43 äge,
1710 836 68 36 där
1805 837 75 35 han
1909 840 40 33 så

354 883 155 49 pröfvar
552 883 146 49 nödigt,
742 885 270 36 sammankalla
1054 886 198 49 styrelsen.
1306 886 152 36 Jämväl
1495 889 60 34 må
1582 887 365 50 bankinspektören,

353 937 48 47 på
427 935 176 49 uppdrag
631 935 41 36 af
687 936 135 36 chefen
842 937 58 36 för
919 937 439 49 finansdepartementet,
1380 938 273 37 sammankalla
1673 944 108 32 extra
1795 940 152 48 bolags-

354 991 172 42 stämma,
569 987 67 35 där
677 988 189 47 styrelsen
891 988 83 37 icke
1004 989 270 37 efterkommer
1302 989 39 36 af
1365 990 140 36 honom
1536 990 212 37 framställd
1777 991 170 48 begäran

354 1051 60 23 om
442 1038 229 36 utfärdande
700 1038 41 36 af
766 1039 156 37 kallelse
950 1040 59 35 till
1037 1041 115 35 sådan
1181 1046 169 31 stämma.
1398 1041 360 50 Bankinspektören
1779 1046 60 33 må
1859 1048 86 31 när-

353 1103 90 23 vara
484 1089 64 37 vid
586 1089 297 49 bolagsstämma
918 1091 70 37 och
1025 1091 64 36 vid
1127 1092 40 36 af
1193 1092 139 37 honom
1356 1093 121 48 utlyst
1505 1094 441 48 styrelsesammanträde

353 1146 96 31 samt
477 1141 12 36 i
517 1141 391 49 öfverläggningarna
937 1143 192 48 deltaga»;

483 1193 73 48 3:0)
587 1197 54 32 att
668 1193 186 49 förslaget
873 1194 56 36 till
949 1194 64 49 lag
1032 1195 198 48 angående
1250 1195 455 50 industriförlagsbanker
1724 1197 85 37 icke
1828 1200 119 34 måtte

353 1244 40 36 af
417 1244 218 49 Riksdagen
663 1244 165 46 bifallas;
858 1251 97 31 samt

483 1298 77 48 4:0)
589 1301 55 31 att
671 1296 75 36 den
770 1296 12 36 i
810 1297 281 37 ofvannämnda
1118 1298 120 37 under
1269 1299 49 47 1),
1348 1299 47 49 2),
1426 1299 36 49 4)
1492 1301 71 36 och
1592 1300 36 49 5)
1649 1305 197 45 upptagna
1864 1301 81 49 lag-

352 1347 143 49 förslag
537 1348 197 36 bestämda
761 1348 105 37 tiden
894 1349 59 36 för
979 1349 289 49 ifrågavarande
1296 1351 127 49 lagars
1451 1352 183 36 trädande
1663 1352 12 35 i
1703 1353 102 35 kraft
1833 1353 112 36 fram-

352 1399 130 48 flyttas
510 1399 59 36 till
597 1399 73 36 den
701 1402 17 33 1
745 1399 151 49 januari
927 1402 115 43 1906;

482 1451 40 36 af
546 1453 203 35 densamme
778 1452 81 48 (N:r
889 1452 100 49 180),

484 1502 70 49 1:o)
585 1508 54 31 att
668 1505 21 35 8
720 1502 20 50 $
769 1503 13 36 i
810 1504 184 49 förslaget
1034 1504 57 37 till
1123 1505 65 49 lag
1221 1506 198 48 angående
1449 1506 218 38 solidariskt
1694 1508 250 48 bankbolags,

352 1553 342 50 bankaktiebolags
723 1555 71 36 och
822 1556 209 49 sparbanks
1059 1556 170 38 konkurs
1259 1561 117 33 måtte
1409 1558 142 37 erhålla
1584 1559 166 49 följande
1783 1560 160 48 lydelse:

480 1606 133 36 »Visar
641 1607 60 47 sig
728 1606 65 37 vid
821 1607 73 37 den
923 1608 217 48 värdering,
1169 1609 156 36 hvarom
1355 1609 11 36 i
1396 1611 20 35 6
1447 1610 21 49 $
1496 1615 100 43 sägs,
1618 1611 92 36 eller
1730 1611 215 37 sedermera

351 1658 122 36 under
513 1658 240 36 konkursens
795 1659 192 49 fortgång,
1021 1665 55 31 att
1103 1660 177 49 bolagets
1307 1661 206 49 tillgångar
1540 1662 83 36 icke
1652 1663 115 37 förslå
1794 1663 58 36 till
1879 1662 64 37 be-

351 1709 186 36 täckande
567 1709 40 36 af
629 1709 175 49 bolagets
831 1711 124 36 kända
987 1711 90 48 gäld
1100 1712 122 48 jämte
1250 1713 254 36 kostnaderna
1532 1714 58 36 för
1609 1714 109 37 boets
1737 1714 208 49 utredning

353 1761 69 35 och
450 1761 312 37 konkurssakens
792 1762 244 49 behandling,
1066 1764 106 36 skola
1199 1764 100 48 gode
1327 1769 165 32 männen
1521 1765 92 36 eller
1641 1766 302 49 sysslomännen,

352 1812 85 36 med
479 1812 246 49 iakttagande
767 1814 42 35 af
845 1814 73 36 den
954 1814 12 36 i
995 1817 20 34 9
1045 1814 20 50 $
1094 1815 42 36 af
1159 1815 64 49 lag
1252 1817 196 48 angående
1478 1817 221 37 solidariska
1726 1818 219 48 bankbolag

351 1863 57 36 för
455 1864 236 48 lottägarnes
738 1865 247 50 ansvarighet
1032 1867 183 48 stadgade
1263 1867 293 50 inskränkning,
1608 1869 273 49 ofördröjligen
1924 1873 20 33 å

351 1915 373 49 hufvudlottägarne,
749 1916 12 37 1
789 1917 235 37 förhållande
1052 1918 56 36 till
1137 1919 65 36 det
1221 1919 102 36 antal
1341 1920 115 36 lotter
1476 1933 48 23 en
1543 1921 96 36 hvar
1659 1921 40 36 af
1716 1921 85 37 dem
1822 1921 122 48 enligt

351 1966 293 49 förteckningen
674 1969 107 36 öfver
809 1969 173 49 bolagets
1011 1970 178 49 delägare
1218 1971 171 47 innehar,
1419 1977 174 31 uttaxera
1613 1973 65 36 det
1696 1972 59 37 till
1775 1973 168 49 fyllande

351 2018 41 35 af
428 2018 147 38 bristen
602 2019 12 35 i
643 2019 174 49 bolagets
850 2021 206 48 tillgångar
1083 2022 251 49 erforderliga
1364 2023 137 49 belopp
1525 2024 122 48 jämte
1675 2037 46 24 en
1750 2024 193 37 tiondedel

350 2069 232 38 därutöfver.
637 2064 55 43 År
720 2074 128 46 någon
876 2073 41 35 af
931 2072 364 50 hufvudlottägarne
1315 2075 214 48 veterligen
1553 2075 13 36 i
1585 2075 356 47 konkurstillstånd,

349 2120 94 36 skall
472 2122 272 49 uttaxeringen
774 2123 67 37 ske
871 2123 159 37 allenast
1058 2127 21 33 å
1109 2125 123 48 öfrige
1260 2126 372 48 hufvudlottägare»;
1663 2132 97 31 samt

479 2173 73 48 2:0)
582 2178 55 31 att
665 2174 74 37 den
767 2174 12 36 i
807 2176 278 36 ofvannämnda
1112 2177 123 36 under
1264 2176 126 50 6)—8)
1420 2183 198 44 upptagna
1646 2178 211 49 lagförslag
1876 2178 64 37 be-

349 2224 146 36 stämda
536 2224 105 37 tiden
683 2226 59 35 för
775 2226 292 49 ifrågavarande
1095 2227 129 49 lagars
1248 2228 182 37 trädande
1459 2229 11 36 i
1499 2229 102 36 kraft
1629 2230 227 49 framflyttas
1883 2230 58 36 till

349 2275 73 36 den
454 2278 17 33 1
500 2275 150 49 januari
681 2278 115 45 1906;
