2208 2626
437 179 40 31 64
639 181 238 32 Sammansatta
905 182 121 32 Banko-
1050 184 54 31 och
1128 185 234 42 Lagutskottets
1388 187 204 33 Betänkande
1616 189 62 32 N:o
1704 192 27 30 1.

568 259 128 40 Kungl.
722 261 117 39 Maj:ts
860 262 143 40 förslag.
1419 265 174 33 Utskottets
1617 270 142 39 förslag.

394 309 196 48 angående
632 310 217 38 solidariskt
889 312 250 51 bankbolags,
1183 315 342 52 bankaktiebolags
1553 319 71 37 och
1653 321 212 48 sparbanks
1893 322 94 37 kon-

395 360 90 37 kurs
513 361 158 49 stadgas
699 364 159 36 rörande
888 365 217 38 solidariskt
1132 367 230 50 bankbolag.

1137 489 46 35 10
1211 488 32 49 8.

510 568 17 37 I
554 569 110 37 firma
693 570 59 36 för
779 571 230 50 bankbolag,
1038 573 114 37 hvars
1180 574 221 48 grundfond
1429 577 35 49 ej
1493 578 245 49 understiger
1766 593 47 23 en
1838 580 146 38 million

390 620 152 49 kronor,
583 620 109 38 skola
732 621 88 51 ingå
854 624 117 37 orden
1004 624 148 38 enskild
1181 626 113 37 bank.
1351 626 123 39 Sådan
1503 629 107 37 firma
1640 633 60 34 må
1729 631 33 49 ej
1793 632 42 36 af
1860 646 124 24 annan

390 671 208 50 begagnas.

516 724 252 50 Understiger
791 726 237 50 bankbolags
1046 729 220 47 grundfond
1286 743 47 24 en
1353 731 144 38 million
1518 732 152 50 kronor,
1692 734 95 36 skall
1808 735 176 50 bolagets

388 776 109 36 firma
525 776 193 37 innehålla
746 778 107 37 ordet
882 778 195 38 folkbank.

517 827 44 50 Ej
605 831 62 34 må
708 829 150 37 enskild
900 844 88 23 man
1030 832 92 37 eller
1164 846 124 24 annan
1317 835 149 36 enskild
1494 837 412 50 penningeinrättning
1934 844 48 32 än

388 878 125 50 bolag,
542 880 158 37 hvarom
730 881 12 36 i
770 881 125 37 denna
921 882 66 49 lag
1014 883 190 49 förmäles,
1230 891 96 31 samt
1353 887 192 49 sparbank
1570 889 71 37 och
1661 889 322 51 bankaktiebolag

387 930 12 36 i
429 930 58 37 sin
515 931 108 37 firma
652 933 174 37 använda
854 934 111 37 ordet
992 934 112 38 bank.

515 983 246 49 Bankbolags
802 984 105 38 firma
936 986 97 37 skall
1060 988 144 49 tydligt
1232 989 112 49 skilja
1372 990 60 49 sig
1460 991 84 37 från
1572 1005 126 24 annan
1727 993 99 36 förut
1853 993 11 36 i
1892 993 90 50 laga

387 1034 164 49 ordning
590 1035 244 50 registrerad,
877 1042 103 32 ännu
1020 1038 205 38 bestående
1267 1041 118 48 firma,
1420 1045 40 34 så
1488 1043 70 37 ock
1586 1044 83 36 från
1698 1044 235 50 benämning
1961 1048 20 33 å

389 1085 178 38 utländsk
592 1087 326 50 bankinrättning,
948 1103 80 23 som
1057 1095 41 32 är
1126 1091 158 38 allmänt
1312 1093 99 37 känd
1441 1094 68 37 här
1536 1094 11 36 i
1576 1095 110 37 riket.

1131 1196 43 35 11
1207 1195 32 49 8.

511 1277 281 37 Grundfonden
821 1278 96 36 skall
945 1279 165 37 fördelas
1140 1280 12 35 i
1181 1280 114 37 lotter
1323 1284 21 33 å
1371 1281 78 38 lika
1478 1283 148 49 belopp.

509 1328 112 37 Hvad
649 1332 48 47 på
725 1330 124 48 grund
877 1330 43 37 af
942 1330 184 50 teckning
1154 1332 42 36 af
1221 1332 70 36 lott
1320 1333 97 37 skall
1445 1334 185 37 inbetalas
1659 1338 61 34 må
1748 1336 33 48 ej
1812 1336 165 38 bestäm-

383 1392 81 24 mas
491 1379 58 37 till
575 1380 110 49 lägre
714 1381 137 49 belopp
879 1386 49 32 än
957 1382 75 48 det,
1060 1383 119 36 hvarå
1206 1384 120 37 lotten
1355 1385 98 37 skall
1481 1386 99 49 lyda.

510 1432 182 37 Banklott
719 1446 89 23 vare
837 1439 79 30 mot
943 1432 154 50 bolaget
1125 1435 166 37 odelbar.

510 1483 104 38 Skall
642 1484 273 49 grundfonden
938 1485 140 48 kunna,
1098 1492 94 31 utan
1213 1488 163 49 ändring
1395 1489 12 36 i
1426 1489 364 50 bolagsordningen,
1812 1491 165 37 bestäm-

380 1549 81 23 mas
498 1535 57 37 till
583 1536 108 48 lägre
720 1536 92 37 eller
839 1537 121 49 högre
989 1537 150 50 belopp,
1169 1541 61 34 må
1257 1540 126 49 lägsta
1411 1540 176 51 beloppet
1616 1541 360 51 (minimikapitalet)

382 1588 34 48 ej
446 1592 138 43 utgöra
613 1587 147 37 mindre
789 1593 47 32 än
864 1588 145 37 hälften
1038 1589 41 37 af
1101 1590 142 49 högsta
1270 1591 179 50 beloppet
1476 1592 381 52 (maximikapitalet).

1125 1696 46 34 12
1200 1694 33 50 8.

507 1768 33 46 Å
568 1778 167 36 lotterna
762 1778 107 37 skola
896 1779 171 37 utfärdas
1096 1780 94 48 bref,
1220 1781 232 49 angifvande
1481 1782 359 50 ordningsnummer
1859 1787 21 34 å
1900 1784 73 37 den

380 1829 93 36 eller
502 1829 45 37 de
575 1829 126 47 lotter,
730 1830 116 37 hvarå
874 1831 46 36 de
949 1831 98 48 lyda.
1104 1832 180 37 Lottbref
1307 1834 97 35 skall
1433 1834 127 37 ställas
1588 1834 58 37 till
1674 1835 77 36 viss
1779 1849 97 24 man.

1125 1937 46 34 13
1201 1935 32 50 8.

503 2019 54 37 Af
580 2019 272 48 grundfonden
880 2020 107 37 skola
1014 2020 186 37 inbetalas
1228 2022 116 36 minst
1374 2024 108 48 tjugu
1512 2029 169 44 procent,
1711 2024 114 38 innan
1850 2025 121 36 bank-

375 2069 114 50 bolag
516 2076 148 44 öppnar
692 2070 59 37 sin
778 2071 153 48 rörelse,
959 2071 225 50 ytterligare
1213 2073 116 38 minst
1355 2075 113 49 tjugu
1496 2080 159 44 procent
1682 2076 102 36 inom
1813 2082 56 31 tre
1895 2080 76 33 må-

375 2122 118 36 nader
532 2122 71 37 och
645 2123 216 37 återstoden
902 2124 103 36 inom
1046 2126 80 34 åtta
1160 2126 180 36 månader
1367 2127 85 36 från
1481 2127 222 49 öppnandet
1731 2128 41 37 af
1796 2128 174 49 bolagets

374 2173 152 37 rörelse.

502 2225 121 36 Innan
664 2226 157 49 bolaget
860 2227 244 49 registrerats
1146 2228 70 36 och
1256 2229 265 48 grundfonden
1551 2229 126 37 blifvit
1704 2231 58 36 till
1791 2231 92 37 fullo
1912 2231 56 38 in-

372 2276 140 49 betald,
541 2279 60 34 må
630 2277 162 37 lottbref
816 2279 33 48 ej
880 2278 183 49 utgifvas.
