1888 2858
317 162 18 30 6
615 165 419 39 Bevillningsutskottets
1061 171 224 33 betänkande
1312 174 51 31 Nr
1392 175 28 29 1.

1179 250 38 30 1
1237 249 29 37 $.

714 307 20 29 2
754 315 104 22 mom.
899 307 218 33 Underlåter
1137 311 121 36 någon
1281 314 55 29 att
1356 312 96 32 inom
1474 313 226 34 föreskriven
1721 316 53 31 tid

672 356 173 33 avlämna
870 358 113 32 sådan
1008 360 157 37 uppgift,
1191 371 77 22 som
1292 363 14 31 i
1331 363 18 31 3
1376 362 18 38 $
1420 365 239 38 omförmäles,
1686 367 88 32 eller

673 409 171 31 avlämna
861 410 113 31 sådan
993 411 147 38 uppgift
1158 413 88 31 eller
1262 415 133 32 sådant
1412 416 109 37 bevis,
1540 427 127 22 varom
1684 419 13 31 i
1716 419 19 31 8
1755 418 19 36 $

671 462 93 34 sägs,
783 460 80 33 böte
881 461 50 32 tio
951 462 132 32 kronor
1103 464 56 31 för
1177 465 104 37 varje
1299 465 80 38 dag,
1400 468 193 37 uppgiften
1612 469 88 33 eller
1717 471 57 31 be-

673 511 92 33 viset
786 513 192 37 utebliver;
1011 514 65 32 och
1108 518 86 34 äger
1224 516 337 40 kontrollstyrelsen
1591 521 183 36 därjämte

672 571 127 28 genom
816 565 174 37 lämpliga
1007 566 101 32 viten
1124 567 159 32 tillhålla
1298 568 70 33 den
1386 571 212 37 försumlige
1613 575 55 30 att
1686 583 87 27 upp-

672 614 92 37 fylla
794 616 56 31 sin
878 616 218 38 skyldighet.
1134 619 75 32 Där
1240 622 342 37 omsättningsskatt
1612 624 34 37 ej
1675 624 98 32 inom

672 666 154 37 stadgad
847 668 55 32 tid
923 679 47 21 av
991 669 373 40 detaljhandelsbolag
1386 673 188 39 inbetalas,
1596 676 88 32 eller
1704 677 68 32 där

672 717 153 38 stadgad
846 719 204 38 insättning
1071 731 48 22 av
1138 723 366 38 utskänkningsskatt
1525 727 34 36 ej
1580 727 95 33 skett
1695 728 77 32 före

671 772 184 35 utgången
872 782 47 21 av
935 773 178 32 månaden
1127 776 84 30 näst
1227 775 94 31 efter
1336 775 79 38 den,
1431 778 116 31 under
1566 779 120 32 vilken
1701 779 71 32 den

669 822 225 37 myckenhet,
923 824 56 31 för
1007 824 121 32 vilken
1153 826 148 32 skatten
1329 829 131 36 utgått,
1489 829 107 32 blivit
1623 831 148 34 försåld,

670 874 58 30 må
753 873 145 33 skatten
921 877 159 31 utmätas
1102 878 81 31 med
1204 877 62 33 det
1289 879 136 37 belopp,
1448 881 127 32 vartill
1599 882 171 33 kontroll-

669 926 177 35 styrelsen
879 927 92 31 efter
1015 928 197 32 verkställd
1254 931 271 39 undersökning
1570 934 201 32 fastställer

667 976 220 33 densamma.

307 1076 18 31 I
357 1078 197 37 anledning
586 1089 45 21 av
661 1079 102 32 vad
751 1072 25 54 i
794 1080 135 38 Kungl.
960 1081 130 37 Maj:ts
1121 1083 239 34 förevarande
1389 1087 224 35 proposition
1640 1089 130 31 samt
1747 1072 28 54 i

265 1127 179 33 motionen
465 1129 33 32 I:
512 1130 60 31 246
594 1130 205 38 föreslagits
822 1133 151 32 rörande
997 1134 146 32 fortsatt
1164 1135 231 38 tillämpning
1418 1138 113 31 under
1554 1135 215 46 budgetåret

267 1178 168 42 1932/1933
455 1191 48 21 av
523 1181 261 38 förordningen
804 1183 71 32 den
894 1185 19 30 8
932 1185 80 36 juni
1034 1186 78 31 1923
1135 1185 57 36 (nr
1212 1186 73 37 155)
1307 1189 186 36 angående
1514 1186 254 46 omsättnings-

266 1231 66 32 och
357 1232 364 39 utskänkningsskatt
750 1236 22 30 å
797 1235 250 38 spritdrycker
1070 1237 160 33 kommer
1255 1239 174 33 utskottet
1455 1242 57 31 att
1538 1242 135 37 avgiva
1698 1245 71 34 ytt-

269 1283 111 32 rande
399 1285 12 30 i
430 1287 115 30 annat
574 1286 271 37 sammanhang,
875 1287 114 32 vilket
1019 1289 173 33 utskottet
1222 1290 149 33 härmed
1402 1292 58 31 får
1491 1293 57 31 för
1578 1293 193 38 riksdagen

668 1372 157 32 anmäla.

309 1465 203 32 Stockholm
534 1467 68 31 den
623 1467 37 31 27
682 1467 146 36 januari
849 1468 87 31 1932.

667 1570 53 31 På
741 1570 412 38 bevillningsutskottets
1174 1577 154 34 vägnar:

850 1682 101 33 JOH.
975 1683 210 33 NILSSON.

261 1940 196 24 Närvarande:
476 1941 99 23 herrar
594 1941 112 23 Nilsson
726 1942 9 22 i
756 1941 195 28 Kristianstad,
973 1942 77 31 Bärg,
1071 1939 82 32 Örne,
1167 1944 118 25 Boman,
1302 1944 143 31 Bergman,
1461 1946 165 30 Björnsson,
1641 1939 125 35 Åström,

477 1984 124 31 Lövgren
630 1985 8 22 i
666 1984 124 31 Nyborg,
819 1984 100 25 Olsson
947 1986 9 23 i
985 1986 121 28 Ramsta,
1137 1987 164 30 Björklund,
1331 1988 163 30 Litbander,
1524 1989 103 25 Olsson
1646 1992 9 22 i
1674 1990 92 26 Gävle,

478 2027 156 32 Forssberg,
653 2028 174 30 Wijkström,
848 2028 161 25 Andersson
1030 2030 8 22 i
1059 2029 82 25 Boda,
1162 2030 116 24 Ericson
1298 2032 8 22 i
1327 2031 142 29 Boxholm,
1491 2032 144 25 Anderson
1649 2035 9 22 i
1672 2034 94 24 Store-

476 2067 113 34 gården,
610 2070 117 29 Laurén,
749 2071 120 32 Heiding
888 2072 53 24 och
963 2072 145 32 Svedberg.

479 2496 111 21 320327,
627 2470 176 58 Stockholm,
826 2492 78 25 Isaac
925 2492 112 25 Marcus
1060 2493 375 34 Boktryckeri-Aktiebolag,
1462 2496 73 25 1932.
