2192 2626
385 180 21 28 4
890 181 238 42 Lagutskottets
1149 184 167 31 utlåtande
1338 185 52 31 Nr
1413 189 52 29 50.

388 268 125 45 öppen
553 265 99 48 plats
695 266 126 48 synlig
863 267 101 48 skylt
1005 268 88 36 eller
1120 274 116 30 annat
1264 269 256 38 kännetecken
1547 272 174 36 utmärka
1752 273 229 51 byggnaden

387 315 90 37 eller
504 315 230 49 lägenheten
762 320 120 34 såsom
911 319 115 36 hotell
1055 320 87 36 eller
1169 321 210 47 pensionat.

1142 421 20 49 $
1181 421 44 49 3.

487 486 78 36 Där
604 487 134 37 hotell-
780 489 88 35 eller
908 490 337 48 pensionatrörelse
1286 492 123 36 drives
1452 506 46 22 av
1534 494 124 48 bolag,
1689 495 176 50 förening
1892 499 89 35 eller

386 550 122 24 annan
546 539 268 49 samfällighet;
852 541 95 36 skall
976 541 133 36 sådant
1137 542 66 36 ske
1231 556 137 35 genom
1397 544 266 50 föreståndare,
1692 546 127 37 vilken
1847 554 41 30 är
1914 563 66 22 an-

384 590 128 48 svarig
554 591 76 35 för.
648 592 187 35 rörelsens
877 592 182 49 behöriga
1098 595 194 36 utövande
1333 609 79 23 som
1455 610 60 22 om
1557 597 75 36 han
1674 598 111 37 dreve
1821 599 72 36 den
1922 601 58 36 för

384 653 97 36 egen
520 642 174 49 räkning.
765 643 185 37 «Tillstånd
992 645 56 36 till
1074 646 186 37 rörelsens
1287 647 162 37 idkande
1477 648 109 37 sökes
1615 663 46 22 av
1690 650 70 36 och
1787 651 193 38 meddelas

383 692 58 36 för
481 693 295 48 föreståndaren,
818 696 70 35 och
928 696 70 36 har
1037 697 75 36 han
1144 703 55 31 att
1226 699 12 35 i
1266 699 108 48 fråga
1402 713 59 23 om
1491 701 264 49 ansökningen
1783 703 108 36 ställa
1919 704 62 49 sig

383 744 56 36 till
466 745 248 38 efterrättelse
743 747 72 36 vad
842 748 13 35 i
883 746 20 50 8
932 750 22 34 2
984 748 165 49 stadgas.

1136 851 16 49 8
1176 851 44 49 4.

484 916 137 37 Därest
649 917 59 36 för
735 917 180 38 drivande
944 932 46 23 av
1017 920 149 47 rörelse,
1195 934 126 23 varom
1350 921 12 36 i
1383 921 15 49 $
1426 924 18 34 1
1467 928 98 43 sägs,
1587 924 191 37 användes
1793 926 185 49 byggnad

383 967 89 37 eller
507 968 190 49 lägenhet,
731 983 81 23 som
839 971 207 37 innehåller
1072 971 113 49 högst
1213 972 84 48 fyra
1325 974 57 35 för
1408 979 146 43 gästers
1582 975 303 49 härbärgerande
1913 992 63 22 av-

382 1019 114 36 sedda
535 1034 95 33 rum,
673 1021 107 47 skall,
823 1021 66 37 där
928 1022 232 49 byggnaden
1201 1024 89 36 eller
1329 1025 226 49 lägenheten
1592 1027 81 37 icke
1700 1033 115 43 utgör
1842 1030 59 36 del
1930 1043 48 23 av

349 1104 9 10 »
380 1071 116 36 hotell
525 1072 89 36 eller
641 1073 199 48 pensionat
869 1087 45 23 av
942 1079 116 32 större
1078 1075 242 50 omfattning,
1341 1077 72 36 vad
1433 1078 12 35 i
1465 1077 21 49 $
1508 1080 21 33 2
1549 1084 40 30 är
1607 1079 154 49 stadgat
1780 1081 198 48 angående

380 1123 170 37 tillstånd
586 1124 57 36 till
676 1125 182 37 drivande
887 1138 46 24 av
961 1126 132 37 hotell-
1122 1128 91 35 eller
1239 1128 337 48 pensionatrörelse
1604 1131 82 36 icke
1715 1137 72 43 äga
1814 1133 163 49 tillämp-

379 1174 95 49 ning
502 1177 20 33 å
550 1176 176 36 rörelsen.
782 1176 45 49 Ej
859 1177 115 37 heller
1001 1179 93 35 skall
1115 1182 21 33 å
1156 1179 105 49 dylik
1280 1180 182 49 byggnad
1482 1182 88 36 eller
1589 1182 179 49 lägenhet
1787 1184 190 50 tillämpas

378 1226 72 36 vad
478 1226 12 36 i
519 1226 205 50 avdelning
751 1227 35 37 II
814 1230 12 34 i
854 1229 122 37 denna
1004 1230 133 49 stadga
1166 1236 42 31 är
1236 1231 56 37 till
1320 1232 120 49 skydd
1469 1239 78 31 mot
1575 1234 143 36 eldfara
1742 1235 231 38 föreskrivet.

378 1276 18 37 I
436 1278 108 48 fråga
584 1292 60 22 om
684 1280 149 48 rörelse,
871 1294 81 23 som
979 1281 12 36 i
1020 1282 122 36 denna
1168 1284 181 48 paragraf
1373 1298 118 34 avses,
1521 1285 105 37 skola
1652 1286 82 37 icke
1761 1287 115 37 heller
1903 1288 74 36 till-

378 1330 145 48 lämpas
564 1330 45 36 de
649 1331 13 35 i
698 1330 204 54 avdelning
941 1333 55 36 III
1036 1334 12 35 i
1088 1334 124 36 denna
1252 1336 134 48 stadga
1412 1336 216 38 meddelade
1656 1338 231 38 föreskrifter
1914 1353 61 23 om

379 1381 164 36 kontroll
579 1387 89 31 över
702 1383 168 49 resande,
898 1389 105 32 utom
1031 1386 11 35 i
1069 1385 73 37 vad
1170 1387 165 36 nämnda
1362 1388 230 37 föreskrifter
1617 1389 99 37 hava
1744 1391 182 37 avseende
1955 1395 21 33 å

378 1433 250 49 utlänningar.

480 1484 121 37 Innan
643 1486 138 37 rörelse
809 1486 12 36 i
848 1487 183 49 byggnad
1060 1489 88 36 eller
1175 1489 189 50 lägenhet,
1392 1504 130 23 varom
1550 1492 12 36 i
1591 1493 226 48 föregående
1844 1494 132 49 stycke

379 1541 100 43 sägs,
521 1537 138 49 börjas,
688 1537 96 37 skall
813 1540 174 35 anmälan
1016 1540 128 37 därom
1172 1546 114 44 göras
1319 1543 66 36 hos
1417 1549 188 32 närmaste
1638 1545 335 50 polismyndighet.

1135 1642 21 49 8
1184 1646 35 34 5.

480 1707 82 36 Vad
591 1708 10 36 i
631 1708 123 37 denna
779 1708 134 50 stadga
933 1710 224 38 föreskrives
1179 1713 193 48 angående
1386 1712 136 38 hotell-
1542 1716 69 35 och
1632 1717 342 47 pensionatrörelse

379 1763 90 44 äger
496 1759 81 37 icke
604 1760 12 35 i
645 1760 202 37 allmänhet
866 1761 240 50 tillämpning
1124 1766 20 33 å
1163 1764 152 48 rörelse,
1334 1765 123 37 vilken
1480 1766 121 37 drives
1621 1770 126 34 såsom
1766 1769 207 48 gästgiveri

378 1813 48 46 på
454 1815 74 32 sätt
557 1811 128 36 därom
714 1813 152 36 särskilt
894 1819 41 30 är
962 1814 160 49 stadgat.
1160 1815 140 37 Finner
1318 1818 332 49 polismyndighet,
1672 1825 56 31 att
1746 1821 227 48 gästgiveri-

376 1862 138 36 rörelse
542 1862 123 37 drives
693 1864 120 37 under
840 1865 139 37 sådana
1006 1866 272 49 förhållanden,
1306 1874 56 30 att
1389 1869 72 37 den
1488 1871 199 48 rätteligen
1721 1876 40 31 är
1793 1877 54 31 att
1880 1886 94 23 anse

378 1916 123 33 såsom
530 1914 131 37 hotell-
691 1915 87 37 eller
805 1917 336 48 pensionatrörelse
1169 1932 48 23 av
1245 1919 114 37 sådan
1386 1920 257 38 beskaffenhet
1672 1928 67 41 att,
1761 1924 117 48 enligt
1898 1925 73 35 vad

378 1978 96 23 ovan
502 1970 41 32 är
570 1966 164 50 stadgat,
763 1968 57 36 till
848 1968 85 37 dess
961 1970 189 36 utövande
1178 1971 185 37 erfordras
1391 1973 150 36 särskilt
1569 1974 183 48 tillstånd,
1772 1975 67 37 har
1857 1976 115 49 polis-

377 2017 271 49 myndigheten
689 2024 56 31 att
786 2019 128 37 därom
955 2026 94 43 göra
1089 2022 174 37 anmälan
1303 2024 68 36 hos
1400 2025 139 48 Kungl.
1569 2026 127 48 Maj:ts
1725 2027 248 49 befallnings-

377 2068 182 49 havande,
598 2083 93 35 som,
729 2071 68 36 där
833 2074 41 34 så
909 2078 137 43 prövas
1074 2073 146 50 nödigt,
1263 2074 66 37 har
1368 2081 56 31 att
1453 2077 236 49 förständiga
1717 2079 254 36 innehavaren

377 2125 55 31 att
458 2120 57 36 till
543 2121 116 37 sådan
686 2123 138 36 rörelse
852 2124 92 36 söka
971 2125 167 36 tillstånd
1179 2129 48 46 på
1269 2132 74 31 sätt
1387 2128 11 36 i
1440 2127 21 49 $
1501 2131 20 33 2
1559 2130 166 49 stadgas,
1767 2131 62 36 vid
1859 2135 113 32 även-

376 2176 73 44 tyr,
480 2186 60 22 om
569 2173 135 37 sådant
732 2174 224 49 underlåtes,
987 2182 54 31 att
1068 2176 143 50 Kungl.
1241 2178 126 49 Maj:ts
1387 2179 405 51 befallningshavande
1811 2182 62 36 vid
1893 2183 78 36 vite

376 2223 77 37 helt
495 2224 87 36 eller
618 2225 118 37 delvis
763 2226 193 50 förbjuder
986 2229 187 37 rörelsens
1201 2230 130 37 vidare
1358 2232 188 37 utövande
1573 2233 95 36 intill
1698 2234 84 36 dess
1812 2234 161 49 föreläg-

376 2275 142 49 gandet
546 2276 203 50 fullgjorts.
