2184 2579
741 149 251 31 Statsutskottets
1022 146 172 32 Utlåtande
1218 148 59 29 N:o
1304 147 30 30 8.
1719 149 8 9 «
1764 140 40 31 63

229 232 280 51 penningarne,
533 229 254 49 hvarigenom
804 227 169 36 vikaries
990 225 252 38 anskaffande
1261 223 123 37 under
1401 222 294 49 tjenstledighet
1712 216 138 58 under-

212 284 197 48 lättades,
453 282 72 37 och
565 287 56 31 att
664 279 265 50 dagarfvoden
973 279 32 48 ej
1046 278 164 36 allenast
1241 275 227 48 bibehölles,
1500 280 92 30 utan
1614 273 147 49 jemväl
1792 278 58 30 nt-

232 336 189 38 sträcktes
465 334 157 48 derhän,
667 339 55 29 att
764 333 115 35 dessa
921 330 184 36 arfvoden
1136 329 131 36 kunde
1300 332 138 44 utgöra
1468 326 130 49 skälig
1627 325 222 48 ersättning

234 390 56 35 för
319 386 313 51 tjenstgöringen
662 391 105 30 utom
798 383 256 46 hemtrakten,
1085 381 159 36 hvilken
1275 378 269 51 tjenstgoring
1573 377 277 37 företrädesvis

233 453 92 24 vore
350 437 160 39 förenad
542 438 83 36 med
656 435 192 38 särekilda
877 434 161 49 utgifter
1067 433 70 37 och
1170 433 41 36 af
1235 445 104 24 mera
1373 429 290 49 ansträngande
1698 428 153 37 beskaf-

232 493 143 36 fenhet.
432 490 203 49 Styrelsen
679 488 102 37 hölle
826 487 198 48 nemligen
1062 486 92 46 före,
1186 490 54 31 att
1270 485 47 35 de
1348 483 269 48 krouojägare,
1648 494 82 23 som
1763 494 88 22 vore

234 544 176 37 anstälda
439 542 10 36 i
480 542 154 48 mycket
676 539 244 50 begränsade
957 539 70 35 och
1065 537 86 36 med
1181 536 163 37 boställe
1374 535 183 36 förenade
1590 533 262 48 bevaknings-

232 596 148 37 trakter
409 597 20 34 å
458 593 319 49 kronoparkerna
808 592 10 35 i
848 591 152 36 landets
1048 589 152 48 sydliga
1245 588 118 48 delar,
1406 586 129 37 kunde
1579 599 92 23 vara
1710 591 142 30 ersatta

236 648 85 36 med
366 660 48 22 nu
457 645 195 49 utgående
694 645 63 35 lön
801 646 75 34 400
919 643 142 35 kronor
1096 646 100 31 samt
1232 642 74 35 300
1336 640 143 36 kronor
1509 638 11 36 i
1551 636 301 50 tjenstgörings-

234 699 217 50 penningar
477 698 92 36 eller
598 697 12 35 i
640 696 68 36 allt
740 697 73 35 700
843 695 156 47 kronor,
1029 694 201 35 hvaremot
1260 693 58 46 de,
1350 705 81 23 som
1462 689 123 37 under
1613 690 114 47 långa
1755 689 99 35 tider

235 755 121 33 måste
378 754 20 32 å
419 750 83 36 från
532 749 172 36 hemmet
734 748 175 47 aflägsna
939 747 143 47 skogar
1111 744 148 37 biträda
1288 744 77 47 vid,
1395 743 85 36 leda
1507 742 92 36 eller
1628 742 126 36 utföra
1775 745 79 31 sär-

235 803 124 37 skilda
402 802 172 45 arbeten,
619 813 91 23 vore
753 800 9 35 i
811 798 118 37 behof
968 798 41 36 af
1047 810 47 23 en
1137 796 167 36 särskild
1349 794 264 49 godtgöreise.
1683 794 16 35 I
1743 793 110 47 fråga

236 868 59 23 om
340 854 117 36 sådan
501 852 252 49 godtgörelse
796 851 59 36 för
898 849 278 50 tjenstgöring,
1220 861 82 22 som
1347 846 134 36 kräfde
1526 845 206 36 bortovaro
1771 844 81 36 från

234 906 218 47 bemvistet,
483 905 98 35 hade
611 903 145 48 förslag
789 902 133 36 väckts
944 902 144 46 derom,
1111 907 55 29 att
1187 898 317 48 reseersättning,
1528 898 122 35 ehvru
1672 896 54 36 till
1751 896 103 36 olika

235 959 139 48 belopp
414 958 56 35 för
499 956 126 36 skilda
651 953 405 49 bevakningstrakter,
1087 952 124 36 skulle
1241 951 255 35 tillerkännas
1524 949 288 48 kronojägarne
1842 948 11 34 i

237 1010 113 36 södra
381 1008 160 49 Sverige
569 1008 140 35 liksom
741 1007 74 35 dei
835 1006 46 36 de
911 1018 112 23 norra
1052 1009 153 31 orterna
1233 1002 190 46 anstälda,
1442 1014 86 23 men
1549 1001 48 36 då
1613 1000 242 48 svårigheter

237 1062 124 36 skulle
388 1063 141 47 uppstå
558 1065 56 30 att
638 1064 77 31 rätt
744 1058 139 49 afväga
912 1057 112 36 dessa
1054 1054 274 49 ersättningar,
1359 1054 72 36 och
1459 1052 253 49 godtgörelse
1733 1051 122 48 enligt

238 1113 169 49 räkning
435 1112 40 36 af
500 1112 94 36 flera
623 1110 258 48 anledningar
910 1109 33 48 ej
976 1114 135 42 syntes
1132 1107 174 48 lämplig,
1330 1105 119 37 borde
1471 1104 270 48 ersättningen
1764 1103 90 36 fort-

237 1165 159 37 farande
425 1166 95 46 utgå
550 1163 97 36 efter
677 1161 114 37 enkel
821 1159 298 50 dagberäkning
1148 1158 58 36 för
1236 1158 46 36 de
1313 1157 113 47 tider,
1458 1157 47 36 då
1526 1156 99 37 efter
1639 1156 214 48 jägmästa-

239 1230 88 23 rens
371 1216 111 37 order
524 1214 283 49 kronojägaren
841 1211 258 50 tjenstgjorde
1130 1216 104 30 utom
1265 1210 259 36 hemtrakten.
1582 1207 272 36 Kostnaderna

240 1269 58 36 för
342 1267 294 37 fortskaffandet
664 1266 65 35 vid
758 1265 137 48 längre
925 1263 150 36 afstånd
1106 1262 87 36 med
1223 1262 88 36 häst
1339 1261 126 36 blefve
1495 1259 230 53 visserligen
1755 1259 99 36 deri-

239 1334 140 36 genom
410 1321 31 46 ej
472 1318 125 37 direkt
626 1322 157 42 ersatta,
810 1330 87 22 men
927 1316 108 35 torde
1062 1327 102 24 mera
1186 1313 120 37 sällan
1323 1313 253 36 förekomma.
1606 1312 127 35 Äfven
1754 1310 99 37 hade

241 1372 126 37 blifvit
410 1371 215 48 ifrågasatt,
669 1374 56 31 att
768 1368 265 48 dagarfvoden
1076 1366 123 36 skulle
1242 1365 202 47 borttagas
1474 1364 71 36 och
1574 1367 166 32 ersättas
1769 1362 86 36 med

239 1423 229 50 ytterligare
511 1421 226 49 förhöjning
766 1420 12 36 i
808 1422 74 34 dan
924 1420 100 35 fasta
1067 1418 234 48 aflöningen,
1346 1430 89 22 men
1477 1415 223 48 derigenom
1733 1415 121 47 ginge

240 1476 167 36 förlorad
449 1475 74 36 den
566 1486 146 36 sporre,
756 1485 82 23 som
874 1470 289 48 otvifvelaktigt
1191 1469 87 48 låge
1307 1469 54 35 uti
1394 1468 127 36 denna
1550 1466 219 49 ersättning
1798 1467 57 35 för

241 1528 74 36 den
358 1525 222 48 besvärliga
628 1523 318 49 tjenstgöringen
991 1528 103 30 utom
1118 1521 257 47 hemtrakten,
1408 1519 70 37 och
1507 1532 47 23 en
1585 1518 118 37 sådan
1733 1523 120 43 ytter-

240 1579 123 48 ligare
393 1577 228 49 förhöjning
649 1577 10 35 i
691 1577 73 35 den
794 1575 100 36 fasta
923 1574 234 47 aflöningen,
1188 1586 60 22 om
1279 1572 75 36 den
1385 1572 34 48 ej
1442 1571 127 36 blefve
1589 1570 77 36 lika
1687 1570 59 36 för
1767 1570 85 46 alla,

241 1630 151 37 hvilket
421 1642 91 24 vore
543 1627 228 49 obehöfligt,
802 1627 124 36 skulle
956 1626 118 36 blifva
1104 1628 89 33 svår
1222 1629 55 31 att
1306 1623 215 36 bestämma
1550 1622 87 36 med
1667 1621 187 48 tillbörlig

241 1681 274 49 noggrannhet
559 1680 98 36 efter
699 1678 340 49 tjenstgöringens
1082 1682 123 30 större
1249 1675 94 36 eller
1372 1674 149 37 mindre
1553 1673 299 50 beqvämlighet.

241 1734 60 36 En
331 1733 165 49 befogad
524 1731 245 48 invändning
798 1736 79 30 mot
904 1729 177 49 grunden
1113 1728 58 36 för
1201 1727 287 49 dagarfvodens
1517 1726 194 48 utgående
1732 1725 123 48 enligt

242 1785 138 36 hittills
409 1784 180 49 gällande
618 1782 295 38 bestämmelser
942 1781 128 36 kunde
1098 1785 129 43 göras,
1256 1780 76 35 den
1361 1778 209 49 nemligen,
1601 1783 56 30 att
1686 1777 47 36 då
1762 1777 92 48 dag-

243 1837 156 37 arfvode
428 1836 243 36 utbetalades
701 1834 162 37 allenast
892 1833 58 36 för
979 1833 130 36 arbete
1139 1834 20 34 å
1180 1830 122 37 under
1323 1831 272 48 skogsstatens
1618 1829 235 48 förvaltning

243 1890 33 48 ej
308 1888 157 37 stående
491 1888 157 47 skogar,
670 1887 121 36 ehuru
812 1886 106 36 detta
937 1898 89 23 vore
1042 1884 41 36 af
1095 1883 156 36 alldeles
1268 1882 202 37 enahanda
1488 1881 266 37 beskaffenhet
1771 1894 80 23 som

244 1944 19 33 å
293 1941 143 48 skogar
455 1939 124 37 under
599 1939 252 48 skogstatens
872 1936 250 49 förvaltning,
1146 1935 111 37 dessa
1280 1947 137 24 senare
1438 1933 130 37 kunde
1589 1933 120 36 blifva
1730 1938 123 31 sämre

243 1992 166 37 vårdade
452 1991 93 37 eller
587 1991 236 35 åtminstone
866 1989 148 36 mindre
1045 1988 160 37 besökta
1235 1992 49 31 än
1314 1986 46 36 de
1390 1985 42 37 af
1456 1985 101 36 förra
1588 1985 136 49 slaget,
1755 1990 99 31 samt

244 2050 55 31 att
342 2048 20 32 å
391 2044 118 36 andra
538 2042 111 36 sidan
677 2042 12 36 i
719 2054 145 24 samma
893 2044 86 33 mån
1010 2054 80 23 som
1121 2039 308 48 kronojägarens
1458 2037 57 36 tid
1544 2042 192 44 upptoges
1768 2036 85 37 med

243 2097 74 37 den
346 2095 236 37 intensivare
608 2094 177 36 skötseln
807 2096 20 33 å
847 2098 124 31 större
993 2093 154 48 skogar,
1169 2104 82 24 som
1273 2089 146 37 stäldes
1440 2089 122 36 under
1582 2089 271 48 skogsstatens

243 2148 253 49 förvaltning,
526 2146 224 37 minskades
780 2145 58 37 för
868 2145 141 35 honom
1040 2143 254 49 möjligheten
1325 2147 54 31 att
1408 2142 146 48 intjena
1576 2141 275 48 dagarfvoden.

243 2200 204 49 Fastsloge
490 2212 86 24 man
621 2198 173 36 deremot
837 2197 73 36 den
941 2197 190 47 grunden,
1161 2201 56 30 att
1247 2193 256 49 dagarfvodet
1533 2193 123 37 skulle
1686 2205 91 24 vara
1806 2205 46 23 en

244 2252 216 49 ereättning
490 2251 57 37 för
577 2250 221 47 kostnader,
829 2247 150 49 utgifna
1010 2248 56 36 för
1095 2246 267 48 kosthållning
1391 2246 72 37 och
1492 2245 101 49 logis
1622 2250 104 31 utom
1749 2244 105 36 hem-
