2193 2576
387 142 41 30 62
466 148 7 8 '
862 142 242 34 Statsuwtskottels
1133 144 175 33 Utlåtande
1333 147 61 31 N:o
1421 148 30 31 8.

343 221 72 36 och
445 220 102 36 hade
577 220 42 37 af
644 221 436 51 skogstjenstemännen
1102 224 138 49 tillika,
1262 229 126 34 såsom
1421 239 47 24 en
1487 225 90 50 följd
1597 227 41 36 af
1649 227 75 37 den
1742 229 224 36 nuvarande

342 273 112 48 ringa
484 272 236 51 aflöningen,
752 275 242 48 framhållits,
1026 281 55 32 att
1111 276 117 37 bland
1259 277 47 37 de
1334 278 83 37 från
1440 278 308 48 skogsskolorna
1769 280 196 48 utgående

342 324 249 49 lärjungarne
621 326 48 36 de
699 327 224 48 dugligaste
954 328 71 36 och
1056 334 98 31 mest
1183 329 186 49 lämpliga
1395 330 278 37 företrädesvis
1694 332 111 36 sökte
1826 332 139 36 befatt-

342 376 97 49 ning
468 376 13 36 i
510 376 48 37 de
601 378 196 37 enskildes
840 379 131 49 tjenst,
1016 380 67 36 der
1126 381 47 35 de
1216 381 99 36 hade
1359 386 126 32 större
1528 382 124 49 utsigt
1687 389 57 31 att
1771 384 106 36 finna
1905 383 59 38 sin

342 427 208 50 bergning.

474 479 203 51 Styrelsen
712 485 145 45 ansåge
887 482 72 48 sig,
991 483 239 37 beträffande
1260 484 73 36 den
1365 486 343 49 omständigheten
1739 492 55 31 att
1825 488 139 36 krono-

336 532 188 49 jägarnes
567 533 172 37 inkomst
782 534 42 35 af
854 534 267 49 dagarfvoden
1150 536 86 36 icke
1266 541 214 33 motsvarat
1508 538 103 36 hvad
1642 552 86 23 man
1761 539 202 49 beräknat,

340 584 58 35 till
429 597 47 23 en
507 585 136 48 början
674 586 91 36 böra
795 586 214 45 framhålla,
1040 592 66 40 att,
1124 593 106 31 utom
1253 588 63 36 det
1337 595 55 30 att
1413 589 33 49 ej
1468 589 220 50 obetydligt
1704 592 105 35 antal
1825 591 139 37 krono-

336 636 150 48 jägare,
530 637 57 35 till
621 637 93 48 följd
751 637 43 36 af
818 638 319 37 beskaffenheten
1168 639 41 37 af
1230 639 112 37 deras
1373 641 265 49 tjenstgöring
1667 642 246 38 uteslutande
1944 647 20 33 å

342 688 267 49 kronoparker
638 689 92 36 eller
759 689 122 36 under
902 690 276 48 skogsstatens
1198 691 241 50 förvaltning
1461 693 124 37 stälda
1606 694 156 49 skogar,
1784 695 71 36 alls
1877 695 85 37 icke

342 739 92 36 eller
451 740 140 37 endast
608 741 284 49 undantagsvis
911 742 184 49 uppburit
1111 746 120 45 några
1248 743 279 50 dagarfvoden,
1545 746 45 36 de
1607 745 42 37 af
1661 746 299 49 kronojägarne,

341 791 134 36 hvilka
507 791 127 37 blifvit
663 792 197 49 delaktiga
890 793 42 36 af
956 794 277 49 dagarfvoden,
1263 796 12 35 i
1306 796 179 37 medeltal
1516 797 33 49 ej
1576 797 214 38 bekommit
1812 812 81 23 mer
1913 804 48 31 än

341 843 157 49 knappa
528 846 49 34 40
608 845 144 35 kronor
781 858 60 23 om
873 848 92 33 året.
1001 846 276 49 Anledningen
1308 847 129 37 härtill
1467 849 127 36 kunde
1615 849 58 36 till
1695 863 45 23 en
1764 850 60 36 del
1845 851 116 37 sökas

341 895 33 47 ej
408 895 151 36 mindre
591 895 93 48 deri,
715 901 55 31 att
799 902 55 30 ett
883 903 99 30 stort
1011 898 104 36 antal
1146 912 104 23 mera
1281 899 220 49 betydande
1531 901 143 49 skogar
1702 901 58 37 till
1790 907 171 32 atarren-

341 947 141 36 derade
526 947 238 48 egendomar
792 947 13 36 i
835 951 86 34 mån
965 950 41 35 af
1032 949 111 37 deras
1174 951 340 49 arrendeledighet
1545 953 199 36 äfvensom
1775 954 185 37 ecklesia-

341 998 104 36 stika
481 998 145 49 skogar
655 999 127 37 blifvit
811 1001 125 36 stälda
965 1001 123 37 under
1117 1002 273 48 skogsstatens
1421 1004 254 49 förvaltning,
1705 1005 255 50 hvarigenom

341 1050 288 49 kronojägaren
659 1054 84 45 gått
773 1052 112 36 miste
915 1066 60 23 om
1007 1058 124 32 rätten
1163 1054 58 37 till
1251 1054 238 49 dagarfvode
1519 1056 59 36 för
1607 1059 118 46 något
1754 1070 82 24 som
1858 1058 103 37 helst

341 1101 131 37 arbete
503 1106 20 33 å
552 1103 114 36 dessa
713 1103 155 49 skogar,
899 1109 47 32 än
977 1105 113 36 äfven
1126 1106 81 36 deri
1237 1112 56 31 att
1323 1120 139 35 genom
1496 1108 265 49 begränsning
1791 1110 86 36 med
1904 1110 54 37 af-

341 1154 143 36 seende
514 1157 20 33 å
563 1160 109 31 arten
703 1155 41 36 af
768 1155 47 37 de
845 1156 172 49 arbeten,
1048 1157 57 36 för
1134 1157 132 37 hvilka
1286 1158 266 49 dagarfvoden
1574 1160 123 37 skulle
1717 1164 106 46 utgå,
1846 1162 114 37 dessa

341 1205 143 36 utfallit
526 1205 59 37 för
623 1212 56 31 ett
714 1207 101 36 färre
844 1209 104 35 antal
979 1209 132 48 dagar.
1169 1209 75 38 Vid
1273 1210 47 36 de
1349 1211 494 51 utsyningsförrättningar
1871 1214 11 35 i
1912 1214 47 36 de

339 1270 112 23 norra
483 1262 170 44 orterna,
683 1258 58 37 för
769 1259 134 37 hvilka
933 1260 235 49 dagarfvode
1198 1262 257 49 utbetalades,
1486 1263 98 37 hade
1613 1264 12 36 i
1654 1267 140 46 många
1824 1265 67 37 fall
1912 1266 46 36 de

339 1309 194 36 ordinarie
577 1310 285 50 kronojägarne
890 1312 87 36 icke
1008 1312 147 37 kunnat
1186 1313 162 46 biträda,
1380 1319 92 32 enär
1493 1315 113 37 dessa
1626 1316 233 49 uteyningar
1880 1317 78 37 ofta

338 1360 42 36 af
405 1361 232 37 assistenter
666 1363 139 36 utförts
828 1363 204 48 samtidigt
1052 1365 86 36 med
1159 1365 283 48 jägmästarnes
1464 1367 492 50 kronoparksutsyningar,

340 1412 64 36 vid
450 1412 132 37 hvilka
626 1414 73 36 den
745 1415 192 37 ordinarie
981 1417 288 48 kronojägaren
1312 1423 93 31 utan
1440 1419 219 50 ersättning
1688 1433 50 23 nu
1770 1420 186 37 biträdde.

339 1464 91 36 Men
473 1465 151 36 oafsedt
662 1466 114 37 dessa
805 1467 281 49 förhållanden,
1118 1468 133 37 hvilka
1276 1469 81 37 haft
1386 1483 47 23 en
1463 1471 78 36 viss
1571 1471 188 37 inverkan
1788 1475 50 46 på
1867 1473 92 36 aflö-

337 1516 170 48 ningens
551 1518 159 47 storlek,
752 1518 119 36 funne
914 1520 196 48 styrelsen
1155 1521 86 36 med
1277 1521 153 50 hänsyn
1461 1522 57 36 till
1548 1523 47 36 de
1624 1523 123 37 ökade
1777 1525 180 48 anspråk,

338 1581 81 23 som
451 1581 162 24 numera
643 1569 143 37 stäldes
817 1573 47 45 på
894 1571 299 49 kronojägarne,
1225 1573 154 37 hvilkas
1408 1574 231 49 pålitlighet,
1671 1575 57 36 nit
1757 1575 72 37 uch
1859 1576 97 49 dug-

336 1619 126 48 lighet
491 1633 92 24 vore
614 1621 151 48 vigtiga
793 1622 172 37 faktorer
993 1623 59 37 för
1082 1624 433 50 skogsförvaltningens
1545 1627 218 48 framgång,
1793 1628 74 36 den
1889 1642 68 22 nu-

337 1671 170 37 varande
550 1673 226 48 aflöningen
821 1687 91 23 vara
947 1675 129 36 alltför
1102 1676 149 49 knappt
1280 1676 196 50 tilltagen;
1508 1678 71 36 och
1609 1682 145 45 ansåge
1785 1680 63 48 sig
1877 1686 79 43 sty-

336 1723 127 36 relsen
495 1724 111 36 desto
637 1724 148 38 mindre
815 1740 49 22 nu
895 1727 131 36 kunna
1057 1728 201 36 underlåta
1287 1729 215 49 framlägga
1532 1730 147 49 förslag
1698 1731 57 36 till
1778 1731 178 38 densam-

337 1786 82 24 nas
462 1775 239 51 förhöjning,
744 1790 80 24 som
861 1791 46 23 en
946 1779 119 37 sådan
1094 1792 92 24 vore
1215 1780 178 49 påkallad
1424 1782 33 48 ej
1489 1781 163 37 allenasi
1681 1783 43 36 af
1747 1796 209 36 omsorgen

337 1840 61 23 om
429 1827 47 36 de
502 1829 225 36 nuvarande
756 1829 307 50 kronojägarnes
1094 1832 239 48 nödtorftiga
1362 1833 186 48 utkomst,
1569 1839 92 31 utan
1682 1834 113 37 äfven
1818 1835 41 36 af
1876 1849 78 23 om-

336 1878 120 36 tanke
487 1892 61 23 om
579 1881 254 48 personalens
864 1882 179 37 framtida
1073 1883 249 50 rekrytering
1351 1885 85 36 med
1466 1885 155 49 dugligt
1649 1885 96 37 folk.

466 1930 76 37 Vid
568 1931 221 49 jemförelse
818 1934 85 35 med
934 1934 285 47 skogvaktares
1249 1936 93 36 eller
1369 1936 367 38 timmertummares
1766 1938 12 36 i
1799 1938 154 37 enskild

335 1982 121 48 tjenst
484 1982 286 39 löneförmåner
789 1984 119 36 borde
939 1985 98 36 dock
1058 1986 235 47 framhållas,
1316 1992 57 31 att
1392 1988 277 49 kronojägares
1690 1990 143 37 fastare
1855 1990 100 37 ställ-

336 2033 97 49 ning
462 2034 71 37 och
563 2035 112 36 deras
705 2036 264 49 pensionsrätt
998 2037 212 37 inverkade
1239 2038 57 36 till
1323 2039 149 36 förmån
1493 2040 58 36 för
1572 2047 151 31 statens
1744 2043 118 48 tjenst
1882 2041 72 37 och

336 2091 56 31 att
422 2086 226 49 aflöningen
679 2088 127 36 derför
834 2087 130 38 kunde
995 2094 122 31 sättas
1147 2092 119 46 något
1295 2091 108 48 lägre
1433 2091 58 36 för
1520 2092 297 50 kronojägarne.
1867 2093 88 48 WSty-

335 2138 127 36 relsen
492 2142 146 46 ansåge
668 2139 41 36 af
733 2140 125 36 denna
888 2141 224 49 anledning,
1143 2146 55 32 att
1227 2142 481 52 kronojägareaflöningen
1730 2146 35 48 ej
1788 2145 166 37 behöfde

336 2190 95 37 ökas
480 2190 85 36 med
609 2193 42 34 så
693 2197 96 31 stort
832 2192 154 50 belopp,
1030 2206 82 23 som
1147 2194 436 49 skogstjenstemännen
1613 2197 217 49 föreslagit,
1860 2202 93 31 utan

336 2242 119 38 borde
485 2242 134 38 ställas
649 2246 53 46 så,
725 2248 55 32 att
800 2256 47 25 en
868 2244 75 37 fast
965 2245 151 50 ökning
1137 2245 41 38 af
1195 2248 74 36 200
1290 2247 143 37 kronor
1454 2248 107 37 lades
1582 2251 47 47 på
1649 2248 304 50 tjenstgörings-
