2176 2583
721 143 255 32 Statsutskottets
1007 142 175 32 Utlåtande
1206 143 69 31 N:o
1299 144 32 31 8.
1765 143 37 30 21

226 230 57 31 alt
328 227 41 33 år
413 224 98 36 1886
555 222 398 51 cexpeditionslokalen
994 227 139 32 nästan
1175 220 238 39 fördubblats
1456 234 140 36 genom
1625 222 141 50 tillägg
1794 222 57 37 till

227 277 224 36 densamma
495 275 41 36 af
572 276 101 36 förnt
713 275 12 36 i
766 275 113 36 huset
919 274 167 49 uthyrda
1128 273 395 50 handelslägenheter,
1568 279 55 31 att
1659 274 191 49 golfvet
1830 269 23 59 i

227 327 410 49 oxpeditionslokalen,
681 327 66 37 der
781 326 210 49 takhöjden
1021 326 48 37 då
1097 326 179 49 utgjorde
1307 328 20 34 9
1358 325 55 37 fot
1443 327 45 43 85
1517 330 93 43 tum,
1642 327 132 36 sänkts
1805 329 41 43 23

227 381 68 39 fot,
328 384 98 31 samt
456 384 53 31 att
540 384 148 44 väggar
715 378 207 49 borttagits
951 378 92 36 eller
1070 378 161 49 flyttats.
1290 378 149 37 Genom
1469 377 125 37 denna
1622 378 228 49 förändring

227 432 98 36 hade
367 431 179 49 golfytan
588 432 109 35 ökats
730 431 84 36 från
844 432 74 35 600
949 431 123 47 qv.fot
1096 429 59 37 till
1184 429 180 50 omkring
1395 431 112 46 1,100
1538 429 131 49 qv.fot,
1699 430 150 37 hvilket

226 484 48 35 då
317 483 41 36 af
367 459 374 72 Sten
771 488 147 31 ansetts
946 487 217 32 >motsvara
1191 481 181 38 behofvet
1399 459 59 59 för
1487 481 126 37 bortåt
1642 459 49 59 30
1721 485 51 44 år,
1803 483 47 36 då

227 549 89 22 man
358 511 224 60 förutsätter
620 540 54 31 att
702 535 153 49 platsen
883 539 117 32 växer
1028 535 11 35 i
1069 547 145 24 samma
1242 534 269 50 proportioner
1540 547 83 23 som
1651 534 123 36 under
1803 535 45 36 de

225 596 157 39 sångna
425 589 48 34 30
516 590 125 33 åren.»
698 586 208 49 Samtidigt
935 586 87 37 med
1052 587 124 36 denna
1204 586 221 48 förändring
1453 586 98 36 hade
1579 585 271 49 källargolfvet

227 638 133 36 sänkts
387 639 227 48 omkring
589 634 26 58 2
645 639 55 36 fot
729 639 70 36 och
829 644 56 31 ett
913 638 227 37 kassahvalf
1165 638 117 49 bygts
1307 638 11 36 i
1339 638 74 37 den
1434 638 71 46 del,
1528 651 80 23 som
1630 638 86 36 från
1735 638 114 36 huset

226 696 20 30 å
275 695 146 31 tomten
460 704 174 23 nummer
662 692 42 34 17
735 690 104 49 lagts
868 690 59 36 till
956 690 404 54 expeditienslokalen,
1390 667 215 71 hvarjemte
1634 692 65 34 två
1728 695 118 44 ytter-

226 748 156 43 trappor
425 743 42 35 af
490 747 58 31 trä
576 742 150 48 anlagts
764 745 21 33 å
813 741 157 50 gården.
1027 733 55 45 År
1114 743 95 35 1891
1242 742 98 37 hade
1369 747 88 44 nytt
1484 742 68 36 tak
1580 744 101 34 måst
1710 742 137 64 läggas

226 797 47 45 på
302 767 397 80 hufvudbyggnaden,
738 794 114 36 hvars
881 794 186 37 utseende
1093 794 46 36 då
1167 797 118 46 något
1314 794 103 49 höjts
1445 807 143 35 genom
1617 793 133 37 husets
1779 797 67 46 på-

228 845 182 49 byggnad
454 846 86 36 med
582 851 57 31 tre
681 846 209 47 vindsrum,
933 846 111 36 deraf
1081 849 66 33 två
1190 823 51 58 åt
1269 851 125 44 torget
1439 823 72 59 och
1540 851 56 30 ett
1625 849 36 32 åt
1689 846 156 48 gården.

227 875 132 58 Redan
387 897 63 36 vid
481 911 46 22 en
556 897 233 49 besigtning,
811 911 83 23 som
915 897 128 36 hållits
1065 901 39 32 år
1128 900 110 45 1889,
1261 897 97 37 hade
1379 897 211 37 emellertid
1611 897 236 37 beträffande

226 949 386 49 hufvudbyggnaden
656 949 63 36 det
746 949 145 36 vitsord
920 949 176 47 lemnats,
1127 954 55 32 att
1211 950 74 36 den
1316 949 78 36 »till
1424 949 59 36 sin
1512 949 271 37 konstruktion
1813 950 33 48 ej

226 1006 41 30 är
297 1001 41 35 af
362 1000 74 36 den
466 1001 119 36 solida
614 1000 275 49 beskaffenhet,
920 1006 57 31 att
1006 1001 70 36 den
1108 1001 11 36 i
1149 1001 180 36 afseende
1358 1008 20 29 å
1399 1000 144 37 eldfara
1564 1001 75 36 kan
1660 1001 118 37 blifva
1794 1008 50 31 ett

226 1052 121 37 första
368 1052 174 37 klassens
571 1052 104 36 hus.»

356 1104 373 49 Flygelbyggnaden
773 1107 39 33 åt
851 1104 114 36 söder
993 1104 98 36 hade
1120 1104 82 36 icke
1231 1105 13 35 i
1272 1104 241 48 postverkets
1543 1118 73 35 ego
1645 1104 205 49 undergått

225 1158 122 45 några
376 1156 215 48 väsentliga
624 1155 268 49 förändringar
925 1156 12 35 i
966 1169 126 23 annan
1122 1159 101 43 mån,
1254 1161 47 31 än
1331 1161 55 31 att
1411 1156 86 36 med
1526 1160 92 33 åren
1647 1157 200 36 framträdt

227 1207 67 36 allt
323 1207 172 36 starkare
523 1212 85 32 röta
637 1207 10 36 i
677 1207 196 47 trävirket,
899 1207 70 36 och
990 1212 56 31 att
1064 1207 121 49 teglet
1209 1207 8 36 i
1232 1207 329 50 bottenvåningen
1576 1208 128 49 börjat
1719 1208 127 37 vittra.

229 1259 82 36 Den
353 1258 12 36 i
407 1259 326 47 bottenvåningen
762 1258 201 49 befintliga
991 1259 230 48 lägenheten
1251 1273 61 22 om
1342 1264 56 31 ett
1425 1273 85 22 rum
1540 1260 72 36 och
1641 1260 79 36 kök
1749 1265 99 31 samt

227 1315 54 31 ett
324 1310 147 37 mindre
501 1310 159 37 kallrum
692 1310 97 36 hade
819 1311 301 48 ursprungligen
1147 1311 98 36 varit
1273 1310 133 37 afsedd
1435 1311 82 47 och,
1548 1311 47 36 då
1623 1312 224 48 postverket

226 1362 195 36 tillträdde
450 1362 123 46 huset,
604 1362 151 36 använd
784 1362 60 36 till
872 1362 213 49 brygghus,
1115 1362 191 49 badstuga
1336 1363 70 35 och
1426 1363 161 47 visthus,
1609 1376 87 23 men
1718 1363 127 37 seder-

227 1427 103 23 mera
345 1413 182 50 upplåtits
550 1413 58 36 till
628 1413 135 36 bostad
783 1417 38 33 åt
841 1427 48 22 en
904 1414 271 47 vaktmästare,
1192 1427 81 23 som
1291 1414 123 36 dock
1399 1409 23 59 i
1433 1415 191 36 anseende
1639 1415 57 35 till
1711 1415 133 49 lägen-

228 1466 132 35 hetens
381 1465 128 49 dåliga
529 1465 264 37 beskaffenhet
815 1468 96 33 måst
934 1468 41 33 år
997 1467 97 35 1895
1116 1470 193 45 utrymma
1329 1466 232 36 densamma.
1597 1467 249 48 Lägenheten

227 1517 96 36 hade
362 1517 165 36 derefter
559 1517 12 35 i
604 1517 103 48 regel
749 1520 93 33 stått
876 1516 239 50 obegagnad,
1148 1530 87 23 men
1263 1517 279 49 undantagsvis
1571 1521 112 45 måst,
1712 1518 13 35 i
1754 1518 93 36 brist

226 1569 41 35 al
295 1568 122 36 bättre
451 1568 158 47 lokaler,
646 1568 200 49 begagnas
875 1568 63 36 vid
968 1569 193 36 ordnande
1192 1569 41 36 af
1257 1574 142 44 poster,
1432 1583 81 22 som
1543 1569 303 37 understundonm

225 1620 65 36 vid
318 1620 145 36 rubbad
492 1620 111 35 trafik
632 1620 12 35 i
673 1619 173 37 Öresund
871 1620 139 49 hopats
1030 1621 12 35 i
1061 1620 274 48 Helsingborg.
1393 1620 298 50 Ifrågavarande
1711 1621 134 49 flygel-

226 1671 185 58 byggnad
439 1672 167 36 befunne
637 1671 59 48 sig
724 1671 11 36 i
765 1671 64 37 det
858 1672 127 48 dåliga
1013 1672 119 47 skick,
1163 1678 56 31 att
1248 1672 74 37 den
1351 1650 195 58 sannolikt
1574 1673 12 35 i
1615 1673 132 49 hvarje
1781 1674 64 36 fall

224 1724 103 35 inom
358 1723 73 36 den
459 1728 193 31 närmaste
681 1723 106 36 tiden
816 1700 142 60 måste
967 1701 192 59 nedrifvas
1190 1724 70 36 och
1289 1729 161 31 ersättas
1479 1724 85 36 med
1594 1724 250 49 nybyggnad.

226 1775 81 35 Den
336 1779 100 32 vette
465 1774 194 49 nemligen
688 1775 86 36 med
803 1775 58 36 sin
890 1775 159 36 baksida
1077 1778 38 33 åt
1136 1775 146 37 Skånes
1303 1775 174 37 enskilda
1498 1776 123 36 banks
1641 1776 84 48 hus,
1747 1777 97 36 hvil-

224 1826 75 45 ket,
343 1826 121 48 enligt
505 1826 99 36 hvad
646 1826 438 49 generalpoststyrelsen
1126 1827 198 46 inhemtat,
1366 1841 91 23 vore
1490 1827 125 37 afsedt
1650 1833 55 32 att
1739 1835 104 30 snart

225 1878 135 44 rifvas;
405 1878 70 36 och
518 1891 60 23 om
613 1881 41 32 så
687 1878 154 48 skedde,
876 1878 121 37 skulle
1032 1879 72 36 den
1136 1879 262 49 nyssnämnda
1431 1879 367 49 flygelbyggnaden,
1832 1880 9 36 i

225 1929 147 37 saknad
401 1930 42 35 af
468 1929 62 36 det
558 1929 84 36 stöd
671 1929 215 37 bankhuset
918 1944 50 22 nu
997 1931 187 47 lemnade,
1213 1931 84 37 icke
1327 1931 129 36 kunna
1484 1934 167 45 qvarstå.

332 1981 111 37 Stall-
477 1981 71 36 och
577 1981 435 49 vagnshusbyggnaden
1042 1986 36 33 åt
1106 1988 103 31 öster
1238 1983 70 37 och
1338 1983 147 36 backen
1514 1996 87 23 vore
1632 1984 172 37 deremot
1832 1985 11 35 i

224 2033 96 50 godt
349 2032 125 37 stånd.

328 2084 240 37 Beträffande
588 2084 232 49 byggnaden
837 2088 20 33 å
872 2090 146 32 tomten
1035 2100 174 23 nummer
1229 2089 44 33 17
1291 2086 97 37 hade
1403 2087 435 49 generalpoststyrelsen

226 2136 200 47 meddelat,
457 2140 64 43 att,
553 2136 118 37 sedan
698 2136 140 49 Kongl.
869 2137 96 49 Majt
985 2137 73 37 den
1082 2140 44 35 13
1149 2152 101 23 mars
1274 2139 97 35 1863
1392 2138 127 36 dertill
1539 2138 168 49 anslagit
1726 2140 114 47 högst

228 2190 136 46 10,072
395 2187 184 37 riksdaler
607 2189 48 34 54
685 2194 64 30 öre
779 2188 70 36 och
877 2189 166 37 täflande
1073 2190 126 36 anbud
1219 2190 274 46 införskaffats,
1515 2190 124 37 denna
1659 2191 183 49 byggnad

225 2240 125 37 blifvit
383 2240 119 36 under
538 2242 89 34 åren
667 2241 97 35 1863
788 2241 135 35 —1864
958 2242 166 48 uppförd
1158 2242 60 36 för
1253 2240 190 50 billigaste
1477 2242 91 49 pris,
1604 2256 82 24 som
1715 2242 128 38 kunde
