<?xml version="1.0" encoding="UTF-8"?>
<alto xmlns="http://www.loc.gov/standards/alto/ns-v3#" xmlns:xlink="http://www.w3.org/1999/xlink" xmlns:xsi="http://www.w3.org/2001/XMLSchema-instance" xsi:schemaLocation="http://www.loc.gov/standards/alto/ns-v3# http://www.loc.gov/alto/v3/alto-3-0.xsd">
	<Description>
		<MeasurementUnit>pixel</MeasurementUnit>
		<sourceImageInformation>
			<fileName>/tmp/tess_y2w74hey_input.PNG</fileName>
		</sourceImageInformation>
		<OCRProcessing ID="OCR_0">
			<ocrProcessingStep>
				<processingSoftware>
					<softwareName>tesseract 5.3.0</softwareName>
				</processingSoftware>
			</ocrProcessingStep>
		</OCRProcessing>
	</Description>
	<Layout>
		<Page WIDTH="2191" HEIGHT="2576" PHYSICAL_IMG_NR="0" ID="page_0">
			<PrintSpace HPOS="0" VPOS="0" WIDTH="2191" HEIGHT="2576">
				<ComposedBlock ID="cblock_0" HPOS="397" VPOS="167" WIDTH="1069" HEIGHT="35">
					<TextBlock ID="block_0" HPOS="397" VPOS="167" WIDTH="1069" HEIGHT="35">
						<TextLine ID="line_0" HPOS="397" VPOS="167" WIDTH="1069" HEIGHT="35">
							<String ID="string_0" HPOS="397" VPOS="168" WIDTH="39" HEIGHT="30" WC="0.96" CONTENT="76"/><SP WIDTH="422" VPOS="168" HPOS="436"/>
							<String ID="string_1" HPOS="858" VPOS="167" WIDTH="255" HEIGHT="33" WC="0.90" CONTENT="Statsutskottets"/><SP WIDTH="30" VPOS="167" HPOS="1113"/>
							<String ID="string_2" HPOS="1143" VPOS="168" WIDTH="175" HEIGHT="33" WC="0.96" CONTENT="Utlåtande"/><SP WIDTH="25" VPOS="168" HPOS="1318"/>
							<String ID="string_3" HPOS="1343" VPOS="169" WIDTH="66" HEIGHT="33" WC="0.95" CONTENT="N:o"/><SP WIDTH="27" VPOS="169" HPOS="1409"/>
							<String ID="string_4" HPOS="1436" VPOS="171" WIDTH="30" HEIGHT="31" WC="0.94" CONTENT="8."/>
						</TextLine>
					</TextBlock>
				</ComposedBlock>
				<ComposedBlock ID="cblock_1" HPOS="350" VPOS="246" WIDTH="1631" HEIGHT="100">
					<TextBlock ID="block_1" HPOS="350" VPOS="246" WIDTH="1631" HEIGHT="100">
						<TextLine ID="line_1" HPOS="350" VPOS="246" WIDTH="1631" HEIGHT="57">
							<String ID="string_5" HPOS="350" VPOS="246" WIDTH="216" HEIGHT="49" WC="0.95" CONTENT="höjningen"/><SP WIDTH="30" VPOS="246" HPOS="566"/>
							<String ID="string_6" HPOS="596" VPOS="246" WIDTH="41" HEIGHT="36" WC="0.95" CONTENT="af"/><SP WIDTH="22" VPOS="246" HPOS="637"/>
							<String ID="string_7" HPOS="659" VPOS="246" WIDTH="298" HEIGHT="50" WC="0.96" CONTENT="ifrågavarande"/><SP WIDTH="29" VPOS="246" HPOS="957"/>
							<String ID="string_8" HPOS="986" VPOS="247" WIDTH="135" HEIGHT="49" WC="0.96" CONTENT="anslag"/><SP WIDTH="28" VPOS="247" HPOS="1121"/>
							<String ID="string_9" HPOS="1149" VPOS="248" WIDTH="84" HEIGHT="37" WC="0.96" CONTENT="icke"/><SP WIDTH="25" VPOS="248" HPOS="1233"/>
							<String ID="string_10" HPOS="1258" VPOS="249" WIDTH="94" HEIGHT="37" WC="0.96" CONTENT="böra"/><SP WIDTH="28" VPOS="249" HPOS="1352"/>
							<String ID="string_11" HPOS="1380" VPOS="248" WIDTH="236" HEIGHT="39" WC="0.95" CONTENT="bestämmas"/><SP WIDTH="20" VPOS="248" HPOS="1616"/>
							<String ID="string_12" HPOS="1636" VPOS="251" WIDTH="57" HEIGHT="36" WC="0.96" CONTENT="till"/><SP WIDTH="19" VPOS="251" HPOS="1693"/>
							<String ID="string_13" HPOS="1712" VPOS="251" WIDTH="108" HEIGHT="49" WC="0.96" CONTENT="lägre"/><SP WIDTH="20" VPOS="251" HPOS="1820"/>
							<String ID="string_14" HPOS="1840" VPOS="251" WIDTH="141" HEIGHT="52" WC="0.96" CONTENT="belopp"/>
						</TextLine>
						<TextLine ID="line_2" HPOS="351" VPOS="298" WIDTH="398" HEIGHT="48">
							<String ID="string_15" HPOS="351" VPOS="303" WIDTH="48" HEIGHT="32" WC="0.91" CONTENT="än"/><SP WIDTH="31" VPOS="303" HPOS="399"/>
							<String ID="string_16" HPOS="430" VPOS="300" WIDTH="141" HEIGHT="46" WC="0.91" CONTENT="10,000"/><SP WIDTH="28" VPOS="300" HPOS="571"/>
							<String ID="string_17" HPOS="599" VPOS="298" WIDTH="150" HEIGHT="38" WC="0.96" CONTENT="kronor."/>
						</TextLine>
					</TextBlock>
				</ComposedBlock>
				<ComposedBlock ID="cblock_2" HPOS="349" VPOS="402" WIDTH="1632" HEIGHT="310">
					<TextBlock ID="block_2" HPOS="349" VPOS="402" WIDTH="1632" HEIGHT="310">
						<TextLine ID="line_3" HPOS="482" VPOS="402" WIDTH="1497" HEIGHT="53">
							<String ID="string_18" HPOS="482" VPOS="402" WIDTH="202" HEIGHT="38" WC="0.96" CONTENT="Utskottet"/><SP WIDTH="27" VPOS="402" HPOS="684"/>
							<String ID="string_19" HPOS="711" VPOS="404" WIDTH="69" HEIGHT="36" WC="0.96" CONTENT="har"/><SP WIDTH="28" VPOS="404" HPOS="780"/>
							<String ID="string_20" HPOS="808" VPOS="404" WIDTH="126" HEIGHT="36" WC="0.93" CONTENT="funnit"/><SP WIDTH="28" VPOS="404" HPOS="934"/>
							<String ID="string_21" HPOS="962" VPOS="404" WIDTH="247" HEIGHT="48" WC="0.92" CONTENT="ådagalagdt,"/><SP WIDTH="32" VPOS="404" HPOS="1209"/>
							<String ID="string_22" HPOS="1241" VPOS="409" WIDTH="55" HEIGHT="31" WC="0.96" CONTENT="att"/><SP WIDTH="25" VPOS="409" HPOS="1296"/>
							<String ID="string_23" HPOS="1321" VPOS="405" WIDTH="73" HEIGHT="37" WC="0.96" CONTENT="den"/><SP WIDTH="20" VPOS="405" HPOS="1394"/>
							<String ID="string_24" HPOS="1414" VPOS="405" WIDTH="169" HEIGHT="37" WC="0.96" CONTENT="väntade"/><SP WIDTH="22" VPOS="405" HPOS="1583"/>
							<String ID="string_25" HPOS="1605" VPOS="406" WIDTH="200" HEIGHT="49" WC="0.96" CONTENT="ökningen"/><SP WIDTH="19" VPOS="406" HPOS="1805"/>
							<String ID="string_26" HPOS="1824" VPOS="407" WIDTH="12" HEIGHT="36" WC="0.93" CONTENT="i"/><SP WIDTH="21" VPOS="407" HPOS="1836"/>
							<String ID="string_27" HPOS="1857" VPOS="407" WIDTH="122" HEIGHT="37" WC="0.92" CONTENT="aktie-"/>
						</TextLine>
						<TextLine ID="line_4" HPOS="350" VPOS="455" WIDTH="1628" HEIGHT="50">
							<String ID="string_28" HPOS="350" VPOS="455" WIDTH="217" HEIGHT="37" WC="0.96" CONTENT="bankernas"/><SP WIDTH="30" VPOS="455" HPOS="567"/>
							<String ID="string_29" HPOS="597" VPOS="456" WIDTH="106" HEIGHT="36" WC="0.92" CONTENT="antal"/><SP WIDTH="27" VPOS="456" HPOS="703"/>
							<String ID="string_30" HPOS="730" VPOS="455" WIDTH="174" HEIGHT="49" WC="0.92" CONTENT="påkallar"/><SP WIDTH="28" VPOS="455" HPOS="904"/>
							<String ID="string_31" HPOS="932" VPOS="469" WIDTH="48" HEIGHT="23" WC="0.96" CONTENT="en"/><SP WIDTH="29" VPOS="469" HPOS="980"/>
							<String ID="string_32" HPOS="1009" VPOS="455" WIDTH="225" HEIGHT="49" WC="0.95" CONTENT="förhöjning"/><SP WIDTH="27" VPOS="455" HPOS="1234"/>
							<String ID="string_33" HPOS="1261" VPOS="456" WIDTH="42" HEIGHT="36" WC="0.96" CONTENT="af"/><SP WIDTH="24" VPOS="456" HPOS="1303"/>
							<String ID="string_34" HPOS="1327" VPOS="457" WIDTH="179" HEIGHT="48" WC="0.96" CONTENT="anslaget"/><SP WIDTH="31" VPOS="457" HPOS="1506"/>
							<String ID="string_35" HPOS="1537" VPOS="457" WIDTH="56" HEIGHT="36" WC="0.93" CONTENT="till"/><SP WIDTH="29" VPOS="457" HPOS="1593"/>
							<String ID="string_36" HPOS="1622" VPOS="458" WIDTH="184" HEIGHT="37" WC="0.91" CONTENT="arfvoden"/><SP WIDTH="24" VPOS="458" HPOS="1806"/>
							<String ID="string_37" HPOS="1830" VPOS="462" WIDTH="37" HEIGHT="34" WC="0.93" CONTENT="åt"/><SP WIDTH="30" VPOS="462" HPOS="1867"/>
							<String ID="string_38" HPOS="1897" VPOS="473" WIDTH="81" HEIGHT="23" WC="0.91" CONTENT="om-"/>
						</TextLine>
						<TextLine ID="line_5" HPOS="350" VPOS="506" WIDTH="1629" HEIGHT="53">
							<String ID="string_39" HPOS="350" VPOS="506" WIDTH="76" HEIGHT="37" WC="0.96" CONTENT="bud"/><SP WIDTH="43" VPOS="506" HPOS="426"/>
							<String ID="string_40" HPOS="469" VPOS="507" WIDTH="64" HEIGHT="36" WC="0.94" CONTENT="vid"/><SP WIDTH="45" VPOS="507" HPOS="533"/>
							<String ID="string_41" HPOS="578" VPOS="507" WIDTH="176" HEIGHT="37" WC="0.92" CONTENT="enskilda"/><SP WIDTH="42" VPOS="507" HPOS="754"/>
							<String ID="string_42" HPOS="796" VPOS="507" WIDTH="149" HEIGHT="37" WC="0.96" CONTENT="banker"/><SP WIDTH="42" VPOS="507" HPOS="945"/>
							<String ID="string_43" HPOS="987" VPOS="507" WIDTH="71" HEIGHT="36" WC="0.93" CONTENT="och"/><SP WIDTH="38" VPOS="507" HPOS="1058"/>
							<String ID="string_44" HPOS="1096" VPOS="507" WIDTH="323" HEIGHT="48" WC="0.91" CONTENT="kreditanstalter,"/><SP WIDTH="32" VPOS="507" HPOS="1419"/>
							<String ID="string_45" HPOS="1451" VPOS="509" WIDTH="71" HEIGHT="36" WC="0.96" CONTENT="och"/><SP WIDTH="28" VPOS="509" HPOS="1522"/>
							<String ID="string_46" HPOS="1550" VPOS="509" WIDTH="59" HEIGHT="36" WC="0.96" CONTENT="får"/><SP WIDTH="29" VPOS="509" HPOS="1609"/>
							<String ID="string_47" HPOS="1638" VPOS="509" WIDTH="113" HEIGHT="37" WC="0.95" CONTENT="alltså"/><SP WIDTH="27" VPOS="509" HPOS="1751"/>
							<String ID="string_48" HPOS="1778" VPOS="511" WIDTH="201" HEIGHT="48" WC="0.96" CONTENT="utskottet,"/>
						</TextLine>
						<TextLine ID="line_6" HPOS="351" VPOS="559" WIDTH="1630" HEIGHT="53">
							<String ID="string_49" HPOS="351" VPOS="572" WIDTH="81" HEIGHT="23" WC="0.96" CONTENT="som"/><SP WIDTH="30" VPOS="572" HPOS="432"/>
							<String ID="string_50" HPOS="462" VPOS="560" WIDTH="236" HEIGHT="46" WC="0.96" CONTENT="förutsätter,"/><SP WIDTH="30" VPOS="560" HPOS="698"/>
							<String ID="string_51" HPOS="728" VPOS="563" WIDTH="58" HEIGHT="32" WC="0.96" CONTENT="att"/><SP WIDTH="28" VPOS="563" HPOS="786"/>
							<String ID="string_52" HPOS="814" VPOS="559" WIDTH="217" HEIGHT="49" WC="0.96" CONTENT="höjningen"/><SP WIDTH="27" VPOS="559" HPOS="1031"/>
							<String ID="string_53" HPOS="1058" VPOS="559" WIDTH="12" HEIGHT="36" WC="0.96" CONTENT="i"/><SP WIDTH="29" VPOS="559" HPOS="1070"/>
							<String ID="string_54" HPOS="1099" VPOS="559" WIDTH="161" HEIGHT="37" WC="0.96" CONTENT="berörda"/><SP WIDTH="28" VPOS="559" HPOS="1260"/>
							<String ID="string_55" HPOS="1288" VPOS="559" WIDTH="139" HEIGHT="50" WC="0.96" CONTENT="anslag"/><SP WIDTH="23" VPOS="559" HPOS="1427"/>
							<String ID="string_56" HPOS="1450" VPOS="560" WIDTH="83" HEIGHT="37" WC="0.96" CONTENT="icke"/><SP WIDTH="21" VPOS="560" HPOS="1533"/>
							<String ID="string_57" HPOS="1554" VPOS="564" WIDTH="61" HEIGHT="33" WC="0.96" CONTENT="må"/><SP WIDTH="19" VPOS="564" HPOS="1615"/>
							<String ID="string_58" HPOS="1634" VPOS="561" WIDTH="196" HEIGHT="37" WC="0.95" CONTENT="föranleda"/><SP WIDTH="21" VPOS="561" HPOS="1830"/>
							<String ID="string_59" HPOS="1851" VPOS="567" WIDTH="130" HEIGHT="45" WC="0.96" CONTENT="någon"/>
						</TextLine>
						<TextLine ID="line_7" HPOS="350" VPOS="610" WIDTH="1628" HEIGHT="54">
							<String ID="string_60" HPOS="350" VPOS="612" WIDTH="165" HEIGHT="47" WC="0.95" CONTENT="ändring"/><SP WIDTH="28" VPOS="612" HPOS="515"/>
							<String ID="string_61" HPOS="543" VPOS="611" WIDTH="38" HEIGHT="37" WC="0.95" CONTENT="af"/><SP WIDTH="28" VPOS="611" HPOS="581"/>
							<String ID="string_62" HPOS="609" VPOS="611" WIDTH="221" HEIGHT="49" WC="0.96" CONTENT="grunderna"/><SP WIDTH="19" VPOS="611" HPOS="830"/>
							<String ID="string_63" HPOS="849" VPOS="610" WIDTH="60" HEIGHT="37" WC="0.96" CONTENT="för"/><SP WIDTH="18" VPOS="610" HPOS="909"/>
							<String ID="string_64" HPOS="927" VPOS="610" WIDTH="264" HEIGHT="49" WC="0.96" CONTENT="beräkningen"/><SP WIDTH="21" VPOS="610" HPOS="1191"/>
							<String ID="string_65" HPOS="1212" VPOS="612" WIDTH="43" HEIGHT="36" WC="0.96" CONTENT="af"/><SP WIDTH="17" VPOS="612" HPOS="1255"/>
							<String ID="string_66" HPOS="1272" VPOS="611" WIDTH="46" HEIGHT="37" WC="0.96" CONTENT="de"/><SP WIDTH="21" VPOS="611" HPOS="1318"/>
							<String ID="string_67" HPOS="1339" VPOS="612" WIDTH="191" HEIGHT="37" WC="0.93" CONTENT="särskilda"/><SP WIDTH="19" VPOS="612" HPOS="1530"/>
							<String ID="string_68" HPOS="1549" VPOS="613" WIDTH="214" HEIGHT="37" WC="0.91" CONTENT="ombudens"/><SP WIDTH="21" VPOS="613" HPOS="1763"/>
							<String ID="string_69" HPOS="1784" VPOS="615" WIDTH="194" HEIGHT="49" WC="0.91" CONTENT="arfvoden,"/>
						</TextLine>
						<TextLine ID="line_8" HPOS="349" VPOS="663" WIDTH="218" HEIGHT="49">
							<String ID="string_70" HPOS="349" VPOS="663" WIDTH="218" HEIGHT="49" WC="0.90" CONTENT="hemställa,"/>
						</TextLine>
					</TextBlock>
				</ComposedBlock>
				<ComposedBlock ID="cblock_3" HPOS="754" VPOS="765" WIDTH="1222" HEIGHT="465">
					<TextBlock ID="block_3" HPOS="754" VPOS="765" WIDTH="1222" HEIGHT="465">
						<TextLine ID="line_9" HPOS="862" VPOS="765" WIDTH="1114" HEIGHT="53">
							<String ID="string_71" HPOS="862" VPOS="770" WIDTH="56" HEIGHT="32" WC="0.96" CONTENT="att"/><SP WIDTH="42" VPOS="770" HPOS="918"/>
							<String ID="string_72" HPOS="960" VPOS="765" WIDTH="224" HEIGHT="49" WC="0.96" CONTENT="Riksdagen"/><SP WIDTH="43" VPOS="765" HPOS="1184"/>
							<String ID="string_73" HPOS="1227" VPOS="769" WIDTH="60" HEIGHT="33" WC="0.96" CONTENT="må"/><SP WIDTH="34" VPOS="769" HPOS="1287"/>
							<String ID="string_74" HPOS="1321" VPOS="766" WIDTH="73" HEIGHT="37" WC="0.89" CONTENT="öka"/><SP WIDTH="30" VPOS="766" HPOS="1394"/>
							<String ID="string_75" HPOS="1424" VPOS="767" WIDTH="349" HEIGHT="51" WC="0.91" CONTENT="förslagsanslaget"/><SP WIDTH="23" VPOS="767" HPOS="1773"/>
							<String ID="string_76" HPOS="1796" VPOS="770" WIDTH="58" HEIGHT="36" WC="0.93" CONTENT="för"/><SP WIDTH="28" VPOS="770" HPOS="1854"/>
							<String ID="string_77" HPOS="1882" VPOS="770" WIDTH="94" HEIGHT="37" WC="0.92" CONTENT="kon-"/>
						</TextLine>
						<TextLine ID="line_10" HPOS="754" VPOS="817" WIDTH="1222" HEIGHT="53">
							<String ID="string_78" HPOS="754" VPOS="817" WIDTH="140" HEIGHT="37" WC="0.96" CONTENT="trollen"/><SP WIDTH="28" VPOS="817" HPOS="894"/>
							<String ID="string_79" HPOS="922" VPOS="818" WIDTH="65" HEIGHT="36" WC="0.96" CONTENT="vid"/><SP WIDTH="29" VPOS="818" HPOS="987"/>
							<String ID="string_80" HPOS="1016" VPOS="818" WIDTH="174" HEIGHT="37" WC="0.96" CONTENT="enskilda"/><SP WIDTH="28" VPOS="818" HPOS="1190"/>
							<String ID="string_81" HPOS="1218" VPOS="817" WIDTH="147" HEIGHT="38" WC="0.96" CONTENT="banker"/><SP WIDTH="29" VPOS="817" HPOS="1365"/>
							<String ID="string_82" HPOS="1394" VPOS="820" WIDTH="72" HEIGHT="36" WC="0.93" CONTENT="och"/><SP WIDTH="19" VPOS="820" HPOS="1466"/>
							<String ID="string_83" HPOS="1485" VPOS="819" WIDTH="313" HEIGHT="39" WC="0.92" CONTENT="kreditanstalter"/><SP WIDTH="20" VPOS="819" HPOS="1798"/>
							<String ID="string_84" HPOS="1818" VPOS="824" WIDTH="20" HEIGHT="34" WC="0.93" CONTENT="å"/><SP WIDTH="20" VPOS="824" HPOS="1838"/>
							<String ID="string_85" HPOS="1858" VPOS="821" WIDTH="118" HEIGHT="49" WC="0.96" CONTENT="högst"/>
						</TextLine>
						<TextLine ID="line_11" HPOS="760" VPOS="869" WIDTH="1215" HEIGHT="53">
							<String ID="string_86" HPOS="760" VPOS="871" WIDTH="140" HEIGHT="46" WC="0.92" CONTENT="15,000"/><SP WIDTH="16" VPOS="871" HPOS="900"/>
							<String ID="string_87" HPOS="916" VPOS="869" WIDTH="141" HEIGHT="37" WC="0.96" CONTENT="kronor"/><SP WIDTH="19" VPOS="869" HPOS="1057"/>
							<String ID="string_88" HPOS="1076" VPOS="870" WIDTH="85" HEIGHT="36" WC="0.93" CONTENT="med"/><SP WIDTH="25" VPOS="870" HPOS="1161"/>
							<String ID="string_89" HPOS="1186" VPOS="872" WIDTH="138" HEIGHT="43" WC="0.91" CONTENT="10,000"/><SP WIDTH="25" VPOS="872" HPOS="1324"/>
							<String ID="string_90" HPOS="1349" VPOS="871" WIDTH="141" HEIGHT="37" WC="0.96" CONTENT="kronor"/><SP WIDTH="19" VPOS="871" HPOS="1490"/>
							<String ID="string_91" HPOS="1509" VPOS="872" WIDTH="93" HEIGHT="37" WC="0.96" CONTENT="eller"/><SP WIDTH="20" VPOS="872" HPOS="1602"/>
							<String ID="string_92" HPOS="1622" VPOS="872" WIDTH="56" HEIGHT="36" WC="0.96" CONTENT="till"/><SP WIDTH="24" VPOS="872" HPOS="1678"/>
							<String ID="string_93" HPOS="1702" VPOS="873" WIDTH="118" HEIGHT="48" WC="0.93" CONTENT="högst"/><SP WIDTH="15" VPOS="873" HPOS="1820"/>
							<String ID="string_94" HPOS="1835" VPOS="875" WIDTH="140" HEIGHT="47" WC="0.91" CONTENT="25,000"/>
						</TextLine>
						<TextLine ID="line_12" HPOS="757" VPOS="921" WIDTH="1219" HEIGHT="47">
							<String ID="string_95" HPOS="757" VPOS="921" WIDTH="153" HEIGHT="47" WC="0.96" CONTENT="kronor,"/><SP WIDTH="37" VPOS="921" HPOS="910"/>
							<String ID="string_96" HPOS="947" VPOS="921" WIDTH="112" HEIGHT="37" WC="0.91" CONTENT="deraf"/><SP WIDTH="25" VPOS="921" HPOS="1059"/>
							<String ID="string_97" HPOS="1084" VPOS="923" WIDTH="112" HEIGHT="45" WC="0.91" CONTENT="7,000"/><SP WIDTH="29" VPOS="923" HPOS="1196"/>
							<String ID="string_98" HPOS="1225" VPOS="922" WIDTH="141" HEIGHT="37" WC="0.96" CONTENT="kronor"/><SP WIDTH="28" VPOS="922" HPOS="1366"/>
							<String ID="string_99" HPOS="1394" VPOS="928" WIDTH="58" HEIGHT="31" WC="0.96" CONTENT="att"/><SP WIDTH="29" VPOS="928" HPOS="1452"/>
							<String ID="string_100" HPOS="1481" VPOS="924" WIDTH="196" HEIGHT="37" WC="0.96" CONTENT="användas"/><SP WIDTH="27" VPOS="924" HPOS="1677"/>
							<String ID="string_101" HPOS="1704" VPOS="924" WIDTH="60" HEIGHT="37" WC="0.93" CONTENT="till"/><SP WIDTH="29" VPOS="924" HPOS="1764"/>
							<String ID="string_102" HPOS="1793" VPOS="925" WIDTH="183" HEIGHT="37" WC="0.93" CONTENT="arfvoden"/>
						</TextLine>
						<TextLine ID="line_13" HPOS="756" VPOS="973" WIDTH="1219" HEIGHT="52">
							<String ID="string_103" HPOS="756" VPOS="975" WIDTH="38" HEIGHT="34" WC="0.96" CONTENT="åt"/><SP WIDTH="29" VPOS="975" HPOS="794"/>
							<String ID="string_104" HPOS="823" VPOS="973" WIDTH="98" HEIGHT="48" WC="0.96" CONTENT="dem,"/><SP WIDTH="31" VPOS="973" HPOS="921"/>
							<String ID="string_105" HPOS="952" VPOS="973" WIDTH="131" HEIGHT="37" WC="0.96" CONTENT="hvilka"/><SP WIDTH="27" VPOS="973" HPOS="1083"/>
							<String ID="string_106" HPOS="1110" VPOS="973" WIDTH="199" HEIGHT="37" WC="0.96" CONTENT="förordnas"/><SP WIDTH="30" VPOS="973" HPOS="1309"/>
							<String ID="string_107" HPOS="1339" VPOS="979" WIDTH="58" HEIGHT="32" WC="0.96" CONTENT="att"/><SP WIDTH="18" VPOS="979" HPOS="1397"/>
							<String ID="string_108" HPOS="1415" VPOS="975" WIDTH="105" HEIGHT="36" WC="0.91" CONTENT="inom"/><SP WIDTH="21" VPOS="975" HPOS="1520"/>
							<String ID="string_109" HPOS="1541" VPOS="976" WIDTH="434" HEIGHT="49" WC="0.90" CONTENT="finansdepartementet"/>
						</TextLine>
						<TextLine ID="line_14" HPOS="755" VPOS="1024" WIDTH="1221" HEIGHT="55">
							<String ID="string_110" HPOS="755" VPOS="1024" WIDTH="150" HEIGHT="37" WC="0.96" CONTENT="biträda"/><SP WIDTH="42" VPOS="1024" HPOS="905"/>
							<String ID="string_111" HPOS="947" VPOS="1025" WIDTH="88" HEIGHT="36" WC="0.95" CONTENT="med"/><SP WIDTH="40" VPOS="1025" HPOS="1035"/>
							<String ID="string_112" HPOS="1075" VPOS="1025" WIDTH="161" HEIGHT="37" WC="0.95" CONTENT="berörda"/><SP WIDTH="34" VPOS="1025" HPOS="1236"/>
							<String ID="string_113" HPOS="1270" VPOS="1026" WIDTH="168" HEIGHT="37" WC="0.96" CONTENT="kontroll"/><SP WIDTH="29" VPOS="1026" HPOS="1438"/>
							<String ID="string_114" HPOS="1467" VPOS="1027" WIDTH="71" HEIGHT="37" WC="0.96" CONTENT="och"/><SP WIDTH="29" VPOS="1027" HPOS="1538"/>
							<String ID="string_115" HPOS="1567" VPOS="1028" WIDTH="86" HEIGHT="36" WC="0.96" CONTENT="med"/><SP WIDTH="29" VPOS="1028" HPOS="1653"/>
							<String ID="string_116" HPOS="1682" VPOS="1028" WIDTH="294" HEIGHT="51" WC="0.96" CONTENT="handläggning"/>
						</TextLine>
						<TextLine ID="line_15" HPOS="758" VPOS="1076" WIDTH="1216" HEIGHT="53">
							<String ID="string_117" HPOS="758" VPOS="1076" WIDTH="42" HEIGHT="36" WC="0.96" CONTENT="af"/><SP WIDTH="24" VPOS="1076" HPOS="800"/>
							<String ID="string_118" HPOS="824" VPOS="1077" WIDTH="166" HEIGHT="36" WC="0.96" CONTENT="ärenden"/><SP WIDTH="23" VPOS="1077" HPOS="990"/>
							<String ID="string_119" HPOS="1013" VPOS="1077" WIDTH="164" HEIGHT="37" WC="0.96" CONTENT="rörande"/><SP WIDTH="21" VPOS="1077" HPOS="1177"/>
							<String ID="string_120" HPOS="1198" VPOS="1077" WIDTH="174" HEIGHT="38" WC="0.96" CONTENT="enskilda"/><SP WIDTH="20" VPOS="1077" HPOS="1372"/>
							<String ID="string_121" HPOS="1392" VPOS="1078" WIDTH="146" HEIGHT="38" WC="0.96" CONTENT="banker"/><SP WIDTH="21" VPOS="1078" HPOS="1538"/>
							<String ID="string_122" HPOS="1559" VPOS="1080" WIDTH="69" HEIGHT="36" WC="0.93" CONTENT="och"/><SP WIDTH="22" VPOS="1080" HPOS="1628"/>
							<String ID="string_123" HPOS="1650" VPOS="1080" WIDTH="324" HEIGHT="49" WC="0.92" CONTENT="kreditanstalter,"/>
						</TextLine>
						<TextLine ID="line_16" HPOS="757" VPOS="1128" WIDTH="1217" HEIGHT="48">
							<String ID="string_124" HPOS="757" VPOS="1128" WIDTH="70" HEIGHT="36" WC="0.92" CONTENT="och"/><SP WIDTH="32" VPOS="1128" HPOS="827"/>
							<String ID="string_125" HPOS="859" VPOS="1130" WIDTH="138" HEIGHT="46" WC="0.91" CONTENT="18,000"/><SP WIDTH="29" VPOS="1130" HPOS="997"/>
							<String ID="string_126" HPOS="1026" VPOS="1128" WIDTH="141" HEIGHT="37" WC="0.96" CONTENT="kronor"/><SP WIDTH="28" VPOS="1128" HPOS="1167"/>
							<String ID="string_127" HPOS="1195" VPOS="1134" WIDTH="57" HEIGHT="31" WC="0.96" CONTENT="att"/><SP WIDTH="25" VPOS="1134" HPOS="1252"/>
							<String ID="string_128" HPOS="1277" VPOS="1130" WIDTH="196" HEIGHT="37" WC="0.96" CONTENT="användas"/><SP WIDTH="19" VPOS="1130" HPOS="1473"/>
							<String ID="string_129" HPOS="1492" VPOS="1131" WIDTH="60" HEIGHT="36" WC="0.93" CONTENT="till"/><SP WIDTH="20" VPOS="1131" HPOS="1552"/>
							<String ID="string_130" HPOS="1572" VPOS="1132" WIDTH="186" HEIGHT="37" WC="0.92" CONTENT="arfvoden"/><SP WIDTH="20" VPOS="1132" HPOS="1758"/>
							<String ID="string_131" HPOS="1778" VPOS="1136" WIDTH="38" HEIGHT="33" WC="0.96" CONTENT="åt"/><SP WIDTH="20" VPOS="1136" HPOS="1816"/>
							<String ID="string_132" HPOS="1836" VPOS="1133" WIDTH="138" HEIGHT="36" WC="0.96" CONTENT="ombud"/>
						</TextLine>
						<TextLine ID="line_17" HPOS="756" VPOS="1180" WIDTH="532" HEIGHT="50">
							<String ID="string_133" HPOS="756" VPOS="1180" WIDTH="64" HEIGHT="36" WC="0.96" CONTENT="vid"/><SP WIDTH="30" VPOS="1180" HPOS="820"/>
							<String ID="string_134" HPOS="850" VPOS="1181" WIDTH="142" HEIGHT="36" WC="0.96" CONTENT="sådana"/><SP WIDTH="28" VPOS="1181" HPOS="992"/>
							<String ID="string_135" HPOS="1020" VPOS="1180" WIDTH="268" HEIGHT="50" WC="0.96" CONTENT="inrättningar."/>
						</TextLine>
					</TextBlock>
				</ComposedBlock>
				<ComposedBlock ID="cblock_4" HPOS="895" VPOS="1326" WIDTH="536" HEIGHT="60">
					<TextBlock ID="block_4" HPOS="895" VPOS="1326" WIDTH="536" HEIGHT="60">
						<TextLine ID="line_18" HPOS="895" VPOS="1326" WIDTH="536" HEIGHT="60">
							<String ID="string_136" HPOS="895" VPOS="1326" WIDTH="134" HEIGHT="59" WC="0.89" CONTENT="Öfriga"/><SP WIDTH="28" VPOS="1326" HPOS="1029"/>
							<String ID="string_137" HPOS="1057" VPOS="1336" WIDTH="194" HEIGHT="40" WC="0.96" CONTENT="ordinarie"/><SP WIDTH="29" VPOS="1336" HPOS="1251"/>
							<String ID="string_138" HPOS="1280" VPOS="1337" WIDTH="151" HEIGHT="49" WC="0.95" CONTENT="anslag."/>
						</TextLine>
					</TextBlock>
				</ComposedBlock>
				<ComposedBlock ID="cblock_5" HPOS="132" VPOS="1434" WIDTH="1841" HEIGHT="107">
					<TextBlock ID="block_5" HPOS="132" VPOS="1434" WIDTH="1841" HEIGHT="107">
						<TextLine ID="line_19" HPOS="132" VPOS="1434" WIDTH="1841" HEIGHT="56">
							<String ID="string_139" HPOS="132" VPOS="1435" WIDTH="67" HEIGHT="30" WC="0.90" CONTENT="Ang."/><SP WIDTH="14" VPOS="1435" HPOS="199"/>
							<String ID="string_140" HPOS="213" VPOS="1434" WIDTH="98" HEIGHT="42" WC="0.72" CONTENT="öfriga"/><SP WIDTH="172" VPOS="1434" HPOS="311"/>
							<String ID="string_141" HPOS="483" VPOS="1439" WIDTH="73" HEIGHT="49" WC="0.92" CONTENT="6:0)"/><SP WIDTH="30" VPOS="1439" HPOS="556"/>
							<String ID="string_142" HPOS="586" VPOS="1439" WIDTH="17" HEIGHT="36" WC="0.96" CONTENT="I"/><SP WIDTH="29" VPOS="1439" HPOS="603"/>
							<String ID="string_143" HPOS="632" VPOS="1440" WIDTH="110" HEIGHT="48" WC="0.96" CONTENT="fråga"/><SP WIDTH="30" VPOS="1440" HPOS="742"/>
							<String ID="string_144" HPOS="772" VPOS="1453" WIDTH="62" HEIGHT="22" WC="0.96" CONTENT="om"/><SP WIDTH="30" VPOS="1453" HPOS="834"/>
							<String ID="string_145" HPOS="864" VPOS="1439" WIDTH="123" HEIGHT="37" WC="0.96" CONTENT="öfriga"/><SP WIDTH="30" VPOS="1439" HPOS="987"/>
							<String ID="string_146" HPOS="1017" VPOS="1440" WIDTH="188" HEIGHT="36" WC="0.96" CONTENT="ordinarie"/><SP WIDTH="31" VPOS="1440" HPOS="1205"/>
							<String ID="string_147" HPOS="1236" VPOS="1440" WIDTH="135" HEIGHT="48" WC="0.95" CONTENT="anslag"/><SP WIDTH="28" VPOS="1440" HPOS="1371"/>
							<String ID="string_148" HPOS="1399" VPOS="1441" WIDTH="122" HEIGHT="37" WC="0.96" CONTENT="under"/><SP WIDTH="29" VPOS="1441" HPOS="1521"/>
							<String ID="string_149" HPOS="1550" VPOS="1442" WIDTH="137" HEIGHT="48" WC="0.93" CONTENT="sjunde"/><SP WIDTH="30" VPOS="1442" HPOS="1687"/>
							<String ID="string_150" HPOS="1717" VPOS="1442" WIDTH="256" HEIGHT="38" WC="0.91" CONTENT="hufvudtiteln"/>
						</TextLine>
						<TextLine ID="line_20" HPOS="157" VPOS="1469" WIDTH="1414" HEIGHT="35">
							<String ID="string_151" HPOS="157" VPOS="1469" WIDTH="210" HEIGHT="32" WC="0.45" CONTENT="ordinarie."/><SP WIDTH="193" VPOS="1469" HPOS="367"/>
							<String ID="string_152" HPOS="560" VPOS="1494" WIDTH="9" HEIGHT="9" WC="0.0" CONTENT="-"/><SP WIDTH="137" VPOS="1494" HPOS="569"/>
							<String ID="string_153" HPOS="706" VPOS="1495" WIDTH="55" HEIGHT="6" WC="0.17" CONTENT="JON"/><SP WIDTH="83" VPOS="1495" HPOS="761"/>
							<String ID="string_154" HPOS="844" VPOS="1491" WIDTH="6" HEIGHT="6" WC="0.11" CONTENT="."/><SP WIDTH="85" VPOS="1491" HPOS="850"/>
							<String ID="string_155" HPOS="935" VPOS="1470" WIDTH="25" HEIGHT="18" WC="0.43" CONTENT="o"/><SP WIDTH="287" VPOS="1470" HPOS="960"/>
							<String ID="string_156" HPOS="1247" VPOS="1493" WIDTH="5" HEIGHT="5" WC="0.0" CONTENT="rs"/><SP WIDTH="65" VPOS="1493" HPOS="1252"/>
							<String ID="string_157" HPOS="1317" VPOS="1492" WIDTH="60" HEIGHT="12" WC="0.30" CONTENT="spe"/><SP WIDTH="189" VPOS="1492" HPOS="1377"/>
							<String ID="string_158" HPOS="1566" VPOS="1483" WIDTH="5" HEIGHT="7" WC="0.57" CONTENT="!"/>
						</TextLine>
						<TextLine ID="line_21" HPOS="176" VPOS="1491" WIDTH="1351" HEIGHT="50">
							<String ID="string_159" HPOS="176" VPOS="1505" WIDTH="95" HEIGHT="30" WC="0.75" CONTENT="anslag."/><SP WIDTH="79" VPOS="1505" HPOS="271"/>
							<String ID="string_160" HPOS="350" VPOS="1504" WIDTH="40" HEIGHT="23" WC="0.96" CONTENT="är"/><SP WIDTH="23" VPOS="1504" HPOS="390"/>
							<String ID="string_161" HPOS="413" VPOS="1491" WIDTH="85" HEIGHT="36" WC="0.96" CONTENT="icke"/><SP WIDTH="29" VPOS="1491" HPOS="498"/>
							<String ID="string_162" HPOS="527" VPOS="1504" WIDTH="129" HEIGHT="35" WC="0.96" CONTENT="någon"/><SP WIDTH="28" VPOS="1504" HPOS="656"/>
							<String ID="string_163" HPOS="684" VPOS="1491" WIDTH="226" HEIGHT="48" WC="0.96" CONTENT="förändring"/><SP WIDTH="28" VPOS="1491" HPOS="910"/>
							<String ID="string_164" HPOS="938" VPOS="1492" WIDTH="42" HEIGHT="36" WC="0.96" CONTENT="af"/><SP WIDTH="23" VPOS="1492" HPOS="980"/>
							<String ID="string_165" HPOS="1003" VPOS="1491" WIDTH="142" HEIGHT="49" WC="0.96" CONTENT="Kongl."/><SP WIDTH="32" VPOS="1491" HPOS="1145"/>
							<String ID="string_166" HPOS="1177" VPOS="1492" WIDTH="109" HEIGHT="49" WC="0.96" CONTENT="Maj:t"/><SP WIDTH="28" VPOS="1492" HPOS="1286"/>
							<String ID="string_167" HPOS="1314" VPOS="1493" WIDTH="213" HEIGHT="48" WC="0.95" CONTENT="ifrågasatt."/>
						</TextLine>
					</TextBlock>
				</ComposedBlock>
				<ComposedBlock ID="cblock_6" HPOS="479" VPOS="1543" WIDTH="878" HEIGHT="49">
					<TextBlock ID="block_6" HPOS="479" VPOS="1543" WIDTH="878" HEIGHT="49">
						<TextLine ID="line_22" HPOS="479" VPOS="1543" WIDTH="878" HEIGHT="49">
							<String ID="string_168" HPOS="479" VPOS="1543" WIDTH="200" HEIGHT="37" WC="0.96" CONTENT="Utskottet"/><SP WIDTH="28" VPOS="1543" HPOS="679"/>
							<String ID="string_169" HPOS="707" VPOS="1543" WIDTH="56" HEIGHT="36" WC="0.96" CONTENT="får"/><SP WIDTH="27" VPOS="1543" HPOS="763"/>
							<String ID="string_170" HPOS="790" VPOS="1543" WIDTH="70" HEIGHT="36" WC="0.96" CONTENT="hos"/><SP WIDTH="29" VPOS="1543" HPOS="860"/>
							<String ID="string_171" HPOS="889" VPOS="1543" WIDTH="223" HEIGHT="49" WC="0.92" CONTENT="Riksdagen"/><SP WIDTH="28" VPOS="1543" HPOS="1112"/>
							<String ID="string_172" HPOS="1140" VPOS="1543" WIDTH="217" HEIGHT="49" WC="0.92" CONTENT="hemställa,"/>
						</TextLine>
					</TextBlock>
				</ComposedBlock>
				<ComposedBlock ID="cblock_7" HPOS="754" VPOS="1646" WIDTH="1219" HEIGHT="206">
					<TextBlock ID="block_7" HPOS="754" VPOS="1646" WIDTH="1219" HEIGHT="206">
						<TextLine ID="line_23" HPOS="860" VPOS="1646" WIDTH="1111" HEIGHT="51">
							<String ID="string_173" HPOS="860" VPOS="1652" WIDTH="54" HEIGHT="31" WC="0.95" CONTENT="att"/><SP WIDTH="27" VPOS="1652" HPOS="914"/>
							<String ID="string_174" HPOS="941" VPOS="1646" WIDTH="192" HEIGHT="49" WC="0.96" CONTENT="samtliga,"/><SP WIDTH="30" VPOS="1646" HPOS="1133"/>
							<String ID="string_175" HPOS="1163" VPOS="1647" WIDTH="69" HEIGHT="36" WC="0.96" CONTENT="här"/><SP WIDTH="29" VPOS="1647" HPOS="1232"/>
							<String ID="string_176" HPOS="1261" VPOS="1647" WIDTH="114" HEIGHT="37" WC="0.96" CONTENT="ofvan"/><SP WIDTH="27" VPOS="1647" HPOS="1375"/>
							<String ID="string_177" HPOS="1402" VPOS="1648" WIDTH="83" HEIGHT="37" WC="0.96" CONTENT="icke"/><SP WIDTH="30" VPOS="1648" HPOS="1485"/>
							<String ID="string_178" HPOS="1515" VPOS="1648" WIDTH="180" HEIGHT="37" WC="0.93" CONTENT="särskildt"/><SP WIDTH="15" VPOS="1648" HPOS="1695"/>
							<String ID="string_179" HPOS="1710" VPOS="1649" WIDTH="261" HEIGHT="48" WC="0.91" CONTENT="omförmälda,"/>
						</TextLine>
						<TextLine ID="line_24" HPOS="754" VPOS="1698" WIDTH="1219" HEIGHT="52">
							<String ID="string_180" HPOS="754" VPOS="1699" WIDTH="13" HEIGHT="36" WC="0.96" CONTENT="i"/><SP WIDTH="41" VPOS="1699" HPOS="767"/>
							<String ID="string_181" HPOS="808" VPOS="1712" WIDTH="53" HEIGHT="22" WC="0.96" CONTENT="nu"/><SP WIDTH="41" VPOS="1712" HPOS="861"/>
							<String ID="string_182" HPOS="902" VPOS="1698" WIDTH="181" HEIGHT="49" WC="0.93" CONTENT="gällande"/><SP WIDTH="41" VPOS="1698" HPOS="1083"/>
							<String ID="string_183" HPOS="1124" VPOS="1698" WIDTH="160" HEIGHT="37" WC="0.91" CONTENT="riksstat"/><SP WIDTH="41" VPOS="1698" HPOS="1284"/>
							<String ID="string_184" HPOS="1325" VPOS="1700" WIDTH="191" HEIGHT="48" WC="0.96" CONTENT="uppförda"/><SP WIDTH="43" VPOS="1700" HPOS="1516"/>
							<String ID="string_185" HPOS="1559" VPOS="1700" WIDTH="189" HEIGHT="37" WC="0.95" CONTENT="ordinarie"/><SP WIDTH="35" VPOS="1700" HPOS="1748"/>
							<String ID="string_186" HPOS="1783" VPOS="1701" WIDTH="134" HEIGHT="49" WC="0.93" CONTENT="anslag"/><SP WIDTH="35" VPOS="1701" HPOS="1917"/>
							<String ID="string_187" HPOS="1952" VPOS="1705" WIDTH="21" HEIGHT="32" WC="0.90" CONTENT="å"/>
						</TextLine>
						<TextLine ID="line_25" HPOS="755" VPOS="1749" WIDTH="1216" HEIGHT="53">
							<String ID="string_188" HPOS="755" VPOS="1749" WIDTH="137" HEIGHT="50" WC="0.93" CONTENT="sjunde"/><SP WIDTH="41" VPOS="1749" HPOS="892"/>
							<String ID="string_189" HPOS="933" VPOS="1750" WIDTH="258" HEIGHT="37" WC="0.91" CONTENT="hufvudtiteln"/><SP WIDTH="28" VPOS="1750" HPOS="1191"/>
							<String ID="string_190" HPOS="1219" VPOS="1754" WIDTH="62" HEIGHT="33" WC="0.96" CONTENT="må"/><SP WIDTH="28" VPOS="1754" HPOS="1281"/>
							<String ID="string_191" HPOS="1309" VPOS="1751" WIDTH="13" HEIGHT="36" WC="0.91" CONTENT="i"/><SP WIDTH="27" VPOS="1751" HPOS="1322"/>
							<String ID="string_192" HPOS="1349" VPOS="1751" WIDTH="210" HEIGHT="37" WC="0.91" CONTENT="riksstaten"/><SP WIDTH="28" VPOS="1751" HPOS="1559"/>
							<String ID="string_193" HPOS="1587" VPOS="1752" WIDTH="60" HEIGHT="37" WC="0.96" CONTENT="för"/><SP WIDTH="29" VPOS="1752" HPOS="1647"/>
							<String ID="string_194" HPOS="1676" VPOS="1756" WIDTH="39" HEIGHT="32" WC="0.96" CONTENT="år"/><SP WIDTH="32" VPOS="1756" HPOS="1715"/>
							<String ID="string_195" HPOS="1747" VPOS="1754" WIDTH="97" HEIGHT="35" WC="0.93" CONTENT="1899"/><SP WIDTH="29" VPOS="1754" HPOS="1844"/>
							<String ID="string_196" HPOS="1873" VPOS="1766" WIDTH="98" HEIGHT="36" WC="0.93" CONTENT="upp-"/>
						</TextLine>
						<TextLine ID="line_26" HPOS="754" VPOS="1802" WIDTH="646" HEIGHT="50">
							<String ID="string_197" HPOS="754" VPOS="1802" WIDTH="103" HEIGHT="37" WC="0.96" CONTENT="föras"/><SP WIDTH="28" VPOS="1802" HPOS="857"/>
							<String ID="string_198" HPOS="885" VPOS="1802" WIDTH="58" HEIGHT="36" WC="0.96" CONTENT="till"/><SP WIDTH="29" VPOS="1802" HPOS="943"/>
							<String ID="string_199" HPOS="972" VPOS="1802" WIDTH="250" HEIGHT="37" WC="0.96" CONTENT="oförändrade"/><SP WIDTH="29" VPOS="1802" HPOS="1222"/>
							<String ID="string_200" HPOS="1251" VPOS="1803" WIDTH="149" HEIGHT="49" WC="0.96" CONTENT="belopp."/>
						</TextLine>
					</TextBlock>
				</ComposedBlock>
				<ComposedBlock ID="cblock_8" HPOS="1013" VPOS="2007" WIDTH="300" HEIGHT="50">
					<TextBlock ID="block_8" HPOS="1013" VPOS="2007" WIDTH="300" HEIGHT="50">
						<TextLine ID="line_27" HPOS="1013" VPOS="2007" WIDTH="300" HEIGHT="50">
							<String ID="string_201" HPOS="1013" VPOS="2007" WIDTH="120" HEIGHT="40" WC="0.96" CONTENT="Extra"/><SP WIDTH="29" VPOS="2007" HPOS="1133"/>
							<String ID="string_202" HPOS="1162" VPOS="2008" WIDTH="151" HEIGHT="49" WC="0.96" CONTENT="anslag."/>
						</TextLine>
					</TextBlock>
				</ComposedBlock>
				<ComposedBlock ID="cblock_9" HPOS="348" VPOS="2110" WIDTH="1622" HEIGHT="207">
					<TextBlock ID="block_9" HPOS="348" VPOS="2110" WIDTH="1622" HEIGHT="207">
						<TextLine ID="line_28" HPOS="479" VPOS="2110" WIDTH="1491" HEIGHT="51">
							<String ID="string_203" HPOS="479" VPOS="2111" WIDTH="89" HEIGHT="38" WC="0.95" CONTENT="Med"/><SP WIDTH="45" VPOS="2111" HPOS="568"/>
							<String ID="string_204" HPOS="613" VPOS="2111" WIDTH="209" HEIGHT="48" WC="0.96" CONTENT="anledning"/><SP WIDTH="43" VPOS="2111" HPOS="822"/>
							<String ID="string_205" HPOS="865" VPOS="2112" WIDTH="42" HEIGHT="36" WC="0.96" CONTENT="af"/><SP WIDTH="38" VPOS="2112" HPOS="907"/>
							<String ID="string_206" HPOS="945" VPOS="2110" WIDTH="45" HEIGHT="37" WC="0.96" CONTENT="de"/><SP WIDTH="42" VPOS="2110" HPOS="990"/>
							<String ID="string_207" HPOS="1032" VPOS="2110" WIDTH="59" HEIGHT="37" WC="0.96" CONTENT="för"/><SP WIDTH="41" VPOS="2110" HPOS="1091"/>
							<String ID="string_208" HPOS="1132" VPOS="2111" WIDTH="190" HEIGHT="48" WC="0.93" CONTENT="tillfälliga"/><SP WIDTH="33" VPOS="2111" HPOS="1322"/>
							<String ID="string_209" HPOS="1355" VPOS="2114" WIDTH="114" HEIGHT="46" WC="0.91" CONTENT="behof,"/><SP WIDTH="30" VPOS="2114" HPOS="1469"/>
							<String ID="string_210" HPOS="1499" VPOS="2112" WIDTH="218" HEIGHT="49" WC="0.88" CONTENT="hänförliga"/><SP WIDTH="28" VPOS="2112" HPOS="1717"/>
							<String ID="string_211" HPOS="1745" VPOS="2112" WIDTH="60" HEIGHT="36" WC="0.96" CONTENT="till"/><SP WIDTH="29" VPOS="2112" HPOS="1805"/>
							<String ID="string_212" HPOS="1834" VPOS="2112" WIDTH="136" HEIGHT="49" WC="0.95" CONTENT="sjunde"/>
						</TextLine>
						<TextLine ID="line_29" HPOS="348" VPOS="2162" WIDTH="1622" HEIGHT="50">
							<String ID="string_213" HPOS="348" VPOS="2163" WIDTH="272" HEIGHT="48" WC="0.91" CONTENT="hufvudtiteln,"/><SP WIDTH="30" VPOS="2163" HPOS="620"/>
							<String ID="string_214" HPOS="650" VPOS="2163" WIDTH="137" HEIGHT="49" WC="0.96" CONTENT="gjorda"/><SP WIDTH="28" VPOS="2163" HPOS="787"/>
							<String ID="string_215" HPOS="815" VPOS="2162" WIDTH="343" HEIGHT="48" WC="0.95" CONTENT="framställningar,"/><SP WIDTH="29" VPOS="2162" HPOS="1158"/>
							<String ID="string_216" HPOS="1187" VPOS="2163" WIDTH="131" HEIGHT="38" WC="0.96" CONTENT="hvilka"/><SP WIDTH="27" VPOS="2163" HPOS="1318"/>
							<String ID="string_217" HPOS="1345" VPOS="2164" WIDTH="84" HEIGHT="37" WC="0.96" CONTENT="icke"/><SP WIDTH="28" VPOS="2164" HPOS="1429"/>
							<String ID="string_218" HPOS="1457" VPOS="2164" WIDTH="117" HEIGHT="37" WC="0.96" CONTENT="redan"/><SP WIDTH="27" VPOS="2164" HPOS="1574"/>
							<String ID="string_219" HPOS="1601" VPOS="2165" WIDTH="70" HEIGHT="36" WC="0.96" CONTENT="här"/><SP WIDTH="29" VPOS="2165" HPOS="1671"/>
							<String ID="string_220" HPOS="1700" VPOS="2164" WIDTH="116" HEIGHT="37" WC="0.96" CONTENT="ofvan"/><SP WIDTH="27" VPOS="2164" HPOS="1816"/>
							<String ID="string_221" HPOS="1843" VPOS="2164" WIDTH="127" HEIGHT="37" WC="0.96" CONTENT="blifvit"/>
						</TextLine>
						<TextLine ID="line_30" HPOS="350" VPOS="2215" WIDTH="1619" HEIGHT="50">
							<String ID="string_222" HPOS="350" VPOS="2217" WIDTH="41" HEIGHT="36" WC="0.96" CONTENT="af"/><SP WIDTH="24" VPOS="2217" HPOS="391"/>
							<String ID="string_223" HPOS="415" VPOS="2216" WIDTH="194" HEIGHT="37" WC="0.96" CONTENT="utskottet"/><SP WIDTH="28" VPOS="2216" HPOS="609"/>
							<String ID="string_224" HPOS="637" VPOS="2215" WIDTH="59" HEIGHT="37" WC="0.96" CONTENT="till"/><SP WIDTH="27" VPOS="2215" HPOS="696"/>
							<String ID="string_225" HPOS="723" VPOS="2215" WIDTH="235" HEIGHT="49" WC="0.96" CONTENT="behandling"/><SP WIDTH="28" VPOS="2215" HPOS="958"/>
							<String ID="string_226" HPOS="986" VPOS="2219" WIDTH="210" HEIGHT="45" WC="0.95" CONTENT="upptagna,"/><SP WIDTH="30" VPOS="2219" HPOS="1196"/>
							<String ID="string_227" HPOS="1226" VPOS="2215" WIDTH="57" HEIGHT="38" WC="0.96" CONTENT="får"/><SP WIDTH="27" VPOS="2215" HPOS="1283"/>
							<String ID="string_228" HPOS="1310" VPOS="2217" WIDTH="193" HEIGHT="36" WC="0.93" CONTENT="utskottet"/><SP WIDTH="29" VPOS="2217" HPOS="1503"/>
							<String ID="string_229" HPOS="1532" VPOS="2217" WIDTH="145" HEIGHT="48" WC="0.90" CONTENT="afgifva"/><SP WIDTH="25" VPOS="2217" HPOS="1677"/>
							<String ID="string_230" HPOS="1702" VPOS="2215" WIDTH="167" HEIGHT="50" WC="0.93" CONTENT="följande"/><SP WIDTH="20" VPOS="2215" HPOS="1869"/>
							<String ID="string_231" HPOS="1889" VPOS="2221" WIDTH="80" HEIGHT="44" WC="0.91" CONTENT="ytt-"/>
						</TextLine>
						<TextLine ID="line_31" HPOS="348" VPOS="2267" WIDTH="431" HEIGHT="50">
							<String ID="string_232" HPOS="348" VPOS="2268" WIDTH="147" HEIGHT="38" WC="0.96" CONTENT="randen"/><SP WIDTH="30" VPOS="2268" HPOS="495"/>
							<String ID="string_233" HPOS="525" VPOS="2269" WIDTH="71" HEIGHT="37" WC="0.96" CONTENT="och"/><SP WIDTH="29" VPOS="2269" HPOS="596"/>
							<String ID="string_234" HPOS="625" VPOS="2267" WIDTH="154" HEIGHT="50" WC="0.96" CONTENT="förslag."/>
						</TextLine>
					</TextBlock>
				</ComposedBlock>
			</PrintSpace>
		</Page>
	</Layout>
</alto>
