2224 2642
453 232 46 31 24
875 229 258 33 Statsutskottets
1166 228 174 33 Utlåtande
1367 228 66 31 N:o
1462 230 51 29 68.

392 312 135 36 chefen
556 311 10 36 i
594 311 64 37 det
688 310 165 48 följande
882 311 148 36 komme
1060 315 54 30 att
1141 314 101 44 yttra
1271 309 59 47 sig
1358 308 195 48 angående
1581 306 188 37 komiténs
1790 304 191 37 kolonisa-

369 363 226 49 -tionsplan,
624 363 84 36 lade
736 363 73 36 han
835 362 147 37 således
1001 360 270 49 hufvudsaklig
1289 360 82 48 vigt
1390 360 63 36 vid
1473 359 72 37 den
1564 357 216 48 föreslagna
1800 356 182 48 odlingen

392 415 42 37 af
473 415 285 52 myrtrakterna.
790 416 1 5 '
815 414 171 49 Antoges
1028 427 45 23 en
1115 411 375 50 kolonisationsplan,
1529 424 82 24 som
1638 410 12 36 i
1679 410 63 36 det
1769 408 213 48 väsentliga

393 481 89 23 vore
509 467 173 49 grundad
710 470 47 45 på
786 466 111 37 dessa
927 466 161 37 trakters
1108 465 221 49 uppodling,
1349 464 126 36 kunde
1494 462 289 49 tillämpningen
1802 461 41 36 af
1859 460 124 36 denna

392 519 89 50 plan
509 519 112 37 äfven
649 518 211 37 utsträckas
889 518 58 36 till
975 518 116 36 sådan
1117 517 197 46 fastmark,
1344 516 114 36 hvars
1477 515 85 49 läge
1582 515 132 48 gjorde
1734 514 72 36 den
1827 512 155 36 skickad

393 576 55 32 att
475 571 178 49 indragas
681 571 120 36 under
828 570 320 48 koloniseringen.
1204 569 192 36 Befunnes
1426 568 180 45 deremot,
1632 572 57 34 att
1706 565 277 49 myrtrakterna

393 623 44 37 af
474 623 72 36 den
588 637 70 22 ena
699 623 90 36 eller
822 623 116 36 andra
967 622 161 36 orsaken
1155 621 83 36 icke
1266 620 124 36 kunde
1418 624 136 44 utgöra
1582 618 313 49 grundstommen
1925 616 59 36 för

395 680 56 31 ett
490 675 11 36 i
544 680 121 32 större
708 674 105 37 skala
853 674 156 48 anlagdt
1041 673 434 48 kolonisationssystem,
1506 676 129 44 syntes
1664 670 121 47 öfriga
1815 669 168 47 odlings-

393 727 224 48 lägenheter
643 727 83 36 icke
754 727 12 36 i
795 726 70 37 och
893 726 60 37 för
981 726 60 48 sig
1070 725 156 48 erbjuda
1254 724 221 48 tillräckligt
1502 722 172 37 material
1701 722 60 35 för
1789 726 55 31 ett
1863 719 121 50 dylikt

395 784 154 44 system,
578 784 89 31 utan
696 778 115 37 borde
840 778 133 48 frågan
1003 791 60 22 om
1091 776 273 50 lämpligheten
1394 776 35 36 af
1460 776 70 36 och
1558 775 171 36 vilkoren
1757 773 60 36 för
1845 772 140 36 sådana

393 831 242 48 lägenheters
676 830 229 50 upplåtande
948 831 151 35 komma
1139 828 119 37 under
1287 828 235 36 bedömande
1552 827 96 36 efter
1676 825 115 38 andra
1819 824 166 49 grunder

397 888 49 31 än
475 883 45 37 de
545 883 58 36 för
631 888 54 31 ett
712 895 103 24 mera
843 881 233 37 omfattande
1105 880 420 49 kolonisationssystem
1554 878 234 49 tillämpliga.

500 935 86 36 Man
614 934 125 37 kunde
767 934 95 49 hysa
892 933 99 37 olika
1019 933 210 48 meningar,
1258 932 195 47 huruvida,
1484 931 115 37 sedan
1628 944 46 23 en
1702 930 101 36 trakt
1830 929 11 36 i
1871 933 55 31 ett
1949 928 41 35 af

396 986 46 38 de
485 987 94 36 båda
620 986 234 49 nordligaste
889 985 111 37 länen
1034 985 124 36 blifvit
1187 984 242 37 koloniserad
1458 983 96 37 efter
1582 982 186 37 komiténs
1796 981 89 49 plan
1915 980 71 35 och

396 1042 21 34 å
457 1039 150 37 trakten
650 1038 154 37 sålunda
845 1041 169 46 uppstått
1055 1051 47 23 en
1142 1037 223 47 bosättning
1406 1036 42 36 af
1478 1040 54 31 ett
1569 1040 119 31 större
1721 1033 90 37 eller
1841 1031 144 37 mindre

396 1091 103 37 antal
527 1090 236 49 sjelfegande
793 1095 143 31 smärre
960 1089 216 48 jordegare,
1207 1088 122 37 denna
1359 1087 220 47 bosättning
1607 1085 119 38 skulle
1756 1084 156 50 erbjuda
1940 1083 45 36 de

398 1143 247 36 ekonomiska
673 1142 283 48 betingelserna
984 1142 59 35 för
1072 1141 175 36 framtida
1275 1140 237 36 fortbestånd
1541 1139 91 36 eller
1660 1152 59 23 om
1739 1137 74 36 den
1833 1135 155 38 sålunda

398 1195 225 49 tillskapade
655 1193 481 49 jordegarebefolkningen
1172 1192 119 36 skulle
1325 1192 99 35 duka
1451 1191 118 36 under
1596 1190 12 36 i
1635 1190 162 48 kampen
1827 1189 59 35 för
1915 1186 71 37 till-

398 1261 115 23 varon
544 1251 108 43 samt,
682 1246 97 37 efter
807 1251 54 31 att
887 1245 113 37 hafva
1029 1245 163 47 nödgats
1221 1243 56 37 till
1305 1243 46 36 de
1382 1248 103 32 stora
1512 1242 125 48 bolag,
1667 1255 81 22 som
1778 1240 131 36 drefve
1930 1239 57 36 sin

399 1299 141 37 rörelse
581 1298 113 37 rundt
736 1298 177 47 omkring
948 1297 97 46 dem,
1082 1296 92 37 eller
1201 1295 55 37 till
1284 1295 117 37 andra
1430 1294 243 50 spekulanter
1699 1293 98 36 afstå
1825 1291 162 49 egande-

399 1356 121 31 rätten
562 1350 56 37 till
660 1350 81 37 sina
774 1350 41 36 af
840 1354 124 32 staten
991 1348 180 50 upplåtna
1198 1348 235 48 lägenheter,
1462 1346 210 49 nedsjunka
1700 1345 54 36 till
1785 1357 46 23 en
1860 1343 128 49 osjelf-

400 1403 152 48 ständig
597 1401 376 51 torparebefolkning
1013 1401 92 36 eller
1146 1413 46 23 en
1233 1399 236 48 befolkning,
1510 1398 178 37 lefvande
1728 1396 120 36 under
1889 1400 98 31 ännu

400 1460 123 32 sämre
553 1454 121 37 vilkor
702 1459 47 31 än
777 1454 133 36 denna.
967 1453 133 36 Denna
1127 1452 107 48 fråga
1263 1456 131 44 syntes
1423 1448 421 52 departementschefen
1873 1447 114 37 likväl

400 1507 83 37 icke
511 1520 89 23 vara
628 1507 74 36 den
729 1507 131 46 första,
890 1519 80 23 som
998 1505 117 36 borde
1143 1503 209 50 uppställas
1381 1502 57 37 till
1465 1502 245 46 besvarande,
1730 1501 116 36 innan
1866 1504 122 32 staten

399 1559 116 36 inläte
544 1559 60 48 sig
632 1561 48 46 på
708 1564 54 30 ett
791 1558 149 47 företag
967 1557 41 37 af
1033 1556 73 37 den
1134 1555 264 38 vidtutseende
1417 1554 263 37 beskaffenhet
1699 1567 78 23 som
1799 1552 73 36 den
1892 1552 97 36 före-

403 1611 133 48 slagna
573 1610 309 48 koloniseringen
916 1612 48 46 på
992 1614 144 32 statens
1164 1607 213 37 bekostnad
1406 1607 43 36 af
1472 1606 230 37 vidsträckta
1731 1604 221 49 ödebygder
1978 1603 11 35 i

401 1663 48 36 de
490 1662 235 49 nordligaste
767 1661 153 37 delarne
953 1661 42 36 af
1018 1663 83 33 vårt
1127 1659 101 37 land.
1283 1659 97 36 Före
1411 1659 122 36 denna
1560 1659 150 35 komme
1737 1657 13 36 i
1777 1656 212 47 ordningen

403 1728 48 23 en
479 1728 122 23 annan
629 1715 119 48 fråga,
778 1713 72 37 den
878 1713 202 48 nemligen,
1110 1711 183 36 huruvida
1320 1710 252 37 förhållandet
1600 1709 136 37 mellan
1765 1708 46 35 de
1840 1708 60 36 för
1923 1708 66 36 bo-

403 1767 279 48 sättningarnes
724 1765 328 49 åvägabringande
1094 1763 246 48 erforderliga
1382 1762 206 37 kostnader
1629 1762 68 35 och
1726 1760 65 36 det
1819 1759 170 48 resultat,

403 1832 81 24 som
512 1818 86 37 med
626 1818 112 36 dessa
767 1817 108 37 stode
904 1822 55 31 att
984 1819 137 47 uppnå,
1151 1815 124 37 kunde
1304 1815 194 36 förväntas
1526 1814 116 36 blifva
1670 1812 144 50 sådant,
1842 1817 54 31 att
1916 1816 75 32 sta-

402 1876 66 31 ten
496 1870 118 37 under
641 1873 117 45 några
785 1868 261 38 förhållanden
1074 1868 126 36 kunde
1228 1881 90 23 anse
1348 1867 86 36 med
1463 1866 64 37 sitt
1554 1866 162 36 intresse
1740 1864 181 48 förenligt
1937 1869 55 30 att

401 1923 60 36 för
501 1921 211 38 ändamålet
753 1924 109 46 åtaga
904 1921 60 49 sig
1004 1920 113 37 dessa
1159 1919 215 36 kostnader.
1431 1919 87 35 Man
1561 1917 118 37 skulle
1713 1921 26 32 t.
1776 1929 57 23 ex.
1865 1916 126 36 kunna

403 1975 116 36 tänka
547 1975 71 48 sig,
649 1979 54 31 att
730 1973 259 37 kostnaderna
1018 1972 58 36 för
1097 1971 296 49 myrtrakternas
1414 1970 194 37 befriande
1625 1970 81 35 från
1721 1973 130 32 vatten
1866 1967 125 37 blefve

406 2029 42 34 så
475 2026 132 49 dryga,
636 2031 55 32 att
717 2026 112 36 äfven
859 2026 64 36 det
952 2030 139 32 största
1111 2023 289 37 civilisatoriska
1424 2023 161 35 intresse
1606 2024 20 33 å
1646 2026 142 31 statens
1810 2020 81 36 sida
1909 2020 82 36 icke

403 2078 127 37 kunde
559 2078 187 48 berättiga
774 2077 58 37 till
860 2082 55 32 ett
943 2077 132 36 sådant
1102 2075 249 37 användande
1372 2075 41 35 af
1430 2079 143 31 statens
1593 2073 215 48 tillgångar,
1829 2077 55 31 att
1903 2072 89 36 den-

405 2143 143 24 samma
590 2129 120 37 skulle
751 2130 84 36 icke
871 2128 159 37 allenast
1058 2127 56 37 till
1141 2127 218 37 kolonisten
1387 2130 88 32 utan
1504 2126 65 36 allt
1597 2124 176 48 vederlag
1800 2124 194 46 bortgifva

405 2183 72 36 den
520 2182 86 36 med
649 2187 103 31 stora
784 2181 206 37 kostnader
1024 2179 193 49 torrlagda
1245 2179 165 46 marken,
1439 2183 88 31 utan
1557 2176 225 46 derutöfver,
1811 2175 182 37 likaledes

404 2240 90 31 utan
522 2233 191 49 vederlag,
741 2233 55 36 till
824 2233 141 36 honom
993 2231 119 37 under
1141 2231 223 49 eganderätt
1389 2230 152 49 upplåta
1565 2243 46 23 en
1627 2230 32 48 ej
1679 2227 195 49 obetydlig
1893 2227 100 37 areal

405 2286 148 36 utmark
590 2291 97 31 samt
708 2285 152 37 bereda
893 2285 139 36 honom
1061 2283 81 37 dels
1172 2283 180 49 utsyning
1381 2284 19 33 å
1429 2282 163 36 kronans
1622 2282 96 47 skog
1746 2280 42 35 af
1811 2279 185 48 behöfligt

409 2338 106 36 virke
544 2338 58 36 för
629 2338 121 36 första
778 2337 297 49 uppsättningen
1105 2336 40 35 af
1169 2336 60 35 för
1258 2334 225 49 lägenheten
1507 2333 248 47 erforderliga
1769 2331 226 50 byggnader
