1890 2804
82 1237 141 25 Utskottet.

274 164 44 31 38
692 162 290 34 Statsutskottets
1004 161 183 36 utlåtande
1211 174 41 23 nr
1272 166 73 31 136.

277 242 162 40 inkomst,
456 254 76 22 som
549 242 104 35 alltså
669 242 72 35 icke
758 242 71 34 kan
847 248 97 37 tagas
961 243 11 34 i
990 243 190 42 beräkning
1197 244 57 34 vid
1273 245 224 42 uppgörande
1516 257 44 22 av
1578 245 186 43 budgeten.

278 287 72 34 Det
364 287 98 33 torde
476 286 78 34 från
570 286 122 42 början
707 287 45 34 ha
766 287 91 34 varit
872 287 179 42 förutsatt,
1067 292 54 30 att
1136 288 243 42 riksplatserna
1396 289 109 34 skulle
1519 291 11 33 i
1546 289 109 34 första
1671 290 92 34 hand

278 343 82 22 vara
377 330 213 34 förbehållna
608 332 38 33 åt
661 331 171 42 patienter
848 331 77 34 från
942 331 99 41 riket,
1059 336 137 29 oavsett
1214 333 96 33 deras
1328 333 145 39 hemort;
1493 333 58 34 det
1569 334 100 34 torde
1686 334 78 34 med

279 375 108 34 andra
399 375 61 33 ord
473 375 75 34 icke
561 375 46 33 ha
621 375 88 35 varit
723 380 127 36 avsett,
864 380 54 30 att
933 380 114 30 staten
1063 375 54 35 för
1131 376 126 34 driften
1272 389 45 22 av
1333 377 97 34 dessa
1444 377 197 43 riksplatser
1657 378 107 35 skulle

278 419 117 35 kunna
416 419 155 42 påräkna
593 423 108 30 större
721 419 120 43 bidrag
863 423 44 30 än
928 432 74 22 som
1023 420 141 42 inflyter
1185 432 124 31 genom
1330 422 42 33 de
1393 421 157 43 avgifter,
1573 434 74 22 som
1669 423 95 33 skola

279 463 151 43 erläggas
447 462 55 35 för
520 463 296 42 »rikspatienter»,
835 464 33 34 d.
885 477 34 21 v.
938 477 26 21 s.
982 464 55 34 för
1054 466 213 34 närvarande
1287 469 20 30 7
1326 465 125 34 kronor
1470 466 78 35 eller
1566 466 10 34 i
1596 466 89 35 vissa
1705 467 59 34 fall

278 511 20 30 6
322 507 124 34 kronor
468 520 60 30 per
550 508 165 42 vårddag.
739 509 73 33 Det
835 508 177 43 föreligger
1036 508 118 35 därför
1177 509 105 43 enligt
1305 510 71 33 min
1400 510 137 43 mening
1560 510 74 35 icke
1657 512 108 41 något

278 552 153 34 starkare
451 551 144 36 intresse
615 551 78 35 från
714 557 132 30 statens
868 553 71 34 sida
962 558 55 29 att
1039 557 170 30 motsätta
1232 554 49 42 sig
1303 566 42 22 en
1365 554 181 43 jämkning
1568 568 43 21 av
1635 556 42 34 de
1698 556 66 33 hit-

278 596 68 34 tills
368 597 52 33 för
441 596 246 42 riksplatserna
708 597 159 42 gällande
889 597 442 43 avgiftsbestämmelserna,
1354 599 91 35 vilka
1469 599 55 34 för
1546 599 219 35 Stockholms

279 640 95 34 stads
396 640 63 34 och
479 642 75 33 läns
576 641 267 34 vidkommande
863 641 73 35 icke
958 646 85 29 utan
1067 642 74 34 skäl
1164 643 111 34 måste
1295 649 35 28 te
1353 643 50 42 sig
1426 643 145 43 obilliga.
1594 644 171 34 Däremot

277 684 103 43 ligger
400 685 58 33 det
476 684 149 43 givetvis
644 697 39 21 ur
702 685 199 34 ekonomisk
920 685 179 43 synpunkt
1118 686 11 33 i
1149 690 131 30 statens
1300 687 151 40 intresse,
1470 692 54 30 att
1544 688 137 34 stadens
1701 688 64 34 och

277 731 110 33 länets
407 730 270 34 kontrakterade
696 730 128 42 platser
844 731 107 34 såvitt
972 731 136 42 möjligt
1130 731 138 35 tillfullo
1290 732 187 43 utnyttjas.
1499 732 265 42 Sjukhusdirek-

277 775 134 33 tionens
434 774 359 43 kompromissförslag
816 787 99 22 avser
938 780 55 29 att
1016 776 179 42 tillgodose
1220 776 96 35 detta
1340 777 152 34 intresse.
1518 778 87 33 Med
1630 778 135 42 hänsyn

278 818 115 34 härtill
411 819 61 33 har
488 819 61 42 jag
567 823 114 30 ansett
699 819 70 42 mig
786 819 119 34 kunna
923 819 175 43 tillstyrka
1117 820 94 34 bifall
1230 821 51 33 till
1301 820 375 43 sjukhusdirektionens
1696 822 68 34 för-

279 863 81 42 slag.
378 863 65 42 Jag
460 863 128 34 erinrar
607 863 53 34 för
678 863 124 43 övrigt,
820 869 56 29 att
895 863 96 35 detta
1011 863 127 44 förslag
1157 865 173 42 godtagits
1350 878 44 21 av
1413 866 220 35 Stockholms
1653 867 111 34 stads-

277 906 223 43 fullmäktige,
523 911 88 30 trots
636 912 53 30 att
712 908 139 34 stadens
874 908 239 42 myndigheter
1136 908 73 34 icke
1232 908 115 35 funnit
1370 908 395 44 förhandlingskommis-

277 951 133 35 sionens
439 951 53 34 för
520 952 122 34 staden
670 964 262 31 gynnsammare
959 952 127 43 förslag
1111 952 80 35 fullt
1218 953 313 35 tillfredsställande
1560 967 40 21 ur
1628 956 138 33 stadens

279 996 188 43 synpunkt.

326 1040 166 43 Slutligen
507 1040 61 35 vill
583 1040 59 43 jag
659 1040 54 35 för
728 1053 83 30 egen
829 1041 53 34 del
900 1041 230 42 understryka
1147 1041 119 35 vikten
1286 1055 44 21 av
1347 1047 55 29 att
1419 1042 168 36 effektiva
1606 1044 159 42 åtgärder

279 1085 158 43 vidtagas
457 1085 54 34 för
530 1086 193 42 reglerande
742 1098 46 21 av
806 1086 360 42 patientintagningen
1185 1087 11 33 i
1214 1086 93 43 syfte
1326 1092 56 29 att
1401 1088 156 34 undvika
1577 1092 108 31 större
1706 1101 59 21 av-

280 1131 144 33 vikelser
441 1130 79 34 från
539 1131 68 33 den
625 1143 41 21 en
685 1131 91 42 gång
795 1131 161 34 avtalade
976 1131 252 43 uppdelningen
1248 1144 44 21 av
1311 1132 175 42 platserna
1504 1133 47 41 på
1572 1132 193 43 sjukhuset.

326 1237 85 34 Med
435 1237 136 43 hänsyn
594 1237 51 34 till
669 1237 67 33 vad
761 1237 373 42 departementschefen
1158 1237 113 35 anfört
1295 1238 62 33 har
1381 1238 169 35 utskottet
1576 1239 74 34 icke
1674 1239 92 33 velat

279 1294 166 30 motsätta
466 1291 62 42 sig,
551 1295 54 29 att
628 1290 41 34 de
691 1302 44 21 av
758 1290 373 43 departementschefen
1153 1290 62 34 här
1237 1290 179 34 förordade
1441 1291 226 43 ändringarna
1691 1291 72 34 vid-

279 1349 97 37 tagas
395 1344 10 33 i
424 1343 155 43 gällande
597 1343 325 34 överenskommelse
941 1343 124 34 mellan
1083 1347 123 36 staten,
1226 1343 215 34 Stockholms
1462 1344 77 33 stad
1560 1344 64 34 och
1644 1344 121 34 Stock-

280 1397 110 34 holms
408 1397 70 33 läns
497 1396 172 43 landsting
687 1396 174 43 angående
880 1395 124 35 driften
1023 1396 59 34 vid
1100 1396 195 34 karolinska
1312 1396 188 43 sjukhuset.
1520 1397 19 33 I
1560 1398 96 33 detta
1677 1410 87 21 sam-

278 1450 172 42 manhang
470 1449 58 34 vill
550 1449 172 34 utskottet
741 1469 47 5 —
808 1461 74 21 som
901 1449 62 33 har
983 1449 49 42 sig
1053 1449 141 42 bekant,
1215 1454 53 30 att
1289 1449 143 34 tendens
1452 1449 53 34 till
1526 1450 241 42 underbelögg-

280 1504 81 42 ning
377 1516 43 21 av
437 1503 216 34 Stockholms
669 1503 94 34 stads
780 1503 125 42 platser
921 1502 134 35 särskilt
1072 1503 45 42 på
1134 1502 237 43 ögonkliniken
1387 1502 177 35 framträtt
1581 1523 46 5 —
1645 1504 119 33 under-

279 1557 118 42 stryka
423 1556 274 34 önskvärdheten
723 1569 41 21 ur
790 1556 435 42 undervisningssynpunkt
1251 1568 45 21 av
1322 1560 53 29 att
1402 1556 121 34 staden
1550 1569 56 21 om
1633 1556 133 43 möjligt

281 1610 155 43 belägger
465 1610 42 33 de
535 1610 138 42 platser,
702 1622 74 21 som
805 1610 118 33 staden
952 1609 105 42 enligt
1086 1608 148 35 träffade
1264 1609 93 34 avtal
1387 1609 223 34 tillförsäkrat
1640 1610 49 42 sig
1719 1611 46 41 på

280 1663 193 34 karolinska
492 1663 195 42 sjukhusets
707 1662 153 34 kliniker.

803 1831 80 41 VI.
924 1830 323 42 Hemställan.

329 1949 114 33 Under
460 1948 218 43 åberopande
694 1960 44 21 av
755 1948 69 33 vad
841 1947 178 35 utskottet
1033 1947 12 34 i
1063 1947 59 34 det
1139 1946 203 43 föregående
1360 1946 117 35 anfört
1494 1947 197 34 hemställer
1710 1952 55 29 ut-

282 2002 138 40 skottet,

644 2055 29 33 I.
697 2059 56 29 att
774 2054 178 43 riksdagen
972 2055 60 33 må

645 2109 33 41 a)
706 2108 147 40 besluta,
874 2113 55 30 att
948 2107 197 35 karolinska
1166 2107 182 42 sjukhuset
1369 2107 86 34 skall
1477 2107 126 34 utökas
1624 2107 79 34 med
1724 2119 40 21 en

598 2162 189 42 pediatrisk
808 2162 64 33 och
891 2174 41 22 en
952 2160 417 44 dermato-syfilidologisk
1388 2160 121 40 klinik;

644 2216 35 42 b)
707 2215 185 43 godkänna
923 2228 44 21 av
998 2214 377 43 departementschefen
1406 2214 182 35 förordade
1618 2214 147 42 grunder

600 2269 53 34 för
673 2269 218 34 ekonomiskt
910 2268 195 34 samarbete
1124 2268 79 33 med
1224 2267 218 35 Stockholms
1463 2268 79 33 stad
1561 2267 64 34 och
1645 2266 121 36 Stock-

599 2322 110 34 holms
733 2323 74 34 läns
831 2322 174 42 landsting
1029 2321 219 34 beträffande
1273 2322 64 33 den
1362 2321 210 43 pediatriska
1597 2320 169 34 klinikens

601 2375 215 43 uppförande
832 2375 65 34 och
912 2375 97 39 drift;

645 2431 31 41 c)
703 2430 185 42 godkänna
903 2442 43 21 av
962 2428 376 43 departementschefen
1353 2427 183 34 förordade
1550 2427 148 43 grunder
1712 2425 54 34 för

600 2484 94 33 avtal
718 2483 79 33 med
821 2482 219 35 Stockholms
1064 2482 79 34 stad
1164 2482 62 33 och
1250 2481 219 34 Stockholms
1493 2482 75 33 läns
1592 2479 175 42 landsting
