2240 2630
704 143 349 31 Jordbruksutskottets
1079 142 161 32 utlåtande
1264 143 51 30 Nr
1340 144 29 29 1.
1762 142 39 30 35

250 220 59 36 för
350 221 315 48 tillvaratagande
707 220 71 36 och
820 221 220 47 utveckling
1068 235 46 21 av
1143 221 139 35 sådana
1310 221 10 34 i
1351 220 158 48 Sverige
1539 220 306 36 förekommande

249 285 28 22 s.
321 273 34 35 k.
398 273 222 46 lanthästar,
664 285 78 23 som
786 272 128 36 kunna
942 272 204 36 innefattas
1175 272 119 36 under
1321 272 280 48 benämningen
1630 271 216 36 »inhemska

248 324 296 36 häststammar».

378 375 437 49 (Statsrådsprotokollet
844 375 66 35 sid.
945 374 223 48 132—159.)

377 479 16 35 I
434 479 182 35 skrivelse
658 479 70 35 den
774 481 20 32 6
834 478 71 47 maj
941 479 95 34 1903
1067 476 127 37 anhöll
1224 477 229 47 Riksdagen,
1484 482 55 31 att
1567 477 142 46 Kungl.
1741 477 105 47 Maj:t

249 530 144 36 täcktes
423 530 94 35 efter
544 529 206 36 verkställd
780 528 205 48 utredning
1012 529 157 47 vidtaga
1197 528 45 35 de
1271 528 188 48 åtgärder,
1490 541 81 23 som
1599 528 82 35 från
1701 533 145 30 statens

249 581 80 36 sida
357 581 103 48 finge
490 594 110 22 anses
630 580 246 47 erforderliga
905 580 58 35 för
991 579 276 47 befrämjandet
1296 593 45 22 av
1362 582 64 33 vår
1445 579 198 36 inhemska
1664 579 180 36 hästavel.

377 632 85 36 Med
506 632 206 47 anledning
753 644 47 23 av
842 631 103 36 såväl
974 631 122 35 denna
1126 630 180 36 skrivelse
1334 643 80 23 som
1444 630 324 48 framställningar
1800 644 46 21 av

247 684 425 48 stuteriöverstyrelsen,
716 687 54 32 ett
811 682 119 36 flertal
971 682 429 49 hushållningssällskap
1435 682 90 36 eller
1553 682 109 36 deras
1693 681 154 36 förvalt-

248 735 277 48 ningsutskott,
564 734 505 48 hushållningssällskapens
1111 733 137 36 ombud
1293 733 71 36 och
1397 734 187 48 styrelsen
1612 733 58 36 för
1699 733 147 48 hingst-

248 786 452 50 uppfödningsanstalten
729 786 64 36 vid
823 785 159 49 Vången
1010 791 179 30 ävensom
1218 785 190 48 åtskilliga
1437 785 219 48 föreningar
1685 785 70 35 och
1785 798 62 22 en-

247 838 122 36 skilda
397 851 177 35 personer
601 838 12 35 i
643 838 109 48 fråga
780 850 60 23 om
867 837 221 49 ytterligare
1125 837 176 48 åtgärder
1329 837 12 35 i
1369 837 121 35 skilda
1517 836 244 36 hänseenden
1791 836 57 35 för

248 890 217 36 hästavelns
507 889 222 49 främjande,
772 888 162 48 medgav
972 888 139 47 Kungl.
1142 888 106 49 Maj:t
1277 888 72 36 den
1378 890 20 33 5
1424 888 85 48 juni
1541 889 95 34 1909
1667 890 48 46 på
1743 888 103 35 hem-

248 941 136 36 ställan
413 954 46 23 av
487 941 134 36 chefen
649 941 59 35 för
731 939 518 50 jordbruksdepartementet,
1280 944 54 31 att
1363 939 115 48 högst
1508 939 73 36 fem
1606 939 241 48 sakkunniga

248 1005 180 37 personer
464 993 102 47 finge
594 991 180 37 tillkallas
804 996 54 31 att
884 991 102 36 inom
1015 991 165 36 nämnda
1208 990 261 50 departement
1501 990 147 37 biträda
1676 991 85 35 med
1789 995 57 31 ut-

247 1044 163 49 redning
450 1044 71 36 och
557 1043 249 37 utarbetande
834 1056 47 22 av
910 1043 142 48 förslag
1080 1042 12 36 i
1121 1042 107 48 fråga
1256 1055 60 23 om
1346 1042 177 49 åtgärder
1551 1042 57 36 för
1636 1042 210 47 främjande

248 1110 48 22 av
336 1096 146 36 landets
523 1095 185 48 hästavel,
751 1095 85 36 med
874 1094 151 36 särskilt
1064 1094 114 36 fästat
1206 1094 188 36 avseende
1422 1094 65 36 vid
1516 1094 331 48 tillvaratagandet

248 1161 47 22 av
322 1147 199 37 inhemska
548 1147 269 36 häststammar
844 1146 70 36 och
943 1146 240 49 uppfödning
1211 1146 100 36 inom
1341 1146 128 36 landet
1498 1159 47 23 av
1565 1146 283 47 avelshingstar

248 1205 99 31 samt
389 1199 234 36 beträffande
651 1204 149 40 ämnen,
830 1211 80 23 som
939 1198 153 36 därmed
1123 1198 95 36 hade
1247 1197 194 37 samband.
1497 1198 52 35 På
1575 1197 125 48 grund
1729 1197 118 36 härav

247 1251 205 36 tillkallade
493 1250 173 37 bemälde
708 1250 369 48 departementschef
1111 1250 59 36 för
1197 1249 159 36 berörda
1383 1250 195 48 uppdrags
1607 1249 240 48 fullgörande

247 1303 77 36 fem
340 1302 253 48 sakkunniga,
608 1301 102 37 vilka
725 1301 211 36 sedermera
957 1301 119 36 under
1091 1303 40 34 år
1149 1302 94 35 1911
1257 1304 153 45 avgåvo
1429 1301 236 36 betävkande
1679 1301 12 35 i
1707 1305 137 31 ämnet.

377 1354 56 36 De
462 1353 244 49 sakkunniga
733 1353 98 36 hava
858 1353 13 35 1
899 1353 64 35 sitt
992 1352 236 37 betänkande
1257 1353 117 36 under
1403 1353 101 35 olika
1535 1352 172 36 rubriker
1733 1352 113 36 fram-

248 1406 81 48 lagt
375 1405 145 48 förslag
561 1405 159 36 rörande
765 1403 80 37 dels
887 1404 177 48 åtgärder
1105 1404 58 36 för
1203 1404 314 48 tillvaratagande
1559 1417 47 22 av
1649 1403 199 37 inhemska

247 1456 278 47 häststammar,
555 1457 80 36 dels
664 1456 285 48 bevaringspris
978 1455 59 36 för
1065 1461 86 31 ston
1180 1469 47 22 av
1256 1455 99 37 ädelt
1382 1456 96 48 slag,
1507 1455 79 37 dels
1615 1455 232 49 unghingst-

247 1509 123 47 beten,
392 1509 245 36 konsulenter
656 1508 71 36 och
746 1507 218 46 föreningar
983 1508 12 35 i
1014 1507 304 50 hästavelssyfte,
1339 1508 79 36 dels
1436 1507 247 48 obligatorisk
1697 1507 149 49 hingst-

247 1561 232 48 besiktning,
510 1560 80 37 dels
609 1559 313 47 rasstamböcker,
944 1559 80 37 dels
1044 1559 183 49 avelspris
1245 1559 63 36 vid
1329 1559 310 49 kapplöpningar
1657 1559 70 36 och
1748 1564 99 30 trav-

247 1613 202 48 tävlingar,
478 1612 80 37 dels
587 1612 71 36 ock
686 1611 206 49 ändringar
918 1612 12 35 i
958 1611 603 49 hästpremieringsreglementet.

376 1716 108 36 Efter
513 1720 55 32 att
595 1716 99 35 hava
721 1715 144 35 lämnat
892 1714 244 49 redogörelse
1164 1715 59 36 för
1252 1727 47 23 en
1328 1728 46 23 av
1402 1715 47 36 de
1475 1714 242 48 sakkunniga
1737 1714 109 36 verk-

249 1767 125 48 ställd,
416 1767 191 49 ingående
635 1766 289 49 undersökning
953 1780 46 22 av
1027 1767 62 36 det
1117 1767 12 35 i
1156 1766 128 37 landet
1312 1766 198 49 befintliga
1537 1766 308 45 hästmaterialet,

249 1819 98 36 hava
375 1820 46 35 de
451 1818 241 49 sakkunniga
719 1818 54 36 uti
802 1818 72 36 den
903 1832 52 23 nu
984 1818 265 49 föreliggande
1269 1819 135 47 frågan
1424 1818 130 36 vidare
1575 1818 135 46 anfört,
1732 1817 113 37 bland

249 1876 126 41 annat,
405 1871 177 48 följande.

378 1922 147 37 Genom
566 1935 204 36 noggrann
810 1922 191 49 prövning
1046 1935 47 23 av
1138 1921 72 36 alla
1250 1921 135 36 härvid
1417 1921 230 37 inverkande
1680 1926 165 31 omstän-

247 1974 178 49 digheter
465 1974 96 37 hade
590 1974 46 36 de
665 1974 242 48 sakkunniga
935 1974 159 36 kommit
1121 1973 58 36 till
1206 1973 74 37 den
1307 1972 259 50 uppfattning,
1597 1978 54 31 att
1679 1973 85 36 med
1792 1973 55 36 in-

248 2027 158 36 hemska
444 2026 268 36 häststammar
753 2025 115 37 borde
910 2026 137 36 förstås
1075 2027 98 34 inom
1201 2029 96 33 vissa
1325 2026 102 35 delar
1455 2038 43 23 av
1525 2027 79 34 vårt
1634 2026 88 35 land
1743 2026 103 43 före-

249 2080 209 35 kommande
499 2082 105 42 typer
639 2091 44 23 av
716 2090 43 24 en
786 2090 28 23 s.
845 2079 30 34 k.
905 2079 159 34 lanthäst
1092 2079 79 34 med
1198 2078 164 35 nordiskt
1389 2079 185 44 underlag,
1597 2077 93 46 föga
1720 2078 86 35 eller
1832 2078 14 34 i

240 2131 272 44 jämförelsevis
552 2131 141 35 mindre
731 2131 96 44 grad
861 2131 210 45 påverkade
1112 2142 44 23 av
1199 2130 168 35 olikartat
1407 2129 276 43 avelsmaterial,
1717 2130 131 34 sådant

247 2194 75 25 som
351 2184 42 34 de
420 2183 170 35 moderna
619 2183 277 35 kulturraserna
925 2194 44 23 av
996 2194 118 23 varm-
1140 2183 62 34 och
1231 2182 212 45 kallblodigt
1470 2182 90 44 slag.

376 2233 140 49 Dylika
535 2233 199 37 inhemska
754 2233 279 47 häststammar,
1053 2232 103 36 vilka
1176 2232 238 37 motsvarade
1429 2232 281 37 vederbörande
1727 2237 119 32 orters
