2238 2626
411 160 41 32 32
888 156 344 33 Jordbruksutskottets
1253 154 164 33 utlåtande
1439 154 54 32 Nr
1519 156 28 30 1.

768 236 121 36 under
929 235 64 36 det
1032 237 52 44 år,
1125 233 58 37 för
1222 232 120 37 vilket
1382 231 235 48 statsbidrag
1643 231 124 46 sökes,
1796 233 50 47 på
1873 244 95 35 egen

768 286 209 37 bekostnad
1012 286 70 36 och
1112 290 92 32 utan
1232 284 191 36 anlitande
1450 283 58 36 till
1536 285 127 46 någon
1691 282 62 37 del
1781 296 47 23 av
1856 287 114 33 stats-

768 338 188 49 bidraget,
985 337 177 37 anställer
1189 349 47 24 en
1265 335 91 37 eller
1382 334 91 37 flera
1499 334 224 50 ytterligare
1743 333 228 50 jordbruks-

770 390 255 46 konsulenter,
1054 393 98 32 samt
1178 390 49 47 på
1253 386 47 37 de
1327 386 137 37 villkor
1490 386 13 36 i
1531 385 137 49 övrigt,
1697 385 144 49 Kungl.
1861 385 110 49 Maj:t

769 442 75 36 kan
885 441 103 36 finna
1029 445 84 44 gott
1152 438 222 47 föreskriva,
1416 440 21 34 å
1469 443 106 31 extra
1606 443 75 30 stat
1713 437 59 36 för
1801 439 40 34 år
1871 438 98 36 1914

769 492 139 49 bevilja
949 497 53 31 ett
1043 490 134 50 anslag
1210 504 47 23 av
1291 491 137 46 60,000
1467 488 152 48 kronor,
1653 494 55 31 att
1736 501 48 23 av
1825 488 149 48 Kungl.

769 545 109 49 Maj:t
904 544 13 36 i
944 546 89 34 mån
1061 556 45 24 av
1133 543 123 37 behov
1286 542 57 36 för
1370 539 214 38 ändamålet
1610 540 208 37 användas.

165 699 162 31 Vandrings-
501 684 98 48 19:0)
639 684 53 36 På
719 682 126 50 grund
885 696 44 22 av
956 681 143 49 Kungl.
1129 680 127 49 Maj:ts
1284 680 13 36 i
1325 684 125 32 ämnet
1478 678 235 37 framställda
1741 677 146 49 förslag
1914 677 64 37 får

192 735 109 23 rättare.
369 736 184 37 utskottet
582 735 212 46 hemställa,

141 787 84 29 (extra
243 786 106 29 anslag.)

200 822 95 45 [18]
900 842 53 31 att
981 835 217 50 Riksdagen
1226 837 62 34 må
1308 837 21 34 å
1347 839 106 32 extra
1472 839 76 31 stat
1568 834 58 36 för
1645 836 41 33 år
1707 834 100 35 1914
1827 832 149 47 anvisa,

770 894 56 32 att
854 902 46 23 av
928 887 141 49 Kungl.
1098 887 106 49 Maj:t
1238 886 5 36 i
1272 889 88 33 mån
1387 899 47 23 av
1461 885 125 37 behov
1614 884 208 47 användas,

900 941 74 36 dels
1002 944 55 31 ett
1077 939 132 48 anslag
1229 951 45 23 av
1298 939 136 45 18,000
1453 937 140 36 kronor
1612 939 124 34 såsom
1755 935 139 49 bidrag
1911 935 58 37 till

770 991 183 49 avlöning
987 993 37 34 åt
1056 990 349 48 vandringsrättare
1432 990 12 35 i
1471 988 165 37 Dalarne
1665 987 71 37 och
1764 987 202 47 Norrland,

899 1044 74 36 dels
1002 1044 60 35 ock
1091 1047 53 31 ett
1171 1041 135 48 anslag
1334 1054 45 23 av
1399 1042 113 45 9,000
1532 1040 138 36 kronor
1689 1042 125 33 såsom
1834 1038 143 49 bidrag

769 1095 60 36 till
857 1094 181 48 avlöning
1066 1096 39 33 åt
1131 1092 348 49 vandringsrättare
1507 1091 13 37 i
1549 1091 111 37 södra
1688 1091 72 36 och
1780 1090 189 36 mellersta

773 1146 170 49 Sverige,

899 1197 120 37 under
1066 1195 148 48 villkor,
1261 1195 231 37 beträffande
1538 1194 95 38 båda
1677 1193 195 49 anslagen,
1914 1197 55 32 att

770 1249 252 38 kostnaderna
1050 1248 59 37 för
1134 1247 379 48 vandringsrättarna
1532 1246 13 36 i
1565 1246 125 49 övrigt
1718 1244 186 38 bestridas
1923 1258 46 22 av

769 1301 209 48 landsting,
1007 1298 429 49 hushållningssällskap
1465 1298 91 36 eller
1584 1297 120 48 eljest,
1729 1301 100 32 samt
1856 1299 47 47 på
1923 1295 54 37 de

769 1353 138 36 villkor
935 1352 12 36 i
975 1352 137 49 övrigt,
1145 1350 143 49 Kungl.
1309 1350 106 49 Maj:t
1434 1349 77 37 kan
1525 1350 103 35 finna
1642 1353 85 43 gott
1743 1348 222 36 föreskriva.

157 1522 148 41 Stipendiat
325 1522 8 22 i
499 1510 100 49 20:0)
628 1510 17 36 I
673 1509 170 49 enlighet
871 1507 84 37 med
974 1507 142 48 Kungl.
1136 1506 125 49 Maj:ts
1282 1505 126 37 därom
1429 1504 119 37 under
1567 1504 171 50 punkten
1761 1505 45 34 19
1833 1502 134 49 gjorda

146 1556 203 66 rn
370 1562 282 48 framställning
678 1560 219 37 hemställer
923 1559 198 46 utskottet,

159 1626 178 31 hushållning.

144 1679 81 29 (extra
244 1678 105 29 anslag.)
899 1668 54 31 att
980 1662 218 48 Riksdagen
1226 1663 61 34 må
1315 1659 57 38 till
1390 1659 221 37 utbildande
1632 1672 45 23 av
1697 1672 47 23 en
1764 1657 203 49 stipendiat

768 1716 12 35 i
808 1714 310 49 boskapsskötsel
1145 1713 69 36 och
1242 1711 380 50 mejerihushållning
1649 1713 20 33 å
1692 1715 106 31 extra
1818 1714 75 31 stat
1911 1709 58 36 för

770 1770 40 33 år
840 1768 98 35 1914
967 1766 132 36 anvisa
1126 1769 53 32 ett
1205 1764 134 47 anslag
1366 1777 45 22 av
1442 1764 112 46 1,500
1583 1762 150 36 kronor.

179 1902 141 41 Fredrika-
501 1887 99 50 21:0)
642 1888 138 37 Vidare
821 1887 69 36 har
918 1886 139 49 Kungl.
1087 1885 106 49 Maj:t
1220 1884 123 37 under
1369 1883 171 49 punkten
1571 1884 46 35 20
1646 1895 46 22 av
1720 1880 247 37 förevarande

146 1937 204 59 premerför-
370 1940 213 37 huvudtitel
612 1939 195 49 föreslagit
834 1937 219 49 Riksdagen
1072 1943 54 30 att
1144 1940 124 33 såsom
1290 1935 232 48 statsbidrag
1541 1937 37 33 åt
1596 1928 371 58 Fredrika-Bremer-

151 2006 194 31 hushållnings-
370 1992 221 37 förbundets
611 1989 454 48 lanthushållningsskola
1083 1988 63 37 vid
1165 1988 189 36 Rimforsa
1373 1988 59 35 för
1450 1985 222 37 utbildande
1692 1997 47 24 av
1757 1983 211 37 lärarinnor

173 2037 144 74 Flarn
371 2047 20 33 å
419 2050 108 30 extra
555 2048 75 31 stat
657 2043 58 36 för
743 2045 40 34 år
813 2043 98 35 1914
939 2041 138 48 bevilja
1105 2045 54 32 ett
1188 2039 135 49 anslag
1350 2052 45 23 av
1424 2039 113 47 8,000
1566 2038 149 35 kronor.

311 2095 4 5 |
342 2127 9 34 )
498 2094 266 49 Utredningen
809 2093 13 36 i
867 2092 155 37 ärendet
1067 2092 199 37 återfinnes
1313 2093 20 34 å
1377 2090 68 36 sid.
1491 2090 199 35 121—126
1725 2088 13 36 i
1771 2086 198 38 statsråds-

370 2147 239 50 protokollet.

499 2198 76 36 För
614 2196 292 49 ifrågavarande
947 2195 173 37 ändamål
1156 2195 68 36 har
1264 2194 219 49 Riksdagen
1526 2193 59 36 för
1620 2201 83 28 vart
1736 2191 71 37 och
1842 2196 52 31 ett
1922 2204 46 22 av

371 2254 89 33 åren
504 2250 111 46 1908,
660 2250 96 35 1909
800 2248 71 37 och
902 2249 96 35 1910
1028 2247 144 36 anvisat
1199 2246 122 37 medel
1350 2245 56 36 till
1433 2245 140 49 belopp
1602 2258 46 22 av
1675 2244 114 47 4,000
1819 2242 148 37 kronor.

146 2127 81 33 (extra
246 2129 94 29 anslag.
