1934 2818
621 161 260 28 Statsutskottets
900 159 163 29 utlåtande
1084 159 46 28 Nr
1153 163 26 24 9.
1608 157 38 28 25

139 247 318 34 vinterunderhållet
487 251 112 33 syntes
630 246 281 37 automobillinjen
944 245 84 38 själv
1061 245 79 31 böra
1171 244 188 37 ombestyra
1391 243 157 38 plogning
1580 246 65 27 mot

139 291 154 37 vederlag
314 290 76 31 från
413 289 185 38 respektive
620 288 213 38 vägdistrikt.

183 332 65 32 För
274 331 344 32 automobiltrafikens
646 330 190 37 besörjande
864 329 140 33 krävdes
1031 329 88 31 vissa
1147 328 132 32 enklare
1307 327 218 38 anordningar
1553 327 90 32 såväl

138 374 54 31 vid
224 374 267 32 ändstationerna
519 384 65 20 som
616 373 19 30 å
663 371 279 38 mellanliggande
971 370 244 38 trafikplatser.
1268 370 70 31 Den
1373 370 51 31 för
1455 368 188 32 automobil-

139 416 101 37 linjen
272 415 173 32 tilltänkta
476 414 193 32 tidtabellen
700 413 174 38 betingade
905 413 247 31 omnibusarnas
1185 411 215 38 förläggande
1432 411 53 32 till
1517 410 126 38 Pajala.

140 457 338 32 Tastautomobilerna
506 457 70 30 åter
602 455 107 32 skulle
736 455 36 31 få
797 455 51 32 sin
875 455 87 31 fasta
990 454 214 37 förläggning
1230 455 9 30 i
1267 419 212 76 Övertorneå.
1528 452 118 38 Enligt

139 502 174 34 upprättat
340 497 288 37 kostnadsförslag
654 497 107 31 skulle
788 497 20 31 å
834 496 204 32 sistnämnda
1064 496 88 37 plats
1180 499 87 28 utom
1296 495 236 37 terasseringar
1560 498 86 28 samt

140 540 223 33 anordnandet
385 551 40 20 av
448 544 103 32 vägar
574 539 56 31 och
654 538 175 37 körplaner
853 538 52 31 till
929 549 144 26 garagen
1097 537 120 32 krävas
1241 536 292 38 garagebyggnad,
1558 536 87 31 inne-

139 582 153 32 hållande
316 582 45 31 tio
385 581 167 38 egentliga
575 579 315 38 automobilplatser,
914 579 155 32 verkstad
1094 579 58 31 och
1177 578 112 32 förråd
1315 582 84 28 samt
1423 578 111 31 vidare
1559 577 86 38 släp-

140 623 194 39 vagnsskjul
362 623 52 32 för
439 634 56 21 sex
519 634 126 26 vagnar
669 622 57 31 och
751 633 38 20 en
816 621 181 32 fristående
1022 620 126 32 mindre
1174 620 288 32 smidesverkstad.
1511 620 134 31 Bensin-

140 665 373 39 givningsanläggning,
544 668 125 28 vatten-
701 663 56 32 och
790 663 311 38 avloppsledningar
1132 662 101 38 jämte
1266 662 87 32 lokal
1386 661 260 38 telefonanlägg-

140 709 81 36 ning
242 707 265 38 kompletterade
529 706 281 38 anordningarna.
845 705 18 32 I
887 705 235 32 slutstationen
1146 704 130 38 Pajala,
1299 708 114 28 varest
1436 703 212 32 erfordrades

141 750 242 38 markförvärv,
405 749 83 33 hade
509 748 173 39 upptagits
705 759 37 21 en
766 748 143 38 godsbod
932 748 70 31 med
1026 759 167 20 varmrum
1216 751 85 28 samt
1323 746 207 38 lastbrygga,
1553 745 94 32 enkel

141 792 289 38 garagebyggnad
448 791 53 32 för
518 791 235 37 övernattning
769 790 74 32 med
862 789 89 39 plats
970 790 54 31 för
1042 789 80 38 fyra
1140 788 229 39 automobiler,
1388 792 48 29 ett
1454 788 194 38 släpvagns-

142 834 90 38 skjul
255 835 53 31 för
330 835 58 31 två
410 845 129 26 vagnar
562 836 86 29 samt
670 832 229 32 lokaltelefon.
945 831 145 32 Lokaler
1113 831 53 32 för
1189 831 198 38 expedition,
1410 834 155 28 väntrum
1589 830 60 32 och

142 876 328 38 överliggningsrum
508 875 109 32 skulle
655 875 169 37 förhyras.
874 874 297 37 Trafikplatserna
1208 873 127 32 utefter
1372 872 114 39 linjen,
1514 872 53 32 nio
1595 872 54 32 till

142 918 137 38 antalet,
297 930 78 20 vore
393 917 147 32 avsedda
558 921 51 28 att
626 920 151 28 utrustas
795 916 73 32 med
888 916 97 32 enkla
1003 915 187 32 väntkurar
1209 919 87 28 samt
1314 915 212 38 lastbrygga.

187 960 228 32 Förenämnda
443 959 229 38 anordningar,
701 959 91 32 vilka
821 959 72 31 med
923 958 128 38 hänsyn
1092 958 54 32 till
1185 957 193 32 klimatiska
1420 957 228 32 förhållanden

141 1002 124 33 krävde
293 1006 47 29 ett
366 1002 73 32 icke
467 1001 116 32 alltför
610 1001 216 38 provisoriskt
854 1000 187 38 utförande,
1069 1000 203 33 beräknades
1301 1000 72 32 med
1403 999 178 38 inräkning
1609 1011 40 20 av

144 1045 117 37 10,000
283 1044 119 32 kronor
423 1044 52 32 för
496 1043 393 33 automobilverkstadens
911 1042 199 33 inventarier
1132 1042 102 38 draga
1256 1054 39 20 en
1316 1041 139 33 kostnad
1478 1054 40 20 av
1540 1042 11 31 i
1572 1045 78 28 runt

143 1087 47 32 tal
216 1087 141 37 250,000
381 1086 129 32 kronor.

188 1129 65 32 För
282 1128 60 32 den
371 1128 190 32 nuvarande
602 1127 320 38 postdiligenslinjen
965 1119 213 50 Övertorneå
1184 1126 341 38 —Tärendö—Pajala
1568 1125 82 32 hade

143 1171 158 38 uppförts
323 1169 318 40 garagebyggnader
663 1170 12 31 i
697 1166 201 35 Övertorneå
920 1169 57 32 och
1000 1168 128 39 Pajala,
1152 1169 137 32 vardera
1310 1168 229 39 inrymmande
1561 1167 89 39 plats

145 1213 52 32 för
216 1214 58 31 två
293 1213 199 32 omnibusar.
536 1211 116 33 Skulle
673 1212 177 38 postlinjen
870 1211 94 39 givas
985 1223 38 21 en
1045 1223 106 20 annan
1172 1211 186 38 slutpunkt,
1381 1214 113 35 syntes
1514 1221 136 28 garage-

144 1255 197 38 byggnaden
367 1255 12 32 i
404 1254 117 38 Pajala
548 1254 178 33 eventuellt
752 1254 114 32 kunna
891 1257 173 35 övertagas
1093 1253 51 32 för
1172 1252 299 39 automobillinjens
1498 1252 153 38 räkning.

145 1297 65 32 För
238 1297 244 38 nedbringande
512 1308 40 20 av
581 1296 233 38 anläggnings-
844 1295 58 32 och
932 1295 304 33 driftkostnaderna
1265 1296 11 31 i
1308 1291 200 36 Övertorneå
1537 1298 114 34 syntes

145 1339 181 33 samarbete
348 1339 120 32 mellan
491 1342 125 29 statens
637 1338 178 38 järnvägar
837 1338 57 31 och
918 1337 189 39 postverket
1128 1337 80 32 böra
1229 1337 131 32 komma
1381 1337 54 32 till
1458 1337 106 32 stånd.

190 1382 75 32 Med
282 1381 137 38 ledning
436 1393 43 20 av
496 1381 62 31 den
575 1380 207 32 verkställda
800 1379 339 38 trafikberäkningen
1157 1379 60 32 och
1234 1378 105 33 under
1356 1378 296 39 hänsynstagande

146 1423 54 32 till
226 1423 140 33 behovet
392 1435 42 20 av
462 1434 148 21 reserver
635 1422 85 32 hade
747 1434 38 20 en
812 1421 176 39 vagnpark
1016 1433 42 20 av
1086 1421 148 38 följande
1262 1421 303 38 sammansättning
1593 1420 60 33 och

145 1466 143 32 kostnad
306 1465 180 32 beräknats
505 1464 215 38 erforderlig:

1285 1547 118 25 Kostnad
1422 1546 91 32 (enligt
1531 1547 74 24 offert

1287 1581 55 24 från
1362 1582 93 23 svensk
1473 1579 139 31 verkstad),

1398 1616 92 23 kronor

1280 1656 45 24 per
1343 1649 76 24 enhet
1495 1648 104 24 Summa

211 1691 15 24 4
245 1692 248 31 personomnibusar,
512 1692 106 24 vardera
636 1692 56 24 med
711 1690 31 26 19
761 1692 145 31 sittplatser
924 1690 88 32 (6-cyl.
1031 1690 92 30 motor)
1166 1710 4 4 .
1200 1710 4 4 .
1233 1710 4 4 .
1267 1710 4 4 .
1305 1689 92 31 21,950
1499 1688 91 32 87,800

210 1732 17 26 8
244 1734 220 24 lastautomobiler
491 1732 26 31 (3
536 1733 69 30 tons)
632 1734 56 24 med
706 1734 114 30 inbyggd
838 1734 138 31 förarhytt,
995 1733 172 25 standardfiak
1187 1732 87 32 (6-cyl.

277 1767 92 26 MOtOr)
393 1761 23 40 oo
427 1761 38 40 sor
495 1787 37 4 se
628 1786 106 5 rr
763 1786 38 5 rr
830 1786 38 5 rr
898 1786 38 5 rr
965 1786 72 5 rr
1118 1786 54 5 rr
1201 1785 72 5 ess
1307 1761 91 40 16,350
1484 1764 107 31 130,800

211 1808 16 25 2
243 1809 57 24 helt
311 1809 129 31 inbyggda
453 1810 248 30 paketautomobiler
712 1810 56 23 med
781 1808 39 25 2.5
835 1812 58 22 tons
905 1810 166 30 lastförmåga
1083 1808 88 32 (6-cyl.
1185 1808 91 30 motor)
1307 1807 92 31 17,550
1500 1806 92 32 35,100

212 1851 15 24 2
245 1851 119 30 enaxliga
383 1853 154 29 släpvagnar
560 1871 4 4 .
596 1845 22 42 so
627 1845 96 42 ooomo
738 1871 28 4 os
795 1871 38 4 ss
863 1871 38 4 ss
932 1871 36 4 rr
998 1871 38 4 ss
1066 1871 38 4 rr
1134 1871 37 4 rs
1213 1870 59 5 ss
1322 1844 76 42 2,500
1516 1848 75 32 5,000

211 1892 16 25 4
245 1893 134 30 tvåaxliga
455 1901 9 12 ere
692 1913 75 4 rer
797 1913 37 5 rr
865 1913 37 4 rr
932 1914 37 4 rr
999 1914 38 4 rr
1067 1914 37 4 rr
1167 1889 47 39 Ks
1235 1913 38 4 es
1323 1888 79 40 5,000
1500 1891 92 28 20.000

1282 1944 184 25 Totalkostnad
1484 1940 109 33 278,700

194 2054 65 32 För
282 2054 89 38 gång
394 2052 158 33 vintertid
577 2051 107 32 skulle
708 2050 153 38 samtliga
886 2060 125 27 vagnar
1036 2051 148 29 utrustas
1208 2047 72 32 med
1305 2046 209 38 tvillinghjul
1540 2045 52 32 för
1617 2056 38 21 en

150 2095 226 38 sammanlagd
398 2094 140 33 kostnad
561 2105 39 20 av
624 2093 117 38 30,500
764 2092 129 32 kronor.
940 2091 74 32 Som
1038 2089 261 39 räntedragande
1321 2088 130 39 kapital
1473 2087 183 32 tillkomme

150 2138 195 39 ytterligare
375 2136 180 33 kostnaden
587 2135 51 32 för
667 2134 170 32 hållandet
868 2145 40 20 av
939 2132 286 38 reservdelslager,
1257 2130 184 39 snöplogar,
1473 2129 183 38 lastvagns-

150 2180 154 33 tillbehör
325 2179 57 32 och
404 2178 121 39 dylikt,
546 2177 111 32 vilken
677 2180 162 35 upptoges
860 2176 11 31 i
893 2176 119 37 45,000
1032 2175 130 31 kronor.
1205 2174 73 32 Den
1301 2172 246 38 sammanlagda
1568 2171 88 32 kost-

151 2223 103 32 naden
284 2222 52 32 för
364 2220 300 38 automobillinjens
691 2219 194 37 utrustning
912 2217 72 33 med
1015 2216 150 33 rullande
1194 2216 148 32 materiel
1372 2215 102 38 jämte
1502 2213 155 33 tillbehör

151 2265 107 33 skulle
283 2264 101 33 alltså
407 2263 131 32 komma
561 2265 49 29 att
634 2261 114 39 uppgå
771 2261 53 32 till
850 2260 94 33 cirka
968 2260 142 37 355,000
1135 2259 128 37 kronor,
1289 2257 106 33 vilket
1420 2256 140 39 tillhopa
1584 2256 73 32 med

152 2306 207 34 förestående
382 2305 139 33 kostnad
546 2304 52 32 för
623 2305 89 32 fasta
735 2303 243 38 anläggningar
1001 2302 83 38 gåve
1108 2305 48 29 ett
1180 2299 203 39 totalbelopp
1408 2311 40 21 av
1474 2300 10 31 i
1509 2303 77 29 runt
1611 2298 46 33 tal

153 2350 140 37 600,000
314 2349 129 31 kronor.

196 2391 19 32 I
234 2392 91 32 detta
344 2390 119 39 belopp
483 2389 134 39 inginge
639 2388 41 33 då
700 2388 29 38 ej
751 2387 61 33 den
832 2387 55 33 till
907 2387 92 32 cirka
1021 2387 141 37 100,000
1182 2385 118 32 kronor
1321 2384 185 33 beräknade
1528 2384 129 31 kostna-

152 2435 59 32 den
242 2434 53 32 för
323 2431 419 40 snöskyddsanordningar,
771 2429 113 32 vilken
913 2428 138 33 kostnad
1083 2428 145 38 antagits
1258 2427 130 32 komma
1419 2431 49 28 att
1497 2426 160 32 bestridas

153 2476 71 32 med
248 2473 405 35 automobilskattemedel.
