1932 2816
615 158 260 29 Statsutskottets
891 157 165 29 utlåtande
1075 157 47 28 Nr
1146 160 27 26 9.
1614 153 36 30 11

189 247 74 32 Med
301 245 240 39 tillstyrkande
578 257 41 20 av
656 244 128 37 Kungl.
823 243 118 38 Maj:ts
969 242 219 40 förevarande
1216 242 140 37 förslag,
1382 241 193 32 hemställer
1600 244 50 28 ut-

142 296 134 38 skottet,

499 374 52 28 att
576 369 177 38 riksdagen
777 370 53 31 må
856 369 53 31 för
931 368 103 38 inköp
1060 368 53 32 för
1136 367 280 38 telegrafverkets
1441 366 144 37 räkning
1610 377 41 20 av

457 423 122 29 tomten
599 433 40 19 nr
658 422 18 30 4
697 423 11 29 i
729 420 167 31 kvarteret
917 419 124 38 Gefion
1060 420 12 30 i
1092 418 132 32 Skövde
1244 420 87 29 samt
1349 415 211 39 uppförande
1579 415 72 31 där-

456 471 112 31 städes
596 482 41 20 uv
668 482 39 19 en
736 469 306 38 stationsbyggnad
1073 469 53 30 för
1154 467 199 38 budgetåret
1382 463 185 41 1929/1930
1597 476 55 20 an-

452 521 73 31 visa
547 524 48 28 ett
615 519 341 38 reservationsanslag
976 530 42 20 av
1039 519 139 36 150,000
1198 517 133 31 kronor.

190 670 94 39 12:0)
337 670 128 38 Kungl.
492 670 103 37 Maj:t
618 670 61 31 har
708 668 126 39 (punkt
860 667 57 40 11)
950 668 179 38 föreslagit
1154 666 178 38 riksdagen
1358 668 51 29 att
1434 665 54 31 för
1514 664 139 31 fortsatt
1665 670 134 25 Fortsatt
1821 670 44 24 ut-

145 720 194 39 utveckling
357 733 43 20 av
418 724 127 28 statens
564 720 137 32 telefon-
721 720 59 31 och
797 718 291 39 telegrafväsende
1107 718 53 31 för
1178 717 199 38 budgetåret
1395 712 184 42 1929/1930
1597 726 55 20 an-
1664 698 137 68 veckling
1825 709 40 53 Av

143 773 73 31 visa
240 776 48 28 ett
309 771 342 38 reservationsanslag
674 783 41 19 av
740 771 172 37 6,500,000
933 769 134 32 kronor.
1693 770 64 26 fon-
1776 769 64 45 och

188 822 229 38 Utredningen
439 822 12 31 i
472 821 136 33 ärendet
628 821 182 32 återfinnes
832 821 19 31 å
872 820 63 33 sid.
957 820 130 32 38—40
1108 830 41 20 av
1170 817 185 39 åberopade
1375 815 277 38 statsrådsproto-
1675 803 179 60 telegrafvi-

144 847 115 70 kollet.
1722 878 82 42 (11.]

189 972 377 38 Departementschefen
586 971 61 32 har
666 971 11 32 i
699 971 136 32 ärendet
852 989 44 4 —
915 970 74 32 med
1010 969 166 33 förmälan
1196 971 52 29 att
1268 966 312 39 telegrafstyrelsen
1602 965 53 32 för

146 1022 198 38 budgetåret
363 1019 186 42 1929/1930
568 1022 119 38 begärt
702 1025 48 28 ett
767 1021 119 38 anslag
904 1021 54 32 för
977 1019 191 33 ändamålet
1184 1031 42 20 av
1245 1019 173 38 7,000,000
1435 1017 123 32 kronor
1575 1016 81 33 eller

147 1085 126 21 samma
299 1073 130 39 belopp,
455 1085 69 21 som
550 1073 150 33 anvisats
727 1072 54 32 för
804 1070 225 34 innevarande
1053 1070 167 38 budgetår
1243 1089 45 3 —
1312 1068 116 33 vidare
1454 1067 114 42 anfört
1593 1066 62 32 föl-

144 1123 115 38 jande:

192 1174 245 32 »Beträffande
457 1173 328 33 rundradiorörelsen
804 1173 56 32 får
877 1172 59 38 jag
955 1171 161 39 meddela,
1135 1174 52 29 att
1205 1170 136 39 jämlikt
1359 1181 42 21 av
1420 1168 180 38 riksdagen
1620 1168 38 31 år

149 1217 84 32 1926
252 1216 90 39 gjort
360 1216 175 32 uttalande
555 1228 51 20 om
624 1215 261 39 ifrågavarande
905 1214 138 38 anslags
1062 1213 218 33 användande
1299 1212 54 39 till
1372 1211 200 39 ytterligare
1591 1214 64 28 sta-

148 1259 107 32 tioner
280 1259 54 31 för
360 1258 293 33 rundradionätets
677 1257 261 39 komplettering
965 1256 129 38 Kungl.
1121 1255 103 38 Maj:t
1250 1255 62 32 den
1338 1256 40 31 13
1404 1254 64 37 juli
1495 1254 84 31 1928
1604 1252 53 32 be-

147 1301 178 38 myndigat
346 1300 315 39 telegrafstyrelsen
683 1304 51 28 att
756 1301 12 30 i
790 1299 133 33 trakten
947 1311 42 20 av
1014 1298 118 39 Hörby
1154 1298 12 31 i
1191 1297 111 33 Skåne
1324 1297 148 38 uppföra
1496 1308 39 20 en
1559 1295 97 32 rund-

150 1343 218 32 radiostation
392 1343 75 32 med
492 1354 40 20 en
556 1341 236 33 antenneffekt
814 1353 42 21 av
881 1340 156 38 omkring
1064 1342 39 31 10
1127 1339 157 33 kilowatt
1309 1339 54 32 för
1386 1350 39 20 en
1448 1337 144 33 kostnad
1616 1349 42 20 av

149 1386 141 38 295,000
315 1385 123 32 kronor
461 1388 51 29 att
535 1385 83 37 utgå
642 1396 42 20 av
710 1384 105 37 sagda
838 1383 131 39 anslag.
1006 1383 120 37 Enligt
1148 1382 66 32 vad
1238 1382 58 38 jag
1320 1381 167 32 inhämtat
1510 1380 61 32 har
1596 1380 61 31 den

147 1439 67 26 nya
234 1427 347 32 rundradiostationen
601 1426 178 33 beräknats
798 1426 113 32 kunna
929 1429 99 34 tagas
1046 1426 12 31 i
1076 1424 86 33 bruk
1181 1424 58 32 vid
1259 1423 179 32 årsskiftet
1459 1420 198 37 1928/1929.

191 1470 77 32 Vad
295 1470 104 38 angår
427 1469 122 39 frågan
576 1481 51 20 om
652 1468 205 39 utläggande
883 1479 42 21 av
952 1480 39 20 en
1018 1479 46 27 ny
1090 1466 225 33 telefonkabel
1342 1465 54 33 till
1424 1464 157 38 Gotland,
1609 1464 47 37 så,

148 1517 79 27 enär
253 1512 104 32 behov
382 1524 42 20 av
450 1511 200 39 ytterligare
675 1510 352 33 telefonförbindelser
1049 1509 74 33 med
1149 1509 106 32 denna
1282 1508 52 32 del
1359 1520 42 20 av
1426 1507 115 32 landet
1565 1506 93 33 torde

150 1554 178 38 föreligga,
353 1554 99 39 lärer,
478 1554 114 32 därest
616 1553 179 39 riksdagen
820 1553 73 32 icke
920 1553 150 32 däremot
1092 1552 130 32 uttalar
1247 1551 109 38 någon
1382 1550 144 37 erinran,
1552 1549 106 38 sagda

148 1597 224 32 telefonkabel
390 1597 44 38 på
451 1600 69 29 sätt
539 1596 166 39 styrelsen
720 1596 114 32 anfört
849 1596 80 31 böra
947 1595 133 32 komma
1095 1594 55 33 till
1168 1593 179 33 utförande
1364 1593 75 32 med
1457 1592 106 33 medel
1581 1592 77 32 från

149 1639 219 33 förevarande
389 1638 131 39 anslag.

194 1682 121 38 Enligt
336 1681 66 32 vad
427 1681 59 39 jag
508 1681 168 32 inhämtat
699 1685 37 27 är
760 1680 56 32 det
839 1680 53 32 för
917 1680 142 31 fortsatt
1080 1677 196 39 utveckling
1301 1690 41 20 av
1367 1680 128 30 statens
1520 1676 138 33 telefon-

149 1724 60 33 och
231 1723 292 39 telegrafväsende
545 1723 55 32 för
620 1723 199 37 budgetåret
843 1720 186 40 1929/1930
1052 1721 124 32 äskade
1198 1720 164 40 beloppet,
1387 1720 174 37 7,000,000
1584 1719 74 32 kro-

149 1778 69 27 nor,
236 1769 110 29 avsett
363 1769 52 29 att
431 1765 172 33 användas
621 1765 74 32 med
716 1765 172 37 5,000,000
906 1764 123 32 kronor
1048 1764 54 32 för
1121 1763 202 35 lokalnäten,
1344 1763 174 38 1,100,000
1538 1761 121 32 kronor

150 1809 54 32 för
229 1808 124 33 blanka
380 1808 177 38 ledningar
582 1808 88 31 inom
698 1807 174 34 riksnätet,
899 1807 142 37 300,000
1067 1805 123 32 kronor
1216 1805 53 32 för
1294 1816 67 27 nya
1386 1804 272 37 växelstationer,

150 1852 140 37 200,000
307 1850 123 32 kronor
448 1851 54 31 för
519 1849 256 33 radiostationer
792 1852 88 29 samt
897 1849 143 36 400,000
1057 1848 122 31 kronor
1197 1847 54 33 för
1268 1847 216 32 oförutsedda
1502 1846 156 38 utgifter.

151 1893 116 33 Såsom
291 1893 11 32 i
328 1892 201 39 föregående
553 1893 54 31 års
632 1890 433 39 statsverkspropositioner
1087 1890 154 37 uttalats,
1266 1894 38 27 är
1327 1889 184 32 emellertid
1537 1888 121 33 försik-

149 1935 109 39 tighet
278 1935 160 39 påkallad
457 1935 57 32 vid
533 1933 231 39 nedläggande
785 1945 42 20 av
847 1932 201 39 ytterligare
1067 1932 133 38 kapital
1221 1943 43 21 av
1284 1931 182 32 lånemedel
1484 1931 12 32 i
1516 1942 67 26 nya
1603 1942 56 21 an-

149 1979 205 38 läggningar
379 1978 54 32 för
456 1976 274 39 telegrafverket.
778 1976 76 32 Med
877 1976 132 37 hänsyn
1034 1974 117 33 härtill
1177 1975 112 31 finner
1311 1974 59 38 jag
1394 1973 70 38 mig
1488 1973 171 33 nödsakad

151 2022 124 32 föreslå
292 2033 38 20 en
347 2020 218 38 nedsättning
583 2020 11 31 i
611 2019 56 33 det
682 2031 42 20 av
743 2018 165 39 styrelsen
926 2017 124 33 äskade
1067 2017 156 39 beloppet
1239 2017 55 32 till
1313 2017 173 38 6,500,000
1504 2016 154 32 kronor.»

194 2113 184 39 Utskottet,
397 2124 69 21 som
484 2113 10 32 i
513 2112 108 32 likhet
638 2111 74 33 med
731 2109 364 40 departementschefen
1113 2110 107 32 måste
1238 2120 79 21 anse
1338 2108 60 39 fog
1417 2108 168 38 föreligga
1606 2107 55 32 för
1699 2120 156 28 pUiskottets

150 2177 38 20 en
215 2164 216 38 nedsättning
455 2175 44 20 av
524 2163 55 32 det
603 2175 42 20 av
670 2161 314 39 telegrafstyrelsen
1010 2159 147 40 begärda
1181 2159 304 38 anslagsbeloppet,
1512 2159 55 31 får
1592 2158 67 33 till-
1699 2154 144 35 yttrande.

151 2214 119 40 styrka
291 2213 129 39 Kungl.
439 2213 119 39 Maj:ts
579 2212 131 38 förslag
729 2223 50 21 om
798 2211 171 39 anslagets
990 2210 248 33 bestämmande
1257 2209 55 33 till
1332 2210 175 38 6,500,000
1526 2208 134 33 kronor.

194 2265 173 34 Utskottet
386 2264 195 33 hemställer
600 2263 111 39 alltså,

506 2351 52 30 att
580 2347 179 39 riksdagen
780 2347 54 32 må
856 2346 55 33 för
932 2347 140 38 fortsatt
1092 2345 194 39 utveckling
1308 2356 41 21 av
1372 2347 129 30 statens
1523 2343 136 40 telefon-

462 2400 61 32 och
544 2398 288 39 telegrafväsende
853 2397 54 33 för
925 2396 200 39 budgetåret
1146 2393 185 41 1929/1930
1353 2395 118 33 anvisa
1491 2398 48 30 ett
1559 2406 101 21 reser-

462 2449 254 38 vationsanslag
735 2460 42 21 av
795 2448 174 38 6,500,000
987 2447 133 33 kronor.
