1946 2818
636 152 230 28 Statsutskottets
888 152 153 27 utlåtande
1063 151 43 28 Nr
1131 153 26 26 9.
1627 148 38 30 37

158 234 101 33 alltså
279 229 187 60 angeläget,
487 236 49 28 att
555 231 364 49 vattenfallsstyrelsen
941 231 53 32 för
1013 235 51 28 att
1083 231 113 31 kunna
1214 230 177 38 tillgodose
1414 230 250 32 framträdande

159 276 210 37 efterfrågan
396 276 44 37 på
467 275 94 32 kraft
587 275 11 30 i
626 278 67 28 rätt
719 274 49 32 tid
796 274 60 31 har
882 273 210 38 tillräckliga
1120 272 243 38 anslagsmedel
1391 272 53 32 till
1474 273 58 33 sitt
1560 272 104 32 förfo-

156 318 108 44 gande
283 317 53 31 för
355 317 180 32 utförande
552 329 41 19 av
611 316 222 37 erforderliga
853 314 287 39 nyanläggnings-
1160 315 59 31 och
1238 314 426 39 kompletteringsarbeten.

160 357 96 35 Även
281 360 72 32 med
379 359 185 32 beaktande
590 370 41 20 av
658 358 95 32 dessa
779 358 211 38 synpunkter
1015 358 87 32 lärer
1129 357 82 32 dock
1236 369 38 20 en
1301 357 216 38 nedsättning
1542 369 42 19 av
1611 357 54 32 det

160 414 41 19 av
245 401 365 38 vattenfallsstyrelsen
654 401 53 31 för
748 399 273 33 nästkommande
1054 399 163 38 budgetår
1250 398 124 32 äskade
1407 398 152 39 beloppet
1592 399 71 31 med

160 444 140 38 700,000
320 443 121 32 kronor
461 454 80 20 vara
561 442 148 38 möjlig.»

204 543 76 32 Med
304 542 240 38 tillstyrkande
569 553 42 20 av
649 541 128 38 Kungl.
805 541 118 37 Maj:ts
962 540 217 32 förevarande
1218 540 130 38 förslag
1385 540 194 32 hemställer
1615 543 50 28 ut-

161 593 133 38 skottet,

514 661 49 29 att
591 657 179 39 riksdagen
798 657 54 31 må
879 657 53 32 för
960 656 178 32 utförande
1166 668 40 20 av
1233 656 432 38 distributionsanläggnin-

469 720 61 26 gar
556 709 60 31 och
642 708 136 32 därmed
805 705 328 40 sammanhängande
1159 707 133 32 arbeten
1319 707 58 32 vid
1404 709 126 29 statens
1559 706 106 38 kraft-

469 760 79 31 verk
578 758 54 32 för
659 757 199 39 budgetåret
888 754 183 42 1929/1930
1102 756 115 32 anvisa
1248 760 46 28 ett
1325 755 341 39 reservationsanslag

468 821 41 20 av
531 809 172 37 2,300,000
723 807 132 32 kronor.

205 908 94 41 32:0)
345 910 18 31 I
393 909 147 38 enlighet
568 909 72 31 med
671 907 128 40 Kungl.
830 907 119 38 Maj:ts
980 907 131 39 förslag
1145 906 123 40 (punkt
1300 906 58 40 30)
1393 906 193 32 hemställer
1615 909 50 29 ut-
1703 912 97 33 Inköp
1820 919 36 19 av

161 956 124 49 skottet
1700 945 161 27 vattenfall

289 988 7 12 ?
1678 987 37 18 m.
1732 987 39 18 m.
1801 979 80 26 samt

516 1021 50 28 att
595 1016 179 39 riksdagen
803 1016 54 32 må
886 1016 53 32 för
966 1016 103 38 inköp
1098 1027 41 21 av
1168 1016 180 38 vattenfall
1377 1016 61 32 och
1467 1015 199 39 fastigheter
1697 1012 165 60 utförande

1761 1053 93 26 nyan-

468 1072 87 28 samt
574 1067 179 39 utförande
770 1078 41 21 av
831 1066 307 39 nyanläggningar,
1165 1065 4 31 i
1189 1065 60 32 den
1269 1066 75 31 mån
1365 1065 127 32 sådana
1510 1065 156 39 åtgärder
1689 1050 196 66 läggningar.

470 1117 168 33 erfordras
662 1117 53 32 för
738 1116 266 39 ändamålsenlig
1026 1115 196 39 utveckling
1244 1127 40 21 av
1308 1118 125 29 statens
1456 1115 210 32 kraftverks-
1698 1111 18 56 =
1745 1120 81 43 [30.]

471 1167 121 33 rörelse
620 1167 59 33 och
706 1167 73 32 icke
806 1166 113 33 kunna
947 1170 81 28 utan
1058 1166 173 39 synnerlig
1259 1165 177 39 olägenhet
1464 1165 203 39 uppskjutas

469 1218 12 32 i
501 1217 142 33 avbidan
664 1218 44 37 på
728 1216 139 33 särskilt
887 1215 280 40 riksdagsbeslut,
1188 1216 53 32 för
1262 1215 199 39 budgetåret
1483 1213 183 42 1929/1930

471 1268 115 33 anvisa
605 1271 47 29 ett
671 1267 343 38 reservationsanslag
1032 1278 42 20 av
1094 1267 140 38 500,000
1253 1266 132 38 kronor,
1406 1270 49 28 att
1475 1266 192 38 disponeras

471 1318 86 32 efter
578 1317 128 39 Kungl.
729 1317 119 38 Maj:ts
871 1316 166 39 prövning
1058 1317 60 32 och
1141 1316 199 39 avgörande.

207 1410 223 33 Beträffande
451 1413 102 29 sättet
573 1410 52 31 för
644 1409 183 32 beredande
846 1421 41 20 av
906 1408 162 39 täckning
1088 1408 53 32 för
1162 1409 38 31 de
1219 1408 62 32 här
1300 1420 84 20 ovan
1404 1407 190 39 tillstyrkta
1615 1419 53 21 an-

164 1461 115 39 slagen
302 1461 147 32 kommer
472 1460 163 32 utskottet
659 1463 50 29 att
733 1458 180 33 framdeles
938 1459 104 32 under
1067 1458 179 39 riksdagen
1271 1458 123 39 avgiva
1418 1458 184 33 utlåtande.

210 1562 191 33 Stockholm
423 1562 61 31 den
507 1562 18 32 8
545 1573 88 20 mars
656 1561 94 32 1929.

656 1677 50 33 På
731 1677 267 33 statsutskottets
1025 1682 144 34 vägnar:

676 1753 33 34 S.
732 1754 44 33 H.
798 1752 354 34 KVARNZELIUS.

245 2080 62 28 Vid
329 2079 197 29 förestående
546 2078 130 30 ärendes
696 2077 259 35 slutbehandling
976 2077 84 29 inom
1082 2077 155 29 utskottet
1255 2076 80 29 hava
1356 2076 158 29 närvarit:

204 2130 73 29 från
309 2130 150 29 första
490 2130 194 28 kammaren:
718 2129 110 28 herrar
849 2128 31 29 S.
901 2129 41 27 H.
966 2128 218 32 Kvarnzelius,
1205 2128 36 27 A.
1263 2127 33 29 C.
1317 2127 166 33 Lindblad,
1502 2127 32 29 J.
1555 2127 33 28 L.
1611 2126 61 29 Wi-

165 2172 73 35 dell,
258 2173 33 29 O.
309 2172 177 35 Bergqvist,
504 2172 31 29 J.
553 2171 129 29 Nilsson
707 2172 5 27 i
730 2171 126 34 Malmö,
875 2171 33 29 CO.
926 2172 36 28 P.
984 2171 34 28 V.
1038 2170 130 29 Nilsson
1185 2170 11 28 i
1214 2170 154 34 Gränebo,
1388 2169 33 29 C.
1441 2170 37 28 A.
1497 2170 147 28 Carlsson
1663 2169 10 27 i

164 2216 107 32 Gävle,
291 2216 34 28 P.
347 2216 36 27 A.
405 2215 93 32 Dahl,
518 2214 39 29 N.
578 2214 31 29 J.
630 2214 42 28 M.
694 2213 156 29 Svensson
872 2214 11 27 i
903 2213 248 35 Kompersmåla,
1173 2212 32 30 OC.
1226 2212 26 28 I.
1272 2212 157 35 Asplund,
1448 2211 31 29 J.
1502 2212 35 28 G.
1559 2212 114 29 Walles

164 2259 57 27 och
241 2259 35 28 P.
297 2258 37 29 A.
353 2258 198 34 Bergström;

205 2316 73 30 från
307 2317 137 28 andra
472 2317 194 27 kammaren:
685 2315 109 29 herrar
813 2316 37 28 A.
871 2315 163 29 Anderson
1053 2315 11 28 i
1082 2314 145 34 Råstock,
1246 2315 36 27 A.
1304 2313 150 30 Wiklund
1472 2314 10 28 i
1502 2313 171 34 Brattfors,

164 2360 35 27 P.
217 2359 128 29 Nilsson
363 2360 11 28 i
393 2359 137 34 Bonarp,
548 2359 32 29 C.
599 2359 36 29 BR.
654 2358 138 29 Jansson
809 2359 11 28 i
839 2357 114 36 Falun,
972 2357 31 29 S.
1021 2357 176 35 Bengtsson
1215 2358 11 27 i
1244 2357 122 34 Norup,
1385 2356 34 29 O.
1439 2356 110 29 Olsson
1565 2357 11 28 i
1593 2355 80 29 Kul-

165 2401 227 35 lenbergstorp,
409 2401 34 30 L.
462 2401 32 29 J.
512 2400 343 33 Carlsson-Frosterud,
874 2401 34 28 P.
927 2400 41 28 M.
989 2400 110 29 Olsson
1117 2400 11 28 i
1147 2399 165 34 Blädinge,
1330 2399 38 29 A.
1386 2397 101 30 Ä:son
1505 2397 168 30 Törnkvist

169 2446 11 27 i
200 2444 206 35 Karlskrona,
426 2444 34 28 B.
479 2445 101 28 F:son
611 2444 184 34 Holmgren,
814 2443 35 28 E.
868 2443 31 28 J.
922 2442 153 35 Wigforss
1095 2442 56 29 och
1171 2442 30 29 J.
1224 2442 147 35 Olofsson
1391 2442 11 27 i
1422 2442 172 34 Digernäs;
