2195 2667
715 177 227 28 Statsutskottets
971 175 153 28 Utlåtande
1147 174 56 28 N:o
1227 175 27 27 9.
1750 167 39 30 30

278 258 80 35 Den
396 257 40 36 af
464 253 403 51 departementschefen
898 252 171 37 lämnade
1095 251 249 47 utredningen
1371 251 11 34 i
1410 249 100 36 detta
1537 247 134 37 ärende
1699 246 90 36 åter-

178 311 117 35 finnes
324 309 20 36 å
372 308 65 37 sid.
468 308 195 36 150-—166
692 307 12 35 i
732 304 414 47 statsrådsprotokollet.

281 411 57 36 Då
366 411 179 36 utskottet
572 408 40 37 af-
634 408 100 36 hvad
762 409 9 34 i
801 406 151 37 ärendet
980 405 138 36 anförts
1146 404 135 45 funnit,
1309 408 54 31 att
1391 403 71 35 den
1490 400 140 50 fysiska
1649 400 141 35 institu-

181 464 127 35 tionen
344 462 63 35 vid
443 461 253 36 universitetet
731 460 2 34 i
761 458 166 47 Uppsala
960 464 37 28 är
1025 458 11 33 i
1064 455 114 37 behof
1202 454 41 36 af
1265 467 51 35 ny
1344 454 111 41 lokal,
1484 453 68 35 och
1580 451 122 47 någon
1730 464 62 22 an-

181 514 198 47 märkning
398 517 99 32 emot
517 511 70 37 den
606 509 211 48 uppgjorda
835 507 330 47 byggnadsplanen
1186 507 80 35 icke
1279 504 246 44 förekommit,
1542 502 56 36 får
1612 503 180 35 utskottet

180 565 205 43 hemställa,

685 617 54 30 att
778 610 223 45 Riksdagen,
1043 609 84 36 med
1154 607 106 37 bifall
1295 607 60 36 till
1390 605 137 46 Kungl.
1553 604 120 47 Maj:ts
1700 603 93 36 före-

584 663 164 37 varande
775 661 285 45 framställning,
1080 659 60 36 må
1158 660 59 34 till
1236 657 241 49 uppförande,
1496 657 12 35 i
1526 655 268 45 hufvudsaklig

586 713 379 38 öfverensstämmelse
992 711 84 36 med
1105 709 210 49 uppgjorda
1341 708 183 46 ritningar
1551 706 69 36 och
1642 705 151 46 förslag,

586 764 41 37 af
660 778 43 23 en
737 763 228 49 nybyggnad
993 762 58 36 för
1078 762 71 35 den
1175 761 140 48 fysiska
1340 759 258 36 institutionen
1625 757 64 48 vid
1716 758 78 34 uni-

586 817 188 35 versitetet
807 816 5 35 i
840 814 165 47 Uppsala
1033 813 133 45 bevilja
1195 817 51 31 ett
1274 812 128 44 anslag
1421 809 40 36 af
1477 810 158 41 297,080
1654 809 141 34 kronor

587 867 68 36 och
691 864 108 38 däraf
832 865 48 48 på
912 870 106 31 extra
1046 869 71 30 stat
1145 862 59 36 för
1230 862 41 36 år
1300 863 95 34 1906
1425 861 126 36 anvisa
1579 864 51 31 ett
1658 859 136 45 belopp

587 917 40 36 af
654 919 131 43 75,000
813 917 148 35 kronor.

287 1021 98 42 51:0)
422 1020 16 35 I
465 1019 202 36 anledning
704 1017 40 36 af
766 1017 138 46 Kungl.
932 1016 118 48 Maj:ts
1079 1015 128 36 därom
1234 1013 132 47 gjorda
1391 1012 277 44 framställning
1694 1011 100 35 hem-
1851 1006 75 39 mi.&

645 1052 21 14 a
1816 1040 167 23 universitets-

185 1073 124 36 ställer
337 1072 189 43 utskottet,
1814 1073 146 24 biblioteket
1978 1073 8 23 i

690 1124 53 30 att
776 1118 222 47 Riksdagen,
1026 1117 11 35 i
1065 1116 116 35 likhet
1208 1114 86 36 med
1321 1114 98 36 hvad
1446 1113 58 36 för
1531 1113 87 36 åren
1648 1113 146 35 1900—
1838 1107 117 32 Uppsala.

591 1172 94 35 1905
716 1176 61 41 ägt
803 1182 94 31 rum,
925 1168 60 36 må
1013 1167 46 48 på
1086 1172 106 31 extra
1218 1170 74 32 stat
1318 1164 59 37 för
1405 1164 40 36 år
1474 1165 94 35 1906
1598 1163 127 36 anvisa
1744 1167 51 32 ett
1856 1149 91 49 [45.]

588 1223 135 46 belopp
765 1220 41 36 af
831 1221 105 44 3,500
966 1221 138 39 kronor
1129 1218 60 35 till
1217 1217 175 42 arfvoden
1420 1215 37 36 åt
1485 1222 98 29 extra
1613 1214 182 36 ordinarie

589 1285 241 23 amanuenser
857 1272 60 35 vid
944 1268 417 38 universitetsbiblioteket
1395 1267 6 35 i
1436 1266 175 48 Uppsala.

289 1375 97 47 52:0)
415 1375 121 38 Sedan
564 1375 12 35 i
603 1374 202 44 anledning
828 1372 39 36 af
884 1372 134 47 Kungl.
1038 1370 118 48 Maj:ts
1175 1369 317 45 framställningar
1510 1367 210 45 Riksdagen
1738 1365 58 37 för
1831 1364 143 56 mande

183 1429 215 49 ulgifvande
439 1428 11 34 i
491 1426 98 48 tryck
631 1426 45 47 af
714 1424 259 47 vederbörligen
1013 1422 206 48 granskade
1248 1420 254 47 anteckningar
1530 1420 88 46 efter
1638 1417 158 50 föreläs-
1831 1432 8 22 i
1858 1415 69 47 tryck
1947 1431 27 23 af

187 1481 142 47 ningar,
371 1478 123 36 hållna
535 1478 95 35 inom
662 1475 186 48 juridiska
881 1473 245 48 fakulteterna
1169 1472 60 35 vid
1270 1471 104 35 rikets
1402 1470 214 43 universitet,
1645 1461 152 66 beviljat
1810 1461 190 66 sateckningar.

187 1530 47 47 på
276 1537 106 29 extra
423 1534 72 31 stat
533 1527 59 36 för
628 1526 198 36 hvartdera
853 1525 39 35 af
917 1524 86 36 åren
1034 1525 106 42 1901,
1171 1523 93 35 1902
1295 1522 66 35 och
1393 1522 95 35 1903
1517 1525 52 30 ett
1595 1520 136 47 belopp
1760 1518 35 36 Af
1807 1507 186 57 förelisningar.

186 1583 109 42 4,000
323 1582 149 43 kronor,
498 1578 59 37 för
589 1577 40 36 år
658 1579 94 34 1904
782 1582 51 31 ett
860 1576 129 44 anslag
1017 1573 40 36 af
1082 1575 106 44 6,000
1216 1574 139 34 kronor
1381 1578 95 29 samt
1493 1570 58 37 för
1570 1570 40 36 är
1631 1571 94 35 1905
1747 1574 51 32 ett
1854 1574 91 49 [46]

186 1633 136 47 belopp
352 1630 41 37 af
418 1632 107 42 5,000
553 1630 140 35 kronor
720 1633 54 30 att
801 1626 188 36 användas
1018 1625 115 45 enligt
1151 1624 46 35 de
1214 1631 171 28 närmare
1402 1621 239 45 föreskrifter,
1660 1620 136 47 Kungl.

188 1684 102 47 Maj:t
329 1682 126 36 kunde
493 1682 104 34 finna
636 1678 92 47 godt
767 1679 213 42 bestämma,
1013 1676 68 36 har
1109 1675 134 45 Kungl.
1270 1674 105 47 Maj:t
1400 1686 51 23 nu
1479 1672 191 46 föreslagit
1695 1671 102 36 Riks-

188 1735 119 46 dagen
335 1739 55 30 att
416 1732 59 36 för
503 1730 194 38 enahanda
724 1728 174 37 ändamål
924 1727 47 47 på
999 1733 105 30 extra
1130 1731 73 31 stat
1229 1724 57 37 för
1314 1727 53 34 år
1383 1725 94 35 1906
1507 1724 128 35 anvisa
1663 1727 52 32 ett
1741 1722 57 36 be-

188 1787 89 45 lopp
306 1784 39 36 af
373 1785 107 44 5,000
507 1783 148 35 kronor.

290 1887 190 36 Utskottet
506 1883 221 44 hemställer,

693 1937 54 31 att
783 1931 209 46 Riksdagen
1021 1929 62 37 må
1108 1928 59 37 för
1193 1927 220 48 utgifvande
1439 1927 13 35 i
1479 1926 106 44 tryck
1614 1924 41 37 af
1677 1925 124 36 veder-

591 1984 169 48 börligen
775 1981 208 47 granskade
997 1980 268 45 anteckningar
1280 1978 90 37 efter
1383 1977 279 48 föreläsningar,
1674 1976 128 36 hållna

591 2037 104 34 inom
708 2033 185 47 juridiska
910 2032 251 36 fakulteterna
1178 2030 65 37 vid
1260 2030 112 35 rikets
1391 2028 226 43 universitet,
1631 2027 49 46 på
1695 2032 106 30 extra

593 2091 72 31 stat
703 2085 59 35 för
789 2084 40 36 år
859 2085 93 35 1906
982 2083 127 36 anvisa
1137 2087 51 30 ett
1215 2081 136 46 belopp
1379 2078 40 37 af
1446 2081 106 43 5,000
1580 2079 140 35 kronor
1747 2085 54 29 att

593 2136 189 37 användas
824 2135 115 45 enligt
980 2134 45 35 de
1065 2140 170 29 närmare
1269 2130 238 45 föreskrifter,
1536 2128 136 49 Kungl.
1699 2128 103 49 Maj:t

592 2189 74 34 kan
693 2188 104 34 finna
824 2186 90 45 godt
941 2186 213 35 bestämma.
