1890 2802
467 178 394 36 Bevillningsutskottets
882 174 217 32 betänkande
1120 183 41 21 nr
1182 174 48 29 31.
1572 164 36 29 15

99 265 272 32 kostnadsindex
390 263 290 37 representerade,
704 260 185 31 bestående
910 269 42 20 av
976 268 92 25 man,
1090 258 124 29 hustru
1234 256 66 30 och
1322 255 99 30 cirka
1441 252 57 31 två
1520 253 88 29 barn

100 319 65 29 och
191 317 79 30 med
296 325 44 21 en
365 316 154 29 inkomst
548 324 42 20 av
616 312 161 35 omkring
803 312 19 29 5
836 311 63 29 000
928 311 138 32 kronor,
1095 308 109 30 skulle
1231 303 377 37 skatteomläggningen

99 369 165 30 innebära
289 377 41 21 en
355 364 323 38 utgiftsminskning
702 364 79 30 med
802 362 97 30 cirka
921 362 42 29 20
984 361 130 29 kronor
1133 368 61 27 per
1216 357 48 31 år.
1288 354 320 37 Beräkningsresul-

100 422 84 27 tatet
202 419 97 30 torde
318 416 190 31 emellertid
527 416 174 34 knappast
720 413 77 36 giva
815 415 46 27 ett
883 411 80 30 fullt
980 409 212 31 rättvisande
1214 407 137 36 uttryck
1371 406 56 30 för
1447 405 67 30 den
1532 404 75 30 fak-

101 470 90 30 tiska
209 465 571 36 levnadskostnadsförändringen.
799 463 65 31 Vid
882 462 236 35 beräkningen
1136 460 90 30 hade
1244 458 180 31 förutsatts
1443 460 47 26 att
1509 456 100 29 sänk-

101 521 127 36 ningen
244 530 42 20 av
304 517 368 36 omsättningsskatten
689 516 71 29 helt
775 515 141 29 komme
932 513 51 29 till
999 510 163 38 uttryck
1153 502 19 50 i
1182 509 91 30 form
1290 518 42 20 av
1353 506 255 37 prissänkning.

103 571 121 30 Denna
245 568 247 36 förutsättning
517 567 96 30 torde
636 566 89 30 dock
747 565 77 30 icke
848 573 84 21 vara
954 562 79 30 fullt
1053 560 181 31 realistisk.
1262 559 81 30 Man
1368 557 119 31 kunde
1507 556 104 36 enligt

102 622 193 30 nämndens
322 619 140 36 mening
485 618 76 30 icke
585 618 112 29 räkna
722 616 79 30 med
825 617 49 28 att
901 613 159 36 samtliga
1083 621 102 21 varor
1211 612 141 28 komme
1376 612 49 26 att
1449 607 127 36 sjunka
1599 606 12 30 i

102 673 71 36 pris
196 673 80 29 med
298 669 346 36 skattesänkningens
666 668 78 31 hela
764 666 137 35 belopp.
925 662 335 36 Skattesänkningen
1282 661 99 30 bleve
1402 660 12 29 i
1436 658 98 37 fråga
1556 667 56 21 om

103 732 102 21 varor
229 722 80 30 med
332 720 77 37 låga
430 720 109 36 priser
581 717 37 31 så
641 717 183 36 obetydlig,
847 719 49 27 att
917 715 66 30 den
1004 714 76 30 icke
1100 711 181 37 rimligtvis
1303 710 118 30 kunde
1444 711 135 33 uttagas
1600 707 12 29 i

104 774 92 30 form
214 783 41 20 av
271 770 255 38 prissänkning.
545 769 127 29 Vidare
688 777 81 21 vore
784 766 265 36 möjligheterna
1068 763 51 30 till
1134 762 151 31 kontroll
1304 771 42 20 av
1363 764 49 27 att
1429 769 42 20 en
1487 760 124 29 skatle-

105 824 172 36 sänkning
294 823 11 30 i
326 822 97 36 varje
441 821 63 30 fall
522 820 176 35 verkligen
717 818 71 30 helt
805 815 215 38 utnyttjades
1039 814 55 30 för
1113 823 42 21 en
1172 811 247 38 prissänkning
1437 810 76 30 icke
1533 809 79 29 full-

105 875 167 35 ständiga.
296 873 76 30 Den
393 871 300 35 omständigheten
715 871 50 28 att
785 864 416 34 levnadskostnadsindex
1224 863 111 30 skulle
1357 861 129 36 sjunka
1510 859 104 36 något

105 926 159 36 utgjorde
279 924 76 30 icke
373 927 48 26 ett
437 921 198 36 tillräckligt
655 920 76 30 stöd
748 919 55 30 för
821 919 194 33 slutsatsen,
1035 919 49 27 att
1102 915 41 30 de
1160 914 136 30 mindre
1314 913 300 34 inkomsttagarna

107 976 122 31 därvid
250 976 12 29 i
286 974 191 31 allmänhet
503 972 76 30 icke
606 971 111 30 skulle
740 968 37 31 få
800 969 195 29 vidkännas
1020 975 43 21 en
1088 965 149 37 stegring
1263 974 42 19 av
1331 962 282 31 levnadskostna-

106 1027 117 30 derna.
254 1026 45 30 Ju
325 1026 119 34 längre
470 1023 68 30 ned
564 1021 45 37 på
635 1020 279 31 inkomstskalan
941 1027 83 21 man
1051 1018 150 32 komme,
1234 1014 95 30 desto
1359 1014 109 29 större
1494 1011 121 30 relativ

107 1078 73 30 vikt
207 1077 3 30 i
234 1075 270 31 konsumtionen
528 1073 89 30 hade
645 1072 41 29 de
709 1071 209 30 elementära
939 1067 188 34 livsmedel,
1152 1076 74 21 som
1248 1075 48 20 nu
1322 1064 76 30 icke
1423 1062 192 31 drabbades

106 1138 43 20 av
169 1126 331 36 omsättningsskatt,
524 1125 65 30 och
607 1124 94 30 detta
719 1120 220 32 förhållande
959 1118 265 32 accentuerades
1243 1116 57 30 vid
1321 1116 81 30 ökat
1423 1113 193 31 barnantal.

108 1178 67 31 För
198 1178 42 30 de
264 1177 137 30 mindre
423 1174 204 31 bemedlade
648 1172 167 30 barnrika
838 1169 201 36 familjerna
1063 1168 109 30 skulle
1200 1165 265 36 omläggningen
1492 1172 123 21 sanno-

112 1231 63 29 likt
197 1229 167 30 innebära
388 1237 43 20 en
457 1222 503 36 levnadskostnadsfördyring.
987 1214 26 36 Å
1037 1220 109 30 andra
1173 1219 99 30 sidan
1296 1217 112 30 skulle
1432 1215 189 31 tendensen

108 1280 50 31 till
179 1279 172 36 sänkning
369 1287 41 21 av
428 1275 379 32 levnadskostnaderna
826 1272 202 34 förstärkas,
1051 1271 38 36 ju
1106 1271 107 34 högre
1233 1278 71 26 upp
1322 1267 47 37 på
1387 1266 231 31 inkomstska-

108 1332 59 29 lan
187 1340 83 21 man
291 1330 150 29 komme.
466 1327 257 30 Motionärerna
746 1324 119 30 tänkte
885 1322 60 36 sig,
967 1324 49 30 att
1036 1321 41 30 de
1096 1319 166 31 barnrika
1286 1317 201 36 familjerna
1508 1311 110 44 skulle

109 1383 120 29 kunna
246 1382 248 33 kompenseras
513 1386 124 27 genom
655 1385 44 20 en
716 1374 203 36 utvidgning
938 1382 42 20 av
1001 1381 47 20 nu
1066 1369 168 37 utgående
1257 1367 253 32 subventioner.
1531 1366 86 29 Här-

111 1436 91 27 emot
218 1432 79 30 ville
312 1430 178 31 nämnden
505 1428 123 37 erinra,
645 1430 50 28 att
711 1427 55 29 det
782 1425 97 30 torde
897 1433 83 21 vara
999 1422 92 31 svårt
1109 1424 49 27 att
1174 1421 130 34 avväga
1318 1418 301 34 subventionerna,

111 1482 37 31 så
169 1485 49 28 att
238 1483 67 29 den
327 1478 229 32 ekonomiska
578 1476 209 31 situationen
807 1473 189 31 bibehölles
1021 1470 222 32 oförändrad.
1266 1470 53 29 En
1340 1469 131 29 allmän
1496 1467 122 35 avväg-

110 1534 84 35 ning
212 1543 41 20 av
274 1531 144 37 hjälpen
437 1529 51 30 till
507 1529 41 29 de
565 1527 168 30 barnrika
752 1524 201 36 familjerna
971 1523 96 30 torde
1086 1520 204 36 näppeligen
1308 1520 86 29 böra
1414 1519 61 29 ske
1494 1518 11 29 i
1528 1517 91 29 detta

112 1583 264 34 sammanhang.
396 1598 45 4 —-
461 1579 257 31 Motionärerna
737 1576 91 30 hade
850 1575 131 33 uttalat,
1005 1576 50 27 att
1078 1570 265 37 omläggningen
1362 1569 78 30 icke
1459 1568 96 30 torde
1579 1576 42 21 ur

112 1633 261 32 statsfinansiell
393 1631 178 37 synpunkt
591 1628 159 31 medföra
772 1626 108 36 några
899 1623 216 36 allvarligare
1134 1622 267 33 konsekvenser,
1425 1620 83 29 enär
1530 1619 89 29 skat-

112 1689 74 26 tens
206 1684 211 34 totalbelopp
435 1682 76 29 icke
527 1680 97 30 torde
639 1677 112 37 nedgå
766 1677 11 30 i
795 1678 109 29 större
920 1673 218 36 omfattning.
1157 1673 122 29 Denna
1298 1670 187 31 förmodan
1504 1668 117 31 visade

114 1736 50 36 sig
182 1735 59 30 vid
263 1735 162 29 närmare
445 1730 183 36 utredning
647 1730 77 29 icke
746 1727 95 30 hålla
864 1726 122 30 streck.
1009 1723 377 36 Omsättningsskatten
1405 1719 216 31 beräknades

114 1787 55 29 för
185 1783 202 38 budgetåret
407 1782 138 33 1944/45
566 1779 116 38 uppgå
702 1779 51 30 till
771 1777 160 35 omkring
951 1776 63 30 330
1035 1774 162 36 miljoner
1216 1774 139 29 kronor.
1376 1771 54 30 En
1451 1770 172 35 sänkning

115 1846 42 21 av
180 1837 299 34 skatteprocenten
500 1831 80 30 från
601 1832 18 29 5
641 1830 51 30 till
723 1830 8 29 3
752 1832 152 32 procent,
927 1827 31 29 d.
982 1836 29 19 v.
1037 1835 25 20 s.
1084 1825 80 30 med
1184 1824 42 29 40
1250 1825 153 34 procent,
1428 1821 118 30 kunde
1566 1821 55 29 be-

113 1889 129 29 räknas
261 1885 159 31 medföra
438 1893 43 20 en
497 1879 356 35 inkomstminskning
872 1878 55 29 för
946 1876 202 30 statsverket
1164 1874 80 30 med
1262 1873 96 30 cirka
1379 1873 61 29 130
1461 1867 163 44 miljoner

115 1939 138 29 kronor.
272 1933 332 35 Inkomstökningen
620 1931 51 30 till
685 1929 88 36 följd
791 1939 42 20 av
849 1929 153 29 skattens
1018 1925 202 35 utvidgning
1234 1924 51 30 till
1300 1924 41 30 de
1357 1920 266 38 ifrågavarande

117 1990 116 34 slagen
247 1997 42 20 av
303 1985 179 31 livsmedel
497 1982 117 31 kunde
629 1981 172 30 beräknas
818 1979 49 29 till
883 1978 97 30 cirka
994 1977 41 29 30
1054 1975 161 36 miljoner
1228 1975 140 33 kronor,
1388 1971 44 31 då
1448 1973 55 29 det
1517 1972 108 30 totala

117 2038 196 31 saluvärdet
331 2046 42 21 av
395 2036 99 30 dessa
515 2032 189 37 produkter
723 2030 55 30 för
796 2028 39 31 år
859 2029 83 29 1944
962 2026 215 31 beräknades
1196 2026 121 35 utgöra
1336 2024 132 29 inemot
1486 2032 41 20 en
1549 2018 74 45 mil-

116 2090 77 36 jard
210 2090 138 28 kronor.
367 2086 115 35 Enligt
498 2083 230 31 riksbankens
744 2079 233 36 beräkningar
993 2077 172 37 uppginge
1183 2076 106 30 totala
1306 2073 318 32 konsumtionsvär-

119 2140 55 30 det
193 2149 42 20 av
258 2135 267 37 ifrågavarande
544 2133 189 36 produkter
754 2131 56 29 för
829 2129 39 30 år
892 2129 83 30 1944
998 2128 50 29 till
1068 2127 96 30 cirka
1187 2127 13 28 1
1218 2126 63 29 200
1302 2124 164 36 miljoner
1485 2124 139 32 kronor,

118 2188 154 32 varifrån
288 2187 127 35 dragits
430 2185 119 30 värdet
566 2193 41 20 av
626 2182 274 36 Jordbrukarnas
917 2187 83 27 egen
1016 2176 234 35 konsumtion,
1270 2175 105 29 vilket
1392 2174 80 30 med
1487 2173 140 35 ledning

119 2251 41 20 av
187 2238 176 38 uppgifter
385 2235 80 30 från
488 2229 487 35 livsmedelskommissionens
1004 2225 286 36 utredningsbyrå
1313 2225 119 29 kunde
1455 2224 171 29 beräknas

119 2292 120 34 utgöra
265 2288 96 31 cirka
384 2287 64 29 230
472 2284 162 36 miljoner
656 2283 137 28 kronor.
820 2280 91 29 Kvar
936 2278 96 30 stode
1056 2276 99 30 alltså
1177 2285 44 20 en
1245 2273 380 32 nettoinkomstminsk-

119 2341 83 36 ning
224 2340 55 30 för
305 2337 213 31 statskassan
541 2333 80 30 med
643 2331 161 34 omkring
831 2331 60 28 100
919 2328 161 35 miljoner
1102 2327 130 29 kronor
1255 2326 82 29 eller
1362 2325 80 29 med
1465 2324 96 30 cirka
1584 2324 42 29 30

119 2395 142 32 procent
279 2400 42 20 av
339 2385 201 33 nuvarande
560 2382 248 35 skattebelopp.
825 2397 44 4 —
886 2380 14 29 I
919 2379 172 31 avvaktan
1110 2377 43 37 på
1173 2386 43 22 en
1232 2376 134 30 relativt
1385 2385 81 21 snar
1485 2375 142 29 avveck-

120 2442 70 35 ling
205 2451 42 20 av
262 2436 365 35 omsättningsskatten
645 2436 114 32 syntes
775 2431 55 29 det
847 2429 103 35 enligt
966 2427 194 31 nämndens
1176 2426 148 34 mening,
1346 2427 82 28 trols
1445 2425 41 30 de
1502 2425 124 34 vägan-

122 2492 41 29 de
185 2492 74 29 skäl
283 2499 73 21 som
378 2498 42 20 av
441 2485 256 31 molionärerna
722 2481 143 34 anförts,
887 2480 75 29 icke
984 2477 151 36 lämpligt
1162 2481 47 25 att
1230 2486 47 20 nu
1299 2475 204 36 senomföra
1527 2484 42 20 en
1591 2473 36 31 så
