1892 2844
459 149 394 39 Bevillningsutskottets
878 147 218 33 betänkande
1121 147 50 33 Nr
1189 147 50 30 20.
1569 140 37 31 11

95 235 156 38 taxering
273 235 51 30 till
346 234 109 31 sådan
475 235 91 30 skatt
588 233 132 38 jämväl
742 233 55 31 för
815 232 116 37 gåvor,
953 242 74 21 som
1049 231 140 38 avsåges
1207 232 10 30 i
1239 231 226 31 motionerna.
1489 231 118 31 Under

95 284 222 38 åberopande
340 294 43 21 av
407 285 57 30 sitt
485 285 50 30 till
563 285 84 30 1938
673 283 55 32 års
754 284 338 36 bevillningsutskott
1117 283 147 36 avgivna
1287 282 160 38 yttrande
1472 281 10 30 i
1507 281 98 37 fråga

95 346 60 21 om
175 336 218 31 skattefrihet
414 335 55 31 för
489 335 105 37 gåvor
612 335 52 30 till
686 334 188 31 luftvärnet
895 335 66 29 har
981 334 273 30 kammarrätten
1275 333 170 30 förklarat
1461 331 50 38 sig
1530 332 77 31 icke

97 387 92 31 hava
208 386 103 37 något
331 390 49 27 att
401 386 114 31 erinra
536 389 73 27 mot
629 386 67 30 den
718 395 46 21 nu
787 385 196 37 föreslagna
1007 384 429 37 författningsändringen.

145 489 49 30 Av
216 489 65 31 den
304 488 95 31 förut
420 488 163 31 lämnade
606 488 239 36 redogörelsen
868 486 164 37 framgår,
1057 489 49 28 att
1130 486 80 30 med
1231 485 182 37 luftskydd
1438 494 97 21 avses
1559 484 49 31 åt-

101 540 124 37 gärder
251 549 42 22 av
321 540 76 30 icke
424 539 130 31 militär
581 542 114 33 natur,
723 539 94 30 vilka
845 538 115 37 åsyfta
988 541 50 28 att
1065 536 159 32 försvåra
1252 536 110 31 anfall
1389 535 79 32 från
1496 535 111 31 luften

99 592 85 30 eller
201 591 170 37 begränsa
389 590 256 37 verkningarna
666 599 42 21 av
727 589 124 31 sådant
871 589 119 31 anfall.
1024 588 63 31 Det
1107 588 101 31 civila
1227 587 218 37 luftskyddet
1464 586 144 36 indelas,

102 642 116 31 såsom
243 642 95 30 förut
364 642 149 35 nämnts,
542 641 88 30 efter
655 641 43 30 de
724 640 94 31 olika
845 640 159 36 åtgärder
1030 648 75 22 som
1133 639 144 30 därmed
1304 647 98 22 avses
1427 637 11 30 i
1464 637 145 31 allmänt

100 693 192 36 luftskydd,
317 692 334 36 industriluftskydd
673 692 66 30 och
763 691 126 30 enskilt
912 690 192 37 luftskydd.
1142 689 177 36 Tillsynen
1345 690 82 29 över
1449 689 65 29 och
1540 688 70 30 led-

101 744 128 36 ningen
249 753 42 21 av
310 743 217 36 luftskyddet
545 744 124 29 utövas
689 752 42 21 av
750 742 137 36 statliga
905 741 251 37 myndigheter.
1188 740 68 30 För
1275 740 57 30 det
1350 739 157 30 enskilda
1528 738 82 31 luft-

100 794 164 37 skyddets
292 793 245 37 planläggning
563 793 66 30 och
656 792 234 36 organisation
917 800 119 22 svarar
1062 791 155 30 närmast
1244 789 258 31 vederbörande
1529 788 81 31 luft-

102 845 223 37 skyddschef.
359 844 247 36 Utbildningen
629 853 43 21 av
693 843 202 37 erforderlig
918 843 161 36 personal
1101 842 56 30 för
1178 841 56 31 det
1257 841 159 30 enskilda
1438 840 173 36 luftskyd-

101 897 59 30 det
184 896 203 31 handhaves
411 895 278 36 huvudsakligen
714 904 42 21 av
780 893 412 37 luftskyddsföreningar,
1216 892 94 30 vilka
1334 892 11 29 i
1370 891 89 36 regel
1481 890 130 31 länsvis

102 949 62 29 äro
191 937 129 48 samman
341 937 87 48 förda
471 946 51 31 till
542 946 242 35 länsförbund,
808 955 75 21 som
905 947 131 28 sortera
1058 944 112 30 under
1191 941 419 37 riksluftskyddsförbun-

102 999 67 30 det.
208 998 161 31 Nämnda
393 997 356 35 sammanslutningar
773 996 119 30 arbeta
915 995 88 30 efter
1025 995 42 30 de
1090 993 225 36 anvisningar
1339 994 65 29 och
1428 992 182 36 riktlinjer,

103 1059 76 21 som
200 1049 176 30 meddelas
400 1058 43 21 av
463 1047 454 37 luftskyddsinspektionen.
951 1046 49 29 Av
1023 1046 57 29 det
1101 1044 149 31 anförda
1272 1043 165 37 framgår,
1460 1046 49 27 att
1530 1042 81 31 luft-

102 1101 150 36 skyddet
278 1100 80 30 med
385 1100 136 35 hänsyn
547 1099 52 30 till
626 1098 52 31 sin
707 1097 138 37 uppgift
871 1098 100 35 utgör
996 1099 47 27 ett
1069 1095 237 36 komplement
1333 1094 51 30 till
1413 1093 198 35 luftvärnet,

104 1152 106 30 vilket
229 1151 11 30 i
259 1151 109 30 likhet
386 1151 80 29 med
487 1150 170 30 försvaret
675 1149 11 30 i
706 1148 110 36 övrigt
834 1149 39 29 är
891 1157 42 21 en
953 1150 76 27 rent
1048 1146 115 37 statlig
1181 1145 149 37 uppgift,
1353 1147 90 28 samt
1462 1147 49 27 att
1530 1144 81 30 luft-

101 1201 148 37 skyddet
267 1210 42 21 ur
334 1199 271 38 organisatorisk
633 1198 179 38 synpunkt
837 1197 70 31 står
929 1197 113 30 under
1064 1196 139 37 ledning
1228 1204 43 22 av
1294 1195 136 37 statliga
1455 1194 157 37 myndig-

104 1254 106 30 heter.
242 1252 202 31 Detsamma
464 1252 106 36 gäller
589 1252 88 29 även
696 1260 57 20 om
773 1250 56 30 det
847 1249 158 31 enskilda
1024 1248 227 36 luftskyddet.

149 1303 227 32 Beträffande
401 1303 235 30 kostnaderna
662 1301 56 31 för
743 1301 217 36 luftskyddet
987 1300 91 30 hava
1105 1298 271 31 statsmakterna
1400 1296 121 36 intagit
1548 1296 66 30 den

101 1354 272 37 ståndpunkten,
397 1356 50 28 att
468 1353 42 30 de
531 1353 11 30 i
564 1352 137 37 princip
723 1352 86 30 böra
831 1351 169 30 bestridas
1023 1360 43 20 av
1090 1352 121 28 staten.
1258 1347 53 31 Då
1334 1347 188 31 emellertid
1547 1348 66 29 sta-

102 1409 59 27 ten
196 1408 111 28 ansett
344 1405 51 36 sig
429 1404 76 30 icke
542 1404 121 30 kunna
698 1403 136 30 biträda
861 1401 45 38 på
931 1402 69 30 alla
1025 1399 167 32 områden
1218 1399 56 30 för
1300 1399 56 30 det
1381 1398 137 37 passiva
1543 1397 70 31 för-

102 1459 123 33 svaret,
252 1456 66 30 har
345 1454 81 32 från
453 1455 154 30 nämnda
634 1453 135 37 princip
798 1452 108 37 gjorts
932 1452 133 36 ganska
1092 1449 195 38 vittgående
1315 1450 187 34 undantag.
1555 1447 58 31 Så-

105 1508 109 30 lunda
235 1508 79 29 sker
333 1516 42 21 en
397 1506 183 37 gradering
600 1514 43 22 av
664 1504 206 36 åtgärderna
893 1503 46 37 på
958 1502 235 36 luftskyddets
1213 1500 144 31 område
1377 1500 79 30 med
1477 1500 138 35 hänsyn

104 1559 75 29 dels
198 1558 52 30 till
269 1558 148 29 behovet
437 1556 46 37 på
503 1556 124 31 sådant
647 1555 76 36 sätt,
743 1558 49 27 att
812 1557 111 28 staten
944 1553 11 30 i
976 1553 111 31 första
1106 1552 95 31 hand
1219 1552 165 29 bekostar
1405 1551 56 29 det
1480 1559 75 21 som
1576 1550 39 29 är

106 1612 88 27 mest
217 1608 201 36 trängande,
442 1607 71 31 dels
537 1607 65 30 ock
624 1606 51 31 till
697 1606 66 30 den
785 1605 233 36 synpunkten,
1043 1606 49 28 att
1114 1603 91 30 vissa
1226 1602 189 30 kostnader
1435 1600 46 37 på
1502 1600 114 36 grund

106 1670 43 21 av
176 1660 100 30 deras
301 1659 87 30 nära
413 1658 171 31 samband
610 1657 80 30 med
714 1656 227 31 kommunala
967 1654 356 36 förvaltningsgrenar
1348 1652 66 30 och
1439 1651 176 30 enskildas

106 1711 144 31 intresse
275 1713 128 28 ansetts
425 1709 86 31 böra
533 1708 91 31 åvila
648 1708 256 30 kommunerna
928 1706 66 30 och
1018 1706 42 30 de
1081 1704 168 31 enskilda.
1296 1702 240 32 Kostnaderna
1561 1701 56 30 för

106 1763 58 30 det
185 1761 158 31 enskilda
363 1760 218 36 luftskyddet
600 1758 170 32 bestridas
797 1758 4 30 i
821 1757 185 31 huvudsak
1026 1756 79 30 med
1126 1755 122 35 medel,
1271 1763 75 21 som
1367 1752 183 32 anskaffas
1571 1751 46 37 på

108 1813 264 36 frivillighetens
388 1813 75 35 väg.

151 1863 48 30 Ur
224 1862 94 31 såväl
343 1862 131 30 militär
498 1870 75 21 som
599 1861 132 30 allmän
755 1859 178 36 synpunkt
958 1859 40 29 är
1024 1858 56 29 det
1106 1866 42 21 av
1174 1854 269 37 utomordentlig
1469 1854 73 30 vikt
1567 1855 49 28 att

105 1913 225 35 erforderliga
356 1912 159 36 åtgärder
540 1911 156 35 vidtagas
722 1910 108 30 redan
855 1910 10 29 i
893 1908 145 31 fredstid
1065 1907 55 30 för
1145 1906 194 31 ordnandet
1365 1915 42 20 av
1433 1907 46 27 ett
1505 1903 110 31 effek-

106 1964 62 30 tivt
193 1963 191 36 luftskydd.
435 1962 75 30 Den
536 1971 48 20 nu
612 1960 154 31 rådande
792 1960 131 29 bristen
950 1958 21 31 å
997 1956 357 37 luftskyddsmateriel
1380 1954 109 31 måste
1515 1963 101 22 anses

106 2016 123 35 utgöra
255 2023 42 21 en
324 2013 156 36 allvarlig
507 2012 182 35 olägenhet
714 2011 11 30 i
750 2010 166 30 händelse
943 2019 42 21 av
1012 2007 182 37 krigsfara.
1245 2007 13 29 I
1286 2006 90 37 syfte
1403 2008 48 27 att
1477 2005 139 30 minska

107 2066 115 29 denna
251 2064 183 36 olägenhet
461 2063 64 30 har
554 2063 10 29 i
595 2063 43 29 de
667 2071 48 21 nu
744 2060 236 37 föreliggande
1009 2059 218 30 motionerna
1256 2057 112 30 under
1396 2055 221 36 åberopande

110 2126 43 21 av
170 2125 135 21 samma
323 2115 86 35 skäl,
429 2124 75 21 som
523 2113 137 31 anförts
677 2113 10 30 i
706 2113 42 30 de
766 2112 57 30 vid
845 2112 82 30 1938
946 2110 56 31 års
1021 2110 140 35 riksdag
1179 2109 125 30 väckta
1323 2107 217 31 motionerna
1560 2116 57 20 om

110 2166 219 31 skattefrihet
358 2166 56 29 för
440 2165 105 36 gåvor
570 2164 52 30 till
650 2164 199 34 luftvärnet,
877 2161 205 36 föreslagits,
1111 2163 49 28 att
1188 2159 106 36 gåvor
1319 2159 50 30 till
1399 2161 120 32 staten,
1548 2157 69 30 för-

111 2217 257 35 svarsförening
387 2217 82 29 eller
487 2214 361 37 luftskyddsförening
869 2213 55 30 för
943 2212 107 35 inköp
1069 2220 42 21 av
1130 2208 356 37 luftskyddsmateriel
1507 2207 112 31 skulle

107 2267 217 35 undantagas
362 2264 79 31 från
477 2264 223 37 beskattning
734 2263 105 36 enligt
865 2261 249 35 förordningen
1141 2269 58 21 om
1224 2259 116 37 statlig
1363 2259 165 29 inkomst-
1552 2257 67 30 och

111 2317 363 36 förmögenhetsskatt.

156 2367 225 31 Beträffande
400 2367 65 29 den
487 2366 197 35 föreslagna
704 2363 290 32 skattelättnaden
1014 2362 55 30 för
1087 2371 47 20 nu
1154 2359 266 37 ifrågavarande
1440 2358 105 36 gåvor
1564 2357 56 30 får

111 2419 167 30 utskottet
296 2418 126 30 anföra
441 2416 166 37 följande.

157 2469 13 30 I
191 2469 57 30 sitt
269 2478 41 21 av
335 2469 83 29 1938
439 2467 55 31 års
516 2467 141 35 riksdag
678 2465 184 37 godkända
884 2462 220 32 betänkande
1126 2460 178 37 angående
1326 2459 217 31 skattefrihet
1565 2458 56 29 för

1657 481 128 26 Utskottet.
