1894 2840
274 136 20 31 8
642 144 393 38 Bevillningsutskottets
1059 146 219 32 betänkande
1301 148 52 33 Nr
1374 150 53 30 20.

959 441 62 41 Nr
1047 442 63 41 20.

819 561 111 24 Ankom
947 562 43 24 till
1010 563 156 30 riksdagens
1183 564 90 24 kansli
1292 565 53 24 den
1364 563 32 26 22
1415 566 68 30 april
1502 564 65 26 1939
1586 566 36 24 kl.
1641 564 16 26 3
1675 574 20 17 e.
1715 575 35 16 m.

496 654 395 39 Bevillningsutskottets
916 656 228 40 betänkande,
1165 660 11 29 i
1196 658 188 39 anledning
1405 669 42 21 av
1468 661 125 31 väckta
1612 662 172 30 motioner

717 715 56 21 om
793 706 193 32 beredande
1006 717 42 21 av
1067 709 220 38 skattefrihet
1301 710 58 38 för
1373 712 91 30 vissa
1479 711 108 37 gåvor
1606 712 51 31 till
1675 713 108 37 inköp

715 766 42 21 av
780 756 365 38 luftskyddsmateriel.

1552 821 68 35 (2:a
1641 822 90 39 avd.)

316 920 15 31 I
357 920 58 32 två
441 921 232 38 likalydande,
703 924 50 30 till
779 924 374 38 bevillningsutskottet
1180 927 193 32 hänvisade
1400 929 180 37 motioner,
1608 940 42 20 nr
1676 932 62 29 211
1770 931 10 30 i

271 970 112 32 första
405 972 204 31 kammaren
630 982 42 22 av
695 974 80 31 herr
796 975 185 39 Swartling
1001 978 66 29 och
1090 987 42 21 nr
1154 979 64 29 314
1239 978 12 31 i
1273 979 112 31 andra
1409 980 205 31 kammaren
1638 991 44 21 av
1704 982 76 31 her-

268 1030 59 21 rar
346 1022 147 31 Lundell
509 1024 66 29 och
599 1024 123 32 Olsson
741 1025 10 30 i
770 1025 160 38 Staxäng,
950 1027 64 31 har
1028 1028 202 37 hemställts,
1255 1032 68 28 »att
1341 1030 184 37 riksdagen
1538 1030 106 32 måtte
1658 1032 57 30 för
1726 1032 53 31 sin

271 1072 55 30 del
353 1073 134 31 besluta
511 1073 132 32 sådana
663 1076 188 37 ändringar
877 1086 43 21 av
947 1078 117 37 kungl.
1093 1079 249 38 förordningen
1370 1081 66 30 den
1461 1082 20 30 3
1507 1081 76 38 juni
1613 1083 84 31 1938
1722 1092 58 21 om

269 1123 70 30 rätt
361 1126 49 28 att
433 1123 56 31 vid
510 1125 157 38 taxering
688 1125 81 32 åren
797 1128 213 31 1939—1941
1034 1129 105 37 enligt
1161 1130 251 38 förordningen
1434 1132 65 30 den
1521 1134 41 29 28
1587 1134 194 36 september

273 1173 85 31 1928
382 1183 58 22 om
461 1175 114 38 statlig
600 1176 165 32 inkomst-
790 1179 66 29 och
878 1178 352 38 förmögenhetsskatt
1252 1180 137 38 åtnjuta
1411 1183 129 37 avdrag
1562 1183 56 31 för
1641 1184 139 37 belopp,

270 1233 77 21 som
367 1225 138 36 utgivits
529 1225 116 32 såsom
667 1226 86 38 gåva
776 1228 50 30 till
850 1229 197 37 luftvärnet,
1065 1233 50 28 att
1133 1230 132 37 jämväl
1287 1231 87 38 gåva
1396 1233 52 30 till
1468 1236 121 34 staten,
1611 1234 168 31 försvars-

268 1273 164 39 förening
458 1276 83 31 eller
568 1276 362 41 luftskyddsförening
960 1280 55 30 för
1044 1280 107 38 inköp
1179 1291 43 21 av
1252 1282 357 37 luftskyddsmateriel
1638 1285 141 37 fritages

269 1324 81 32 från
375 1326 221 39 beskattning
620 1320 102 45 enligt
746 1328 216 32 sistnämnda
985 1330 237 38 förordning».

314 1376 128 31 Tillika
470 1378 91 30 hava
590 1378 257 32 motionärerna
878 1380 185 37 hemställt,
1094 1384 50 28 att
1171 1383 260 32 vederbörande
1453 1386 131 30 utskott
1615 1386 79 31 ville
1725 1389 53 28 ut-

268 1426 121 31 arbeta
410 1426 128 39 förslag
559 1428 52 31 till
630 1428 223 38 erforderliga
870 1430 418 40 författningsändringar
1307 1434 11 30 i
1337 1435 125 30 ämnet.

312 1526 117 38 Enligt
451 1529 16 30 1
489 1529 18 37 8
526 1529 301 38 luftskyddslagen
848 1531 67 30 den
937 1533 37 29 11
997 1531 77 38 juni
1097 1533 80 31 1937
1199 1543 98 22 avses
1319 1535 80 30 med
1416 1535 184 38 luftskydd
1618 1535 160 39 åtgärder

267 1586 43 21 av
337 1578 76 31 icke
437 1578 129 31 militär
589 1583 113 33 natur,
729 1581 93 31 vilka
848 1581 116 38 åsyfta
987 1585 50 28 att
1062 1583 158 31 försvåra
1244 1584 110 32 anfall
1377 1585 80 31 från
1476 1586 111 31 luften
1613 1588 81 30 eller
1719 1589 57 30 be-

266 1629 127 35 gränsa
417 1630 255 36 verkningarna
696 1640 42 21 av
761 1631 124 32 sådant
908 1633 120 31 anfall.

312 1679 66 31 Det
404 1680 100 31 civila
530 1681 216 37 luftskyddet
773 1682 134 32 indelas
936 1684 11 30 i
975 1684 146 32 allmänt
1141 1686 194 39 luftskydd,
1361 1687 217 31 omfattande
1605 1687 171 38 åtgärder,

267 1739 77 22 som
373 1740 79 22 avse
477 1734 47 28 ett
553 1733 168 30 samhälle
750 1733 10 30 i
787 1734 78 30 dess
894 1734 125 37 helhet,
1050 1736 343 39 industriluftskydd,
1421 1739 169 30 avseende
1616 1738 161 38 åtgärder

266 1780 221 32 beträffande
507 1783 172 30 särskilda
697 1784 249 37 anläggningar
963 1786 66 30 och
1049 1786 142 37 företag,
1211 1790 90 28 samt
1319 1788 125 31 enskilt
1462 1789 183 37 luftskydd
1669 1785 106 48 (hem-

263 1831 144 40 skydd),
433 1832 216 32 omfattande
673 1833 160 37 åtgärder
856 1835 10 30 i
888 1835 111 37 övrigt
1017 1836 56 30 för
1097 1837 195 31 beredande
1318 1848 42 21 av
1386 1839 191 38 luftskydd.

311 1882 132 37 Tillsyn
467 1882 20 32 å
513 1884 216 37 luftskyddet
755 1885 96 31 inom
877 1886 89 31 riket
988 1888 123 30 utövas
1138 1897 42 21 av
1207 1888 455 38 luftskyddsinspektionen.
1688 1890 88 32 Chef

263 1932 56 30 för
341 1934 154 30 nämnda
513 1934 198 37 inspektion
731 1936 39 30 är
789 1936 434 39 luftskyddsinspektören,
1245 1949 76 21 som
1341 1943 92 28 utses
1452 1950 42 21 av
1516 1941 124 37 Kungl.
1661 1941 113 38 Maj:t.

263 1983 102 31 Inom
385 1983 95 38 varje
500 1985 59 30 län
578 1986 161 30 handhar
760 1987 244 37 länsstyrelsen
1025 1989 183 37 ledningen
1229 1999 43 21 av
1293 1990 224 37 luftskyddet.
1559 1992 101 30 Riket
1679 1992 94 31 inde-

263 2033 50 32 las
334 2035 10 30 i
363 2035 377 38 luftskyddsområden,
762 2037 10 30 i
792 2038 191 31 allmänhet
1001 2040 243 30 motsvarande
1266 2040 283 37 polisdistrikten.
1579 2043 101 30 Inom
1697 2052 75 22 var-

261 2083 35 37 Je
317 2085 345 38 luftskyddsområde
684 2088 121 30 utövas
826 2088 67 30 den
915 2090 220 30 omedelbara
1156 2091 186 37 ledningen
1364 2102 43 21 av
1428 2092 216 38 luftskyddet
1665 2103 43 22 av
1730 2103 42 22 en

262 2135 292 38 luftskyddschef,
576 2137 12 30 i
609 2138 90 36 regel
720 2138 224 37 polischefen.

307 2185 117 38 Enligt
445 2188 15 30 1
483 2188 18 37 8
524 2187 431 39 luftskyddskungörelsen
975 2191 61 30 äro
1056 2191 43 30 de
1119 2195 99 33 orter,
1242 2192 97 31 inom
1358 2193 93 31 vilka
1468 2203 44 21 en
1532 2204 97 21 mera
1646 2194 125 31 omfat-

262 2237 105 30 tande
393 2238 245 38 planläggning
663 2248 42 21 av
729 2239 217 38 luftskyddet
966 2241 64 30 bör
1053 2241 266 38 ifrågakomma,
1345 2244 42 30 de
1410 2253 25 21 s.
1458 2244 32 30 k.
1516 2245 255 37 luftskyddsor-

260 2289 111 34 terna,
397 2288 159 32 indelade
580 2289 10 30 i
609 2289 93 31 olika
723 2290 132 31 klasser
878 2291 81 30 med
980 2292 137 37 hänsyn
1140 2293 50 31 till
1215 2293 53 31 sin
1290 2294 175 37 betydelse
1486 2295 66 31 och
1577 2295 116 31 risken
1715 2296 57 31 för

261 2337 190 32 luftanfall.

307 2388 145 32 Jämlikt
483 2391 17 29 7
534 2390 18 37 8
580 2390 301 38 luftskyddslagen
913 2392 87 31 skall
1028 2393 444 38 luftskyddsinspektionen
1501 2396 106 31 verka
1636 2396 57 32 för
1721 2400 51 28 att

262 2439 232 37 luftskyddets
524 2440 252 32 förberedande
808 2442 80 31 sker
916 2443 297 38 ändamålsenligt,
1238 2444 227 39 planmässigt
1496 2447 66 30 och
1595 2447 175 38 enhetligt.
