1886 2778
209 132 19 29 6
565 136 284 32 Statsutskottets
871 140 178 31 utlåtande
1069 151 43 20 nr
1133 143 37 29 11
1192 144 39 29 år
1253 145 82 30 1966

722 240 321 39 Arbetsmarknad
1062 257 51 23 m.
1129 258 51 23 m.

252 320 93 33 15:0)
373 321 332 33 Arbetsdomstolen:
731 326 220 36 Avlöningar.
974 329 12 28 I
1008 329 149 37 enlighet
1177 332 78 29 med
1276 332 122 38 Kungl.
1421 334 121 37 Maj:ts
1564 335 129 38 förslag

211 372 132 39 (punkt
360 373 23 30 C
400 375 27 33 1,
447 384 26 20 s.
492 375 39 30 61
552 377 64 29 och
634 377 73 35 62),
726 379 108 30 vilket
851 380 145 30 innebär
1015 391 42 20 en
1076 383 147 40 höjning
1241 394 43 20 av
1301 387 154 39 anslaget
1475 388 79 29 med
1573 388 41 30 46
1628 390 62 29 000

205 424 62 35 kr.,
287 426 203 31 hemställer
509 429 179 35 utskottet,

558 484 50 28 att
626 483 185 40 riksdagen
830 486 56 29 må

560 553 36 34 a)
634 554 186 39 godkänna
855 556 156 40 följande
1045 559 252 40 avlöningsstat
1332 562 54 30 för
1420 564 271 31 arbetsdomsto-

516 605 66 35 len,
600 608 50 29 att
667 608 178 40 tillämpas
863 610 71 30 tills
951 611 119 30 vidare
1089 612 42 30 fr.
1151 622 29 21 o.
1199 623 45 20 m.
1263 615 204 40 budgetåret
1487 617 156 35 1966/67:

969 704 264 40 Avlöningsstat

515 761 27 29 1.
578 762 211 41 Avlöningar
816 765 51 29 till
893 766 175 31 ordinarie
1095 768 215 39 tjänstemän
1335 771 166 41 förslags-

585 815 50 30 vis
782 842 2 4 i
803 843 4 3 -
912 844 357 8 FE
1420 850 4 4 .
1546 825 40 31 59
1604 826 60 31 000

512 867 30 30 2.
578 868 161 31 Arvoden
762 871 66 29 och
853 872 174 31 särskilda
1050 875 244 40 ersättningar,
1318 877 182 31 bestämda

576 930 45 22 av
636 922 127 41 Kungl.
779 924 115 40 Maj:t,
911 924 205 42 förslagsvis
1199 954 4 4 HE
1265 925 68 49 Foder
1354 956 24 4 se
1526 932 60 30 160
1601 933 62 31 000

512 974 30 30 3.
578 975 213 41 Avlöningar
820 977 52 30 till
901 979 97 40 övrig
1027 980 268 33 icke-ordinarie
1325 985 171 38 personal,

576 1027 204 42 förslagsvis
868 1057 4 4 .
955 1058 4 4 .
1545 1039 41 30 96
1600 1040 62 31 000

1283 1108 143 31 Summa
1445 1110 52 30 kr.
1523 1110 62 30 315
1599 1112 62 30 000

552 1169 38 35 b)
618 1171 52 30 till
690 1172 341 34 Arbetsdomstolen:
1052 1177 213 41 Avlöningar
1285 1179 54 30 för
1358 1180 206 40 budgetåret
1587 1182 97 34 1966/

508 1222 40 30 67
570 1224 119 30 anvisa
709 1227 49 28 ett
779 1226 273 43 förslagsanslag
1073 1240 42 20 av
1134 1231 62 30 315
1211 1232 64 30 000
1294 1233 51 30 kr.

239 1306 94 35 16:0)
360 1308 334 35 Arbetsdomstolen:
720 1314 262 33 Omkostnader.
1008 1319 12 28 I
1045 1320 148 37 enlighet
1217 1322 78 29 med
1319 1323 122 38 Kungl.
1467 1324 120 37 Maj:ts
1613 1325 68 30 för-

194 1358 74 40 slag
289 1360 130 40 (punkt
436 1362 24 30 C
474 1363 30 34 2,
523 1373 26 21 s.
567 1365 72 35 62),
656 1367 108 31 vilket
781 1369 145 30 innebär
943 1380 41 20 en
1003 1372 273 42 anslagsökning
1293 1376 78 29 med
1391 1376 16 30 7
1422 1377 62 30 000
1504 1378 63 34 kr.,
1585 1379 94 29 hem-

192 1412 120 30 ställer
330 1415 181 36 utskottet,

546 1472 49 28 att
616 1472 188 41 riksdagen
827 1476 56 29 må
905 1477 52 29 till
979 1477 340 33 Arbetsdomstolen:
1343 1482 259 31 Omkostnader
1624 1485 54 29 för

501 1522 203 41 budgetåret
726 1526 139 34 1966/67
885 1529 121 31 anvisa
1025 1533 47 28 ett
1093 1531 271 43 förslagsanslag
1383 1545 41 20 av
1443 1536 41 29 34
1498 1536 63 30 000
1582 1537 51 30 kr.

236 1598 93 34 17:0)
356 1600 303 38 Förlikningsmän
688 1605 56 29 för
772 1607 149 36 medling
949 1609 11 29 i
987 1610 236 31 arbetstvister
1251 1622 43 20 m.
1323 1623 58 20 m.:
1412 1615 222 37 Avlöningar.
1665 1618 12 28 I

189 1651 153 40 enlighet
359 1654 79 30 med
457 1655 125 40 Kungl.
600 1657 124 40 Maj:ts
743 1659 130 41 förslag
896 1662 130 39 (punkt
1044 1664 24 29 C
1081 1664 29 34 3,
1129 1674 26 20 s.
1173 1665 40 30 62
1232 1667 66 29 och
1315 1667 72 35 63),
1406 1668 107 31 vilket
1530 1670 145 30 innebär

189 1704 190 32 anvisande
393 1716 42 21 av
450 1707 205 33 oförändrat
670 1713 131 39 anslag,
816 1714 202 31 hemställer
1032 1717 180 35 utskottet,

543 1764 49 28 att
618 1763 188 41 riksdagen
832 1767 56 30 må
914 1768 52 29 till
991 1769 308 41 Förlikningsmän
1325 1773 56 39 för
1406 1775 154 40 medling
1586 1776 11 29 i
1621 1786 53 20 ar-

498 1814 196 32 betstvister
714 1826 45 21 m.
774 1827 62 21 m.:
857 1820 213 41 Avlöningar
1092 1823 53 29 för
1165 1824 203 40 budgetåret
1392 1827 139 34 1966/67
1554 1830 119 29 anvisa

497 1869 48 29 ett
561 1868 273 43 förslagsanslag
850 1882 41 20 av
906 1873 63 30 200
984 1874 63 30 000
1064 1876 51 29 kr.

231 1943 94 34 18:0)
352 1945 304 37 Förlikningsmän
684 1950 56 29 för
768 1952 150 35 medling
944 1953 12 29 i
984 1954 235 31 arbetstvister
1247 1967 44 19 m.
1319 1968 59 20 m.:
1409 1959 263 31 Omkostnader.

185 1994 13 30 I
219 1996 152 39 enlighet
391 1999 81 29 med
493 2000 124 40 Kungl.
638 2002 125 40 Maj:ts
785 2004 129 41 förslag
939 2007 131 39 (punkt
1091 2008 66 35 C4,
1179 2019 26 20 s.
1228 2010 72 35 63),
1322 2012 237 31 innebärande
1581 2015 91 29 oför-

184 2048 134 31 ändrad
333 2051 329 43 medelsanvisning,
678 2056 202 31 hemställer
895 2060 181 35 utskottet,

538 2108 50 28 att
604 2107 186 41 riksdagen
807 2111 58 29 må
880 2111 51 30 till
947 2113 309 41 Förlikningsmän
1271 2116 57 40 för
1343 2118 154 40 medling
1513 2119 12 30 i
1540 2120 131 31 arbets-

494 2160 120 29 tvister
637 2169 124 22 m.m.:
790 2162 257 33 Omkostnader
1073 2166 54 30 för
1151 2168 203 40 budgetåret
1383 2171 139 34 1966/67
1549 2174 121 30 anvisa

492 2213 48 29 ett
557 2212 272 43 förslagsanslag
845 2226 43 20 av
903 2217 39 30 25
957 2218 63 30 000
1038 2219 51 30 kr.

226 2287 95 34 19:0)
347 2289 125 37 Bidrag
506 2292 53 29 till
595 2293 151 30 erkända
782 2296 379 33 arbetslöshetskassor.
1199 2301 12 29 I
1247 2302 149 37 enlighet
1432 2305 78 29 med
1545 2306 123 38 Kungl.

180 2340 124 39 Maj:ts
322 2341 132 42 förslag
476 2344 131 40 (punkt
624 2346 23 29 C
664 2347 49 34 14,
733 2357 25 20 s.
777 2348 161 36 65—67),
955 2351 108 30 vilket
1080 2353 148 30 innebär
1243 2364 43 20 en
1304 2356 130 40 ökning
1452 2367 43 20 av
1512 2359 155 39 anslaget

179 2393 78 30 med
276 2394 14 29 1
306 2394 63 31 000
383 2395 63 31 000
463 2397 63 35 kr.,
542 2398 201 32 hemställer
759 2397 180 44 utskottet,

530 2453 51 28 att
598 2452 187 40 riksdagen
803 2454 57 30 må
