1890 2854
448 124 422 38 Bevillningsutskottets
897 123 225 33 betänkande
1147 124 53 32 Nr
1229 125 51 31 16.
1531 122 41 33 13

107 204 148 37 höjning
277 214 46 21 av
346 203 105 37 priset
484 204 9 30 å
515 202 234 32 kondenserad
771 202 111 38 mjölk
905 202 76 32 med
1005 203 41 31 10
1063 204 57 29 öre
1136 212 60 26 per
1211 202 171 36 kilogram
1399 201 121 32 endast
1535 202 86 31 mot-

108 267 101 21 svara
231 257 50 30 2.8
306 257 139 36 procent
467 265 44 22 av
535 255 285 37 karamellpriset.

152 309 51 31 På
226 308 114 37 grund
363 318 45 22 av
431 308 68 32 vad
522 307 147 32 sålunda
691 307 133 32 anförts
848 307 63 31 har
934 307 166 31 utskottet
1123 307 120 31 funnit
1265 307 55 36 sig
1344 306 84 31 böra
1444 306 179 36 tillstyrka

110 362 103 31 bifall
236 361 56 32 till
316 361 41 32 de
380 360 228 33 förevarande
630 360 226 31 motionerna.

156 414 182 32 Utskottet
362 414 205 31 hemställer
593 413 117 36 alltså,

554 501 52 31 att
643 500 183 37 riksdagen
861 501 117 34 måtte,
1002 499 77 32 med
1113 498 103 32 bifall
1239 498 57 32 till
1335 497 40 33 de
1398 497 224 38 likalydande

511 553 215 32 motionerna
748 552 28 32 I:
800 553 63 31 160
888 563 45 21 av
956 552 120 31 herrar
1099 551 148 32 Lundell
1263 551 63 31 och
1342 550 127 32 Fritiof
1486 550 136 32 Gustaf-

510 616 62 21 son
603 607 91 30 samt
716 605 47 32 II:
787 605 40 32 37
851 616 44 20 av
919 605 80 31 herr
1022 605 192 36 Bengtsson
1237 604 13 31 i
1273 603 133 32 Kullen
1428 613 46 21 m.
1498 602 47 37 £fl.,
1568 602 54 32 be-

510 659 102 36 sluta,
635 660 52 29 att
709 668 42 21 nr
774 658 41 31 20
839 658 13 30 i
875 658 177 31 tulltaxan
1074 657 90 31 skall
1188 657 91 31 hava
1303 655 151 38 följande
1469 655 153 32 ändrade

512 711 145 36 lydelse:

1516 751 58 23 Tull

1468 787 40 22 för
1521 788 49 21 100
1581 786 40 29 kg.

1492 822 95 22 kronor

656 857 110 37 Mjölk
789 858 62 31 och
874 857 142 38 grädde:

558 912 51 30 20.
698 910 234 32 kondenserad
958 934 431 5 o.nsmmmmssrsrrsrrsrerersrrsesrennen
1354 905 38 45 inna
1414 908 33 32 N
1493 909 126 31 20:—>»

155 1017 61 31 vid
238 1016 159 37 punkten
420 1016 50 38 3):

156 1087 46 22 av
225 1077 118 31 herrar
365 1077 117 32 Johan
506 1078 145 32 Nilsson
674 1079 13 30 i
710 1077 248 36 Kristianstad,
975 1076 169 36 Leander,
1161 1075 201 37 Forssberg,
1378 1074 164 37 Rydberg
1558 1073 63 32 och

115 1129 204 37 Lithander,
343 1130 97 31 vilka
463 1130 104 37 yrkat
589 1130 101 32 bifall
712 1131 56 31 till
791 1131 174 31 motionen
988 1139 43 22 nr
1062 1129 65 32 162
1152 1128 12 31 i
1188 1128 107 31 andra
1318 1128 216 31 kammaren.

126 2481 110 32 Bihang
258 2480 41 26 till
320 2479 167 33 riksdagens
508 2479 146 33 protokoll
677 2480 74 24 1931.
792 2481 14 23 7
825 2481 81 23 saml.
944 2481 15 23 9
980 2479 70 31 häft.
1087 2476 52 29 (Nr
1160 2477 52 29 16)
1578 2474 16 25 3
