2297 2707
480 193 98 27 Andra
602 193 180 27 Kammarens
807 191 155 38 Tillfälliga
988 193 125 27 Utskotts
1137 192 72 34 (N:o
1232 191 35 32 5)
1295 191 149 28 Utlåtande
1467 191 55 28 N:o
1544 189 52 30 36.
1774 191 17 27 7

243 294 48 4 —
318 277 53 29 att
398 271 111 34 redan
535 273 93 33 1865
657 270 421 36 Landtmäteri-chefens
1119 268 335 37 embetsberättelse
1482 268 133 40 visade,
1645 274 51 29 att
1710 269 38 34 af
1762 270 68 34 375

243 323 239 34 landtmätare
524 322 127 34 endast
693 325 68 32 111
797 322 79 34 haft
903 322 55 34 sin
986 321 220 47 nödtorftiga
1233 320 162 34 utkomst
1423 320 38 34 af
1485 320 167 47 tjensten,
1681 323 44 32 95
1755 319 79 35 haft

241 373 141 34 mindre
411 378 45 29 än
484 372 78 35 half
587 373 279 46 sysselsättning
894 372 66 35 och
989 375 45 32 33
1063 372 148 34 alldeles
1240 371 128 35 saknat
1396 371 121 39 sådan,
1547 370 136 35 hvilket
1697 370 136 34 förhål-

241 424 106 34 lande
376 425 115 33 måste
531 424 83 34 med
642 423 122 48 hvarje
793 425 38 33 år
858 423 112 35 blifva
998 428 45 29 än
1071 435 76 22 mer
1175 427 234 42 ogynnsamt;
1436 443 50 4 —
1513 426 52 29 att
1594 421 140 34 derföre
1764 421 69 34 den

241 475 172 47 tidpunkt
452 474 77 34 icke
559 475 118 34 kunde
706 487 84 22 vara
817 473 231 48 synnerligen
1076 473 168 47 aflägsen,
1273 472 46 34 då
1346 472 42 34 de
1417 472 104 34 flesta
1548 467 282 48 medlemmarne

244 525 37 34 af
307 538 43 20 en
379 525 255 46 aktningsvärd
661 525 386 47 tjenstemannakorps,
1076 524 105 34 hvars
1209 522 230 35 verksamhet
1466 521 149 47 kraftigt
1642 521 192 47 befrämjat

244 574 161 36 Svenska
428 575 231 48 jordbrukets
688 575 206 47 utveckling
921 575 66 34 och
1017 573 338 39 framåtskridande,
1384 572 115 35 skulle
1523 572 146 34 komma
1696 578 52 28 att
1760 572 73 34 till-

243 626 87 34 höra
357 639 43 21 en
430 626 284 40 samhällsklass,
749 639 78 22 som
853 625 73 41 vill,
945 638 83 22 men
1055 626 78 34 icke
1161 625 56 34 får
1246 623 132 40 arbeta,
1406 623 95 34 helst
1528 622 219 48 anställning
1774 623 59 35 vid

244 677 636 47 bränvinstillverkningskontrollen,
916 677 234 47 jernvägarne
1187 688 44 21 m.
1260 688 44 20 m.
1332 686 82 22 vore
1443 674 79 34 litet
1550 673 86 34 eller
1664 673 91 35 intet
1782 680 52 28 att

243 729 169 45 påräkna,
439 727 154 35 likasom
622 728 68 34 den
718 727 390 47 landtmäterikorpsen
1134 725 267 35 tillförsäkrade
1416 724 218 47 rättigheten
1647 724 55 34 till
1715 724 118 34 befor-

244 778 88 34 dran
359 778 59 34 vid
446 778 222 34 landtstaten
695 777 93 36 varit
815 778 55 34 för
898 778 211 34 densamma
1136 775 162 49 gagnlös;
1326 798 48 3 —
1403 781 51 28 att
1482 774 60 35 det
1570 774 90 35 dock
1688 774 78 34 icke
1795 779 39 30 är

245 828 125 35 Staten
398 828 150 48 värdigt,
577 836 52 27 att
656 828 74 35 låta
753 841 44 22 en
824 828 59 35 hel
911 826 364 49 tjenstemannaklass
1303 826 12 34 i
1343 825 228 35 ekonomiskt
1599 825 169 34 afseende
1789 826 45 46 gå

246 880 121 39 under,
396 880 111 33 sedan
535 878 126 36 Staten
689 880 55 33 för
772 885 51 28 ett
850 879 90 34 visst
968 877 168 35 ändamål
1156 877 177 47 begagnat
1360 877 82 33 dess
1464 876 266 39 arbetskrafter,
1747 881 87 28 utan

245 929 126 36 Staten
403 929 265 48 otvifvelaktigt
702 930 70 34 kan
799 930 47 47 på
873 936 52 28 ett
952 928 180 48 gagneligt
1160 933 72 29 sätt
1260 927 164 34 använda
1450 925 383 48 landtmäteritjenste-

246 986 154 29 männen
428 981 55 33 för
510 980 248 48 befrämjande
787 980 76 34 dels
893 980 38 34 af
955 979 252 34 kännedomen
1235 990 59 21 om
1321 977 141 35 landets
1490 976 166 35 tillstånd
1684 976 67 35 och
1770 976 62 34 be-

245 1032 66 33 hof
349 1037 93 28 samt
483 1031 76 34 dels
588 1031 39 34 af
652 1031 81 34 dess
762 1030 267 34 fortskridande
1058 1029 136 46 odling;
1224 1046 48 4 —
1300 1034 52 28 att
1379 1027 12 34 i
1418 1028 78 34 vårt
1524 1027 93 40 land,
1646 1027 63 34 der
1737 1033 97 28 stora

382 1840 138 35 Fastän
551 1839 185 36 Utskottet
763 1839 77 35 icke
869 1838 264 39 underskattar,
1161 1843 86 29 utan
1275 1836 175 35 erkänner
1474 1835 244 35 motionärens
1747 1834 93 48 goda

250 1891 108 48 afsigt
384 1891 84 34 med
496 1891 89 34 hans
614 1890 271 47 ifrågavarande
913 1889 134 47 förslag
1075 1888 67 34 och
1169 1887 77 35 icke
1274 1886 153 35 förbiser
1455 1887 43 33 de
1527 1892 97 29 stora
1646 1885 193 48 olägenhe-

248 1949 65 33 ter,
342 1940 120 36 hvilka
489 1942 55 34 för
572 1940 525 48 landtmäteritjenstemännen
1123 1938 12 34 i
1163 1937 182 47 åtskilliga
1357 1937 99 35 delar
1480 1937 39 34 af
1542 1936 93 35 riket
1657 1936 183 47 uppkom-

250 1993 67 34 mit
357 1993 111 39 deraf,
506 1998 51 28 att
596 1991 187 35 derstädes
829 1990 254 35 skiftesverket
1111 1989 10 34 i
1149 1989 61 35 det
1243 1994 181 29 närmaste
1453 1987 199 35 fulländats
1681 1986 67 35 och
1776 1986 64 34 be-

249 2044 120 34 mälde
397 2043 218 47 tjenstemän
643 2042 141 35 således
813 2041 112 35 sakna
952 2040 288 47 arbetsförtjenst
1268 2039 38 35 af
1331 2038 213 48 egoskiften,
1571 2038 71 34 kan
1662 2037 91 35 dock
1767 2035 72 37 Ut-

251 2094 135 34 skottet
423 2093 77 34 icke
541 2092 141 35 biträda
719 2092 244 34 motionärens
992 2090 150 35 berörda
1168 2089 144 48 förslag,
1341 2094 85 30 enär
1450 2089 82 34 dess
1556 2087 280 49 genomförande

252 2144 115 34 skulle
391 2144 146 34 komma
565 2148 52 29 att
643 2142 187 35 föranleda
858 2148 96 28 stora
981 2141 149 47 utgifter
1154 2140 56 35 för
1238 2139 136 42 Staten,
1404 2139 261 35 kommunerna
1680 2138 67 35 och
1766 2138 70 34 den

252 2194 162 34 enskilde
443 2199 95 29 samt
561 2193 133 47 jemväl
722 2192 182 35 sannolikt
930 2191 120 34 inleda
1078 2196 96 29 ännu
1200 2191 84 34 flere
1312 2202 181 36 personer,
1523 2195 52 28 att
1602 2201 90 35 egna
1719 2188 54 47 sig
1801 2189 37 33 åt

252 2244 351 47 landtmäteriyrket,
647 2243 105 35 hvars
779 2243 124 35 idkare
931 2241 12 35 i
965 2241 108 48 öfrigt
1099 2241 108 35 hafva
1232 2241 144 35 tillfälle
1403 2240 58 35 till
1487 2239 164 36 enskilda
1675 2239 164 48 uppdrag
