2222 2610
418 136 20 29 4
877 139 253 33 Statsutskottets
1152 142 165 32 utlåtande
1342 143 52 31 Nr
1420 145 71 42 138.

1092 696 58 39 Nr
1178 696 84 41 138.
1765 718 27 53 V

952 887 112 27 Ankom
1085 887 43 27 till
1146 888 169 36 riksdagens
1335 890 94 27 kansli
1449 891 53 27 den
1524 892 33 27 16
1575 893 56 34 maj
1654 892 67 28 1919
1740 893 38 27 kl.
1799 894 17 27 2
1836 904 23 17 e.
1879 905 35 16 m.

577 1076 198 37 Utlåtande
803 1079 13 34 i
846 1080 196 46 anledning
1084 1093 44 23 av
1168 1084 127 34 väckta
1332 1085 173 34 motioner
1533 1097 55 24 om
1617 1087 110 45 inköp
1752 1087 70 43 för
1849 1092 135 32 statens

771 1149 158 45 räkning
958 1161 43 24 av
1029 1150 346 44 Höganäs—Mölle
1396 1154 174 45 järnväg.

1646 1241 72 47 (4:e
1748 1242 103 49 avd.)

496 1351 65 37 Uti
602 1355 66 33 två
708 1353 243 50 likalydande
994 1356 197 48 motioner,
1233 1358 138 37 väckta
1400 1359 72 37 den
1501 1373 70 23 ena
1598 1361 104 37 inom
1732 1362 119 37 första
1878 1364 105 36 kam-

367 1414 129 25 maren
525 1402 61 49 (nr
614 1404 63 48 49)
706 1418 49 22 av
783 1405 90 37 herr
899 1407 37 35 J.
967 1409 43 34 P.
1039 1409 194 45 Jesperson
1261 1410 72 36 och
1363 1410 74 37 den
1466 1412 116 36 andra
1607 1413 102 36 inom
1732 1414 119 37 andra
1878 1415 104 37 kam-

367 1466 131 24 maren
539 1455 59 48 (nr
641 1456 85 47 160)
769 1470 49 23 av
859 1457 86 37 herr
982 1460 39 35 O.
1058 1461 124 35 Olsson
1209 1461 13 35 i
1250 1461 345 52 Kullenbergstorp
1623 1478 45 23 am.
1693 1467 58 44 fl.,
1782 1466 68 36 har
1878 1467 104 37 hem-

365 1505 136 49 ställts,
544 1511 57 31 att
640 1507 211 50 riksdagen
893 1509 88 38 ville
1008 1511 149 37 besluta
1184 1512 152 38 inlösen
1364 1527 48 23 av
1439 1514 353 50 Höganäs-—Mölle
1817 1514 166 59 järnväg

365 1563 101 31 samt
505 1558 202 50 uppdraga
748 1563 38 33 åt
809 1561 381 51 järnvägsstyrelsen
1219 1570 54 31 att
1300 1566 114 36 träffa
1442 1568 101 35 avtal
1572 1568 129 37 därom
1731 1569 58 36 till
1819 1576 56 30 ett
1902 1571 79 49 pris

365 1622 47 23 av
451 1610 117 49 högst
602 1612 165 46 360,000
796 1612 142 38 kronor
965 1615 71 36 och
1064 1618 49 46 på
1142 1616 45 37 de
1214 1617 150 48 villkor,
1394 1631 81 24 som
1500 1619 377 51 järnvägsstyrelsen
1906 1623 75 36 kan

364 1660 164 37 förorda.

494 1712 17 37 I
539 1713 109 49 fråga
689 1728 62 23 om
794 1716 46 37 de
883 1718 83 36 skäl
1008 1719 283 38 motionärerna
1334 1721 126 37 anfört
1495 1723 55 36 till
1579 1724 83 36 stöd
1693 1725 58 36 för
1780 1726 58 36 sin
1868 1726 112 37 fram-

363 1764 184 50 ställning
576 1766 58 36 får
661 1767 186 38 utskottet
875 1768 160 39 hänvisa
1062 1771 58 36 till
1150 1773 250 36 motionerna.

493 1920 242 38 Beträffande
764 1922 293 50 ifrågavarande
1085 1927 189 37 motioner
1301 1928 71 36 har
1400 1929 187 37 utskottet
1606 1931 149 37 erhållit
1775 1932 84 37 från
1875 1933 104 47 järn-

362 1973 284 48 vägsstyrelsen
675 1973 12 36 i
715 1974 242 51 vederbörlig
997 1977 167 49 ordning
1204 1979 243 38 införskaffat
1486 1983 191 47 yttrande,
1709 1984 121 37 vilket
1858 1985 121 37 finnes

362 2023 109 49 fogat
499 2027 125 34 såsom
654 2024 129 50 bilaga
812 2027 58 36 till
899 2027 103 37 detta
1030 2030 196 37 utlåtande
1254 2030 82 50 (Bil.
1371 2031 46 49 1).

491 2075 75 37 Vid
598 2078 98 35 1914
726 2080 61 34 års
814 2092 134 24 senare
975 2080 158 50 riksdag
1153 2082 153 38 väcktes
1326 2083 104 37 inom
1450 2085 100 36 båda
1568 2086 201 37 kamrarna
1789 2088 189 38 motioner

362 2139 61 23 om
461 2128 246 37 statsinlösen
745 2143 47 23 av
820 2130 293 50 ifrågavarande
1136 2133 178 51 järnväg.
1373 2134 126 39 Sedan
1522 2138 379 51 järnvägsstyrelsen
1929 2144 49 46 på

361 2178 159 37 anförda
563 2180 80 36 skäl
672 2180 12 36 i
711 2182 181 48 yttrande
935 2183 73 37 den
1053 2186 47 35 10
1137 2186 72 47 juli
1253 2188 99 35 1914
1396 2189 173 48 avstyrkt
1611 2189 192 49 förslagen
1846 2192 127 37 härom
