1880 2772
294 153 18 30 2
609 154 123 29 Första
753 153 244 39 lagutskottets
1019 154 179 30 utlåtande
1219 164 42 21 nr
1280 156 42 30 26
1342 155 41 30 år
1404 155 82 30 1957

917 292 266 43 Propositionen

347 380 14 29 I
377 379 168 31 samband
563 381 80 29 med
659 381 51 28 att
725 380 92 29 vissa
833 381 299 38 organisatoriska
1148 381 248 39 förändringar
1411 382 11 29 i
1439 382 305 40 handläggningen
1761 392 41 21 av

302 428 245 31 nådeärenden
572 439 100 21 avses
698 430 98 30 skola
822 431 223 39 genomföras
1073 431 158 35 föreslås,
1258 434 51 27 att
1334 432 10 29 i
1372 432 124 30 sådant
1524 433 129 29 ärende
1678 433 124 29 chefen

303 479 56 29 för
373 479 414 40 justitiedepartementet
803 481 84 29 eller
903 481 67 30 den
985 481 70 29 han
1070 481 118 31 därtill
1204 482 229 39 bemyndigar
1450 483 87 29 skall
1555 484 65 38 äga
1636 483 166 30 förordna

302 530 52 29 att
375 531 393 39 personundersökning
789 531 90 29 skall
902 532 63 39 äga
986 540 78 20 rum
1087 532 84 29 eller
1192 532 199 40 läkarintyg
1415 533 183 30 anskaffas
1620 534 107 40 enligt
1748 534 56 30 be-

302 580 267 29 stämmelserna
590 581 11 29 i
621 581 101 39 lagen
741 590 56 20 om
816 582 394 40 personundersökning
1232 583 11 29 i
1263 583 178 30 brottmål.

302 679 167 31 Gällande
490 681 66 29 rätt
578 682 65 29 och
668 682 145 29 historik

343 738 337 41 Nådeansökningar
706 741 87 30 skall
818 741 109 40 enligt
952 742 40 30 26
1019 742 15 36 8
1063 742 56 30 RF
1146 744 143 38 avgöras
1315 753 44 21 av
1383 744 125 40 Kungl.
1534 745 107 39 Maj:t
1666 746 10 29 i
1703 747 102 29 stats-

298 788 110 35 rådet,
427 790 105 29 sedan
552 790 125 40 högsta
696 791 196 30 domstolen
912 792 126 39 avgivit
1055 794 175 38 yttrande.
1251 794 12 30 I
1283 794 95 30 vissa
1397 795 124 38 ytterst
1541 795 145 40 fåtaliga
1705 797 99 29 ären-

298 839 68 29 den
390 840 88 29 skall
500 841 89 29 dock
610 842 162 38 yttrande
794 841 11 30 i
829 842 115 30 stället
966 842 177 31 inhämtas
1166 843 79 31 från
1267 844 310 40 regeringsrätten;
1600 846 81 30 från
1703 849 101 29 dessa

300 888 155 30 ärenden
475 889 134 31 bortses
631 892 11 28 i
662 890 58 30 det
741 890 168 40 följande,
931 891 127 32 liksom
1078 892 107 30 också
1206 892 79 31 från
1305 894 42 29 de
1367 894 274 40 undantagsfall,
1662 896 63 29 där
1745 896 57 30 be-

300 937 72 31 slut
394 939 176 30 meddelas
593 942 88 28 utan
701 941 169 31 ansökan.
895 942 77 30 Med
993 942 139 40 hänsyn
1155 943 53 30 till
1229 945 50 29 att
1301 944 308 40 handläggningen
1631 955 44 21 av
1697 946 105 30 nåde-

299 988 156 30 ärenden
473 989 124 31 kräver
615 999 43 22 en
677 991 250 41 föredragning
945 992 54 30 för
1016 993 125 40 högsta
1160 994 207 35 domstolen,
1386 995 109 29 innan
1514 996 287 40 ansökningarna

299 1039 145 39 avgöres
460 1048 42 21 av
518 1040 127 40 Kungl.
664 1042 103 39 Maj:t
784 1042 11 29 i
813 1042 151 40 konselj,
983 1045 36 28 är
1037 1044 57 30 det
1112 1045 55 29 för
1184 1045 219 30 närvarande
1422 1046 125 30 ordnat
1565 1046 48 35 så,
1632 1048 50 29 att
1699 1047 101 30 dessa

297 1091 239 40 ansökningar
563 1092 90 30 skall
678 1092 133 41 ingivas
838 1095 53 29 till
918 1095 104 30 nedre
1047 1095 337 40 justitierevisionen
1410 1097 63 30 och
1499 1098 204 39 registreras
1730 1099 72 29 där.

298 1140 94 31 Även
415 1142 266 40 expedieringen
704 1153 41 20 av
765 1144 116 30 beslut
902 1145 12 29 i
936 1145 244 31 nådeärenden
1203 1147 78 30 sker
1304 1155 125 31 genom
1451 1148 105 30 nedre
1578 1148 226 40 justitierevi-

298 1190 134 32 sionen.

342 1241 132 40 Högsta
493 1242 215 31 domstolens
727 1244 190 38 yttranden
938 1245 135 39 avgives
1094 1246 11 29 i
1126 1247 91 39 regel
1237 1256 43 21 av
1298 1257 44 20 en
1364 1249 352 39 tremansavdelning.
1737 1249 67 30 Nå-

297 1291 220 31 deärendena
544 1292 201 40 föredrages
773 1303 75 21 som
871 1294 204 32 förtursmål
1103 1296 94 30 inför
1223 1297 232 40 avdelningen
1483 1308 42 20 av
1549 1308 43 20 en
1619 1299 185 30 revisions-

297 1341 225 32 sekreterare.
545 1342 307 41 Föredragningen
875 1345 89 29 skall
987 1345 60 31 ske
1070 1347 78 29 med
1172 1347 140 40 ledning
1335 1357 43 21 av
1399 1348 404 41 minnesanteckningar,

298 1400 77 21 som
395 1392 192 30 innefattar
607 1402 44 21 en
672 1394 132 30 ordnad
826 1395 65 29 och
914 1394 207 42 fullständig
1142 1397 217 39 redogörelse
1382 1398 54 30 för
1457 1400 65 29 vad
1544 1399 259 40 handlingarna

297 1441 196 31 innehåller
520 1452 42 21 av
587 1443 176 40 betydelse
790 1444 56 30 för
873 1445 67 30 den
966 1446 181 40 prövning,
1173 1456 120 21 varom
1321 1449 39 29 är
1387 1448 108 40 fråga.
1523 1449 280 31 Minnesanteck-

297 1491 173 41 ningarna
486 1493 89 30 skall
594 1494 258 31 undertecknas
872 1504 43 21 av
933 1495 277 41 föredraganden
1229 1498 64 29 och
1313 1498 89 31 efter
1421 1499 293 41 föredragningen
1734 1500 69 30 för-

297 1551 102 22 varas
415 1543 105 30 bland
536 1543 257 41 handlingarna
809 1544 11 30 i
836 1545 118 30 målet.
970 1546 118 31 Beslut
1106 1556 57 20 om
1178 1547 280 42 komplettering,
1476 1559 74 20 som
1567 1550 123 39 högsta
1707 1551 96 30 dom-

297 1593 113 30 stolen
428 1603 100 21 anser
544 1593 170 42 behövlig,
732 1596 23 28 t.
773 1604 50 21 ex.
838 1595 116 31 beslut
971 1598 50 28 att
1036 1598 163 38 yttrande
1217 1598 89 31 skall
1324 1598 177 32 infordras
1519 1600 81 29 från
1615 1600 72 30 viss
1704 1610 99 30 myn-

296 1642 131 40 dighet,
454 1645 50 28 att
530 1645 395 40 personundersökning
952 1647 87 29 skall
1068 1649 101 37 göras
1196 1648 82 30 eller
1300 1650 50 30 att
1378 1650 199 40 läkarintyg
1602 1650 108 41 enligt
1736 1651 19 30 4
1784 1650 16 37 8

297 1693 101 39 lagen
423 1702 56 21 om
503 1695 395 40 personundersökning
923 1696 88 30 skall
1037 1698 195 34 anskaffas,
1258 1698 108 31 fattas
1392 1709 42 20 av
1457 1700 123 40 högsta
1605 1701 197 31 domstolen

297 1743 90 31 efter
416 1744 303 40 föredragningen.
749 1746 13 28 I
790 1745 114 40 dylikt
932 1746 62 31 fall
1021 1747 200 41 föredrages
1249 1750 145 29 ärendet
1421 1750 45 40 på
1493 1752 77 37 nytt
1599 1752 108 30 sedan
1735 1752 66 30 den

297 1793 301 40 kompletterande
622 1795 232 40 utredningen
877 1796 196 34 inkommit,

342 1843 113 30 Sedan
475 1843 123 40 högsta
620 1845 195 30 domstolen
835 1846 152 32 beslutat
1007 1848 174 38 yttrande,
1205 1848 87 31 skall
1314 1850 413 32 revisionssekreteraren
1750 1853 51 29 till

297 1892 128 30 chefen
444 1893 54 30 för
516 1893 417 41 justitiedepartementet
951 1896 162 32 avlämna
1131 1906 43 20 en
1194 1897 153 41 skriftlig
1366 1899 217 40 redogörelse
1602 1902 80 29 över
1701 1902 99 29 ären-

296 1943 77 30 dets
394 1944 163 37 innehåll,
579 1946 223 39 upptagande
823 1947 69 30 alla
913 1947 40 30 de
973 1948 297 39 omständigheter
1292 1959 75 20 som
1387 1952 70 28 kan
1477 1951 144 31 inverka
1639 1952 44 40 på
1702 1953 101 39 pröv-

296 1993 140 39 ningen,
461 1993 193 42 åberopade
677 1995 135 40 lagrum
836 1997 66 29 och
925 1998 66 29 vad
1007 1998 98 30 inom
1129 1999 122 39 högsta
1275 2001 197 30 domstolen
1495 2001 226 31 förekommit
1744 2003 57 30 vid

296 2043 125 31 målets
437 2045 84 29 eller
540 2046 163 30 ärendets
721 2046 222 41 behandling,
964 2049 165 29 ävensom
1148 2049 161 31 avlämna
1328 2051 223 42 förteckning
1569 2053 81 29 över
1670 2053 130 31 sådana

296 2094 70 30 mål
387 2095 67 29 och
475 2096 163 36 ärenden,
661 2096 175 39 uppgjord
858 2097 11 29 i
893 2098 57 29 det
972 2099 94 29 antal
1090 2100 175 30 exemnlar
1289 2110 75 20 som
1384 2101 187 31 erfordras.
1596 2103 206 39 Redogörel-

295 2153 62 21 sen
380 2146 138 38 utgöres
539 2146 241 40 regelmässigt
801 2156 43 21 av
866 2148 67 29 den
955 2150 233 37 promemoria
1213 2159 74 21 som
1310 2151 92 39 legat
1424 2152 52 29 till
1498 2153 114 39 grund
1635 2153 54 30 för
1712 2153 88 30 före-

296 2195 219 40 dragningen
534 2196 96 31 inför
651 2197 231 40 avdelningen
902 2198 109 39 jämte
1032 2208 43 21 en
1097 2199 222 41 förteckning
1341 2202 82 29 över
1444 2203 185 34 ärendena,
1652 2203 11 29 i
1684 2203 118 30 vilken

298 2244 127 39 högsta
449 2246 214 29 domstolens
690 2247 186 38 yttranden
902 2248 115 29 finnes
1043 2248 189 40 återgivna.
1259 2251 427 32 Revisionssekreteraren
1712 2254 89 29 skall

296 2295 118 31 vidare
436 2296 105 40 enligt
564 2297 160 38 gällande
747 2298 266 41 arbetsordning
1035 2300 45 39 på
1102 2302 176 29 anmodan
1300 2302 139 31 biträda
1462 2304 340 39 departementsche-

296 2346 62 30 fen
379 2347 80 30 med
479 2347 191 40 beredning
691 2357 42 21 av
754 2349 255 30 nådeärenden.
1031 2350 192 31 Formerna
1244 2352 123 31 härför
1388 2353 64 30 har
1473 2354 152 31 varierat
1648 2355 80 30 från
1750 2355 51 30 tid

297 2396 53 30 till
375 2405 127 21 annan.
527 2397 119 31 Tidvis
673 2398 64 30 har
761 2400 125 29 endast
912 2400 41 30 de
975 2400 175 40 skriftliga
1176 2403 283 39 redogörelserna
1485 2405 163 36 lämnats,
1675 2405 126 30 medan

296 2446 56 30 vid
372 2448 110 29 andra
501 2447 88 31 tider
609 2449 88 29 även
717 2449 150 40 muntlig
887 2449 248 41 föredragning
1148 2452 55 29 för
1215 2453 387 39 departementschefen
1615 2455 185 39 påkallats.
