2165 2576
321 191 49 35 24
829 184 98 34 Stats-
935 184 160 34 Utskottets
1118 184 170 32 Memorial
1310 184 64 32 N:o
1397 185 50 30 67.

463 272 179 32 Dessutom
665 269 94 32 skola
782 267 222 41 Fullmäktige
1030 267 50 32 vid
1105 269 102 31 nästa
1230 267 155 40 riksdags
1410 265 119 41 början
1554 265 50 31 till
1617 264 194 41 Riksdagen
1825 263 123 42 afgifva

323 323 64 33 och
422 322 52 32 till
509 320 284 34 Stats-Utskottet
829 319 144 33 aflemna
1006 318 169 33 berättelse
1208 317 52 32 för
1296 317 77 33 hela
1402 316 66 33 den
1496 315 59 40 tid,
1587 326 69 22 som
1681 314 139 33 förflutit
1843 315 105 33 sedan

322 373 242 41 Fullmäktiges
588 370 187 35 berättelse
799 370 51 32 till
874 369 193 33 nuvarande
1090 368 151 41 Riksdag
1265 367 118 42 afgafs.

1092 489 20 38 8
1136 489 50 29 66.

458 573 96 33 Efter
588 572 115 41 hvarje
737 571 163 33 revisions
936 571 66 32 slut
1037 569 96 33 skola
1166 568 233 41 Fullmäktige,
1428 569 45 40 på
1497 570 67 30 sätt
1588 567 39 32 de
1651 566 52 32 för
1725 566 222 32 Revisorerne

322 624 182 33 utfärdade
528 622 241 33 instruktioner
791 621 184 40 innehålla,
1000 620 205 33 föranstalta
1230 630 52 21 om
1307 618 169 42 tryckning
1501 618 64 31 och
1589 617 169 40 utdelning
1786 616 76 33 med
1887 616 59 32 all-

322 678 125 29 männa
480 674 216 41 tidningarne
732 673 37 33 af
801 672 238 33 Revisorernes
1074 670 175 41 angående
1276 669 107 33 Stats-
1408 669 63 32 och
1495 667 304 42 Riksgäldsverken
1823 667 126 40 afgifna

323 726 63 32 och
421 724 220 41 Fullmäktige
677 723 163 33 tillstälda
874 722 200 33 berättelser
1107 722 103 41 jemte
1247 720 111 32 dertill
1392 719 152 33 hörande
1580 718 233 41 förklaringar,
1838 717 111 33 hvilka

324 776 204 41 handlingar
565 774 98 33 äfven
699 784 122 31 genom
856 772 238 41 Fullmäktiges
1118 772 134 40 försorg
1276 771 84 32 böra
1383 771 50 31 till
1457 772 76 30 näst
1558 769 149 33 derefter
1730 771 217 30 sammanträ-

330 827 113 32 dande
467 826 182 33 Revisorer
673 825 63 33 och
759 824 150 41 Riksdag
933 823 233 34 öfverlemnas.

1090 942 20 38 8
1134 941 49 30 67.

459 1027 85 32 Före
573 1024 280 34 nästkommande
877 1023 156 42 riksdags
1056 1023 121 41 början
1201 1022 85 33 böra
1307 1020 239 42 Fullmäktige:

427 1077 34 44 a)
485 1076 205 33 föranstalta
714 1086 53 22 om
790 1075 227 42 upphandling
1041 1074 36 32 af
1097 1074 58 31 det
1177 1072 53 33 för
1252 1072 220 41 tryckningen
1492 1071 34 32 af
1546 1069 212 41 Riksdagens
1781 1069 171 41 protokoll

323 1127 75 32 med
424 1127 111 32 dertill
569 1127 151 32 hörande
758 1125 127 42 bihang
913 1125 108 32 under
1056 1134 125 22 samma
1216 1122 136 41 riksdag
1377 1121 223 41 erforderliga
1619 1130 130 31 papper
1774 1120 73 39 och,
1875 1119 77 33 med

324 1178 158 40 behörigt
504 1177 221 41 iakttagande
751 1176 37 32 af
810 1177 40 32 de
873 1177 12 30 i
909 1175 119 33 sådant
1052 1174 161 33 afseende
1237 1172 200 33 meddelade
1456 1170 222 41 föreskrifter,
1704 1171 68 32 låta
1795 1173 158 38 upprätta

323 1227 160 35 kontrakt
511 1228 173 40 angående
707 1226 257 41 verkställighet
992 1226 36 32 af
1046 1227 47 31 så
1121 1225 53 32 väl
1198 1223 215 42 protokollets
1444 1233 71 22 som
1540 1222 167 40 bihangets
1734 1221 184 41 tryckning;

427 1278 36 42 b)
489 1281 161 39 upprätta
673 1277 150 32 kontrakt
847 1288 52 22 om
924 1275 334 38 tillhandahållande,
1282 1273 106 33 under
1404 1273 200 41 riksdagens
1628 1273 90 40 lopp,
1732 1272 35 32 af
1789 1271 40 33 de
1853 1271 99 37 skrif-

326 1329 199 32 materialier
554 1328 65 33 och
649 1328 109 41 öfriga
783 1327 141 39 effekter,
950 1337 71 22 som
1044 1326 52 32 för
1120 1325 213 41 Riksdagens
1357 1324 108 33 behof
1484 1323 112 32 kunde
1622 1322 187 40 erfordras;

429 1382 30 40 c)
485 1379 71 33 låta
590 1379 224 41 komplettera
853 1378 63 32 och
956 1376 207 33 iståndsätta
1194 1373 396 42 inventariepersedlarne
1612 1374 10 31 i
1645 1373 210 40 Riksdagens
1879 1372 72 32 hus.

461 1430 65 32 Vid
563 1428 284 42 verkställigheten
878 1427 102 33 häraf
1012 1427 181 41 iakttages,
1229 1429 49 30 att
1315 1425 122 40 anbud,
1472 1435 120 31 genom
1616 1423 222 42 kungörelser
1860 1423 10 32 i
1895 1423 58 32 all-

327 1484 124 29 männa
483 1480 228 41 tidningarne,
744 1478 167 34 infordras
948 1478 35 33 af
1016 1478 85 39 dem,
1126 1488 72 22 som
1225 1476 113 33 kunna
1361 1487 82 21 vara
1466 1475 134 41 hugade
1625 1477 49 30 att
1695 1473 259 33 tillhandahålla

328 1531 65 32 och
428 1531 152 33 leverera
614 1529 149 34 berörda
798 1529 141 34 effekter
974 1528 84 33 eller
1095 1528 135 41 besörja
1266 1525 223 35 omförmälda
1522 1525 211 42 trycknings-
1767 1524 77 33 med
1871 1523 82 33 flere

331 1581 151 33 arbeten.

462 1632 67 31 För
554 1631 102 41 öfrigt
679 1641 59 30 ega
761 1629 223 42 Fullmäktige
1014 1632 49 30 att
1085 1631 75 30 utse
1184 1629 112 39 någon
1319 1626 103 33 bland
1446 1625 360 42 Riksgäldskontorets
1819 1625 137 41 tjenste-

329 1685 88 36 män,
452 1692 72 22 som
557 1681 65 33 bör
647 1682 29 41 ej
702 1681 146 32 allenast
870 1680 72 32 före
968 1680 63 32 och
1060 1679 108 32 under
1190 1678 180 41 riksdagen
1392 1680 160 38 mottaga,
1580 1675 103 34 vårda
1707 1675 61 33 och
1794 1675 84 33 efter
1901 1686 55 21 ve-

329 1732 193 41 derbörliga
555 1732 237 40 reqvisitioner
814 1731 142 32 utlemna
980 1730 41 32 de
1045 1728 240 43 upphandlade
1311 1727 173 39 effekterna
1506 1730 86 29 samt
1612 1726 192 41 ombesörja
1828 1726 40 32 de
1896 1737 60 20 un-

333 1783 60 32 der
432 1782 201 41 riksdagens
668 1782 159 41 fortgång
865 1780 311 42 ifrågakommande
1206 1779 191 41 ytterligare
1425 1778 145 42 uppköp,
1596 1777 172 33 äfvensom
1793 1776 163 33 erforder-

335 1833 70 41 liga
437 1833 234 41 reparationer
705 1834 19 30 å
759 1831 416 42 inventariepersedlarne,
1210 1833 81 29 utan
1334 1829 64 33 ock
1431 1829 53 32 vid
1509 1828 115 41 hvarje
1648 1827 218 33 kalenderårs
1891 1827 66 32 slut

333 1886 160 39 upprätta
532 1883 65 33 och
631 1882 124 42 afgifva
789 1882 195 42 fullständig
1017 1881 216 41 redovisning
1267 1880 52 33 för
1353 1879 68 34 alla
1458 1879 101 33 dessa
1583 1878 35 34 af
1638 1878 124 33 honom
1785 1880 171 39 mottagna

328 1933 151 34 effekter.

1094 2002 20 38 8
1138 2001 49 30 68.

469 2083 79 34 Som
591 2085 81 32 1882
714 2085 54 31 års
810 2082 144 41 Riksdag
995 2082 183 41 medgifvit,
1226 2084 49 30 att
1319 2081 41 33 de
1395 2081 94 33 delar
1528 2081 35 33 af
1598 2081 118 41 Kongl.
1752 2080 108 42 Maj:ts
1893 2079 63 33 och

331 2135 155 33 Kronans
514 2137 125 30 tomter
672 2135 70 32 N:is
779 2137 14 29 1
831 2133 63 34 och
932 2136 35 29 11
1007 2136 85 30 samt
1115 2133 36 32 af
1171 2131 330 42 Riksgäldskontorets
1524 2134 74 31 tomt
1619 2132 64 32 N:o
1707 2133 43 31 12
1771 2132 14 31 i
1805 2133 153 39 qvarteret

331 2184 262 43 Riddarholmen,
635 2196 71 22 som
731 2185 93 42 ligga
857 2184 123 32 mellan
1009 2182 447 42 sammanbindningsbanan
1485 2183 65 33 och
1573 2181 382 34 Riddarholmskanalen

331 2236 64 31 och
438 2237 11 33 i
472 2237 91 32 areal
594 2238 121 39 utgöra
741 2238 112 37 14,071
880 2234 203 41 qvadratfot,
1108 2235 64 39 må,
1193 2235 103 40 jemte
1322 2234 64 33 den
1412 2237 92 29 öster
1529 2244 52 22 om
1609 2232 348 40 sammanbindnings-
