1854 2782
539 151 285 31 Statsutskottets
850 149 180 30 utlåtande
1055 157 42 21 nr
1123 147 50 30 79.
1588 142 18 31 7

196 238 65 31 Vid
279 237 221 41 förestående
522 236 145 30 ärendes
687 233 285 39 slutbehandling
994 233 93 29 inom
1109 231 170 30 utskottet
1298 230 45 30 ha
1363 227 157 32 närvarit

150 306 80 30 från
263 306 162 29 första
459 304 220 29 kammaren:
704 302 121 29 herrar
848 301 83 29 Karl
954 299 211 33 Andersson,
1190 297 124 34 Ohlon,
1336 295 167 39 Näsgård,
1529 294 79 30 Gill-

107 350 120 32 ström,
257 348 124 29 fröken
409 346 212 33 Andersson,
650 345 122 29 herrar
800 343 119 29 Alfred
949 342 150 35 Nilsson,
1129 340 157 33 Pålsson,
1314 339 105 29 Einar
1448 338 158 32 Persson,

107 391 119 38 Birger
246 390 210 34 Andersson,
476 388 111 29 Edvin
606 387 112 33 Thun,
736 385 205 36 Holmqvist,
963 383 115 34 Olsén,
1097 383 125 32 Sunne,
1240 380 138 37 Elfving
1397 379 65 30 och
1480 378 128 30 Rikard

108 434 188 33 Svensson;
320 433 90 29 samt

152 492 80 30 från
291 491 120 29 andra
438 490 221 30 kammaren:
677 488 121 29 herrar
815 485 178 39 Skoglund
1009 485 11 29 i
1035 484 221 38 Doverstorp,
1271 481 119 34 Ward,
1409 480 200 30 Andersson

107 535 11 29 i
140 535 139 35 Malmö,
303 533 106 34 Ståhl,
431 531 198 34 Lindholm,
654 530 173 30 Svensson
848 528 10 29 i
881 526 216 40 Ljungskile,
1120 524 212 34 Åkerström,
1356 523 161 38 Staxäng,
1541 522 69 29 On-

110 577 64 39 sjö,
202 576 208 31 Gustafsson
437 575 11 29 i
478 573 196 34 Skellefteå,
703 571 168 30 Karlsson
898 571 10 29 i
937 569 204 33 Olofström,
1169 567 156 35 Löfroth,
1353 565 165 39 Almgren
1546 564 64 30 och

111 620 172 30 Svensson
307 619 11 28 i
342 617 207 39 Stenkyrka.

726 807 264 36 Reservation

111 909 42 20 av
170 900 121 29 herrar
311 897 123 37 Ohlon,
451 896 168 40 Näsgård,
637 895 126 30 fröken
781 893 212 38 Andersson,
1010 892 121 29 herrar
1148 889 122 40 Alfred
1287 888 151 36 Nilsson,
1455 886 157 35 Pålsson,

111 950 129 38 Sunne,
257 948 181 40 Skoglund
455 948 11 29 i
484 948 222 38 Doverstorp,
725 945 109 36 Ståhl,
853 944 175 30 Svensson
1045 942 11 29 i
1074 939 216 41 Ljungskile,
1309 939 163 38 Staxäng,
1492 932 120 48 Onsjö,

113 1000 208 40 Gustafsson
343 999 11 29 i
376 997 197 34 Skellefteå,
596 996 147 40 Löfroth
765 995 64 30 och
850 994 175 30 Svensson
1047 992 11 29 i
1082 990 206 40 Stenkyrka,
1311 988 95 31 vilka
1427 988 114 29 ansett
1563 987 51 29 att

113 1051 171 29 utskottet
302 1050 77 30 bort
398 1048 176 40 tillstyrka
591 1047 100 30 bifall
710 1046 53 29 till
781 1045 220 30 motionerna
1020 1044 29 29 I:
1065 1042 62 30 306
1147 1041 65 30 och
1232 1041 45 29 II:
1294 1039 72 35 260,
1387 1038 65 32 och
1471 1038 50 30 att
1538 1037 77 29 där-

115 1101 55 29 för
189 1100 182 30 utskottets
388 1098 160 38 yttrande
566 1097 64 30 och
648 1096 206 30 hemställan
872 1094 79 30 bort
967 1093 46 30 ha
1032 1092 154 37 följande
1204 1090 144 40 lydelse:

160 1151 196 30 >Utskottet
381 1158 103 21 anser
511 1148 118 31 starka
655 1147 76 29 skäl
758 1146 70 30 tala
853 1145 54 29 för
934 1142 316 40 skatteåterbäring
1275 1141 52 29 till
1352 1139 121 31 Lifaco
1499 1138 116 30 Aktie-

113 1202 103 39 bolag
235 1201 10 30 i
267 1200 151 39 enlighet
439 1199 79 30 med
537 1198 173 40 yrkandet
730 1196 11 30 i
762 1195 219 31 motionerna
1002 1195 29 29 I:
1048 1193 62 30 306
1132 1193 65 29 och
1218 1192 45 30 II:
1280 1191 72 32 260.
1375 1190 94 30 Även
1489 1189 127 40 yrkan-

115 1253 57 29 det
195 1261 57 22 om
274 1251 70 30 viss
369 1250 206 40 gottgörelse
598 1249 10 29 i
632 1248 112 39 övrigt
767 1247 51 30 till
843 1246 136 39 bolaget
1002 1245 62 29 bör
1090 1242 239 40 tillmötesgås.

160 1303 120 29 Redan
305 1301 110 31 under
442 1300 221 30 förarbetena
689 1298 53 30 till
768 1294 458 39 varuskatteförordningen
1252 1291 153 42 yppades
1432 1290 185 30 osäkerhet

115 1353 149 30 rörande
280 1353 90 29 rätta
385 1351 205 38 tolkningen
607 1359 41 20 av
665 1349 66 30 den
746 1348 52 29 till
815 1346 250 39 förordningen
1080 1344 155 30 hörande
1251 1341 365 38 varuförteckningen.

116 1403 72 31 Två
212 1402 357 32 domstolsinstanser,
594 1399 176 39 nämligen
796 1396 220 32 Stockholms
1041 1395 204 30 rådhusrätt
1270 1393 64 30 och
1360 1393 85 29 Svea
1468 1391 149 33 hovrätt,

117 1454 63 29 har
203 1453 92 30 delat
318 1452 154 38 bolagets
496 1449 227 41 uppfattning
746 1450 50 28 att
819 1448 78 29 dess
922 1445 226 40 tillverkning
1171 1445 72 29 inte
1266 1442 89 31 varit
1379 1440 238 32 underkastad

119 1502 215 40 skatteplikt.
364 1501 117 30 Under
514 1498 382 38 remissbehandlingen
927 1506 42 21 av
999 1496 166 38 förslaget
1196 1494 53 30 till
1278 1486 341 50 varuskatteförord-

118 1554 84 39 ning
219 1552 211 31 framfördes
448 1550 277 39 betänkligheter
746 1548 79 30 från
844 1545 370 39 kommerskollegium
1232 1543 148 31 rörande
1400 1542 219 39 svårigheten

119 1605 50 29 att
193 1604 170 39 avgränsa
388 1602 41 30 de
456 1600 262 40 skattepliktiga
743 1607 149 22 varorna
917 1598 65 29 och
1007 1598 50 29 att
1081 1595 133 31 erhålla
1239 1594 103 30 säkra
1366 1592 253 41 upplysningar

119 1654 149 31 rörande
291 1653 69 30 viss
385 1661 102 22 varas
512 1650 215 41 skatteplikt.
752 1649 51 30 Av
826 1648 246 30 varuskattens
1097 1645 168 31 karaktär
1289 1654 41 21 av
1354 1642 266 39 övervältrings-

121 1704 90 30 skatt
230 1703 102 37 följer
352 1702 114 34 också,
488 1703 48 29 att
555 1702 109 29 staten
683 1700 69 29 inte
771 1699 10 29 i
799 1698 117 30 vidare
934 1697 82 30 mån
1035 1697 62 30 bör
1117 1697 149 36 upptaga
1282 1695 94 33 skatt
1396 1695 44 29 än
1460 1692 67 30 vad
1546 1701 75 20 som

119 1755 126 36 erlagts
265 1763 42 20 av
326 1753 303 29 konsumenterna.
651 1751 74 29 Vad
747 1749 107 39 angår
874 1749 41 29 de
937 1758 42 20 av
999 1747 204 31 rådhusrätt
1222 1746 64 30 och
1307 1745 139 30 hovrätt
1468 1743 152 30 träffade

120 1804 244 39 avgörandena
387 1803 71 29 kan
482 1802 202 38 visserligen
711 1800 179 33 invändas,
917 1800 50 28 att
991 1799 123 38 högsta
1140 1796 195 31 domstolen
1360 1794 185 39 fastslagit,
1571 1794 50 29 att

120 1853 326 32 varuskattetvister
471 1853 71 29 inte
566 1851 117 30 tillhör
708 1851 130 29 allmän
862 1848 169 30 domstols
1055 1847 181 41 prövning,
1262 1846 117 30 varför
1404 1844 104 30 alltså
1529 1851 93 31 rege-

122 1904 230 39 ringsrättens
382 1903 155 29 domslut
567 1902 100 38 utgör
698 1901 56 29 det
785 1899 138 39 slutliga
954 1900 115 28 svaret
1097 1897 45 41 på
1173 1897 123 38 frågan
1328 1905 55 21 om
1416 1893 204 41 skatteplikt

121 1954 168 39 förelegat
310 1953 81 30 eller
411 1953 72 29 inte
505 1952 54 29 för
579 1950 138 31 Lifacos
738 1948 234 39 tillverkning.
995 1947 287 40 Sakprövningen
1302 1946 10 29 i
1332 1945 204 30 rådhusrätt
1558 1944 64 29 och

122 2005 139 29 hovrätt
281 2004 69 29 kan
370 2003 171 30 utskottet
563 2002 105 29 likväl
689 2001 71 29 inte
782 1999 134 38 förbigå
938 2000 63 28 när
1022 1998 166 38 ställning
1209 1996 88 30 skall
1318 1998 96 36 tagas
1437 1994 53 30 till
1512 1994 40 30 de
1575 2003 47 20 nu

122 2055 125 29 väckta
267 2054 228 30 motionerna.

167 2105 13 28 I
198 2103 344 38 restitutionsfrågan
561 2102 192 38 tillstyrker
771 2101 169 29 utskottet
957 2099 120 29 därför
1095 2097 98 30 bifall
1213 2097 51 29 till
1282 2096 228 32 motionerna,
1530 2095 93 28 inne-

123 2154 153 29 bärande
294 2155 48 27 att
359 2153 135 36 bolaget
511 2152 136 36 medges
665 2160 40 21 en
723 2150 195 35 återbäring
936 2158 41 20 av
994 2148 36 29 41
1047 2148 59 29 868
1123 2148 130 28 kronor
1271 2146 38 29 95
1329 2147 56 28 öre
1402 2145 105 36 jämte
1526 2145 98 28 ränta

123 2203 84 30 därå
227 2203 78 29 från
325 2202 192 37 respektive
540 2200 346 37 inbetalningsdagar.
907 2199 225 28 Räntesatsen
1156 2206 101 27 synes
1280 2196 165 29 utskottet
1464 2195 84 29 böra
1569 2194 56 29 be-

125 2255 168 28 stämmas
318 2253 51 29 till
393 2262 58 19 sex
475 2253 153 38 procent.

170 2304 51 29 Av
244 2303 41 29 de
309 2302 189 29 kostnader
522 2302 134 36 bolaget
682 2300 66 29 fått
772 2299 196 30 vidkännas
994 2298 53 29 för
1071 2298 50 28 att
1147 2297 34 29 få
1209 2296 52 29 sin
1286 2297 68 28 rätt
1381 2295 112 29 skulle
1520 2294 105 38 enligt

127 2354 217 29 motionerna
369 2352 148 28 ersättas
542 2351 71 28 dels
641 2350 37 29 13
694 2350 62 28 000
782 2349 138 32 kronor,
949 2357 74 20 som
1048 2347 135 38 bolaget
1208 2345 107 38 erlagt
1341 2345 50 29 till
1418 2344 207 30 statsverket

128 2405 7 28 i
159 2403 192 37 ersättning
374 2402 53 29 för
450 2401 153 28 kronans
625 2397 401 40 rättegångskostnader,
1048 2397 72 29 dels
1142 2398 65 28 ock
1230 2397 46 28 ett
1300 2395 122 41 belopp
1446 2404 42 20 av
1511 2394 115 29 13500

127 2456 139 30 kronor,
297 2451 245 30 motsvarande
569 2450 135 37 bolaget
732 2450 8 28 i
770 2449 246 29 rådhusrätten
1048 2446 206 30 tillerkända
1285 2445 342 38 rättegångskostna-
