1920 2843
258 208 18 30 2
611 205 284 31 Statsutskottets
917 203 178 31 utlåtande
1115 212 42 21 nr
1179 202 36 30 11
1238 202 39 31 år
1299 200 83 32 1967

300 288 76 34 4:0)
408 288 134 29 Statens
569 284 551 37 förlikningsmannaexpedition:
1151 283 263 30 Omkostnader.
1443 282 13 29 I
1484 281 152 40 enlighet
1664 280 80 30 med

262 343 125 40 Kungl.
410 342 123 40 Maj:ts
556 342 130 39 förslag
714 340 130 41 (punkt
867 339 23 30 C
912 338 29 37 4,
967 349 25 21 s.
1016 338 73 36 47),
1111 338 108 30 vilket
1241 338 44 30 bl.
1300 347 29 20 a.
1352 337 146 30 innebär
1521 346 48 30 ny
1591 336 155 40 anslags-

262 399 131 34 rubrik,
418 397 201 30 hemställer
642 396 180 34 utskottet,

614 453 50 27 att
680 450 188 40 riksdagen
885 449 58 30 må
959 449 52 30 till
1028 448 138 30 Statens
1183 445 562 43 förlikningsmannaexpedition:

571 504 257 31 Omkostnader
851 504 54 30 för
927 503 204 40 budgetåret
1155 501 141 34 1967/68
1320 501 121 30 anvisa
1463 503 47 28 ett
1534 500 212 39 förslagsan-

571 561 72 39 slag
666 569 41 21 av
729 559 39 30 35
784 558 62 31 000
868 559 51 29 kr.

302 688 75 34 5:0)
402 685 499 36 Arbetsmarknadsstyrelsen:
925 684 221 36 Avlöningar.
1168 684 13 29 I
1201 683 151 40 enlighet
1374 682 79 30 med
1474 681 125 40 Kungl.
1620 680 125 40 Maj:ts

257 743 131 39 förslag
417 742 130 40 (punkt
570 741 67 35 C5,
663 750 25 21 s.
712 740 162 35 47—54),
899 739 106 31 vilket
1029 738 146 30 innebär
1199 747 42 20 en
1266 737 131 40 ökning
1421 746 41 20 av
1486 736 155 39 anslaget
1665 734 80 30 med

259 799 14 29 1
290 797 62 31 908
368 797 62 30 000
446 797 61 35 kr.,
524 796 201 30 hemställer
741 795 179 33 utskottet,

615 853 50 27 att
699 849 188 39 riksdagen
922 849 58 29 må
1013 848 53 30 till
1100 845 509 39 Arbetsmarknadsstyrelsen:
1644 844 102 30 Avlö-

568 903 126 40 ningar
718 903 54 29 för
795 901 204 40 budgetåret
1026 900 140 33 1967/68
1191 899 121 30 anvisa
1335 902 48 26 ett
1408 898 272 39 förslagsanslag
1705 906 41 20 av

573 958 39 29 16
628 957 61 30 730
704 956 63 30 000
791 957 52 29 kr.

303 1084 76 34 6:0)
399 1082 498 36 Arbetsmarknadsstyrelsen:
915 1081 262 30 Omkostnader.
1193 1080 13 29 I
1221 1079 152 40 enlighet
1387 1078 79 30 med
1481 1078 126 39 Kungl.
1622 1076 125 40 Maj:ts

264 1140 131 39 förslag
431 1139 130 39 (punkt
593 1137 24 30 C
647 1137 29 35 6,
709 1146 25 20 s.
766 1136 58 34 54)
859 1136 107 30 vilket
996 1135 146 29 innebär
1173 1143 43 21 en
1246 1133 131 40 ökning
1408 1142 42 20 av
1481 1133 156 38 anslaget
1667 1131 81 33 med

261 1193 63 30 660
339 1193 62 30 000
423 1193 62 34 kr.,
507 1192 202 30 hemställer
730 1191 179 34 utskottet,

613 1248 50 27 att
685 1245 189 39 riksdagen
896 1244 58 30 må
975 1244 53 29 till
1050 1241 509 39 Arbetsmarknadsstyrelsen:
1585 1239 162 30 Omkost-

570 1300 108 30 nader
704 1300 55 30 för
784 1298 204 41 budgetåret
1016 1297 140 33 1967/68
1184 1297 121 30 anvisa
1331 1298 48 28 ett
1406 1295 272 40 förslagsanslag
1705 1303 42 20 av

572 1354 18 29 5
607 1354 61 30 120
683 1354 62 29 000
773 1354 52 29 kr.

305 1481 74 33 7:0)
412 1479 392 35 Arbetsförmedlingen:
833 1478 221 35 Avlöningar.
1079 1476 126 40 Kungl.
1232 1475 106 39 Maj:t
1364 1475 63 30 har
1459 1474 129 40 (punkt
1615 1473 23 30 C
1666 1473 27 34 7,
1722 1482 25 20 s.

262 1535 146 33 55—561)
441 1534 179 39 föreslagit
648 1533 189 39 riksdagen
864 1534 50 28 att
942 1532 52 29 till
1023 1530 398 39 Arbetsförmedlingen:
1452 1528 212 39 Avlöningar
1694 1528 54 28 för

262 1589 203 40 budgetåret
492 1588 139 33 1967/68
656 1588 122 29 anvisa
802 1589 47 28 ett
873 1585 273 40 förslagsanslag
1169 1595 43 20 av
1235 1584 40 29 80
1291 1583 61 30 035
1366 1583 62 30 000
1452 1584 52 28 kr.

305 1671 165 39 Anslaget
490 1671 38 29 är
546 1670 11 29 i
576 1669 159 40 gällande
754 1669 146 29 riksstat
919 1667 144 40 uppfört
1082 1667 79 29 med
1182 1666 39 30 72
1236 1665 62 30 240
1314 1664 62 31 000
1396 1665 51 29 kr.

304 1751 14 29 I
345 1750 228 30 förevarande
601 1749 254 39 sammanhang
881 1748 64 29 har
971 1748 169 29 utskottet
1167 1746 188 30 behandlat
1383 1744 156 40 följande
1566 1743 181 34 motioner,

261 1805 176 39 nämligen

306 1859 73 29 dels
398 1859 59 29 två
475 1857 224 40 likalydande
718 1857 182 34 motioner,
919 1856 126 30 väckta
1064 1855 67 30 den
1151 1864 66 20 ena
1235 1855 96 29 inom
1351 1854 110 29 första
1480 1853 207 29 kammaren
1707 1860 42 20 av

263 1913 79 29 herr
358 1912 132 30 Harald
505 1912 200 29 Pettersson
723 1910 97 40 m.fl.
844 1910 45 34 (1:
906 1909 80 34 521)
1008 1910 65 28 och
1090 1909 67 29 den
1174 1908 110 30 andra
1301 1908 95 29 inom
1415 1906 110 31 andra
1542 1907 206 28 kammaren

263 1976 42 20 av
325 1967 121 29 herrar
466 1966 202 29 Antonsson
690 1965 66 29 och
775 1965 177 38 Dahlgren
980 1963 62 35 (11:
1056 1962 95 35 641),
1174 1963 12 29 i
1207 1963 95 29 vilka
1322 1961 197 29 hemställts
1542 1962 50 27 att
1613 1958 136 30 riksda-

262 2028 65 32 gen
351 2020 108 30 målte
486 2020 33 34 1)
548 2020 11 29 i
585 2019 166 30 skrivelse
775 2019 53 29 till
853 2018 125 39 Kungl.
1004 2017 105 39 Maj:t
1135 2016 142 30 anhålla
1301 2015 36 33 a)
1367 2017 49 27 att
1442 2013 151 31 särskild
1619 2013 130 29 arbets-

264 2073 452 40 förmedlingsverksamhet
739 2073 54 29 för
815 2072 226 40 pensionärer
1063 2071 108 29 måtte
1191 2071 161 29 bedrivas
1374 2071 11 29 i
1407 2070 151 39 enlighet
1581 2070 80 29 med
1682 2069 67 29 vad

263 2129 10 29 i
299 2129 219 29 motionerna
544 2127 136 30 anförts
707 2127 64 29 och
796 2127 38 33 b)
866 2128 50 27 att
942 2125 364 30 försöksverksamhet
1332 2125 108 29 måtte
1466 2124 160 30 bedrivas
1652 2124 96 28 inom

263 2183 67 29 den
354 2182 139 40 statliga
516 2182 142 30 sektorn
681 2181 11 29 i
717 2181 89 39 syfte
830 2182 50 29 att
902 2180 180 39 klarlägga
1104 2179 157 40 problem
1285 2179 65 29 och
1374 2178 293 39 förutsättningar
1691 2176 56 31 vid

264 2246 96 20 mera
385 2236 218 30 omfattande
630 2235 214 39 anställning
870 2244 43 20 av
938 2234 225 39 pensionärer
1190 2233 95 29 inom
1313 2232 67 30 den
1407 2232 138 39 statliga
1571 2232 177 29 verksam-

263 2291 103 29 heten
388 2292 89 28 samt
500 2290 36 33 2)
561 2290 127 29 beakta
707 2289 67 30 vad
796 2289 11 29 i
828 2288 220 30 motionerna
1068 2288 12 29 i
1102 2287 110 39 övrigt
1235 2286 145 34 anförts,

307 2345 72 29 dels
399 2344 58 30 två
476 2343 223 40 likalydande
719 2343 180 34 motioner,
920 2342 125 30 väckta
1064 2341 67 30 den
1150 2351 66 20 ena
1234 2341 96 29 inom
1351 2340 111 30 första
1480 2340 207 29 kammaren
1708 2348 40 20 av

264 2399 121 29 herrar
406 2398 175 39 Bengtson
605 2397 66 29 och
691 2396 136 30 Dahlén
857 2396 45 34 (1:
919 2396 80 31 202)
1027 2396 65 28 och
1115 2395 67 29 den
1206 2394 110 29 andra
1339 2395 97 28 inom
1459 2393 110 30 andra
1592 2394 154 28 kamma-

263 2462 63 20 ren
353 2462 42 20 av
420 2452 122 29 herrar
570 2450 104 30 Ohlin
702 2451 65 29 och
793 2450 165 29 Hedlund
990 2449 62 34 (II:
1068 2449 95 34 262),
1191 2449 12 29 i
1229 2448 95 30 vilka
1350 2448 261 29 motionärerna
1637 2446 110 30 under

264 2506 220 39 åberopande
511 2515 42 19 av
577 2505 191 29 innehållet
794 2505 11 29 i
832 2504 41 29 de
899 2503 224 39 likalydande
1149 2502 220 29 motionerna
1396 2501 28 29 I:
1441 2501 60 29 201
1531 2501 65 29 och
1623 2501 45 28 II:
1685 2500 60 29 261

260 2559 178 29 hemställt
455 2576 45 3 —
519 2558 102 30 såvitt
641 2567 47 20 nu
709 2558 37 29 är
765 2558 10 28 i
795 2557 99 39 fråga
912 2575 16 3 —
974 2559 49 27 att
1042 2556 187 39 riksdagen
1249 2555 107 29 måtte
1376 2554 99 30 anslå
1494 2554 110 29 medel
1625 2554 54 28 för
1698 2553 51 29 in-
