<?xml version="1.0" encoding="UTF-8"?>
<alto xmlns="http://www.loc.gov/standards/alto/ns-v3#" xmlns:xlink="http://www.w3.org/1999/xlink" xmlns:xsi="http://www.w3.org/2001/XMLSchema-instance" xsi:schemaLocation="http://www.loc.gov/standards/alto/ns-v3# http://www.loc.gov/alto/v3/alto-3-0.xsd">
	<Description>
		<MeasurementUnit>pixel</MeasurementUnit>
		<sourceImageInformation>
			<fileName>/tmp/tess_5gvp00kv_input.PNG</fileName>
		</sourceImageInformation>
		<OCRProcessing ID="OCR_0">
			<ocrProcessingStep>
				<processingSoftware>
					<softwareName>tesseract 5.3.0</softwareName>
				</processingSoftware>
			</ocrProcessingStep>
		</OCRProcessing>
	</Description>
	<Layout>
		<Page WIDTH="2188" HEIGHT="2646" PHYSICAL_IMG_NR="0" ID="page_0">
			<PrintSpace HPOS="0" VPOS="0" WIDTH="2188" HEIGHT="2646">
				<ComposedBlock ID="cblock_0" HPOS="429" VPOS="241" WIDTH="1059" HEIGHT="36">
					<TextBlock ID="block_0" HPOS="429" VPOS="241" WIDTH="1059" HEIGHT="36">
						<TextLine ID="line_0" HPOS="429" VPOS="241" WIDTH="1059" HEIGHT="36">
							<String ID="string_0" HPOS="429" VPOS="248" WIDTH="17" HEIGHT="29" WC="0.96" CONTENT="2"/><SP WIDTH="448" VPOS="248" HPOS="446"/>
							<String ID="string_1" HPOS="894" VPOS="242" WIDTH="235" HEIGHT="33" WC="0.65" CONTENT="Statsutskottets"/><SP WIDTH="23" VPOS="242" HPOS="1129"/>
							<String ID="string_2" HPOS="1152" VPOS="241" WIDTH="171" HEIGHT="33" WC="0.96" CONTENT="Memorial"/><SP WIDTH="22" VPOS="241" HPOS="1323"/>
							<String ID="string_3" HPOS="1345" VPOS="241" WIDTH="65" HEIGHT="32" WC="0.95" CONTENT="N:o"/><SP WIDTH="23" VPOS="241" HPOS="1410"/>
							<String ID="string_4" HPOS="1433" VPOS="243" WIDTH="55" HEIGHT="30" WC="0.96" CONTENT="49."/>
						</TextLine>
					</TextBlock>
				</ComposedBlock>
				<ComposedBlock ID="cblock_1" HPOS="389" VPOS="317" WIDTH="1622" HEIGHT="1672">
					<TextBlock ID="block_1" HPOS="389" VPOS="317" WIDTH="1619" HEIGHT="1265">
						<TextLine ID="line_1" HPOS="521" VPOS="317" WIDTH="1475" HEIGHT="52">
							<String ID="string_5" HPOS="521" VPOS="328" WIDTH="99" HEIGHT="32" WC="0.95" CONTENT="samt"/><SP WIDTH="27" VPOS="328" HPOS="620"/>
							<String ID="string_6" HPOS="647" VPOS="321" WIDTH="289" HEIGHT="38" WC="0.96" CONTENT="statsutskottet"/><SP WIDTH="25" VPOS="321" HPOS="936"/>
							<String ID="string_7" HPOS="961" VPOS="321" WIDTH="13" HEIGHT="36" WC="0.96" CONTENT="i"/><SP WIDTH="26" VPOS="321" HPOS="974"/>
							<String ID="string_8" HPOS="1000" VPOS="321" WIDTH="172" HEIGHT="48" WC="0.93" CONTENT="punkten"/><SP WIDTH="29" VPOS="321" HPOS="1172"/>
							<String ID="string_9" HPOS="1201" VPOS="323" WIDTH="60" HEIGHT="33" WC="0.83" CONTENT="2:o"/><SP WIDTH="29" VPOS="323" HPOS="1261"/>
							<String ID="string_10" HPOS="1290" VPOS="318" WIDTH="41" HEIGHT="38" WC="0.95" CONTENT="af"/><SP WIDTH="25" VPOS="318" HPOS="1331"/>
							<String ID="string_11" HPOS="1356" VPOS="319" WIDTH="66" HEIGHT="36" WC="0.95" CONTENT="sitt"/><SP WIDTH="26" VPOS="319" HPOS="1422"/>
							<String ID="string_12" HPOS="1448" VPOS="318" WIDTH="197" HEIGHT="37" WC="0.96" CONTENT="utlåtande"/><SP WIDTH="29" VPOS="318" HPOS="1645"/>
							<String ID="string_13" HPOS="1674" VPOS="330" WIDTH="61" HEIGHT="24" WC="0.96" CONTENT="n:o"/><SP WIDTH="26" VPOS="330" HPOS="1735"/>
							<String ID="string_14" HPOS="1761" VPOS="320" WIDTH="20" HEIGHT="34" WC="0.91" CONTENT="8"/><SP WIDTH="21" VPOS="320" HPOS="1781"/>
							<String ID="string_15" HPOS="1802" VPOS="317" WIDTH="194" HEIGHT="47" WC="0.90" CONTENT="hemstält,"/>
						</TextLine>
						<TextLine ID="line_2" HPOS="389" VPOS="368" WIDTH="1609" HEIGHT="54">
							<String ID="string_16" HPOS="389" VPOS="381" WIDTH="55" HEIGHT="31" WC="0.96" CONTENT="att"/><SP WIDTH="39" VPOS="381" HPOS="444"/>
							<String ID="string_17" HPOS="483" VPOS="374" WIDTH="139" HEIGHT="48" WC="0.95" CONTENT="Kongl."/><SP WIDTH="41" VPOS="374" HPOS="622"/>
							<String ID="string_18" HPOS="663" VPOS="373" WIDTH="126" HEIGHT="48" WC="0.96" CONTENT="Maj:ts"/><SP WIDTH="38" VPOS="373" HPOS="789"/>
							<String ID="string_19" HPOS="827" VPOS="371" WIDTH="290" HEIGHT="48" WC="0.96" CONTENT="ifrågavarande"/><SP WIDTH="32" VPOS="371" HPOS="1117"/>
							<String ID="string_20" HPOS="1149" VPOS="370" WIDTH="147" HEIGHT="48" WC="0.96" CONTENT="förslag"/><SP WIDTH="32" VPOS="370" HPOS="1296"/>
							<String ID="string_21" HPOS="1328" VPOS="373" WIDTH="117" HEIGHT="33" WC="0.96" CONTENT="måtte"/><SP WIDTH="29" VPOS="373" HPOS="1445"/>
							<String ID="string_22" HPOS="1474" VPOS="372" WIDTH="50" HEIGHT="46" WC="0.96" CONTENT="på"/><SP WIDTH="29" VPOS="372" HPOS="1524"/>
							<String ID="string_23" HPOS="1553" VPOS="369" WIDTH="65" HEIGHT="36" WC="0.96" CONTENT="det"/><SP WIDTH="29" VPOS="369" HPOS="1618"/>
							<String ID="string_24" HPOS="1647" VPOS="373" WIDTH="76" HEIGHT="31" WC="0.93" CONTENT="sätt"/><SP WIDTH="26" VPOS="373" HPOS="1723"/>
							<String ID="string_25" HPOS="1749" VPOS="368" WIDTH="165" HEIGHT="47" WC="0.91" CONTENT="bifallas,"/><SP WIDTH="29" VPOS="368" HPOS="1914"/>
							<String ID="string_26" HPOS="1943" VPOS="373" WIDTH="55" HEIGHT="31" WC="0.96" CONTENT="att"/>
						</TextLine>
						<TextLine ID="line_3" HPOS="389" VPOS="418" WIDTH="1609" HEIGHT="55">
							<String ID="string_27" HPOS="389" VPOS="425" WIDTH="221" HEIGHT="48" WC="0.96" CONTENT="Riksdagen"/><SP WIDTH="40" VPOS="425" HPOS="610"/>
							<String ID="string_28" HPOS="650" VPOS="425" WIDTH="74" HEIGHT="35" WC="0.96" CONTENT="dels"/><SP WIDTH="40" VPOS="425" HPOS="724"/>
							<String ID="string_29" HPOS="764" VPOS="423" WIDTH="89" HEIGHT="36" WC="0.96" CONTENT="med"/><SP WIDTH="41" VPOS="423" HPOS="853"/>
							<String ID="string_30" HPOS="894" VPOS="421" WIDTH="282" HEIGHT="49" WC="0.96" CONTENT="godkännande"/><SP WIDTH="42" VPOS="421" HPOS="1176"/>
							<String ID="string_31" HPOS="1218" VPOS="420" WIDTH="41" HEIGHT="37" WC="0.92" CONTENT="af"/><SP WIDTH="27" VPOS="420" HPOS="1259"/>
							<String ID="string_32" HPOS="1286" VPOS="419" WIDTH="214" HEIGHT="37" WC="0.91" CONTENT="utlåtandet"/><SP WIDTH="27" VPOS="419" HPOS="1500"/>
							<String ID="string_33" HPOS="1527" VPOS="418" WIDTH="183" HEIGHT="48" WC="0.93" CONTENT="bifogade"/><SP WIDTH="27" VPOS="418" HPOS="1710"/>
							<String ID="string_34" HPOS="1737" VPOS="418" WIDTH="261" HEIGHT="48" WC="0.92" CONTENT="utgiftsstater"/>
						</TextLine>
						<TextLine ID="line_4" HPOS="390" VPOS="468" WIDTH="1608" HEIGHT="55">
							<String ID="string_35" HPOS="390" VPOS="476" WIDTH="58" HEIGHT="37" WC="0.93" CONTENT="för"/><SP WIDTH="38" VPOS="476" HPOS="448"/>
							<String ID="string_36" HPOS="486" VPOS="474" WIDTH="316" HEIGHT="49" WC="0.89" CONTENT="telegrafverket,"/><SP WIDTH="29" VPOS="474" HPOS="802"/>
							<String ID="string_37" HPOS="831" VPOS="478" WIDTH="55" HEIGHT="31" WC="0.96" CONTENT="att"/><SP WIDTH="26" VPOS="478" HPOS="886"/>
							<String ID="string_38" HPOS="912" VPOS="472" WIDTH="192" HEIGHT="49" WC="0.95" CONTENT="tillämpas"/><SP WIDTH="29" VPOS="472" HPOS="1104"/>
							<String ID="string_39" HPOS="1133" VPOS="475" WIDTH="40" HEIGHT="33" WC="0.95" CONTENT="år"/><SP WIDTH="30" VPOS="475" HPOS="1173"/>
							<String ID="string_40" HPOS="1203" VPOS="473" WIDTH="108" HEIGHT="44" WC="0.96" CONTENT="1895,"/><SP WIDTH="30" VPOS="473" HPOS="1311"/>
							<String ID="string_41" HPOS="1341" VPOS="476" WIDTH="99" HEIGHT="31" WC="0.95" CONTENT="samt"/><SP WIDTH="27" VPOS="476" HPOS="1440"/>
							<String ID="string_42" HPOS="1467" VPOS="469" WIDTH="42" HEIGHT="37" WC="0.96" CONTENT="af"/><SP WIDTH="23" VPOS="469" HPOS="1509"/>
							<String ID="string_43" HPOS="1532" VPOS="470" WIDTH="47" HEIGHT="36" WC="0.96" CONTENT="de"/><SP WIDTH="29" VPOS="470" HPOS="1579"/>
							<String ID="string_44" HPOS="1608" VPOS="469" WIDTH="125" HEIGHT="37" WC="0.96" CONTENT="vilkor"/><SP WIDTH="27" VPOS="469" HPOS="1733"/>
							<String ID="string_45" HPOS="1760" VPOS="468" WIDTH="59" HEIGHT="37" WC="0.96" CONTENT="för"/><SP WIDTH="28" VPOS="468" HPOS="1819"/>
							<String ID="string_46" HPOS="1847" VPOS="468" WIDTH="47" HEIGHT="37" WC="0.96" CONTENT="de"/><SP WIDTH="29" VPOS="468" HPOS="1894"/>
							<String ID="string_47" HPOS="1923" VPOS="482" WIDTH="75" HEIGHT="35" WC="0.96" CONTENT="nya"/>
						</TextLine>
						<TextLine ID="line_5" HPOS="391" VPOS="519" WIDTH="1607" HEIGHT="55">
							<String ID="string_48" HPOS="391" VPOS="526" WIDTH="280" HEIGHT="48" WC="0.91" CONTENT="aflöningarnas"/><SP WIDTH="41" VPOS="526" HPOS="671"/>
							<String ID="string_49" HPOS="712" VPOS="522" WIDTH="236" HEIGHT="51" WC="0.95" CONTENT="åtnjutande,"/><SP WIDTH="42" VPOS="522" HPOS="948"/>
							<String ID="string_50" HPOS="990" VPOS="536" WIDTH="81" HEIGHT="23" WC="0.96" CONTENT="som"/><SP WIDTH="40" VPOS="536" HPOS="1071"/>
							<String ID="string_51" HPOS="1111" VPOS="522" WIDTH="122" HEIGHT="48" WC="0.93" CONTENT="enligt"/><SP WIDTH="34" VPOS="522" HPOS="1233"/>
							<String ID="string_52" HPOS="1267" VPOS="520" WIDTH="427" HEIGHT="49" WC="0.91" CONTENT="statsrådsprotokollet"/><SP WIDTH="28" VPOS="520" HPOS="1694"/>
							<String ID="string_53" HPOS="1722" VPOS="519" WIDTH="109" HEIGHT="37" WC="0.93" CONTENT="öfver"/><SP WIDTH="27" VPOS="519" HPOS="1831"/>
							<String ID="string_54" HPOS="1858" VPOS="519" WIDTH="140" HEIGHT="36" WC="0.92" CONTENT="finans-"/>
						</TextLine>
						<TextLine ID="line_6" HPOS="392" VPOS="569" WIDTH="1608" HEIGHT="53">
							<String ID="string_55" HPOS="392" VPOS="576" WIDTH="168" HEIGHT="38" WC="0.96" CONTENT="ärenden"/><SP WIDTH="40" VPOS="576" HPOS="560"/>
							<String ID="string_56" HPOS="600" VPOS="575" WIDTH="76" HEIGHT="37" WC="0.96" CONTENT="den"/><SP WIDTH="40" VPOS="575" HPOS="676"/>
							<String ID="string_57" HPOS="716" VPOS="577" WIDTH="45" HEIGHT="34" WC="0.95" CONTENT="13"/><SP WIDTH="28" VPOS="577" HPOS="761"/>
							<String ID="string_58" HPOS="789" VPOS="573" WIDTH="154" HEIGHT="49" WC="0.95" CONTENT="januari"/><SP WIDTH="35" VPOS="573" HPOS="943"/>
							<String ID="string_59" HPOS="978" VPOS="575" WIDTH="96" HEIGHT="34" WC="0.93" CONTENT="1894"/><SP WIDTH="26" VPOS="575" HPOS="1074"/>
							<String ID="string_60" HPOS="1100" VPOS="572" WIDTH="220" HEIGHT="49" WC="0.92" CONTENT="tillstyrkts,"/><SP WIDTH="28" VPOS="572" HPOS="1320"/>
							<String ID="string_61" HPOS="1348" VPOS="573" WIDTH="76" HEIGHT="38" WC="0.96" CONTENT="dels"/><SP WIDTH="27" VPOS="573" HPOS="1424"/>
							<String ID="string_62" HPOS="1451" VPOS="572" WIDTH="61" HEIGHT="36" WC="0.96" CONTENT="ock"/><SP WIDTH="28" VPOS="572" HPOS="1512"/>
							<String ID="string_63" HPOS="1540" VPOS="570" WIDTH="89" HEIGHT="37" WC="0.96" CONTENT="med"/><SP WIDTH="28" VPOS="570" HPOS="1629"/>
							<String ID="string_64" HPOS="1657" VPOS="569" WIDTH="258" HEIGHT="47" WC="0.96" CONTENT="förklarande,"/><SP WIDTH="29" VPOS="569" HPOS="1915"/>
							<String ID="string_65" HPOS="1944" VPOS="574" WIDTH="56" HEIGHT="31" WC="0.96" CONTENT="att"/>
						</TextLine>
						<TextLine ID="line_7" HPOS="393" VPOS="620" WIDTH="1605" HEIGHT="55">
							<String ID="string_66" HPOS="393" VPOS="628" WIDTH="41" HEIGHT="37" WC="0.93" CONTENT="af"/><SP WIDTH="34" VPOS="628" HPOS="434"/>
							<String ID="string_67" HPOS="468" VPOS="625" WIDTH="322" HEIGHT="50" WC="0.91" CONTENT="telegrafverkets"/><SP WIDTH="41" VPOS="625" HPOS="790"/>
							<String ID="string_68" HPOS="831" VPOS="624" WIDTH="128" HEIGHT="36" WC="0.96" CONTENT="medel"/><SP WIDTH="40" VPOS="624" HPOS="959"/>
							<String ID="string_69" HPOS="999" VPOS="623" WIDTH="124" HEIGHT="37" WC="0.96" CONTENT="skulle"/><SP WIDTH="40" VPOS="623" HPOS="1123"/>
							<String ID="string_70" HPOS="1163" VPOS="623" WIDTH="79" HEIGHT="36" WC="0.96" CONTENT="tills"/><SP WIDTH="36" VPOS="623" HPOS="1242"/>
							<String ID="string_71" HPOS="1278" VPOS="622" WIDTH="133" HEIGHT="36" WC="0.96" CONTENT="vidare"/><SP WIDTH="42" VPOS="622" HPOS="1411"/>
							<String ID="string_72" HPOS="1453" VPOS="624" WIDTH="93" HEIGHT="46" WC="0.95" CONTENT="utgå"/><SP WIDTH="40" VPOS="624" HPOS="1546"/>
							<String ID="string_73" HPOS="1586" VPOS="621" WIDTH="57" HEIGHT="36" WC="0.92" CONTENT="till"/><SP WIDTH="33" VPOS="621" HPOS="1643"/>
							<String ID="string_74" HPOS="1676" VPOS="620" WIDTH="322" HEIGHT="47" WC="0.91" CONTENT="telegrafverkets"/>
						</TextLine>
						<TextLine ID="line_8" HPOS="392" VPOS="670" WIDTH="1607" HEIGHT="58">
							<String ID="string_75" HPOS="392" VPOS="676" WIDTH="398" HEIGHT="52" WC="0.91" CONTENT="pensionsinrättning"/><SP WIDTH="38" VPOS="676" HPOS="790"/>
							<String ID="string_76" HPOS="828" VPOS="680" WIDTH="56" HEIGHT="31" WC="0.96" CONTENT="ett"/><SP WIDTH="41" VPOS="680" HPOS="884"/>
							<String ID="string_77" HPOS="925" VPOS="674" WIDTH="112" HEIGHT="48" WC="0.96" CONTENT="årligt"/><SP WIDTH="26" VPOS="674" HPOS="1037"/>
							<String ID="string_78" HPOS="1063" VPOS="674" WIDTH="138" HEIGHT="48" WC="0.96" CONTENT="bidrag"/><SP WIDTH="27" VPOS="674" HPOS="1201"/>
							<String ID="string_79" HPOS="1228" VPOS="673" WIDTH="42" HEIGHT="36" WC="0.93" CONTENT="af"/><SP WIDTH="22" VPOS="673" HPOS="1270"/>
							<String ID="string_80" HPOS="1292" VPOS="674" WIDTH="137" HEIGHT="46" WC="0.88" CONTENT="20,000"/><SP WIDTH="28" VPOS="674" HPOS="1429"/>
							<String ID="string_81" HPOS="1457" VPOS="672" WIDTH="144" HEIGHT="36" WC="0.96" CONTENT="kronor"/><SP WIDTH="27" VPOS="672" HPOS="1601"/>
							<String ID="string_82" HPOS="1628" VPOS="671" WIDTH="73" HEIGHT="37" WC="0.96" CONTENT="och"/><SP WIDTH="28" VPOS="671" HPOS="1701"/>
							<String ID="string_83" HPOS="1729" VPOS="671" WIDTH="58" HEIGHT="36" WC="0.93" CONTENT="till"/><SP WIDTH="27" VPOS="671" HPOS="1787"/>
							<String ID="string_84" HPOS="1814" VPOS="670" WIDTH="185" HEIGHT="49" WC="0.92" CONTENT="telegraf-"/>
						</TextLine>
						<TextLine ID="line_9" HPOS="393" VPOS="721" WIDTH="1607" HEIGHT="53">
							<String ID="string_85" HPOS="393" VPOS="729" WIDTH="153" HEIGHT="37" WC="0.93" CONTENT="verkets"/><SP WIDTH="42" VPOS="729" HPOS="546"/>
							<String ID="string_86" HPOS="588" VPOS="727" WIDTH="115" HEIGHT="36" WC="0.92" CONTENT="enke-"/><SP WIDTH="40" VPOS="727" HPOS="703"/>
							<String ID="string_87" HPOS="743" VPOS="726" WIDTH="74" HEIGHT="36" WC="0.93" CONTENT="och"/><SP WIDTH="33" VPOS="726" HPOS="817"/>
							<String ID="string_88" HPOS="850" VPOS="725" WIDTH="239" HEIGHT="49" WC="0.89" CONTENT="pupillkassa"/><SP WIDTH="21" VPOS="725" HPOS="1089"/>
							<String ID="string_89" HPOS="1110" VPOS="723" WIDTH="147" HEIGHT="50" WC="0.92" CONTENT="jemväl"/><SP WIDTH="28" VPOS="723" HPOS="1257"/>
							<String ID="string_90" HPOS="1285" VPOS="728" WIDTH="56" HEIGHT="31" WC="0.96" CONTENT="ett"/><SP WIDTH="27" VPOS="728" HPOS="1341"/>
							<String ID="string_91" HPOS="1368" VPOS="722" WIDTH="114" HEIGHT="49" WC="0.96" CONTENT="årligt"/><SP WIDTH="27" VPOS="722" HPOS="1482"/>
							<String ID="string_92" HPOS="1509" VPOS="721" WIDTH="139" HEIGHT="49" WC="0.96" CONTENT="bidrag"/><SP WIDTH="26" VPOS="721" HPOS="1648"/>
							<String ID="string_93" HPOS="1674" VPOS="721" WIDTH="57" HEIGHT="36" WC="0.96" CONTENT="till"/><SP WIDTH="28" VPOS="721" HPOS="1731"/>
							<String ID="string_94" HPOS="1759" VPOS="721" WIDTH="155" HEIGHT="49" WC="0.91" CONTENT="belopp,"/><SP WIDTH="29" VPOS="721" HPOS="1914"/>
							<String ID="string_95" HPOS="1943" VPOS="725" WIDTH="57" HEIGHT="31" WC="0.91" CONTENT="ut-"/>
						</TextLine>
						<TextLine ID="line_10" HPOS="394" VPOS="772" WIDTH="1605" HEIGHT="50">
							<String ID="string_96" HPOS="394" VPOS="780" WIDTH="107" HEIGHT="36" WC="0.96" CONTENT="öfver"/><SP WIDTH="39" VPOS="780" HPOS="501"/>
							<String ID="string_97" HPOS="540" VPOS="778" WIDTH="66" HEIGHT="36" WC="0.95" CONTENT="det"/><SP WIDTH="26" VPOS="778" HPOS="606"/>
							<String ID="string_98" HPOS="632" VPOS="778" WIDTH="13" HEIGHT="35" WC="0.95" CONTENT="i"/><SP WIDTH="28" VPOS="778" HPOS="645"/>
							<String ID="string_99" HPOS="673" VPOS="777" WIDTH="137" HEIGHT="36" WC="0.96" CONTENT="sådant"/><SP WIDTH="38" VPOS="777" HPOS="810"/>
							<String ID="string_100" HPOS="848" VPOS="775" WIDTH="223" HEIGHT="37" WC="0.96" CONTENT="hänseende"/><SP WIDTH="41" VPOS="775" HPOS="1071"/>
							<String ID="string_101" HPOS="1112" VPOS="788" WIDTH="50" HEIGHT="22" WC="0.95" CONTENT="nu"/><SP WIDTH="39" VPOS="788" HPOS="1162"/>
							<String ID="string_102" HPOS="1201" VPOS="773" WIDTH="207" HEIGHT="49" WC="0.95" CONTENT="utgående,"/><SP WIDTH="39" VPOS="773" HPOS="1408"/>
							<String ID="string_103" HPOS="1447" VPOS="773" WIDTH="41" HEIGHT="36" WC="0.92" CONTENT="af"/><SP WIDTH="37" VPOS="773" HPOS="1488"/>
							<String ID="string_104" HPOS="1525" VPOS="775" WIDTH="109" HEIGHT="43" WC="0.89" CONTENT="1,000"/><SP WIDTH="41" VPOS="775" HPOS="1634"/>
							<String ID="string_105" HPOS="1675" VPOS="772" WIDTH="154" HEIGHT="46" WC="0.96" CONTENT="kronor,"/><SP WIDTH="42" VPOS="772" HPOS="1829"/>
							<String ID="string_106" HPOS="1871" VPOS="774" WIDTH="128" HEIGHT="43" WC="0.96" CONTENT="måtte,"/>
						</TextLine>
						<TextLine ID="line_11" HPOS="393" VPOS="821" WIDTH="1606" HEIGHT="55">
							<String ID="string_107" HPOS="393" VPOS="830" WIDTH="122" HEIGHT="36" WC="0.96" CONTENT="under"/><SP WIDTH="38" VPOS="830" HPOS="515"/>
							<String ID="string_108" HPOS="553" VPOS="828" WIDTH="141" HEIGHT="48" WC="0.93" CONTENT="Kongl."/><SP WIDTH="39" VPOS="828" HPOS="694"/>
							<String ID="string_109" HPOS="733" VPOS="826" WIDTH="107" HEIGHT="48" WC="0.96" CONTENT="Maj:t"/><SP WIDTH="26" VPOS="826" HPOS="840"/>
							<String ID="string_110" HPOS="866" VPOS="825" WIDTH="240" HEIGHT="37" WC="0.95" CONTENT="förbehållen"/><SP WIDTH="26" VPOS="825" HPOS="1106"/>
							<String ID="string_111" HPOS="1132" VPOS="830" WIDTH="75" HEIGHT="31" WC="0.96" CONTENT="rätt"/><SP WIDTH="27" VPOS="830" HPOS="1207"/>
							<String ID="string_112" HPOS="1234" VPOS="829" WIDTH="56" HEIGHT="31" WC="0.96" CONTENT="att"/><SP WIDTH="27" VPOS="829" HPOS="1290"/>
							<String ID="string_113" HPOS="1317" VPOS="824" WIDTH="13" HEIGHT="36" WC="0.96" CONTENT="i"/><SP WIDTH="27" VPOS="824" HPOS="1330"/>
							<String ID="string_114" HPOS="1357" VPOS="823" WIDTH="155" HEIGHT="37" WC="0.93" CONTENT="verkets"/><SP WIDTH="28" VPOS="823" HPOS="1512"/>
							<String ID="string_115" HPOS="1540" VPOS="823" WIDTH="263" HEIGHT="47" WC="0.92" CONTENT="utgiftsstater"/><SP WIDTH="26" VPOS="823" HPOS="1803"/>
							<String ID="string_116" HPOS="1829" VPOS="827" WIDTH="95" HEIGHT="43" WC="0.96" CONTENT="göra"/><SP WIDTH="28" VPOS="827" HPOS="1924"/>
							<String ID="string_117" HPOS="1952" VPOS="821" WIDTH="47" HEIGHT="36" WC="0.95" CONTENT="de"/>
						</TextLine>
						<TextLine ID="line_12" HPOS="391" VPOS="873" WIDTH="1610" HEIGHT="56">
							<String ID="string_118" HPOS="391" VPOS="879" WIDTH="258" HEIGHT="50" WC="0.91" CONTENT="jemkningar,"/><SP WIDTH="40" VPOS="879" HPOS="649"/>
							<String ID="string_119" HPOS="689" VPOS="891" WIDTH="81" HEIGHT="23" WC="0.96" CONTENT="som"/><SP WIDTH="42" VPOS="891" HPOS="770"/>
							<String ID="string_120" HPOS="812" VPOS="876" WIDTH="128" HEIGHT="37" WC="0.95" CONTENT="kunde"/><SP WIDTH="40" VPOS="876" HPOS="940"/>
							<String ID="string_121" HPOS="980" VPOS="876" WIDTH="123" HEIGHT="36" WC="0.96" CONTENT="finnas"/><SP WIDTH="40" VPOS="876" HPOS="1103"/>
							<String ID="string_122" HPOS="1143" VPOS="875" WIDTH="40" HEIGHT="37" WC="0.93" CONTENT="af"/><SP WIDTH="27" VPOS="875" HPOS="1183"/>
							<String ID="string_123" HPOS="1210" VPOS="875" WIDTH="187" HEIGHT="37" WC="0.92" CONTENT="behofvet"/><SP WIDTH="31" VPOS="875" HPOS="1397"/>
							<String ID="string_124" HPOS="1428" VPOS="873" WIDTH="215" HEIGHT="50" WC="0.96" CONTENT="påkallade,"/><SP WIDTH="30" VPOS="873" HPOS="1643"/>
							<String ID="string_125" HPOS="1673" VPOS="876" WIDTH="126" HEIGHT="33" WC="0.93" CONTENT="såsom"/><SP WIDTH="28" VPOS="876" HPOS="1799"/>
							<String ID="string_126" HPOS="1827" VPOS="884" WIDTH="174" HEIGHT="24" WC="0.87" CONTENT="reserva-"/>
						</TextLine>
						<TextLine ID="line_13" HPOS="394" VPOS="922" WIDTH="1608" HEIGHT="55">
							<String ID="string_127" HPOS="394" VPOS="930" WIDTH="252" HEIGHT="47" WC="0.90" CONTENT="tionsanslag,"/><SP WIDTH="29" VPOS="930" HPOS="646"/>
							<String ID="string_128" HPOS="675" VPOS="933" WIDTH="54" HEIGHT="32" WC="0.96" CONTENT="att"/><SP WIDTH="26" VPOS="933" HPOS="729"/>
							<String ID="string_129" HPOS="755" VPOS="930" WIDTH="94" HEIGHT="46" WC="0.96" CONTENT="utgå"/><SP WIDTH="27" VPOS="930" HPOS="849"/>
							<String ID="string_130" HPOS="876" VPOS="926" WIDTH="125" HEIGHT="37" WC="0.96" CONTENT="direkt"/><SP WIDTH="27" VPOS="926" HPOS="1001"/>
							<String ID="string_131" HPOS="1028" VPOS="926" WIDTH="41" HEIGHT="36" WC="0.93" CONTENT="af"/><SP WIDTH="22" VPOS="926" HPOS="1069"/>
							<String ID="string_132" HPOS="1091" VPOS="925" WIDTH="322" HEIGHT="49" WC="0.91" CONTENT="telegrafverkets"/><SP WIDTH="28" VPOS="925" HPOS="1413"/>
							<String ID="string_133" HPOS="1441" VPOS="924" WIDTH="139" HEIGHT="46" WC="0.96" CONTENT="medel,"/><SP WIDTH="29" VPOS="924" HPOS="1580"/>
							<String ID="string_134" HPOS="1609" VPOS="924" WIDTH="58" HEIGHT="36" WC="0.93" CONTENT="till"/><SP WIDTH="33" VPOS="924" HPOS="1667"/>
							<String ID="string_135" HPOS="1700" VPOS="922" WIDTH="302" HEIGHT="49" WC="0.91" CONTENT="telegrafverket"/>
						</TextLine>
						<TextLine ID="line_14" HPOS="396" VPOS="973" WIDTH="1605" HEIGHT="52">
							<String ID="string_136" HPOS="396" VPOS="982" WIDTH="57" HEIGHT="36" WC="0.96" CONTENT="för"/><SP WIDTH="38" VPOS="982" HPOS="453"/>
							<String ID="string_137" HPOS="491" VPOS="984" WIDTH="39" HEIGHT="33" WC="0.95" CONTENT="år"/><SP WIDTH="42" VPOS="984" HPOS="530"/>
							<String ID="string_138" HPOS="572" VPOS="981" WIDTH="95" HEIGHT="35" WC="0.96" CONTENT="1895"/><SP WIDTH="29" VPOS="981" HPOS="667"/>
							<String ID="string_139" HPOS="696" VPOS="979" WIDTH="132" HEIGHT="36" WC="0.96" CONTENT="anvisa"/><SP WIDTH="24" VPOS="979" HPOS="828"/>
							<String ID="string_140" HPOS="852" VPOS="977" WIDTH="200" HEIGHT="37" WC="0.96" CONTENT="enahanda"/><SP WIDTH="27" VPOS="977" HPOS="1052"/>
							<String ID="string_141" HPOS="1079" VPOS="976" WIDTH="154" HEIGHT="49" WC="0.93" CONTENT="belopp,"/><SP WIDTH="29" VPOS="976" HPOS="1233"/>
							<String ID="string_142" HPOS="1262" VPOS="977" WIDTH="200" HEIGHT="46" WC="0.90" CONTENT="2,870,000"/><SP WIDTH="28" VPOS="977" HPOS="1462"/>
							<String ID="string_143" HPOS="1490" VPOS="975" WIDTH="154" HEIGHT="46" WC="0.93" CONTENT="kronor,"/><SP WIDTH="28" VPOS="975" HPOS="1644"/>
							<String ID="string_144" HPOS="1672" VPOS="973" WIDTH="154" HEIGHT="36" WC="0.91" CONTENT="hvartill"/><SP WIDTH="27" VPOS="973" HPOS="1826"/>
							<String ID="string_145" HPOS="1853" VPOS="973" WIDTH="148" HEIGHT="36" WC="0.90" CONTENT="inkom-"/>
						</TextLine>
						<TextLine ID="line_15" HPOS="397" VPOS="1022" WIDTH="1605" HEIGHT="56">
							<String ID="string_146" HPOS="397" VPOS="1037" WIDTH="127" HEIGHT="32" WC="0.92" CONTENT="sterna"/><SP WIDTH="28" VPOS="1037" HPOS="524"/>
							<String ID="string_147" HPOS="552" VPOS="1030" WIDTH="41" HEIGHT="37" WC="0.93" CONTENT="af"/><SP WIDTH="14" VPOS="1030" HPOS="593"/>
							<String ID="string_148" HPOS="607" VPOS="1027" WIDTH="460" HEIGHT="51" WC="0.90" CONTENT="telegramportoafgifter"/><SP WIDTH="18" VPOS="1027" HPOS="1067"/>
							<String ID="string_149" HPOS="1085" VPOS="1033" WIDTH="100" HEIGHT="30" WC="0.96" CONTENT="samt"/><SP WIDTH="18" VPOS="1033" HPOS="1185"/>
							<String ID="string_150" HPOS="1203" VPOS="1026" WIDTH="41" HEIGHT="37" WC="0.93" CONTENT="af"/><SP WIDTH="13" VPOS="1026" HPOS="1244"/>
							<String ID="string_151" HPOS="1257" VPOS="1025" WIDTH="447" HEIGHT="38" WC="0.90" CONTENT="telefonabonnements-"/><SP WIDTH="20" VPOS="1025" HPOS="1704"/>
							<String ID="string_152" HPOS="1724" VPOS="1024" WIDTH="72" HEIGHT="37" WC="0.96" CONTENT="och"/><SP WIDTH="17" VPOS="1024" HPOS="1796"/>
							<String ID="string_153" HPOS="1813" VPOS="1022" WIDTH="189" HEIGHT="38" WC="0.96" CONTENT="särskilda"/>
						</TextLine>
						<TextLine ID="line_16" HPOS="397" VPOS="1073" WIDTH="1605" HEIGHT="55">
							<String ID="string_154" HPOS="397" VPOS="1080" WIDTH="315" HEIGHT="48" WC="0.91" CONTENT="samtalsafgifter"/><SP WIDTH="25" VPOS="1080" HPOS="712"/>
							<String ID="string_155" HPOS="737" VPOS="1079" WIDTH="60" HEIGHT="36" WC="0.96" CONTENT="för"/><SP WIDTH="28" VPOS="1079" HPOS="797"/>
							<String ID="string_156" HPOS="825" VPOS="1082" WIDTH="82" HEIGHT="34" WC="0.96" CONTENT="året"/><SP WIDTH="26" VPOS="1082" HPOS="907"/>
							<String ID="string_157" HPOS="933" VPOS="1078" WIDTH="220" HEIGHT="46" WC="0.96" CONTENT="beräknats,"/><SP WIDTH="29" VPOS="1078" HPOS="1153"/>
							<String ID="string_158" HPOS="1182" VPOS="1082" WIDTH="98" HEIGHT="32" WC="0.96" CONTENT="samt"/><SP WIDTH="26" VPOS="1082" HPOS="1280"/>
							<String ID="string_159" HPOS="1306" VPOS="1076" WIDTH="125" HEIGHT="36" WC="0.93" CONTENT="tillika"/><SP WIDTH="27" VPOS="1076" HPOS="1431"/>
							<String ID="string_160" HPOS="1458" VPOS="1075" WIDTH="209" HEIGHT="48" WC="0.88" CONTENT="medgifva,"/><SP WIDTH="29" VPOS="1075" HPOS="1667"/>
							<String ID="string_161" HPOS="1696" VPOS="1080" WIDTH="56" HEIGHT="31" WC="0.96" CONTENT="att"/><SP WIDTH="27" VPOS="1080" HPOS="1752"/>
							<String ID="string_162" HPOS="1779" VPOS="1074" WIDTH="66" HEIGHT="36" WC="0.93" CONTENT="det"/><SP WIDTH="33" VPOS="1074" HPOS="1845"/>
							<String ID="string_163" HPOS="1878" VPOS="1073" WIDTH="124" HEIGHT="37" WC="0.92" CONTENT="öfver-"/>
						</TextLine>
						<TextLine ID="line_17" HPOS="397" VPOS="1124" WIDTH="1605" HEIGHT="55">
							<String ID="string_164" HPOS="397" VPOS="1134" WIDTH="115" HEIGHT="45" WC="0.95" CONTENT="skott,"/><SP WIDTH="42" VPOS="1134" HPOS="512"/>
							<String ID="string_165" HPOS="554" VPOS="1145" WIDTH="82" HEIGHT="23" WC="0.96" CONTENT="som"/><SP WIDTH="39" VPOS="1145" HPOS="636"/>
							<String ID="string_166" HPOS="675" VPOS="1130" WIDTH="126" HEIGHT="36" WC="0.92" CONTENT="kunde"/><SP WIDTH="30" VPOS="1130" HPOS="801"/>
							<String ID="string_167" HPOS="831" VPOS="1132" WIDTH="20" HEIGHT="33" WC="0.92" CONTENT="å"/><SP WIDTH="28" VPOS="1132" HPOS="851"/>
							<String ID="string_168" HPOS="879" VPOS="1129" WIDTH="113" HEIGHT="36" WC="0.96" CONTENT="dessa"/><SP WIDTH="27" VPOS="1129" HPOS="992"/>
							<String ID="string_169" HPOS="1019" VPOS="1128" WIDTH="213" HEIGHT="36" WC="0.96" CONTENT="inkomster"/><SP WIDTH="26" VPOS="1128" HPOS="1232"/>
							<String ID="string_170" HPOS="1258" VPOS="1129" WIDTH="154" HEIGHT="47" WC="0.95" CONTENT="uppstå,"/><SP WIDTH="27" VPOS="1129" HPOS="1412"/>
							<String ID="string_171" HPOS="1439" VPOS="1126" WIDTH="102" HEIGHT="47" WC="0.96" CONTENT="finge"/><SP WIDTH="29" VPOS="1126" HPOS="1541"/>
							<String ID="string_172" HPOS="1570" VPOS="1126" WIDTH="41" HEIGHT="36" WC="0.95" CONTENT="af"/><SP WIDTH="24" VPOS="1126" HPOS="1611"/>
							<String ID="string_173" HPOS="1635" VPOS="1125" WIDTH="139" HEIGHT="48" WC="0.95" CONTENT="Kongl."/><SP WIDTH="29" VPOS="1125" HPOS="1774"/>
							<String ID="string_174" HPOS="1803" VPOS="1124" WIDTH="108" HEIGHT="48" WC="0.93" CONTENT="Maj:t"/><SP WIDTH="28" VPOS="1124" HPOS="1911"/>
							<String ID="string_175" HPOS="1939" VPOS="1137" WIDTH="63" HEIGHT="22" WC="0.91" CONTENT="an-"/>
						</TextLine>
						<TextLine ID="line_18" HPOS="396" VPOS="1174" WIDTH="1606" HEIGHT="54">
							<String ID="string_176" HPOS="396" VPOS="1183" WIDTH="145" HEIGHT="37" WC="0.96" CONTENT="vändas"/><SP WIDTH="27" VPOS="1183" HPOS="541"/>
							<String ID="string_177" HPOS="568" VPOS="1182" WIDTH="60" HEIGHT="36" WC="0.93" CONTENT="för"/><SP WIDTH="26" VPOS="1182" HPOS="628"/>
							<String ID="string_178" HPOS="654" VPOS="1180" WIDTH="321" HEIGHT="48" WC="0.91" CONTENT="telegrafverkets"/><SP WIDTH="28" VPOS="1180" HPOS="975"/>
							<String ID="string_179" HPOS="1003" VPOS="1178" WIDTH="208" HEIGHT="48" WC="0.96" CONTENT="tidsenliga"/><SP WIDTH="22" VPOS="1178" HPOS="1211"/>
							<String ID="string_180" HPOS="1233" VPOS="1177" WIDTH="228" HEIGHT="47" WC="0.96" CONTENT="utveckling"/><SP WIDTH="27" VPOS="1177" HPOS="1461"/>
							<String ID="string_181" HPOS="1488" VPOS="1176" WIDTH="74" HEIGHT="37" WC="0.96" CONTENT="och"/><SP WIDTH="19" VPOS="1176" HPOS="1562"/>
							<String ID="string_182" HPOS="1581" VPOS="1176" WIDTH="245" HEIGHT="47" WC="0.95" CONTENT="förbättring,"/><SP WIDTH="21" VPOS="1176" HPOS="1826"/>
							<String ID="string_183" HPOS="1847" VPOS="1178" WIDTH="42" HEIGHT="32" WC="0.96" CONTENT="så"/><SP WIDTH="14" VPOS="1178" HPOS="1889"/>
							<String ID="string_184" HPOS="1903" VPOS="1174" WIDTH="99" HEIGHT="36" WC="0.94" CONTENT="hade"/>
						</TextLine>
						<TextLine ID="line_19" HPOS="397" VPOS="1224" WIDTH="1608" HEIGHT="54">
							<String ID="string_185" HPOS="397" VPOS="1234" WIDTH="136" HEIGHT="37" WC="0.96" CONTENT="Första"/><SP WIDTH="37" VPOS="1234" HPOS="533"/>
							<String ID="string_186" HPOS="570" VPOS="1232" WIDTH="232" HEIGHT="37" WC="0.96" CONTENT="Kammaren"/><SP WIDTH="39" VPOS="1232" HPOS="802"/>
							<String ID="string_187" HPOS="841" VPOS="1230" WIDTH="174" HEIGHT="48" WC="0.95" CONTENT="godkänt"/><SP WIDTH="39" VPOS="1230" HPOS="1015"/>
							<String ID="string_188" HPOS="1054" VPOS="1229" WIDTH="139" HEIGHT="48" WC="0.95" CONTENT="Kongl."/><SP WIDTH="29" VPOS="1229" HPOS="1193"/>
							<String ID="string_189" HPOS="1222" VPOS="1227" WIDTH="128" HEIGHT="48" WC="0.96" CONTENT="Maj:ts"/><SP WIDTH="28" VPOS="1227" HPOS="1350"/>
							<String ID="string_190" HPOS="1378" VPOS="1226" WIDTH="147" HEIGHT="49" WC="0.96" CONTENT="förslag"/><SP WIDTH="28" VPOS="1226" HPOS="1525"/>
							<String ID="string_191" HPOS="1553" VPOS="1239" WIDTH="60" HEIGHT="24" WC="0.96" CONTENT="om"/><SP WIDTH="25" VPOS="1239" HPOS="1613"/>
							<String ID="string_192" HPOS="1638" VPOS="1225" WIDTH="219" HEIGHT="49" WC="0.96" CONTENT="beviljande"/><SP WIDTH="29" VPOS="1225" HPOS="1857"/>
							<String ID="string_193" HPOS="1886" VPOS="1224" WIDTH="41" HEIGHT="37" WC="0.96" CONTENT="af"/><SP WIDTH="23" VPOS="1224" HPOS="1927"/>
							<String ID="string_194" HPOS="1950" VPOS="1229" WIDTH="55" HEIGHT="32" WC="0.96" CONTENT="ett"/>
						</TextLine>
						<TextLine ID="line_20" HPOS="397" VPOS="1275" WIDTH="1607" HEIGHT="58">
							<String ID="string_195" HPOS="397" VPOS="1282" WIDTH="304" HEIGHT="51" WC="0.90" CONTENT="förslagsanslag"/><SP WIDTH="38" VPOS="1282" HPOS="701"/>
							<String ID="string_196" HPOS="739" VPOS="1284" WIDTH="20" HEIGHT="33" WC="0.87" CONTENT="å"/><SP WIDTH="41" VPOS="1284" HPOS="759"/>
							<String ID="string_197" HPOS="800" VPOS="1282" WIDTH="136" HEIGHT="45" WC="0.89" CONTENT="25,000"/><SP WIDTH="32" VPOS="1282" HPOS="936"/>
							<String ID="string_198" HPOS="968" VPOS="1280" WIDTH="141" HEIGHT="36" WC="0.96" CONTENT="kronor"/><SP WIDTH="31" VPOS="1280" HPOS="1109"/>
							<String ID="string_199" HPOS="1140" VPOS="1279" WIDTH="58" HEIGHT="36" WC="0.96" CONTENT="för"/><SP WIDTH="26" VPOS="1279" HPOS="1198"/>
							<String ID="string_200" HPOS="1224" VPOS="1277" WIDTH="222" HEIGHT="38" WC="0.96" CONTENT="beredande"/><SP WIDTH="31" VPOS="1277" HPOS="1446"/>
							<String ID="string_201" HPOS="1477" VPOS="1280" WIDTH="37" HEIGHT="33" WC="0.96" CONTENT="åt"/><SP WIDTH="28" VPOS="1280" HPOS="1514"/>
							<String ID="string_202" HPOS="1542" VPOS="1289" WIDTH="47" HEIGHT="24" WC="0.96" CONTENT="en"/><SP WIDTH="29" VPOS="1289" HPOS="1589"/>
							<String ID="string_203" HPOS="1618" VPOS="1276" WIDTH="62" HEIGHT="37" WC="0.96" CONTENT="del"/><SP WIDTH="29" VPOS="1276" HPOS="1680"/>
							<String ID="string_204" HPOS="1709" VPOS="1276" WIDTH="41" HEIGHT="36" WC="0.96" CONTENT="af"/><SP WIDTH="22" VPOS="1276" HPOS="1750"/>
							<String ID="string_205" HPOS="1772" VPOS="1275" WIDTH="232" HEIGHT="49" WC="0.96" CONTENT="personalen"/>
						</TextLine>
						<TextLine ID="line_21" HPOS="398" VPOS="1326" WIDTH="1606" HEIGHT="55">
							<String ID="string_206" HPOS="398" VPOS="1335" WIDTH="65" HEIGHT="37" WC="0.93" CONTENT="vid"/><SP WIDTH="38" VPOS="1335" HPOS="463"/>
							<String ID="string_207" HPOS="501" VPOS="1332" WIDTH="320" HEIGHT="49" WC="0.91" CONTENT="telegrafverkets"/><SP WIDTH="41" VPOS="1332" HPOS="821"/>
							<String ID="string_208" HPOS="862" VPOS="1330" WIDTH="381" HEIGHT="47" WC="0.91" CONTENT="lokalförvaltningar"/><SP WIDTH="40" VPOS="1330" HPOS="1243"/>
							<String ID="string_209" HPOS="1283" VPOS="1328" WIDTH="43" HEIGHT="37" WC="0.92" CONTENT="af"/><SP WIDTH="36" VPOS="1328" HPOS="1326"/>
							<String ID="string_210" HPOS="1362" VPOS="1327" WIDTH="294" HEIGHT="49" WC="0.91" CONTENT="tjenstledighet"/><SP WIDTH="22" VPOS="1327" HPOS="1656"/>
							<String ID="string_211" HPOS="1678" VPOS="1332" WIDTH="91" HEIGHT="31" WC="0.54" CONTENT="utan"/><SP WIDTH="22" VPOS="1332" HPOS="1769"/>
							<String ID="string_212" HPOS="1791" VPOS="1322" WIDTH="213" HEIGHT="63" WC="0.54" CONTENT="aflönings-"/>
						</TextLine>
						<TextLine ID="line_22" HPOS="400" VPOS="1375" WIDTH="1605" HEIGHT="58">
							<String ID="string_213" HPOS="400" VPOS="1386" WIDTH="133" HEIGHT="47" WC="0.90" CONTENT="afdrag"/><SP WIDTH="43" VPOS="1386" HPOS="533"/>
							<String ID="string_214" HPOS="576" VPOS="1384" WIDTH="74" HEIGHT="37" WC="0.96" CONTENT="och"/><SP WIDTH="39" VPOS="1384" HPOS="650"/>
							<String ID="string_215" HPOS="689" VPOS="1383" WIDTH="89" HEIGHT="37" WC="0.96" CONTENT="med"/><SP WIDTH="41" VPOS="1383" HPOS="778"/>
							<String ID="string_216" HPOS="819" VPOS="1382" WIDTH="77" HEIGHT="36" WC="0.96" CONTENT="den"/><SP WIDTH="41" VPOS="1382" HPOS="896"/>
							<String ID="string_217" HPOS="937" VPOS="1380" WIDTH="176" HEIGHT="49" WC="0.96" CONTENT="ändring,"/><SP WIDTH="41" VPOS="1380" HPOS="1113"/>
							<String ID="string_218" HPOS="1154" VPOS="1393" WIDTH="81" HEIGHT="23" WC="0.95" CONTENT="som"/><SP WIDTH="42" VPOS="1393" HPOS="1235"/>
							<String ID="string_219" HPOS="1277" VPOS="1378" WIDTH="113" HEIGHT="38" WC="0.95" CONTENT="deraf"/><SP WIDTH="32" VPOS="1378" HPOS="1390"/>
							<String ID="string_220" HPOS="1422" VPOS="1377" WIDTH="261" HEIGHT="47" WC="0.93" CONTENT="föranleddes,"/><SP WIDTH="40" VPOS="1377" HPOS="1683"/>
							<String ID="string_221" HPOS="1723" VPOS="1376" WIDTH="140" HEIGHT="37" WC="0.92" CONTENT="bifallit"/><SP WIDTH="41" VPOS="1376" HPOS="1863"/>
							<String ID="string_222" HPOS="1904" VPOS="1375" WIDTH="101" HEIGHT="36" WC="0.96" CONTENT="hvad"/>
						</TextLine>
						<TextLine ID="line_23" HPOS="399" VPOS="1425" WIDTH="1608" HEIGHT="55">
							<String ID="string_223" HPOS="399" VPOS="1436" WIDTH="190" HEIGHT="37" WC="0.93" CONTENT="utskottet"/><SP WIDTH="35" VPOS="1436" HPOS="589"/>
							<String ID="string_224" HPOS="624" VPOS="1433" WIDTH="193" HEIGHT="47" WC="0.92" CONTENT="hemstält,"/><SP WIDTH="42" VPOS="1433" HPOS="817"/>
							<String ID="string_225" HPOS="859" VPOS="1432" WIDTH="200" HEIGHT="36" WC="0.96" CONTENT="hvaremot"/><SP WIDTH="41" VPOS="1432" HPOS="1059"/>
							<String ID="string_226" HPOS="1100" VPOS="1430" WIDTH="131" HEIGHT="37" WC="0.95" CONTENT="Andra"/><SP WIDTH="39" VPOS="1430" HPOS="1231"/>
							<String ID="string_227" HPOS="1270" VPOS="1429" WIDTH="233" HEIGHT="37" WC="0.93" CONTENT="Kammaren"/><SP WIDTH="41" VPOS="1429" HPOS="1503"/>
							<String ID="string_228" HPOS="1544" VPOS="1428" WIDTH="140" HEIGHT="37" WC="0.87" CONTENT="bifallit"/><SP WIDTH="39" VPOS="1428" HPOS="1684"/>
							<String ID="string_229" HPOS="1723" VPOS="1427" WIDTH="77" HEIGHT="37" WC="0.96" CONTENT="den"/><SP WIDTH="41" VPOS="1427" HPOS="1800"/>
							<String ID="string_230" HPOS="1841" VPOS="1425" WIDTH="40" HEIGHT="38" WC="0.96" CONTENT="af"/><SP WIDTH="37" VPOS="1425" HPOS="1881"/>
							<String ID="string_231" HPOS="1918" VPOS="1426" WIDTH="89" HEIGHT="36" WC="0.96" CONTENT="herr"/>
						</TextLine>
						<TextLine ID="line_24" HPOS="401" VPOS="1476" WIDTH="1607" HEIGHT="58">
							<String ID="string_232" HPOS="401" VPOS="1489" WIDTH="43" HEIGHT="35" WC="0.92" CONTENT="A."/><SP WIDTH="28" VPOS="1489" HPOS="444"/>
							<String ID="string_233" HPOS="472" VPOS="1487" WIDTH="152" HEIGHT="36" WC="0.93" CONTENT="Persson"/><SP WIDTH="27" VPOS="1487" HPOS="624"/>
							<String ID="string_234" HPOS="651" VPOS="1499" WIDTH="46" HEIGHT="22" WC="0.92" CONTENT="m."/><SP WIDTH="22" VPOS="1499" HPOS="697"/>
							<String ID="string_235" HPOS="719" VPOS="1486" WIDTH="44" HEIGHT="48" WC="0.68" CONTENT="f."/><SP WIDTH="28" VPOS="1486" HPOS="763"/>
							<String ID="string_236" HPOS="791" VPOS="1483" WIDTH="66" HEIGHT="37" WC="0.96" CONTENT="vid"/><SP WIDTH="27" VPOS="1483" HPOS="857"/>
							<String ID="string_237" HPOS="884" VPOS="1481" WIDTH="291" HEIGHT="50" WC="0.96" CONTENT="ifrågavarande"/><SP WIDTH="29" VPOS="1481" HPOS="1175"/>
							<String ID="string_238" HPOS="1204" VPOS="1480" WIDTH="124" HEIGHT="50" WC="0.96" CONTENT="punkt"/><SP WIDTH="27" VPOS="1480" HPOS="1328"/>
							<String ID="string_239" HPOS="1355" VPOS="1479" WIDTH="42" HEIGHT="37" WC="0.96" CONTENT="af"/><SP WIDTH="21" VPOS="1479" HPOS="1397"/>
							<String ID="string_240" HPOS="1418" VPOS="1480" WIDTH="209" HEIGHT="36" WC="0.96" CONTENT="utskottets"/><SP WIDTH="19" VPOS="1480" HPOS="1627"/>
							<String ID="string_241" HPOS="1646" VPOS="1477" WIDTH="196" HEIGHT="38" WC="0.93" CONTENT="utlåtande"/><SP WIDTH="22" VPOS="1477" HPOS="1842"/>
							<String ID="string_242" HPOS="1864" VPOS="1476" WIDTH="144" HEIGHT="49" WC="0.92" CONTENT="afgifna"/>
						</TextLine>
						<TextLine ID="line_25" HPOS="400" VPOS="1529" WIDTH="1360" HEIGHT="53">
							<String ID="string_243" HPOS="400" VPOS="1536" WIDTH="252" HEIGHT="46" WC="0.93" CONTENT="reservation,"/><SP WIDTH="29" VPOS="1536" HPOS="652"/>
							<String ID="string_244" HPOS="681" VPOS="1534" WIDTH="137" HEIGHT="46" WC="0.91" CONTENT="deruti,"/><SP WIDTH="28" VPOS="1534" HPOS="818"/>
							<String ID="string_245" HPOS="846" VPOS="1533" WIDTH="102" HEIGHT="37" WC="0.96" CONTENT="hvad"/><SP WIDTH="28" VPOS="1533" HPOS="948"/>
							<String ID="string_246" HPOS="976" VPOS="1535" WIDTH="119" HEIGHT="46" WC="0.96" CONTENT="angår"/><SP WIDTH="25" VPOS="1535" HPOS="1095"/>
							<String ID="string_247" HPOS="1120" VPOS="1530" WIDTH="293" HEIGHT="49" WC="0.96" CONTENT="ifrågavarande"/><SP WIDTH="28" VPOS="1530" HPOS="1413"/>
							<String ID="string_248" HPOS="1441" VPOS="1529" WIDTH="141" HEIGHT="37" WC="0.93" CONTENT="ärende"/><SP WIDTH="28" VPOS="1529" HPOS="1582"/>
							<String ID="string_249" HPOS="1610" VPOS="1530" WIDTH="150" HEIGHT="47" WC="0.92" CONTENT="yrkats:"/>
						</TextLine>
					</TextBlock>
					<TextBlock ID="block_2" HPOS="401" VPOS="1576" WIDTH="1608" HEIGHT="208">
						<TextLine ID="line_26" HPOS="535" VPOS="1576" WIDTH="1472" HEIGHT="58">
							<String ID="string_250" HPOS="535" VPOS="1592" WIDTH="55" HEIGHT="32" WC="0.96" CONTENT="att"/><SP WIDTH="39" VPOS="1592" HPOS="590"/>
							<String ID="string_251" HPOS="629" VPOS="1585" WIDTH="140" HEIGHT="49" WC="0.95" CONTENT="Kongl."/><SP WIDTH="42" VPOS="1585" HPOS="769"/>
							<String ID="string_252" HPOS="811" VPOS="1584" WIDTH="128" HEIGHT="48" WC="0.96" CONTENT="Maj:ts"/><SP WIDTH="40" VPOS="1584" HPOS="939"/>
							<String ID="string_253" HPOS="979" VPOS="1581" WIDTH="249" HEIGHT="39" WC="0.96" CONTENT="förevarande"/><SP WIDTH="40" VPOS="1581" HPOS="1228"/>
							<String ID="string_254" HPOS="1268" VPOS="1580" WIDTH="285" HEIGHT="47" WC="0.96" CONTENT="framställning"/><SP WIDTH="39" VPOS="1580" HPOS="1553"/>
							<String ID="string_255" HPOS="1592" VPOS="1579" WIDTH="14" HEIGHT="36" WC="0.96" CONTENT="i"/><SP WIDTH="35" VPOS="1579" HPOS="1606"/>
							<String ID="string_256" HPOS="1641" VPOS="1578" WIDTH="103" HEIGHT="37" WC="0.96" CONTENT="hvad"/><SP WIDTH="28" VPOS="1578" HPOS="1744"/>
							<String ID="string_257" HPOS="1772" VPOS="1577" WIDTH="75" HEIGHT="37" WC="0.93" CONTENT="den"/><SP WIDTH="28" VPOS="1577" HPOS="1847"/>
							<String ID="string_258" HPOS="1875" VPOS="1576" WIDTH="132" HEIGHT="48" WC="0.91" CONTENT="afsåge"/>
						</TextLine>
						<TextLine ID="line_27" HPOS="401" VPOS="1627" WIDTH="1608" HEIGHT="53">
							<String ID="string_259" HPOS="401" VPOS="1636" WIDTH="353" HEIGHT="40" WC="0.92" CONTENT="telefonväsendets"/><SP WIDTH="40" VPOS="1636" HPOS="754"/>
							<String ID="string_260" HPOS="794" VPOS="1633" WIDTH="237" HEIGHT="39" WC="0.91" CONTENT="inordnande"/><SP WIDTH="35" VPOS="1633" HPOS="1031"/>
							<String ID="string_261" HPOS="1066" VPOS="1633" WIDTH="14" HEIGHT="36" WC="0.92" CONTENT="i"/><SP WIDTH="35" VPOS="1633" HPOS="1080"/>
							<String ID="string_262" HPOS="1115" VPOS="1631" WIDTH="304" HEIGHT="49" WC="0.91" CONTENT="telegrafverket"/><SP WIDTH="28" VPOS="1631" HPOS="1419"/>
							<String ID="string_263" HPOS="1447" VPOS="1630" WIDTH="72" HEIGHT="37" WC="0.96" CONTENT="och"/><SP WIDTH="37" VPOS="1630" HPOS="1519"/>
							<String ID="string_264" HPOS="1556" VPOS="1629" WIDTH="159" HEIGHT="37" WC="0.93" CONTENT="dermed"/><SP WIDTH="25" VPOS="1629" HPOS="1715"/>
							<String ID="string_265" HPOS="1740" VPOS="1627" WIDTH="269" HEIGHT="38" WC="0.92" CONTENT="sammanhän-"/>
						</TextLine>
						<TextLine ID="line_28" HPOS="402" VPOS="1678" WIDTH="1607" HEIGHT="60">
							<String ID="string_266" HPOS="402" VPOS="1688" WIDTH="126" HEIGHT="50" WC="0.96" CONTENT="gande"/><SP WIDTH="41" VPOS="1688" HPOS="528"/>
							<String ID="string_267" HPOS="569" VPOS="1687" WIDTH="267" HEIGHT="48" WC="0.96" CONTENT="förändringar"/><SP WIDTH="31" VPOS="1687" HPOS="836"/>
							<String ID="string_268" HPOS="867" VPOS="1685" WIDTH="13" HEIGHT="36" WC="0.93" CONTENT="i"/><SP WIDTH="27" VPOS="1685" HPOS="880"/>
							<String ID="string_269" HPOS="907" VPOS="1683" WIDTH="318" HEIGHT="49" WC="0.92" CONTENT="telegrafverkets"/><SP WIDTH="42" VPOS="1683" HPOS="1225"/>
							<String ID="string_270" HPOS="1267" VPOS="1687" WIDTH="120" HEIGHT="31" WC="0.96" CONTENT="stater"/><SP WIDTH="37" VPOS="1687" HPOS="1387"/>
							<String ID="string_271" HPOS="1424" VPOS="1681" WIDTH="85" HEIGHT="37" WC="0.96" CONTENT="icke"/><SP WIDTH="42" VPOS="1681" HPOS="1509"/>
							<String ID="string_272" HPOS="1551" VPOS="1683" WIDTH="117" HEIGHT="34" WC="0.96" CONTENT="måtte"/><SP WIDTH="44" VPOS="1683" HPOS="1668"/>
							<String ID="string_273" HPOS="1712" VPOS="1679" WIDTH="41" HEIGHT="37" WC="0.96" CONTENT="af"/><SP WIDTH="33" VPOS="1679" HPOS="1753"/>
							<String ID="string_274" HPOS="1786" VPOS="1678" WIDTH="223" HEIGHT="48" WC="0.96" CONTENT="Riksdagen"/>
						</TextLine>
						<TextLine ID="line_29" HPOS="403" VPOS="1739" WIDTH="294" HEIGHT="45">
							<String ID="string_275" HPOS="403" VPOS="1739" WIDTH="165" HEIGHT="45" WC="0.92" CONTENT="bifallas;"/><SP WIDTH="29" VPOS="1739" HPOS="568"/>
							<String ID="string_276" HPOS="597" VPOS="1743" WIDTH="100" HEIGHT="32" WC="0.96" CONTENT="samt"/>
						</TextLine>
					</TextBlock>
					<TextBlock ID="block_3" HPOS="404" VPOS="1778" WIDTH="1607" HEIGHT="211">
						<TextLine ID="line_30" HPOS="537" VPOS="1778" WIDTH="1473" HEIGHT="58">
							<String ID="string_277" HPOS="537" VPOS="1794" WIDTH="66" HEIGHT="42" WC="0.96" CONTENT="att,"/><SP WIDTH="38" VPOS="1794" HPOS="603"/>
							<String ID="string_278" HPOS="641" VPOS="1787" WIDTH="65" HEIGHT="37" WC="0.96" CONTENT="vid"/><SP WIDTH="37" VPOS="1787" HPOS="706"/>
							<String ID="string_279" HPOS="743" VPOS="1786" WIDTH="108" HEIGHT="38" WC="0.95" CONTENT="bifall"/><SP WIDTH="39" VPOS="1786" HPOS="851"/>
							<String ID="string_280" HPOS="890" VPOS="1785" WIDTH="59" HEIGHT="37" WC="0.96" CONTENT="till"/><SP WIDTH="40" VPOS="1785" HPOS="949"/>
							<String ID="string_281" HPOS="989" VPOS="1785" WIDTH="127" HEIGHT="36" WC="0.95" CONTENT="denna"/><SP WIDTH="35" VPOS="1785" HPOS="1116"/>
							<String ID="string_282" HPOS="1151" VPOS="1783" WIDTH="211" HEIGHT="37" WC="0.96" CONTENT="utskottets"/><SP WIDTH="24" VPOS="1783" HPOS="1362"/>
							<String ID="string_283" HPOS="1386" VPOS="1781" WIDTH="241" HEIGHT="47" WC="0.95" CONTENT="hemställan,"/><SP WIDTH="28" VPOS="1781" HPOS="1627"/>
							<String ID="string_284" HPOS="1655" VPOS="1780" WIDTH="223" HEIGHT="48" WC="0.96" CONTENT="Riksdagen"/><SP WIDTH="27" VPOS="1780" HPOS="1878"/>
							<String ID="string_285" HPOS="1905" VPOS="1778" WIDTH="13" HEIGHT="36" WC="0.93" CONTENT="i"/><SP WIDTH="28" VPOS="1778" HPOS="1918"/>
							<String ID="string_286" HPOS="1946" VPOS="1791" WIDTH="64" HEIGHT="24" WC="0.92" CONTENT="an-"/>
						</TextLine>
						<TextLine ID="line_31" HPOS="404" VPOS="1829" WIDTH="1607" HEIGHT="59">
							<String ID="string_287" HPOS="404" VPOS="1840" WIDTH="157" HEIGHT="48" WC="0.95" CONTENT="ledning"/><SP WIDTH="39" VPOS="1840" HPOS="561"/>
							<String ID="string_288" HPOS="600" VPOS="1838" WIDTH="42" HEIGHT="37" WC="0.95" CONTENT="af"/><SP WIDTH="35" VPOS="1838" HPOS="642"/>
							<String ID="string_289" HPOS="677" VPOS="1837" WIDTH="138" HEIGHT="49" WC="0.95" CONTENT="Kongl."/><SP WIDTH="40" VPOS="1837" HPOS="815"/>
							<String ID="string_290" HPOS="855" VPOS="1836" WIDTH="128" HEIGHT="49" WC="0.96" CONTENT="Maj:ts"/><SP WIDTH="27" VPOS="1836" HPOS="983"/>
							<String ID="string_291" HPOS="1010" VPOS="1834" WIDTH="251" HEIGHT="37" WC="0.96" CONTENT="förevarande"/><SP WIDTH="29" VPOS="1834" HPOS="1261"/>
							<String ID="string_292" HPOS="1290" VPOS="1832" WIDTH="283" HEIGHT="48" WC="0.95" CONTENT="framställning"/><SP WIDTH="26" VPOS="1832" HPOS="1573"/>
							<String ID="string_293" HPOS="1599" VPOS="1834" WIDTH="131" HEIGHT="44" WC="0.96" CONTENT="måtte,"/><SP WIDTH="29" VPOS="1834" HPOS="1730"/>
							<String ID="string_294" HPOS="1759" VPOS="1830" WIDTH="88" HEIGHT="36" WC="0.92" CONTENT="med"/><SP WIDTH="28" VPOS="1830" HPOS="1847"/>
							<String ID="string_295" HPOS="1875" VPOS="1829" WIDTH="136" HEIGHT="37" WC="0.92" CONTENT="beräk-"/>
						</TextLine>
						<TextLine ID="line_32" HPOS="405" VPOS="1880" WIDTH="1605" HEIGHT="57">
							<String ID="string_296" HPOS="405" VPOS="1891" WIDTH="125" HEIGHT="37" WC="0.95" CONTENT="nande"/><SP WIDTH="42" VPOS="1891" HPOS="530"/>
							<String ID="string_297" HPOS="572" VPOS="1889" WIDTH="41" HEIGHT="37" WC="0.93" CONTENT="af"/><SP WIDTH="34" VPOS="1889" HPOS="613"/>
							<String ID="string_298" HPOS="647" VPOS="1887" WIDTH="321" HEIGHT="50" WC="0.91" CONTENT="telegrafverkets"/><SP WIDTH="38" VPOS="1887" HPOS="968"/>
							<String ID="string_299" HPOS="1006" VPOS="1885" WIDTH="259" HEIGHT="49" WC="0.91" CONTENT="utgiftsstater"/><SP WIDTH="31" VPOS="1885" HPOS="1265"/>
							<String ID="string_300" HPOS="1296" VPOS="1884" WIDTH="60" HEIGHT="36" WC="0.96" CONTENT="för"/><SP WIDTH="28" VPOS="1884" HPOS="1356"/>
							<String ID="string_301" HPOS="1384" VPOS="1886" WIDTH="40" HEIGHT="34" WC="0.96" CONTENT="år"/><SP WIDTH="28" VPOS="1886" HPOS="1424"/>
							<String ID="string_302" HPOS="1452" VPOS="1884" WIDTH="96" HEIGHT="35" WC="0.95" CONTENT="1895"/><SP WIDTH="28" VPOS="1884" HPOS="1548"/>
							<String ID="string_303" HPOS="1576" VPOS="1882" WIDTH="58" HEIGHT="36" WC="0.96" CONTENT="till"/><SP WIDTH="24" VPOS="1882" HPOS="1634"/>
							<String ID="string_304" HPOS="1658" VPOS="1880" WIDTH="169" HEIGHT="50" WC="0.96" CONTENT="följande"/><SP WIDTH="28" VPOS="1880" HPOS="1827"/>
							<String ID="string_305" HPOS="1855" VPOS="1880" WIDTH="155" HEIGHT="48" WC="0.94" CONTENT="belopp,"/>
						</TextLine>
						<TextLine ID="line_33" HPOS="405" VPOS="1941" WIDTH="210" HEIGHT="48">
							<String ID="string_306" HPOS="405" VPOS="1941" WIDTH="210" HEIGHT="48" WC="0.91" CONTENT="nemligen:"/>
						</TextLine>
					</TextBlock>
				</ComposedBlock>
				<ComposedBlock ID="cblock_2" HPOS="408" VPOS="2024" WIDTH="1596" HEIGHT="199">
					<TextBlock ID="block_4" HPOS="408" VPOS="2024" WIDTH="1595" HEIGHT="108">
						<TextLine ID="line_34" HPOS="408" VPOS="2024" WIDTH="1594" HEIGHT="58">
							<String ID="string_307" HPOS="408" VPOS="2034" WIDTH="321" HEIGHT="48" WC="0.26" CONTENT="aflöningsstäten"/><SP WIDTH="24" VPOS="2034" HPOS="729"/>
							<String ID="string_308" HPOS="753" VPOS="2057" WIDTH="833" HEIGHT="11" WC="0.0" CONTENT=".:s:4.ss:ssssissstswmiwssmevessssemissasmnsdnstsmnsnn"/><SP WIDTH="30" VPOS="2057" HPOS="1586"/>
							<String ID="string_309" HPOS="1616" VPOS="2025" WIDTH="65" HEIGHT="36" WC="0.92" CONTENT="Kr."/><SP WIDTH="69" VPOS="2025" HPOS="1681"/>
							<String ID="string_310" HPOS="1750" VPOS="2024" WIDTH="174" HEIGHT="46" WC="0.39" CONTENT="951,900:"/><SP WIDTH="27" VPOS="2024" HPOS="1924"/>
							<String ID="string_311" HPOS="1951" VPOS="2041" WIDTH="51" HEIGHT="7" WC="0.92" CONTENT="—"/>
						</TextLine>
						<TextLine ID="line_35" HPOS="408" VPOS="2075" WIDTH="1595" HEIGHT="57">
							<String ID="string_312" HPOS="408" VPOS="2082" WIDTH="557" HEIGHT="50" WC="0.63" CONTENT="öfvergångsaflöningsstaten"/><SP WIDTH="26" VPOS="2082" HPOS="965"/>
							<String ID="string_313" HPOS="991" VPOS="2107" WIDTH="596" HEIGHT="9" WC="0.0" CONTENT="=ummsssmsmsmmeemeeeceeceeewecewwwe&gt;eW"/><SP WIDTH="53" VPOS="2107" HPOS="1587"/>
							<String ID="string_314" HPOS="1640" VPOS="2085" WIDTH="18" HEIGHT="23" WC="0.54" CONTENT="»"/><SP WIDTH="142" VPOS="2085" HPOS="1658"/>
							<String ID="string_315" HPOS="1800" VPOS="2075" WIDTH="124" HEIGHT="43" WC="0.86" CONTENT="4,600:"/><SP WIDTH="27" VPOS="2075" HPOS="1924"/>
							<String ID="string_316" HPOS="1951" VPOS="2091" WIDTH="52" HEIGHT="6" WC="0.88" CONTENT="—"/>
						</TextLine>
					</TextBlock>
					<TextBlock ID="block_5" HPOS="409" VPOS="2126" WIDTH="1595" HEIGHT="97">
						<TextLine ID="line_36" HPOS="437" VPOS="2126" WIDTH="1566" HEIGHT="46">
							<String ID="string_317" HPOS="437" VPOS="2135" WIDTH="172" HEIGHT="37" WC="0.91" CONTENT="ensions-"/><SP WIDTH="28" VPOS="2135" HPOS="609"/>
							<String ID="string_318" HPOS="637" VPOS="2133" WIDTH="73" HEIGHT="37" WC="0.93" CONTENT="och"/><SP WIDTH="26" VPOS="2133" HPOS="710"/>
							<String ID="string_319" HPOS="736" VPOS="2130" WIDTH="364" HEIGHT="39" WC="0.86" CONTENT="understödsstaten"/><SP WIDTH="24" VPOS="2130" HPOS="1100"/>
							<String ID="string_320" HPOS="1124" VPOS="2157" WIDTH="464" HEIGHT="8" WC="0.0" CONTENT="......2-ecceccmccmoseeeeeceé"/><SP WIDTH="53" VPOS="2157" HPOS="1588"/>
							<String ID="string_321" HPOS="1641" VPOS="2139" WIDTH="19" HEIGHT="23" WC="0.84" CONTENT="»"/><SP WIDTH="43" VPOS="2139" HPOS="1660"/>
							<String ID="string_322" HPOS="1703" VPOS="2121" WIDTH="22" HEIGHT="56" WC="0.0" CONTENT="—"/><SP WIDTH="28" VPOS="2121" HPOS="1725"/>
							<String ID="string_323" HPOS="1753" VPOS="2126" WIDTH="171" HEIGHT="45" WC="0.51" CONTENT="112,320:"/><SP WIDTH="28" VPOS="2126" HPOS="1924"/>
							<String ID="string_324" HPOS="1952" VPOS="2142" WIDTH="51" HEIGHT="5" WC="0.89" CONTENT="—"/>
						</TextLine>
						<TextLine ID="line_37" HPOS="409" VPOS="2176" WIDTH="1595" HEIGHT="47">
							<String ID="string_325" HPOS="409" VPOS="2184" WIDTH="351" HEIGHT="39" WC="0.17" CONTENT="underhållsstaten"/><SP WIDTH="30" VPOS="2184" HPOS="760"/>
							<String ID="string_326" HPOS="790" VPOS="2208" WIDTH="798" HEIGHT="11" WC="0.0" CONTENT="o...mmnmmuusuusrssrasrrsrarsrrsrrssersrrrersres"/><SP WIDTH="-215" VPOS="2208" HPOS="1588"/>
							<String ID="string_327" HPOS="1373" VPOS="2176" WIDTH="62" HEIGHT="54" WC="0.0" CONTENT="arenan"/><SP WIDTH="2" VPOS="2176" HPOS="1435"/>
							<String ID="string_328" HPOS="1437" VPOS="2176" WIDTH="69" HEIGHT="54" WC="0.12" CONTENT="annen"/><SP WIDTH="12" VPOS="2176" HPOS="1506"/>
							<String ID="string_329" HPOS="1518" VPOS="2176" WIDTH="72" HEIGHT="54" WC="0.0" CONTENT="ennen"/><SP WIDTH="52" VPOS="2176" HPOS="1590"/>
							<String ID="string_330" HPOS="1642" VPOS="2186" WIDTH="18" HEIGHT="23" WC="0.73" CONTENT="»"/><SP WIDTH="48" VPOS="2186" HPOS="1660"/>
							<String ID="string_331" HPOS="1708" VPOS="2170" WIDTH="25" HEIGHT="54" WC="0.8" CONTENT="—"/><SP WIDTH="19" VPOS="2170" HPOS="1733"/>
							<String ID="string_332" HPOS="1752" VPOS="2176" WIDTH="173" HEIGHT="43" WC="0.69" CONTENT="284,800:"/><SP WIDTH="25" VPOS="2176" HPOS="1925"/>
							<String ID="string_333" HPOS="1950" VPOS="2192" WIDTH="54" HEIGHT="7" WC="0.91" CONTENT="—"/>
						</TextLine>
					</TextBlock>
				</ComposedBlock>
				<GraphicalElement ID="cblock_3" HPOS="1353" VPOS="2222" WIDTH="634" HEIGHT="9"></GraphicalElement >
				<ComposedBlock ID="cblock_4" HPOS="1338" VPOS="2235" WIDTH="667" HEIGHT="46">
					<TextBlock ID="block_6" HPOS="1338" VPOS="2235" WIDTH="667" HEIGHT="46">
						<TextLine ID="line_38" HPOS="1338" VPOS="2235" WIDTH="667" HEIGHT="46">
							<String ID="string_334" HPOS="1338" VPOS="2237" WIDTH="253" HEIGHT="36" WC="0.96" CONTENT="tillsammans"/><SP WIDTH="28" VPOS="2237" HPOS="1591"/>
							<String ID="string_335" HPOS="1619" VPOS="2235" WIDTH="66" HEIGHT="37" WC="0.93" CONTENT="Kr."/><SP WIDTH="32" VPOS="2235" HPOS="1685"/>
							<String ID="string_336" HPOS="1717" VPOS="2235" WIDTH="210" HEIGHT="46" WC="0.90" CONTENT="1,353,620:"/><SP WIDTH="26" VPOS="2235" HPOS="1927"/>
							<String ID="string_337" HPOS="1953" VPOS="2252" WIDTH="52" HEIGHT="5" WC="0.91" CONTENT="—"/>
						</TextLine>
					</TextBlock>
				</ComposedBlock>
			</PrintSpace>
		</Page>
	</Layout>
</alto>
