2234 2622
650 172 362 42 Bevillningsutskottets
1035 172 209 31 Betänkande
1266 171 62 32 N:o
1352 174 31 30 9.
1764 170 38 31 17

249 260 67 30 ton
344 266 67 36 per
439 255 53 44 år,
523 251 40 36 af
588 251 170 36 kaustikt
785 251 77 36 kali
889 250 57 36 till
975 251 179 47 omkring
1186 251 109 46 1,500
1324 256 66 30 ton
1418 250 71 37 och
1513 249 151 36 kaustik
1685 249 91 36 soda
1796 249 56 36 till

249 304 179 49 omkring
457 305 73 35 900
560 308 78 43 ton,
665 303 70 37 och
749 302 121 37 under
885 302 171 38 normala
1070 302 346 50 prisförhållanden
1431 304 151 47 uppgår
1596 301 135 36 värdet
1745 301 112 36 häraf

249 357 58 36 till
335 357 12 36 i
375 356 116 36 rundt
517 355 54 36 tal
600 368 47 24 en
675 354 146 37 million
848 355 152 36 kronor.

378 409 56 36 De
476 408 164 36 svenska
661 407 216 47 industrier,
894 420 81 23 som
991 407 121 36 skulle
1128 406 154 37 beröras
1298 406 40 36 af
1347 405 71 36 tull
1447 408 8 34 å
1470 405 281 36 ofvannämnda
1766 417 86 36 pro-

250 461 148 47 dukter,
428 465 78 41 äro,
535 459 102 36 hvad
652 459 46 36 de
713 458 177 37 kaustika
905 458 206 37 alkalierna
1125 458 192 47 beträffar,
1333 457 322 48 hufvudsakligen
1670 456 97 36 tvål-
1782 456 69 36 och

251 512 300 49 såpfabrikerna.
586 510 188 37 Klorkalk
791 510 192 37 användes
998 509 325 49 hufvudsakligen
1339 509 39 36 af
1386 522 181 36 pappers-
1584 509 70 36 och
1669 521 182 36 pappers-

250 563 347 38 massefabrikerna
614 567 98 32 samt
727 562 186 49 därjämte
928 561 59 37 till
1002 565 130 45 någon
1147 561 61 37 del
1225 562 40 35 at
1275 560 190 37 blekerier
1476 561 72 36 och
1558 559 292 37 textilfabriker.

380 614 320 51 Pappersbruken
729 614 174 36 använda
932 614 115 36 äfven
1076 613 170 37 kaustikt
1261 618 147 31 natron.
1440 612 112 36 Hvad
1567 614 85 46 såp-
1669 612 70 36 och
1755 611 96 36 tvål-

251 668 219 36 fabrikerna
498 666 192 47 beträffar,
719 671 73 44 äga
819 666 109 37 dessa
955 666 119 36 redan
1103 670 56 32 ett
1185 664 217 49 betydande
1417 664 199 49 tullskydd
1633 666 20 34 å
1669 663 83 37 sina
1765 677 88 36 pro-

251 720 149 47 dukter,
430 719 71 36 och
530 718 47 36 då
605 721 129 46 någon
759 724 134 43 export
922 718 40 36 af
987 718 46 36 de
1054 717 236 37 sistnämnda
1306 717 33 49 ej
1353 721 93 44 äger
1460 729 96 34 rum,
1573 718 40 35 så
1628 716 76 35 kan
1720 728 48 24 en
1782 716 71 36 tull

252 775 20 33 å
301 771 46 36 de
376 770 176 37 kaustika
580 770 207 36 alkalierna
815 770 32 49 ej
878 770 116 36 hafva
1022 772 129 46 någon
1179 768 145 49 menlig
1351 768 186 37 inverkan
1566 771 20 33 å
1614 768 109 36 deras
1742 768 111 36 verk-

253 824 160 35 samhet.
469 822 226 36 Kostnaden
724 823 39 35 af
787 822 46 36 de
860 821 178 37 kaustika
1067 821 206 37 alkalierna
1300 820 127 49 spelar
1454 820 60 36 för
1542 820 117 48 öfrigt
1689 832 47 24 en
1752 832 103 24 mera

253 874 201 50 obetydlig
481 873 72 37 roll
580 874 66 36 vid
674 874 125 36 denna
826 874 241 36 fabrikation.

382 926 324 48 Förbrukningen
727 926 40 36 af
779 925 176 37 klorkalk
971 925 63 36 vid
1050 928 92 33 våra
1158 924 263 49 pappersbruk
1438 929 42 30 är
1494 923 148 49 ganska
1657 923 110 48 ringa
1784 923 69 37 och

252 978 64 36 vid
345 978 241 36 blekerierna
615 978 71 36 och
713 977 330 37 textilfabrikerna
1071 980 39 34 så
1138 976 210 49 obetydlig,
1379 980 54 31 att
1461 976 64 35 det
1552 975 108 37 torde
1690 988 90 23 vara
1809 975 45 36 de

253 1030 236 36 sistnämnda
517 1029 237 49 fullkomligt
781 1029 200 49 likgiltigt,
1011 1028 188 37 huruvida
1226 1027 228 37 klorkalken
1482 1032 42 31 är
1550 1027 123 36 tullfri
1693 1026 92 37 eller
1805 1027 47 48 ej.

382 1082 59 36 En
469 1081 71 36 tull
570 1082 40 36 af
638 1083 45 34 15
713 1087 159 43 procent
900 1082 41 35 af
966 1081 136 37 värdet
1130 1080 135 47 skulle,
1295 1080 86 36 med
1396 1093 50 22 nu
1463 1079 178 49 gällande
1658 1079 195 36 klorkalk-

252 1134 91 49 pris,
373 1134 59 36 för
459 1134 317 49 pappersbruken
804 1133 172 37 medföra
1004 1146 48 23 en
1080 1133 96 36 ökad
1196 1131 436 49 tillverkningskostnad
1648 1131 40 36 af
1700 1131 34 49 ej
1752 1144 102 23 mera

252 1191 48 31 än
328 1188 58 45 0,2
418 1190 172 44 procent,
620 1191 112 43 säger
759 1188 65 33 två
851 1185 215 37 tiondedels
1094 1189 170 44 procent,
1294 1184 71 36 och
1393 1183 48 37 då
1469 1183 46 36 de
1545 1183 137 49 själfva
1707 1183 147 49 åtnjuta

253 1237 197 49 tullskydd
495 1240 20 33 å
550 1237 227 36 hithörande
820 1242 290 44 papperssorter
1139 1236 69 36 och
1237 1236 47 35 då
1313 1240 186 43 exporten
1527 1235 110 36 däraf
1662 1239 42 31 är
1731 1235 123 47 ringa,

253 1295 36 30 så
320 1289 109 36 torde
445 1302 47 23 en
509 1289 116 36 sådan
640 1289 71 35 tull
726 1289 34 48 ej
777 1289 115 36 hafva
906 1291 121 46 något
1042 1287 194 37 afsevärdt
1250 1287 212 48 inflytande
1477 1289 48 46 på
1540 1286 124 36 denna
1679 1286 174 36 industri.

383 1340 87 36 Men
499 1343 120 46 något
648 1341 237 36 annorlunda
914 1340 131 36 ställer
1072 1339 61 49 sig
1160 1338 257 37 förhållandet
1444 1338 87 36 med
1560 1338 45 36 de
1620 1337 37 37 få
1672 1350 182 37 pappers-

254 1392 307 47 massefabriker,
592 1406 80 23 som
701 1392 112 36 bleka
841 1392 58 37 sin
928 1405 123 23 massa
1080 1391 59 36 för
1167 1395 143 44 export.
1367 1390 75 36 För
1470 1389 98 48 dem,
1598 1402 81 23 som
1711 1390 33 48 ej
1767 1389 90 49 vilja

252 1444 141 36 inrätta
422 1444 61 48 sig
511 1444 60 36 för
599 1444 184 36 elektrisk
810 1443 185 49 blekning
1023 1443 92 37 eller
1142 1446 49 46 på
1220 1441 263 48 elektrolytisk
1499 1446 75 44 väg
1590 1441 137 48 själfva
1741 1441 115 36 fram-

253 1496 110 36 ställa
392 1496 57 36 sin
480 1496 235 47 blekvätska,
744 1495 147 37 hvilket
919 1496 109 36 torde
1056 1508 92 23 vara
1177 1495 64 36 det
1260 1493 270 46 rationellaste,
1546 1498 92 31 utan
1653 1493 203 48 föredraga

253 1552 56 31 att
350 1548 101 48 köpa
493 1547 187 47 klorkalk,
711 1548 59 36 för
799 1547 235 38 dem”skulle
1063 1547 86 36 med
1177 1545 262 50 nyssnämnda
1466 1545 70 36 tull
1563 1544 292 49 tillverknings-

254 1599 259 36 kostnaderna
542 1600 41 35 af
608 1602 74 33 den
710 1600 127 36 blekta
866 1613 154 23 massan
1048 1599 93 36 ökas
1169 1598 86 36 med
1285 1597 180 48 omkring
1494 1599 20 33 2
1531 1602 169 43 procent.
1732 1597 57 35 Då
1804 1610 51 22 nu

253 1651 171 48 priserna
460 1654 19 33 å
507 1664 292 36 pappersmassa
826 1652 121 35 under
975 1652 46 35 de
1051 1655 150 31 senaste
1230 1653 75 43 två,
1334 1654 58 31 tre
1421 1651 103 44 åren,
1550 1648 155 37 alldeles
1725 1648 131 37 obero-

254 1702 95 35 ende
379 1702 41 35 af
445 1702 364 49 klorkalkpriserna,
838 1703 207 36 fluktuerat
1075 1704 46 33 20
1151 1706 160 44 procent
1334 1701 70 35 och
1425 1700 230 47 därutöfver,
1677 1703 41 33 så
1738 1705 40 30 är
1794 1700 63 36 det

252 1753 226 49 uppenbart,
509 1758 56 31 att
594 1754 283 36 ofvannämnda
906 1754 177 48 stegring
1111 1753 42 36 af
1176 1751 469 49 blekningskostnaderna
1674 1751 32 48 ej
1738 1756 119 43 gärna

254 1805 75 35 kan
358 1817 91 23 vara
478 1805 41 35 af
544 1810 119 31 annat
691 1810 48 31 än
768 1805 269 37 underordnad
1066 1804 199 49 betydelse
1293 1804 61 35 för
1382 1803 111 36 dessa
1523 1802 178 37 fabriker.

382 1856 76 36 För
500 1856 120 49 öfrigt
661 1862 41 31 är
739 1858 58 35 för
838 1858 86 36 dem
953 1855 237 49 blekningen
1220 1855 40 36 af
1283 1867 320 37 pappersmassan
1631 1867 106 23 mera
1766 1854 91 35 eller

254 1908 146 36 mindre
430 1921 47 23 en
505 1908 330 49 tillfällighetssak
864 1909 71 36 och
965 1922 47 23 en
1041 1907 360 49 konjunkturfråga,
1432 1906 58 46 då,
1512 1905 189 37 beroende
1716 1908 49 46 på
1779 1905 78 49 pris

254 1959 68 36 och
353 1960 249 49 efterfrågan,
632 1961 130 36 tidtals
790 1974 104 23 mera
923 1961 70 36 och
1022 1960 129 36 tidtals
1180 1959 147 36 mindre
1356 1971 126 23 massa
1510 1957 143 48 blekes,
1681 1962 92 31 utan
1802 1962 55 31 att

254 2011 104 36 detta
387 2011 69 36 har
485 2015 129 44 någon
643 2012 192 48 väsentlig
862 2013 189 35 inverkan
1079 2015 49 45 på
1158 2012 134 47 själfva
1319 2010 304 48 tillverkningen
1641 2009 42 36 af
1694 2022 161 30 massan,

253 2075 80 23 som
377 2062 106 35 alltid
512 2067 41 30 är
581 2063 263 36 hufvudsaken
873 2064 60 35 för
961 2064 111 34 dessa
1099 2062 182 47 fabriker,
1312 2061 71 36 och
1411 2061 59 35 för
1499 2060 129 36 hvilka
1657 2063 84 33 vårt
1768 2060 88 35 land

253 2113 180 48 erbjuder
461 2114 249 48 synnerligen
739 2114 100 48 goda
867 2113 236 49 betingelser
1131 2113 12 35 i
1172 2113 70 36 och
1270 2113 59 35 för
1358 2111 70 49 sig.

382 2165 83 36 Den
495 2164 322 37 elektrokemiska
845 2165 213 36 industrien
1087 2164 108 36 torde
1223 2164 59 36 för
1314 2162 132 49 öfrigt,
1477 2175 59 23 om
1567 2162 219 36 densamma
1801 2162 57 35 får

253 2216 146 35 ostördt
418 2216 175 37 utveckla
609 2216 72 49 sig,
699 2216 115 37 blifva
830 2230 47 23 en
893 2217 73 35 den
982 2216 111 36 bästa
1110 2215 306 37 bundsförvandt
1427 2215 81 47 just
1522 2214 60 36 för
1597 2214 74 35 den
1687 2212 171 37 kemiska

253 2268 523 48 pappersmasseindustrien,
819 2273 91 32 enär
952 2268 84 36 med
1082 2268 87 35 dess
1210 2267 166 48 tillhjälp
1407 2266 72 36 den
1515 2264 237 37 sistnämnda
1781 2263 73 36 kan

368 2326 73 32 Bih.
466 2328 49 30 till
540 2327 111 31 Riksd.
676 2328 89 31 Prot.
793 2330 92 31 1903.
926 2330 20 29 5
971 2328 102 32 Saml.
1101 2330 17 30 1
1144 2326 77 40 Afd.
1263 2330 20 30 5
1307 2326 94 40 Häft.
1796 2324 19 30 3
