2210 2618
488 214 111 32 Första
623 218 185 28 kammarens
834 216 137 31 andra
997 220 147 37 tillfälliga
1170 220 117 28 utskotts
1312 222 147 26 utlåtande
1484 221 46 27 Nr
1556 222 46 27 12.
1833 222 18 28 5

242 291 175 37 bildande
457 294 11 34 i
510 293 202 36 allmänhet
755 300 99 39 taget
886 302 41 28 är
954 295 144 36 mindre
1127 297 10 34 i
1167 296 63 35 vår
1258 297 52 35 tid
1340 304 44 28 än
1413 297 87 45 förr,
1529 298 116 35 ehuru
1675 298 176 36 arbetsin-

240 342 253 36 inkomsterna
521 343 44 36 de
594 357 127 23 senare
749 344 85 36 åren
863 352 171 29 avsevärt
1061 352 155 40 stegrats
1243 347 48 45 på
1317 347 134 45 många
1480 348 186 36 områden.
1714 349 69 35 Det
1810 357 40 27 är

240 398 119 39 sannt,
395 399 55 29 att
482 394 118 35 under
628 395 215 35 nuvarande
871 395 126 44 dyrtid
1026 396 105 36 dessa
1157 398 205 34 inkomster
1389 397 57 36 för
1474 398 63 35 det
1563 404 101 30 stora
1690 400 159 35 flertalet

242 444 183 45 knappast
466 445 110 34 räcka
618 445 57 35 till
717 445 44 35 de
789 446 238 45 nödvändiga
1057 447 331 43 levnadsbehoven,
1417 461 83 22 men
1529 462 86 22 man
1644 449 114 36 måste
1786 450 62 35 vid

239 505 44 22 en
325 494 173 36 blivande
539 495 200 45 utredning
781 495 87 44 utgå
908 495 81 35 från
1031 498 170 34 normala
1240 497 270 45 förhållanden,
1548 500 101 34 vilka
1675 514 86 21 man
1789 500 61 35 må

237 542 143 46 hoppas
409 545 104 33 skola
540 545 11 34 i
580 557 45 22 en
654 558 84 21 snar
765 544 152 36 framtid
945 545 78 36 åter
1049 547 157 35 inträda.

340 591 166 37 Givetvis
549 594 68 35 bör
645 595 67 34 ock
739 600 105 39 tagas
872 596 11 34 i
912 597 268 44 övervägande,
1208 597 11 34 i
1260 597 73 35 vad
1371 597 83 35 mån
1484 604 119 29 staten
1632 600 59 34 må
1719 600 127 35 lämna

238 642 62 35 sitt
341 643 32 45 ej
414 643 97 36 blott
553 644 202 45 ordnande,
783 650 88 30 utan
901 653 91 28 även
1022 647 241 35 ekonomiska
1290 648 83 35 stöd
1401 647 58 36 för
1486 661 44 22 en
1559 649 114 35 sådan
1701 649 47 46 på
1775 650 74 44 god

238 695 349 44 sparsamhetsanda
628 695 125 46 byggd
792 696 197 46 självhjälp
1030 696 58 36 för
1121 697 43 36 de
1192 698 144 36 mindre
1363 698 236 37 bemedlades
1627 700 219 45 grundande

237 757 47 22 av
312 758 93 32 egna
432 746 84 35 hem
544 747 11 34 i
583 746 83 35 stad
692 746 102 36 såväl
821 759 79 23 som
928 746 21 36 å
976 747 221 46 landsbygd.
1238 748 72 36 Det
1328 755 189 39 tryggaste
1537 750 220 46 underlaget
1771 751 78 35 här-

236 793 59 37 för
321 795 115 36 måste
463 796 163 45 alltjämt
653 810 89 22 vara
769 796 70 36 den
866 797 248 36 individuella
1141 800 200 34 omtanken
1362 800 67 35 och
1449 813 196 32 omsorgen
1665 801 58 36 för
1740 800 108 37 fram-

236 845 113 43 tiden,
364 858 80 23 som
463 845 81 36 från
562 847 62 35 det
639 847 207 36 allmännas
860 847 81 36 sida
955 848 92 36 böra
1064 855 255 40 uppmuntras,
1335 851 142 34 stärkas
1498 851 66 35 och
1580 851 266 46 tillvaratagas.

337 895 16 35 I
394 897 62 34 sitt
496 897 224 36 intressanta
760 897 193 36 utlåtande
994 899 67 34 har
1096 900 355 45 pensionsstyrelsen
1480 901 142 35 lämnat
1650 907 52 30 ett
1728 903 119 44 vägle-

237 945 121 36 dande
385 948 158 45 uppslag
570 948 59 34 till
657 960 44 23 en
729 947 200 46 utredning
956 962 47 21 av
1031 949 122 36 denna
1179 950 142 45 viktiga
1349 950 59 36 del
1428 964 46 22 av
1493 950 131 47 frågan
1644 965 60 22 om
1724 952 123 36 äkten-

236 996 349 47 skapsbildningens
624 997 255 46 befrämjande
906 1011 134 33 genom
1068 1005 137 31 statens
1232 1001 237 36 medverkan.
1526 1002 111 36 Detta
1664 1008 110 40 utgör
1801 1016 45 23 en

235 1053 170 30 närmare
444 1048 217 45 utveckling
699 1062 47 22 av
786 1048 70 37 den
889 1050 223 46 tankegång,
1139 1063 79 23 som
1245 1058 67 38 gör
1339 1052 56 44 sig
1421 1052 173 45 gällande
1621 1053 12 34 i
1661 1054 186 43 socialsty-

235 1098 138 36 relsens
387 1098 64 36 vid
467 1099 198 35 utskottets
679 1100 232 35 betänkande
921 1099 134 47 fogade
1065 1101 175 44 yttrande
1250 1102 12 34 i
1273 1102 152 35 ärendet
1435 1102 64 36 vid
1509 1102 165 46 fjolårets
1685 1103 160 47 riksdag.

336 1148 190 37 Utskottet
566 1149 184 37 vidhåller
790 1150 55 36 sin
887 1150 47 36 då
971 1152 166 35 uttalade
1173 1151 250 47 uppfattning,
1460 1158 55 31 att
1550 1154 295 44 socialstyrelsen

234 1211 108 31 synes
384 1206 69 39 äga
488 1200 88 35 vida
603 1205 116 31 större
746 1200 311 47 förutsättningar
1084 1202 58 36 för
1169 1208 54 30 att
1250 1203 137 46 sakligt
1414 1204 67 35 och
1508 1204 102 36 inom
1638 1205 208 46 begränsad

233 1249 56 36 tid
328 1251 202 35 verkställa
570 1251 246 46 utredningen
856 1252 11 35 i
904 1251 109 47 fråga
1048 1260 45 28 än
1135 1266 44 23 en
1208 1254 148 35 särskilt
1382 1255 135 35 tillsatt
1544 1256 205 45 kommitté,
1777 1256 67 36 och

232 1301 174 45 tillägger
446 1314 62 33 nu,
552 1307 55 31 att
647 1301 123 36 denna
809 1302 201 47 utredning
1041 1309 97 30 samt
1165 1304 208 46 avgivande
1401 1318 47 23 av
1474 1304 142 47 förslag
1641 1307 203 46 lämpligen

233 1350 69 36 bör
329 1351 127 36 kunna
483 1352 63 35 ske
573 1352 12 35 i
613 1354 206 34 samarbete
847 1353 68 35 och
943 1353 251 37 samförstånd
1222 1355 84 35 med
1333 1357 369 44 pensionsstyrelsen.

335 1451 53 36 På
415 1452 121 45 grund
564 1466 46 22 av
638 1453 73 35 vad
739 1452 158 36 sålunda
923 1452 143 37 anförts
1093 1453 57 37 får
1177 1455 181 35 utskottet
1385 1456 207 45 hemställa,

738 1508 53 30 att
818 1503 117 37 första
961 1505 217 36 kammaren
1205 1506 87 36 ville
1319 1505 59 36 för
1405 1507 55 35 sin
1489 1506 60 37 del
1577 1508 145 36 besluta
1749 1513 55 31 att
1830 1510 12 35 i

637 1554 176 36 skrivelse
852 1555 59 35 till
951 1554 137 47 Kungl.
1128 1555 102 46 Maj:t
1270 1557 161 45 anhålla,
1472 1557 64 36 det
1577 1558 134 47 Kungl.
1739 1558 104 48 Maj:t

636 1605 139 36 täcktes
812 1604 76 37 låta
914 1607 204 35 verkställa
1145 1606 210 48 utredning,
1384 1608 188 36 huruvida
1599 1610 69 35 och
1694 1609 49 47 på
1770 1611 74 36 vad

635 1661 72 30 sätt
749 1668 133 32 genom
923 1661 138 31 statens
1102 1657 226 37 medverkan
1361 1659 443 47 äktenskapsbildningen
1831 1662 12 35 i

634 1705 84 36 vårt
748 1706 90 36 land
865 1706 61 36 må
953 1708 128 35 kunna
1109 1708 187 36 verksamt
1322 1708 208 47 befrämjas,
1559 1716 96 30 samt
1682 1711 161 37 därefter

633 1755 59 37 för
717 1757 198 46 riksdagen
941 1756 209 48 framlägga
1177 1759 62 36 det
1265 1758 149 47 förslag,
1441 1761 128 35 vartill
1595 1762 248 46 utredningen

634 1808 72 35 kan
733 1806 203 38 föranleda.

333 1870 215 39 Stockholm
576 1873 71 37 den
679 1877 41 33 18
750 1875 95 46 april
876 1876 105 35 1918.

807 1959 50 36 På
883 1960 200 36 utskottets
1111 1968 157 39 vägnar:

802 2026 163 37 OSKAR
991 2027 281 37 NYLANDER.

331 2158 241 39 Närvarande
613 2161 63 36 vid
716 2162 169 36 ärendets
914 2162 306 46 slutbehandling
1251 2164 103 35 inom
1383 2165 193 36 utskottet:
1604 2165 129 36 herrar
1759 2166 79 47 Ny-

230 2209 140 45 lander,
400 2211 215 44 Danström,
648 2224 65 24 von
740 2213 113 44 Koch,
884 2214 157 42 Larson,
1074 2214 201 47 Kjellgren,
1306 2215 117 36 Ström
1452 2215 69 36 och
1557 2217 205 35 Welander.
