1911 2837
332 166 186 29 Allmänna
541 165 395 39 beredningsutskottets
959 166 177 29 utlåtande
1157 175 42 20 nr
1221 166 36 29 11
1281 166 38 30 år
1341 166 84 30 1969
1603 166 14 29 1

810 523 64 40 Nr
897 523 51 39 11

337 697 183 31 Utlåtande
547 698 10 29 i
580 697 188 40 anledning
792 707 41 20 av
858 697 171 30 motioner
1054 707 56 20 om
1137 698 109 30 bättre
1272 697 128 30 service
1427 698 11 29 i
1463 697 154 30 bostads-

534 750 177 31 områden.

182 858 12 28 I
213 858 41 29 de
272 857 233 40 likalydande,
526 858 51 29 till
596 858 179 29 allmänna
792 857 379 40 beredningsutskottet
1190 858 190 29 hänvisade
1399 858 219 30 motionerna

138 912 28 29 I:
182 911 63 30 886
262 921 43 20 av
320 911 80 30 herr
416 910 212 40 Strandberg
643 920 46 21 m.
706 911 38 40 fl.
762 912 64 29 och
842 911 47 29 II:
906 912 84 29 1014
1007 921 42 20 av
1065 912 57 29 fru
1138 911 181 40 Sundberg
1335 920 46 21 m.
1398 912 37 39 fl.
1453 911 164 30 hemstäl-

135 965 60 34 les,
217 967 50 27 att
287 964 187 40 riksdagen
495 964 107 30 måtte
623 965 63 30 hos
706 965 125 39 Kungl.
853 965 105 39 Maj:t
979 965 141 30 anhålla
1141 967 49 28 att
1212 965 217 29 motionerna
1451 965 166 29 överläm-

136 1027 64 20 nas
221 1018 52 29 till
295 1018 66 29 den
383 1018 38 29 år
444 1018 81 30 1967
547 1018 192 30 tillkallade
762 1018 338 29 servicekommittén
1123 1018 53 30 för
1197 1017 205 30 beaktande.

181 1071 259 30 Motionärerna
468 1071 110 35 anför,
610 1074 48 27 att
686 1071 260 40 boendemiljön
974 1071 165 39 uppvisar
1167 1071 131 39 tydliga
1326 1071 125 29 brister
1479 1072 12 28 i
1520 1070 98 39 fråga

137 1133 56 20 om
222 1125 376 39 serviceanordningar.
626 1125 259 30 Motionärerna
911 1124 204 30 framhåller
1142 1127 50 27 att
1219 1125 42 29 de
1288 1124 87 39 gifta
1402 1124 215 29 kvinnornas

137 1178 110 29 ökade
269 1186 235 32 engagemang
524 1179 12 29 i
558 1178 240 30 förvärvslivet
819 1178 64 30 har
906 1178 91 39 gjort
1020 1178 123 39 frågan
1165 1187 56 20 om
1243 1177 209 39 barntillsyn
1476 1177 140 30 särskilt

136 1231 253 39 betydelsefull.
416 1230 117 31 Ökade
559 1231 146 30 avstånd
730 1232 52 29 till
808 1231 256 39 arbetsplatser,
1091 1231 141 35 affärer,
1258 1230 358 39 läkarmottagningar

137 1285 64 28 och
220 1284 110 30 andra
348 1284 221 40 nödvändiga
585 1285 238 29 institutioner
842 1286 63 28 har
923 1285 199 39 ytterligare
1142 1284 172 30 försvårat
1334 1284 221 30 situationen.

179 1337 68 30 För
273 1337 57 30 det
354 1337 156 31 växande
537 1338 129 30 antalet
691 1338 225 39 pensionärer
943 1338 112 30 skulle
1081 1338 105 39 enligt
1212 1337 258 30 motionärerna
1496 1337 121 29 närbe-

137 1391 103 39 lägna
260 1391 300 30 servicecentraler
579 1401 83 20 vara
681 1401 43 20 av
743 1392 127 30 största
888 1392 104 29 värde
1012 1392 64 29 och
1096 1391 139 30 minska
1254 1391 144 29 behovet
1419 1400 41 20 av
1479 1390 138 30 institu-

137 1444 189 30 tionsvård.
344 1444 93 30 Även
453 1445 94 29 olika
563 1445 130 29 former
710 1454 41 20 av
767 1445 248 29 fritidsservice
1033 1445 111 30 skulle
1160 1454 82 20 vara
1260 1454 42 20 av
1318 1446 86 29 stort
1421 1444 115 30 värde.

184 1497 362 40 Serviceplaneringen
565 1498 111 30 skulle
696 1499 106 38 enligt
821 1498 259 30 motionärerna
1099 1499 120 29 kunna
1239 1498 147 39 främjas
1407 1506 123 31 genom
1549 1497 69 29 för-

137 1550 152 40 månliga
315 1551 58 29 lån
398 1551 11 29 i
437 1551 169 30 samband
632 1552 78 29 med
736 1551 234 39 uppförandet
997 1561 42 20 av
1065 1550 296 30 serviceområden
1388 1550 110 30 under
1525 1550 92 30 vissa

138 1603 302 40 förutsättningar.

182 1657 259 30 Motionärerna
460 1657 101 30 anför
580 1658 11 29 i
611 1657 98 40 fråga
728 1666 56 21 om
802 1657 278 40 boendemiljöns
1100 1657 217 40 utformning
1336 1658 44 29 bl.
1402 1667 39 25 a.,
1463 1659 49 28 att
1532 1657 85 30 strä-

137 1719 67 20 van
232 1710 87 30 efter
348 1720 42 20 en
419 1711 91 29 ökad
539 1711 348 39 småhusbebyggelse
915 1712 30 39 ej
978 1711 53 29 får
1061 1711 198 29 motverkas
1288 1718 122 31 genom
1439 1710 177 29 bristande

139 1762 311 41 serviceplanering
477 1763 55 30 för
560 1763 131 31 sådana
718 1763 177 31 områden.
923 1765 53 28 En
1003 1764 67 40 hög
1097 1763 394 40 planeringsberedskap
1519 1762 97 30 torde

139 1815 87 30 dock
249 1816 189 30 förutsätta
460 1826 42 20 en
525 1817 147 39 översyn
695 1826 42 20 av
758 1817 78 30 hela
858 1816 459 40 boendeservicebegreppet,
1341 1817 71 29 inte
1435 1817 107 30 minst
1565 1818 52 27 ut-

139 1869 221 39 formningen
384 1878 42 20 av
447 1869 67 30 den
537 1869 259 30 kommersiella
817 1870 277 29 verksamheten.

181 1922 53 28 En
264 1922 219 29 konsekvens
513 1932 42 20 av
583 1922 312 40 bostadspolitiken
924 1924 64 29 har
1017 1923 106 39 enligt
1153 1923 258 30 motionärerna
1439 1923 98 30 blivit
1568 1924 49 27 att

137 1974 93 30 olika
251 1974 330 31 bostadsområdens
603 1976 95 29 ålder
718 1976 162 30 tenderar
902 1978 49 28 att
974 1976 211 30 samvariera
1206 1977 79 29 med
1306 1976 222 30 invånarnas.
1550 1976 67 29 En-

138 2027 77 30 dast
240 2036 124 31 genom
389 2031 49 27 att
463 2029 239 39 upprätthålla
725 2029 121 30 kravet
870 2030 45 39 på
939 2029 137 40 allsidig
1102 2030 127 29 service
1254 2030 70 29 kan
1349 2029 190 30 tendensen
1565 2029 50 30 till

139 2081 247 40 åldersmässig
399 2082 326 41 kategoriklyvning
739 2082 211 30 förhindras.

182 2134 259 31 Motionärerna
463 2135 101 31 anför
584 2135 127 35 vidare,
735 2138 50 27 att
807 2135 220 40 splittringen
1048 2136 11 29 i
1080 2136 99 39 fråga
1200 2144 56 21 om
1277 2135 341 39 huvudmannaskap

136 2188 64 29 och
225 2188 231 40 finansiering
482 2189 37 29 är
543 2189 200 39 påfallande
768 2190 64 29 när
857 2189 56 29 det
939 2189 107 39 gäller
1071 2189 128 30 sociala
1225 2189 300 39 serviceåtgärder.
1553 2189 66 30 Om

138 2250 82 20 man
241 2250 54 20 ser
313 2241 53 29 till
386 2241 56 29 det
462 2242 159 29 enskilda
640 2242 301 29 bostadsområdet
961 2243 70 28 kan
1051 2242 119 30 därför
1190 2242 146 29 effektiv
1356 2243 128 29 service
1505 2242 113 30 åstad-

138 2293 160 30 kommas
317 2293 123 30 endast
459 2301 123 32 genom
601 2295 208 29 samverkan
827 2295 127 30 mellan
974 2297 77 33 stat,
1071 2295 170 30 kommun
1260 2296 65 29 och
1343 2295 93 30 olika
1455 2295 163 39 frivilliga

139 2347 275 39 organisationer
445 2348 64 28 och
540 2348 159 29 enskilda
729 2348 143 40 företag.
903 2348 280 30 Förhållandena
1213 2349 63 29 har
1307 2348 172 31 försvårat
1511 2349 106 30 erfor-

138 2399 109 40 derlig
266 2400 270 40 totalplanering
556 2401 63 29 och
641 2401 224 40 samordning
886 2411 42 20 av
947 2402 93 29 olika
1062 2401 343 30 servicefunktioner.

183 2451 93 31 Även
298 2453 12 29 i
334 2452 99 40 fråga
457 2462 56 20 om
538 2453 273 30 fritidsservicen
835 2453 110 31 måste
970 2454 56 29 det
1050 2454 135 39 privata
1209 2454 184 31 initiativet
1418 2455 105 39 enligt
1547 2464 71 20 mo-

138 2506 199 29 tionärerna
356 2514 58 32 ges
433 2515 42 20 en
496 2507 109 29 större
623 2506 175 40 betydelse
818 2508 43 29 än
881 2507 54 29 för
954 2507 227 30 närvarande.
1202 2508 414 34 Gemensamhetscentra,

140 2566 134 40 Bihang
295 2567 52 29 till
366 2567 205 39 riksdagens
592 2568 173 38 protokoll
787 2568 93 30 1969.
903 2569 37 28 11
962 2569 99 29 saml.
1082 2570 47 28 Nr
1152 2569 36 29 11
