1896 2780
473 165 278 33 Statsutskottets
769 163 174 33 utlåtande
961 174 41 20 nr
1020 164 60 30 132
1099 162 38 32 år
1155 164 81 29 1963
1579 165 13 29 1

770 439 68 45 Nr
862 438 81 46 132

323 593 179 35 Utlåtande
518 593 12 34 i
545 592 177 43 anledning
738 602 43 21 av
798 590 123 43 Kungl.
938 589 120 40 Maj:ts
1075 589 204 44 proposition
1294 586 169 44 angående
1479 585 121 45 förslag

525 657 56 21 om
598 645 88 32 ökad
703 644 274 39 lärarutbildning
994 654 99 24 m.m.
1110 642 105 41 jämte
1233 642 12 32 i
1261 644 115 32 ämnet
1392 640 122 33 väckta
1531 650 69 25 mo-

527 700 26 31 ti
634 726 7 6 .

543 710 90 22 toner
1423 721 68 39 (3:a
1508 720 90 40 avd.)

154 837 17 31 I
191 835 247 41 propositionen
457 846 39 20 nr
516 837 15 28 1
552 834 60 31 har
630 833 125 40 Kungl.
774 831 103 40 Maj:t
898 830 124 41 (bilaga
1043 833 48 34 10,
1111 829 189 40 punkterna
1318 828 179 40 283—289)
1518 827 83 32 före-

113 889 98 41 slagit
232 889 173 40 riksdagen
426 891 63 34 att,
511 887 10 31 i
541 885 146 34 avbidan
708 885 44 40 på
774 884 137 33 särskild
933 883 203 41 proposition
1157 882 11 32 i
1189 885 124 34 ämnet,
1334 881 51 32 för
1404 880 197 41 budgetåret

117 943 142 36 1983/64
277 942 145 31 beräkna

155 995 50 32 till
239 994 95 33 Ökad
369 997 126 29 ämnes-
529 992 62 32 och
625 990 399 40 förskollärarutbildning
1058 1000 99 21 m.m.
1192 992 50 28 ett
1275 987 251 41 förslagsanslag
1559 997 42 21 av

119 1052 37 29 19
170 1051 60 30 326
243 1051 61 29 000
321 1048 58 37 kr.,

158 1102 49 32 till
223 1100 283 41 Lärarhögskolan
521 1099 9 32 i
543 1098 205 35 Stockholm:
763 1096 202 41 Avlöningar
979 1100 50 28 ett
1044 1095 250 40 förslagsanslag
1308 1105 43 21 av
1366 1097 18 29 6
1397 1096 61 29 926
1469 1097 61 28 000
1544 1093 59 37 kr.,

157 1155 49 32 till
220 1153 282 41 Lärarhögskolan
516 1152 10 32 i
540 1151 204 34 Stockholm:
758 1150 244 33 Omkostnader
1015 1153 49 27 ett
1078 1148 251 40 förslagsanslag
1342 1158 42 21 av
1399 1150 61 28 692
1471 1149 60 31 000
1545 1146 58 36 kr.,

159 1209 49 32 till
225 1207 282 41 Lärarhögskolan
524 1205 10 33 i
551 1205 204 33 Stockholm:
771 1203 165 37 Materiel,
953 1203 121 32 böcker
1089 1213 43 20 m.
1145 1212 44 21 m.
1206 1206 51 27 ett
1272 1200 332 39 reservationsanslag

117 1274 43 21 av
184 1265 59 29 120
255 1265 61 28 000
336 1261 58 37 kr.,

160 1316 49 32 till
226 1314 282 40 Lärarhögskolan
527 1312 9 32 i
552 1312 141 32 Malmö:
710 1310 203 40 Avlöningar
929 1314 50 27 ett
996 1308 251 41 förslagsanslag
1263 1318 43 21 av
1324 1310 19 29 5
1355 1310 60 29 438
1427 1310 61 28 000
1505 1307 57 36 kr.,

160 1369 49 32 till
227 1367 282 40 Lärarhögskolan
534 1365 3 32 i
552 1365 141 32 Malmö:
711 1363 245 33 Omkostnader
972 1366 50 28 ett
1038 1361 251 40 förslagsanslag
1305 1372 43 20 av
1366 1363 59 29 500
1437 1363 62 28 000
1515 1360 59 36 kr.,

161 1422 49 32 till
226 1420 283 40 Lärarhögskolan
531 1419 5 31 i
553 1418 140 32 Malmö:
711 1416 164 38 Materiel,
892 1415 123 33 böcker
1031 1426 42 20 m.
1085 1426 44 20 m.
1147 1418 51 27 ett
1214 1413 333 40 reservationsanslag
1562 1423 43 21 av

118 1478 61 29 457
192 1478 60 29 000
271 1475 58 36 kr.,

161 1528 50 32 till
229 1526 283 40 Lärarhögskolan
531 1524 10 32 i
559 1524 141 32 Malmö:
718 1521 179 40 Inredning
915 1521 62 32 och
995 1519 191 41 utrustning
1204 1531 42 20 av
1266 1530 67 28 nya
1350 1519 123 32 lokaler
1490 1523 51 27 ett
1558 1529 47 21 re-

120 1580 298 39 servationsanslag
433 1589 43 22 av
492 1581 60 28 300
565 1580 60 29 000
642 1577 58 37 kr.,

162 1635 49 31 till
229 1632 283 41 Lärarhögskolan
529 1631 10 31 i
557 1629 179 40 Göteborg:
753 1627 203 41 Avlöningar
973 1631 50 28 ett
1040 1626 251 40 förslagsanslag
1307 1636 43 21 av
1368 1629 18 28 3
1398 1628 60 29 279
1471 1628 59 28 000
1548 1625 58 38 kr.,

162 1688 49 32 till
228 1685 282 41 Lärarhögskolan
526 1683 10 33 i
553 1683 179 39 Göteborg:
749 1681 244 33 Omkostnader
1008 1684 51 28 ett
1073 1679 252 40 förslagsanslag
1340 1690 42 20 av
1401 1681 58 30 197
1472 1682 59 28 000
1548 1678 58 37 kr.,

162 1741 50 33 till
232 1738 281 41 Lärarhögskolan
534 1737 10 32 i
564 1736 180 39 Göteborg:
763 1733 165 38 Materiel,
947 1733 122 33 böcker
1087 1744 43 22 m.
1143 1743 44 21 m.
1206 1737 51 27 ett
1275 1731 333 40 reservationsanslag

121 1806 43 21 av
186 1797 58 29 155
257 1796 62 29 000
337 1793 57 36 kr.,

163 1848 50 31 till
229 1842 416 38 Folkskoleseminarierna:
661 1840 202 40 Avlöningar
878 1843 52 31 ett
945 1838 251 40 förslagsanslag
1212 1849 41 24 av
1271 1841 39 30 29
1324 1841 60 29 717
1396 1841 61 29 000
1472 1838 58 36 kr,,

163 1900 50 32 till
230 1895 416 37 Folkskoleseminarierna:
662 1893 245 34 Omkostnader
923 1896 50 27 ett
989 1891 250 40 förslagsanslag
1255 1901 42 24 av
1314 1893 18 29 2
1347 1893 56 32 181
1417 1893 61 28 000
1494 1891 58 38 kr.,

164 1953 49 32 till
237 1947 417 37 Folkskoleseminarierna:
678 1945 164 38 Materiel,
868 1945 121 32 böcker
1012 1954 43 22 m.
1068 1954 43 21 m.
1136 1947 51 28 ett
1210 1943 332 40 reservationsanslag
1565 1954 43 21 av

121 2009 62 29 695
195 2008 63 28 000
273 2005 57 36 kr.,

164 2058 50 33 till
231 2053 416 36 Folkskoleseminarierna:
664 2051 200 40 Utrustning
880 2054 51 31 ett
947 2049 333 39 reservationsanslag
1296 2060 42 20 av
1356 2052 59 30 950
1428 2052 60 29 000
1504 2049 58 37 kr.,

165 2111 49 32 till
231 2108 197 40 Utbildning
443 2118 42 22 av
503 2106 227 34 förskollärare
746 2108 52 30 ett
813 2102 251 41 förslagsanslag
1080 2113 42 21 av
1142 2105 88 30 1450
1244 2105 60 28 000
1321 2102 58 37 kr.,

166 2166 48 31 till
232 2161 308 40 Vidareutbildning
556 2172 42 21 av
615 2161 104 32 lärare
735 2170 43 21 m.
791 2170 43 22 m.
851 2162 51 29 ett
917 2157 333 39 reservationsanslag
1266 2167 42 22 av
1328 2159 14 29 1
1357 2159 59 29 840
1429 2159 61 29 000
1506 2157 57 36 kr.,

166 2220 49 33 till
236 2218 164 39 Avlöning
420 2218 37 32 åt
477 2217 165 38 deltagare
664 2215 9 31 i
695 2214 171 39 praktiska
886 2212 200 33 lärarkurser
1106 2222 99 22 m.m,
1227 2215 50 27 ett
1298 2210 250 41 förslagsanslag
1567 2222 43 21 av

124 2275 92 30 7554
229 2275 61 28 000
310 2271 58 36 kr.,

168 2327 49 31 till
243 2325 155 33 Arvoden
424 2324 36 31 åt
486 2322 154 32 blivande
667 2322 105 31 lärare
797 2320 50 32 för
872 2319 112 32 blinda
1011 2318 61 32 och
1099 2318 87 31 döva
1214 2322 50 27 ett
1290 2317 250 40 förslagsanslag
1565 2327 43 20 av

126 2383 60 29 398
199 2382 61 28 000
284 2378 47 31 kr.

168 2432 192 32 Sedermera
384 2429 60 32 har
468 2427 121 40 Kungl.
615 2426 104 39 Maj:t
744 2425 10 32 i
779 2424 244 41 propositionen
1049 2434 38 20 nr
1115 2425 67 34 111,
1208 2422 105 32 under
1337 2422 207 39 åberopande
1569 2433 42 20 av

127 2485 105 39 bilagt
255 2484 119 38 utdrag
397 2493 41 20 av
463 2478 363 40 statsrådsprotokollet
848 2480 79 29 över
950 2475 350 33 ecklesiastikärenden
1325 2474 50 32 för
1397 2475 63 31 den
1484 2478 19 28 8
1526 2485 86 21 mars

130 2541 90 33 1963,
237 2534 167 41 föreslagit
420 2534 172 39 riksdagen
611 2536 53 28 att

129 2613 11 22 1
160 2623 33 5 —
211 2608 100 31 Bihang
329 2606 37 26 till
381 2605 148 31 riksdagens
544 2603 130 33 protokoll
689 2605 72 23 1963.
796 2605 15 22 6
826 2601 72 26 saml.
934 2601 39 25 Nr
989 2602 48 23 132
