1888 2802
57 1423 123 33 Tidigare
199 1422 54 26 för-

60 1459 59 31 slag
142 1465 40 18 om
204 1456 37 25 in-

65 1492 113 27 förande
197 1498 33 19 av

85 1534 49 26 rya
156 1533 50 25 upp

49 1561 137 29 låtelsefor
194 1557 59 42 mer.

59 2256 131 23 Motioner
211 2255 45 23 vid

89 2290 68 24 1908
175 2291 44 23 års

97 2326 112 30 riksdag.

317 200 18 29 2
630 199 128 30 Första
788 198 255 37 lagutskottets
1072 196 189 32 utlåtande
1289 197 52 31 Nr
1363 196 52 30 25.

271 285 180 36 tillämpas
487 304 39 3 —
562 284 13 30 i
609 284 95 36 regel
740 284 95 30 varit
860 283 195 36 upplåtelse
1079 282 78 31 med
1182 282 69 30 full
1275 281 219 37 äganderätt.
1540 281 65 31 Att
1629 281 148 36 ägande-

271 339 115 29 rätten
408 338 115 30 såsom
547 336 92 31 form
662 336 55 31 för
741 336 197 36 upplåtelse
961 345 44 21 av
1030 336 155 30 kronans
1208 334 78 36 jord
1310 334 164 36 erbjuder
1497 333 197 31 avsevärda
1710 333 67 31 för-

271 390 96 30 delar
401 388 97 32 torde
532 399 87 20 vara
649 388 151 30 allmänt
835 388 136 30 erkänt.
1016 387 76 30 Den
1121 387 108 30 frihet
1253 386 12 30 i
1288 385 224 36 förfogandet
1537 388 83 28 över
1642 385 134 36 jorden,

271 451 73 21 som
371 440 253 36 äganderätten
647 439 147 36 medför,
818 442 39 27 är
880 438 115 36 ägnad
1018 440 53 29 att
1095 438 135 30 skänka
1254 438 239 30 innehavaren
1517 447 43 20 en
1583 437 125 30 känsla
1732 447 44 20 av

271 492 167 37 trygghet
473 492 63 30 och
567 491 199 35 oberoende,
791 500 74 21 som
888 490 166 35 bidrager
1077 490 53 30 att
1154 490 60 30 hos
1238 489 128 31 honom
1389 489 191 30 framkalla
1604 490 49 29 ett
1677 489 99 30 verk-

270 544 69 36 ligt
374 544 147 30 intresse
545 543 55 30 för
622 542 225 36 jordbrukets
871 542 201 30 förkovran.
1117 541 51 30 På
1191 550 133 21 samma
1348 541 95 35 gång
1468 540 140 31 beredes
1631 540 146 30 tillfälle

270 596 55 30 för
360 595 186 31 samhället
580 596 52 29 att
666 594 135 36 frigöra
835 593 57 31 det
926 593 146 36 kapital,
1105 602 73 21 som
1202 592 100 35 eljest
1326 592 114 36 ligger
1463 591 132 31 bundet
1619 593 12 29 i
1655 592 122 34 fastig-

271 648 113 29 heten.
430 646 207 31 Emellertid
662 646 63 30 har
748 645 111 36 gjorts
884 644 174 36 gällande,
1083 645 53 29 att
1159 643 262 36 äganderätten,
1437 643 110 31 sådan
1564 643 66 30 den
1646 643 131 30 hittills

271 699 196 35 tillämpats
491 697 61 31 vid
576 697 41 31 de
640 697 306 36 jordupplåtelser,
971 706 120 21 varom
1116 705 49 21 nu
1189 697 39 29 är
1248 695 112 36 fråga,
1378 695 133 31 medför
1527 695 95 30 vissa
1639 694 138 37 olägen-

271 751 105 31 heter.
422 750 158 31 Sålunda
604 750 64 30 har
692 749 229 36 framhållits,
945 749 52 30 att
1020 748 57 31 det
1100 747 79 32 med
1203 758 48 20 nu
1275 747 164 37 gällande
1463 747 152 36 ordning
1639 747 54 31 för
1710 747 68 30 för-

271 803 157 36 säljning
462 812 46 21 av
531 801 189 37 kronojord
744 811 82 21 vore
850 802 98 30 svårt
971 802 53 29 att
1047 800 187 36 tillgodose
1258 799 40 31 de
1322 799 138 31 mindre
1484 799 218 31 bemedlades
1726 799 51 30 in-

272 857 117 33 tresse,
424 854 44 31 då
503 854 194 35 upplåtelse
731 853 78 30 med
844 852 207 36 äganderätt
1084 851 103 31 alltid
1213 851 325 36 nödvändiggjorde
1562 861 43 20 en
1628 851 150 30 kontant

272 906 248 35 köpeskilling.
567 904 213 36 Därigenom
815 904 165 30 uteslötes
1004 904 130 34 många
1157 903 238 35 medborgare,
1420 912 74 20 som
1518 903 12 29 i
1554 903 118 34 övrigt
1695 911 83 21 vore

272 957 128 36 villiga
434 957 63 30 och
531 956 173 35 lämpliga
738 957 54 29 att
818 957 92 34 ägna
933 955 54 35 sig
1011 955 36 30 åt
1070 954 182 36 jordbruk,
1276 954 80 30 från
1380 953 232 36 möjligheten
1634 954 53 29 att
1711 953 66 30 för-

272 1011 111 29 värva
408 1010 49 30 ett
481 1009 75 35 eget
580 1008 90 30 hem.
716 1007 65 31 Det
804 1007 64 30 har
892 1006 121 31 vidare
1037 1006 192 36 anmärkts,
1254 1007 52 30 att
1330 1005 105 31 sedan
1459 1005 122 36 jorden
1605 1005 173 36 upplåtits

272 1062 111 30 under
406 1061 217 35 äganderätt,
652 1061 115 30 staten
790 1060 75 30 icke
888 1059 117 30 kunde
1029 1058 139 36 hindra,
1192 1060 52 28 att
1268 1058 40 30 de
1334 1058 170 35 upplåtna
1527 1057 250 35 lägenheterna

274 1113 138 35 gjordes
448 1112 57 30 till
541 1111 146 31 föremål
722 1112 54 29 för
811 1111 223 35 spekulation
1064 1110 85 30 eller
1173 1109 178 30 användes
1374 1110 46 34 på
1443 1110 81 34 sätt,
1549 1119 73 20 som
1645 1108 96 31 stode
1766 1109 12 29 i

272 1164 89 30 strid
384 1163 76 31 med
485 1163 239 35 upplåtelsens
748 1162 103 35 syfte.
896 1162 43 35 Ej
964 1161 110 31 heller
1098 1170 81 21 vore
1203 1160 186 30 samhället
1413 1160 12 30 i
1449 1160 145 30 tillfälle
1618 1161 52 29 att
1691 1162 87 28 utan

272 1214 194 31 avsevärda
490 1214 187 31 kostnader
699 1214 245 30 återförvärva
967 1212 133 37 jorden,
1125 1212 116 31 därest
1265 1211 203 31 densamma
1491 1211 216 30 erfordrades
1724 1211 54 29 för

272 1268 109 30 annat
416 1266 177 36 ändamål,
628 1265 85 31 eller
741 1266 51 30 att
816 1264 235 37 tillgodogöra
1074 1265 54 35 sig
1154 1264 66 30 den
1244 1264 20 30 å
1287 1263 123 36 jorden
1433 1263 203 36 uppkomna
1659 1263 120 31 värde-

273 1319 213 36 stegringen.

315 1422 49 31 De
399 1422 232 35 olägenheter,
665 1431 74 21 som
773 1420 150 31 sålunda
957 1421 133 29 ansetts
1124 1419 163 31 förenade
1320 1419 77 30 med
1430 1419 214 36 upplåtelser
1668 1418 111 30 under

273 1473 217 37 äganderätt,
514 1473 92 31 hava
629 1473 162 35 medfört,
815 1473 53 29 att
891 1471 62 31 vid
977 1472 83 30 flera
1076 1471 170 30 tillfällen
1262 1471 103 35 fråga
1381 1471 124 30 väckts
1521 1479 56 21 om
1593 1469 185 31 införande

272 1525 135 37 jämväl
441 1535 44 21 av
521 1525 109 31 andra
665 1525 130 30 former
818 1524 54 30 för
896 1523 214 36 upplåtande
1133 1533 44 20 av
1201 1522 126 36 publik
1349 1522 87 36 jord.
1482 1522 50 30 De
1556 1521 222 31 framkomna

273 1577 177 36 förslagen
485 1577 102 35 hava,
612 1577 13 29 i
649 1578 87 29 stort
759 1577 78 34 sett,
861 1575 82 36 följt
966 1576 62 29 två
1051 1574 243 36 huvudlinjer.
1340 1572 31 32 Ä
1396 1583 64 21 ena
1485 1574 100 30 sidan
1610 1573 63 30 har
1696 1583 83 20 man

273 1629 77 30 sökt
384 1630 52 29 att
470 1628 78 31 med
583 1627 271 36 utgångspunkt
888 1627 81 30 från
1004 1626 253 35 äganderätten
1293 1635 124 26 genom
1441 1625 339 35 inskränkningar
1761 1621 24 46 i

273 1680 202 31 densamma
503 1679 231 36 tillvarataga
769 1678 225 36 upplåtarens
1018 1677 219 35 berättigade
1260 1677 183 30 intressen.
1489 1674 32 32 Å
1544 1676 110 30 andra
1679 1675 101 31 sidan

273 1732 64 30 har
371 1741 83 21 man
488 1731 96 30 velat
618 1731 78 30 med
732 1729 244 32 bibehållande
1010 1739 46 21 av
1079 1729 228 36 upplåtarens
1332 1728 208 36 äganderätt
1565 1727 124 31 bereda
1712 1727 68 30 för-

273 1786 175 28 värvaren
471 1792 43 21 en
538 1782 150 37 tryggad
712 1782 286 35 besittningsrätt
1022 1781 58 31 till
1103 1780 133 37 jorden.
1282 1780 17 30 I
1322 1780 136 36 Kungl.
1483 1779 120 36 Maj:ts
1627 1780 151 35 proposi-

272 1836 87 35 tion,
394 1845 42 20 nr
472 1835 73 35 190,
563 1835 74 30 till
672 1835 84 30 1924
789 1835 56 29 års
874 1833 143 36 riksdag
1041 1832 77 31 med
1142 1833 132 35 förslag
1298 1832 58 30 till
1380 1832 60 35 lag
1463 1842 57 20 om
1543 1831 236 35 återköpsrätt

272 1887 58 30 till
362 1887 70 30 fast
455 1886 169 36 egendom
651 1896 46 20 m.
733 1895 45 20 m.
812 1885 179 30 lämnades
1023 1894 43 21 en
1098 1884 156 30 översikt
1285 1886 83 28 över
1391 1883 150 36 tidigare
1566 1883 133 35 förslag
1723 1893 56 20 om

273 1938 184 31 införande
481 1948 44 20 av
549 1947 43 21 en
616 1937 13 30 i
652 1938 96 30 vissa
771 1936 221 31 hänseenden
1014 1935 196 37 begränsad
1234 1935 219 36 äganderätt.
1485 1935 55 30 En
1563 1934 216 36 redogörelse

273 1991 54 30 för
361 1989 222 31 framkomna
619 1989 130 36 förslag
782 1998 55 21 om
869 1988 176 36 skapande
1068 1998 45 20 av
1137 1997 43 21 en
1204 1987 152 36 tryggad
1379 1987 289 35 besittningsrätt
1692 1987 87 30 åter-

273 2042 112 31 finnes
410 2042 12 30 i
445 2041 111 31 andra
591 2041 101 31 delen
725 2051 45 20 av
805 2041 66 30 den
906 2050 25 20 s.
967 2040 33 30 k.
1036 2039 587 36 kronolägenhetskommissionens
1648 2038 66 31 den
1738 2039 40 29 11

273 2094 188 30 november
495 2093 84 31 1920
613 2093 158 35 avgivna
805 2092 221 31 betänkande
1061 2089 61 36 (II)
1157 2091 78 30 med
1259 2091 133 35 förslag
1416 2090 58 31 till
1498 2090 58 36 lag
1581 2100 55 20 om
1660 2090 119 30 besitt-

274 2146 177 35 ningsrätt
483 2144 55 31 för
570 2144 215 36 obegränsad
814 2143 52 31 tid
889 2143 58 31 till
971 2142 189 37 kronojord
1185 2142 63 31 och
1270 2153 118 20 annan
1412 2142 125 36 publik
1561 2142 77 35 jord
1663 2151 44 20 m.
1733 2151 45 20 m.

273 2197 17 31 I
314 2197 94 30 detta
431 2196 256 35 sammanhang
711 2197 57 29 må
792 2195 123 31 endast
938 2195 134 30 erinras
1096 2204 56 21 om
1176 2194 166 36 följande.

316 2248 71 32 Vid
422 2249 83 30 1908
539 2249 57 30 års
631 2247 145 36 riksdag
810 2247 226 31 hemställdes
1060 2247 12 30 i
1096 2256 42 21 en
1173 2247 95 30 inom
1302 2246 109 31 andra
1446 2246 204 30 kammaren
1674 2245 105 30 väckt

275 2301 143 35 motion,
449 2310 43 21 nr
521 2301 72 35 128,
621 2310 46 21 av
691 2300 80 30 herr
795 2299 113 31 Staaff
930 2309 46 20 m.
1001 2299 46 36 fl.,
1071 2300 53 29 att
1148 2298 190 36 riksdagen
1361 2299 106 29 måtte
1491 2298 13 30 i
1527 2297 170 31 skrivelse
1721 2297 58 30 till

274 2353 137 35 Kungl.
435 2352 102 36 Maj:t
558 2352 155 35 anhålla,
738 2352 57 30 det
818 2351 136 36 Kungl.
978 2351 103 36 Maj:t
1105 2351 131 30 täcktes
1260 2350 72 31 låta
1353 2350 160 36 allsidigt
1530 2350 133 35 utreda,
1680 2349 98 30 vilka

275 2415 69 26 nya
379 2405 129 30 former
542 2404 54 30 för
631 2403 194 36 upplåtelse
860 2413 44 20 av
939 2403 77 35 jord
1040 2403 82 30 från
1145 2403 70 30 stat
1237 2403 86 30 eller
1345 2402 170 30 kommun
1538 2401 57 31 till
1619 2401 159 30 enskilda

275 2456 116 30 kunde
415 2465 86 21 vara
525 2455 146 31 särskilt
694 2465 42 20 ur
760 2455 106 30 social
890 2454 182 36 synpunkt
1095 2453 185 37 påkallade
1304 2454 64 30 och
1390 2453 182 35 lämpliga,
1598 2454 90 28 samt
1705 2452 74 30 där-

274 2508 88 30 efter
389 2508 54 30 för
467 2507 189 35 riksdagen
680 2507 199 34 framlägga
903 2506 134 35 förslag
1061 2506 11 30 i
1097 2506 128 29 ämnet.
1271 2505 17 30 I
1311 2505 260 35 motiveringen
1595 2504 186 30 framhölls
