1910 2798
477 173 127 31 Första
634 173 255 36 lagutskottets
918 174 189 31 utlåtande
1137 175 52 30 Nr
1211 175 50 30 2ö.
1534 176 39 29 43

110 256 193 32 förvärvet.
350 257 61 31 Ett
436 257 134 36 förslag
594 258 78 31 med
697 259 49 30 ett
770 258 127 31 sådant
914 259 266 37 förfaringssätt
1198 262 39 29 är
1252 261 114 36 enligt
1381 261 75 30 min
1472 262 145 35 mening

110 318 45 21 av
191 309 38 30 så
263 308 197 37 lättvindig
494 311 66 34 art,
595 311 53 29 att
682 310 58 31 det
774 313 40 28 är
842 311 74 35 mig
945 312 162 35 omöjligt
1130 314 52 29 att
1206 313 140 31 ansluta
1371 314 71 35 mig
1466 313 56 31 till
1547 313 69 31 det-

110 358 145 43 samma.
728 363 3 4 i

153 411 180 36 Slutligen
369 413 176 35 föreligga
579 414 172 30 motioner
787 414 78 31 med
899 415 157 35 yrkande
1089 425 55 21 om
1178 416 190 31 skrivelser
1402 416 54 30 till
1481 416 135 36 Kungl.

109 463 103 36 Maj:t
252 463 78 31 med
370 464 154 36 begäran
563 475 55 20 om
658 465 192 37 utredning
890 466 63 31 och
987 467 131 36 förslag
1153 468 55 30 uti
1242 468 228 31 förevarande
1504 471 111 28 ämne.

109 515 208 31 Emellertid
341 515 64 31 har
429 516 190 36 riksdagen
644 517 107 31 redan
775 526 125 28 genom
923 518 172 32 skrivelse
1118 518 67 32 den
1210 521 40 29 10
1267 529 93 21 mars
1377 520 238 31 innevarande

108 568 40 29 år
182 567 153 32 anhållit
369 578 57 21 om
461 568 165 37 åtgärder
661 569 54 31 för
748 570 214 36 upplåtande
995 571 56 30 till
1079 571 170 36 jordbruk
1273 582 45 20 av
1341 574 131 29 statens
1496 572 119 31 därtill

109 619 161 36 lämpade
294 619 177 37 domäner,
489 621 63 30 och
569 621 93 30 lärer
679 621 111 31 under
813 622 132 31 sådana
962 623 247 31 förhållanden
1226 624 204 35 ytterligare
1447 625 169 30 skrivelse

108 671 12 30 i
144 670 95 31 detta
262 671 171 31 avseende
458 672 75 30 icke
557 682 86 21 vara
666 673 220 36 erforderlig.

150 722 50 30 På
223 723 117 35 grund
365 733 44 20 av
435 723 68 30 vad
527 724 151 31 sålunda
701 725 136 30 anförts
862 725 202 31 hemställer
1088 726 70 35 jag,

552 811 53 29 att
640 809 188 36 riksdagen
864 811 106 30 måtte
1003 811 99 30 avslå
1126 812 98 30 såväl
1249 812 270 36 ifrågavarande
1543 814 70 34 lag-

510 861 132 35 förslag
666 871 74 21 som
765 861 40 30 de
831 862 11 28 i
866 863 118 29 ämnet
1009 862 127 31 väckta
1160 863 247 31 motionerna».

150 977 32 36 2)
216 990 46 21 av
286 980 121 31 herrar
431 981 171 37 Rogberg,
626 982 183 31 Johanson
835 983 11 30 i
869 983 226 36 Huskvarna,
1119 984 201 31 Johansson
1344 985 10 30 i
1379 984 147 32 Brånalt
1551 986 62 30 och

105 1031 229 33 Christenson
373 1034 11 29 i
419 1033 206 36 Södertälje,
661 1034 100 31 vilka
796 1037 126 34 ansett,
951 1037 52 29 att
1028 1036 187 30 utskottets
1240 1037 182 31 utlåtande
1446 1037 81 31 från
1551 1038 61 31 och

106 1084 78 31 med
218 1084 111 37 tredje
364 1086 138 35 stycket
536 1087 21 29 å
591 1086 65 31 sid.
694 1087 39 29 12
769 1087 78 31 med
882 1087 213 31 kantrubrik
1135 1087 216 32 »Utskottet>
1378 1089 76 30 bort
1478 1090 134 30 erhålla

105 1135 159 37 följande
289 1137 149 36 lydelse:

150 1204 99 32 »Med
285 1205 66 31 den
376 1206 198 36 föreslagna
601 1207 336 36 upplåtelseformen
961 1218 99 21 avses
1084 1210 52 29 att
1161 1209 213 36 möjliggöra
1397 1210 53 30 för
1475 1210 135 30 mindre

104 1256 200 31 bemedlade
329 1257 63 31 och
415 1258 222 31 obemedlade
661 1260 53 30 att
737 1260 44 35 på
805 1261 49 29 ett
878 1260 242 36 betryggande
1149 1262 71 29 sätt
1244 1261 167 31 förvärva
1427 1263 78 34 eget
1520 1261 91 36 jord-

105 1308 102 30 bruk.
254 1306 48 33 Åt
341 1309 95 31 detta
472 1310 91 36 syfte
598 1320 61 25 ger
682 1311 172 30 utskottet
878 1312 57 30 sin
958 1312 92 30 fulla
1073 1312 210 36 anslutning
1308 1315 90 28 samt
1422 1323 113 25 anser,
1559 1315 51 28 att

104 1359 109 31 sådan
248 1361 132 30 statens
415 1361 90 36 jord,
541 1371 73 21 som
639 1362 54 30 för
718 1362 203 32 ändamålet
945 1365 39 29 är
1007 1364 159 35 lämplig,
1192 1365 61 30 bör
1278 1365 11 29 i
1313 1366 127 29 största
1463 1365 147 36 möjliga

105 1412 252 36 utsträckning
391 1413 121 30 härför
551 1415 99 34 tagas
687 1414 12 30 i
734 1415 166 35 anspråk.
946 1415 181 36 Förslaget
1151 1417 39 29 är
1214 1416 194 31 emellertid
1433 1417 110 36 byggt
1567 1418 44 34 på

103 1463 345 37 besittningsrätten,
481 1465 50 31 låt
567 1475 85 21 vara
676 1467 53 29 att
752 1466 114 31 denna
890 1469 39 28 är
954 1468 101 30 tänkt
1079 1468 112 30 såsom
1216 1468 123 36 ärftlig
1363 1469 61 30 och
1448 1469 162 36 förytter-

103 1515 62 36 lig,
190 1525 79 21 men
294 1516 76 31 icke
394 1518 45 34 på
464 1517 263 35 äganderätten.
767 1517 117 32 Därav
909 1520 109 30 måste
1042 1519 98 36 följa,
1164 1521 53 29 att
1240 1520 188 36 brukaren,
1452 1521 101 35 åbon,
1577 1521 31 35 ej

103 1567 70 30 kan
208 1568 112 30 vinna
349 1568 67 31 den
439 1569 240 37 samhörighet
703 1570 78 30 med
805 1570 123 36 jorden
952 1571 63 30 och
1039 1571 65 31 den
1128 1571 162 31 säkerhet
1315 1572 11 30 i
1351 1572 189 31 innehavet
1564 1583 45 20 av

102 1618 214 37 densamma,
353 1620 101 30 vilka
486 1623 59 28 äro
580 1621 229 36 nödvändiga
844 1622 54 30 för
932 1624 52 29 att
1017 1623 61 30 hos
1103 1623 127 30 honom
1255 1624 105 35 skapa
1386 1625 146 30 intresse
1556 1625 54 30 för

103 1670 88 31 hans
215 1670 73 31 kall
312 1671 64 30 och
399 1672 238 36 arbetsglädje
661 1673 12 29 i
697 1672 204 31 detsamma.
948 1673 129 31 Vidare
1102 1675 111 30 måste
1237 1675 77 30 med
1331 1675 167 36 förslaget
1522 1676 87 35 följa

102 1722 131 30 talrika
266 1722 305 37 inskränkningar
607 1724 53 30 uti
698 1725 108 30 åbons
837 1726 70 30 rätt
930 1726 53 30 att
1007 1725 137 37 förfoga
1168 1728 83 28 över
1275 1726 223 36 fastigheten.
1545 1726 63 32 Om

103 1773 100 31 dessa
225 1774 285 37 begränsningar
533 1776 12 29 i
569 1775 195 31 allmänhet
788 1779 60 28 äro
873 1777 134 35 ägnade
1031 1779 53 29 att
1107 1778 110 30 verka
1240 1778 262 31 avskräckande
1527 1779 81 30 från

102 1825 146 31 förvärv
272 1836 46 20 av
341 1826 150 36 åborätt,
516 1828 36 29 så
576 1828 60 30 äro
660 1828 96 30 vissa
780 1838 45 20 av
849 1828 89 36 dem,
963 1829 144 30 särskilt
1132 1829 51 36 de,
1207 1839 73 21 som
1305 1831 92 34 angå
1413 1831 108 30 åbons
1539 1832 69 29 rätt

101 1878 53 30 att
189 1877 164 31 använda
377 1878 56 36 sig
457 1889 44 20 av
526 1879 232 36 fastighetens
782 1880 227 36 nyttigheter,
1034 1882 38 29 så
1095 1881 131 35 starka,
1250 1883 53 29 att
1327 1881 39 31 de
1390 1882 12 30 i
1425 1882 182 36 åtskilliga

102 1928 97 31 delar
222 1939 46 20 av
292 1929 120 32 landet
435 1930 107 37 lägga
566 1930 179 32 bestämda
769 1931 126 31 hinder
919 1932 12 30 i
948 1935 114 33 vägen
1080 1933 53 30 för
1149 1933 201 31 åborättens
1367 1934 241 36 tillämpning.

102 1978 113 38 Åbon,
239 1982 191 35 utestängd
454 1983 113 30 såsom
591 1982 70 31 han
689 1985 39 28 är
751 1983 80 31 från
856 1985 116 30 rätten
995 1985 52 30 att
1071 1994 126 26 genom
1221 1985 205 36 inteckning
1451 1986 156 35 begagna

101 2033 186 31 åborätten
309 2033 59 31 till
392 2033 172 38 underlag
588 2034 54 31 för
665 2034 317 38 fastighetskredit,
999 2036 106 36 torde,
1130 2037 175 35 praktiskt
1329 2039 104 34 taget,
1451 2038 12 30 i
1479 2037 129 31 kredit-

103 2084 195 32 hänseende
334 2085 98 31 bliva
455 2087 39 30 så
518 2087 75 34 gott
616 2096 75 21 som
715 2087 73 30 helt
811 2088 169 31 beroende
1004 2098 44 20 av
1072 2088 244 36 statshjälpen.
1362 2089 137 31 Statens
1524 2099 84 26 upp-

101 2136 73 30 sikt
213 2138 39 28 är
287 2137 134 36 olustig
456 2137 54 31 för
543 2138 101 30 åbon.
691 2138 142 32 Samma
862 2140 143 35 uppsikt
1029 2140 97 30 torde
1151 2140 120 30 tillika
1295 2140 54 30 för
1372 2142 114 29 staten
1510 2141 97 31 bliva

102 2188 179 36 besvärlig
305 2188 64 31 och
394 2188 139 37 dyrbar.

144 2239 72 31 Till
250 2240 141 31 förmån
425 2241 55 30 för
514 2241 65 31 den
603 2241 202 37 föreslagna
828 2243 183 31 åborätten
1035 2243 63 31 har
1121 2244 147 30 framför
1292 2244 65 31 allt
1381 2245 225 35 framhållits,

102 2292 52 30 att
182 2291 114 36 enligt
320 2292 204 31 densamma
547 2293 239 36 köpeskilling
810 2294 77 31 icke
911 2295 136 30 kräves.
1071 2295 83 30 Men
1178 2305 134 21 samma
1335 2296 138 31 förmån
1502 2297 69 30 kan
1595 2298 12 29 i

101 2342 74 31 lika
211 2343 86 36 grad
332 2344 144 31 beredas
514 2345 91 30 åbon
641 2345 60 31 vid
725 2346 196 35 upplåtelse
946 2348 90 29 emot
1059 2347 217 36 äganderätt,
1293 2357 55 20 om
1372 2348 199 36 vederlaget
1595 2349 12 29 i

102 2394 56 31 sin
182 2394 117 31 helhet
323 2395 207 32 bestämmes
554 2397 13 29 i
590 2397 94 35 årlig
707 2397 129 36 avgäld
860 2398 86 30 eller
969 2408 55 21 om
1048 2398 282 36 köpeskillingen
1347 2400 54 29 får
1417 2402 190 28 amorteras

102 2447 43 35 på
169 2446 125 36 längre
318 2447 63 36 tid,
406 2449 24 29 t.
455 2457 54 21 ex.
534 2449 44 35 på
601 2448 133 36 fyratio
758 2450 51 29 år.

1659 1212 146 26 Utskottet.

1644 1267 192 30 Lagförslagets

1667 1302 133 23 allmänna

1674 1337 120 29 grunder.
