2226 2630
397 231 37 29 12
915 234 225 29 Statsutskottets
1168 236 155 29 Utlåtande
1347 237 57 29 N:o
1425 240 50 27 28.

394 307 85 36 med
507 308 486 50 sekreterarcbefattningen
1020 324 87 24 vore
1133 312 186 47 förenade,
1347 328 60 22 om
1434 314 258 50 befattningen
1720 318 147 36 komme
1894 326 54 29 att
1976 320 42 37 af

395 357 81 45 den,
517 371 80 23 som
625 358 243 39 förordnades
896 367 55 30 att
977 363 75 35 tills
1080 363 125 37 vidare
1233 365 199 47 uppehålla
1459 366 226 45 densamma,
1713 368 186 37 betraktas
1927 371 86 35 alle-

394 415 84 29 nast
513 409 120 36 såsom
670 424 44 22 cn
751 410 328 49 öfvergångsplats,
1106 426 80 23 som
1214 415 73 36 han
1314 429 87 23 vore
1427 416 122 47 färdig
1577 422 53 31 att
1656 419 123 35 lemna
1805 420 62 36 vid
1896 419 117 38 första

394 459 105 36 bästa
526 460 158 36 tillfälle.

496 510 16 35 I
553 511 203 47 anledning
796 511 40 37 af
874 513 101 36 detta
1010 515 247 37 revisorernas
1284 516 174 49 yttrande
1487 517 112 37 hafva
1624 518 234 50 fullmägtige
1884 522 12 35 i
1922 522 91 36 riks-

394 561 281 44 gäldskontoret
714 564 11 34 i
765 563 190 38 skrifvelse
994 565 59 35 till
1092 565 211 49 Riksdagen
1344 567 70 37 den
1453 571 18 33 7
1502 569 183 37 nästlidne
1707 571 149 45 januari
1884 572 127 37 anfört

393 610 178 47 följande:

495 662 81 36 Den
613 662 40 36 af
677 664 229 37 revisorerna
933 665 208 50 åberopade
1167 668 279 38 bestämmelsen
1475 670 11 35 i
1514 671 258 46 reglementets
1802 676 44 33 26
1876 670 19 49 $
1922 687 89 24 vore

392 713 11 34 i
432 713 63 35 sitt
522 714 269 47 sammanhang
818 715 40 36 af
881 715 165 48 följande
1072 718 155 48 lydelse:

500 765 236 48 ”Aflöningen
763 765 58 37 för
840 767 357 46 riksgäldskontorets
1216 771 431 47 tjenstemannapersonal
1665 773 67 36 och
1751 774 259 49 vaktbetjening

393 813 111 48 utgår
544 816 117 45 enligt
700 816 71 36 den
811 816 41 36 af
885 817 211 49 Riksdagen
1134 819 57 36 för
1218 821 161 36 nämnda
1405 823 91 35 verk
1523 821 193 38 faststälda
1744 825 265 46 aflöningsstat,

392 864 152 36 hvilken
584 867 80 35 icke
703 866 58 36 får
798 866 262 48 öfverskridas;
1100 871 163 36 varande
1290 872 275 37 nedanstående
1593 874 112 36 vilkor
1733 876 68 34 och
1822 876 185 47 förbehåll

393 916 178 46 stadgade
598 916 58 36 för
682 918 340 48 tillgodonjutande
1050 919 40 36 af
1113 921 69 35 den
1211 921 60 36 för
1289 923 169 36 bemälda
1476 925 445 49 tjenstemannapersonal
1941 928 68 37 och

392 967 252 46 vaktbetjente
671 968 181 46 beviljade
880 970 301 50 löneförhöjning;

494 1072 66 31 4:0.
613 1069 233 45 Tjensteman
875 1071 63 35 vid
965 1072 358 47 riksgäldskontoret
1349 1075 56 36 får
1427 1076 80 37 icke
1525 1090 123 23 annan
1668 1079 340 49 tjenstebefattning

392 1123 104 31 utom
524 1119 358 46 riksgäldskontoret
908 1127 176 41 mottaga.
1113 1143 44 4 —
1187 1143 48 4 —
1263 1140 68 15 —>

492 1168 55 36 Af
568 1183 52 22 nu
649 1170 155 36 anförda
821 1171 186 49 paragraf,
1026 1173 110 36 hvars
1155 1175 165 36 innehåll
1341 1177 211 37 återfunnes
1584 1180 11 34 i
1623 1181 171 45 samtliga
1824 1181 82 36 från
1939 1183 66 34 och

393 1219 80 36 med
502 1219 41 36 år
575 1223 91 34 1875
696 1220 196 39 utfärdade
919 1224 258 44 reglementen,
1207 1232 124 42 syntes
1359 1227 61 37 det
1437 1227 236 51 fullmägtige
1691 1230 151 48 framgå,
1863 1238 53 30 att
1936 1233 70 36 den

392 1271 9 34 i
430 1283 112 23 mom.
573 1274 20 32 4
636 1271 216 37 meddelade
891 1274 280 37 bestämmelsen
1200 1290 61 22 om
1289 1276 136 38 förbud
1465 1278 59 37 för
1561 1293 45 22 en
1633 1282 374 47 riksgäldskontorets

391 1322 221 44 tjensteman
654 1327 54 30 att
747 1328 167 42 mottaga
952 1325 346 48 tjenstebefattning
1339 1334 102 31 utom
1481 1331 176 36 kontoret
1684 1332 128 36 endast
1839 1347 87 22 vore
1955 1340 51 30 ett

391 1372 131 43 vilkor,
550 1372 109 36 hvars
687 1373 244 49 uppfyllande
957 1375 193 37 fordrades
1178 1376 59 37 för
1263 1379 341 48 tillgodonjutande
1622 1381 41 37 af
1678 1383 68 35 den
1766 1383 59 36 för
1843 1385 161 45 tjensten

390 1423 9 34 i
429 1422 176 36 kontoret
646 1424 180 46 beviljade
852 1424 172 47 förhöjda
1051 1427 173 47 aflöning,
1252 1442 84 23 men
1364 1431 214 47 ingalunda,
1606 1432 47 48 på
1679 1439 71 30 sätt
1777 1435 229 36 revisorerna

390 1472 195 45 förmenat,
613 1475 180 36 innebure
821 1488 43 23 en
893 1477 201 48 obetingad
1120 1478 198 46 föreskrift,
1346 1486 52 30 att
1424 1482 241 37 innehafvare
1692 1483 40 36 af
1755 1484 112 36 sådan
1895 1487 112 44 tjenst

391 1524 119 35 skulle
550 1523 192 38 fränträda
783 1525 223 46 densamma,
1048 1528 37 35 så
1125 1535 102 30 snart
1258 1530 73 36 han
1360 1532 145 36 erhållit
1532 1534 342 48 tjenstebefattning
1901 1542 104 31 utom

390 1574 164 36 nämnda
593 1576 98 35 verk.
745 1575 211 50 Stadgande
991 1579 13 35 i
1037 1580 221 35 sistberörda
1286 1581 95 48 syfte
1407 1582 229 38 förekomme
1664 1586 29 45 ej
1722 1586 116 35 heller
1865 1588 102 45 eljest
1994 1589 12 34 i

389 1626 257 44 reglementet;
683 1627 69 35 och
789 1627 46 35 då
861 1628 70 36 den
959 1630 215 36 nuvarande
1202 1632 185 36 ordinarie
1414 1634 263 37 innehafvaren
1708 1636 40 35 af
1770 1638 236 36 sekreterare-

391 1676 68 35 och
496 1676 521 49 ombudsmansbefattningen
1045 1681 88 44 icke,
1161 1680 93 37 efter
1281 1683 62 35 det
1368 1684 73 35 han
1468 1685 163 36 tillträdt
1658 1683 346 54 statsrådsembetet,

392 1727 181 47 uppburit
611 1730 122 43 någon
774 1729 165 48 aflöning
978 1729 83 37 från
1102 1732 365 47 riksgäldskontoret,
1505 1736 125 36 kunde
1665 1737 231 48 fullmästige
1924 1740 80 36 icke

389 1778 112 41 finna,
542 1783 55 30 att
636 1779 257 46 reglementets
933 1781 274 37 bestämmelser
1242 1783 124 37 blifvit
1393 1786 11 34 i
1431 1784 244 39 förevarande
1701 1787 66 37 fall
1795 1789 208 37 åsidosatta.

390 1827 71 36 Det
500 1826 251 50 fullmägtiges
791 1830 122 36 beslut
952 1830 41 36 af
1031 1832 69 36 den
1139 1837 43 32 17
1221 1835 155 36 oktober
1408 1839 103 42 1889,
1541 1837 238 48 hvarigenom
1807 1840 196 37 statsrådet

389 1877 178 37 Wikblad
596 1879 199 46 beviljades
822 1882 163 45 ledighet
1012 1883 75 36 tills
1112 1884 127 36 vidare
1266 1884 80 37 från
1374 1886 220 38 utöfvandet
1622 1888 40 36 af
1678 1890 235 37 sekreterare-
1932 1892 69 35 och

392 1929 422 47 ombudsmanstjensten
849 1933 12 34 i
898 1933 366 47 riksgäldskontoret,
1305 1942 121 42 syntes
1461 1937 60 37 för
1548 1938 122 49 öfrigt,
1697 1940 112 36 sedan
1836 1949 165 29 närmast

390 1979 160 37 derefter
590 1979 222 39 församlade
851 1983 165 48 Riksdag
1048 1985 139 36 lemnat
1214 1985 122 37 denna
1363 1987 129 48 åtgärd
1520 1994 91 31 utan
1639 1992 253 46 anmärkning,
1921 1993 79 36 icke

389 2029 127 37 vidare
555 2044 90 23 vara
683 2032 154 36 föremål
876 2033 58 36 för
974 2036 236 46 granskning.
1263 2037 254 49 Fullmägtige,
1555 2053 79 23 som
1670 2042 201 36 emellertid
1903 2046 97 34 varit

391 2080 264 38 oförhindrade
695 2088 54 31 att
788 2083 139 48 pröfva,
955 2085 184 37 huruvida
1167 2087 282 38 förhållandena
1477 2091 125 35 kunde
1628 2091 147 46 påkalla
1801 2093 159 47 ändring
1986 2096 11 34 i

390 2130 70 37 den
489 2145 44 23 en
562 2132 97 49 gång
687 2134 190 37 beslutade
904 2136 265 48 anordningen,
1198 2138 94 36 hade
1320 2139 93 36 dock
1431 2141 80 36 icke
1529 2140 123 37 funnit
1672 2144 105 47 giltig
1796 2144 202 50 anledning

390 2187 53 30 att
482 2181 173 50 förvägra
695 2185 195 37 statsrådet
929 2186 175 37 Wikblad
1130 2188 229 38 fortfarande
1386 2191 164 46 ledighet
1577 2191 83 37 från
1687 2194 162 36 nämnda
1875 2196 121 45 tjenst.

389 2232 135 36 Härtill
552 2234 94 36 hade
672 2234 230 50 fullmägtige
929 2236 38 36 så
994 2239 147 47 mycket
1167 2239 145 37 mindre
1339 2247 120 30 ansett
1485 2243 56 47 sig
1569 2242 109 37 hafva
1696 2245 88 44 skäl,
1803 2259 88 31 som,
1905 2247 92 45 jem-

388 2284 69 35 likt
491 2284 221 48 stadgandet
746 2287 12 36 1
787 2290 45 33 34
861 2285 18 50 $
907 2288 342 48 regeringsformen,
1277 2291 159 38 ledamot
1465 2292 41 36 af
1529 2294 203 45 statsrådet,
1760 2296 149 37 hvilken
1938 2298 57 35 till
