2227 2684
214 1444 128 31 Departe-

180 1478 191 30 mentschefens

207 1512 135 32 yttrande.

204 2000 144 27 Utskottets

209 2037 132 32 yttrande.

423 237 38 31 10
906 237 227 30 Statsutskottets
1161 236 150 31 Utlåtande
1333 235 46 31 No
1401 233 76 33 121.

380 316 89 38 med
511 318 21 35 2
570 316 139 37 kronor
749 315 56 38 för
833 314 77 50 dag
934 315 72 37 och
1034 314 168 38 därefter
1230 314 57 37 för
1314 314 77 37 fem
1420 316 40 34 år
1487 313 11 37 i
1528 312 140 39 sänder
1690 313 233 37 bestämmas
1951 313 43 38 af

380 367 143 49 Kungl.
556 367 107 50 Maj:t
691 370 48 46 på
766 366 418 50 medicinalstyrelsens
1213 365 147 50 förslag
1388 365 71 37 och
1488 365 98 38 efter
1615 364 219 49 Göteborgs
1864 364 124 39 stads-

381 418 260 49 fullmäktiges
669 418 186 46 hörande;

517 469 162 50 afgiften
708 469 122 38 skulle
858 469 148 38 betalas
1034 468 228 39 kvartalsvis
1291 468 41 38 af
1356 467 438 46 hälsovårdsnämnden;

517 527 55 32 ett
613 521 290 50 minimibelopp
942 520 40 38 af
1011 522 109 44 8,000
1166 520 141 38 kronor
1334 520 11 36 i
1373 518 306 51 patientafgifter
1705 518 59 38 för
1788 518 132 50 hvarje
1949 522 39 35 år

384 573 124 38 skulle
536 573 216 38 emellertid
779 572 58 38 till
861 577 124 33 staten
1013 577 174 44 utgöras;

519 628 41 33 så
592 630 105 32 snart
718 627 130 46 någon
873 627 19 34 å
920 624 190 38 anstalten
1137 623 157 49 intagen
1323 622 221 49 sinnessjuk
1572 621 167 38 därifrån
1766 621 222 38 utskrefves

384 676 93 38 eller
515 675 126 38 blefve
681 679 20 33 å
738 675 168 50 hospital
946 675 94 37 eller
1078 675 83 49 asyl
1201 675 168 49 intagen,
1411 673 123 37 skulle
1565 673 157 38 stadens
1750 672 239 49 betalnings-

384 726 224 50 skyldighet
648 726 58 37 för
744 739 145 24 samma
930 726 149 49 patient
1115 726 185 49 upphöra,
1343 724 155 37 hvarför
1537 723 280 37 underrättelse
1856 723 131 37 därom

385 791 139 36 genom
565 777 229 51 hospitalets
835 776 217 51 syssloman
1091 781 92 33 utan
1216 775 180 51 dröjsmål
1423 775 120 38 borde
1567 775 147 37 lämnas
1742 773 246 38 hälsovårds-

383 829 192 37 nämnden
615 829 88 37 med
743 829 154 49 uppgift
935 828 120 37 tillika
1083 842 59 23 om
1173 827 74 38 den
1275 828 68 47 tid,
1372 827 217 37 hvarunder
1617 826 198 49 patienten
1843 824 98 38 varit
1969 827 20 34 å

385 880 191 38 anstalten
599 879 159 47 vårdad;

519 937 138 42 staten,
686 934 20 34 å
730 944 83 33 ena,
841 931 72 37 och
943 930 147 48 staden,
1119 932 20 34 å
1166 930 119 37 andra
1313 929 122 47 sidan,
1464 928 123 38 skulle
1617 927 232 38 förbehållas
1866 932 123 32 ömse-

385 983 101 48 sidig
509 988 75 31 rätt
610 982 59 37 till
697 982 248 50 uppsägning
972 981 41 38 af
1032 980 418 38 öfverenskommelsen
1475 985 55 32 att
1557 979 175 50 upphöra
1750 981 65 35 två
1835 981 40 34 år
1894 977 96 38 efter

384 1034 311 51 uppsägningen,
737 1033 87 38 med
863 1032 226 50 skyldighet
1117 1033 57 36 för
1201 1037 126 32 staten
1356 1036 55 33 att
1439 1035 141 34 ersätta
1609 1030 136 37 staden
1774 1029 216 38 kostnaden

385 1086 58 37 för
484 1085 291 49 byggnaderna,
815 1084 128 37 därest
983 1085 301 48 uppsägningen
1309 1083 146 37 skedde
1484 1082 41 38 af
1549 1087 138 41 staten,
1715 1080 89 38 med
1832 1080 66 37 det
1926 1080 64 37 be-

384 1138 105 48 lopp,
531 1150 78 24 som
652 1136 218 38 bestämdes
907 1135 41 38 af
983 1135 75 38 fem
1101 1134 100 49 gode
1241 1139 99 42 män,
1380 1134 41 38 af
1441 1133 131 38 hvilka
1600 1138 125 32 staten
1753 1131 71 38 och
1853 1130 137 38 staden

385 1191 137 45 utsåge
559 1191 64 33 två
664 1187 186 37 hvardera
891 1186 72 37 och
992 1186 46 37 de
1068 1185 160 37 sålunda
1252 1185 112 37 valda
1388 1185 74 37 den
1490 1185 131 45 femte,
1650 1183 98 37 dock
1773 1187 55 32 att
1855 1183 135 35 värdet

386 1239 32 48 ej
460 1238 104 48 finge
606 1237 238 38 öfverskrida
880 1236 174 50 verkliga
1077 1236 217 37 kostnaden
1321 1236 60 37 för
1408 1235 301 49 byggnadernas
1737 1232 252 50 uppförande,

387 1294 108 41 samt,
536 1289 129 37 därest
702 1288 300 49 uppsägningen
1044 1287 144 37 skedde
1231 1287 41 37 af
1310 1287 146 47 staden,
1486 1286 86 37 med
1600 1288 64 35 två
1691 1283 233 50 tredjedelar
1952 1283 42 37 af

387 1340 65 37 det
480 1343 48 46 på
555 1339 250 38 förenämnda
834 1344 75 32 sätt
937 1338 199 38 bestämda
1163 1337 145 38 värdet.

520 1441 270 38 Förevarande
819 1441 282 48 framställning
1129 1440 82 37 från
1240 1439 223 48 Göteborgs
1493 1436 349 48 stadsfullmäktige
1872 1449 116 35 synes

386 1493 80 49 mig
493 1493 95 37 böra
614 1493 123 37 under
766 1491 46 38 de
841 1492 152 47 villkor,
1018 1490 400 50 medicinalstyrelsen
1446 1489 198 50 uppställt,
1662 1488 41 38 af
1718 1486 142 48 Kungl.
1879 1486 110 50 Maj:t

386 1544 161 38 bifallas.
602 1544 82 37 Mot
711 1543 46 38 de
785 1543 304 45 bestämmelser,
1118 1555 82 24 som
1229 1542 60 36 för
1317 1541 105 37 bifall
1450 1541 59 36 till
1536 1538 337 48 framställningen
1889 1538 100 36 före-

386 1595 135 49 slagits
553 1595 42 37 af
619 1594 410 49 medicinalstyrelsen,
1059 1593 72 37 och
1154 1592 142 47 hvilka,
1321 1592 87 37 med
1438 1592 47 36 de
1514 1591 41 37 af
1578 1589 189 38 särskilda
1783 1588 206 38 förhållan-

386 1646 75 37 den
499 1646 206 48 betingade
746 1644 317 47 modifikationer,
1104 1643 326 49 hufvudsakligen
1455 1643 345 37 öfverensstämma
1827 1639 87 38 med
1943 1638 46 38 de

385 1697 140 37 villkor
563 1697 72 37 och
677 1696 303 48 bestämmelser,
1021 1708 82 24 som
1144 1694 134 38 fästats
1318 1694 65 37 vid
1410 1693 166 49 tidigare
1605 1690 299 50 medgifvanden
1931 1689 60 38 för

386 1748 103 37 vissa
516 1748 199 49 landsting
743 1752 55 32 att
825 1747 64 37 vid
913 1746 217 50 hospitalen
1158 1746 171 38 anordna
1356 1742 453 52 upptagningsanstalter
1833 1741 57 38 för
1913 1741 77 36 sin-

386 1799 195 49 nessjuka,
609 1799 69 37 har
704 1799 65 47 jag
796 1798 85 37 icke
909 1798 125 36 funnit
1060 1797 210 48 anledning
1297 1797 57 36 till
1382 1796 182 37 erinran.»

523 1849 53 38 På
602 1849 126 49 grund
756 1849 42 37 af
822 1849 101 37 hvad
953 1848 157 38 sålunda
1128 1847 145 38 anförts
1295 1846 230 39 hemställde
1547 1843 443 52 departementechefen,

387 1905 55 33 att
468 1900 142 49 Kungl.
635 1900 107 49 Maj:t
769 1903 117 34 måtte
904 1900 71 37 hos
994 1899 222 49 Riksdagen
1235 1904 94 44 göra
1349 1911 50 24 nu
1421 1895 254 40 förevarande
1693 1893 295 50 framställning.

523 2002 80 37 Mot
644 2002 102 37 hvad
786 2001 141 49 Kungl.
970 2001 107 49 Maj:t
1117 2001 11 37 i
1166 1999 252 39 förevarande
1446 1998 222 38 hänseende
1696 1995 202 50 föreslagit
1920 1995 69 37 har

387 2053 190 38 utskottet
604 2053 85 37 icke
718 2052 128 38 funnit
873 2052 209 50 anledning
1108 2052 57 36 till
1194 2064 124 25 annan
1348 2050 162 48 erinran,
1539 2054 48 33 än
1615 2053 54 33 att
1693 2048 75 37 den
1788 2046 41 38 af
1845 2045 142 49 Kungl.

386 2104 108 49 Maj:t
521 2104 225 48 ifrågasatta
774 2103 274 50 skyldigheten
1074 2103 60 37 för
1156 2102 221 49 Göteborgs
1397 2101 86 37 stad
1504 2106 52 32 att
1575 2100 162 38 bekosta
1755 2096 235 50 utvidgning

386 2155 43 37 af
466 2155 228 49 hospitalets
736 2155 277 49 ångpannehus
1056 2154 61 37 för
1154 2153 266 49 inrymmande
1462 2152 41 37 af
1532 2165 48 23 en
1607 2165 65 35 ny,
1696 2149 41 39 af
1761 2149 136 37 staden
1924 2161 66 23 an-

387 2206 147 38 skaffad
578 2209 204 47 ångpanna
823 2210 109 45 synts
964 2205 189 37 utskottet
1175 2204 145 50 jämväl
1351 2203 90 38 böra
1467 2202 187 38 innefatta
1679 2198 226 52 skyldighet
1932 2197 59 38 för

386 2257 136 38 staden
561 2262 55 32 att
652 2257 164 38 bekosta
844 2257 73 37 den
947 2269 75 37 nya
1051 2259 252 47 ångpannans
1331 2254 258 51 uppsättande
1617 2254 14 36 i
1659 2250 330 51 ångpannehuset.
