1920 2848
495 137 394 37 Jordbruksutskottets
917 134 186 33 utlåtande
1132 133 53 32 Nr
1212 131 51 30 92.
1566 126 19 31 3

126 222 252 37 ningshavare,
420 218 158 33 hörande
622 216 114 32 under
761 211 299 34 andra—åttonde
1083 212 93 30 samt
1200 208 119 33 tionde
1342 204 287 34 huvudtitlarna.

128 276 146 31 Samma
292 273 157 37 grunder
467 271 100 32 torde
583 269 89 31 böra
690 267 97 36 gälla
805 266 137 36 jämväl
961 265 12 30 i
992 265 105 34 fråga
1116 272 57 22 om
1190 260 358 35 befattningshavare
1565 266 65 22 un-

127 329 66 31 der
209 326 131 33 nionde
356 322 240 33 huvudtiteln.

170 378 72 33 Vid
287 375 245 35 beräkningen
578 381 46 22 av
670 370 44 33 de
740 370 96 31 olika
863 366 295 33 huvudtitlarnas
1183 363 128 36 anslag
1337 364 56 30 för
1419 360 212 37 budgetåret

131 429 174 37 1930/1931
336 429 67 30 har
437 422 390 40 departementschefen
858 421 121 34 utgått
1013 419 83 30 från
1128 426 44 22 en
1203 411 429 35 levnadskostnadsindex

131 492 46 21 av
200 483 12 31 i
233 479 168 32 medeltal
423 478 67 32 171.
531 475 207 35 Riksdagen
759 473 66 30 har
846 472 65 32 vid
932 467 391 39 anslagsberäkningen
1345 466 54 31 för
1420 464 213 36 budgetåret

133 532 173 37 1930/1931
327 531 132 31 räknat
482 528 80 32 med
584 538 44 21 en
651 524 223 32 medelindex
897 524 56 31 för
975 521 213 37 budgetåret
1212 517 171 36 1930/1931
1404 527 47 21 av
1475 515 67 32 165.
1564 514 71 31 En-

132 585 68 36 ligt
233 585 116 31 denna
378 578 339 37 beräkningsgrund
745 578 142 30 komma
918 574 240 32 kostnaderna
1188 572 57 31 för
1274 568 273 39 dyrtidstillägg
1577 566 57 31 för

134 635 358 35 befattningshavare
520 632 113 31 under
661 629 130 32 nionde
821 626 231 33 huvudtiteln
1081 626 54 30 att
1163 624 121 36 uppgå
1314 621 57 33 till
1399 620 128 36 960,000
1556 619 79 30 kro-

136 698 75 21 nor.
263 686 18 31 I
311 684 205 38 jämförelse
546 683 81 31 med
656 682 73 31 vad
757 679 134 36 Kungl.
923 677 110 36 Maj:t
1066 675 186 35 föreslagit
1284 672 149 33 innebär
1465 672 97 31 detta
1594 679 44 22 en

135 736 381 40 kostnadsminskning
535 745 46 21 av
602 734 128 35 140,000
750 733 141 30 kronor.

175 788 122 34 Under
322 787 223 37 åberopande
571 795 46 22 av
641 784 72 32 vad
738 783 152 32 sålunda
916 781 140 31 anförts
1081 777 207 33 hemställer
1312 776 183 34 utskottet,

576 883 54 30 att
653 879 194 36 riksdagen
869 878 59 30 må

576 930 34 38 a)
645 929 230 34 beträffande
918 926 368 36 befattningshavare,
1328 922 158 33 hörande
1526 920 114 32 under

539 984 130 31 nionde
688 981 240 36 huvudtiteln,
949 980 79 31 med
1047 978 106 32 bifall
1173 977 59 32 till
1251 974 133 37 Kungl.
1404 974 127 36 Maj:ts
1552 973 90 30 före-

541 1036 159 31 varande
726 1034 134 36 förslag
885 1033 66 31 och
972 1030 80 33 med
1073 1029 128 36 avslag
1224 1029 21 31 å
1269 1028 42 32 de
1334 1027 12 31 i
1370 1027 119 30 ämnet
1510 1024 134 31 väckta

538 1087 224 32 motionerna
781 1084 32 32 I:
828 1085 58 31 178
905 1084 65 32 och
988 1082 53 32 II:
1055 1082 69 36 215,
1152 1080 149 36 besluta,
1322 1080 53 30 att
1395 1076 166 38 gällande
1580 1075 63 31 all-

539 1142 135 28 männa
691 1137 156 38 grunder
866 1137 56 30 för
939 1133 274 38 dyrtidstillägg
1231 1133 37 30 åt
1285 1128 359 36 befattningshavare

542 1192 12 31 i
572 1193 135 30 statens
725 1190 112 36 tjänst
853 1187 101 32 skola
973 1184 226 33 fortfarande
1216 1186 69 33 äga
1300 1180 246 37 tillämpning;

581 1241 36 38 b)
642 1242 149 35 besluta,
823 1241 54 30 att
911 1236 274 39 dyrtidstillägg
1216 1236 38 31 åt
1284 1231 360 37 befattningshavare

544 1294 66 32 och
627 1291 231 38 pensionärer
875 1290 65 32 vid
957 1290 134 31 statens
1110 1287 169 32 domäner
1296 1285 66 32 och
1379 1286 134 31 statens
1530 1291 118 28 repro-

543 1343 306 34 duktionsanstalt
877 1343 87 31 eller
989 1341 63 32 vid
1078 1350 47 21 av
1152 1338 158 32 nämnda
1336 1337 89 31 verk
1452 1337 196 33 övertagna

546 1398 142 34 företag
728 1395 85 32 eller
841 1393 250 35 inrättningar
1125 1392 92 30 samt
1240 1388 273 38 dyrtidstillägg
1535 1387 37 31 åt
1592 1385 57 31 be-

548 1448 316 36 fattningshavare
888 1445 63 31 vid
977 1442 301 34 stuteriväsendet
1302 1440 100 33 skola
1424 1439 89 35 utgå
1536 1448 48 21 av
1608 1437 43 31 de

546 1499 124 37 medel,
694 1509 46 21 av
760 1497 101 32 vilka
883 1496 144 32 verkets
1050 1494 85 33 eller
1160 1492 269 33 institutionens
1451 1490 200 31 omkostna-

548 1552 63 31 der
634 1552 12 30 i
670 1550 119 36 övrigt
811 1548 191 35 bestridas;

588 1600 32 37 ce)
645 1602 58 31 till
724 1599 227 32 bestridande
971 1608 46 22 av
1039 1596 241 33 kostnaderna
1302 1594 57 32 för
1379 1591 275 39 dyrtidstillägg

549 1655 36 31 åt
607 1652 361 36 befattningshavare
989 1649 63 32 vid
1074 1649 43 31 de
1138 1648 59 32 till
1218 1645 434 37 jordbruksdepartemen-

549 1708 50 30 tet
623 1705 160 32 hörande
806 1702 225 32 ämbetsverk
1055 1701 65 31 och
1143 1699 108 32 kårer
1274 1697 127 32 anvisa
1426 1697 56 30 för
1506 1695 147 36 budget-

553 1759 78 30 året
671 1754 173 37 1930/1931
885 1756 50 30 ett
976 1755 103 30 extra
1120 1749 282 37 förslagsanslag
1442 1757 46 23 av
1527 1746 129 37 960,000

552 1810 142 31 kronor.

197 1906 206 33 Stockholm
421 1905 66 32 den
504 1904 38 31 20
558 1903 73 36 maj
652 1902 86 31 1930.

598 1997 53 31 På
675 1993 366 40 jordbruksutskottet
1063 1994 154 33 vägnar:

706 2089 37 33 C.
767 2088 33 32 J.
852 2083 262 36 JOHANSSON.

205 2278 53 25 Vid
278 2278 76 23 detta
372 2276 117 24 ärendes
509 2272 230 32 slutbehandling
757 2273 71 23 hava
847 2269 137 25 närvarit:

204 2327 62 27 från
285 2329 110 24 första
418 2328 177 23 kammaren:
624 2325 99 23 herrar
747 2323 168 28 Sederholm,
936 2320 67 30 Elof
1018 2321 30 23 B.
1067 2319 166 28 Andersson,
1252 2317 124 29 Linders,
1397 2316 183 25 Gabrielsson,
1602 2315 66 24 Carl

161 2375 31 23 E.
213 2373 142 28 Eriksson,
375 2378 52 16 von
449 2369 200 25 Stockenström
668 2367 52 24 och
744 2366 124 24 Granath
889 2366 74 22 samt

207 2422 62 27 från
297 2423 105 24 andra
430 2422 177 23 kammaren:
636 2420 98 23 herrar
759 2418 161 24 Johansson
948 2416 8 23 i
985 2414 167 32 Uppmälby,
1183 2413 92 29 Sköld,
1307 2411 168 30 Uddenberg,
1503 2410 166 24 Svensson
1651 2406 21 39 i

161 2468 137 28 Grönvik,
325 2466 115 25 Weibull
458 2465 51 23 och
530 2464 136 24 Pehrsson
686 2463 8 23 i
715 2462 170 29 Bramstorp.
