1878 2852
473 159 413 45 Konstitutionsutskottets
909 161 162 28 memorial
1093 162 47 28 Nr
1174 166 48 26 13.
1581 162 18 30 9

136 244 73 33 Den
229 247 18 30 5
266 246 72 37 juni
358 247 83 31 1931
462 245 103 33 beslöt
587 247 127 37 Kungl.
734 247 103 37 Maj:t
854 248 42 37 på
915 247 198 32 hemställan
1132 260 42 19 av
1193 248 244 38 föredragande
1456 249 53 32 t.f.
1528 249 70 32 che-

93 295 55 32 fen
171 296 53 32 för
246 295 485 41 ecklesiastikdepartementet,
755 298 179 32 statsrådet
958 298 196 38 Holmbäck,
1176 302 52 28 att
1250 299 100 32 ställa
1371 299 155 38 anslaget
1546 299 54 32 till

93 345 201 39 förfogande
311 358 42 20 av
370 346 172 32 Nordiska
559 351 141 29 museets
720 348 131 35 nämnd,
870 352 51 28 att
939 359 42 20 av
999 349 171 38 nämnden,
1189 352 68 28 mot
1275 349 323 39 redovisningsskyl-

93 397 117 38 dighet
223 397 92 32 inför
330 397 398 39 riksräkenskapsverket
743 403 86 28 samt
843 400 104 32 under
961 399 218 39 iakttagande
1195 412 43 21 av
1254 400 54 33 det
1322 404 81 28 utav
1420 400 177 38 riksdagen

92 447 197 38 uppställda
311 447 167 40 villkoret,
511 448 3 31 i
537 449 76 31 mån
637 460 42 21 av
703 449 105 31 behov
831 449 170 32 användas
1026 450 53 31 för
1102 450 54 32 det
1179 451 75 32 med
1278 450 154 37 anslaget
1455 450 142 33 avsedda

94 499 204 37 ändamålet;
325 499 59 32 och
410 499 109 32 skulle
544 512 67 20 som
637 500 199 38 ytterligare
860 501 125 32 villkor
1011 502 53 31 för
1087 501 170 40 anslagets
1284 502 198 38 åtnjutande
1506 502 89 39 gälla

95 549 69 33 dels
191 553 51 29 att
271 550 94 32 såväl
393 551 37 31 de
458 551 11 31 i
497 554 141 29 museets
666 551 108 38 tjänst
799 552 168 32 anställda
994 552 209 39 tjänstemän,
1232 552 92 33 vilka
1351 552 158 34 tillhörde
1537 553 59 32 den

93 611 109 28 grupp
222 600 343 40 befattningshavare,
587 614 68 20 som
677 602 173 38 uppehölle
872 606 143 29 museets
1035 603 213 33 verksamhet
1268 615 68 20 som
1358 604 238 32 museiinstitu-

94 650 79 40 tion,
196 663 69 20 som
289 651 60 32 ock
373 652 61 32 den
457 652 241 33 vaktmästare-
723 654 60 31 och
806 653 275 39 eldarepersonal,
1105 666 68 20 som
1199 654 222 38 tjänstgjorde
1444 655 12 31 i
1480 655 116 32 musei-

93 701 212 40 byggnaden,
327 714 42 20 av
391 708 124 27 museet
538 703 177 33 avlönades
738 704 87 32 efter
846 716 126 21 samma
995 705 153 38 grunder,
1172 716 69 21 som
1264 705 91 38 gälla
1379 706 54 31 för
1454 709 142 29 motsva-

94 753 98 32 rande
210 753 202 38 tjänstemän
429 753 57 32 vid
506 754 38 32 de
562 754 138 38 statliga
718 766 182 27 museerna,
920 755 69 32 dels
1008 758 50 29 att
1075 759 127 29 museet
1219 755 108 33 skulle
1344 768 84 21 vara
1444 756 152 38 skyldigt

92 803 203 34 underkasta
319 803 53 40 sig
394 804 61 32 den
478 804 208 39 granskning
708 805 77 32 från
809 805 197 39 riksdagens
1029 807 177 32 revisorers
1231 806 70 33 sida
1328 806 139 32 rörande
1489 808 106 31 ansla-

93 858 73 34 gets
186 854 225 39 användning,
435 866 68 21 som
526 855 127 39 Kungl.
675 856 103 37 Maj:t
797 856 109 33 kunde
927 856 131 33 komma
1080 860 50 29 att
1152 856 197 39 föreskriva,
1373 858 69 32 dels
1465 858 60 32 ock
1547 861 50 29 att

91 905 168 34 Nordiska
277 910 127 28 museet
422 906 73 32 icke
514 907 192 38 utnyttjade
727 907 61 32 den
809 911 68 29 rätt
895 908 54 32 till
969 908 123 32 allmän
1112 907 319 40 spritutskänkning
1450 909 21 31 å
1492 908 103 32 Skan-

92 967 66 27 sen,
190 956 114 33 vilken
336 960 126 29 museet
495 957 134 33 erhållit
661 969 116 26 genom
812 957 240 39 Aktiebolaget
1075 958 390 39 Stockholmssystemets
1488 959 108 32 beslut

92 1006 59 33 den
178 1008 41 31 26
245 1007 185 39 september
455 1008 95 31 1930.

133 1057 68 32 Vid
225 1057 211 38 granskning
460 1070 41 19 av
525 1057 244 38 handlingarna
793 1058 11 31 i
828 1057 99 33 akten
951 1058 60 32 har
1034 1058 164 33 utskottet
1220 1058 73 33 icke
1316 1059 130 32 kunnat
1468 1063 128 34 utröna,

92 1110 61 37 att,
169 1109 109 31 såsom
294 1109 179 31 förutsatts
496 1109 3 31 i
516 1108 126 38 Kungl.
659 1108 119 38 Maj:ts
794 1108 119 39 beslut,
929 1109 109 37 någon
1056 1113 67 28 rätt
1138 1109 54 32 till
1208 1108 124 33 allmän
1348 1109 247 38 spritutskänk-

90 1158 81 38 ning
188 1159 20 32 å
225 1158 151 33 Skansen
394 1158 156 38 beviljats
568 1159 171 32 Nordiska
756 1162 135 30 museet.
1614 1158 3 4 |

132 1208 162 33 Däremot
310 1209 62 32 har
389 1208 164 33 utskottet
571 1210 86 31 efter
672 1209 249 39 undersökning
939 1222 43 20 av
999 1210 196 33 hithörande
1212 1211 202 37 handlingar
1431 1211 59 32 hos
1509 1216 86 27 över-

88 1259 326 33 ståthållarämbetet
432 1259 166 33 inhämtat
619 1260 162 38 följande:
803 1259 107 34 Sedan
930 1260 404 34 överståthållarämbetet
1353 1273 116 26 genom
1489 1261 108 33 beslut

89 1310 61 32 den
176 1311 20 31 4
223 1310 63 38 juli
315 1311 95 37 1930,
436 1310 108 32 vilket
571 1311 185 32 sedermera
781 1311 119 32 vunnit
927 1312 80 37 laga
1032 1311 105 40 kraft,
1164 1312 166 32 meddelat
1357 1312 239 38 Aktiebolaget

89 1359 374 40 Stockholmssystemet
478 1361 152 32 tillstånd
647 1364 51 29 att
713 1362 103 31 under
831 1362 78 32 åren
926 1363 84 31 1931
1028 1362 59 32 och
1104 1363 83 31 1932
1204 1363 88 31 inom
1310 1362 192 33 Stockholm
1517 1363 80 32 idka

88 1410 226 38 detaljhandel
337 1412 74 32 med
436 1412 201 37 rusdrycker
659 1412 60 32 och
743 1413 10 31 i
777 1412 119 33 sådant
920 1412 159 32 avseende
1103 1413 149 32 anordna
1276 1414 62 31 100
1363 1413 233 38 försäljnings-

87 1460 128 33 lokaler
233 1461 54 32 för
304 1461 233 38 utskänkning
554 1474 42 20 av
614 1462 231 38 spritdrycker
862 1463 59 31 och
938 1463 57 31 vin
1014 1463 59 32 och
1093 1464 61 31 100
1174 1463 352 38 försäljningslokaler
1544 1464 52 32 för

89 1511 232 38 utskänkning
356 1523 43 20 av
436 1512 66 40 vin,
541 1512 175 32 däribland
753 1512 92 32 vissa
868 1512 129 32 lokaler
1020 1513 20 31 å
1066 1512 160 40 Skansen,
1252 1513 85 33 hade
1363 1514 133 38 bolaget
1521 1515 12 31 i
1557 1526 37 20 en

89 1562 54 32 till
165 1563 405 33 överståthållarämbetet
592 1564 134 39 ingiven
747 1564 103 32 skrift
872 1565 72 32 med
965 1565 158 32 anhållan
1146 1577 51 20 om
1221 1565 222 33 fastställelse
1465 1567 19 30 å
1506 1571 87 27 över-

90 1612 139 33 låtelsen
250 1613 137 39 anmält,
409 1617 52 29 att
479 1614 134 38 bolaget
633 1626 116 27 genom
771 1618 47 30 ett
839 1615 55 32 vid
917 1615 144 32 skriften
1083 1616 97 38 fogat
1199 1616 159 32 kontrakt
1379 1616 157 33 överlåtit
1556 1628 38 20 en

90 1676 42 20 av
160 1665 39 31 de
227 1665 141 32 sålunda
395 1665 179 38 medgivna
601 1666 244 37 rättigheterna
870 1666 54 32 till
951 1666 229 38 utskänkning
1207 1679 43 19 av
1275 1666 55 32 vin
1360 1667 19 31 å
1407 1667 185 32 direktören

91 1714 78 33 Carl
193 1715 116 32 Brolin
333 1719 51 29 att
408 1715 211 33 fortfarande
644 1716 77 32 från
746 1717 59 31 och
829 1717 73 31 med
926 1717 60 32 den
1011 1718 16 30 1
1053 1717 131 37 januari
1208 1717 54 32 till
1287 1718 58 32 och
1369 1718 73 31 med
1468 1719 60 31 den
1553 1718 38 31 31

90 1765 170 33 december
282 1767 82 31 1931
387 1770 118 28 utövas
527 1767 10 31 i
559 1768 37 31 de
617 1767 87 31 inom
729 1766 150 34 Skansen
899 1767 144 38 belägna
1063 1767 243 38 fastigheterna
1329 1768 90 38 Hög-
1442 1769 60 31 och
1523 1768 70 38 Ny-

89 1815 116 40 loften,
230 1816 212 39 Idunhallen,
466 1816 216 33 Breidablick
705 1818 61 31 och
789 1817 222 38 Bragehallen
1035 1818 101 38 jämte
1160 1819 19 31 å
1205 1819 38 31 de
1269 1819 53 31 för
1345 1819 171 39 servering
1539 1831 53 19 av-

90 1867 98 32 sedda
214 1867 171 38 platserna
408 1867 12 31 i
444 1868 143 31 nämnda
612 1867 144 33 lokalers
783 1868 207 32 omedelbara
1016 1869 118 31 närhet
1159 1872 87 29 samt
1276 1867 277 41 (undantagsvis)
1584 1870 9 30 i

88 1916 264 33 Balderslunden
374 1918 60 31 och
456 1919 20 30 å
496 1918 128 45 planen
637 1918 139 31 utanför
797 1918 273 38 Bollnässtugan.
1115 1918 125 33 Genom
1263 1919 108 32 beslut
1395 1919 59 32 den
1478 1921 39 30 31
1542 1920 50 31 de-

88 1968 129 32 cember
245 1969 85 31 1930
357 1967 175 38 godkände
560 1968 404 32 överståthållarämbetet
991 1969 58 32 den
1077 1968 261 39 ifrågavarande
1366 1970 226 32 överlåtelsen.

131 2018 224 32 Beträffande
372 2019 72 30 åter
461 2017 229 38 utskänkning
709 2030 41 20 av
769 2018 231 38 spritdrycker
1016 2019 61 31 har
1095 2022 107 28 rätten
1221 2019 126 37 härtill,
1367 2031 67 21 som
1454 2020 37 31 år
1511 2021 82 31 1930

88 2081 42 20 av
155 2068 373 38 Stockholmssystemet
552 2068 171 32 överlåtits
749 2069 20 30 å
793 2069 227 31 ovannämnde
1046 2068 77 32 Carl
1149 2068 117 32 Brolin
1290 2070 104 31 under
1419 2070 89 31 tiden
1534 2071 59 31 den

89 2119 38 31 21
153 2119 155 37 maj-—15
333 2118 82 41 juni,
440 2119 61 32 den
527 2120 106 31 9—16
657 2120 59 31 och
742 2120 126 31 28—31
895 2120 136 37 augusti
1054 2125 86 27 samt
1163 2121 84 31 2—7
1274 2121 192 38 september,
1491 2121 102 31 under

88 2170 38 31 år
148 2172 83 30 1931
255 2170 72 31 icke
348 2169 99 32 blivit
470 2182 40 19 av
535 2169 374 37 Stockholmssystemet
930 2170 177 37 överlåten,
1132 2170 41 31 då
1196 2170 11 31 i
1231 2170 37 32 så
1291 2170 62 32 fall
1377 2171 214 31 överlåtelsen

88 2219 106 38 enligt
215 2220 57 38 lag
293 2220 104 31 måste
420 2220 193 37 godkännas
637 2232 40 19 av
700 2220 411 37 överståthållarämbetet,
1134 2220 107 32 vilket
1263 2221 73 31 icke
1359 2221 97 37 skett,
1480 2225 79 27 utan
1583 2222 9 30 i

88 2270 60 31 den
166 2271 75 30 mån
261 2270 60 31 den
340 2274 59 33 ägt
417 2282 71 19 rum
507 2270 273 32 omhänderhafts
799 2283 40 19 av
859 2269 384 39 Stockholmssystemet.
1272 2271 65 31 För
1356 2271 119 32 sådant
1494 2272 97 31 ända-

88 2320 66 31 mål
178 2320 86 31 hava
289 2320 99 31 bland
413 2320 39 31 de
476 2320 137 36 lokaler,
638 2321 72 30 vari
736 2321 132 36 bolaget
890 2321 136 37 jämlikt
1049 2321 421 32 överståthållarämbetets
1495 2334 95 19 ovan-

88 2370 142 32 nämnda
252 2370 177 31 resolution
451 2371 59 31 den
529 2371 19 29 4
567 2370 62 37 juli
651 2371 84 30 1930
756 2370 176 37 medgivits
955 2370 159 38 rättighet
1133 2375 52 27 att
1204 2371 103 31 under
1327 2372 78 30 åren
1429 2372 82 30 1931
1533 2371 58 31 och

89 2421 83 31 1932
197 2419 79 33 idka
302 2420 224 37 detaljhandel
551 2421 72 31 med
647 2420 202 38 rusdrycker
871 2421 125 37 jämväl
1020 2421 174 37 upptagits
1221 2420 149 32 Skansen
1400 2420 108 38 (Hög-
1533 2421 58 31 och

87 2469 198 40 Nyloften),
309 2470 164 37 varjämte
497 2470 94 32 dessa
616 2470 127 32 lokaler
767 2471 8 30 i
800 2470 210 38 vederbörlig
1033 2471 140 37 ordning
1197 2471 180 36 undergått
1401 2471 190 38 besiktning

87 2522 59 31 och
167 2522 53 30 för
240 2520 189 32 ändamålet
449 2520 176 37 godkänts.
