1920 2792
451 146 393 31 Jordbruksutskottets
868 146 180 30 utlåtande
1070 156 43 20 nr
1137 147 39 29 18
1197 146 42 30 år
1263 146 84 30 1960
1611 145 42 31 27

149 232 61 29 ter.
233 232 13 29 I
268 230 236 40 föreliggande
525 230 217 40 proposition
764 230 75 35 har,
861 240 74 20 som
958 230 147 39 tidigare
1124 231 152 34 nämnts,
1300 229 197 40 föreslagits
1517 232 50 27 att
1588 239 57 20 an-

151 281 108 40 slaget
285 282 88 29 skall
398 281 102 39 höjas
526 281 79 30 med
628 281 63 30 300
706 281 63 31 000
795 281 129 29 kronor
950 281 53 29 till
1028 282 19 29 2
1063 280 61 31 000
1140 280 61 31 000
1227 281 130 29 kronor
1381 289 106 20 varav
1512 279 135 31 hälften

152 332 87 30 skall
267 332 82 39 utgå
372 332 51 30 till
449 332 166 30 ändamål
639 340 75 21 som
739 331 126 30 hittills
891 332 103 29 stötts
1019 331 79 30 med
1125 331 110 29 medel
1261 339 43 20 ur
1328 330 166 40 anslaget,
1521 330 126 29 medan

151 382 66 30 den
237 383 112 29 andra
370 382 134 30 hälften
526 381 90 30 skall
638 391 99 21 avses
760 381 55 30 för
838 381 76 30 stöd
936 381 53 30 till
1012 381 155 39 skogliga
1189 380 161 40 åtgärder
1371 381 95 29 inom
1490 380 158 30 kustom-

151 432 130 31 rådena
305 433 65 29 och
392 432 220 39 jämförbara
635 431 131 40 bygder
789 431 11 30 i
824 431 40 30 de
888 431 79 40 fyra
992 430 212 40 nordligaste
1228 431 114 30 länen.

194 484 14 29 I
236 483 219 30 motionerna
482 483 110 30 1:549
619 483 64 29 och
710 482 47 30 II:
773 482 74 34 679,
874 482 28 30 1:
921 482 60 30 555
1010 482 66 29 och
1103 482 44 30 II:
1165 482 60 30 675
1255 482 162 29 ävensom
1447 481 28 30 1:
1493 481 63 30 556
1583 480 65 30 och

151 532 44 31 II:
212 534 61 30 681
296 534 64 29 har
379 533 43 40 på
441 532 151 31 anförda
612 533 75 30 skäl
707 532 149 31 hävdats
877 534 49 28 att
945 531 206 31 oförändrat
1173 533 14 29 1
1205 531 62 30 700
1282 531 63 31 000
1363 531 131 29 kronor
1514 531 62 29 bör
1596 532 53 28 ut-

148 584 42 40 gå
208 584 52 30 till
280 584 373 40 skogsvårdsåtgärder
671 583 10 30 i
700 583 282 39 lappmarkerna.
1003 583 13 28 I
1035 583 41 29 de
1096 582 56 30 två
1171 582 245 30 förstnämnda
1435 581 214 39 motionspa-

151 642 61 22 ren
231 634 65 30 har
316 633 178 31 dessutom
514 633 175 30 förordats
709 635 52 28 att
781 632 55 30 för
853 632 247 30 motsvarande
1119 632 162 39 åtgärder
1300 632 95 30 inom
1414 631 120 40 övriga
1554 631 94 29 delar

151 692 42 22 av
231 683 137 31 landets
406 683 77 41 fyra
520 682 213 40 nordligaste
772 683 59 30 län
868 682 88 30 skall
985 682 83 39 utgå
1097 682 93 30 1000
1206 682 62 30 000
1296 682 129 29 kronor
1453 681 195 40 respektive

153 734 14 29 1
184 734 63 30 800
262 734 64 31 000
346 734 139 30 kronor.
506 733 127 30 Vidare
653 733 65 30 har
738 733 11 29 i
770 732 220 30 motionerna
1010 733 29 29 1:
1056 732 61 31 547
1138 733 64 29 och
1223 732 46 31 II:
1285 732 62 30 685
1369 731 208 40 föreslagits,
1598 732 49 28 att

152 784 266 39 ifrågavarande
438 784 122 39 anslag
580 784 10 29 i
609 783 52 31 sin
682 783 119 30 helhet
820 783 87 30 skall
926 782 104 40 höjas
1050 782 52 29 till
1122 783 17 29 5
1155 782 62 30 000
1232 782 63 30 000
1314 782 130 29 kronor
1464 783 51 28 att
1535 780 113 41 dispo-

152 843 101 22 neras
278 835 107 39 enligt
410 834 134 30 sådana
568 833 152 41 grunder
744 835 52 28 att
820 833 111 30 stödet
956 833 11 29 i
992 832 111 30 första
1127 832 94 30 hand
1247 832 65 29 och
1336 831 52 30 till
1413 831 235 39 huvudsaklig

152 884 53 31 del
225 885 160 30 kommer
402 884 161 30 enskilda
582 884 126 39 skogar
726 884 97 29 inom
843 882 264 31 Västerbottens
1126 883 63 29 och
1209 883 228 29 Norrbottens
1457 881 77 30 läns
1554 882 95 39 lapp-

151 934 141 31 marker
315 937 90 28 samt
425 935 94 30 vissa
542 933 262 40 skyddsskogar
826 933 94 29 inom
941 932 200 30 Jämtlands
1162 932 59 30 län
1243 932 51 30 till
1317 932 96 39 godo.

196 985 177 30 Utskottet
402 984 95 31 delar
526 985 67 29 den
622 984 94 30 såväl
744 984 11 30 i
784 983 263 41 propositionen
1076 992 74 20 som
1178 983 11 29 i
1218 982 170 40 samtliga,
1419 981 230 31 förevarande

151 1036 102 30 ämne
277 1035 191 31 berörande
494 1035 172 29 motioner
691 1034 196 30 framförda
911 1033 274 40 uppfattningen
1210 1035 50 28 att
1286 1032 57 30 det
1367 1034 37 28 är
1429 1041 43 21 av
1496 1034 152 27 utomor-

153 1086 131 40 dentlig
311 1086 174 39 betydelse
513 1087 51 28 att
591 1084 187 30 kraftfulla
806 1084 160 39 åtgärder
993 1084 155 39 vidtages
1176 1083 54 30 för
1258 1085 50 27 att
1335 1082 276 39 skogsnäringen
1638 1081 11 29 i

151 1136 175 30 Norrland
347 1136 88 30 skall
456 1135 180 31 utvecklas
656 1136 10 29 i
689 1135 111 30 snabb
821 1135 84 29 takt.
926 1135 53 29 En
999 1133 211 40 förbättring
1230 1142 42 21 av
1292 1132 236 40 skogsvården
1550 1133 37 29 är
1608 1140 38 21 av

152 1186 83 30 vital
255 1186 174 40 betydelse
448 1186 56 31 för
523 1188 51 28 att
592 1186 45 40 på
656 1185 120 39 längre
797 1185 69 30 sikt
884 1184 103 40 vidga
1007 1183 322 40 skogsindustriens
1349 1182 202 30 råvarubas.
1571 1182 76 29 Men

153 1237 86 29 även
259 1237 45 40 på
322 1237 78 30 kort
420 1237 69 30 sikt
509 1237 73 29 kan
600 1235 196 40 betydande
815 1234 131 30 vinster
965 1235 11 29 i
996 1234 100 39 fråga
1115 1243 55 20 om
1190 1233 93 31 ökad
1302 1232 215 41 produktion
1535 1231 114 31 åstad-

153 1286 161 32 kommas
336 1294 122 32 genom
479 1295 43 21 en
545 1285 245 31 intensifierad
812 1285 199 39 utbyggnad
1035 1284 65 30 och
1122 1283 210 40 förbättring
1354 1292 40 20 av
1417 1283 232 39 skogsvägnä-

154 1338 57 30 tet.
238 1338 67 29 Det
332 1336 166 31 framstår
525 1336 55 30 för
607 1336 171 30 utskottet
806 1344 74 21 som
909 1335 196 40 uppenbart
1131 1336 50 28 att
1208 1334 68 29 den
1302 1334 128 37 största
1457 1333 67 29 och
1549 1332 101 30 snab-

150 1388 97 30 baste
270 1387 336 40 skogsekonomiska
626 1386 157 30 effekten
806 1386 62 29 nås
889 1395 56 20 om
966 1386 113 29 ökade
1100 1393 156 21 resurser
1278 1393 48 20 nu
1349 1383 97 30 ställs
1468 1383 53 29 till
1544 1382 106 30 förfo-

151 1439 111 39 gande
282 1438 54 30 för
354 1438 229 38 erforderliga
600 1437 162 38 åtgärder
780 1436 95 29 inom
894 1436 42 29 de
955 1435 168 30 områden
1143 1444 41 20 av
1203 1434 148 29 berörda
1369 1433 57 29 län
1449 1442 75 20 som
1544 1432 107 39 ligger

151 1488 144 30 utanför
317 1488 282 39 lappmarkerna.
622 1486 178 30 Utskottet
823 1485 115 30 finner
961 1486 58 29 det
1044 1485 132 30 således
1200 1483 178 40 angeläget
1402 1485 51 28 att
1477 1482 174 30 särskilda

150 1539 113 29 medel
285 1538 138 30 anvisas
444 1538 55 29 för
521 1539 51 28 att
592 1536 131 39 främja
743 1536 42 29 de
808 1536 154 39 skogliga
983 1534 248 41 produktions-
1252 1534 65 29 och
1339 1532 311 40 transportförhål-

152 1589 152 29 landena
325 1588 128 39 jämväl
476 1588 96 29 inom
595 1587 100 29 dessa
718 1586 178 29 områden.
919 1586 49 29 På
990 1587 116 28 denna
1128 1585 112 39 grund
1263 1583 193 40 tillstyrker
1479 1583 171 30 utskottet

153 1639 126 39 Kungl.
295 1638 123 39 Maj:ts
434 1638 142 38 förslag,
594 1639 48 28 att
692 1636 64 30 1000
771 1635 63 30 000
851 1636 129 29 kronor
997 1646 42 20 av
1056 1635 228 30 förevarande
1302 1634 119 39 anslag
1438 1633 140 30 avdelas
1596 1633 54 29 för

153 1689 107 39 sagda
277 1688 172 34 ändamål,
466 1697 81 21 men
566 1686 181 39 avstyrker
764 1686 58 30 det
839 1687 9 29 i
866 1686 220 30 motionerna
1104 1686 27 29 1:
1148 1685 62 29 555
1227 1685 66 29 och
1312 1684 44 30 II:
1372 1684 63 30 675
1453 1683 197 30 framförda

151 1739 121 29 kravet
297 1738 44 40 på
365 1738 199 40 ytterligare
588 1736 319 39 medelsanvisning
931 1736 133 29 härför.
1090 1735 73 30 Vad
1189 1735 125 39 Kungl.
1341 1734 104 39 Maj:t
1471 1734 178 38 föreslagit

153 1786 223 31 beträffande
398 1786 253 41 dispositionen
675 1795 43 21 av
742 1785 102 30 dessa
868 1785 111 30 medel
1006 1788 91 28 samt
1121 1785 159 39 reglerna
1303 1785 63 29 och
1391 1784 180 29 formerna
1595 1783 55 30 för

153 1837 328 40 bidragsgivningen
503 1837 52 30 till
578 1836 40 30 de
640 1846 68 29 nya
731 1835 392 40 skogsvårdsföretagen
1144 1835 96 29 inom
1261 1834 202 31 kustlandet
1486 1834 65 29 och
1573 1833 77 30 där-

154 1889 79 28 med
260 1886 218 40 jämförbara
506 1886 166 31 områden
700 1886 11 29 i
739 1886 42 29 de
810 1885 77 40 fyra
914 1886 214 38 nordligaste
1155 1885 103 29 länen
1286 1884 152 30 biträder
1468 1884 181 29 utskottet.

154 1938 102 29 Detta
279 1937 142 39 betyder
442 1937 107 30 bland
573 1938 116 33 annat,
713 1938 50 27 att
787 1936 170 29 utskottet
980 1935 182 39 avstyrker
1184 1934 57 30 det
1263 1934 11 30 i
1298 1935 219 29 motionerna
1541 1934 28 29 1:
1586 1932 63 31 554

152 1989 63 29 och
235 1988 44 29 II:
296 1988 62 29 687
378 1989 122 38 gjorda
516 1987 182 40 yrkandet,
718 1988 50 28 att
786 1986 136 29 medlen
940 1986 10 29 i
969 1986 99 38 fråga
1087 1986 84 28 även
1190 1985 88 30 skall
1299 1985 35 29 få
1351 1987 96 36 tagas
1466 1983 10 29 i
1495 1983 154 39 anspråk

154 2040 54 29 för
223 2039 284 39 bidragsgivning
524 2039 96 28 inom
636 2036 218 39 jämförbara
872 2036 167 29 områden
1056 2036 11 28 i
1084 2035 208 39 Gävleborgs
1308 2035 67 30 län.

198 2088 74 29 Vad
313 2087 106 38 angår
457 2087 114 31 stödet
610 2086 34 30 åt
683 2085 367 39 skogsproduktionen
1080 2085 93 29 inom
1202 2085 271 39 lappmarkerna
1503 2083 146 30 innebär

154 2137 125 39 Kungl.
305 2136 122 39 Maj:ls
452 2137 131 38 förslag
607 2145 42 19 en
672 2135 234 39 begränsning
931 2145 42 20 av
998 2135 66 29 den
1089 2134 278 29 hittillsvarande
1393 2132 256 40 anslagsanvis-

156 2188 137 38 ningen.
317 2187 181 40 Samtidigt
520 2187 64 28 har
607 2185 87 29 dock
716 2187 49 27 ett
788 2185 179 29 uttalande
990 2186 9 28 i
1022 2184 262 40 propositionen
1308 2184 109 38 gjorts
1439 2192 57 19 om
1521 2185 48 27 att
1593 2182 55 29 det

157 2236 177 31 förefaller
363 2238 114 39 troligt
507 2238 50 29 att
586 2234 327 39 beredskapsmedel
941 2234 112 29 under
1084 2235 98 28 nästa
1213 2233 168 38 budgetår
1410 2233 160 28 kommer
1599 2233 49 27 alt

156 2287 120 29 ställas
298 2286 49 29 till
369 2286 205 41 förfogande
595 2285 53 29 för
669 2286 49 27 att
740 2284 117 38 stödja
877 2282 288 40 genomförandet
1186 2292 41 19 av
1248 2282 93 29 olika
1361 2281 161 41 åtgärder
1543 2281 104 39 enligt

155 2337 209 40 upprältade
391 2335 332 41 skogsvårdsplaner
751 2333 94 29 inom
873 2334 106 29 redan
1007 2333 137 29 bildade
1172 2331 389 39 skogsvårdsområden.
1589 2330 60 30 Be-

153 2388 101 29 hovet
281 2396 42 19 av
348 2386 163 32 fortsatta
537 2384 160 41 åtgärder
723 2383 97 30 inom
847 2381 401 41 skogsvårdsområdena
1276 2382 10 29 i
1313 2381 270 40 lappmarkerna
1611 2382 38 28 är

153 2436 192 30 emellertid
364 2437 135 38 mycket
521 2438 85 28 storl
627 2434 113 30 såsom
763 2433 153 37 framgår
936 2433 94 29 såväl
1052 2442 40 20 av
1112 2432 259 38 propositionen
1393 2440 73 21 som
1488 2441 41 19 av
1549 2431 9 29 i
1580 2432 69 27 äm-
