1906 2848
329 172 103 28 Andra
457 173 185 30 kammarens
664 177 119 26 andra
807 176 155 35 tillfälliga
985 177 124 30 utskotts
1130 178 152 30 utlåtande
1304 177 45 31 Nr
1371 182 28 33 1.
1587 164 30 47 3

118 245 100 32 kerna
241 245 52 32 för
314 239 164 46 myrhöets
500 246 210 41 inbärgande.
734 251 51 32 En
809 264 42 20 av
875 252 37 32 de
936 254 117 31 största
1076 253 153 38 frågorna
1252 253 106 34 skulle
1380 245 111 44 vidare
1505 252 100 43 bliva

120 297 52 32 det
190 299 144 38 ständigt
353 301 260 33 återkommande
633 304 190 37 spörsmålet
840 316 50 21 om
910 306 150 37 åtgärder
1080 306 52 32 för
1150 306 188 40 minskning
1357 319 40 21 av
1415 304 192 44 renantalet:.

160 349 201 36 Motionären
381 348 59 38 har
461 355 224 33 understrukit
706 357 187 38 betydelsen
914 370 40 21 av
975 359 60 32 den
1055 358 209 35 ekonomiska
1284 359 229 47 samhörighet,
1535 372 66 22 som

119 401 197 37 förefunnits
342 406 68 33 före
433 407 201 34 tillkomsten
660 420 39 21 av
727 411 83 31 1917
835 411 52 33 års
912 411 213 40 lagstiftning
1146 412 12 32 i
1182 416 116 35 ämnet,
1324 412 119 34 mellan
1467 412 60 34 den
1551 415 55 33 bo-

119 457 88 33 fasta
223 458 232 40 befolkningen
474 460 57 33 och
551 461 38 32 de
607 463 263 33 nomadiserande
889 464 159 39 lapparna
1065 477 113 27 genom
1197 466 37 32 de
1252 479 25 20 s.
1296 466 33 33 k.
1347 467 254 39 skötesrenarna,

116 510 57 33 och
199 512 50 31 för
271 511 49 33 sin
346 513 50 33 del
421 518 113 34 ansett,
559 518 48 29 att
629 527 38 20 en
691 516 199 40 utvidgning
912 530 41 20 av
975 518 37 33 de
1036 518 211 33 renskötande
1271 520 174 39 lapparnas
1470 532 131 22 numera

116 567 127 36 strängt
262 562 193 37 inskränkta
476 570 65 30 rätt
560 572 50 28 att
628 568 11 31 i
658 568 49 32 sin
728 569 79 33 vård
827 573 164 36 emottaga
1009 572 202 32 skötesrenar
1228 585 41 21 av
1290 572 38 34 de
1346 573 131 34 bofasta
1495 573 106 41 skulle

117 628 79 22 vara
213 622 47 29 ett
276 618 156 39 beprövat
450 620 101 33 medel
571 621 52 32 till
644 622 130 33 fortsatt
792 622 218 35 samförstånd
1029 625 119 32 mellan
1168 626 92 33 dessa
1277 625 85 35 båda
1380 626 221 41 befolknings-

114 663 152 50 grupper.
1552 679 2 2 |

160 732 217 34 Beträffande
393 734 115 39 frågan
523 748 51 19 om
590 739 103 29 rätten
710 738 50 31 för
775 738 59 32 den
850 738 129 33 bofasta
994 739 232 40 befolkningen
1242 745 48 30 att
1305 740 163 35 innehava
1482 742 120 33 skötes-

115 796 92 22 renar
230 785 60 33 har
313 784 213 36 Norrbottens
550 788 72 33 läns
645 787 394 43 hushållningssällskaps
1063 791 346 41 förvaltningsutskott
1433 795 11 31 i
1468 795 59 34 sitt
1547 795 53 33 till

106 838 166 34 utskottet
294 839 143 39 avgivna
458 840 168 34 utlåtande
647 847 79 28 även
749 843 183 34 framhållit
955 845 69 33 dess
1046 845 164 40 betydelse
1234 847 51 32 för
1307 847 165 39 skapande
1493 861 39 20 av
1553 847 48 33 in-

114 893 296 39 tressegemenskap
433 892 116 34 mellan
572 893 212 36 renskötande
804 897 118 39 lappar
940 898 56 32 och
1017 898 130 34 bofasta
1166 898 57 34 och
1246 900 111 34 funnit
1376 900 54 33 det
1448 914 80 21 vara
1546 902 54 39 på-

113 945 129 39 tagligt,
262 949 49 29 att
327 945 279 41 inskränkningen
626 960 40 21 av
684 949 37 33 de
740 948 146 35 bofastas
906 952 145 32 renantal
1070 950 52 34 till
1140 952 112 34 endast
1271 953 43 33 20
1332 955 136 38 stycken
1485 967 114 27 genom

113 997 200 34 tillkomsten
339 1010 42 21 av
406 999 82 33 1917
513 1002 53 32 års
593 1001 198 41 författning
816 1002 133 35 berövat
973 1004 70 33 dem
1068 1017 38 20 en
1130 1005 108 40 viktig
1263 1005 162 41 binäring.
1452 1006 147 35 Förvalt-

115 1050 254 39 ningsutskottet
388 1051 59 34 har
466 1053 144 33 däremot
626 1055 31 38 ej
677 1059 105 29 ansett
803 1057 51 38 sig
872 1058 112 38 kunna
1003 1058 143 38 bedöma,
1167 1071 50 22 om
1238 1059 105 34 denna
1360 1059 242 41 inskränkning

114 1104 85 33 varit
218 1104 172 40 rättmätig
406 1105 57 33 och
482 1107 153 39 lämpligt
653 1108 137 39 avvägd.
809 1109 250 39 Länsstyrelsen
1078 1112 11 32 i
1106 1108 213 37 Norrbottens
1336 1112 55 34 län
1408 1114 60 32 har
1485 1117 114 36 ansett,

114 1161 48 29 att
179 1157 300 41 skötesrensfrågan
496 1160 71 32 icke
585 1166 36 26 är
637 1173 39 20 av
693 1162 183 38 avgörande
893 1163 165 39 betydelse
1077 1164 50 32 för
1142 1165 230 39 återställande
1390 1180 40 20 av
1449 1166 53 34 det
1516 1167 83 40 goda

115 1208 219 36 förhållandet
357 1211 116 33 mellan
497 1212 37 33 de
556 1212 131 35 bofasta
708 1215 57 32 och
787 1216 39 32 de
848 1214 263 37 nomadiserande
1133 1218 167 39 lapparna,
1324 1218 105 35 vilket
1450 1218 152 35 sistlidna

114 1264 35 30 år
172 1265 42 37 på
237 1265 106 37 grund
369 1278 40 19 av
433 1266 231 33 samverkande
689 1265 56 35 och
771 1280 237 27 ogynnsamma
1030 1269 273 41 omständigheter
1328 1271 144 35 rubbats.
1497 1271 103 36 TFäns-

115 1317 162 37 styrelsen
291 1318 61 32 har
369 1318 110 34 vidare
498 1320 193 39 framhållit,
710 1325 48 29 att
775 1321 60 33 den
854 1322 71 33 icke
942 1327 76 35 tror,
1034 1328 51 28 att
1103 1325 59 33 den
1180 1325 164 39 bitterhet,
1363 1338 66 21 som
1448 1327 73 33 från
1540 1328 60 32 den

114 1369 129 34 bofasta
264 1369 249 41 befolkningens
536 1372 72 34 sida
629 1385 44 21 nu
696 1374 178 35 förefinnes
896 1379 163 35 gentemot
1080 1378 38 32 de
1140 1378 212 34 renskötande
1374 1380 168 40 lapparna,
1566 1386 37 27 är

117 1421 35 33 så
168 1421 89 41 djup,
276 1427 48 29 att
341 1422 59 34 den
417 1424 137 34 behöver
570 1426 130 33 befaras
716 1428 91 32 bliva
822 1428 180 39 bestående,
1020 1430 58 32 och
1095 1434 50 30 att
1159 1431 59 32 den
1235 1432 367 40 överhuvudtaget
1532 1417 75 59 icke

115 1480 35 26 är
173 1476 143 38 benägen
341 1476 142 34 tillmäta
506 1478 214 35 händelserna
742 1480 154 34 sistlidna
915 1482 116 38 vinter,
1055 1495 66 21 som
1145 1484 86 33 varit
1254 1486 67 32 den
1338 1484 12 32 i
1362 1486 239 37 mannaminne

116 1533 284 34 ogynnsammaste
421 1530 50 33 för
492 1532 91 32 såväl
604 1532 37 32 de
661 1533 265 33 nomadiserande
946 1535 160 39 lapparna
1126 1548 66 22 som
1213 1538 51 31 för
1283 1537 248 43 Jordbrukarna,
1553 1541 49 32 så-

118 1580 62 34 dan
196 1580 176 41 betydelse;
389 1586 48 32 att
452 1584 38 33 de
504 1583 113 35 kunna
632 1597 91 21 anses
739 1586 136 39 påkalla
890 1587 139 39 ändring
1045 1588 9 32 i
1072 1601 44 20 nu
1130 1589 153 39 gällande
1299 1591 214 40 lagstiftning
1527 1602 77 23 vare

120 1634 51 39 sig
185 1633 209 36 beträffande
411 1639 104 30 rätten
533 1637 51 33 för
600 1638 59 32 den
675 1637 130 35 bofasta
820 1640 233 39 befolkningen
1070 1647 48 28 att
1132 1642 163 34 innehava
1310 1644 202 33 skötesrenar
1528 1646 77 33 eller

119 1689 133 32 rörande
279 1687 38 35 de
345 1689 262 34 nomadiserande
636 1691 175 39 lapparnas
839 1693 189 39 skyldighet
1058 1699 48 29 att
1134 1696 114 38 utgiva
1275 1698 182 39 ersättning
1485 1699 50 32 för
1564 1712 40 20 av

118 1751 93 22 renar
229 1739 139 36 orsakad
389 1742 232 40 skadegörelse.

159 1791 111 35 Såsom
290 1798 46 29 ett
355 1796 191 38 ytterligare
563 1797 155 33 tänkbart
737 1799 52 32 led
811 1800 51 31 för
881 1800 285 35 åstadkommande
1187 1815 41 21 av
1247 1815 38 20 en
1307 1804 198 40 förbättring
1524 1805 11 32 i
1554 1806 46 31 in-

115 1848 394 38 tressemotsättningarna
528 1850 117 32 mellan
665 1853 141 31 nämnda
825 1852 354 41 befolkningsgrupper
1196 1855 59 33 har
1275 1855 189 35 redaktören
1485 1855 118 36 Torkel

116 1899 184 40 Tomasson,
325 1913 67 20 som
415 1902 83 37 själv
521 1907 35 27 är
577 1903 114 33 infödd
714 1905 86 38 lapp,
825 1906 193 39 framhållit,
1042 1911 47 28 att
1111 1920 38 20 en
1171 1908 123 39 ökning
1316 1921 40 20 av
1379 1910 222 39 lappbyarnas

116 1951 247 40 ordningsmäns
382 1953 129 39 mycket
527 1953 206 40 blygsamma
751 1958 138 31 arvoden
909 1958 229 40 otvivelaktigt
1154 1961 105 33 skulle
1277 1962 98 32 ställa
1392 1963 210 33 förevarande

116 2006 143 37 problem
282 2006 11 32 i
316 2010 46 29 ett
383 2007 68 32 helt
473 2013 101 27 annat
596 2009 81 38 läge,
700 2010 57 31 och
781 2013 49 29 att
852 2023 74 20 man
949 2011 60 33 har
1032 2010 44 34 all
1100 2010 176 43 anledning
1299 2018 48 29 att
1370 2015 160 39 förvänta,
1554 2021 48 28 att

116 2058 100 39 dessa,
238 2072 66 19 som
325 2060 105 38 själva
449 2065 53 27 äro
523 2061 114 33 aktiva
657 2062 193 39 renskötare,
871 2063 10 32 i
903 2065 35 31 så
959 2064 60 33 fall
1040 2065 106 33 skulle
1165 2065 42 40 på
1227 2065 61 34 allt
1308 2070 65 31 sätt
1392 2071 109 31 sträva
1520 2068 82 34 efter

115 2114 47 29 att
181 2111 111 39 föregå
310 2112 113 39 övriga
441 2114 184 33 renskötare
643 2114 11 32 i
671 2115 147 39 lappbyn
838 2117 70 32 med
925 2121 71 35 gott
1012 2119 155 38 exempel.
1185 2119 122 34 Vidare
1323 2120 61 33 har
1401 2122 101 33 denne
1520 2127 79 28 även

115 2167 113 35 ansett,
250 2168 48 29 att
318 2165 266 39 resestipendium
606 2167 51 32 för
677 2172 47 28 att
745 2168 167 40 förhjälpa
930 2170 291 39 ordningsmännen
1243 2177 49 30 att
1310 2173 11 32 i
1341 2173 56 33 och
1421 2175 50 31 för
1490 2176 110 32 tanke-

117 2217 135 37 utbyten
276 2218 57 31 och
357 2218 130 38 rådslag
508 2221 254 33 sammanträffa
782 2222 72 32 med
876 2223 160 33 varandra
1059 2224 181 38 säkerligen
1264 2226 105 34 skulle
1389 2228 73 32 leda
1482 2228 52 32 till
1555 2229 46 37 gi-

118 2270 100 32 vande
243 2271 136 31 resultat
401 2272 57 30 och
483 2272 129 32 komma
639 2273 158 38 lapparna
821 2278 48 29 att
893 2275 67 32 inse
987 2276 133 38 frågans
1144 2278 105 32 allvar
1273 2279 57 31 och
1356 2280 171 33 medverka
1551 2281 49 32 till

116 2334 39 21 en
175 2322 103 34 bättre
296 2323 129 38 tingens
444 2320 147 42 ordning.

162 2374 165 35 Utskottet
352 2374 60 35 vill
438 2374 123 40 jämväl
587 2377 116 39 erinra,
729 2382 48 29 att
804 2378 104 35 första
932 2380 214 39 lagutskottet
1171 2383 11 32 i
1208 2383 233 40 motiveringen
1468 2385 51 34 till
1547 2386 57 33 sitt

118 2429 176 38 utlåtande,
324 2441 38 20 nr
391 2430 48 35 14,
468 2434 75 27 över
570 2430 74 32 herr
671 2430 209 39 Lindhagens
909 2433 128 39 motion,
1067 2446 38 20 nr
1133 2435 118 38 I:211,
1284 2437 192 40 framhållit,
1504 2439 98 33 bland

118 2486 108 33 annat,
246 2486 47 28 att
311 2483 37 32 de
367 2482 122 32 trakter
507 2495 40 19 av
566 2482 238 41 Lappmarken,
825 2497 67 20 som
911 2484 90 40 ligga
1019 2485 84 34 inom
1122 2485 217 42 Jukkasjärvi
1356 2488 59 34 och
1437 2489 166 35 Gällivare

1642 2396 87 24 Första
1749 2396 50 30 lag-

1651 2430 137 23 utskottet.
