2214 2622
461 186 118 33 Andra
603 188 203 34 kammarens
829 191 102 40 tredje
956 192 170 41 tillfälliga
1149 193 136 33 utskotts
1307 195 170 33 utlåtande
1501 196 53 32 Nr
1578 201 30 28 1.
1817 201 19 31 9

236 276 314 37 stadskommuner
591 278 81 36 icke
714 282 101 35 torde
852 286 128 44 utgöra
1008 296 45 23 en
1082 286 39 34 så
1148 285 187 48 obetydlig
1363 299 151 33 summa,
1545 292 54 33 att
1627 290 207 37 densamma

235 329 74 35 kan
337 330 138 37 lämnas
502 333 45 34 ur
574 333 204 48 räkningen
806 335 13 35 i
847 336 346 47 budgetsavseende.

340 385 87 34 Med
455 386 144 47 hänsyn
626 386 56 36 till
709 400 49 23 nu
787 390 151 36 anförda
966 391 251 37 förhållanden
1245 394 67 34 och
1341 395 70 34 den
1426 394 144 48 hastiga
1589 396 150 49 ökning,
1757 411 74 23 som

233 437 294 46 statsutgifterna
553 440 57 36 för
637 440 276 48 ifrågavarande
942 446 166 35 ändamål
1136 447 211 46 undergått,
1372 448 120 35 finner
1520 450 179 37 utskottet
1714 452 118 36 anled-

232 490 90 47 ning
363 491 177 48 föreligga
581 494 55 35 till
676 500 178 43 noggrant
892 500 250 46 övervägande
1171 513 45 22 av
1244 500 99 48 varje
1371 501 91 37 krav
1491 505 20 32 å
1539 503 221 49 utvidgning
1788 519 44 23 av

232 543 373 48 tjänstebrevsrätten.
1077 593 4 3 .

339 598 57 36 Då
432 600 72 35 den
532 600 142 37 åsikten
702 602 152 38 kommit
882 604 56 36 till
967 606 158 47 uttryck,
1157 610 53 32 att
1238 607 185 37 motionen
1451 609 13 35 i
1493 609 73 37 viss
1595 613 83 33 mån
1706 612 124 37 kunde

232 663 105 24 anses
365 655 116 34 såsom
510 658 54 32 ett
591 656 58 34 led
677 656 13 35 i
718 657 71 35 den
814 658 212 47 ifrågasatta
1044 660 254 48 utjämningen
1318 674 45 23 av
1382 663 44 35 de
1446 663 231 37 kommunala
1696 666 133 36 skatte-

231 705 189 46 bördorna,
464 707 65 36 vill
569 709 181 37 utskottet
791 711 164 37 häremot
997 714 93 51 hava
1122 715 142 44 uttalat,
1296 718 63 41 att,
1390 716 115 48 enligt
1533 718 196 37 utskottets
1759 720 69 36 för-

230 761 188 44 menande,
448 762 72 34 den
547 762 56 35 uti
630 763 123 36 herrar
781 765 142 36 Euréns
952 767 67 35 och
1047 767 227 37 Åkerlindhs
1302 769 138 36 motion
1468 771 225 37 avhandlade
1726 773 102 48 fråga

230 814 81 34 med
352 814 143 48 hänsyn
527 815 56 36 till
617 817 43 35 de
689 830 45 23 av
763 818 207 37 densamma
999 821 151 35 berörda
1178 821 238 37 ekonomiska
1444 825 136 35 värden
1610 827 102 35 torde
1743 840 85 23 vara

227 866 57 35 för
310 867 186 48 obetydlig
524 869 56 36 för
609 874 53 31 att
689 871 13 34 i
731 872 66 35 och
826 873 55 36 för
909 873 57 47 sig
993 874 126 36 kunna
1146 874 154 37 inverka
1328 879 20 33 å
1376 878 214 45 spörsmålet
1617 892 56 23 om
1694 880 133 37 skatte-

225 919 262 49 utjämningen,
532 935 84 23 men
657 928 64 41 att,
765 938 56 22 om
864 927 112 35 sådan
1017 928 179 35 inverkan
1226 929 117 36 skulle
1371 930 127 36 kunna
1526 932 130 36 tänkas
1685 935 67 34 och
1781 938 45 43 på

224 975 120 45 grund
386 975 111 36 härav
539 977 129 47 frågan
709 991 104 23 anses
855 980 86 36 böra
982 985 179 44 upptagas
1194 982 57 36 till
1279 984 192 47 prövning,
1503 986 111 35 sådan
1642 988 183 47 prövning

224 1028 287 48 uppenbarligen
539 1031 65 35 bör
632 1031 64 36 ske
724 1032 12 35 i
765 1034 175 36 samband
970 1036 81 34 med
1080 1036 123 47 övriga
1222 1037 253 36 förhållanden
1493 1040 154 35 rörande
1666 1043 157 35 nämnda

225 1083 209 44 spörsmål.

1012 1206 17 18 x

326 1296 291 38 Vidkommande
658 1300 84 35 herr
784 1301 198 36 OÖlaussons
1024 1315 46 22 m.
1108 1303 36 35 fl.
1186 1303 136 37 motion
1350 1305 74 35 kan
1452 1306 183 36 utskottet
1662 1307 31 48 ej
1725 1310 95 35 med-

217 1348 86 47 giva
343 1350 226 48 riktigheten
611 1365 44 23 av
697 1354 282 37 motionärernas
1021 1358 207 44 påstående,
1273 1361 54 32 att
1360 1359 69 35 alla
1457 1359 253 36 institutioner
1738 1364 81 34 med

217 1403 181 36 allmänna
426 1406 188 46 uppgifter
641 1408 66 34 och
735 1407 14 35 i
776 1410 118 45 någon
923 1412 84 32 mån
1036 1422 44 23 av
1102 1410 146 36 officiell
1267 1416 108 31 natur
1394 1414 40 33 så
1453 1413 226 48 småningom
1700 1414 118 38 skulle

216 1456 93 36 hava
337 1458 145 36 erhållit
508 1463 74 32 rätt
601 1463 53 33 att
673 1461 163 47 begagna
854 1462 346 48 tjänstefrimärken.
1237 1464 169 36 Tvärtom
1427 1467 66 34 har
1512 1479 45 23 en
1577 1480 44 22 av
1640 1468 177 38 utskottet

216 1509 186 49 företagen
443 1513 228 48 granskning
713 1527 44 23 av
799 1516 44 35 de
885 1516 74 44 fall,
990 1517 79 35 vari
1096 1518 257 48 utsträckning
1380 1532 45 24 av
1453 1520 363 48 tjänstebrevsrätten

214 1565 117 35 under
371 1577 127 24 senare
531 1567 96 35 tider
655 1572 61 43 ägt
743 1581 91 32 rum,
865 1569 94 47 givit
986 1570 62 36 vid
1076 1563 241 53 handen,
1262 1559 66 65 att
1344 1573 136 47 Kungl.
1512 1574 106 48 Maj:t
1646 1575 82 36 sökt
1757 1576 57 36 be-

212 1623 132 40 gränsa
377 1618 368 48 tjänstebrevsrätten
777 1622 58 35 till
863 1624 256 47 myndigheter
1147 1626 65 34 och
1242 1625 261 46 institutioner,
1535 1640 73 23 som
1638 1629 176 48 antingen

213 1676 61 29 äro
302 1675 203 45 statsorgan
534 1675 86 34 eller
648 1675 216 36 åtminstone
892 1676 12 35 i
933 1678 194 35 huvudsak
1155 1678 156 47 fullfölja
1340 1683 54 31 ett
1421 1681 255 36 statsintresse.

319 1725 57 35 Då
411 1726 181 36 utskottet
626 1728 13 34 i
667 1728 98 48 varje
794 1729 64 35 fall
886 1729 82 36 icke
996 1743 105 22 anser
1129 1743 45 22 en
1202 1732 220 47 utvidgning
1450 1746 45 23 av
1524 1734 130 36 hittills
1682 1736 129 35 tilläm-

211 1777 93 45 pade
344 1780 160 44 grunder
541 1780 56 35 för
624 1780 363 48 tjänstebrevsrätten
1015 1784 196 44 önskvärd,
1243 1797 82 23 men
1357 1786 145 35 befarar
1534 1790 53 32 att
1620 1792 54 32 ett
1706 1789 105 36 bifall

210 1830 57 35 till
299 1831 84 35 herr
415 1832 196 37 Ölaussons
646 1847 44 24 m,
721 1835 35 35 fl.
802 1836 136 36 motion
967 1837 117 36 skulle
1118 1837 126 36 kunna
1272 1839 162 36 medföra
1462 1852 45 24 en
1536 1840 104 48 dylik
1668 1843 141 47 utvidg-

210 1883 101 48 ning,
354 1898 106 23 anser
501 1887 56 47 sig
598 1888 179 36 utskottet
819 1890 128 36 främst
989 1903 44 23 av
1074 1892 158 34 nämnda
1273 1892 79 35 skäl
1396 1893 87 36 böra
1517 1895 93 46 yrka
1639 1896 123 47 avslag
1790 1899 20 33 å

209 1938 194 36 motionen.

315 1992 142 36 Jämväl
507 1993 225 37 beträffande
783 1996 84 35 herr
919 1997 196 35 Olaussons
1168 2010 46 23 m.
1258 1999 36 34 fl.
1348 1999 136 36 motion
1526 2001 62 35 vill
1631 2002 179 36 utskottet

209 2044 93 36 dock
343 2046 153 35 hänvisa
536 2047 57 35 till
626 2049 69 34 den
724 2049 123 35 starka
875 2051 67 34 och
971 2050 138 35 snabba
1137 2050 209 47 stegringen
1375 2065 43 23 av
1448 2055 237 35 statsverkets
1713 2055 95 36 kost-

208 2098 120 52 nader
349 2100 55 35 för
432 2099 355 48 tjänstebrevsätten,
818 2114 73 23 som
923 2104 83 50 här
1016 2115 92 23 ovan
1137 2106 81 32 med
1238 2105 199 46 anledning
1460 2118 45 23 av
1524 2107 125 35 herrar
1667 2108 141 36 Euréns

208 2150 67 34 och
304 2152 225 36 Åkerlindhs
560 2153 132 36 motion
721 2155 202 46 åberopats.
980 2155 107 36 Även
1117 2157 81 34 med
1226 2157 143 47 hänsyn
1399 2158 125 36 härtill
1552 2172 104 23 anser
1680 2161 54 47 sig
1753 2167 54 31 ut-

207 2202 137 37 skottet
386 2207 207 35 förhindrat
633 2211 53 31 att
718 2207 185 48 tillstyrka
931 2221 45 22 en
1005 2210 137 45 åtgärd,
1173 2222 74 22 som
1277 2211 210 47 påtagligen
1516 2212 118 36 skulle
1663 2214 144 37 komma

208 2259 54 32 att
288 2258 161 36 medföra
477 2273 45 23 en
551 2261 210 47 ytterligare
789 2261 162 48 stegring
979 2274 45 23 av
1052 2263 234 35 omförmälda
1314 2263 205 37 kostnader.

252 2316 132 41 Bihang
401 2319 49 31 till
465 2320 192 41 riksdagens
666 2322 158 39 protokoll
841 2325 94 28 1916.
974 2325 42 29 13
1031 2323 91 32 saml.
1159 2326 22 28 3
1196 2324 83 31 avd.
1306 2327 18 28 1
1341 2324 81 40 häft.
1460 2326 71 39 (Nr
1548 2327 47 39 1)
1741 2330 19 30 2
