1852 2786
260 183 38 29 10
644 182 119 29 Andra
787 180 245 40 lagutskottets
1057 178 177 30 utlåtande
1258 187 42 19 nr
1323 178 28 28 5.

260 264 106 38 enligt
387 263 108 29 vilket
518 263 57 29 lön
599 264 132 27 oavsett
754 261 239 29 förekomsten
1016 269 42 19 av
1081 258 186 39 helgdagar
1290 256 140 39 utginge
1454 255 55 30 för
1532 254 107 30 vecka
1663 254 83 29 eller

260 325 116 20 annan
391 316 193 38 tidsperiod
600 324 79 20 vore
696 314 214 39 lämpligare.
928 312 203 29 Emellertid
1148 320 101 20 anser
1266 310 181 32 utskottet,
1471 309 4 28 i
1493 308 254 29 överensstäm-

260 369 104 29 melse
387 369 79 28 med
490 368 54 29 sin
566 377 88 20 ovan
676 367 155 29 uttalade
854 364 237 41 uppfattning,
1115 366 49 27 att
1187 363 114 29 denna
1323 362 99 38 fråga
1444 361 63 29 bör
1529 360 151 39 regleras
1704 369 42 20 av

260 421 353 30 arbetsmarknadens
631 422 116 37 parter
767 427 123 31 genom
909 418 67 29 fria
996 416 266 38 förhandlingar
1281 417 86 27 utan
1385 414 178 40 påverkan
1583 423 42 19 av
1644 415 103 27 stats-

261 475 192 28 makterna.
485 474 176 29 Utskottet
691 473 72 29 kan
793 471 119 30 därför
943 471 76 29 icke
1051 469 141 30 förorda
1223 468 220 39 lagstiftning
1474 467 11 29 i
1517 466 229 30 förevarande

259 529 111 28 ämne.

304 580 47 30 På
372 580 112 39 grund
506 589 42 20 av
567 579 66 30 vad
654 578 148 30 sålunda
823 577 135 30 anförts
979 576 55 29 får
1056 576 170 29 utskottet
1246 573 195 33 hemställa,

613 632 37 29 A.
687 634 50 27 att
756 631 218 29 motionerna
992 629 29 29 I:
1039 629 62 29 320
1119 628 65 29 och
1202 627 43 29 II:
1263 626 62 30 380
1344 626 75 29 icke
1438 625 107 29 måtte
1564 624 183 30 föranleda

569 685 113 38 någon
703 684 205 38 riksdagens
930 681 138 40 åtgärd;

613 738 36 29 B.
686 739 50 27 att
761 736 178 30 motionen
965 735 29 29 I:
1010 734 41 29 45
1077 734 75 29 icke
1178 733 107 29 måtte
1311 731 181 30 föranleda
1518 731 116 38 någon
1658 731 90 28 riks-

570 791 128 39 dagens
724 789 133 40 åtgärd.

305 898 200 30 Stockholm
526 898 67 29 den
613 897 40 30 24
674 896 156 30 februari
853 895 92 29 1953.

701 1002 49 30 På
767 1002 109 29 andra
893 1000 247 40 lagutskottets
1157 1000 145 37 vägnar:

821 1108 138 29 DAVID
981 1106 201 30 NORMAN.

605 1393 62 29 Vid
685 1392 94 30 detta
798 1391 144 30 ärendes
962 1389 211 39 behandling
1190 1389 45 29 ha
1253 1388 155 29 närvarit

302 1466 79 30 från
403 1466 169 29 första
595 1464 221 29 kammaren:
843 1462 121 29 herrar
987 1461 165 33 Norman,
1179 1460 91 32 Sten,
1295 1458 190 33 Wahlund,
1512 1457 127 33 Sunne,
1664 1456 84 29 Ner-

260 1520 92 24 man,
376 1510 162 38 Ahlberg,
565 1509 83 29 Axel
674 1509 173 29 Svensson
872 1507 64 29 och
960 1506 74 29 Nils
1060 1504 159 30 Theodor
1244 1504 168 33 Larsson;

305 1574 78 29 från
441 1573 123 29 andra
588 1572 221 28 kammaren:
837 1570 80 29 herr
941 1568 194 30 Jacobsson
1160 1568 10 28 i
1197 1566 163 39 Igelsbo",
1387 1566 98 28 fruar
1512 1565 201 28 Johansson
1738 1562 11 29 i

259 1618 230 39 Norrköping,
508 1616 178 38 Västberg,
704 1616 81 28 herr
804 1614 149 39 Hagård,
973 1613 57 29 fru
1050 1612 214 33 Sandström,
1283 1612 121 28 herrar
1423 1609 196 38 Lundberg,
1638 1608 112 29 Carls-

261 1672 62 20 son
341 1663 11 28 i
371 1661 159 30 Bakeröd
549 1661 64 29 och
633 1660 174 30 Svensson
825 1659 12 28 i
856 1658 180 38 Göteborg.

294 1747 14 15 +x
330 1744 32 31 Ej
383 1742 182 25 närvarande
583 1741 48 25 vid
648 1740 181 25 utlåtandets
848 1739 154 31 justering.

828 2495 55 13 IDUNS
893 2494 96 13 TRYCKERI,
1002 2493 85 14 ESSELTE,
1100 2492 60 13 STHLM
1171 2492 20 13 53

970 2527 77 15 316160
