1880 2778
291 136 39 30 T2
618 142 387 33 Jordbruksutskottets
1027 147 180 31 utlåtande
1227 158 43 21 nr
1291 152 15 28 1
1328 151 39 30 år
1389 152 84 29 1956

337 222 226 31 Beträffande
586 225 44 30 de
656 226 85 35 skäl,
768 236 74 20 som
867 229 135 32 anförts
1028 230 51 31 till
1105 232 78 30 stöd
1208 232 55 30 för
1288 234 228 38 motionerna,
1543 237 54 30 får
1623 240 170 30 utskottet

297 270 147 31 hänvisa
462 273 52 30 till
532 274 112 30 dessa.

338 355 373 42 Lantbruksstyrelsen
733 360 63 30 har
818 361 11 29 i
851 362 54 30 sin
927 364 403 44 anslagsframställning
1351 369 188 37 hemställt,
1562 374 50 28 att
1635 374 156 40 anslaget

296 404 89 30 skall
403 406 101 39 höjas
523 408 80 29 med
621 409 63 30 680
698 410 64 30 500
778 411 132 30 kronor
928 413 51 30 till
997 414 18 29 6
1030 414 63 30 268
1108 415 63 31 800
1189 417 130 30 kronor
1335 418 13 29 i
1363 420 154 39 enlighet
1535 423 79 29 med
1633 423 157 40 följande

294 454 203 41 beräkning.

1661 531 112 34 Ökning

287 570 27 30 1.
341 570 13 30 1
381 573 92 28 extra
489 572 353 39 jordbrukskonsulent
858 577 10 30 i
886 578 96 39 högst
999 580 43 38 Cg
1059 581 40 29 27
1116 581 10 29 i
1144 584 40 28 st.
1203 582 51 30 för
1270 584 335 39 Cg22..o........
1698 591 19 29 4
1731 591 61 31 600

285 620 28 30 2.
338 620 18 30 3
379 621 101 31 förste
504 623 396 38 jordbruksinstruktörer
924 629 10 29 i
961 630 43 29 Ca
1032 631 37 30 19
1085 632 60 29 och
1161 632 19 30 3
1195 628 376 51 jordbruksinstruktörer
1595 639 17 29 i

337 670 44 31 Ca
407 672 37 29 17
467 674 103 29 under
592 684 57 21 sex
671 677 157 30 Månader
847 702 758 17 s.ssssssseessssssrsrsss
1309 666 75 57 ses
1412 666 33 57 ss
1455 666 72 57 ess
1537 666 72 57 sl
1677 691 40 30 34
1729 692 63 30 000

283 720 29 30 3.
337 721 39 29 26
400 722 372 39 husdjursinstruktörer
792 727 10 30 i
824 728 44 30 Ca
892 729 38 30 17
951 730 103 30 under
1073 740 57 21 sex
1151 734 157 30 månader
1327 759 277 10 ..............
1657 741 55 30 141
1729 742 61 31 000

282 771 30 30 4.
336 771 19 30 2
378 773 347 33 maskininstruktörer
743 777 10 30 i
774 778 43 30 Ca
840 779 38 30 19
897 779 11 30 i
928 782 40 28 st.
989 781 50 29 för
1059 781 43 31 Ca
1125 783 38 29 17
1183 784 103 30 under
1305 794 56 21 sex
1381 788 156 30 månader
1557 813 47 7 ...
1729 792 61 31 500

282 821 29 30 3.
335 821 19 30 5
376 822 289 34 kontorsbiträden
688 827 10 29 i
720 828 143 38 reglerad
887 829 289 43 befordringsgång
1198 835 103 30 under
1323 845 56 21 sex
1401 838 156 31 månader
1577 864 26 6 ..
1677 842 112 32 17100

281 871 29 30 6.
334 871 407 45 Löneklassförändringar
762 902 840 18 s.sssssssssressssrrrers
1242 867 54 57 rss
1306 867 54 57 ess
1370 867 30 57 ss
1409 867 94 57 sees
1513 867 93 57 LL.
1674 892 39 30 29
1728 893 61 30 600

282 921 27 31 7.
334 922 204 42 Lönetillägg
554 926 51 29 för
623 928 121 38 övriga,
763 929 10 29 i
791 929 56 30 det
865 930 193 40 föregående
1075 933 28 39 ej
1124 935 142 38 angivna
1284 936 325 41 befattningshavare

334 973 100 39 enligt
456 974 214 40 kungörelsen
695 978 89 32 1955:
811 980 58 31 189
892 1005 710 16 sssoosssssssssssssssse
1369 969 81 56 sees
1471 969 53 56 sas
1534 969 70 56 sla
1652 993 60 30 453
1727 994 61 30 500

1651 1067 61 31 680
1726 1069 61 30 500

326 1115 29 31 8.
392 1117 127 32 Vidare
540 1119 203 33 hemställer
763 1123 370 42 lantbruksstyrelsen,
1155 1130 51 29 att
1227 1129 124 41 frågan
1372 1140 58 21 om
1450 1134 249 41 upplysnings-
1717 1137 66 30 och

281 1165 496 43 rådgivningsverksamheten
802 1175 45 39 på
872 1174 226 40 jordbrukets
1125 1180 142 31 område
1293 1181 90 31 skall
1409 1182 48 30 bli
1484 1184 148 32 föremål
1659 1186 55 31 för
1739 1197 43 20 en

279 1216 140 41 allsidig
437 1219 199 42 utredning.

323 1266 188 33 Dessutom
537 1270 185 42 föreligger
747 1283 43 22 en
816 1274 262 44 framställning
1103 1279 81 31 från
1208 1281 477 46 Hushållningssällskapens
1710 1289 71 40 för-

279 1315 98 33 bund
405 1318 87 34 (skr.
516 1320 86 37 30/9
628 1322 116 37 1955),
768 1325 75 30 vari
866 1325 202 34 hemställes
1093 1329 74 31 dels
1191 1339 58 22 om
1274 1332 161 40 åtgärder
1458 1334 56 31 för
1538 1336 243 43 förstärkning

279 1375 43 22 av
352 1368 469 47 hushållningssällskapens
853 1378 163 38 personal
1046 1379 12 29 i
1088 1380 349 35 överensstämmelse
1470 1386 79 31 med
1580 1387 201 33 lantbruks-

278 1418 189 39 styrelsens
488 1420 133 43 förslag
640 1424 112 30 under
771 1426 201 40 punkterna
993 1429 29 35 2,
1045 1430 18 30 3
1085 1431 66 30 och
1173 1432 29 35 5,
1223 1432 74 31 dels
1316 1433 12 30 i
1348 1434 111 32 likhet
1478 1437 79 31 med
1578 1438 202 32 lantbruks-

277 1468 170 39 styrelsen
473 1470 48 41 (p.
544 1471 37 35 8)
607 1482 58 21 om
686 1483 43 21 en
749 1476 140 42 allsidig
908 1479 189 41 utredning
1117 1482 150 31 rörande
1289 1485 247 42 upplysnings-
1556 1488 65 30 och
1643 1490 136 40 rådgiv-

277 1517 374 41 ningsverksamheten
668 1525 45 40 på
728 1525 227 40 jordbrukets
973 1530 153 33 område.

325 1569 80 30 Som
426 1572 208 42 motivering
655 1575 55 30 för
730 1578 202 38 punkterna
953 1580 29 35 3,
1003 1581 20 29 4
1044 1582 66 29 och
1132 1583 19 30 8
1171 1583 13 30 i
1206 1588 375 41 sammanställningen
1602 1591 65 29 har
1689 1592 87 30 lant-

279 1618 283 42 bruksstyrelsen
579 1625 119 30 anfört
720 1626 5 29 i
744 1627 186 32 huvudsak
949 1630 167 40 följande.

318 1668 29 31 3.
384 1670 271 41 Ifrågavarande
675 1675 131 42 förslag
824 1678 66 30 har
909 1679 183 33 framförts
1112 1683 112 30 under
1243 1685 42 30 de
1306 1688 137 29 senaste
1463 1688 93 31 åren.
1576 1686 202 50 Beträffan-

274 1719 41 30 de
332 1720 68 30 den
419 1723 163 31 närmare
598 1725 253 42 motiveringen
868 1728 123 32 härför
1006 1730 167 35 hänvisas
1192 1734 52 30 till
1261 1735 45 30 IX
1322 1736 39 30 ht
1381 1738 80 30 1951
1481 1739 64 30 och
1565 1741 82 31 1955
1667 1751 26 21 s.
1714 1742 60 31 148

272 1770 112 30 under
408 1772 19 30 2
450 1774 196 39 respektive
670 1785 26 21 s.
722 1777 61 32 180
806 1779 113 30 under
942 1781 29 30 3.
996 1781 374 44 Lantbruksstyrelsen
1396 1789 252 42 understryker
1673 1801 103 32 ange-

271 1819 208 41 lägenheten
500 1832 43 21 av
563 1826 52 29 att
637 1826 125 41 frågan
782 1837 58 21 om
861 1829 199 34 inrättande
1083 1843 43 20 av
1146 1834 541 47 husdjursinstruktörstjänster
1709 1844 64 30 hos

272 1871 201 42 sällskapen
496 1876 87 29 utan
605 1877 202 41 ytterligare
831 1879 172 41 dröjsmål
1025 1882 143 42 bringas
1193 1886 52 30 till
1270 1887 55 31 sin
1349 1888 147 42 lösning.
1524 1892 14 29 I
1562 1892 95 31 detta
1682 1903 92 21 sam-

270 1922 180 41 manhang
471 1924 207 33 framhåller
702 1929 180 40 styrelsen,
906 1933 51 29 att
979 1933 58 30 det
1059 1935 12 30 i
1093 1935 152 40 längden
1266 1938 97 31 torde
1385 1939 143 32 komma
1550 1944 51 29 att
1623 1943 75 31 visa
1721 1946 51 39 sig

269 1973 91 29 mest
378 1973 294 44 ändamålsenligt
689 1980 51 29 att
756 1979 58 31 vid
833 1980 245 43 fördelningen
1095 1994 43 22 av
1155 1985 368 44 instruktörstjänster
1541 1993 131 31 mellan
1689 1995 84 30 hus-

268 2021 382 46 hållningssällskapen
675 2028 76 31 icke
776 2030 108 41 skilja
907 2033 45 39 på
977 2033 236 33 instruktörer
1237 2038 55 30 för
1317 2039 57 32 det
1399 2049 65 22 ena
1486 2043 66 30 och
1578 2044 57 30 det
1660 2046 111 31 andra

268 2071 286 35 arbetsområdet.
582 2077 108 41 Varje
714 2079 406 47 hushållningssällskap
1146 2086 63 32 bör
1233 2088 12 30 i
1271 2090 116 30 stället
1411 2091 150 33 tilldelas
1588 2094 58 32 det
1673 2097 96 30 antal

267 2120 246 41 instruktörer,
532 2135 76 22 som
626 2128 71 31 kan
716 2138 102 23 anses
836 2133 185 32 motiverat
1037 2137 80 29 med
1135 2137 139 41 hänsyn
1291 2140 53 30 till
1360 2141 58 31 det
1435 2144 101 30 totalt
1554 2144 216 43 tillgängliga

267 2173 132 30 antalet
426 2174 151 40 tjänster
604 2179 66 30 och
697 2179 44 32 de
767 2184 266 40 sammanlagda
1060 2187 345 42 arbetsuppgifterna
1433 2193 97 32 inom
1559 2196 209 42 sällskapets

267 2223 153 32 område.
446 2225 67 31 Det
538 2226 64 32 bör
630 2230 107 30 sedan
764 2231 37 32 få
828 2233 191 33 ankomma
1046 2238 45 39 på
1117 2239 259 33 vederbörande
1403 2244 155 41 sällskap
1585 2247 106 39 självt
1716 2251 52 28 att

265 2270 96 33 inom
381 2274 69 31 den
468 2276 217 43 tillgängliga
704 2283 287 37 personalramen
1012 2287 96 40 sörja
1128 2288 55 31 för
1203 2292 51 28 att
1273 2292 42 30 de
1336 2292 94 31 olika
1449 2291 318 51 verksamhetsgre-

265 2330 112 23 narna
397 2324 68 31 blir
488 2327 254 41 tillgodosedda
762 2333 46 39 på
829 2335 50 29 ett
901 2335 326 36 tillfredsställande
1250 2342 78 32 sätt.
1351 2343 54 30 En
1427 2344 89 41 följd
1539 2356 43 20 av
1603 2357 44 20 en
1670 2349 97 39 dylik

264 2374 198 42 anordning
480 2376 63 33 bör
563 2378 145 40 givetvis
729 2383 88 30 även
836 2393 85 22 vara
942 2387 51 29 att
1012 2387 133 40 jämväl
1167 2390 245 39 instruktörer,
1435 2404 75 21 som
1533 2398 131 39 sysslar
1686 2400 80 30 med

264 2422 297 45 arbetsuppgifter
587 2430 46 40 på
662 2430 350 42 husdjursskötselns
1040 2440 154 36 område,
1224 2442 89 30 skall
1342 2443 122 32 kunna
1492 2447 133 32 erhålla
1653 2449 110 40 place-
