1902 2780
263 163 18 29 bo

663 163 391 29 Jordbruksutskottets
1073 162 179 30 utlåtande
1270 172 42 19 nr
1329 162 52 29 30.

631 339 601 44 Skogsstatistikutredningens
1256 339 162 42 förslag.

310 449 241 39 Utredningen
576 450 64 29 har
665 449 11 29 i
701 450 112 30 första
838 450 95 29 hand
960 450 330 39 uppmärksammat
1317 448 125 39 frågan
1469 458 57 20 om
1553 448 230 30 anordnande

266 509 42 21 av
334 509 42 20 en
403 500 223 39 fortlöpande
652 500 405 39 avverkningsstatistik.
1086 500 234 30 Avsaknaden
1348 508 43 20 av
1418 508 42 20 en
1489 499 110 29 sådan
1627 498 156 30 statistik

265 551 103 38 utgör
392 550 179 39 nämligen
595 550 107 39 enligt
727 551 254 38 utredningens
1005 550 142 39 mening
1171 559 43 20 en
1239 549 159 39 allvarlig
1423 548 89 30 brist
1537 548 95 30 såväl
1656 557 41 21 ur
1722 548 62 29 all-

265 601 132 29 männa
418 601 231 29 ekonomiska
671 601 220 38 synpunkter
913 610 76 20 som
1009 609 42 21 ur
1070 609 96 20 mera
1188 600 162 39 speciella
1372 599 157 39 skogliga
1551 599 230 39 synpunkter.

309 653 52 29 En
388 652 204 40 tillförlitlig
618 651 396 41 avverkningsstatistik
1040 653 70 29 kan
1138 652 109 39 enligt
1272 651 254 39 utredningens
1554 651 230 39 uppfattning

265 702 191 38 lämpligen
478 702 150 29 erhållas
651 701 46 39 på
719 701 171 39 grundval
913 710 44 20 av
981 710 25 20 s.
1029 701 33 29 k.
1088 700 377 39 stubbinventeringar,
1489 700 144 29 utförda
1656 698 12 29 i
1693 708 91 20 sam-

264 752 93 29 band
388 752 80 30 med
499 752 398 38 riksskogstaxeringen.
931 751 516 38 Stubbinventeringsmetoden
1478 749 147 30 innebär
1657 751 51 28 att
1738 749 45 39 på

265 805 48 28 ett
333 805 96 29 antal
451 804 88 29 efter
560 803 196 31 statistiska
777 802 298 41 urvalsprinciper
1094 804 102 29 valda
1216 804 166 39 provytor
1402 804 99 36 tagas
1522 801 261 31 diametermått

265 853 45 39 på
335 853 146 29 stubbar
508 853 79 29 från
613 854 67 28 den
707 854 138 28 senaste
871 852 420 38 avverkningssäsongen.
1318 851 68 29 För
1413 850 370 30 rekonstruktionsbe-

266 903 194 38 räkningar
485 913 43 20 av
551 903 41 29 de
616 903 196 29 avverkade
839 904 237 28 stammarnas
1101 901 231 30 kubikmassa
1358 904 99 35 tagas
1481 900 120 30 vidare
1626 900 90 29 mått
1742 909 43 20 av

265 954 404 38 brösthöjdsdiametern
691 953 65 29 och
777 953 196 29 diametern
995 955 11 29 i
1028 952 191 39 stubbhöjd
1241 952 45 39 på
1307 953 48 28 ett
1377 951 203 39 närbeläget
1602 960 26 20 s.
1650 951 34 29 k.
1707 949 77 30 tvil-

266 1004 153 39 lingträd
439 1013 43 20 av
502 1013 134 21 samma
654 1004 157 38 trädslag
831 1003 65 29 och
916 1003 150 39 ungefär
1087 1012 136 20 samma
1244 1002 151 39 grovlek.

310 1055 49 30 På
378 1054 173 39 grundval
568 1063 43 20 av
630 1055 49 28 ett
697 1054 127 29 sådant
842 1053 162 30 material
1027 1053 111 29 skulle
1158 1062 43 20 en
1221 1052 88 39 årlig
1329 1051 157 30 statistik
1506 1051 153 30 erhållas
1679 1050 106 39 angå-

266 1105 87 29 ende
376 1105 281 38 avverkningens
681 1104 111 29 totala
814 1103 217 39 omfattning
1054 1103 65 29 och
1142 1103 79 29 dess
1246 1102 201 39 fördelning
1471 1102 45 39 på
1538 1101 158 39 trädslag
1719 1100 65 31 och

266 1155 319 30 diameterklasser.
609 1154 48 30 På
678 1154 172 39 grundval
871 1163 43 21 av
936 1154 42 29 de
1001 1154 112 29 under
1135 1162 43 20 en
1200 1152 256 40 femårsperiod
1479 1151 196 30 insamlade
1698 1160 87 30 upp-

267 1206 151 38 gifterna
445 1205 114 30 skulle
582 1205 120 30 vidare
726 1204 226 39 redovisning
977 1205 123 29 kunna
1126 1204 60 29 ske
1211 1213 43 20 av
1279 1203 281 38 avverkningens
1584 1201 201 38 fördelning

265 1256 45 39 på
328 1257 58 28 län
404 1256 67 29 och
488 1255 312 40 ägarekategorier.

311 1306 216 30 Fältarbetet
554 1306 54 29 för
635 1306 68 29 den
730 1314 48 20 nu
805 1305 180 39 pågående
1013 1304 388 38 riksskogstaxeringen
1430 1303 136 29 utföres
1595 1302 56 29 för
1679 1301 106 39 något

266 1359 82 29 eller
367 1359 112 39 några
498 1359 57 29 län
574 1368 56 20 om
651 1357 84 30 året.
756 1358 60 29 Ett
835 1356 275 40 genomförande
1130 1365 41 21 av
1192 1356 252 38 utredningens
1466 1355 131 37 förslag
1618 1354 167 30 förutsät-

266 1411 52 27 ler
336 1410 51 28 att
407 1410 116 29 denna
543 1408 224 30 verksamhet
787 1408 176 39 omlägges
982 1407 45 40 på
1047 1407 37 29 så
1104 1408 69 28 sätt
1193 1408 50 28 att
1262 1406 97 38 varje
1379 1405 57 30 års
1456 1405 329 30 fältobservationer

267 1460 153 29 fördelas
441 1460 82 29 över
543 1459 78 30 hela
641 1459 129 29 landet.
792 1457 131 30 Genom
945 1459 50 29 att
1016 1457 93 30 olika
1130 1458 81 29 över
1231 1457 78 29 hela
1331 1457 118 29 landet
1469 1456 116 39 jämnt
1606 1455 179 30 fördelade

264 1507 316 39 taxeringstrakter
601 1508 212 39 uppskattas
835 1507 94 30 olika
951 1507 49 34 år,
1023 1506 112 30 skulle
1158 1507 88 28 efter
1269 1516 41 19 en
1332 1505 70 29 viss
1426 1504 226 33 omdrevstid,
1675 1504 107 39 enligt

265 1556 255 40 utredningens
541 1557 131 40 förslag
692 1557 136 30 femton
848 1557 38 30 år
906 1557 11 29 i
937 1556 175 30 Norrland
1132 1556 65 29 och
1218 1556 154 29 Dalarna
1394 1557 91 27 samt
1505 1554 48 30 tio
1574 1554 39 30 år
1633 1554 11 29 i
1664 1554 119 39 övriga

266 1608 96 30 delar
380 1617 44 20 av
443 1608 128 34 landet,
591 1609 48 29 ett
658 1607 225 39 fullständigt
901 1606 343 39 taxeringsmaterial
1263 1615 84 20 vara
1365 1605 178 33 insamlat,
1563 1604 153 30 varefter
1736 1606 46 27 ett

266 1659 77 38 nytt
361 1658 146 29 omdrev
524 1657 117 30 kunde
659 1656 228 40 igångsättas.

312 1708 53 29 En
389 1708 100 38 dylik
512 1707 225 39 omläggning
761 1716 42 21 av
827 1706 390 38 riksskogstaxeringen
1241 1706 39 28 är
1304 1704 108 39 enligt
1437 1704 254 39 utredningens
1717 1713 70 20 me-

268 1758 84 39 ning
371 1758 215 39 fördelaktig
603 1766 43 20 ur
666 1757 88 29 flera
776 1756 231 39 synpunkter.
1029 1755 148 31 Särskilt
1198 1763 58 31 ger
1275 1756 67 29 den
1364 1756 111 28 större
1496 1754 224 39 möjligheter
1741 1755 44 28 än

266 1809 127 29 hittills
413 1810 52 28 att
485 1808 132 30 erhålla
638 1807 188 38 samtidiga
845 1805 441 40 virkesförrådsuppgifter
1307 1805 55 29 för
1382 1805 79 29 hela
1483 1805 119 30 landet
1623 1806 92 28 samt
1736 1806 50 27 att

267 1860 89 40 följa
378 1860 311 40 virkeskapitalets
713 1858 250 40 förändringar
986 1858 55 30 för
1064 1858 119 30 landet
1205 1858 11 28 i
1239 1858 78 29 dess
1340 1857 119 30 helhet
1483 1857 75 34 och,
1583 1857 108 29 sedan
1716 1865 71 20 om-

268 1910 119 29 drevet
412 1909 123 39 pågått
561 1909 111 29 under
697 1908 71 30 viss
794 1908 61 33 tid,
882 1907 108 30 också
1013 1907 55 29 för
1095 1906 236 30 delområden.

312 1960 242 38 Utredningen
579 1959 149 29 föreslår
753 1960 51 28 att
828 1958 66 29 den
920 1966 49 20 nu
994 1957 178 39 pågående
1198 1955 389 39 riksskogstaxeringen
1615 1955 87 29 skal
1731 1964 56 20 av-

269 2011 111 29 slutas
395 2010 110 29 redan
521 2010 112 29 under
647 2009 208 39 budgetåret
873 2008 152 35 1952/53
1043 2008 64 29 och
1123 2008 51 29 att
1191 2016 43 20 en
1252 2016 46 29 ny
1315 2005 355 39 riksskogstaxering,
1689 2006 98 28 kom-

267 2061 147 30 binerad
431 2063 80 29 med
529 2059 377 38 stubbinventeringar,
926 2058 90 29 skall
1033 2058 217 38 igångsättas
1268 2057 112 29 under
1397 2056 207 39 budgetåret
1624 2055 162 36 1953/54.

267 2112 53 30 Då
341 2110 443 40 avverkningsstatistiken
807 2109 62 29 bör
892 2108 139 30 utföras
1054 2108 11 29 i
1089 2108 170 30 samband
1282 2108 80 29 med
1385 2105 401 40 riksskogstaxeringen,

267 2162 63 30 bör
347 2162 68 30 den
433 2162 108 38 enligt
558 2160 239 30 betänkandet
816 2159 177 39 förläggas
1011 2158 53 30 till
1083 2160 134 28 statens
1237 2156 467 41 skogsforskningsinstitut.

312 2213 68 29 För
401 2214 52 28 att
473 2212 210 39 möjliggöra
701 2212 49 29 ett
769 2210 114 30 bättre
903 2208 228 40 utnyttjande
1152 2218 43 20 av
1214 2207 573 39 virkesmätningsföreningarnas

268 2263 181 40 uppgifter
467 2272 58 20 om
543 2262 151 29 inmätta
711 2260 214 30 kvantiteter
943 2259 99 30 virke
1060 2259 64 29 har
1141 2258 235 39 utredningen
1395 2257 127 30 träffat
1542 2257 246 30 överenskom-

268 2314 108 30 melse
398 2314 82 30 med
500 2311 401 39 virkesmätningsrådet
923 2319 59 21 om
1003 2318 43 22 en
1066 2309 213 39 enhetligare
1302 2307 222 40 utformning
1547 2317 42 21 av
1611 2306 177 39 förening-

268 2373 105 21 arnas
401 2363 236 38 redovisning.
667 2360 360 32 Sammanställandet
1055 2369 42 21 av
1124 2358 539 40 virkesmätningsuppgifterna,
1693 2357 94 29 vilka

269 2415 109 30 delvis
404 2414 115 30 skulle
542 2414 125 38 utgöra
690 2414 49 28 ett
763 2411 242 40 komplement
1029 2409 52 30 till
1107 2408 450 40 avverkningsstatistiken,
1584 2417 99 21 avses
1709 2407 79 29 när-
