1880 2814
281 129 18 29 6
666 132 378 31 Jordbruksutskottets
1066 133 177 31 utlåtande
1265 144 40 20 nr
1337 136 48 28 43.

327 217 63 36 Jag
416 218 178 29 förmodar
618 221 47 26 att
688 217 215 31 motionären
923 228 107 26 avser,
1054 222 49 26 att
1125 220 55 28 det
1202 218 86 30 varit
1310 220 267 34 undertecknad,
1603 230 74 19 som
1703 220 87 31 varit

285 257 241 31 »informator»
551 260 55 29 för
626 261 41 29 de
689 259 244 37 »>»otillräckliga
953 262 64 28 och
1036 259 165 37 felaktiga
1223 261 247 36 upplysningar
1490 262 9 29 i
1521 262 172 35 ärendet»,
1715 271 74 20 som

281 300 351 36 lantbruksstyrelsen
652 301 142 36 erhållit,
816 303 65 30 och
902 302 43 31 då
964 303 110 29 denne
1093 301 105 37 enligt
1218 303 212 29 motionären
1447 303 76 29 icke
1549 302 133 36 »någon
1701 303 89 36 gång

282 346 68 26 rest
370 346 37 26 ut
428 343 55 30 för
501 346 50 27 att
573 345 159 34 övertyga
755 343 48 37 sig
828 354 57 20 om
909 344 325 37 översvämningens
1260 344 239 36 omfattning»,
1524 346 69 29 kan
1617 346 56 28 det
1696 346 92 29 med-

282 385 104 34 delas,
411 388 46 26 att
476 385 111 29 under
608 384 92 31 tiden
721 386 84 29 7—9
826 385 85 37 juni,
937 387 37 28 12
997 385 140 36 juni—7
1163 386 62 36 juli
1247 387 89 29 hade
1356 386 56 37 jag
1434 396 41 19 en
1497 386 158 33 assistent
1678 388 110 35 place-

282 428 61 28 rad
370 426 55 30 vid
451 426 175 36 företaget,
653 437 74 20 som
753 427 132 37 företog
910 427 195 36 mätningar
1133 429 64 29 och
1224 428 263 35 observationer,
1516 428 91 31 vilka
1632 428 157 36 dagligen

281 469 261 34 rapporterades
561 478 63 27 per
643 469 126 31 telefon
788 470 49 29 till
857 469 78 36 mig.
958 469 124 31 Vidare
1101 471 141 29 besökte
1262 480 133 20 samma
1417 470 158 30 assistent
1595 472 194 29 översväm-

280 509 290 36 ningsområdena
600 512 66 28 den
695 512 38 29 15
759 511 145 36 augusti,
932 511 43 31 då
1000 512 194 35 ytterligare
1222 511 296 37 undersökningar
1542 513 154 29 utfördes
1724 513 66 29 och

280 551 415 37 vattenståndsuppgifter
713 554 227 31 inhämtades.
963 554 92 35 Själv
1077 555 141 28 besökte
1240 555 57 35 jag
1317 553 473 37 översvämningsområdena

282 594 66 29 den
372 595 37 28 21
433 594 75 35 juni
531 595 66 29 och
621 596 16 27 7
660 593 72 37 juli,
755 595 44 30 då
820 596 58 35 jag
899 597 104 29 bland
1027 598 105 27 annat
1154 595 56 31 vid
1232 596 176 30 Bortomta
1430 599 89 26 samt
1540 605 42 20 en
1605 596 53 30 del
1681 596 109 30 andra

280 636 129 35 platser
430 636 92 29 inom
544 637 166 35 företaget
731 638 64 29 och
817 637 57 30 vid
898 637 113 36 Väsby
1035 638 120 35 gjorde
1177 638 255 30 observationer
1456 639 64 29 och
1544 636 244 37 besiktningar.

330 677 214 32 Motionären
572 688 102 26 synes
698 678 30 36 ej
756 679 89 36 gjort
873 680 90 29 klart
989 680 54 29 för
1070 680 50 35 sig
1146 682 66 29 vad
1238 680 66 29 den
1330 680 95 29 äldre
1451 679 339 36 syneförrättningen

283 719 155 35 innebar,
462 724 83 26 trots
568 725 50 25 att
642 722 91 29 detta
755 721 147 36 angivits
925 723 11 29 i
959 722 72 30 min
1055 721 206 36 föregående
1286 722 171 29 skrivelse.
1483 721 62 36 Jag
1569 721 59 30 vill
1652 721 139 30 särskilt

284 761 196 36 framhålla,
512 765 49 27 att
590 771 124 27 genom
744 764 91 29 detta
862 764 95 29 äldre
986 764 149 35 företags
1162 764 184 31 utförande
1374 764 171 35 skapades
1573 764 76 29 icke
1676 763 113 36 någon

283 804 134 35 garanti
443 808 71 26 mot
537 805 306 35 översvämningar
865 805 57 30 vid
951 805 472 36 »vårflödesvattenmängd>»,
1451 816 74 20 som
1550 806 238 35 förrättnings-

284 856 152 19 mannen
456 847 177 36 uttrycker
654 847 58 35 sig,
734 857 79 20 men
833 848 80 29 med
935 847 197 31 dåvarande
1151 848 226 35 markhöjder
1398 847 132 36 ansågs,
1553 851 49 27 att
1622 858 166 20 sommar-

284 888 140 30 flödena
449 889 109 30 under
584 889 174 30 växttiden
784 889 10 30 i
819 890 189 29 allmänhet
1034 890 112 29 skulle
1170 891 119 29 kunna
1316 890 138 30 avledas
1483 894 84 26 utan
1594 894 49 26 att
1667 891 121 28 nämn-

283 930 86 30 värd
392 931 265 36 översvämning
679 930 160 31 vållades.
863 931 52 30 Då
936 931 145 30 sålunda
1106 931 385 36 lantbruksingenjören
1514 932 131 30 Nordin
1667 932 121 30 beräk-

283 973 90 29 nade
394 972 360 37 högvattenmängden
775 973 51 29 till
849 973 9 29 i
881 978 78 26 runt
982 974 46 29 tal
1051 975 42 28 36
1114 971 135 33 m”/sek.
1273 973 124 37 ansågs
1422 975 60 29 »de
1506 978 92 26 stora
1621 984 168 20 sommar-

284 1013 157 31 flödena»
473 1016 120 28 kunna
622 1014 113 37 uppgå
762 1015 50 30 till
843 1017 38 28 16
910 1012 135 33 m”/sek.
1074 1016 50 29 Av
1153 1017 65 28 den
1246 1026 40 19 av
1316 1018 237 33 synemännen
1580 1017 210 29 verkställda

283 1056 227 35 utredningen
534 1058 148 28 rörande
709 1058 65 29 den
799 1056 140 36 båtnad,
968 1067 73 20 som
1070 1059 92 29 detta
1189 1058 132 36 företag
1346 1059 109 29 skulle
1483 1058 186 36 tillskynda
1695 1057 93 37 ingå-

283 1098 87 31 ende
388 1100 148 34 marker,
555 1098 165 37 framgår,
741 1103 48 27 att
806 1100 149 34 marker,
975 1109 73 21 som
1067 1100 90 35 ligga
1178 1099 36 31 så
1232 1099 78 36 lågt,
1330 1104 48 26 att
1396 1101 41 29 de
1456 1101 119 29 kunna
1595 1101 193 30 översväm-

283 1150 85 25 mas,
393 1140 135 30 erhållit
552 1141 162 30 blivande
737 1142 130 29 värden
893 1142 173 30 300—400
1090 1143 130 29 kronor
1242 1152 61 25 per
1327 1143 133 34 hektar,
1488 1141 44 31 då
1558 1143 156 29 däremot
1739 1142 49 30 in-

282 1181 199 37 tilliggande
499 1184 141 29 marker
657 1193 40 20 av
716 1193 133 20 samma
868 1183 244 30 beskaffenhet
1128 1184 142 30 utanför
1287 1185 420 35 översvämningskurvan
1724 1183 66 31 fått

283 1228 46 26 ett
354 1225 104 29 värde
480 1235 42 20 av
548 1226 173 29 550—5600
745 1226 130 30 kronor
900 1234 60 27 per
983 1226 133 29 hektar.
1144 1226 242 36 Synemännen
1411 1227 45 29 ha
1483 1227 220 35 synbarligen
1729 1236 59 20 an-

283 1270 73 29 sett,
378 1270 49 26 att
445 1267 57 29 vid
522 1267 101 30 dessa
644 1267 448 35 översvämningsområden
1113 1277 43 20 en
1176 1268 172 35 planenlig
1368 1268 171 36 växtföljd
1559 1269 230 29 tillsammans

282 1309 80 29 med
383 1307 188 37 gårdarnas
592 1309 117 34 övriga
730 1310 131 29 arealer
881 1309 30 35 ej
933 1310 134 29 kunnat
1089 1310 230 35 genomföras,
1343 1314 83 26 utan
1449 1311 106 29 borde
1578 1311 99 30 dessa
1698 1320 89 20 mar-

281 1351 60 30 ker
369 1351 161 31 hänvisas
560 1351 51 30 till
641 1351 115 30 slåtter
788 1353 64 28 och
882 1353 83 33 bete,
996 1357 89 26 samt
1114 1353 182 30 eventuellt
1326 1353 55 30 för
1410 1353 269 36 vårsädsgrödor
1706 1354 79 30 med

283 1393 68 29 den
379 1393 71 30 risk
479 1393 55 30 för
562 1393 110 35 dessa,
704 1403 73 20 som
808 1394 56 29 det
894 1393 153 35 innebar,
1079 1397 49 26 att
1160 1394 150 35 kraftiga
1340 1394 305 36 översvämningar
1672 1395 117 29 kunde

282 1434 71 30 helt
376 1435 81 29 eller
479 1435 108 30 delvis
610 1436 164 34 äventyra
798 1436 159 29 skörden.

328 1476 64 30 Det
412 1476 153 36 framgår
583 1486 43 20 av
647 1477 478 36 skadevärderingsmännens
1143 1477 177 30 utlåtande
1343 1474 125 39 (1945),
1491 1481 49 27 att
1561 1480 108 28 större
1688 1479 101 29 delen

282 1529 41 20 av
348 1518 222 32 åkerarealen
598 1520 93 29 inom
717 1520 438 35 översvämningsområdet
1182 1525 144 31 upptogs
1352 1531 41 20 av
1419 1521 253 34 timotejvallar,
1698 1523 90 28 samt

282 1560 10 29 i
317 1561 109 35 övrigt
447 1561 115 35 havre,
586 1562 99 34 korn,
709 1562 64 29 och
796 1562 9 29 i
829 1561 135 30 mindre
986 1561 210 36 omfattning
1219 1563 86 28 även
1327 1561 69 37 råg,
1422 1572 80 20 men
1527 1562 41 30 de
1592 1562 196 35 föreslagna

282 1603 276 35 ersättningarna
582 1613 81 20 avse
687 1603 119 30 endast
833 1604 162 30 förluster
1017 1603 45 36 på
1088 1605 41 29 de
1153 1604 139 34 arealer,
1320 1604 63 31 där
1406 1604 270 36 stråsädsodling
1700 1605 87 29 före-

281 1645 93 29 kom.
399 1644 51 30 Då
473 1645 463 35 skadevärderingsmännen
958 1646 75 29 icke
1057 1647 135 28 kunnat
1216 1647 186 34 uppskatta
1425 1647 172 29 storleken
1622 1656 43 20 av
1689 1647 99 29 dessa

282 1687 156 34 skördar,
459 1687 45 30 ha
526 1687 42 30 de
590 1688 168 29 beräknat
780 1688 175 29 skadorna
976 1688 64 29 och
1063 1688 470 36 avkastningsminskningen
1555 1697 123 27 genom
1700 1688 86 35 jäm-

282 1728 144 30 förelser
444 1729 79 29 med
544 1730 150 29 skörden
713 1730 56 30 vid
789 1730 151 29 normalt
958 1730 140 29 hävdad
1118 1729 79 36 jord
1216 1730 94 29 inom
1330 1730 91 30 detta
1441 1730 152 35 område,
1614 1741 57 19 om
1693 1732 94 28 över-

282 1770 222 36 svämningar
534 1770 77 30 icke
640 1771 168 34 inträffat,
839 1772 66 29 och
934 1772 110 29 under
1074 1772 42 29 de
1144 1771 212 36 betingelser,
1387 1782 75 20 som
1490 1772 106 30 rådde
1623 1772 40 30 år
1694 1773 93 29 1944.

282 1812 120 30 Redan
421 1813 90 30 detta
530 1813 196 35 antagande
744 1813 123 29 strider
887 1817 72 26 mot
978 1813 290 35 förutsättningen
1288 1814 55 30 för
1360 1814 66 30 den
1444 1814 228 36 genomförda
1693 1814 95 30 äldre

281 1853 255 37 åsänkningens
554 1855 154 29 resultat.
730 1855 69 30 När
817 1855 107 30 sedan
944 1859 45 26 ett
1008 1855 209 30 försummat
1236 1855 183 32 underhåll
1437 1867 41 20 av
1498 1857 160 35 avloppet
1678 1856 110 30 under

281 1896 96 30 cirka
400 1897 127 29 30—35
548 1896 40 30 år
608 1897 65 29 och
694 1906 41 20 en
755 1896 207 32 intensivare
981 1897 192 36 tillrinning
1193 1907 42 20 av
1255 1898 92 30 olika
1369 1898 227 36 anledningar
1617 1899 170 29 snabbare

279 1938 107 31 tillför
409 1939 138 30 flödena
568 1942 115 27 vatten
707 1942 82 26 utan
811 1940 242 30 motsvarande
1076 1940 130 36 ökning
1225 1950 41 20 av
1288 1942 65 29 den
1375 1942 264 30 vattenförande
1660 1942 124 30 sektio-

279 1991 77 25 nen,
377 1982 38 28 är
434 1981 55 31 det
511 1982 205 35 uppenbart,
738 1986 48 26 att
806 1982 352 35 översvämningarna
1178 1983 107 30 måste
1305 1983 67 30 öka
1392 1982 9 30 i
1419 1983 210 36 omfattning
1649 1985 65 28 och
1734 1983 48 29 in-

278 2021 145 36 tensitet,
445 2022 138 32 särskilt
603 2033 74 20 som
696 2023 55 30 det
771 2025 87 29 även
877 2025 69 29 kan
965 2027 152 32 antagas,
1140 2028 47 26 att
1206 2027 85 28 även
1313 2024 112 36 någon
1445 2024 149 36 sättning
1615 2027 65 28 och
1700 2027 83 33 hop-

278 2064 188 37 sjunkning
486 2066 88 30 skett
593 2076 42 20 av
654 2064 207 31 åtminstone
880 2067 42 30 de
939 2067 85 35 lägst
1043 2066 159 35 liggande
1220 2066 339 36 dyjordsmarkerna.
1583 2067 66 30 Om
1667 2068 116 29 härtill

281 2108 123 36 lägges,
427 2110 48 28 att
496 2108 230 35 nytillkomna
750 2110 101 33 ägare
873 2118 42 20 av
939 2108 201 36 fastigheter
1160 2118 79 21 vare
1263 2108 49 36 sig
1333 2109 76 30 haft
1431 2110 197 29 kännedom
1652 2120 56 19 om
1731 2110 54 29 det

280 2149 116 35 gamla
419 2149 184 36 företagets
629 2149 286 36 förutsättningar
939 2150 81 29 eller
1042 2150 145 30 nedärvt
1209 2150 66 30 den
1297 2151 138 34 respekt
1456 2150 55 30 för
1533 2151 254 34 vattendragets

280 2191 204 36 känslighet,
515 2201 76 20 som
620 2190 205 37 föregående
853 2192 239 35 generationer
1118 2192 172 35 praktiskt
1318 2191 65 31 fått
1412 2192 123 35 erfara,
1567 2191 38 31 så
1631 2193 71 29 kan
1731 2192 56 30 det

280 2233 183 35 förklaras,
490 2236 49 27 att
564 2234 113 29 under
703 2243 41 20 en
770 2234 118 35 längre
914 2234 88 35 följd
1030 2244 41 19 av
1098 2233 112 30 torrår
1236 2233 324 37 stråsädsgrödorna
1586 2235 120 29 undan
1732 2233 55 30 för

280 2276 121 30 undan
423 2276 128 36 dragits
577 2276 61 29 allt
663 2276 160 30 närmare
848 2275 54 35 ån,
928 2276 65 29 och
1019 2275 44 31 då
1087 2285 75 20 som
1187 2275 39 32 år
1253 2276 82 29 1944
1360 2286 42 20 en
1425 2275 187 37 långvarig,
1639 2276 147 29 intensiv

279 2317 335 36 nederbördsperiod
634 2318 196 34 inträffade,
854 2317 37 30 så
910 2318 301 30 översvämmades
1231 2319 185 29 markerna
1435 2318 49 29 till
1504 2328 42 19 en
1567 2318 218 35 omfattning,

280 2369 76 21 som
380 2360 189 30 dessbättre
593 2359 31 36 ej
652 2360 60 30 allt
735 2359 54 30 för
811 2359 74 30 ofta
911 2359 158 30 inträffat
1092 2360 111 29 under
1227 2360 384 35 vegetationsperioden.
1639 2359 64 30 Det
1728 2360 57 29 vill

279 2410 115 26 synas,
421 2411 73 20 som
522 2403 89 29 även
638 2401 216 30 motionären
882 2401 77 30 haft
986 2402 91 30 klart
1105 2402 56 30 för
1186 2401 59 35 sig,
1273 2405 49 27 att
1347 2401 242 36 lågmarkerna
1616 2402 88 30 varit
1729 2411 55 21 av-

278 2444 106 30 sedda
403 2445 53 29 för
475 2444 214 35 ängskultur,
707 2444 44 31 då
770 2445 69 29 han
859 2444 189 31 framhållit
1074 2445 2 29 i
1094 2454 103 21 mom.
1220 2446 12 27 1
1254 2445 8 29 i
1280 2445 183 34 motionen,
1484 2450 47 25 att
1547 2445 123 35 jorden
1689 2444 92 36 sjun-

278 2487 49 30 kit
356 2486 44 36 på
425 2487 64 29 den
514 2487 149 33 sträcka,
690 2488 61 28 där
776 2485 112 36 Sagån
914 2486 116 29 rinner
1055 2487 91 29 fram
1171 2494 120 28 genom
1322 2487 319 35 »ängsmarkerna»,
1669 2496 79 21 men
1773 2488 10 29 i
