1900 2814
484 144 379 31 Jordbruksutskottets
887 142 176 32 utlåtande
1087 142 50 31 Nr
1162 144 48 29 30.
1579 136 18 30 5

137 230 277 31 Vidkommande
437 228 301 37 framställningen
761 238 56 21 om
839 228 122 38 bidrag
984 229 50 29 till
1057 228 219 31 bestridande
1299 237 42 22 av
1364 227 233 31 kostnaderna

96 281 54 31 för
179 281 91 31 vissa
298 280 436 37 luftskyddsanordningar
763 280 65 30 och
857 279 358 37 reparationsarbeten
1244 278 97 30 torde
1371 278 56 30 det
1457 287 41 21 av
1528 276 68 31 för-

95 332 147 37 eningen
266 331 120 30 härför
412 331 128 30 äskade
564 331 160 35 beloppet
749 339 41 20 av
815 330 97 34 9,000
939 330 128 29 kronor
1091 338 48 20 nu
1163 329 84 29 böra
1272 328 118 30 ställas
1415 327 50 30 till
1490 327 106 30 förfo-

96 383 120 36 gande,
245 381 44 32 då
317 383 56 29 det
402 382 76 30 icke
507 391 100 28 synes
636 390 83 21 vara
747 380 134 38 möjligt
909 380 56 31 för
992 380 204 36 föreningen
1224 382 48 28 att
1300 389 42 21 av
1372 387 87 28 egna
1487 378 110 31 medel

96 433 151 31 bestrida
277 433 233 30 kostnaderna
539 432 56 30 för
624 431 265 38 ifrågavarande
920 431 149 31 arbeten.
1111 431 111 36 Sagda
1251 431 126 36 belopp
1407 430 64 30 bör
1500 429 11 30 i
1542 438 55 22 en-

96 484 104 37 lighet
223 484 78 30 med
323 483 368 37 lantbruksstyrelsens
716 482 128 37 förslag
869 481 138 32 anvisas
1031 481 114 32 såsom
1169 484 46 28 ett
1240 481 139 31 särskilt
1403 481 128 36 anslag.

141 535 14 30 I
180 535 168 30 samband
372 535 80 29 med
476 534 66 31 den
566 533 227 36 verksamhet,
820 543 75 21 som
920 541 123 29 genom
1067 533 112 30 beslut
1203 542 41 21 av
1271 532 83 30 1940
1379 530 56 32 års
1458 530 141 38 lagtima

96 584 141 39 riksdag
264 584 207 38 igångsattes
500 584 54 31 för
585 584 377 37 skogsproduktionens
990 583 153 37 höjande
1172 584 10 29 i
1214 583 171 30 Norrland
1415 582 64 31 och
1509 582 89 30 vissa

95 637 110 30 andra
227 636 94 30 delar
340 645 42 21 av
403 636 125 35 landet,
549 636 98 30 torde
667 635 308 36 undersökningar,
997 635 57 30 vid
1074 634 94 31 vilka
1188 634 202 36 föreningen
1412 633 186 36 lämpligen

96 688 69 30 kan
189 687 145 36 biträda,
358 687 143 31 komma
523 686 51 30 till
598 686 103 31 stånd
722 686 147 30 rörande
892 685 264 37 möjligheterna
1180 688 49 27 att
1250 685 121 36 avlysa
1394 684 202 36 skogsbetet.

96 739 113 30 Innan
224 748 47 27 ny
286 738 184 36 utredning
486 736 206 37 igångsättes
707 736 46 37 på
768 735 266 38 ifrågavarande
1048 735 152 36 område,
1217 736 85 30 böra
1316 735 282 30 erfarenheterna

96 790 148 31 rörande
265 789 194 37 skogsbetet
478 787 79 32 från
578 788 155 31 nämnda
754 787 221 31 verksamhet
997 787 195 31 avvaktas.»

140 892 67 30 Vid
221 891 255 37 behandlingen
492 900 41 21 av
550 891 41 30 de
608 890 233 37 föreliggande
857 889 217 31 motionerna
1092 898 57 21 om
1167 889 81 30 ökat
1264 888 120 36 anslag
1401 887 35 31 åt
1454 887 146 31 svenska

97 944 81 30 vall-
196 943 64 30 och
277 941 417 35 mosskulturföreningen
711 941 63 30 har
789 940 96 30 inom
900 941 165 29 utskottet
1083 938 208 31 framhållits
1309 938 292 36 angelägenheten

99 1003 42 21 av
164 997 49 28 att
231 994 11 30 i
262 993 181 37 görligaste
464 991 81 32 mån
564 992 226 38 understödja
808 991 221 36 föreningens
1048 990 263 38 betydelsefulla
1332 990 229 31 verksamhet.
1584 989 14 30 I

99 1044 199 38 anslutning
317 1045 51 29 till
390 1045 43 30 de
453 1043 223 37 likalydande
695 1042 216 31 motionerna
931 1043 28 30 I:
975 1042 40 30 60
1037 1043 64 29 och
1126 1042 100 31 11:98
1246 1042 65 30 har
1332 1041 266 37 uppmärksam-

100 1099 100 33 mats,
220 1099 48 27 att
285 1095 204 37 föreningen
505 1113 44 3 —
567 1094 107 31 sedan
692 1104 43 20 en
753 1103 41 21 av
815 1094 76 30 dess
911 1093 57 31 två
987 1093 222 31 konsulenter
1230 1093 54 30 för
1305 1093 173 30 Norrland
1496 1093 66 30 den
1583 1093 14 29 1

99 1145 65 38 juli
183 1146 83 31 1940
286 1144 115 38 avgått
417 1154 43 22 ur
477 1144 221 37 föreningens
716 1143 106 37 tjänst
837 1161 45 3 —
898 1142 47 38 på
963 1143 110 36 grund
1091 1152 42 21 av
1150 1143 205 36 uppkomna
1374 1142 169 36 ökningar
1563 1151 42 21 av

101 1197 87 31 flera
209 1197 238 37 utgiftsposter
466 1196 75 31 icke
561 1199 112 28 ansett
693 1195 49 37 sig
765 1196 120 32 kunna
909 1194 205 32 återbesätta
1137 1195 67 31 den
1225 1194 145 32 sålunda
1393 1195 207 36 ledigblivna

101 1249 247 36 befattningen.
378 1247 121 32 Såsom
525 1247 208 32 framhållits
759 1247 11 30 i
796 1247 219 31 motionerna
1039 1247 142 30 komma
1209 1246 200 37 därigenom
1438 1247 42 32 de
1505 1256 94 21 norrt-

101 1300 148 31 ländska
265 1300 224 39 jordbruken,
509 1299 54 31 för
583 1299 111 31 vilkas
711 1298 197 37 utveckling
927 1298 220 37 föreningens
1168 1298 219 30 verksamhet
1405 1298 97 30 torde
1519 1307 82 21 vara

100 1351 139 32 särskilt
258 1351 181 36 värdefull,
461 1353 48 29 att
529 1350 94 31 bliva
643 1350 244 36 missgynnade
907 1350 11 29 i
938 1349 220 31 förhållande
1178 1349 50 31 till
1249 1349 109 30 andra
1378 1349 222 30 landsdelars.

103 1403 115 37 Enligt
234 1403 67 30 vad
317 1403 167 30 utskottet
500 1402 172 30 inhämtat
690 1400 78 31 från
785 1401 204 36 föreningen
1005 1401 97 30 torde
1118 1401 56 29 det
1191 1400 75 31 icke
1281 1400 108 30 heller
1405 1400 92 30 bliva
1514 1399 86 39 möj-

101 1453 61 36 ligt
188 1455 49 28 att
262 1452 95 31 inom
387 1452 68 30 den
483 1461 41 21 av
551 1450 381 38 departementschefen
961 1450 148 36 angivna
1138 1450 259 36 anslagsramen
1424 1449 55 30 för
1507 1449 100 30 nästa

102 1503 169 37 budgetår
290 1503 207 32 återbesätta
518 1503 233 31 omförmälda
771 1501 392 37 konsulentbefattning;
1184 1502 10 30 i
1216 1502 111 30 stället
1345 1502 65 30 har
1430 1501 172 36 förening-

100 1565 43 20 en
163 1556 99 31 tänkt
284 1555 47 36 sig
355 1557 49 28 att
424 1556 66 29 den
510 1554 56 31 för
588 1554 224 30 Norrbottens
833 1554 58 30 län
915 1554 168 30 anställde
1103 1553 228 30 konsulenten
1353 1553 111 30 skulle
1483 1553 120 29 kunna

102 1605 188 32 tillsvidare
311 1606 145 31 handha
479 1606 85 30 även
586 1605 92 31 vissa
700 1605 214 36 begränsade
939 1604 290 37 arbetsuppgifter
1251 1604 95 30 inom
1372 1604 55 30 det
1453 1603 150 31 vakanta

103 1657 230 31 norrländska
349 1656 370 31 konsulenidistriktet.
740 1655 52 31 Då
809 1666 42 20 en
872 1655 108 31 sådan
998 1655 194 36 anordning
1212 1664 98 28 synes
1330 1655 166 30 utskottet
1516 1654 86 31 otill-

101 1707 275 36 fredsställande,
396 1708 66 30 har
480 1708 165 30 utskottet
664 1708 78 30 med
761 1708 136 35 hänsyn
917 1707 51 31 till
988 1707 148 30 anförda
1155 1705 244 32 förhållanden
1419 1706 75 30 icke
1515 1705 89 30 velat

102 1760 163 30 motsätta
288 1759 49 36 sig
360 1760 65 30 den
448 1759 128 36 ökning
597 1769 43 20 av
662 1759 152 35 anslaget
834 1759 80 29 med
941 1758 115 34 11,500
1078 1758 139 34 kronor,
1242 1757 114 30 vilken
1378 1756 193 36 föreslagits
1593 1756 11 29 i

102 1811 236 35 nyssnämnda
367 1810 171 31 motioner
566 1809 115 31 såsom
708 1809 201 36 erforderlig
937 1809 56 30 för
1017 1808 321 37 upprätthållandet
1365 1817 42 22 av
1434 1806 169 37 ifrågava-

102 1862 107 30 rande
231 1861 389 36 konsulentbefattning.

147 1912 75 31 Vad
242 1912 107 36 angår
367 1912 217 30 motionerna
603 1912 27 29 I:
647 1912 40 29 59
706 1912 63 29 och
790 1911 43 30 II:
849 1912 52 35 67,
921 1911 231 35 likalydande,
1176 1919 56 20 om
1254 1910 120 34 anslag
1392 1909 55 30 för
1464 1907 146 36 höjning

103 1973 43 20 av
170 1963 252 36 dyrtidstillägg
447 1966 88 27 samt
562 1963 44 29 II:
622 1963 40 28 97
689 1961 175 36 angående
891 1962 120 34 anslag
1035 1961 53 30 för
1115 1960 90 31 vissa
1231 1959 301 36 undersökningar
1555 1960 53 29 rö-

103 2014 108 30 rande
228 2014 211 35 skogsbetets
459 2014 103 29 värde
583 2023 100 20 anser
700 2013 48 35 sig
766 2014 174 33 utskottet,
962 2013 108 28 ehuru
1088 2011 278 30 beaktansvärda
1384 2011 74 29 skäl
1477 2010 132 30 anförts

103 2065 131 36 jämväl
255 2064 49 31 till
329 2065 75 29 stöd
429 2064 55 30 för
506 2065 98 29 dessa
627 2064 138 35 förslag,
788 2063 85 31 dock
899 2064 8 28 i
931 2063 200 30 nuvarande
1154 2062 74 35 läge
1252 2061 197 30 förhindrat
1474 2064 47 27 att
1545 2061 63 29 till-

104 2117 118 35 styrka
240 2115 111 36 någon
370 2115 314 35 medelsanvisning
702 2115 55 29 för
774 2114 148 35 angivna
941 2113 172 31 ändamål.

148 2168 15 29 I
182 2167 92 30 detta
292 2166 254 35 sammanhang
563 2166 65 29 har
647 2165 163 30 utskottet
829 2165 90 29 velat
939 2164 75 37 giva
1032 2164 138 36 uttryck
1190 2162 33 31 åt
1244 2164 64 29 den
1328 2162 278 37 uppfattningen,

104 2220 48 28 att
178 2217 92 30 inom
294 2216 203 36 föreningen
519 2217 64 29 bör
605 2216 223 34 undersökas,
851 2215 173 30 huruvida
1048 2225 40 19 en
1115 2214 274 35 rationalisering
1413 2224 42 20 av
1480 2215 125 28 konsu-

103 2268 335 30 lentverksamheten
464 2268 68 28 kan
557 2267 270 30 åstadkommas.
854 2266 114 34 Enligt
992 2266 182 29 utskottets
1200 2265 137 34 mening
1365 2265 96 29 torde
1486 2264 119 30 nämli-

105 2327 65 26 gen
188 2318 276 30 hittillsvarande
484 2316 213 37 uppdelning
716 2326 41 20 av
777 2316 315 29 konsulentarbetet
1112 2314 45 37 på
1177 2314 19 30 å
1217 2324 62 20 ena
1300 2314 99 29 sidan
1418 2314 106 29 betes-
1545 2314 63 29 och

106 2368 187 29 vallkultur
314 2371 89 27 samt
423 2367 19 30 å
462 2368 105 29 andra
590 2367 98 29 sidan
709 2366 194 35 myrodling
923 2367 118 28 kunna
1065 2365 181 30 avvecklas
1267 2365 63 29 och
1355 2364 142 29 därmed
1519 2373 88 20 sam-

106 2419 267 34 manhängande
393 2417 205 35 dubblering
619 2427 42 20 av
682 2417 207 35 tjänstemän
910 2417 170 34 upphöra.
1103 2416 207 33 Därigenom
1334 2415 97 29 torde
1452 2424 39 19 en
1517 2414 91 34 inga-

105 2469 108 30 lunda
238 2468 176 37 obetydlig
436 2468 188 36 besparing
647 2467 88 31 efter
759 2467 95 31 hand
878 2466 237 36 möjliggöras,
1140 2465 172 36 varjämte
1336 2464 10 30 i
1373 2463 83 31 mån
1480 2462 129 32 förhål-

1650 893 127 26 Utskottet.
