2181 2708
687 182 80 36 Lag-
779 178 165 31 Utskottets
972 177 168 31 Utlåtande
1165 176 60 31 N:o
1253 176 45 30 16.
1741 177 11 26 1

898 632 91 43 N:o
1018 632 79 40 16.

691 787 74 27 Ank.
791 787 43 27 till
858 786 102 28 Riksd.
986 786 101 29 Kansli
1111 786 54 29 den
1190 788 37 26 22
1251 785 80 28 Mars
1357 785 89 34 1877,
1471 784 38 28 kl.
1538 784 15 27 5
1579 792 23 19 e.
1630 791 36 19 m.

399 932 208 44 Utlåtande,
642 933 14 34 i
689 931 199 48 anledning
922 931 44 48 af
997 930 124 36 väckta
1154 930 185 42 motioner,
1376 928 74 37 dels
1492 941 55 22 om
1588 927 159 46 ändring
1787 927 13 34 i

601 982 129 47 Kongl.
764 982 274 48 förordningen
1086 982 68 34 den
1194 981 47 35 31
1284 979 149 37 Oktober
1476 979 95 35 1873
1610 978 191 47 angdende

591 1033 232 45 främmande
850 1032 268 36 trosbekännare
1146 1031 60 35 och
1241 1031 105 35 deras
1379 1028 310 49 religionsöfning,
1725 1027 76 36 dels

593 1084 60 35 ock
683 1096 56 22 om
767 1083 258 48 upphäfvande
1065 1082 44 49 af
1141 1081 83 36 eller
1263 1081 160 47 ändring
1450 1080 14 35 i
1495 1078 125 49 Kongl.
1649 1079 149 45 förord-

595 1135 134 46 ningen
758 1135 66 34 den
853 1135 41 34 II
923 1134 194 35 December
1145 1132 98 36 1868
1272 1131 190 49 angdende
1495 1130 183 36 särskilda
1706 1141 93 23 sam-

596 1185 240 36 mankomster
855 1184 67 48 för
950 1183 296 49 andaktsöfning.

327 1337 64 36 Uti
417 1349 44 23 en
491 1337 103 35 inom
621 1335 132 36 Första
773 1335 224 35 Kammaren
1027 1335 111 35 väckt
1166 1333 66 36 och
1262 1333 58 35 till
1348 1331 290 49 Lag-Utskottet
1670 1330 129 36 remit-

195 1388 104 37 terad
329 1388 144 35 motion
502 1385 85 47 (N:o
617 1384 38 47 9)
684 1387 68 35 har
779 1385 98 36 Herr
904 1385 116 36 Frith.
1048 1383 208 50 Grafström
1297 1383 113 36 bland
1453 1387 111 31 annat
1598 1381 201 46 föreslagit,

195 1445 71 31 vatt
307 1437 9 47 $
347 1440 19 34 3
396 1437 39 37 af
462 1437 129 49 Kongl.
620 1437 268 46 förordningen
918 1435 38 36 af
982 1435 69 36 den
1083 1437 42 34 31
1157 1434 168 37 Oktober
1355 1435 94 35 1873
1479 1431 189 48 angående
1684 1430 114 37 främ-

197 1490 132 36 mande
370 1489 288 35 trosbekännare
699 1488 68 35 och
809 1487 105 35 deras
948 1485 324 49 religionsöfning,
1312 1487 114 33 måtte
1461 1483 139 36 erhålla
1636 1481 163 48 följande

197 1541 160 49 lydelse:

331 1593 68 33 1:o.
453 1589 78 37 Har
558 1589 157 36 medlem
744 1588 39 36 af
808 1589 158 35 svenska
994 1588 144 47 kyrkan
1167 1587 174 36 omfattat
1368 1583 232 38 främmande
1624 1585 77 34 lära
1730 1583 69 35 och

196 1642 63 36 vill
287 1641 231 36 fördenskull
548 1653 42 22 ur
617 1640 143 47 kyrkan
789 1638 166 45 utträda;
997 1637 98 47 gifve
1136 1638 58 36 sin
1223 1637 113 49 afsigt
1363 1637 56 35 till
1447 1637 122 34 känna
1587 1634 58 36 för
1661 1634 140 46 kyrko-

198 1692 141 36 herden
366 1691 11 35 i
405 1691 70 35 den
502 1689 220 48 församling
750 1689 72 36 han
844 1689 136 35 tillhör.
1022 1687 253 37 Framhärdar
1291 1688 69 35 han
1389 1687 8 34 i
1426 1687 56 35 sin
1500 1684 124 48 afsigt,
1654 1684 148 36 inställe

196 1744 67 47 sig,
292 1741 112 37 sedan
433 1742 114 35 minst
574 1744 63 32 två
663 1739 177 36 månader
868 1738 175 45 förflutit,
1072 1739 239 47 personligen
1339 1737 65 36 hos
1431 1735 260 50 kyrkoherden
1706 1739 96 30 samt

201 1793 144 36 anmäle
373 1793 57 47 sig
458 1792 57 35 till
544 1790 148 36 utträde
721 1803 44 23 ur
792 1791 161 47 kyrkan;
978 1789 68 36 och
1075 1796 89 41 göre
1193 1787 259 50 kyrkoherden
1494 1785 129 37 derom
1651 1784 152 37 anteck-

200 1845 89 44 ning
316 1844 11 34 i
355 1842 258 50 kyrkoboken.
667 1841 42 48 Ej
741 1843 58 33 må
826 1843 121 45 någon
977 1843 45 44 på
1050 1839 121 50 grund
1200 1839 38 36 af
1265 1839 181 42 anmälan,
1476 1849 75 24 som
1576 1836 100 36 skett
1691 1836 110 35 innan

202 1895 69 35 han
313 1893 70 49 fylt
411 1893 157 36 aderton
598 1896 50 40 år,
678 1904 106 24 anses
813 1891 81 36 från
923 1891 155 36 svenska
1106 1891 142 48 kyrkan
1276 1889 108 37 skild.
1426 1888 16 36 I
1469 1886 233 38 främmande
1731 1885 73 37 för-

201 1946 159 45 samling
389 1947 58 33 må
476 1944 30 46 ej
536 1943 115 36 heller
679 1946 118 43 någon
826 1941 80 36 före
934 1942 162 35 nämnda
1125 1941 102 36 ålder
1254 1946 196 42 upptagas.

337 1997 68 34 2:0.
460 1993 163 37 Medlem
652 1992 39 37 af
715 1993 157 36 svenska
900 1992 155 48 kyrkan,
1084 2005 81 23 som
1194 1992 174 47 antingen
1385 1998 135 40 vägrar
1547 1993 55 31 att
1617 1987 97 48 döpa
1741 1987 64 35 sitt

202 2048 104 41 barn,
334 2044 155 38 oaktadt
517 2045 71 35 han
618 2044 129 36 derom
776 2043 38 36 af
841 2042 278 37 vederbörande
1147 2047 125 44 pastor
1300 2041 159 48 påmints
1487 2040 67 36 och
1583 2043 56 31 ett
1666 2041 40 33 år
1733 2036 71 37 för-

204 2098 110 43 flutit,
356 2096 114 37 sedan
512 2095 132 36 barnet
683 2094 145 44 föddes,
857 2094 89 36 eller
974 2094 69 35 ock
1072 2102 134 39 vägrar
1234 2098 54 31 att
1316 2091 39 37 af
1379 2091 162 50 kyrkans
1570 2089 233 49 presterskap

205 2153 166 41 mottaga
398 2145 246 37 föreskrifven
671 2143 452 49 religionsundervisning
1164 2144 69 36 och
1274 2149 55 30 att
1356 2142 254 42 konfirmeras,
1652 2138 154 37 oaktadt

207 2199 70 35 han
305 2200 158 46 uppnått
492 2195 158 51 myndig
677 2195 115 45 ålder,
821 2196 89 35 eller
939 2194 68 36 ock
1024 2194 169 48 deltager
1220 2195 10 34 i
1259 2193 114 37 sådan
1390 2191 309 49 nattvardsgång,
1726 2200 79 25 som

248 2256 76 30 Bih.
348 2255 50 31 till
420 2254 115 31 Riksd.
560 2253 87 31 Prot.
672 2253 91 31 1877.
810 2253 16 29 7
849 2251 99 32 Saml.
994 2251 38 30 11
1057 2251 91 39 Höft.
1706 2248 15 26 1
