1920 2786
288 146 40 31 36
578 146 405 40 Bevillningsutskottets
998 147 218 31 betänkande
1232 157 42 21 nr
1288 148 42 30 62
1346 147 40 32 år
1401 148 84 31 1960

293 253 86 30 ende
405 252 20 30 å
452 261 115 26 varor,
593 252 90 30 dock
712 254 51 29 att
788 253 68 29 den
886 261 74 21 som
991 252 282 41 fabriksmässigt
1302 254 180 30 tillverkar
1512 254 264 32 förbearbetade

291 306 282 37 byggnadsvaror
590 306 88 29 skall
694 315 103 20 anses
814 306 114 29 såsom
944 306 212 30 konsument
1172 307 10 29 i
1200 307 97 36 fråga
1313 316 56 20 om
1387 307 108 37 inköp
1513 308 54 29 för
1583 308 109 30 sådan
1708 309 68 30 till-

289 359 182 40 verkning.
491 358 97 31 Efter
606 359 245 30 motsvarande
870 359 152 40 grunder
1041 360 142 38 avgöres
1203 369 56 21 om
1279 360 78 35 den,
1376 360 35 30 åt
1429 361 116 30 vilken
1565 361 210 38 tjänstepre-

292 413 129 30 station
439 412 296 35 tillhandahålles,
754 413 38 30 är
808 414 54 29 att
880 422 84 21 anse
983 422 74 21 som
1077 413 220 31 konsument.
1318 413 176 31 Eftersom
1514 414 166 40 fastighet
1699 415 75 30 icke

292 467 38 29 är
347 468 52 29 att
416 465 150 31 hänföra
585 466 51 30 till
655 474 94 27 vara,
768 465 103 37 följer
890 475 43 21 av
951 466 58 31 det
1027 466 107 40 sagda
1152 467 51 30 att
1220 466 255 40 byggmästare,
1494 467 282 41 byggnadshant-

291 519 146 30 verkare
455 519 65 30 och
539 519 164 30 liknande
721 520 61 29 äro
800 521 49 28 att
867 529 83 21 anse
966 519 118 30 såsom
1104 520 249 30 konsumenter
1371 521 58 30 vid
1448 520 140 32 förvärv
1605 530 42 22 av
1663 522 112 30 andra

292 581 102 21 varor
413 572 56 31 för
488 573 53 30 sin
559 573 224 31 verksamhet
801 573 43 30 än
863 573 41 30 de
921 574 11 29 i
950 573 81 31 näst
1049 573 206 41 föregående
1273 573 120 39 stycke
1411 574 150 40 angivna
1580 574 197 32 förbearbe-

293 626 78 30 tade
393 626 342 40 byggnadsvarorna.

337 679 48 30 På
403 680 247 30 motsvarande
668 680 70 31 sätt
755 681 60 29 äro
832 681 143 29 utövare
994 690 41 20 av
1052 680 197 40 personliga
1268 680 160 38 tjänster,
1447 682 210 36 exempelvis
1676 682 101 30 frisö-

294 742 54 21 rer
369 742 81 21 men
472 734 86 29 även
581 733 118 30 läkare
721 734 64 29 och
807 734 217 35 tandläkare,
1046 735 50 30 att
1117 733 150 31 hänföra
1288 734 52 31 till
1364 734 261 32 konsumenter.

333 795 13 29 I
368 794 100 41 fråga
491 804 56 21 om
570 795 343 40 icke-yrkesmässigt
934 814 42 5 —
1001 796 174 39 upplagan
1199 796 51 31 till
1273 796 192 40 utgivaren.

333 857 226 40 Försäljning
583 857 51 31 till
659 857 213 31 konsument
893 875 46 5 —
962 857 336 31 tillhandahållande
1324 868 41 21 av
1390 858 337 38 tjänsteprestation.

335 919 77 30 Med
438 921 98 38 uttag
560 928 41 21 ur
626 920 129 30 rörelse
780 919 128 31 förstås
934 920 11 29 i
972 919 38 30 12
1038 919 15 35 8
1079 919 97 37 varje
1199 920 319 41 ianspråktagande
1540 930 45 21 av
1609 931 85 21 vara
1720 921 53 31 för

291 976 109 28 annat
417 972 163 30 ändamål
600 974 44 28 än
661 973 237 40 yrkesmässig
916 972 288 41 återförsäljning
1221 974 83 30 eller
1323 974 178 40 servering
1517 975 84 30 eller
1622 975 153 30 använd-

291 1026 84 39 ning
396 1026 116 30 såsom
533 1025 159 31 material
712 1026 57 30 vid
788 1026 238 40 yrkesmässig
1044 1026 225 41 tillverkning
1288 1036 42 21 av
1350 1036 102 21 varor
1474 1027 56 31 för
1550 1028 120 30 avsalu
1692 1029 84 30 eller

291 1079 56 29 vid
371 1079 254 39 yrkesmässigt
649 1079 187 31 utförande
860 1089 43 21 av
927 1079 364 38 tjänsteprestationer
1317 1081 78 30 med
1421 1082 170 30 avseende
1617 1081 20 30 å
1662 1091 112 21 varor.

291 1132 67 30 Till
378 1134 101 39 uttag
498 1132 165 31 hänföres
685 1132 133 31 således
839 1133 76 30 icke
954 1134 125 30 endast
1099 1133 319 41 ianspråktagande
1439 1143 43 21 av
1500 1144 103 20 varor
1624 1134 55 31 för
1700 1144 76 28 per-

291 1186 128 39 sonligt
441 1185 163 31 ändamål
627 1187 86 29 utan
736 1187 86 29 även
845 1186 210 37 exempelvis
1077 1186 198 41 överföring
1298 1196 43 21 av
1362 1197 45 21 en
1429 1187 239 31 skrivmaskin
1693 1187 80 31 från

292 1248 43 20 en
356 1239 463 37 skrivmaskinsförsäljares
839 1240 94 37 lager
954 1240 55 29 för
1029 1240 223 37 användning
1272 1240 44 38 på
1338 1241 89 30 hans
1447 1241 156 30 kontor.»

338 1301 75 29 dels
435 1301 66 30 ock
523 1303 50 28 att
597 1301 39 30 18
661 1301 16 37 8
701 1301 19 30 3
744 1311 103 21 mom.
870 1301 457 42 varuskatteförordningen
1351 1302 90 31 skall
1462 1302 135 31 erhålla
1622 1302 157 38 följande

294 1354 144 37 lydelse:

339 1417 40 29 »3
400 1425 106 22 mom.
528 1417 66 30 För
616 1417 140 34 rörelse,
777 1417 10 30 i
808 1417 119 30 vilken
945 1417 101 40 ingår
1067 1418 336 31 tillhandahållande
1426 1428 42 21 av
1490 1418 288 41 monteringsfär-

294 1470 79 39 diga
393 1470 124 30 trähus
537 1470 83 30 eller
641 1470 260 39 lättbetonghus
923 1471 90 30 skall
1034 1471 148 36 skatten,
1199 1472 14 29 i
1232 1472 64 30 vad
1319 1481 101 21 avser
1440 1471 338 31 tillhandahållande

295 1523 63 29 och
379 1525 99 35 uttag
498 1532 42 21 ur
560 1523 128 30 rörelse
709 1533 42 20 av
770 1524 131 30 sådana
921 1525 77 34 hus,
1020 1524 171 31 beräknas
1212 1525 148 31 allenast
1381 1526 20 30 å
1423 1526 40 30 70
1485 1528 142 35 procent
1649 1534 43 21 av
1713 1525 67 30 den

287 1576 102 37 eljest
411 1576 264 40 skattepliktiga
697 1578 290 39 omsättningen.»

295 1709 30 30 3.
360 1718 79 30 ang.
459 1709 194 40 ersättning
672 1709 52 31 till
742 1710 267 39 näringsidkare
1025 1711 58 37 för
1101 1710 151 37 bestyret
1270 1711 79 30 med
1368 1710 159 37 uppbörd
1545 1710 64 31 och
1629 1710 151 31 redovis-

362 1762 86 41 ning
470 1772 42 21 av
534 1763 138 30 skatten
703 1763 58 34 (46
784 1764 64 30 och
871 1764 42 30 49
936 1763 73 38 88).

332 1843 49 29 De
401 1843 256 40 skattskyldiga
674 1843 63 30 bör
755 1844 230 29 tillerkännas
1000 1844 196 39 ersättning
1213 1853 43 21 av
1274 1844 201 31 statsmedel
1495 1844 56 31 för
1568 1844 205 38 uppbörden

289 1896 64 29 och
368 1896 268 40 redovisningen
650 1906 46 20 m.
711 1906 44 21 m.
771 1906 41 21 av
826 1897 194 30 varuskatt.
1036 1897 130 30 Genom
1181 1897 60 32 sitt
1253 1898 184 37 sysslande
1451 1899 79 29 med
1545 1898 228 30 varuskatten

292 1949 129 36 fullgör
439 1950 41 29 de
500 1950 254 37 skattskyldiga
772 1960 42 20 en
833 1950 117 37 statlig
968 1950 174 30 funktion.
1162 1951 209 37 Uppbörden
1391 1960 74 21 som
1484 1951 294 37 näringsidkarna

292 2002 217 38 ombesörjer
537 2004 38 29 är
599 2003 149 30 sålunda
776 2013 42 20 en
847 2004 52 30 till
929 2004 78 30 dem
1034 2004 179 39 delegerad
1244 2004 366 40 förvaltningsmässig
1637 2004 141 41 uppgift

295 2056 64 29 och
379 2056 64 30 bör
463 2056 76 30 icke
558 2056 179 31 betraktas
759 2066 73 21 som
853 2066 42 21 en
917 2057 150 31 kostnad
1088 2057 56 30 för
1164 2058 164 29 rörelsen.

335 2118 197 30 Utskottets
555 2119 178 36 majoritet
756 2128 100 21 anser
879 2119 192 31 emellertid
1095 2121 49 29 att
1168 2119 41 30 de
1232 2129 41 21 av
1297 2119 138 31 skatten
1461 2120 204 30 föranledda
1689 2129 88 21 mer-

291 2171 238 30 kostnaderna
550 2172 71 30 inte
642 2172 39 30 är
700 2172 149 31 avsedda
871 2175 51 28 att
943 2173 10 29 i
976 2173 108 30 första
1107 2173 93 29 hand
1223 2173 131 30 drabba
1373 2173 295 37 näringsidkarna
1692 2175 84 28 utan

291 2225 308 31 konsumenterna.

334 2288 104 31 Detta
457 2288 136 30 medför
611 2298 43 20 en
674 2288 132 30 allmän
823 2287 225 41 prishöjning
1064 2288 121 30 utöver
1203 2288 65 30 vad
1290 2297 74 21 som
1384 2288 198 31 föranledes
1602 2298 42 21 av
1663 2288 112 37 själva

291 2342 151 30 skatten.
463 2342 52 29 En
536 2341 108 31 sådan
661 2341 115 31 effekt
793 2341 62 30 bör
876 2341 274 30 statsmakterna
1171 2341 164 32 undvika.
1357 2342 94 30 även
1472 2351 41 21 ur
1533 2340 244 41 näringsidka-

291 2404 79 21 rens
386 2396 65 29 och
468 2395 275 30 konsumentens
755 2395 184 38 synpunkt
953 2395 40 29 är
1005 2396 51 29 ett
1070 2395 113 37 dylikt
1198 2394 203 31 förfarande
1416 2393 359 32 otillfredsställande.

290 2449 52 29 En
359 2449 117 39 skälig
494 2449 195 40 ersättning
706 2448 64 31 bör
789 2448 147 30 sålunda
957 2448 135 31 lämnas
1111 2448 42 30 de
1173 2448 257 40 skattskyldiga
1449 2457 43 21 av
1511 2447 219 32 statsverket.
