2181 2752
361 235 18 28 4
803 229 201 42 Bevillnings-
1013 228 152 32 Utskottets
1188 228 199 32 Betänkande
1410 225 64 34 N:o
1498 229 25 30 7.

361 312 94 36 lidet
495 315 40 33 år
575 311 208 44 nedbrann,
812 311 169 36 kommer
1013 315 56 31 att
1102 312 80 34 åter
1210 309 235 49 uppbyggas.
1502 308 81 38 Och
1611 308 82 36 från
1722 309 204 48 delegarne
1955 309 11 35 i

362 364 162 36 nämnda
565 363 123 37 fabrik
729 363 67 35 har
836 363 94 44 icke,
972 362 197 37 Utskottet
1201 362 222 48 veterligen,
1457 360 186 49 försports
1672 364 122 44 någon
1824 361 143 37 önskan

362 422 56 30 att
453 416 59 36 för
540 415 298 49 möjliggörande
868 413 39 37 af
931 414 299 36 fabrikationens
1259 413 327 48 återupptagande
1616 416 122 45 någon
1769 412 160 49 ändring
1957 413 9 35 i

362 468 233 49 Riksdagens
624 470 40 33 år
707 468 93 37 1869
843 465 144 37 fattade
1022 465 127 36 beslut
1181 464 193 50 angående
1409 464 286 50 ifrågavarande
1724 464 244 47 beskattning

362 520 122 36 skulle
513 519 183 49 vidtagas.

464 606 78 42 Ått,
577 609 122 32 såsom
729 605 238 35 motionären
994 603 129 37 vidare
1151 602 201 45 förmenar,
1382 615 45 22 en
1456 602 92 36 eller
1576 614 121 23 annan
1725 600 124 37 fabrik
1879 601 90 48 wmöj-

363 659 102 48 ligen
498 658 120 36 skulle
655 660 80 32 åter
763 657 151 35 komma
943 655 58 36 till
1029 654 122 44 stånd,
1181 655 10 34 i
1220 654 179 36 händelse
1429 652 447 49 tillverkningsafgiftens
1904 666 66 22 nu-

363 709 164 38 varande
556 709 138 48 belopp
724 709 77 35 tills
828 708 130 36 vidare
986 705 186 38 förblefve
1202 705 259 45 oförändradt,
1490 705 72 36 kan
1586 704 199 37 Utskottet
1805 704 30 47 ej
1857 710 114 30 annat

365 770 46 27 än
452 761 164 36 betvifla.
671 760 179 36 Tvärtom
888 759 132 44 skulle,
1054 758 120 48 enligt
1213 757 215 36 Utskottets
1470 756 268 49 öfvertygelse,
1781 756 64 35 det
1874 755 97 36 oför-

365 813 187 47 delaktigt
593 811 156 35 inverka
789 814 47 44 på
870 809 286 48 ifrågavarande
1185 808 176 44 industri,
1391 820 61 22 om
1480 807 65 35 det
1572 808 118 34 redan
1718 813 164 41 antagna
1909 807 63 34 be-

366 864 398 48 skattningssystemet
792 867 90 31 utan
910 860 207 49 fullgiltiga
1146 859 248 48 anledningar
1423 858 184 36 ändrades
1636 858 71 36 och
1735 856 237 50 lagstiftaren

367 916 219 48 derigenom
615 914 129 36 visade
772 914 57 47 sig
857 912 207 36 vacklande
1094 912 160 35 emellan
1283 911 99 35 olika
1412 910 257 49 grundsatser.

467 999 196 37 Utskottet
703 999 73 35 kan
803 997 238 37 fördenskull
1070 997 30 48 ej
1130 996 191 49 tillstyrka
1349 999 125 45 någon
1502 995 162 49 ändring
1697 996 10 34 i
1739 993 234 50 Riksdagens

368 1052 58 36 uti
453 1050 286 50 ifrågavarande
769 1049 216 36 hänseende
1012 1048 106 36 förut
1144 1048 144 36 fattade
1317 1048 136 35 beslut.

469 1136 109 36 Hvad
606 1136 155 34 härnäst
790 1137 116 45 angår
935 1134 72 35 den
1036 1133 40 36 af
1100 1134 238 35 motionären
1366 1132 59 36 för
1452 1133 98 35 vissa
1578 1131 65 36 fall
1668 1131 216 48 föreslagna
1901 1130 74 36 för-

370 1188 160 48 ändring
562 1187 12 35 i
607 1186 218 35 nuvarande
859 1186 228 43 kontrollen,
1122 1188 40 32 så
1194 1188 118 32 måste
1347 1184 65 36 det
1444 1184 221 46 visserligen
1695 1183 195 44 erkännas,
1920 1187 55 30 att

370 1240 122 35 denna
520 1238 180 43 kontroll,
730 1238 11 34 i
769 1236 236 36 förhållande
1034 1236 58 36 till
1126 1241 143 31 statens
1301 1235 166 36 inkomst
1508 1234 39 36 af
1585 1233 287 49 ifrågavarande
1913 1233 63 36 be-

370 1289 206 48 skattning,
617 1287 146 37 medför
803 1287 173 48 betydlig
1007 1287 173 35 kostnad.
1234 1286 223 36 Emellertid
1495 1285 72 35 blir
1590 1285 55 47 ju,
1675 1297 59 23 om
1764 1285 71 35 och
1864 1284 11 35 i
1904 1284 72 35 den

370 1345 99 40 mån,
499 1341 10 34 i
538 1339 390 36 öfverensstämmelse
957 1338 85 35 med
1071 1338 167 36 beslutet
1269 1337 63 36 vid
1370 1339 92 35 1869
1493 1340 64 32 års
1592 1336 194 43 riksmöte,
1827 1335 148 36 skatten

371 1393 117 47 höjes,
517 1391 217 36 kontrollen
762 1390 243 47 naturligtvis
1033 1389 152 36 relativt
1214 1389 184 48 billigare.

473 1469 79 44 Att,
587 1471 122 33 såsom
742 1467 238 35 motionären
1013 1465 208 49 ifrågasatt,
1256 1466 11 34 i
1295 1464 46 36 de
1371 1463 40 36 af
1435 1464 141 35 honom
1604 1462 184 49 uppgifna
1828 1462 66 36 fall
1922 1475 56 23 er-

373 1526 97 31 sätta
498 1519 219 37 nuvarande
746 1518 168 36 kontroll
943 1517 83 36 med
1056 1530 45 22 en
1129 1516 165 36 indirekt
1322 1529 135 34 genom
1481 1515 139 48 utdrag
1639 1514 40 36 af
1693 1513 286 37 fabriksböcker

374 1572 69 37 och
485 1584 136 36 genom
654 1570 199 44 revisorer,
887 1582 109 36 synes
1028 1568 198 36 Utskottet
1263 1567 30 48 ej
1323 1566 233 37 välbetänkt.
1612 1566 197 36 Utskottet
1837 1565 143 36 tillåter

374 1625 57 46 sig
464 1629 56 30 att
553 1622 132 35 härvid
719 1622 124 35 erinra
872 1634 60 21 om
962 1619 204 36 huruledes
1193 1619 64 35 vid
1288 1620 94 34 1873
1412 1621 59 32 års
1499 1618 181 35 riksmöte
1705 1618 118 46 jemte
1852 1615 127 37 ofvan-

375 1674 162 36 berörda
577 1672 135 49 Kongl.
754 1672 239 48 proposition
1034 1671 57 35 till
1135 1669 232 48 behandling
1407 1668 172 36 förekom
1620 1681 42 22 en
1700 1668 156 43 motion,
1886 1667 93 44 deri,

375 1725 115 37 bland
531 1730 125 37 annat,
694 1723 140 48 jemväl
875 1722 174 49 yrkades,
1091 1727 55 30 att
1185 1724 123 45 någon
1349 1733 123 22 annan
1504 1719 168 36 kontroll
1706 1719 62 35 vid
1798 1718 182 36 hvitbets-

376 1775 430 47 sockertillverkningen
837 1775 31 47 ej
898 1773 118 36 borde
1046 1786 68 34 ega
1138 1785 96 31 rum,
1256 1779 45 28 än
1321 1784 137 35 genom
1479 1770 184 36 särskilda
1682 1769 299 41 fabriksböcker,

376 1827 108 36 förda
525 1830 48 44 på
608 1825 254 48 lagbestämdt
896 1830 75 30 sätt
1005 1824 71 35 och
1104 1823 238 48 tillgängliga
1384 1822 62 35 vid
1487 1821 215 36 anfordran.
1757 1820 223 36 Dävarande

376 1877 409 48 Bevillnings-Utskott
812 1879 115 43 ansåg
955 1875 116 36 sådan
1098 1875 167 35 kontroll
1295 1874 30 47 ej
1356 1872 169 36 medföra
1554 1872 226 47 erforderlig
1806 1871 176 36 säkerhet

378 1929 59 36 för
478 1934 143 30 statens
661 1933 78 30 rätt
772 1928 59 35 till
859 1925 319 38 utbekommande
1207 1924 40 37 af
1271 1925 74 35 den
1373 1923 181 49 stadgade
1584 1924 166 43 skatten;
1780 1922 70 36 och
1879 1922 64 35 det
1972 1922 10 35 i

377 1981 11 35 i
430 1980 163 35 nämnda
634 1979 215 35 hänseende
890 1978 133 36 väckta
1065 1976 181 48 förslaget
1286 1975 180 49 lyckades
1500 1975 31 47 ej
1567 1975 119 35 heller
1718 1974 176 36 tillvinna
1925 1973 57 48 sig

378 2031 234 48 Riksdagens
640 2029 118 36 bifall.

479 2107 182 36 Förutom
704 2107 161 35 berörda
906 2105 40 36 af
983 2103 452 48 Bevillnings-Utskottet
1467 2103 63 35 vid
1567 2105 93 34 1873
1702 2105 59 32 års
1801 2101 182 36 riksmöte

380 2159 214 48 åberopade
624 2158 293 48 omständighet,
947 2157 110 35 torde
1085 2161 102 30 emot
1214 2155 97 36 Herr
1338 2153 117 37 Jonas
1473 2152 242 37 Anderssons
1735 2152 249 36 förevarande

380 2210 142 48 förslag
562 2210 126 35 kunna
730 2209 84 35 med
849 2208 65 48 fog
948 2207 197 37 anmärkas
1187 2206 64 37 det
1292 2205 204 48 olämpliga
1537 2205 54 35 uti
1622 2210 55 30 att
1704 2203 59 36 för
1792 2203 100 36 olika
1918 2202 65 36 fall

381 2262 132 47 stadga
555 2261 99 36 olika
694 2259 238 37 föreskrifter
972 2260 11 34 i
1025 2258 175 36 afseende
1242 2261 20 32 å
1293 2257 217 35 kontrollen
1551 2255 106 36 öfver
1697 2254 286 49 ifrågavarande

381 2313 252 47 beskattning.
