2228 2606
402 172 19 30 8
656 173 244 31 Sammansatta
921 176 91 29 stats-
1035 173 56 32 och
1113 174 220 40 lagutskottets
1354 186 42 20 nr
1419 177 24 30 2
1463 176 169 31 utlåtande
1654 176 53 32 Nr
1728 180 28 29 1.

401 256 102 48 ditet,
532 257 119 36 skulle
679 257 143 37 kanske
842 264 95 30 även
956 258 11 36 i
986 258 57 36 sin
1068 261 87 33 mån
1174 258 156 49 bidraga
1348 260 57 35 till
1423 274 47 23 en
1489 260 188 37 önskvärd
1696 262 307 49 popularisering

402 321 47 23 av
477 308 71 36 den
576 309 180 48 frivilliga
783 310 443 49 pensionsförsäkringen
1255 311 70 36 och
1355 310 102 38 bliva
1471 318 51 31 ett
1540 312 317 48 efterföljansvärt
1876 327 123 23 exem-

401 360 62 49 pel
491 360 57 36 för
574 360 170 36 enskilda
771 361 265 48 arbetsgivare.
1091 361 259 38 Förevarande
1375 364 182 47 spörsmål
1576 364 135 36 kräver
1729 365 203 38 emellertid
1952 379 47 23 en

400 411 186 49 ingående
613 412 214 49 utredning,
855 413 125 36 vadan
1008 419 114 30 annat
1151 414 58 36 för
1236 414 235 37 närvarande
1498 416 81 36 icke
1599 428 113 36 synes
1730 415 90 38 böra
1840 418 12 36 i
1872 417 127 37 anled-

401 463 94 48 ning
522 476 47 24 av
596 464 191 36 motionen
814 464 276 49 ifrågakomma
1116 470 48 31 än
1192 478 46 24 en
1267 466 180 36 skrivelse
1466 466 12 36 i
1496 472 125 32 ämnet
1640 467 55 36 till
1715 467 143 50 Kungl.
1879 469 117 50 Maj:t.

503 617 53 37 På
583 618 122 48 grund
734 632 47 22 av
809 618 74 37 vad
911 619 158 36 sålunda
1097 620 142 37 anförts
1267 621 57 36 får
1349 620 182 37 utskottet
1557 621 210 48 hemställa,

905 705 33 49 1)
967 711 52 31 att
1046 705 141 49 Kungl.
1216 706 125 49 Maj:ts
1360 707 237 49 proposition
1616 722 45 22 nr
1682 711 43 34 77
1748 711 115 34 måtte
1881 709 116 36 vinna

796 756 223 50 riksdagens
1049 757 119 46 bifall;

902 809 36 48 2)
967 814 54 31 att
1046 809 12 36 i
1091 809 206 49 anledning
1329 823 47 23 av
1408 810 85 37 herr
1522 811 193 48 Neiglicks
1748 811 251 38 förevarande

796 860 143 36 motion
957 860 203 49 riksdagen
1180 864 111 33 måtte
1309 861 145 37 besluta
1473 867 52 31 att
1542 862 11 36 i
1574 862 180 37 skrivelse
1776 863 56 36 till
1850 863 145 49 Kungl.

796 911 108 49 Maj:t
927 912 207 48 hemställa,
1164 913 61 36 det
1250 912 142 50 Kungl.
1413 912 107 50 Maj:t
1538 914 143 37 täcktes
1699 915 74 36 låta
1791 915 203 36 verkställa

795 963 215 49 utredning,
1030 964 183 37 huruvida
1232 965 69 36 och
1320 965 12 36 i
1351 965 75 36 vad
1445 968 86 33 mån
1550 971 132 43 staten,
1702 966 83 36 med
1805 967 192 37 anlitande

798 1028 47 22 av
886 1015 72 37 den
999 1015 179 50 frivilliga
1213 1017 453 50 pensionsförsäkringen,
1695 1021 59 33 må
1781 1018 131 37 kunna
1939 1019 56 37 bi-

796 1066 119 49 draga
942 1067 54 36 till
1024 1068 267 49 pensionering
1319 1081 48 23 av
1396 1068 72 37 den
1496 1069 62 36 vid
1586 1075 141 31 statens
1745 1070 93 36 verk
1857 1071 136 48 syssel-

796 1123 98 31 satta
922 1118 309 50 arbetspersonal,
1260 1120 58 36 för
1345 1120 127 37 vilken
1498 1121 82 36 icke
1609 1122 11 35 i
1648 1121 158 37 särskild
1831 1122 165 48 ordning

796 1170 112 48 sörjts
936 1170 58 36 för
1020 1171 158 49 pension
1205 1184 138 35 genom
1372 1177 139 32 statens
1540 1173 150 49 försorg
1716 1179 97 31 samt
1831 1173 163 38 därefter

796 1221 58 36 för
880 1222 204 48 riksdagen
1109 1223 213 49 framlägga
1342 1223 63 37 det
1424 1224 154 49 förslag,
1598 1225 124 36 vartill
1740 1226 252 48 utredningen

795 1275 61 34 må
884 1273 203 37 föranleda.

499 1337 216 39 Stockholm
745 1340 72 37 den
848 1343 44 35 11
922 1342 74 49 maj
1029 1344 110 35 1917.

746 1443 52 36 På
826 1443 63 37 det
916 1450 307 31 sammmansatta
1248 1445 203 37 utskottets
1478 1451 157 44 vägnar:

987 1547 134 36 AXEL
1150 1547 242 38 SCHOTTE.

1072 1756 236 34 Reservation

394 1856 47 23 av
481 1844 126 36 herrar
648 1846 170 49 Rogberg,
853 1846 107 36 Tisell
988 1847 69 36 och
1086 1848 245 48 Permansson,
1359 1849 104 36 vilka
1489 1849 12 36 i
1529 1850 186 37 avseende
1742 1853 21 34 å
1794 1852 194 37 motionen

393 1894 124 50 (mom.
548 1898 21 34 2
598 1896 67 37 här
693 1897 111 49 ovan)
833 1904 133 41 ansett,
996 1904 54 30 att
1077 1899 184 37 utskottet
1289 1900 85 36 bort
1401 1901 206 48 hemställa,

896 1983 36 48 2)
958 1989 53 31 att
1029 1984 85 37 herr
1132 1985 193 48 Neiglicks
1347 1986 243 38 förevarande
1609 1989 141 36 motion
1769 1989 83 37 icke
1871 1992 117 35 måtte

791 2035 56 36 till
876 2038 126 45 någon
1029 2036 225 49 riksdagens
1282 2038 134 49 åtgärd
1446 2039 202 37 föranleda.

870 2295 161 27 Etockholm,
1050 2298 30 21 K.
1101 2298 28 21 L.
1149 2298 143 21 Beckmans
1311 2299 100 26 Boktr.,
1432 2302 72 20 1917.
