1898 2840
551 131 274 32 Statsutskottets
851 130 175 32 utlåtande
1051 130 48 31 Nr
1123 131 70 30 211.
1589 125 15 29 1

650 549 110 23 Ankom
777 548 43 25 till
839 548 155 30 riksdagens
1013 547 88 25 kansli
1120 548 51 23 den
1190 545 32 26 23
1241 547 54 30 maj
1318 544 63 27 1939
1399 546 36 24 kl.
1454 544 14 25 1
1488 553 21 16 e.
1529 553 35 16 m.

324 644 181 31 Utlåtande
526 645 10 29 i
555 643 185 37 anledning
760 653 42 21 av
823 643 122 36 Kungl.
966 643 119 36 Maj:ts
1106 643 214 36 proposition
1341 641 175 36 angående
1538 640 66 30 dis-

542 695 149 35 position
710 703 43 21 av
770 693 130 38 fonden
921 694 55 37 för
998 694 90 30 vissa
1109 693 238 35 stödåtgärder
1368 693 94 29 inom
1483 691 121 30 malm-

542 745 264 30 kommunerna.

1376 801 65 39 (4:e
1465 800 90 40 avd.)

146 907 13 30 I
180 916 42 21 en
243 906 67 30 den
334 907 39 29 10
395 914 91 22 mars
511 906 83 29 1939
616 905 216 37 dagtecknad
853 903 225 38 proposition,
1101 913 40 20 nr
1163 904 73 35 228,
1260 903 64 29 har
1347 902 122 37 Kungl.
1493 901 111 37 Maj:t,

100 959 110 29 under
227 956 222 37 åberopande
466 966 43 21 av
526 955 259 37 propositionen
803 954 106 37 bilagt
927 955 126 36 utdrag
1070 964 42 20 av
1132 952 374 37 statsrådsprotokollet
1526 953 80 29 över

102 1007 271 32 finansärenden
393 1006 54 31 för
464 1006 155 31 nämnda
640 1007 75 36 dag,
737 1005 177 36 föreslagit
934 1005 186 36 riksdagen
1141 1004 169 37 medgiva,
1333 1006 48 28 att
1402 1003 51 30 till
1474 1002 130 31 fonden

101 1059 55 30 för
170 1059 91 30 vissa
275 1057 239 38 stödåtgärder
528 1058 96 30 inom
639 1057 364 30 malmkommunerna
1019 1058 133 28 avsatta
1168 1055 112 30 medel
1295 1053 189 32 tillsvidare
1500 1052 106 32 måtte

102 1109 35 31 få
156 1119 41 21 av
218 1109 124 36 Kungl.
363 1107 101 38 Maj:t
483 1108 202 36 disponeras
704 1109 11 29 i
734 1108 150 36 enlighet
903 1107 79 30 med
1002 1107 68 30 vad
1090 1105 380 37 departementschefen
1483 1105 11 29 i
1508 1107 97 28 stats-

102 1159 289 37 rådsprotokollet
410 1158 166 32 förordat.

147 1262 13 30 I
183 1259 260 38 propositionen
465 1269 40 20 nr
528 1259 64 31 248
613 1258 52 30 till
688 1259 83 30 1938
794 1257 56 32 års
871 1257 142 38 riksdag
1029 1257 149 37 föreslog
1201 1257 124 36 Kungl.
1349 1254 101 38 Maj:t
1473 1255 132 30 riksda-

102 1319 64 29 gen
185 1313 49 28 att
252 1311 53 30 till
324 1309 196 38 avsättning
540 1310 51 30 till
611 1310 85 30 fond
715 1309 55 31 för
790 1308 91 31 vissa
902 1307 236 37 stödåtgärder
1159 1307 95 31 inom
1275 1307 331 30 malmkommuner-

102 1372 46 21 na
167 1361 110 32 under
298 1360 125 37 sjunde
443 1360 218 30 huvudtiteln
681 1359 121 31 anvisa
821 1362 47 28 ett
888 1359 120 37 anslag
1029 1368 42 21 av
1088 1359 20 30 3
1128 1357 162 37 miljoner
1310 1358 138 30 kronor.
1492 1357 15 30 I
1529 1365 77 29 pro-

103 1412 203 38 positionen,
329 1420 76 22 som
424 1410 117 31 bifölls
562 1419 42 22 av
624 1410 185 36 riksdagen
837 1409 175 39 (skrivelse
1033 1419 42 20 nr
1099 1408 88 40 179),
1208 1408 165 31 anfördes
1395 1407 115 31 såsom
1532 1406 76 31 skäl

103 1464 54 30 för
175 1464 111 29 staten
305 1464 49 29 att
373 1461 100 37 åtaga
492 1462 51 36 sig
560 1462 57 29 det
635 1460 227 31 ekonomiska
881 1462 161 28 ansvaret
1056 1459 55 30 för
1131 1458 90 31 vissa
1241 1458 135 30 direkta
1395 1456 211 38 hjälpåtgär-

103 1515 59 29 der
179 1513 57 30 vid
255 1511 159 39 nedgång
432 1513 10 29 i
460 1511 305 37 sysselsättningen
783 1510 97 31 inom
898 1510 375 34 malmkommunerna,
1293 1511 49 28 att
1362 1510 110 29 staten
1493 1507 115 31 såsom

102 1563 296 36 hälftendelägare
438 1562 11 29 i
490 1561 244 37 malmbolaget
775 1578 45 4 —
861 1558 510 32 Luossavaara-Kiirunavaara
1412 1557 196 36 aktiebolag

109 1613 139 40 (LKAB)
275 1630 46 5 —
340 1613 12 30 i
373 1612 68 31 viss
459 1611 82 32 mån
562 1621 81 22 vore
664 1612 160 37 ansvarig
846 1611 54 31 för
923 1609 399 38 produktionspolitiken
1344 1609 59 30 vid
1425 1617 181 29 gruvorna.

104 1666 13 29 I
139 1664 260 39 propositionen
420 1663 227 36 förklarades,
669 1664 49 29 att
738 1663 57 30 det
817 1661 228 31 ekonomiska
1067 1661 110 30 stödet
1198 1659 35 32 åt
1256 1661 255 29 kommunerna
1533 1659 75 31 icke

103 1716 106 30 borde
235 1716 46 29 ha
308 1714 211 31 karaktären
545 1722 43 22 av
615 1713 252 30 extraordinärt
894 1710 452 38 skatteutjämningsbidrag
1372 1713 84 28 utan
1484 1709 124 32 bindas

104 1767 58 30 vid
185 1766 149 30 bestämt
359 1764 174 37 ändamål,
558 1763 174 37 nämligen
756 1763 91 31 vissa
872 1762 248 37 förbättringar
1141 1762 10 30 i
1176 1762 42 30 de
1243 1762 129 30 sociala
1397 1760 211 37 hjälpåtgär-

104 1818 116 29 derna.
266 1815 67 31 Vid
355 1814 261 37 utformningen
639 1823 42 21 av
704 1814 100 31 dessa
827 1812 159 38 åtgärder
1009 1813 199 30 förutsattes
1232 1812 98 30 skola
1354 1811 181 37 iakttagas,
1560 1812 48 29 att

104 1868 42 30 de
167 1868 132 35 strängt
320 1866 231 36 begränsades
571 1865 52 30 till
643 1868 49 28 att
713 1874 81 21 avse
815 1874 43 21 en
879 1863 110 32 sådan
1010 1862 208 38 förbättring
1240 1863 10 30 i
1272 1861 261 32 omvårdnaden
1552 1871 55 21 om

104 1918 41 30 de
164 1917 200 35 arbetslösa,
386 1926 74 21 som
480 1919 110 27 staten
611 1916 10 30 i
641 1914 376 37 arbetsgivarställning
1037 1914 90 30 hade
1146 1912 188 38 anledning
1355 1915 49 28 att
1425 1911 139 37 främja.

149 1968 49 30 De
221 1965 147 32 sålunda
392 1965 149 36 angivna
563 1965 177 30 allmänna
763 1963 220 37 riktlinjerna
1006 1962 144 37 avsågos
1169 1963 98 30 skola
1290 1971 85 22 vara
1397 1960 212 38 vägledande

105 2019 54 29 för
182 2017 122 36 Kungl.
327 2016 119 36 Maj:ts
468 2015 206 37 förfogande
696 2016 80 29 över
798 2015 42 30 de
861 2015 121 35 medel,
1006 2023 74 21 som
1102 2015 148 29 avsattes
1271 2013 52 30 till
1345 2012 264 36 ifrågavarande

106 2069 94 35 fond,
223 2067 89 30 intill
335 2067 77 30 dess
433 2069 49 28 att
504 2067 161 30 närmare
685 2066 260 30 bestämmelser
967 2064 55 30 för
1044 2064 147 30 fondens
1214 2063 205 37 disposition
1442 2062 98 31 blivit
1558 2065 50 27 ut-

105 2119 161 30 arbetade
287 2119 67 29 och
376 2127 42 21 av
439 2116 184 37 riksdagen
645 2116 205 30 fastställda.
896 2115 142 38 Förslag
1059 2115 51 30 till
1131 2114 118 37 dylika
1271 2113 269 36 bestämmelser,
1563 2111 47 31 låt

105 2179 82 21 vara
203 2178 42 21 av
261 2168 211 37 provisorisk
490 2168 175 35 karaktär,
683 2168 207 35 framlägges
907 2176 47 20 nu
971 2166 10 30 i
996 2165 228 30 förevarande
1241 2163 225 39 proposition.
1486 2163 123 36 Kungl.

106 2220 118 36 Maj:ts
247 2218 131 38 förslag
400 2218 128 36 bygger
550 2217 45 36 på
618 2221 45 27 ett
686 2226 43 21 av
751 2226 43 21 en
819 2216 137 31 särskilt
979 2216 171 30 tillkallad
1174 2213 207 37 sakkunnig,
1406 2214 23 30 f.
1454 2215 32 30 d.
1513 2221 96 29 gene-

106 2269 251 31 raldirektören
378 2268 34 30 C.
434 2268 35 30 G.
492 2268 39 30 O.
553 2268 116 35 Malm,
689 2268 174 29 utarbetat
884 2266 156 37 förslag
1035 2260 21 48 i
1061 2267 125 29 ämnet.
1230 2265 192 30 Yttranden
1442 2265 81 29 över
1545 2264 65 30 den

107 2318 233 36 sakkunniges
368 2318 129 37 förslag
524 2318 90 30 hava
642 2317 143 37 avgivits
813 2327 43 20 av
882 2316 284 36 socialstyrelsen,
1195 2317 129 28 statens
1353 2314 256 30 arbetslöshets-

108 2368 236 36 kommission,
370 2368 245 31 statskontoret
637 2368 65 30 och
726 2367 244 37 länsstyrelsen
995 2367 9 29 i
1029 2366 224 30 Norrbottens
1278 2364 58 30 län

147 2434 108 31 Bihang
266 2434 43 25 till
320 2434 167 31 riksdagens
499 2433 145 31 protokoll
658 2434 73 25 1939.
753 2434 15 23 6
779 2432 81 25 saml.
880 2432 39 23 Nr
936 2431 55 25 211.
1567 2427 13 24 1
