2212 2640
638 170 354 43 Bevillningsutskottets
1013 171 171 32 Memorial
1205 171 67 31 N:o
1294 171 53 32 29.
1736 171 18 32 1

909 774 78 41 N:o
1013 776 67 41 29.

765 930 74 28 Ank.
862 931 47 28 till
931 930 105 28 Riksd.
1060 930 94 28 kansli
1178 930 54 29 den
1260 932 36 26 14
1320 931 56 35 maj
1403 932 90 33 1897,
1517 930 40 29 kl.
1583 932 16 26 3
1624 938 25 21 e.
1672 939 38 19 m.

387 1074 209 45 Memorial,
625 1075 14 35 i
666 1074 197 49 anledning
890 1075 47 48 af
959 1074 204 36 återremiss
1190 1074 46 50 af
1259 1074 96 36 vissa
1383 1074 103 36 delar
1504 1074 48 49 af
1567 1074 229 48 bevillnings-

589 1142 182 36 utskottets
812 1142 221 36 betänkande
1072 1154 59 24 n:o
1163 1141 46 36 19
1237 1142 189 47 angdende
1453 1141 193 36 allmänna
1674 1141 123 37 bevill-

590 1210 143 47 ningen.

321 1360 73 35 Vid
421 1360 227 45 behandling
675 1358 38 37 af
737 1359 425 47 bevillningsutskottets
1190 1359 228 36 betänkande
1446 1372 60 22 n:o
1537 1361 43 34 19
1609 1359 188 49 angående

188 1411 182 34 allmänna
410 1410 252 46 bevillningen
702 1409 119 45 hafva,
863 1411 116 47 enligt
1019 1410 179 35 utskottet
1236 1409 317 36 tillhandakomna
1578 1411 219 46 protokolls-

190 1460 145 48 utdrag,
363 1460 230 48 Riksdagens
620 1460 116 48 begge
764 1461 145 34 kamrar
936 1461 57 35 till
1020 1473 45 23 en
1092 1460 128 47 början
1247 1460 161 44 beslutit,
1425 1465 55 30 att
1507 1460 120 36 derest
1645 1473 45 23 en
1710 1461 87 35 eller

190 1524 120 22 annan
350 1511 58 36 del
447 1511 40 36 af
515 1512 196 35 utskottets
738 1510 197 48 lagförslag
962 1510 331 37 återremitterades
1320 1511 56 35 till
1403 1511 191 44 utskottet,
1622 1511 100 36 detta
1750 1511 47 36 då

189 1562 115 35 skulle
344 1574 66 35 ega
449 1561 220 47 befogenhet
709 1567 54 30 att
790 1561 107 36 äfven
926 1561 133 36 föreslå
1086 1561 44 36 de
1157 1561 199 48 ändringar
1382 1561 13 35 i
1422 1561 31 46 ej
1484 1561 313 36 återremitterade

190 1612 109 44 delar,
332 1625 79 23 som
439 1612 124 36 kunde
590 1624 68 33 ega
685 1612 264 48 sammanhang
972 1612 83 36 med
1082 1613 89 35 eller
1199 1611 111 36 borde
1337 1624 87 23 vara
1451 1624 45 23 en
1522 1611 89 47 följd
1639 1611 39 36 af
1701 1615 95 32 åter-

187 1663 188 43 remissen,
416 1668 95 30 samt
542 1668 55 30 att
624 1662 227 36 beträffande
878 1662 78 35 dels
984 1661 278 48 paragrafernas
1288 1662 401 47 nummerbeteckning,
1718 1662 79 36 dels

188 1713 66 35 ock
282 1712 45 36 de
354 1713 118 35 under
500 1713 178 34 särskilda
705 1712 169 35 rubriker
900 1711 300 36 förekommande
1218 1712 264 46 hänvisningar
1500 1713 56 34 till
1576 1713 97 34 olika
1691 1725 105 35 para-

189 1762 123 47 grafer
350 1763 12 34 i
397 1762 269 46 författningen
706 1763 180 35 utskottet
918 1762 117 36 skulle
1062 1774 68 35 ega
1157 1768 63 38 att,
1250 1762 110 35 sedan
1389 1762 71 35 den
1487 1761 205 48 föreslagna
1719 1762 78 36 för-

187 1812 227 48 fattningens
440 1818 82 30 text
549 1812 40 35 af
613 1812 208 48 Riksdagen
849 1813 173 46 slutligen
1051 1812 173 48 pröfvats,
1245 1812 149 47 vidtaga
1413 1812 44 35 de
1472 1812 237 48 jemkningar
1728 1813 66 35 och

190 1864 176 42 rättelser,
395 1876 77 23 som
500 1863 125 36 kunde
652 1862 206 37 föranledas
885 1862 40 36 af
948 1862 228 48 Riksdagens
1204 1863 130 35 beslut.

321 1914 204 35 Kamrarna
552 1913 109 36 hafva
680 1912 159 37 derefter
857 1913 392 36 sammanstämmande
1268 1913 57 35 till
1346 1913 182 35 utskottet
1547 1912 249 37 återförvisat:

324 1961 71 47 1:0)
423 1963 162 47 följande
612 1964 100 35 delar
739 1963 40 36 af
804 1964 61 35 det
892 1962 40 36 af
957 1964 178 36 utskottet
1162 1963 218 48 upprättade
1406 1962 140 49 förslag
1571 1964 58 34 till
1649 1963 148 36 förord-

189 2015 91 47 ning
306 2014 186 46 angående
520 2014 204 46 bevillning
751 2014 40 35 af
810 2014 71 35 fast
907 2014 179 47 egendom
1114 2019 95 30 samt
1236 2013 40 36 af
1300 2014 172 43 inkomst,
1502 2014 199 46 nemligen:
1739 2016 56 42 15,

193 2066 57 42 16,
280 2066 57 42 21,
368 2066 58 42 22,
456 2066 58 41 36,
545 2066 58 41 37,
634 2067 58 40 73,
722 2066 46 33 74
797 2064 67 35 och
893 2066 45 33 75
968 2062 65 45 $$;

323 2112 71 46 2:0)
426 2117 16 32 I
487 2115 67 34 och
588 2116 19 33 2
642 2113 48 44 $$
718 2113 40 36 af
781 2114 196 35 utskottets
1004 2113 137 47 förslag
1168 2114 56 34 till
1252 2113 225 35 instruktion
1504 2112 58 36 för
1589 2114 207 45 taxerings-

188 2164 321 49 myndigheterna;

272 2227 74 31 Bih.
370 2227 48 31 till
441 2226 110 32 Riksd.
576 2227 87 30 Prot.
688 2227 97 31 1897.
829 2228 21 29 5
874 2226 97 33 Saml.
1016 2228 18 30 1
1057 2225 80 43 Afd.
1183 2226 42 31 29
1249 2226 93 42 Häft.
1386 2225 76 39 (N:o
1485 2225 70 41 29).
1695 2227 17 29 1
