1934 2830
498 135 389 32 Jordbruksutskottets
903 132 178 30 utlåtande
1095 141 43 20 nr
1153 132 15 28 1
1185 131 39 29 år
1240 131 84 28 1969
1611 130 37 28 21

534 217 28 31 2.
583 227 29 20 a.
633 215 201 41 godkänner
853 213 67 31 vad
938 213 171 30 utskottet
1129 212 11 30 i
1159 211 55 30 det
1235 209 206 42 föregående
1462 208 117 31 anfört
1598 208 56 30 be-

490 271 177 30 träffande
683 270 129 29 antalet
828 268 256 39 skogsinstitut,

533 326 32 29 b.
591 324 78 30 med
693 323 98 30 bifall
815 323 52 29 till
892 322 125 39 Kungl.
1042 320 124 40 Maj:ts
1192 320 130 38 förslag
1346 319 64 29 och
1434 317 79 30 med
1538 316 117 39 avslag

490 380 44 40 på
559 379 218 30 motionerna
803 377 29 30 I:
850 377 61 29 152
937 376 64 30 och
1028 375 44 30 II:
1091 375 72 34 171,
1189 374 28 30 I:
1234 373 61 30 827
1323 373 65 29 och
1414 372 45 29 II:
1475 371 63 30 954
1566 372 90 28 samt

492 435 28 29 1:
537 433 62 30 846
618 433 65 29 och
702 432 45 29 II:
763 431 62 30 969
846 430 200 40 godkänner
1066 429 66 29 vad
1150 428 169 30 utskottet
1340 425 177 40 föreslagit
1536 426 120 29 röran-

492 488 41 30 de
548 486 340 40 förläggningsorten
903 484 53 30 för
972 484 55 29 det
1042 492 104 20 norra
1162 481 290 40 skogsinstitutet,

536 551 27 20 c.
589 541 78 29 med
689 540 98 29 bifall
808 539 52 29 till
882 538 126 39 Kungl.
1029 537 124 39 Maj:ts
1176 536 129 38 förslag
1328 536 89 28 samt
1439 533 78 30 med
1540 533 116 38 avslag

492 596 44 39 på
559 595 219 30 motionerna
802 594 28 29 I:
848 592 61 30 842
934 592 65 29 och
1023 592 45 29 II:
1084 590 62 30 947
1172 590 201 39 godkänner
1396 588 66 29 vad
1487 587 169 30 utskottet

493 649 155 30 förordat
674 647 147 30 rörande
847 646 339 39 förläggningsorten
1213 643 53 29 för
1291 643 55 28 det
1374 641 101 30 södra
1501 640 156 39 skogsin-

494 703 145 33 stitutet,

538 757 31 29 d.
595 757 136 29 lämnar
747 755 218 29 motionerna
980 753 29 30 I:
1025 751 61 31 841
1103 751 64 31 och
1182 751 45 30 II:
1243 750 63 29 944
1322 752 84 27 utan
1421 748 131 40 åtgärd,

538 810 28 30 3.
592 810 79 30 med
697 809 99 29 bifall
822 808 52 29 till
903 807 124 39 Kungl.
1054 806 124 39 Maj:ts
1206 805 130 38 förslag
1364 803 201 40 godkänner
1592 801 64 30 vad

495 865 169 29 utskottet
684 864 10 29 i
714 863 110 39 övrigt
844 861 154 30 förordat
1018 859 148 31 rörande
1186 858 282 39 organisationen
1487 866 45 20 m.
1552 866 45 19 m.
1618 865 42 20 av

496 916 483 42 skogsmästarutbildningen
994 914 64 30 och
1074 910 522 43 skogsteknikerutbildningen,

539 972 28 30 4.
594 972 52 30 till
667 971 138 29 Statens
827 968 224 40 skogsskolor
1072 977 46 20 m.
1140 976 45 20 m.
1208 967 53 29 för
1282 965 204 39 budgetåret
1510 963 149 37 1969/70

496 1027 138 29 anvisar
650 1027 45 28 ett
712 1024 271 39 förslagsanslag
998 1032 40 20 av
1054 1022 17 29 2
1087 1021 61 30 050
1164 1021 62 29 000
1242 1020 51 29 kr.

217 1137 51 29 29.
294 1136 125 35 Bidrag
437 1135 54 29 till
512 1135 92 28 vissa
625 1132 349 36 skogsbrukskurser,
996 1140 43 20 m.
1054 1139 43 20 m.
1119 1128 64 30 och
1204 1128 125 34 Bidrag
1350 1127 53 29 till
1426 1125 231 36 byggnadsar-

173 1192 99 28 beten
291 1190 56 29 vid
367 1189 248 35 skogsbrukets
634 1186 233 37 yrkesskolor.
887 1185 175 30 Utskottet
1083 1182 192 40 tillstyrker
1296 1180 126 39 Kungl.
1444 1179 123 40 Maj:ts
1590 1178 68 30 för-

175 1246 72 36 slag
270 1244 216 39 (punkterna
502 1242 30 29 H
553 1241 115 30 13—H
689 1240 49 34 14,
757 1249 25 20 s.
803 1238 189 34 116—118)
1015 1238 64 28 och
1096 1236 201 30 hemställer

538 1296 50 28 att
605 1293 187 39 riksdagen
811 1292 54 29 för
882 1290 204 40 budgetåret
1107 1288 148 37 1969/70
1276 1288 139 29 anvisar

541 1349 27 28 1.
594 1348 51 29 till
668 1347 128 38 Bidrag
821 1345 51 29 till
896 1345 90 29 vissa
1010 1342 352 40 skogsbrukskurser,
1387 1350 104 20 m.m.
1518 1342 45 27 ett
1591 1339 68 30 för-

497 1402 214 39 slagsanslag
727 1410 42 20 av
786 1400 17 29 5
818 1399 63 30 450
896 1398 62 30 000
976 1399 63 32 kr.,

540 1456 29 30 2.
595 1456 52 28 till
670 1454 127 39 Bidrag
824 1452 51 30 till
900 1450 320 41 byggnadsarbeten
1248 1449 56 29 vid
1329 1447 250 40 skogsbrukets
1606 1455 54 31 yr-

497 1509 180 30 kesskolor
692 1509 46 28 ett
753 1505 356 39 reservationsanslag
1123 1514 42 20 av
1179 1503 63 31 900
1257 1502 62 31 000
1335 1504 52 28 kr.

222 1620 51 29 30.
298 1618 200 35 Ersättning
517 1617 54 29 till
592 1615 263 31 domänverkets
877 1614 84 29 fond
984 1614 55 28 för
1062 1612 140 35 utgifter
1224 1611 56 29 för
1302 1610 166 34 övertalig
1490 1608 170 37 personal.

181 1674 125 38 Kungl.
326 1672 105 40 Maj:t
450 1672 63 29 har
539 1670 174 40 (punkten
733 1669 30 29 H
785 1669 50 33 15,
856 1677 24 20 s.
903 1666 189 34 118—122)
1117 1665 178 39 föreslagit
1314 1664 188 39 riksdagen
1523 1665 49 27 att
1591 1662 73 29 dels

178 1728 50 29 till
247 1726 204 39 Ersättning
471 1725 50 29 till
540 1723 268 31 domänverkets
826 1722 85 29 fond
930 1721 54 29 för
1004 1720 144 39 utgifter
1167 1719 55 30 för
1241 1718 166 39 övertalig
1426 1717 161 40 personal
1608 1716 54 28 för

177 1780 204 40 budgetåret
408 1778 149 36 1969/70
584 1777 121 30 anvisa
731 1778 45 28 ett
804 1774 271 40 förslagsanslag
1102 1783 42 20 av
1172 1772 60 30 193
1247 1772 62 30 000
1336 1772 64 33 kr.,
1428 1771 73 29 dels
1527 1770 135 30 besluta

179 1837 49 27 att
249 1833 247 40 kyrkofonden
517 1832 88 29 skall
625 1831 54 30 för
702 1830 37 30 år
763 1829 83 30 1968
869 1829 129 29 ersätta
1020 1827 268 30 domänverkets
1311 1825 83 30 fond
1420 1824 53 30 för
1497 1823 167 39 övertalig

180 1888 159 40 personal
357 1887 59 29 vid
434 1886 249 30 domänverket
702 1884 77 29 med
800 1883 62 30 258
877 1882 62 30 000
958 1883 52 28 kr.

223 1942 165 38 Anslaget
407 1941 37 28 är
463 1941 10 28 i
494 1939 158 39 gällande
671 1938 144 29 riksstat
836 1936 143 40 uppfört
999 1935 78 30 med
1098 1935 62 29 232
1176 1934 62 29 000
1259 1935 51 28 kr.

228 2023 12 27 I
267 2022 41 29 de
334 2019 223 41 likalydande
583 2018 218 30 motionerna
828 2016 105 30 1I:853
960 2025 41 21 av
1026 2016 80 29 herr
1131 2013 121 31 Schött
1278 2014 65 29 och
1368 2013 47 28 II:
1430 2013 64 29 938
1520 2022 41 20 av
1587 2012 80 29 herr

181 2075 190 39 Börjesson
395 2075 11 28 i
429 2073 216 39 Glömminge
669 2081 45 20 m.
738 2071 37 39 fl.
799 2072 64 28 har
887 2070 196 30 hemställts
1107 2071 50 27 att
1180 2068 186 38 riksdagen
1392 2068 9 28 i
1426 2067 165 29 skrivelse
1617 2065 50 30 till

181 2130 125 37 Kungl.
324 2128 105 39 Maj:t
448 2135 56 31 ger
522 2127 51 29 till
591 2127 128 32 känna,
737 2127 49 27 att
804 2124 124 39 frågan
945 2133 56 19 om
1019 2123 115 29 rätten
1152 2122 51 30 till
1222 2121 246 39 kronoparken
1487 2120 94 29 Böda
1600 2119 65 29 och

181 2184 65 29 den
269 2181 203 31 nuvarande
493 2178 390 41 utsyningsförmånens
906 2177 159 39 rättsliga
1087 2176 166 29 karaktär
1276 2174 191 39 hänskjuts
1490 2173 52 31 till
1567 2173 99 39 avgö-

181 2237 135 29 rande
303 2224 24 52 i
339 2236 149 28 domstol
510 2235 63 28 och
594 2236 50 26 att
665 2231 371 41 utsyningsförmånen
1058 2230 71 29 tills
1152 2230 37 29 så
1212 2230 90 28 skett
1324 2229 61 29 bör
1407 2228 98 29 bestå
1525 2228 11 28 i
1559 2236 107 20 nuva-

182 2290 108 29 rande
309 2289 102 29 form.

231 2368 185 30 Utskottet.
445 2369 110 30 Sedan
584 2368 166 39 gammalt
776 2367 64 29 har
867 2365 91 30 vissa
986 2366 164 28 hemman
1178 2364 64 30 och
1270 2363 198 40 lägenheter
1496 2362 44 40 på
1567 2371 104 20 norra

187 2423 111 31 Öland
317 2423 183 39 medgivits
519 2423 70 28 rätt
608 2423 49 28 att
677 2422 72 28 mot
768 2419 209 30 reducerade
997 2419 111 39 priser
1128 2418 131 29 erhålla
1278 2417 165 39 utsyning
1464 2425 41 20 av
1523 2415 64 30 ved
1607 2415 65 29 och

186 2478 97 29 virke
305 2477 79 29 från
406 2476 247 39 kronoparken
675 2474 104 30 Böda.
802 2474 121 29 Denna
945 2471 338 41 utsyningsförmån,
1306 2480 73 20 som
1403 2469 269 40 ursprungligen

187 2531 231 30 motiverades
442 2540 41 20 av
505 2529 131 30 bristen
661 2528 43 40 på
730 2529 84 38 skog
837 2528 10 29 i
871 2527 100 30 dessa
994 2526 144 34 trakter,
1163 2526 37 29 är
1223 2525 134 29 knuten
1381 2524 51 30 till
1457 2523 150 30 innehav
1631 2532 42 20 av
