2222 2624
770 126 250 31 Statsulskottets
1046 124 161 31 utlåtande
1231 124 50 30 Nr
1306 125 71 29 190.
1815 120 19 29 3

407 206 269 47 Ersättningar
718 204 120 47 enligt
879 204 124 35 denna
1045 202 224 47 förordning
1311 200 184 36 utbetalas
1540 201 79 34 från
1658 198 218 48 bevärings-

280 259 243 48 manskapets
552 256 159 37 invalid-
741 256 66 36 och
839 254 282 50 pensionsfond.

409 310 133 48 Enligt
571 309 71 35 vad
672 307 461 37 militieombudsmannen
1162 305 138 45 anfört,
1330 308 63 31 äro
1420 303 45 36 de
1487 302 388 48 ersättningsbelopp,

277 375 79 23 som
399 364 93 45 utgå
532 360 121 47 enligt
684 361 95 34 1909
811 362 59 32 års
899 357 289 48 ifrågavarande
1216 355 237 46 förordning,
1484 354 301 49 uppenbarligen
1814 354 61 36 be-

277 413 165 36 räknade
472 413 58 35 för
559 411 117 36 andra
704 408 339 51 prisförhållanden
1074 413 47 30 än
1150 408 45 35 de
1225 421 49 21 nu
1304 406 176 46 rådande,
1511 406 71 35 och
1604 411 191 29 motsvara
1813 405 63 36 be-

278 465 139 48 loppen
459 476 156 23 numera
657 462 81 36 icke
780 472 47 38 på
868 462 109 46 långt
1018 465 67 30 när
1117 459 164 35 värdena
1309 458 62 35 vid
1399 457 159 36 berörda
1587 456 65 36 tid.
1710 456 165 35 Redan
1850 452 29 65 i

280 515 283 46 framställning
591 513 57 36 till
680 515 93 33 1917
806 517 58 31 års
894 511 156 47 riksdag
1079 516 118 40 ansåg
1226 509 60 46 sig
1307 508 460 36 militieombudsmannen
1788 507 87 35 böra

277 566 209 46 hemställa,
529 570 53 30 att
611 564 200 48 riksdagen
844 565 116 33 måtte
990 562 10 35 i
1025 561 181 36 skrivelse
1235 560 57 35 till
1322 559 140 48 Kungl.
1494 559 110 45 Maj:t
1634 558 160 46 anhålla,
1824 563 54 30 att

279 617 140 48 Kungl.
463 616 108 48 Maj:t
615 615 144 36 täcktes
788 615 74 35 låta
896 613 204 36 verkställa
1128 611 217 47 utredning,
1376 611 11 34 i
1417 610 100 48 syfte
1546 615 55 30 att
1629 610 11 34 i
1670 609 208 48 anledning

280 683 46 22 av
367 667 275 50 kroppsskada,
686 666 167 48 ådragen
881 665 120 35 under
1030 662 413 49 militärtjänstgöring,
1474 662 120 47 högre
1625 660 213 48 ersättning
1866 660 10 35 i

278 720 203 37 allmänhet
518 719 151 36 komme
711 723 55 31 att
798 719 92 45 utgå
919 721 46 31 än
999 717 95 34 1909
1126 717 56 33 års
1212 713 226 48 förordning
1467 713 10 35 1
1507 716 103 32 detta
1639 717 110 31 ämne
1779 711 98 36 med-

277 775 110 46 gåve,
430 777 97 30 samt
569 776 59 30 för
669 770 205 48 riksdagen
916 768 215 47 framlägga
1173 766 62 36 det
1273 765 157 47 förslag,
1466 765 126 35 vartill
1621 764 254 47 utredningen

277 824 128 35 kunde
445 823 91 49 giva
569 821 217 47 anledning.
844 819 300 45 Statsutskottet,
1188 817 56 36 till
1285 817 117 35 vilket
1432 816 329 46 framställningen
1790 815 86 35 hän-

277 875 149 36 visades
468 875 59 35 för
570 872 272 37 förberedande
883 871 246 46 behandling,
1173 867 228 37 omnämnde
1440 867 12 35 1
1490 868 156 47 avgivet
1686 866 191 36 utlåtande

279 927 58 47 (nr
384 925 98 48 152),
526 930 55 30 att
621 924 207 47 utredning
856 923 12 35 i
897 926 126 32 ämnet
1063 921 116 35 redan
1219 919 153 49 pågick,
1411 919 70 35 och
1511 918 155 36 anförde
1693 918 184 35 utskottet

276 978 143 46 vidare,
449 982 55 31 att
531 976 187 36 utskottet
737 975 82 36 icke
847 979 125 31 ansett
1002 973 61 48 sig
1091 972 92 36 böra
1211 984 140 35 genom
1373 975 54 31 ett
1447 969 194 36 uttalande
1661 970 11 35 i
1692 969 67 36 sak
1778 969 97 35 före-

278 1029 112 50 gripa
431 1028 119 49 sagda
579 1027 217 48 utredning,
827 1039 84 23 men
940 1025 209 45 förutsatte,
1185 1029 52 30 att
1266 1023 45 35 de
1340 1036 46 22 av
1415 1021 459 37 militieombudsmannen

278 1081 155 36 anförda
468 1080 290 49 synpunkterna
792 1084 110 42 toges
930 1077 120 35 under
1079 1074 267 48 övervägande
1374 1073 63 36 vid
1467 1073 264 47 utredningen,
1762 1076 113 31 även-

278 1146 80 23 som
402 1138 53 31 att
496 1132 186 36 utskottet
724 1130 183 49 därjämte
941 1129 99 36 velat
1069 1127 118 36 uttala
1216 1127 71 35 den
1317 1125 321 49 förhoppningen,
1669 1129 53 31 att
1751 1123 124 36 utred-

276 1185 144 47 ningen
461 1186 115 34 måtte
612 1185 40 33 så
675 1182 186 47 bedrivas,
891 1186 56 31 att
975 1181 85 35 dess
1088 1179 157 36 resultat
1273 1177 127 36 kunde
1430 1178 11 34 i
1469 1176 78 48 god
1576 1176 54 36 tid
1659 1176 217 47 föreläggas

279 1238 97 34 1918
421 1239 58 33 årg
519 1235 169 48 riksdag.
744 1233 197 38 Utskottet
982 1230 223 38 hemställde
1235 1229 136 45 därför,
1401 1234 56 30 att
1484 1227 250 37 omförmälda
1763 1227 113 35 fram-

278 1288 184 48 ställning
502 1287 82 36 icke
621 1287 59 35 för
707 1286 63 36 det
798 1284 215 37 dåvarande
1041 1285 116 34 måtte
1186 1280 195 37 föranleda
1410 1280 55 35 till
1495 1282 128 45 någon
1651 1278 226 49 riksdagens

277 1339 154 48 åtgärd;
462 1339 70 36 och
561 1338 87 36 blev
677 1338 206 35 utskottets
912 1335 226 37 hemställan
1167 1333 155 36 bifallen
1351 1345 47 22 av
1426 1331 217 48 riksdagen.

406 1390 83 36 Den
518 1403 47 23 av
594 1388 461 37 militieombudsmannen
1074 1385 136 48 gjorda
1229 1383 334 47 framställningen
1584 1395 109 23 avser
1713 1381 164 48 höjning

277 1456 47 23 av
352 1441 290 49 ifrågavarande
667 1438 373 49 ersättningsbelopp
1060 1437 87 35 med
1169 1438 46 34 50
1235 1441 158 43 procent
1412 1434 120 36 under
1552 1432 253 37 innevarande
1825 1435 49 33 år.

406 1494 194 37 Utskottet
628 1492 68 36 har
724 1493 12 35 i
764 1491 101 36 detta
894 1489 277 47 sammanhang
1190 1488 101 35 velat
1311 1486 124 37 erinra
1454 1499 61 23 om
1537 1491 52 30 att
1607 1485 142 48 Kungl.
1771 1484 105 47 Maj:t

276 1547 12 35 i
317 1545 286 50 propositionen
644 1558 46 22 nr
734 1544 69 35 176
847 1543 55 36 till
945 1540 255 37 innevarande
1234 1538 157 49 riksdag
1419 1538 195 48 föreslagit
1642 1550 46 23 en
1716 1536 162 49 höjning

277 1612 46 22 av
363 1598 45 36 de
450 1597 120 47 enligt
604 1596 114 43 lagen
746 1595 71 36 den
847 1596 20 34 5
893 1594 72 49 juli
996 1594 95 35 1901
1123 1591 196 47 angående
1346 1590 215 47 ersättning
1590 1590 58 34 för
1676 1588 117 36 skada
1821 1588 54 35 till

277 1650 92 48 följd
400 1663 46 22 av
474 1648 198 50 olycksfall
700 1648 12 35 i
740 1646 128 37 arbete
896 1645 190 49 utgående
1114 1644 229 35 livräntorna
1371 1641 83 36 med
1487 1642 47 35 50
1562 1646 167 43 procent.
1772 1639 102 36 Riks

277 1702 125 47 dagen
431 1702 68 35 har
528 1699 207 38 emellertid
763 1699 12 35 i
804 1698 100 36 detta
933 1697 65 36 fall
1027 1695 185 48 medgivit
1240 1707 46 23 en
1315 1694 161 48 höjning
1505 1706 47 23 av
1583 1694 45 33 75
1659 1696 165 44 procent.

406 1752 74 37 Vid
520 1752 284 47 behandlingen
845 1763 46 22 av
925 1762 50 22 nu
1005 1745 262 50 föreliggande
1297 1745 108 49 fråga
1434 1745 67 35 har
1528 1744 186 36 utskottet
1742 1743 134 36 visser-

278 1805 103 48 ligen
410 1804 135 46 funnit,
577 1809 54 30 att
659 1803 46 36 de
734 1803 58 36 för
819 1800 237 37 närvarande
1084 1798 190 48 utgående
1303 1796 305 48 ersättningarna
1636 1795 120 47 enligt
1779 1796 95 34 1909

278 1860 58 33 års
365 1856 224 48 förordning
617 1855 109 36 ställa
755 1854 61 47 sig
845 1854 47 35 50
917 1856 157 43 procent
1093 1851 119 47 högre
1232 1854 47 31 än
1299 1848 267 48 ersättningar,
1589 1860 80 22 som
1690 1846 186 36 utbetalas

277 1908 121 48 enligt
442 1910 95 34 1901
569 1910 59 33 års
656 1907 64 47 lag
749 1904 196 50 angående
973 1902 214 48 ersättning
1215 1901 58 36 för
1301 1900 116 36 skada
1445 1899 54 37 till
1533 1898 92 49 följd
1654 1912 46 22 av
1730 1898 146 49 olycks-

277 1960 63 36 fall
371 1961 12 35 i
412 1960 141 46 arbete,
584 1972 86 22 men
698 1958 68 36 har
793 1957 188 36 utskottet
1009 1954 96 36 dock
1134 1959 121 31 ansett
1283 1953 71 48 sig,
1384 1956 92 32 utan
1504 1951 79 36 risk
1608 1955 55 31 att
1684 1950 192 48 föregripa

278 2025 46 23 en
366 2012 209 46 utredning
601 2011 12 35 i
643 2009 165 46 ärendet,
851 2007 84 37 med
977 2007 147 48 hänsyn
1167 2005 57 36 till
1264 2004 166 36 rådande
1459 2002 262 37 förhållanden
1750 2001 127 36 kunna

277 2064 146 36 biträda
465 2061 484 38 militieombudsmannens
991 2057 281 48 framställning
1314 2069 60 23 om
1417 2068 46 23 en
1504 2054 163 48 höjning
1710 2053 83 36 med
1829 2054 47 35 50

277 2121 159 43 procent
477 2128 45 22 av
564 2114 178 48 samtliga
783 2112 119 48 enligt
940 2112 95 35 1901
1067 2112 58 33 års
1154 2108 225 48 förordning
1406 2106 191 48 utgående
1625 2106 250 47 ersättnings-

277 2167 148 49 belopp.

407 2220 58 35 Då
492 2219 63 36 det
583 2219 67 35 här
679 2216 119 49 gäller
826 2228 43 24 en
901 2213 224 49 förhöjning
1153 2212 95 37 blott
1274 2211 119 36 under
1413 2213 40 33 år
1476 2211 111 46 1918,
1608 2209 68 36 har
1694 2208 183 36 utskottet
