2272 2602
734 201 257 32 Statsutskottets
1022 198 175 34 Utlåtande
1219 198 66 32 N:o
1311 201 28 29 6.
1764 194 41 32 89

226 391 322 52 Anläggande
577 390 51 39 af
651 401 60 28 en
738 387 233 42 verkstad
999 387 29 39 å
1055 387 198 39 flottans
1281 385 113 39 varf
1415 385 14 39 i
1448 384 299 39 Karlskrona
1774 384 74 38 för

712 456 305 49 tillverkning
1046 456 53 38 af
1119 454 239 49 torpeder.

334 547 100 49 37:0)
462 546 131 38 Under
618 545 123 50 punkt
771 546 47 35 35
849 544 41 36 af
913 543 116 37 femte
1056 541 259 37 hufvudtiteln
1343 540 68 36 har
1439 539 144 48 Kungl.
1612 539 110 49 Maj:t
1750 539 97 36 före-

227 601 116 49 slagit
384 599 222 48 Riksdagen
648 602 55 31 att
744 597 60 36 för
846 596 232 49 anläggande
1119 595 46 48 af
1203 607 41 23 en
1285 593 166 36 verkstad
1489 592 25 36 å
1537 592 154 48 flottans
1719 592 129 48 varf
1827 588 26 66 i

227 653 231 37 Karlskrona
492 651 66 47 för
600 650 227 47 tillverkning
868 649 47 48 af
954 648 164 47 torpeder
1159 645 140 48 bevilja
1341 648 54 33 ett
1437 643 137 49 anslag
1612 643 41 36 af
1677 644 169 46 475,180

227 706 142 36 kronor
397 704 72 36 och
497 701 110 38 däraf
632 704 48 46 på
708 705 106 32 extra
843 704 75 32 stat
947 699 59 36 för
1035 701 40 33 år
1106 699 97 35 1909
1235 696 132 37 anvisa
1391 701 54 31 ett
1464 696 139 48 belopp
1625 695 41 36 af
1681 696 167 45 200,000

228 758 155 35 kronor.

334 856 174 38 Rörande
546 856 124 36 denna
706 855 112 47 fråga
845 852 213 37 innehåller
1087 850 213 49 åberopade
1329 848 421 49 statsrådsprotokollet
1779 849 70 36 föl-

225 910 118 50 jande
370 908 179 49 yttrande
577 907 42 36 af
646 904 435 51 departementschefen:

335 961 85 37 »Uti
452 959 240 47 underdånig
733 957 198 37 skrifvelse
969 956 73 36 den
1073 957 45 34 12
1148 953 166 37 februari
1345 954 97 35 1907
1472 952 69 36 har
1568 952 281 36 marinförvalt-

230 1014 147 47 ningen
405 1012 105 49 gjort
538 1010 284 47 framställning
850 1022 61 23 om
941 1006 242 49 anläggande
1213 1005 40 36 af
1278 1018 46 23 en
1352 1004 179 37 verkstad
1552 1006 21 33 å
1591 1003 155 37 flottans
1765 1003 89 37 varf

231 1066 13 36 i
271 1064 235 37 Karlskrona
534 1063 59 36 för
620 1061 250 48 tillverkning
899 1059 41 36 af
954 1058 187 50 torpeder.
1198 1056 411 48 Marinförvaltningen
1627 1056 70 36 har
1716 1055 133 36 därvid

234 1117 126 36 anfört
388 1114 323 48 hufvudsakligen
739 1111 179 50 följande.

334 1168 18 36 I
382 1167 147 48 afgifna
556 1165 264 47 underdåniga
848 1162 218 37 skrifvelser
1095 1160 198 49 angående
1314 1158 347 50 anslagsbehofven
1680 1158 59 36 för
1760 1160 90 34 åren

233 1221 99 35 1906
376 1220 71 35 och
491 1219 98 35 1907
631 1216 98 37 hade
769 1213 412 48 marinförvaltningen
1221 1212 205 46 hemställt,
1470 1215 55 31 att
1565 1209 145 49 Kungl.
1741 1209 109 49 Maj:t

231 1271 148 37 täcktes
409 1269 41 37 af
472 1269 222 48 Riksdagen
722 1267 92 36 äska
834 1271 54 32 ett
907 1271 107 31 extra
1034 1265 134 47 anslag
1187 1264 58 36 till
1265 1262 241 49 anläggande
1525 1262 13 36 i
1556 1261 236 37 Karlskrona
1813 1261 41 36 af

231 1337 48 23 en
307 1321 180 38 verkstad
515 1321 60 36 för
602 1319 248 48 tillverkning
883 1317 41 37 af
948 1316 187 50 torpeder.
1165 1314 414 48 Marinförvaltningen
1598 1313 97 36 hade
1716 1313 134 36 därvid

230 1374 178 50 påpekat,
437 1374 182 35 hurusom
648 1371 294 47 anskaffningen
970 1369 84 36 från
1081 1367 174 36 utlandet
1284 1366 41 37 af
1348 1365 177 49 torpeder
1554 1365 117 36 sedan
1687 1367 41 33 år
1750 1366 97 34 1899

231 1426 100 36 varit
373 1426 41 35 af
452 1425 73 36 den
567 1423 244 48 omfattning,
855 1426 55 31 att
938 1420 64 36 det
1038 1419 128 36 kunde
1195 1423 161 43 antagas
1385 1417 109 36 ställa
1523 1417 62 48 sig
1612 1416 61 36 för
1700 1416 150 36 kronan

232 1476 241 38 ekonomiskt
500 1475 248 48 fördelaktigt
777 1478 54 32 att
859 1473 142 36 inrätta
1029 1472 61 48 sig
1117 1470 60 37 för
1200 1469 250 48 tillverkning
1468 1468 65 36 vid
1553 1481 98 35 egen
1669 1467 181 36 verkstad

233 1530 41 36 af
299 1529 104 36 detta
431 1528 104 48 slags
564 1525 291 50 krigsmateriel.
911 1524 141 37 Vidare
1080 1522 191 37 erinrades
1301 1521 143 46 därom,
1474 1524 55 32 att
1554 1520 295 47 anskaffningen

232 1581 121 36 under
381 1579 320 49 femårsperioden
733 1577 255 36 1899—1903
1019 1575 176 36 omfattat
1223 1574 12 35 i
1263 1573 177 36 medeltal
1469 1573 80 46 31,6
1576 1570 179 50 torpeder
1781 1584 69 35 per

234 1636 51 44 år,
316 1637 97 31 samt
440 1630 251 47 meddelades,
722 1634 55 31 att
801 1628 220 37 densamma
1040 1627 58 36 för
1116 1630 169 32 närmast
1305 1624 227 36 kommande
1553 1626 41 33 år
1613 1622 237 37 beräknades

232 1685 154 36 komma
424 1687 55 32 att
519 1684 131 47 uppgå
691 1681 58 36 till
788 1680 13 36 i
843 1678 236 50 genomsnitt
1119 1677 117 36 minst
1280 1679 46 33 27
1369 1675 179 49 torpeder
1575 1687 70 36 per
1673 1677 51 33 år.
1781 1673 69 36 Att

232 1734 413 48 marinförvaltningen
681 1732 135 37 härvid
857 1731 84 37 icke
982 1730 184 37 beräknat
1193 1728 60 37 för
1280 1728 184 47 rundligt,
1494 1726 219 48 framginge
1742 1725 113 36 däraf

234 1793 55 31 att
322 1790 41 33 år
394 1788 99 34 1904
523 1788 48 34 24
600 1784 178 50 torpeder
805 1782 208 38 anskaffats
1042 1782 70 36 och
1140 1784 81 33 året
1249 1780 117 48 därpå
1396 1781 48 34 60
1473 1778 190 49 torpeder.
1718 1777 133 37 Under

234 1843 40 33 år
319 1839 98 36 1906
460 1837 97 36 hade
598 1837 174 36 leverans
809 1835 42 36 af
877 1836 46 35 93
953 1833 178 49 torpeder
1158 1834 148 47 pågått.
1362 1831 199 48 Härjämte
1588 1829 118 37 borde
1735 1829 114 35 fram-

232 1891 132 46 hållas,
409 1894 54 31 att
494 1890 97 35 1906
623 1891 59 33 års
710 1887 173 48 Riksdag
910 1886 158 48 beviljat
1097 1885 135 47 anslag
1259 1883 58 36 till
1344 1881 394 50 fartygsbyggnader,
1768 1893 81 23 som

234 1941 220 38 föranledde
483 1941 245 48 anskaffning
755 1940 44 36 af
823 1941 48 34 78
901 1937 188 50 torpeder.

338 1993 108 36 Efter
487 1993 73 36 den
587 1990 362 49 beräkningsgrund
979 1995 54 30 att
1061 2002 47 23 en
1136 1986 136 51 torped
1299 1985 118 38 borde
1445 1985 131 36 kunna
1605 1983 195 37 tillverkas
1829 1985 21 34 å

234 2045 237 38 Karlskrona
513 2045 161 36 stations
715 2043 90 37 varf
842 2043 58 36 till
929 2047 54 31 ett
1011 2041 90 49 pris,
1132 2053 82 23 som
1241 2038 87 37 med
1357 2037 177 48 omkring
1563 2037 114 46 2,600
1706 2036 144 35 kronor

232 2098 232 48 understege
488 2097 64 36 det
581 2095 224 50 styckepris,
840 2108 82 23 som
949 2107 52 22 nu
1031 2093 41 36 af
1096 2092 165 37 svenska
1289 2095 125 32 staten
1442 2089 157 46 erlades,
1630 2088 71 36 och
1728 2087 122 36 under

234 2150 279 47 förutsättning
542 2153 54 32 att
626 2148 144 47 årligen
798 2146 117 36 minst
945 2147 47 34 25
1018 2144 179 49 torpeder
1224 2143 128 36 kunde
1372 2142 102 37 inom
1493 2141 129 36 landet
1642 2138 207 46 tillverkas,

234 2201 133 46 skulle,
411 2201 127 36 därest
579 2198 389 51 torpedtillverkning
1010 2196 41 37 af
1075 2201 126 31 staten
1230 2195 93 49 själf
1347 2194 165 46 drefves,
1541 2191 234 50 uppkomma
1802 2202 48 23 en

234 2253 97 48 årlig
357 2252 209 48 besparing
594 2252 41 35 af
659 2251 181 47 omkring
869 2249 140 45 65,000
1038 2247 155 45 kronor;
1225 2247 70 36 och
1321 2246 119 36 skulle
1468 2245 85 36 hela
1573 2241 278 49 anläggnings-

233 2304 215 38 kostnaden
490 2304 59 36 för
578 2316 47 23 en
657 2300 319 51 torpedverkstad
1004 2312 91 23 vara
1123 2298 213 37 amorterad
1365 2297 97 37 efter
1490 2296 192 47 förloppet
1711 2293 42 36 af
1777 2296 19 33 7
1830 2294 21 34 å

318 2365 67 29 Bih.
411 2365 46 28 till
478 2364 103 28 Riksd.
604 2364 82 27 Prot.
710 2360 93 31 1908.
849 2359 19 30 4
891 2361 93 28 Saml.
1030 2360 18 29 1
1070 2359 71 38 Ajd.
1189 2357 21 30 6
1231 2359 87 36 Häft.
1770 2354 38 27 12

1864 549 171 30 Anläggande
2049 550 27 22 at

1868 591 32 17 en
1920 584 123 23 verkstad
2063 583 15 24 å

1866 620 107 22 flottans
1992 619 57 22 varf
2067 619 10 22 i

1867 654 158 22 Karlskrona
2034 653 42 23 för

1868 688 172 29 tillverkning
2050 688 27 22 af

1904 723 131 29 torpeder.

1924 764 98 47 [35.]
