2264 2592
721 189 259 33 Statsutskottets
1011 189 178 32 Utlåtande
1210 190 65 32 N:o
1301 189 29 31 6.
1752 190 42 31 45

217 276 351 37 underofficerarna
596 276 42 36 af
662 276 268 36 motsvarande
958 275 98 49 grad
1083 275 13 36 i
1123 275 137 37 flottan
1275 275 149 49 åtnjuta
1439 276 120 37 under
1573 276 264 49 tjänstgöring

217 329 12 36 i
257 328 102 47 land,
401 328 83 36 icke
526 327 76 37 kan
646 340 109 24 anses
788 328 117 36 vinna
933 327 247 49 tillämpning
1209 327 160 36 allenast
1397 328 234 49 därigenom,
1662 333 54 31 att
1746 328 90 37 aflö-

216 380 168 49 ningens
427 393 147 23 summa
615 380 74 36 blir
718 380 220 36 densamma
970 380 60 36 för
1056 379 97 37 båda
1181 378 282 50 kategorierna,
1493 385 92 31 utan
1612 386 56 31 att
1690 380 145 49 jämväl

217 432 220 49 aflöningen
479 431 70 37 bör
589 434 95 46 utgå
725 432 58 35 till
824 431 98 37 båda
962 431 121 37 under
1115 431 200 36 enahanda
1343 431 174 37 rubriker
1546 432 71 36 och
1645 433 86 36 med
1759 432 77 36 lika

216 485 139 49 belopp
398 483 122 37 under
560 483 135 49 hvarje
732 483 145 36 rubrik.
933 483 135 37 Denna
1095 483 12 36 i
1135 483 367 49 riksdagsbeslutets
1532 484 158 49 ordalag
1718 498 118 35 grun-

216 537 96 36 dade
354 535 253 50 uppfattning
647 535 128 36 kunde
816 535 84 37 icke
929 548 109 24 anses
1066 535 76 36 lida
1170 538 122 46 något
1321 536 157 48 intrång
1506 535 112 36 däraf
1642 541 55 31 att
1725 536 110 36 Riks-

216 589 126 48 dagen
385 588 92 49 själf
514 588 189 49 uppställt
745 592 136 43 staten,
922 587 9 36 i
958 587 102 36 hvad
1110 587 172 49 anginge
1323 587 345 37 underofficerarna
1710 588 41 35 af
1776 590 59 34 2:a

215 640 157 49 graden,
415 643 49 46 på
505 644 118 32 annat
665 644 86 32 sätt.
821 640 59 48 Ty
922 639 103 36 detta
1053 639 108 36 torde
1189 639 116 36 hafva
1333 639 210 37 föranledts
1572 639 42 36 af
1637 639 197 49 praktiska

216 692 83 36 skäl
341 692 71 36 och
454 692 128 49 gällde
625 692 134 36 endast
797 694 41 33 år
879 692 109 35 1908.
1059 690 167 38 Sålunda
1254 691 122 36 skulle
1404 691 122 49 enligt
1553 691 282 36 marinförvalt-

214 744 167 48 ningens
422 744 254 48 uppfattning
717 743 58 36 till
816 743 254 37 underofficer
1112 743 41 36 af
1191 746 60 33 2:a
1279 743 147 48 graden
1455 743 65 36 vid
1549 742 286 38 kustartilleriet

213 798 95 46 utgå
336 795 168 49 följande
533 796 205 36 förmåner:

422 877 96 56 lön...
912 912 162 2 un
1118 912 84 2 on
1245 880 143 36 kronor
1458 881 84 35 900:
1573 902 50 4 —

425 932 251 49 dagaflöning
704 934 22 34 å
753 933 142 35 kronor
926 933 98 35 1:50
1081 964 5 3 ...
1298 944 18 23 »
1456 934 86 34 547:
1574 933 48 35 50

423 984 458 48 beklädnadsersättning
1049 1015 4 4 .
1200 996 117 23 2»
1457 985 85 34 200:
1572 1005 51 4 —

423 1036 218 48 ersättning
668 1036 60 36 för
755 1035 74 37 ved
858 1035 71 36 och
956 1035 75 49 ljus
1295 1047 18 23 »
1454 1037 85 34 100:
1570 1057 50 3 —

1058 1103 156 37 Summa
1241 1104 144 36 kronor
1416 1105 125 46 1,747:
1573 1106 48 34 50

321 1206 140 36 Härtill
503 1206 152 36 komme
700 1206 406 49 portionsersättning,
1153 1206 144 36 kronor
1334 1208 87 34 226:
1462 1206 60 46 30,
1551 1205 157 36 hvilken
1737 1205 97 36 dock

215 1258 83 37 icke
327 1258 117 36 borde
472 1260 95 46 utgå
596 1258 43 35 af
664 1258 377 48 aflöningsanslaget,
1070 1262 93 31 utan
1184 1257 42 36 af
1242 1257 342 49 förslagsanslaget
1604 1257 58 36 till
1680 1262 153 31 natura-

214 1310 201 36 underhåll
443 1312 39 34 åt
510 1310 178 48 personal
716 1310 65 35 vid
809 1309 297 37 kustartilleriet.

317 1361 471 48 Inkvarteringsbidraget
830 1361 57 36 till
927 1360 525 49 underofficersekorpralerna
1493 1360 96 36 hade
1621 1360 86 36 med
1735 1360 97 36 iakt-

213 1413 166 49 tagande
408 1413 41 36 af
474 1417 150 32 senaste
651 1412 192 49 Riksdags
872 1413 137 48 gjorda
1037 1412 194 36 uttalande
1260 1412 143 47 därom,
1434 1416 55 31 att
1517 1412 62 36 det
1606 1412 141 48 högsta
1768 1425 64 22 an-

212 1466 54 35 tal
295 1464 129 50 dylika
456 1464 208 49 korpraler,
695 1477 82 24 som
816 1464 119 36 skulle
964 1464 140 37 tillåtas
1132 1464 49 36 bo
1210 1469 106 31 utom
1344 1463 149 47 kasern,
1523 1463 116 37 borde
1668 1463 163 36 bestäm-

212 1530 82 23 mas
323 1516 57 36 till
412 1518 58 45 75,
501 1517 42 35 af
566 1516 413 49 marinförvaltningen
1007 1516 205 36 beräknats
1241 1515 58 36 till
1328 1528 143 23 samma
1500 1515 138 49 belopp
1668 1528 81 23 som
1774 1515 59 36 för

212 1568 259 36 innevarande
501 1570 41 33 år
570 1568 91 36 eller
688 1568 59 35 till
778 1569 138 45 15,000
945 1568 151 36 kronor.

316 1619 78 49 Jag
434 1620 123 35 finner
594 1619 81 49 mig
702 1619 94 37 böra
822 1619 59 36 till
909 1619 71 36 alla
1009 1619 103 36 delar
1139 1618 149 36 biträda
1316 1618 428 48 marinförvaltningens
1774 1620 57 33 så-

212 1671 117 36 lunda
356 1671 169 36 uttalade
555 1671 141 36 åsikter
725 1671 106 36 såväl
849 1671 12 36 i
882 1671 176 36 afseende
1077 1673 20 33 å
1118 1670 148 48 ökning
1282 1670 40 36 af
1335 1670 305 36 kustartilleriets
1656 1669 176 49 personal

213 1737 82 23 som
337 1723 386 48 aflöningsförmåner
756 1723 58 36 till
841 1722 346 37 underofficerarna
1216 1722 72 36 och
1320 1721 423 49 inkvarteringsbidrag
1775 1721 57 36 till

212 1775 533 48 underofficerskorpralerna.
755 1790 11 15 >

316 1876 243 36 Beträffande
596 1876 347 37 underofficerarna
973 1876 41 36 af
1039 1876 118 36 andra
1185 1876 147 48 graden
1362 1875 63 36 vid
1454 1874 285 37 kustartilleriet
1768 1874 63 37 be-

213 1929 73 35 slöt
317 1929 98 35 1907
447 1931 61 33 års
536 1928 184 48 Riksdag,
753 1933 55 31 att
837 1929 107 36 dessa
974 1928 121 37 skulle
1120 1928 143 36 erhålla
1283 1940 144 23 samma
1441 1927 291 46 löneförmåner,
1749 1939 81 24 som

211 1980 349 37 underofficerarna
589 1980 42 36 af
654 1980 269 36 motsvarande
952 1980 95 48 grad
1075 1979 65 36 vid
1159 1979 136 37 flottan
1318 1979 144 49 åtnjöte
1481 1979 64 36 vid
1566 1978 265 49 tjänstgöring

211 2033 12 35 i
251 2032 102 46 land,
383 2032 71 36 och
484 2032 180 36 anvisade
693 2032 59 36 för
780 2032 104 36 detta
912 2032 175 36 ändamål
1115 2036 54 32 ett
1198 2031 138 49 belopp
1367 2031 41 36 af
1433 2032 138 46 27,588
1600 2030 152 37 kronor.

315 2083 144 49 Kungl.
503 2083 110 49 Maj:t
641 2083 69 36 har
738 2097 51 22 nu
819 2088 135 42 ansett,
985 2088 56 31 att
1069 2083 82 37 icke
1179 2083 99 37 blott
1306 2083 351 37 löneförmånernas
1686 2095 147 24 summa

211 2135 122 36 skulle
373 2138 96 46 utgå
510 2135 88 36 med
635 2148 143 23 samma
806 2135 138 49 belopp
974 2136 59 36 för
1060 2136 168 36 nämnda
1255 2135 219 49 kategorier
1502 2134 329 46 underofficerare,

209 2192 94 31 utan
332 2192 55 31 att
416 2187 219 49 aflöningen
664 2188 57 36 till
748 2187 347 37 underofficerarne
1124 2188 42 36 af
1191 2187 118 37 andra
1337 2187 145 49 graden
1510 2186 65 36 vid
1602 2184 230 38 kustartille-

209 2239 72 36 riet
323 2239 59 36 för
425 2242 41 34 år
502 2240 98 36 1909
632 2239 119 37 skulle
779 2243 93 45 utgå
897 2240 143 48 jämväl
1069 2240 123 35 under
1220 2239 197 37 enahanda
1445 2238 173 37 rubriker
1646 2237 72 36 och
1745 2235 86 37 med

210 2291 79 36 lika
317 2291 140 49 belopp
486 2291 121 37 under
634 2292 134 49 hvarje
797 2291 131 37 rubrik
956 2305 81 23 som
1067 2291 59 36 för
1153 2291 347 36 underofficerarna
1520 2289 42 36 af
1577 2301 142 24 samma
1735 2287 95 50 grad

1888 1885 140 23 Utskottets

1892 1919 130 30 yttrande.
