2271 2576
476 185 42 31 50
947 181 258 32 Statsutskottets
1236 179 176 32 Utlåtande
1436 180 63 30 N:o
1524 183 29 27 6.

1432 264 210 48 Transport
1670 264 142 37 kronor
1839 265 152 46 41,263:
2008 285 51 5 -—

436 323 176 48 anslaget
654 321 93 36 ökas
789 319 86 37 med
917 319 63 36 det
1021 317 153 49 belopp,
1204 330 81 23 som
1314 315 239 38 erfordrades
1583 315 59 36 för

435 375 173 48 aflöning
636 373 43 36 af
703 386 48 23 en
770 371 325 49 tillsyningsman,
1113 369 145 36 hvilket
1273 368 139 49 belopp
1428 367 32 48 ej
1480 369 162 46 ansåges

436 428 131 35 kunna
596 430 118 32 sättas
743 424 107 48 lägre
880 428 49 31 Äl
970 417 307 59 s.sececesesesss
1297 449 331 7 sees

540 477 272 48 Anvisningen
852 475 59 36 till
954 471 313 52 sjöförbindelser
1307 472 103 36 inom
1452 470 191 50 kustposi-

436 531 186 45 tionerna,
653 542 83 23 som
763 530 49 46 på
840 525 130 50 grund
994 525 42 35 af
1053 525 99 35 1906
1173 526 61 33 års
1253 523 165 49 höjning
1436 523 13 35 i
1470 522 173 49 anslaget

436 582 148 36 kunnat
612 581 93 36 ökas
734 579 85 36 med
839 578 116 46 4,200
982 577 154 46 kronor,
1166 575 97 36 hade
1283 577 63 34 det
1367 574 157 36 oaktadt
1543 574 101 36 visat

437 634 61 48 sig
526 633 60 36 för
612 633 143 47 knapp,
777 631 71 35 och
868 628 238 37 erfordrades
1127 641 47 23 en
1192 627 225 48 ytterligare
1438 625 147 49 ökning
1603 625 42 36 af

542 683 317 47 Anledningarna
887 680 128 37 härtill
1056 693 92 22 vore
1177 678 79 37 dels
1298 678 258 47 beväringens
1586 682 58 30 ut-

438 736 168 52 sträckta
634 735 150 47 öfning,
814 733 79 36 dels
936 731 208 48 tillökning
1171 743 141 35 genom
1339 729 305 49 uppsättningen

438 789 41 35 af
517 787 208 47 Älfsborgs
754 783 516 38 kustartilleridetachement
1300 782 70 35 och
1399 781 79 36 dels
1509 780 135 48 dyrare

438 839 259 37 driftkostnad
737 837 65 36 vid
844 835 211 37 Vaxholms
1098 834 72 36 och
1198 833 118 37 Oscar
1343 832 301 48 Fredriksborgs

439 891 174 47 fästning
659 902 142 36 genom
846 888 75 35 den
963 886 122 37 ökade
1128 885 70 36 och
1235 884 410 49 transportkraftigare

437 942 230 37 materielen.

543 993 148 37 Genom
719 990 287 38 vederbörande
1031 987 469 50 expropriationsnämnds
1520 986 127 36 beslut

439 1046 98 36 hade
579 1044 146 48 Kungl.
770 1043 109 48 Maj:t
922 1042 72 36 och
1035 1041 159 36 Kronan
1236 1039 220 49 förpliktats
1499 1043 55 31 att
1587 1038 57 35 till

440 1103 144 43 ägaren
613 1096 42 36 af
679 1095 215 36 Edholmen
922 1094 13 35 i
963 1093 187 36 närheten
1184 1091 40 36 af
1249 1091 190 36 Vaxholm
1467 1090 13 36 i
1508 1094 138 32 ersätt-

441 1150 96 47 ning
578 1148 60 36 för
681 1147 74 36 den
797 1145 121 37 skada
960 1145 73 36 och
1075 1144 63 36 det
1171 1144 166 47 intrång,
1368 1155 82 23 som
1479 1142 165 36 förorsa-

440 1201 118 36 kades
588 1199 354 47 fastighetsägaren
961 1209 141 36 genom
1130 1194 268 49 nedläggning
1418 1194 71 36 och
1508 1193 137 36 under-

439 1253 78 36 håll
564 1252 41 35 af
647 1249 193 49 åtskilliga
886 1249 61 35 för
988 1248 190 36 försvaret
1220 1249 20 33 å
1269 1246 151 36 holmen
1457 1244 189 48 nedlagda

440 1303 206 37 elektriska
674 1301 214 47 ledningar,
919 1302 41 33 så
987 1300 115 47 länge
1120 1298 252 48 ledningarna
1396 1297 137 35 funnes
1552 1296 96 36 kvar

441 1359 19 33 å
487 1355 166 36 holmen.

546 1406 58 36 Då
645 1402 293 50 ifrågavarande
966 1401 166 37 kostnad
1170 1401 81 36 icke
1280 1405 131 44 syntes
1439 1399 209 48 lämpligen

441 1459 131 35 kunna
600 1459 96 46 utgå
724 1456 86 35 från
838 1454 120 36 andra
986 1453 124 37 medel
1147 1458 48 31 än
1224 1452 173 48 anslaget
1425 1451 57 36 till
1510 1451 137 35 under-

441 1510 77 36 håll
546 1509 41 36 af
616 1507 306 37 kustartilleriets
955 1504 229 50 byggnader
1204 1504 70 36 och
1294 1502 180 48 materiel,
1494 1502 153 36 kräfdes

441 1562 12 35 i
482 1560 209 48 anledning
718 1558 113 36 häraf
857 1571 47 23 en
934 1557 147 48 ökning
1108 1556 43 36 af
1175 1556 103 36 detta
1308 1555 134 48 anslag
1470 1554 85 36 med
1583 1585 61 4 ......

547 1613 86 35 Den
662 1610 195 48 behöfliga
886 1609 198 48 ökningen
1113 1608 41 35 af
1185 1606 294 49 ifrågavarande
1512 1605 136 48 anslag

442 1680 182 49 utgjorde
652 1678 112 37 alltså
785 1708 73 5 ....
879 1706 447 7 meemwcseeeeeeeemeesewee
1335 1705 307 5 rss
1509 1670 29 57 ere
1548 1670 51 57 sana
1612 1670 33 57 oe

1726 430 18 23 »
1906 420 84 34 300:
2009 440 50 4 —

1737 637 17 23 »
1868 625 123 46 3,500:
2011 646 47 4 —

1742 1565 17 22 »
1874 1551 122 47 1,000:
2015 1572 46 4 —

1673 1673 143 35 kronor
1844 1672 151 46 46,063:
2015 1692 46 3 —

547 1763 418 48 Marinförvaltningen
1005 1761 225 37 hemställde
1271 1760 246 46 fördenskull,
1547 1764 56 31 att
1630 1758 121 37 Eders
1780 1757 142 48 Kungl.
1954 1756 110 48 Maj:t

443 1817 88 36 ville
575 1816 40 36 af
639 1816 223 47 Riksdagen
899 1814 104 46 äska,
1034 1818 55 31 att
1117 1812 293 49 ifrågavarande
1437 1810 396 47 reservationsanslag
1861 1811 116 33 måtte
2005 1808 59 36 för

443 1872 41 32 år
528 1869 98 35 1909
672 1868 95 36 ökas
810 1867 84 36 från
937 1866 194 48 anslagets
1168 1864 221 36 nuvarande
1426 1864 140 48 belopp
1606 1864 165 45 326,437
1809 1861 142 36 kronor
1979 1859 83 37 med

444 1921 141 46 46,063
616 1920 144 35 kronor
786 1919 58 35 till
874 1919 167 46 372,500
1071 1917 152 36 kronor.

550 1972 84 35 Den
664 1972 41 34 af
729 1969 413 48 marinförvaltningen
1171 1967 157 37 sålunda
1356 1967 219 48 föreslagna
1603 1965 198 49 ökningen
1830 1964 41 36 af
1883 1964 102 35 detta
2001 1976 64 22 an-

446 2023 85 48 slag
558 2023 124 35 finner
705 2021 72 49 jag
804 2034 92 22 vara
923 2021 42 35 af
988 2020 183 36 behofvet
1199 2018 247 50 synnerligen
1473 2017 188 50 påkallad,
1692 2017 97 36 dock
1817 2015 86 36 med
1922 2014 144 36 undan-

446 2080 68 43 tag
542 2073 120 47 däraf,
690 2078 57 30 att
776 2077 102 41 enär,
907 2072 122 47 enligt
1057 2071 42 35 af
1122 2071 120 36 Edors
1270 2071 144 47 Kungl.
1444 2070 110 48 Maj:t
1572 2081 157 24 numera
1752 2066 197 37 meddelad
1969 2066 98 35 före-

448 2126 125 43 skrift,
605 2124 249 37 förenämnda
883 2125 20 34 å
932 2123 216 35 Edholmea
1175 2122 191 47 nedlagda
1399 2121 206 36 elektriska
1624 2119 203 47 ledningar
1842 2118 106 36 skola
1962 2117 103 37 bort-

447 2185 122 42 tagas,
613 2179 132 46 någon
782 2175 147 48 ökning
971 2174 41 36 af
1042 2177 175 44 ansiaget
1244 2173 83 36 icke
1355 2173 184 35 behöfver
1566 2170 280 49 ifrågakomma
1875 2170 58 37 för
1960 2170 106 36 bere-

447 2230 124 36 dande
606 2229 41 36 af
672 2228 123 37 medel
823 2227 58 36 till
909 2227 73 35 den
1011 2226 227 47 ersättning,
1268 2237 82 23 som
1379 2223 108 49 eljest
1516 2223 124 36 skolat
1668 2222 57 36 till
1754 2226 143 45 ägaren
1925 2221 41 37 af
1990 2221 75 36 Ed-

446 2283 155 35 holmen
628 2283 96 47 utgå
753 2280 59 37 för
841 2278 118 38 skada
987 2278 73 37 och
1087 2278 156 47 intrång
1271 2289 141 36 genom
1441 2288 145 23 samma
1613 2274 235 49 ledningar.»
