1896 2778
254 167 41 30 34
567 168 120 31 Andra
708 169 246 39 lagutskottets
977 170 178 31 utlåtande
1175 181 43 20 nr
1238 173 19 28 6
1278 172 39 30 år
1339 173 84 29 1958

252 246 119 30 därför
394 247 176 31 undantas
592 248 81 30 från
696 248 314 40 tillståndsplikten
1033 250 103 31 såvitt
1158 260 99 21 avser
1279 252 102 30 dessa
1403 255 195 37 apparater,
1622 255 86 29 utan
1730 254 12 30 i

252 300 66 29 den
346 300 83 30 mån
458 300 472 41 strålskyddsmyndigheten
958 303 115 30 finner
1101 304 204 31 individuell
1333 306 172 40 prövning
1533 306 71 31 inte
1632 307 110 30 erfor-

252 353 108 40 derlig
376 353 64 30 bör
457 354 165 39 generellt
639 355 158 30 tillstånd
814 356 123 30 kunna
954 357 176 30 meddelas
1148 358 89 29 dem.
1256 358 211 40 Därigenom
1484 360 67 30 blir
1569 360 57 30 det
1644 362 98 28 näm-

251 405 90 40 ligen
362 407 139 39 möjligt
521 409 50 28 att
597 408 4 29 i
621 408 166 31 händelse
808 418 42 21 av
869 409 178 31 missbruk
1067 410 220 31 individuellt
1307 412 170 31 återkalla
1497 413 57 30 det
1575 414 166 39 generellt

252 459 101 39 givna
378 460 205 31 tillståndet.
608 461 52 30 Av
686 470 133 22 samma
844 463 77 29 skäl
946 463 63 30 bör
1034 464 86 29 även
1145 465 10 29 i
1180 464 41 30 de
1247 465 72 34 fall,
1345 465 45 30 då
1414 466 211 31 kommittén
1651 467 90 30 före-

252 512 101 40 slagit
371 514 173 38 generella
563 515 180 40 undantag
763 515 78 30 från
861 516 432 41 tillståndsskyldigheten,
1319 519 6 29 i
1344 519 69 30 den
1432 519 83 30 mån
1536 520 37 30 så
1593 521 39 29 är
1652 520 89 40 möj-

250 566 72 39 ligt,
338 568 12 29 i
367 567 117 31 stället
500 569 172 38 generella
689 569 158 31 tillstånd
864 570 190 30 användas.
1072 571 13 29 I
1103 572 172 38 generella
1292 573 159 30 tillstånd
1469 574 52 29 till
1540 574 140 30 förvärv
1698 584 42 20 av

249 619 220 32 radioaktiva
496 622 128 29 ämnen
650 622 71 30 kan
747 623 57 30 vid
830 623 113 31 behov
970 623 211 32 föreskrivas
1209 625 68 30 den
1304 627 129 29 största
1460 627 210 39 myckenhet
1698 637 42 21 av

249 672 97 40 varje
366 674 74 40 slag
459 683 43 21 av
521 674 125 32 sådant
665 676 113 36 ämne,
798 685 75 21 som
893 677 59 30 vid
972 686 134 21 samma
1125 678 167 40 tidpunkt
1311 679 58 30 må
1389 679 203 31 innehavas.

296 726 12 29 I
330 727 97 30 detta
449 729 254 39 sammanhang
724 729 59 30 vill
804 729 59 40 jag
884 730 107 30 också
1011 730 122 31 beröra
1154 731 58 31 det
1233 741 42 20 av
1295 732 95 30 vissa
1410 732 169 40 företags-
1601 734 64 29 och
1687 743 54 20 ar-

250 778 455 41 betstagarorganisationer
719 784 178 37 upptagna
914 783 207 39 spörsmålet
1137 793 57 20 om
1210 784 183 40 möjlighet
1408 786 51 29 att
1470 793 86 32 ange
1567 786 172 39 generella

250 832 297 41 kompetenskrav
567 835 55 29 för
642 835 308 31 tillståndshavare
972 837 63 29 och
1057 837 250 31 föreståndare.
1330 839 81 30 Som
1434 839 155 40 framgår
1611 850 42 20 av
1672 840 67 30 vad

250 885 58 40 jag
330 895 84 30 nyss
436 887 117 30 anfört
574 888 62 30 bör
658 889 58 29 det
736 889 12 29 i
768 889 92 30 vissa
882 889 73 35 fall,
977 890 176 39 nämligen
1174 892 12 28 i
1207 891 99 40 fråga
1327 901 57 20 om
1406 895 185 37 apparater
1612 894 11 28 i
1646 895 93 28 stan-

251 938 277 32 dardutförande
556 941 64 29 där
649 941 247 31 strålriskerna
924 944 38 28 är
991 943 137 30 relativt
1154 944 225 39 begränsade,
1408 955 83 21 vara
1521 946 138 40 möjligt
1688 948 51 28 att

251 993 175 39 uppställa
457 994 183 30 ensartade
670 995 364 31 kvalifikationskrav.
1066 997 111 39 Eljest
1206 998 97 29 torde
1333 999 58 29 det
1421 999 169 35 däremot,
1622 1000 117 29 såsom

250 1044 210 31 kommittén
479 1046 215 36 framhåller,
714 1057 82 21 vara
815 1049 215 40 nödvändigt
1048 1052 50 28 att
1116 1050 147 30 bedöma
1281 1051 458 41 kompetensfordringarna

251 1097 78 30 från
348 1098 62 30 fall
430 1099 53 29 till
503 1099 72 30 fall.
594 1100 65 30 Det
678 1101 98 30 torde
795 1101 36 30 få
851 1102 191 30 ankomma
1059 1103 45 40 på
1123 1104 471 41 strålskyddsmyndigheten
1613 1108 61 32 att,
1694 1106 45 30 då

250 1150 37 29 så
309 1152 38 28 är
368 1151 150 40 möjligt,
540 1152 142 31 utfärda
703 1154 431 40 kompetensföreskrifter
1155 1156 55 31 för
1231 1157 307 32 tillståndshavare
1562 1160 64 29 och
1649 1160 90 29 före-

251 1203 173 31 ståndare.

293 1261 13 29 I
325 1261 57 30 det
401 1262 208 40 föregående
627 1264 64 30 har
708 1264 58 40 jag
784 1266 124 30 nämnt
926 1269 51 28 att
993 1267 210 31 kommittén
1220 1268 11 30 i
1248 1269 93 30 vissa
1359 1269 224 31 hänseenden
1602 1271 136 29 undan-

250 1313 84 39 tagit
356 1315 469 42 atomenergianläggningar
848 1320 66 28 och
939 1320 106 39 enligt
1071 1321 315 40 atomenergilagen
1410 1319 327 49 tillståndspliktiga

247 1367 127 30 ämnen
393 1367 80 31 från
492 1368 320 42 tillståndstvånget
829 1372 11 29 i
859 1372 333 41 strålskyddslagen.
1211 1375 116 39 Enligt
1345 1376 74 29 min
1438 1377 141 39 mening
1598 1377 62 30 bör
1678 1377 58 29 det

246 1428 83 22 vara
347 1421 150 40 möjligt,
518 1425 50 27 att
587 1424 11 29 i
618 1423 100 40 fråga
738 1434 56 20 om
814 1425 42 30 de
875 1426 219 31 radioaktiva
1114 1428 150 30 ämnena
1284 1429 41 39 gå
1345 1429 120 40 längre
1486 1431 45 28 än
1550 1431 67 29 vad
1637 1431 95 29 kom-

245 1473 123 31 mittén
390 1474 179 41 föreslagit
590 1477 64 29 och
677 1477 147 31 sålunda
845 1479 81 30 från
946 1479 319 41 tillståndstvånget
1285 1482 202 40 undantaga
1509 1483 68 30 alla
1598 1484 41 29 de
1661 1483 73 34 fall,

245 1526 62 30 där
334 1527 161 32 tillstånd
522 1530 194 32 meddelats
743 1532 107 39 enligt
877 1534 326 39 atomenergilagen.
1231 1535 64 39 Jag
1322 1536 60 29 vill
1409 1536 66 30 här
1503 1536 151 40 tillägga,
1684 1538 50 28 att

246 1579 210 32 kommittén
475 1582 11 29 i
505 1582 94 31 detta
619 1585 254 39 sammanhang
892 1586 261 40 understryker,
1173 1589 51 28 att
1242 1588 165 40 förslaget
1426 1589 12 29 i
1456 1590 115 29 denna
1589 1590 54 29 del
1662 1590 73 30 inte

247 1632 55 30 får
325 1642 103 22 anses
452 1635 169 31 innebära
645 1639 51 28 att
721 1638 419 39 strålskyddskontrollen
1164 1641 58 30 vid
1247 1642 220 39 uppförande
1493 1643 64 29 och
1582 1643 86 30 drift
1693 1653 43 20 av

246 1686 394 42 reaktoranläggningar
662 1690 13 30 i
699 1690 105 40 något
826 1692 171 30 avseende
1021 1693 206 31 åsidosättes
1251 1694 82 30 eller
1357 1695 191 40 försvagas.
1573 1696 162 30 Kontrol-

246 1738 54 30 len
326 1748 104 22 anser
453 1741 211 31 kommittén
687 1743 123 31 kunna
833 1744 201 40 tillgodoses
1059 1754 125 31 genom
1208 1749 50 28 att
1282 1748 57 30 vid
1365 1748 126 40 Kungl.
1517 1749 124 39 Maj:ts
1666 1750 69 29 till-

246 1791 101 30 stånd
368 1793 108 40 enligt
497 1796 316 40 atomenergilagen
832 1797 100 40 fogas
952 1799 42 29 de
1015 1799 282 40 grundläggande
1319 1802 65 29 och
1404 1802 219 40 principiella
1644 1803 90 30 före-

246 1845 143 30 skrifter
419 1847 65 29 och
512 1848 136 35 villkor,
680 1858 75 21 som
783 1850 140 31 fordras
951 1852 11 29 i
992 1852 429 40 strålskyddshänseende,
1451 1855 152 30 varefter
1633 1855 100 31 strål-

245 1898 383 41 skyddsmyndigheten
650 1902 55 30 får
728 1903 158 31 meddela
909 1905 42 29 de
973 1914 96 21 mera
1091 1906 263 41 detaljmässiga
1375 1908 270 31 föreskrifterna
1668 1910 64 29 och

244 1950 181 31 villkoren.
446 1952 249 41 Delegationen
715 1955 55 30 för
790 1957 334 41 atomenergifrågor
1144 1959 64 30 har
1226 1960 160 30 häremot
1407 1961 132 35 invänt,
1561 1964 49 28 att
1632 1963 101 29 strål-

244 2003 384 42 skyddsmyndigheten
649 2008 72 30 inte
743 2009 63 30 bör
826 2017 58 31 ges
906 2020 45 20 en
974 2011 229 41 självständig
1224 2014 69 29 rätt
1315 2016 60 32 att,
1399 2015 122 29 utöver
1542 2015 41 30 de
1605 2015 127 30 villkor

244 2065 74 21 som
337 2057 90 31 fästs
446 2059 57 30 vid
522 2060 194 31 tillståndet
735 2062 106 40 enligt
859 2065 327 39 atomenergilagen,
1206 2066 158 31 meddela
1383 2067 222 31 föreskrifter
1624 2068 107 40 enligt

245 2110 331 41 strålskyddslagen.

286 2166 73 30 Vad
386 2168 149 31 sålunda
560 2171 137 30 anförts
722 2180 59 31 ger
805 2174 71 39 mig
902 2175 188 40 anledning
1115 2178 50 28 att
1191 2177 218 31 återkomma
1435 2179 52 29 till
1514 2179 123 39 frågan
1662 2180 69 29 hur

240 2219 491 43 strålskyddsmyndighetens
753 2227 181 39 prövning,
959 2229 63 28 när
1044 2229 56 29 det
1122 2230 108 38 gäller
1252 2232 478 40 atomenergianläggningar,

241 2271 61 30 bör
322 2275 207 30 samordnas
548 2277 79 30 med
647 2278 68 29 den
733 2280 171 39 prövning
923 2281 12 29 i
954 2281 111 39 övrigt
1084 2291 75 21 som
1180 2283 88 30 skall
1288 2284 83 29 eller
1389 2284 71 30 kan
1480 2285 220 31 förekomma
1719 2286 11 30 i

241 2326 169 31 samband
430 2329 79 29 med
528 2329 172 31 tillkomst
719 2333 63 28 och
802 2333 85 30 drift
907 2343 43 20 av
968 2334 130 31 sådana
1117 2336 260 40 anläggningar.
1408 2338 161 39 Tidigare
1587 2339 65 29 har
1670 2339 59 39 jag

239 2378 98 35 visat,
363 2382 51 28 att
436 2399 45 4 —
504 2382 155 31 förutom
684 2384 125 40 Kungl.
834 2386 106 39 Maj:t
965 2388 64 29 och
1053 2388 41 30 de
1119 2397 107 30 organ
1251 2399 75 20 som
1350 2391 223 30 uteslutande
1598 2393 131 38 sysslar

239 2432 78 29 med
335 2435 335 40 atomenergifrågor
689 2440 91 28 samt
798 2439 471 41 strålskyddsmyndigheten
1285 2461 44 3 —
1345 2444 45 29 bl.
1409 2453 29 20 a.
1456 2445 272 30 vattendomstol

239 2487 63 29 och
322 2487 342 33 hälsovårdsnämnd
684 2491 45 39 på
749 2492 113 38 grund
883 2502 43 20 av
946 2494 159 38 gällande
1125 2495 220 40 lagstiftning
1365 2497 71 29 kan
1457 2498 142 30 komma
1620 2501 50 27 att
1691 2499 37 30 få
