2253 2668
467 214 17 29 2
891 211 263 32 Statsutskottets
1185 211 177 33 Utlåtande
1385 211 64 32 N:o
1472 214 54 30 29.

424 299 301 39 administrativa
757 300 130 50 byrån,
930 306 89 33 enär
1060 300 102 39 såväl
1202 300 340 51 protokollsföring
1584 314 81 24 som
1693 300 253 51 upprättande
1975 301 40 37 af

422 353 407 51 föredragningslistor
880 354 121 38 skulle
1051 355 68 37 ske
1162 354 276 50 afdelningsvis
1481 354 68 38 och
1591 354 147 38 således
1779 354 172 38 notarien
1993 357 20 34 å

423 407 301 38 administrativa
760 408 120 49 byrån
918 408 133 37 endast
1078 407 165 50 fullgöra
1272 407 110 38 dessa
1411 407 242 50 åligganden,
1681 407 13 37 i
1721 407 100 38 hvad
1845 407 167 50 anginge

421 460 180 50 plenimål
619 456 16 59 :
642 465 98 33 samt
780 460 303 38 administrativa
1125 460 85 49 mål,
1253 474 80 23 som
1369 460 83 38 icke
1497 460 254 37 behandlades
1792 460 13 37 i
1846 461 164 49 plenum.

420 513 239 38 Kommittén
686 514 97 37 hade
812 514 185 50 därjämte
1022 518 124 33 ansett
1164 514 160 50 möjligt,
1346 518 54 32 att
1418 513 290 50 ifrågavarande
1728 514 144 37 notarie
1893 513 119 38 skulle

419 567 140 48 kunna,
594 567 228 37 åtminstone
854 567 76 37 tills
961 566 139 50 vidare,
1129 566 122 38 tillika
1278 567 215 50 tjänstgöra
1521 569 122 35 såsom
1673 566 261 50 ombudsman,
1963 569 49 47 på

420 624 87 45 sätt,
536 619 115 39 bland
679 625 126 45 annat,
835 634 47 23 en
911 620 39 37 af
975 620 46 38 de
1045 620 69 37 hos
1133 619 440 51 generalpoststyrelsen
1592 619 185 38 anställda
1797 620 215 37 notarierna

419 673 98 38 hade
550 673 60 49 sig
643 673 140 49 ålagdt.
821 673 134 37 Denna
991 673 245 37 kommitténs
1268 673 248 49 uppfattning
1547 673 97 36 hade
1673 673 114 36 äfven
1815 672 104 49 gjort
1952 673 60 47 sig

418 725 177 49 gällande
623 725 64 36 vid
715 725 256 50 nyssnämnda
999 724 332 50 omorganisation.

522 777 223 38 Emellertid
784 778 98 37 hade
923 778 270 50 utvecklingen
1232 781 85 46 gått
1345 777 152 47 därhän,
1527 782 55 33 att
1609 776 211 50 fullgiltiga
1849 777 82 37 skäl
1959 790 51 24 nu

419 836 131 46 syntes
578 831 188 50 styrelsen
793 831 191 50 föreligga
1011 831 59 37 för
1098 831 236 37 anställande
1363 831 41 37 af
1429 844 47 23 en
1499 843 52 36 ny
1570 830 144 37 notarie
1734 832 20 35 å
1773 829 237 38 administra-

418 885 79 37 tiva
524 884 132 50 byrån.

521 937 135 50 Enligt
691 937 177 48 gällande
904 936 233 38 instruktion
1174 936 118 37 hörde
1328 935 58 38 till
1414 935 300 38 administrativa
1743 935 266 51 afdelningens

417 990 310 50 handläggning:
785 989 346 47 kameralärenden,
1183 989 368 49 revisionsärenden,
1600 989 282 36 kassaärenden
1924 988 85 37 med

419 1043 127 37 därtill
582 1042 169 39 hörande
779 1042 298 50 inventeringar,
1108 1042 209 37 statistiska
1345 1042 71 37 och
1443 1041 407 38 milkontrollärenden
1878 1041 130 37 äfven-

418 1110 81 24 som
529 1096 229 50 sgjukvårds-,
787 1096 197 49 pensions-
1013 1095 69 37 och
1106 1094 413 46 understödsärenden;
1541 1094 177 48 ärenden,
1740 1107 80 25 som
1840 1093 168 51 anginge

417 1149 481 45 restaurationsväsendet;
938 1148 410 38 öfverenskommelser
1376 1147 87 37 med
1490 1147 233 37 främmande
1747 1147 261 49 järnvägsför-

418 1201 217 48 valtningar
677 1201 196 48 angående
914 1204 237 45 gemensamt
1191 1199 250 50 begagnande
1484 1199 41 37 af
1562 1199 195 46 stationer;
1786 1199 134 49 frågor
1948 1212 60 23 om

417 1254 213 48 ersättning
656 1257 48 46 på
732 1253 123 49 grund
885 1253 40 37 af
949 1253 175 49 gällande
1152 1253 285 37 bestämmelser
1462 1265 60 24 om
1541 1251 248 49 ansvarighet
1807 1252 60 36 för
1890 1251 117 37 skada

416 1307 12 36 i
458 1306 94 49 följd
581 1307 41 36 af
642 1307 187 49 järnvägs
859 1305 104 46 drift;
994 1305 177 50 ärenden,
1202 1319 81 24 som
1311 1305 169 50 anginge
1508 1304 284 48 förvaltningen
1820 1304 12 36 i
1851 1304 155 37 allmän-

416 1359 82 46 het;
530 1363 97 33 samt
655 1359 167 37 ärenden
850 1359 12 36 i
890 1359 128 48 öfrigt,
1048 1358 130 37 hvilka
1205 1358 97 48 icke,
1332 1357 120 50 enligt
1480 1357 98 37 hvad
1608 1356 176 37 särskildt
1812 1356 192 37 föreskrif-

416 1412 87 49 vits,
533 1411 121 38 skulle
684 1411 41 37 af
749 1425 123 23 annan
901 1410 196 50 afdelning
1125 1410 218 38 behandlas.

518 1464 75 37 Det
622 1464 107 49 ålåge
757 1463 302 38 administrativa
1086 1464 135 49 byrån:
1251 1468 56 33 att
1333 1462 234 50 tillhandagå
1595 1461 324 38 öfverdirektören
1945 1460 61 37 vid

416 1517 261 49 beredningen
704 1517 41 37 af
770 1517 178 48 ärenden,
979 1530 81 23 som
1088 1516 110 37 rörde
1220 1515 297 38 administrativa
1544 1514 263 49 afdelningen;
1838 1518 55 32 att
1911 1527 94 36 upp-

416 1574 98 32 sätta
552 1569 222 38 skrifvelser
812 1569 69 36 och
919 1569 125 49 öfriga
1072 1568 263 50 expeditioner
1362 1568 12 36 i
1402 1567 178 48 ärenden,
1610 1580 80 24 som
1718 1566 178 37 tillhörde
1929 1579 77 24 om-

417 1621 187 38 förmälda
646 1621 200 50 afdelning
887 1621 91 37 eller
1015 1634 81 24 som
1132 1625 50 46 på
1219 1634 123 24 annan
1379 1620 219 49 afdelnings
1635 1618 277 51 föredragning
1949 1619 55 36 af-

415 1675 123 49 gjorts
574 1674 13 36 i
614 1673 165 51 plenum,
809 1675 11 35 i
849 1673 235 38 sistnämnda
1111 1673 66 37 fall
1205 1673 96 38 dock
1330 1673 135 37 endast
1491 1673 60 36 för
1580 1672 122 37 såvidt
1729 1672 84 37 icke
1840 1671 166 50 koncept

416 1727 84 37 från
528 1726 286 38 vederbörande
843 1726 199 49 afdelning
1070 1726 213 45 aflämnats;
1313 1730 54 33 att
1394 1726 74 36 låta
1496 1724 158 38 afsända
1682 1724 72 37 alla
1783 1723 223 38 skrifvelser

416 1780 71 36 och
529 1779 262 50 expeditioner
830 1779 13 36 i
885 1779 300 37 administrativa
1227 1779 71 36 och
1339 1777 192 50 plenimål;
1575 1782 54 32 att
1665 1777 83 36 föra
1776 1776 230 50 protokoll
1986 1772 24 61 i

416 1832 128 50 dylika
572 1831 85 48 mål,
687 1832 47 37 då
762 1831 134 37 sådant
925 1831 119 49 enligt
1072 1830 220 38 meddelade
1321 1829 284 38 bestämmelser
1633 1829 122 37 skulle
1784 1829 135 46 hållas;
1950 1834 55 31 att

415 1885 83 37 föra
527 1884 138 37 diarier
693 1884 107 37 öfver
828 1883 72 38 alla
928 1883 57 37 till
1014 1883 187 50 styrelsen
1229 1883 269 37 inkommande
1519 1881 183 47 ärenden;
1723 1886 56 33 att
1797 1881 115 37 vårda
1932 1881 73 37 alla

414 1937 196 48 kontrakt,
639 1936 422 50 borgensförbindelser
1089 1937 71 36 och
1189 1936 117 37 andra
1333 1934 238 50 handlingar,
1602 1947 81 24 som
1712 1934 121 49 enligt
1861 1933 144 38 arbets-

416 1990 215 48 ordningen
673 1989 120 37 skulle
835 1992 20 33 å
896 1989 119 49 byrån
1056 1989 182 48 förvaras,
1281 1988 198 37 äfvensom
1508 1988 207 48 styrelsens
1744 1986 259 50 boksamling;

414 2041 210 50 hvarjämte
667 2041 180 38 särskildt
875 2040 105 50 ålåge
1010 2042 186 48 notarien,
1234 2044 122 34 såsom
1386 2039 208 51 styrelsens
1622 2039 258 48 ombudsman,
1910 2043 55 32 att
1993 2039 11 36 i

415 2092 250 52 rättegångar
708 2095 71 36 och
820 2094 116 37 andra
977 2093 73 38 mål
1092 2094 97 37 efter
1231 2092 157 39 erhållet
1428 2092 175 51 uppdrag
1642 2092 125 37 utföra
1796 2090 208 51 styrelsens

414 2148 104 37 talan
559 2152 98 32 samt
685 2152 65 43 att,
780 2147 47 36 då
856 2146 131 37 sådant
1014 2146 231 50 påkallades,
1279 2146 6 36 i
1313 2146 73 36 mål
1414 2145 197 49 angående
1638 2144 207 49 tjänstefel,
1874 2143 130 38 hvilka

416 2200 42 37 af
482 2200 189 49 styrelsen
699 2199 217 48 handlades,
946 2198 205 38 verkställa
1178 2198 206 50 utredning
1413 2198 70 36 och
1511 2197 146 49 afgifva
1684 2196 205 38 utlåtande.

594 2251 301 38 administrativa
935 2251 121 50 byrån
1096 2265 89 23 vore
1227 2251 60 37 för
1327 2250 235 38 närvarande
1604 2249 185 38 anställda
1835 2248 167 51 följande

414 2306 246 48 tjänstemän:
694 2307 17 34 1
742 2304 278 50 byrådirektör,
1048 2303 120 38 tillika
1197 2303 211 50 styrelsens
1438 2303 242 48 sekreterare,
1713 2304 18 35 1
1760 2301 144 38 notarie
1933 2301 69 36 och

416 2358 259 47 ombudsman,
720 2360 18 34 1
782 2357 227 49 registrator
1050 2357 71 36 och
1157 2356 170 37 aktuarie
1356 2361 96 32 samt
1480 2354 345 39 kontorsskrifvare
1853 2353 58 37 till
1939 2353 64 37 det

416 2411 113 48 antal,
559 2424 81 24 som
667 2410 12 36 i
707 2410 306 38 arfyodesstaten
1041 2409 57 38 för
1126 2408 131 49 hvarje
1286 2412 40 34 år
1352 2407 242 39 fastställdes.
