1888 2840
214 167 118 33 Andra
357 168 201 32 kammarens
577 170 143 37 fjärde
744 168 174 41 tillfälliga
941 168 135 32 utskotts
1099 168 169 32 utlåtande
1292 168 53 31 Nr
1369 171 29 28 6.
1525 168 42 31 15

116 533 65 32 Till
204 534 108 32 första
336 534 217 31 kammarens
579 533 106 33 andra
709 533 172 42 tillfälliga
904 534 141 32 utskott.

117 649 154 42 Sveriges
304 649 428 42 Husmodersföreningars
766 650 236 32 Riksförbund
1030 650 59 32 ber
1113 650 142 32 härmed
1279 652 49 30 att
1351 650 50 31 till
1425 661 78 22 svar
1525 652 44 39 på

72 694 66 32 den
167 694 150 42 begäran
341 705 55 21 om
421 695 158 41 yttrande
603 695 177 41 angående
804 695 130 32 motion
960 695 82 31 I:62
1068 706 42 21 av
1133 695 78 32 herr
1235 695 161 32 Hansson
1420 695 12 32 i
1456 695 112 32 Stock-

71 739 95 32 holm
190 750 45 21 m.
260 740 32 31 ff.
318 740 37 30 få
377 739 185 32 framhålla
586 739 166 41 följande:

115 783 66 33 Väl
213 784 170 39 inseende,
419 787 49 29 att
500 795 39 21 en
575 785 165 32 avsevärd
765 784 54 32 del
843 795 43 21 av
910 784 41 32 de
975 784 324 32 missförhållanden
1323 795 74 21 som
1421 785 82 31 råda
1525 786 44 40 på

71 828 56 32 det
149 828 135 42 husliga
307 828 266 33 arbetsområdet
595 829 62 32 har
679 829 53 32 sin
756 829 113 41 grund
892 829 11 31 i
927 829 171 32 bristande
1122 828 196 42 utbildning
1333 829 62 32 hos
1411 829 92 33 detta
1519 840 49 22 ar-

70 873 92 32 betes
186 876 151 36 utövare,
362 874 109 31 finner
495 874 154 41 Sveriges
673 874 430 41 Husmodersföreningars
1128 874 237 32 Riksförbund
1391 874 55 32 det
1469 875 11 31 i
1497 875 69 41 hög

71 918 84 41 grad
187 919 173 38 önskvärt,
394 921 48 29 att
475 921 46 29 ett
543 918 108 33 bättre
676 919 176 32 ordnande
876 929 42 22 av
942 918 478 42 utbildningsmöjligheterna
1443 919 11 31 i
1478 919 91 33 detta

72 963 166 33 avseende
262 965 105 30 måtte
391 964 140 31 komma
554 963 51 32 till
629 964 108 32 stånd.

117 1007 74 32 Den
215 1009 54 31 för
293 1008 92 32 detta
409 1008 81 41 yrke
513 1008 122 32 liksom
660 1009 53 31 för
737 1008 66 32 alla
826 1007 107 33 andra
956 1008 107 41 yrken
1087 1007 220 42 nödvändiga
1331 1008 238 42 utbildningen

72 1053 91 41 fingo
187 1053 71 32 förr
280 1053 11 31 i
315 1052 142 33 världen
480 1052 67 32 alla
571 1063 90 31 unga
686 1053 149 32 kvinnor
858 1053 222 31 automatiskt
1104 1052 53 32 del
1181 1063 52 22 av.
1268 1053 299 41 Undervisningen

72 1097 126 32 skedde
231 1098 77 30 från
332 1108 75 21 mor
430 1097 50 32 till
504 1097 110 32 dotter
637 1097 109 32 under
770 1097 56 32 det
850 1097 137 41 dagliga
1010 1108 258 29 gemensamma
1292 1097 128 33 arbetet
1443 1098 11 31 i
1477 1098 91 32 hem-

72 1146 78 28 met.
184 1142 123 32 Denna
330 1142 394 41 utbildningsmöjlighet
747 1142 162 32 existerar
925 1142 28 40 ej
973 1152 143 22 numera
1131 1145 104 29 annat
1251 1147 44 27 än
1312 1142 255 42 undantagsvis.

73 1186 210 32 Skolarbetet
317 1189 53 29 tar
402 1198 47 20 nu
482 1187 52 31 sin
568 1187 158 41 rundliga
750 1186 54 32 del
827 1197 43 22 av
894 1187 146 32 barnens
1064 1186 50 32 tid
1138 1187 63 32 och
1225 1187 41 32 de
1291 1197 93 31 unga
1406 1187 163 32 flickorna

71 1231 116 32 lämna
210 1231 101 42 tidigt
334 1231 151 32 hemmet
508 1232 54 32 för
585 1231 280 33 förvärvsarbete.

117 1276 75 32 Den
227 1276 175 33 nedärvda
436 1276 360 42 arbetsskickligheten
831 1276 62 32 har
928 1275 144 33 sålunda
1104 1276 218 41 småningom
1346 1277 222 32 förminskats

72 1320 79 33 eller
175 1324 74 29 rent
273 1332 43 21 av
339 1323 72 39 gått
434 1321 159 32 förlorad.
640 1321 146 41 Följden
810 1321 61 32 har
894 1320 99 33 blivit
1016 1324 49 28 att
1088 1322 81 31 våra
1194 1321 121 41 dagars
1332 1322 236 40 genomsnitts-

72 1366 141 32 husmor
237 1366 125 32 saknar
385 1366 284 41 förutsättningar
692 1367 54 31 för
770 1368 49 30 att
842 1365 157 32 meddela
1023 1365 94 42 dylik
1141 1365 258 42 undervisning.

116 1410 271 42 Yrkeskunskap
420 1411 135 32 medför
590 1411 88 32 ökad
711 1411 135 40 respekt
870 1412 54 30 för
947 1410 128 32 arbetet
1098 1410 86 32 både
1207 1411 63 31 hos
1295 1410 66 32 den
1385 1411 183 32 arbetande

73 1455 87 41 själv
184 1455 63 32 och
270 1455 63 32 hos
357 1455 115 32 andra.
522 1455 65 32 Om
612 1455 55 32 det
690 1455 137 41 husliga
850 1455 144 32 arbetets
1018 1458 140 29 utövare
1182 1454 10 32 i
1210 1458 105 29 större
1332 1456 235 41 utsträckning

73 1497 55 43 (än
163 1510 74 21 som
272 1511 48 20 nu
356 1497 85 43 sker)
470 1510 124 30 genom
619 1500 195 41 sakkunnig
837 1499 197 42 utbildning
1057 1499 97 32 bleve
1178 1499 171 41 delaktiga
1372 1511 42 21 av
1438 1500 131 41 verklig

72 1544 260 41 yrkeskunskap
366 1544 107 32 skulle
507 1544 55 32 det
594 1544 135 42 husliga
760 1545 115 40 yrkets
900 1544 124 32 sociala
1047 1544 82 32 nivå
1152 1544 140 32 komma
1315 1547 49 29 att
1388 1544 181 42 väsentligt

72 1589 107 40 höjas.

118 1634 122 32 Denna
272 1633 253 41 omständighet
558 1633 107 32 skulle
688 1633 130 32 kanske
842 1633 11 31 i
878 1633 52 31 sin
954 1636 55 29 tur
1032 1633 119 32 kunna
1175 1633 237 32 åstadkomma
1436 1644 42 21 en
1501 1633 69 33 viss

72 1678 130 32 lättnad
226 1679 44 40 på
294 1678 66 32 den
385 1678 174 32 allmänna
582 1678 334 32 arbetsmarknaden.

117 1723 48 31 På
199 1723 113 40 grund
347 1733 43 22 av
421 1723 229 32 ovanstående
674 1723 135 32 ansluta
831 1723 35 32 vi
890 1733 54 21 oss
968 1722 50 32 till
1043 1722 129 32 motion
1195 1734 42 20 nr
1261 1723 41 31 99
1327 1723 64 32 och
1414 1723 156 41 uttrycka

73 1769 60 30 vår
156 1767 117 41 livliga
297 1767 235 42 förhoppning
555 1778 55 21 om

442 1815 68 29 »att
544 1812 181 41 riksdagen
761 1813 105 31 måtte
899 1812 11 31 i
943 1811 162 32 skrivelse
1128 1811 52 32 till
1202 1811 129 42 Kungl.
1357 1811 99 41 Maj:t
1478 1811 92 32 hem-

395 1856 106 39 ställa,
525 1860 50 29 att
598 1857 127 41 Kungl.
752 1857 99 40 Maj:t
874 1858 104 30 måtte
1003 1856 278 40 skyndsammast
1304 1856 200 32 föranstalta
1528 1867 41 21 en

395 1901 183 41 utredning
601 1901 176 41 angående
802 1904 47 29 ett
872 1900 108 32 bättre
1005 1900 175 32 ordnande
1204 1911 42 22 av
1270 1900 300 41 utbildningsmöj-

394 1945 189 41 ligheterna
615 1947 54 30 för
701 1945 128 41 husligt
854 1945 122 38 arbete,
1002 1948 88 28 samt
1113 1945 50 31 till
1188 1945 182 41 riksdagen
1393 1945 177 32 inkomma

395 1989 77 32 med
505 1990 129 41 förslag
657 1989 49 32 till
732 1990 42 31 de
797 1989 165 41 åtgärder,
988 1989 50 32 till
1061 1989 93 33 vilka
1177 1989 260 41 ifrågavarande
1461 1990 109 31 utred-

395 2034 83 41 ning
501 2035 68 31 kan
593 2034 208 32 föranleda>.

333 2132 66 31 För
423 2132 154 40 Sveriges
601 2131 429 42 Husmodersföreningars
1056 2131 250 32 Riksförbund:

638 2211 128 32 ELSIE
792 2212 212 31 GAUFFIN.

565 2274 213 25 verkställande
799 2274 54 25 led.
874 2282 34 17 av
929 2274 151 31 styrelsen.
