1874 2842
331 161 40 30 10
710 162 291 33 Statsutskottets
1022 164 188 32 memorial
1230 165 53 32 Nr
1305 165 72 31 167.

95 236 128 40 Diverse
326 238 71 36 3:0)
417 239 269 32 Inkomsttiteln
706 241 158 31 »diverse
883 242 213 31 inkomster»
1115 262 41 4 —
1173 243 57 31 till
1247 243 125 31 vilken
1389 244 108 37 pläga
1517 244 174 33 hänföras
1709 245 82 32 full-

88 272 154 25 Ota
288 290 123 36 följds-
431 291 65 31 och
514 291 393 39 expeditionsavgifter,
925 294 179 37 indragna
1123 295 162 37 sportler,
1305 296 215 32 bötesmedel
1538 306 45 21 m.
1603 307 45 21 m.
1666 316 41 4 —
1724 297 67 31 har

287 341 11 31 i
328 343 466 37 statsverkspropositionen
822 345 186 36 upptagits
1038 347 82 31 med
1150 347 51 30 ett
1231 347 126 37 belopp
1387 357 47 21 av
1461 348 159 36 8,668,512
1649 348 142 32 kronor.

290 392 142 33 Härvid
448 396 41 29 är
506 396 127 36 avsett,
651 396 54 30 att
721 395 157 32 nämnda
896 397 79 31 titel
991 397 94 31 skall
1105 398 84 31 från
1205 398 237 32 lotterimedel
1461 398 159 34 tillföras
1636 399 160 37 2,000,000

286 445 132 32 kronor
442 447 80 32 med
545 447 142 37 hänsyn
711 448 57 31 till
789 449 44 31 de
858 448 127 37 anslag
1010 450 57 30 för
1092 450 99 31 olika
1214 450 152 31 allmänt
1389 451 197 32 kulturella
1610 452 181 36 ändamål,

286 507 75 21 som
387 499 187 36 upptagits
599 500 22 30 å
645 499 196 37 budgetens
865 500 222 37 utgiftssida.
1135 502 188 32 Dessutom
1349 502 115 32 skulle
1491 503 113 37 enligt
1631 504 159 36 departe-

285 550 263 33 mentschefens
576 551 137 37 förslag
743 552 114 31 under
883 552 119 32 denna
1029 553 239 32 inkomsttitel
1297 555 180 36 upptagas
1508 556 52 30 ett
1589 555 126 37 belopp
1743 565 47 21 av

284 600 160 37 3,000,000
481 601 141 39 kronor,
666 603 198 36 utgörande
904 604 185 32 beräknad
1131 605 209 37 behållning
1383 607 21 30 å
1440 606 71 32 den
1553 606 56 31 för
1652 607 139 36 patent-

288 653 65 31 och
389 654 249 31 varumärkes-
671 656 95 30 samt
801 655 417 38 registreringsavgifter
1257 656 132 32 hittills
1426 657 195 38 befintliga
1647 658 148 37 special-

287 704 190 37 budgeten,
501 705 121 32 vilken
644 705 94 32 skall
761 706 174 37 upphöra.
978 707 98 32 Från
1098 708 322 33 stuteriväsendets
1443 709 88 32 fond
1552 710 74 31 kan
1651 710 57 31 för
1730 709 64 32 all-

285 760 134 28 männa
441 758 303 36 budgetändamål
768 759 207 36 disponeras
1000 760 129 36 200,000
1151 760 142 32 kronor.

324 809 185 32 Utskottet
528 810 66 31 har
612 810 34 37 ej
666 810 122 33 funnit
808 812 113 30 annat
940 812 54 30 att
1013 811 122 31 erinra
1153 813 74 30 mot
1246 812 135 37 Kungl.
1402 813 127 36 Maj:ts
1550 814 238 31 förevarande

286 860 136 38 förslag
442 864 47 29 än
508 863 54 30 att
578 861 264 32 inkomsttiteln
862 863 72 36 bör,
955 863 56 31 för
1028 864 212 35 uppnående
1261 874 45 21 av
1326 864 214 37 erforderlig
1559 865 127 31 balans
1705 865 83 31 mel-

285 913 61 30 lan
379 913 196 37 budgetens
608 914 169 31 inkomst-
811 915 66 31 och
908 914 220 38 utgiftssida,
1159 915 103 37 höjas
1295 916 82 32 med
1406 916 129 37 169,250
1564 917 133 31 kronor
1729 917 60 31 till

288 964 159 37 5,837,7162
467 965 141 31 kronor.

323 1016 185 32 Utskottet
527 1017 206 32 hemställer
755 1017 117 37 alltså,

523 1105 54 29 att
601 1104 263 31 inkomsttiteln
888 1105 138 41 diverse
1053 1105 196 32 inkomster
1275 1107 60 30 må
1361 1108 12 31 i
1398 1106 196 32 riksstaten
1621 1107 58 31 för
1702 1107 85 32 bud-

484 1156 137 35 getåret
642 1155 170 35 1935/1936
832 1156 173 36 uppföras
1024 1157 81 32 med
1124 1158 51 30 ett
1196 1157 125 37 belopp
1343 1168 47 21 av
1408 1158 158 37 8,837,762
1586 1159 142 33 kronor.

323 1241 73 32 Vid
434 1241 105 32 bifall
577 1242 58 31 till
661 1242 71 31 vad
757 1242 174 31 utskottet
958 1242 154 32 sålunda
1141 1243 197 37 föreslagit,
1365 1244 141 31 komma
1531 1244 44 32 de
1603 1243 184 39 egentliga

282 1293 338 32 stalsinkomsterna
645 1295 55 30 att
723 1294 13 30 i
760 1294 195 31 riksstaten
980 1294 174 37 uppföras
1179 1295 80 32 med
1286 1296 51 30 ett
1364 1295 125 37 belopp
1517 1306 47 21 av
1587 1296 199 37 774,564,762

281 1344 143 32 kronor.

613 1525 202 32 Inkomster
838 1535 46 22 av
908 1526 137 32 statens
1069 1526 220 37 produktiva
1313 1527 138 32 fonder.

49 1621 109 50 Statens
166 1621 111 50 affärs-
319 1625 31 37 4)
376 1627 238 32 Beträffande
638 1627 243 32 inkomsterna
906 1638 45 22 av
975 1629 137 32 statens
1134 1629 219 36 produktiva
1376 1630 135 37 fonder,
1536 1630 12 31 i
1574 1631 73 31 vad
1669 1632 115 35 angår

69 1672 171 24 verksamhet.
278 1679 137 31 statens
438 1679 354 38 affärsverksamhet,
814 1680 95 31 hava
931 1680 12 30 i
964 1681 267 36 propositionen
1251 1691 43 21 nr
1316 1681 59 31 249
1396 1682 206 36 föreslagits
1623 1682 161 37 följande

278 1730 201 37 ändringar
513 1731 12 30 i
562 1731 107 36 fråga
702 1741 57 21 om
792 1732 44 31 de
870 1732 13 31 i
907 1732 467 37 statsverkspropositionen
1400 1734 186 35 upptagna
1612 1733 171 33 inkomst-

276 1782 187 37 beloppen:

1035 1853 219 30 Statsverksprop.
1464 1855 72 29 Prop.
1556 1862 31 16 nr
1607 1857 49 22 249

1102 1889 94 23 kronor
1528 1891 95 22 kronor

272 1930 204 32 Postverket
505 1955 387 6 o.ssnmmsmmmussrsrssrere
771 1925 38 46 are
811 1925 41 46 ssre
854 1925 41 46 nera
920 1932 195 37 17,500,000
1578 1933 195 37 18,500,000

272 1982 139 32 Statens
434 1982 301 32 vattenfallsverk:

315 2034 239 32 Kraftverken
592 2060 299 5 oosnsnmsmmmurusssrerserras
919 2036 195 37 17,850,000
1358 2037 195 36 18,250,000

315 2086 251 32 Kanalverken
591 2112 300 5 oossommmmmmrusrsrsesres
854 2082 41 46 area
973 2089 140 36 400,000
1413 2090 139 36 300,000

314 2139 459 37 Fastighetsförvaltningen
809 2165 80 5 ........
971 2141 140 34 250.000
1136 2150 195 36 18,500,000
1369 2137 21 55 =
1410 2142 140 36 250,000
1575 2152 196 36 19,000,000

312 2252 19 31 I
359 2251 160 38 enlighet
546 2253 79 32 med
653 2252 411 38 bevillningsutskottets
1092 2254 216 31 hemställan
1336 2254 12 31 i
1376 2255 77 32 dess
1479 2255 226 32 betänkande
1734 2265 43 21 nr

272 2303 37 32 68
330 2303 116 32 skulle
467 2304 223 36 postverkets
711 2305 181 31 överskott
912 2307 178 35 upptagas
1112 2306 79 32 med
1213 2307 51 30 ett
1284 2306 126 37 belopp
1432 2317 46 21 av
1500 2307 177 36 18,500,000
1698 2307 78 31 kro-

271 2365 74 21 nor.
393 2353 135 39 Övriga
550 2355 282 37 ifrågavarande
856 2357 261 31 inkomsttitlar
1143 2377 41 4 —
1208 2357 100 32 vilka
1334 2358 200 32 fastställas
1559 2360 46 35 på
1630 2359 145 31 statsut-

272 2407 150 31 skottets
443 2407 216 32 hemställan
678 2427 41 4 —
741 2408 99 32 torde
861 2409 87 31 böra
968 2409 177 32 beräknas
1168 2410 13 30 i
1204 2409 159 37 enlighet
1385 2411 81 31 med
1489 2411 134 36 Kungl.
1648 2409 128 37 Maj:ts

272 2459 146 36 förslag.
