2212 2628
662 198 365 39 Bevillningsutskottets
1051 198 163 30 memorial
1240 197 48 30 Nr
1310 201 48 26 39.
1759 202 9 27 1

940 340 57 39 Nr
1020 340 64 40 39.

776 443 115 28 Ankom
915 443 41 28 till
980 443 172 37 riksdagens
1176 443 93 29 kansli
1293 444 55 27 den
1375 445 35 27 15
1436 444 55 37 maj
1521 444 77 28 1922
1623 443 36 29 kl.
1686 445 16 26 6
1728 453 24 19 e.
1777 454 37 18 m.

407 527 399 43 Bevillningsutskottets
842 527 187 43 memorial,
1058 528 12 33 i
1098 527 188 45 anledning
1314 540 41 22 av
1383 529 207 45 kamrarnas
1617 528 199 44 skiljaktiga

609 585 107 35 beslut
751 586 149 35 rörande
934 586 180 35 utskottets
1150 586 211 35 betänkande
1396 588 12 32 i
1447 586 187 44 anledning
1667 597 42 23 av
1745 586 72 35 dels

606 644 135 44 Kungl.
783 645 128 42 Maj:ts
945 645 219 44 proposition
1204 645 176 44 angående
1408 646 91 33 vissa
1526 645 128 34 inrikes
1675 648 139 41 postav-

605 701 118 45 gifter,
752 703 72 35 dels
851 703 60 34 ock
936 704 13 33 i
975 706 115 32 ämnet
1116 704 122 34 väckta
1265 704 171 35 motioner.

307 783 16 35 I
352 782 243 37 betänkande
624 798 45 22 nr
697 786 45 34 36
772 785 98 36 hade
898 784 427 50 bevillningsutskottet
1354 786 145 49 avgivit
1521 786 180 49 yttrande
1721 787 9 35 i
1751 800 65 23 an-

206 832 158 49 ledning
403 846 46 23 av
489 832 144 50 Kungl.
675 835 127 47 Maj:ts
843 836 239 48 proposition
1123 850 45 22 nr
1213 838 67 35 143
1311 837 200 48 angående
1539 837 104 36 vissa
1671 837 143 37 inrikes

205 883 260 48 postavgifter
493 888 182 33 ävensom
703 885 11 35 i
743 890 128 31 ämnet
898 886 139 36 väckta
1065 887 204 44 motioner;
1295 887 71 36 och
1394 887 99 36 hade
1521 888 189 35 utskottet
1730 888 87 36 där-

205 933 64 35 vid
297 933 103 48 gjort
427 933 72 36 den
530 934 241 47 hemställan,
792 949 81 23 som
894 936 109 48 ingår
1023 939 126 33 såsom
1166 937 299 49 ja-proposition
1485 937 11 36 i
1517 937 64 37 det
1600 937 69 37 här
1688 937 126 37 nedan

205 982 159 49 intagna
393 983 187 50 förslaget
607 985 56 36 till
692 986 453 50 voteringsproposition.

305 1058 134 50 Enligt
466 1060 190 38 utskottet
682 1061 332 38 tillhandakomna
1033 1063 358 48 protokollsutdrag
1410 1063 99 37 hava
1528 1064 205 37 kamrarna
1752 1065 64 36 vid

206 1109 288 50 behandlingen
533 1124 47 24 av
622 1112 167 38 nämnda
830 1113 244 37 betänkande
1111 1119 155 31 stannat
1293 1114 11 36 i
1332 1114 101 37 olika
1462 1114 138 47 beslut,
1628 1115 12 36 i
1669 1115 64 48 det
1762 1121 55 31 att

205 1160 121 37 första
368 1161 222 38 kammaren
632 1163 138 37 bifallit
811 1164 74 36 vad
914 1164 188 36 utskottet
1129 1165 12 35 i
1169 1164 261 37 betänkandet
1458 1165 208 47 hemställt,
1694 1166 123 37 under

205 1211 64 36 det
297 1217 55 31 att
376 1212 119 37 andra
522 1213 222 37 kammaren
773 1214 142 38 bifallit
942 1220 55 31 ett
1019 1215 123 36 under
1169 1216 332 48 överläggningen
1530 1217 207 36 framställt
1756 1231 61 36 yr-

204 1261 139 48 kande,
372 1268 55 31 att
454 1263 222 50 riksdagen,
704 1265 87 36 med
820 1265 136 48 avslag
984 1269 21 33 å
1023 1266 210 37 utskottets
1253 1266 242 48 hemställan,
1515 1270 118 34 måtte
1652 1267 164 48 besluta,

205 1317 55 31 att
296 1312 47 37 de
372 1327 46 23 av
441 1313 210 50 riksdagen
679 1315 60 37 för
765 1315 106 37 tiden
895 1316 57 36 till
983 1318 95 35 1922
1108 1319 60 34 års
1196 1320 149 46 utgång
1372 1317 202 37 beslutade
1602 1318 215 49 postavgif-

204 1368 107 31 terna
334 1364 109 36 skola
471 1369 74 44 äga
572 1366 155 36 fortsatt
754 1366 247 50 tillämpning
1027 1366 57 37 till
1109 1367 71 37 och
1210 1368 85 36 med
1320 1368 74 37 den
1414 1370 43 34 31
1481 1368 205 37 december
1708 1371 105 35 1923.

304 1439 57 37 Då
401 1439 126 37 denna
568 1440 111 49 fråga
719 1446 41 32 är
797 1454 46 24 av
880 1447 112 31 natur
1020 1446 56 32 att
1103 1442 95 37 böra
1221 1448 164 43 avgöras
1415 1443 146 37 medels
1589 1457 226 35 gemensam

204 1489 252 49 omröstning,
485 1490 59 38 får
571 1492 188 36 utskottet
792 1492 6 36 i
826 1492 138 38 sådant
991 1492 222 38 hänseende
1241 1493 141 38 föreslå
1406 1493 169 50 följande
1599 1495 215 50 voterings-

204 1540 256 49 proposition:
1507 1548 10 6 ”

303 1617 96 46 Den,
438 1630 81 24 som
547 1617 12 36 i
586 1617 122 38 likhet
742 1618 86 37 med
869 1619 122 37 första
1030 1619 339 48 kammaren
1256 1613 16 62 '
1279 1619 90 48 vill,
1395 1626 54 32 att
1477 1621 210 50 riksdagen
1716 1623 98 37 skall

203 1665 163 50 besluta,

304 1733 46 48 A)
383 1736 32 42 1)
445 1740 55 32 att
527 1735 47 37 de
603 1749 47 23 av
677 1736 211 50 riksdagen
916 1737 59 37 för
1002 1737 106 37 tiden
1135 1737 58 37 till
1223 1739 95 35 1922
1348 1741 60 34 års
1436 1742 150 46 utgång
1614 1739 201 39 beslutade

204 1785 307 49 postavgifterna
539 1786 109 37 skola
676 1792 74 44 äga
778 1787 155 38 fortsatt
956 1787 246 50 tillämpning
1225 1788 57 37 till
1302 1789 71 36 och
1394 1789 87 37 med
1500 1790 74 36 den
1595 1792 45 35 31
1663 1790 152 38 decem-

206 1836 68 36 ber
299 1838 108 45 1923,
437 1837 97 37 dock
564 1842 55 32 att
648 1837 58 37 för
733 1837 106 37 tiden
868 1839 85 36 från
981 1839 72 37 och
1077 1839 87 37 med
1189 1839 74 37 den
1293 1841 17 35 1
1341 1840 161 37 oktober
1533 1842 95 36 1922
1657 1841 57 37 till
1742 1843 72 36 och

207 1886 86 37 med
321 1887 74 36 den
424 1889 44 34 31
499 1888 206 37 december
734 1890 95 35 1923
859 1889 98 37 skall
985 1890 115 48 gälla,

302 1943 55 31 att
398 1938 471 50 befordringsavgifterna
893 1940 60 38 för
979 1940 146 37 inrikes
1153 1940 93 38 brev
1274 1940 109 38 skola
1408 1944 92 47 utgå
1528 1942 87 37 med
1644 1942 169 49 följande

207 1988 156 49 belopp:

707 2041 66 44 för
800 2046 110 32 annat
938 2043 77 35 brev
1042 2048 47 30 än
1119 2043 187 36 lokalbrev:

302 2112 61 23 om
392 2098 154 37 brevets
575 2098 81 38 vikt
683 2099 84 38 icke
795 2100 217 49 överstiger
1036 2103 48 35 20
1111 2114 111 35 gram
1243 2094 19 60 sm
1268 2129 254 7 ........e..:.
1554 2103 45 36 15
1628 2108 64 31 öre

327 2163 16 23 »
393 2149 131 37 vikten
549 2150 216 49 överstiger
817 2152 48 35 20
893 2164 87 24 men
1003 2151 84 38 icke
1117 2154 71 35 125
1216 2165 311 36 gram..............
1557 2154 48 35 30
1649 2167 17 23 »

330 2214 17 22 »
455 2211 16 22 »
638 2212 17 22 »
789 2203 71 36 125
924 2216 17 23 »
1033 2216 17 23 oo»
1114 2204 411 35 250
1554 2206 48 34 45
1647 2218 17 23 >»

333 2265 17 22 »
457 2262 16 21 »
641 2263 17 22 »
790 2254 73 35 250
928 2267 17 23 »
1036 2267 17 23 »
1117 2255 73 35 300
1259 2268 17 23 MP
1330 2284 197 7 ennen
1558 2256 48 35 60
1650 2268 34 32 >»;
