2221 2660
720 143 231 43 Lagutskottets
974 145 161 31 utlåtande
1159 145 52 32 Nr
1235 147 50 30 38.
1746 149 18 31 3

200 234 147 47 uttryck
376 232 56 37 för
460 233 120 36 denna
607 246 50 23 nu
686 234 153 35 allmänt
867 233 208 37 förkastade
1103 236 305 48 rättsåskådning.
1467 237 67 35 Det
1561 238 65 35 bör
1645 251 87 23 vara
1752 238 56 36 för

196 284 234 49 lagstiftarne
472 286 194 47 angeläget
705 289 55 31 att
786 285 81 35 icke
895 290 91 31 utan
1014 285 44 37 de
1087 287 179 36 starkaste
1295 288 77 35 skäl
1399 288 153 49 bidraga
1578 290 60 37 till
1664 288 142 38 fortlef-

195 336 135 36 vandet
357 335 41 36 af
414 349 46 22 en
488 336 83 35 med
599 339 64 33 vår
690 336 55 36 tid
772 336 184 49 oförenlig
983 337 354 50 straffrättsprincip.

330 386 126 37 Såsom
487 386 222 38 hufvudskäl
737 386 58 37 för
822 388 259 36 dödsstraffets
1108 389 257 37 bibehållande
1393 390 106 36 anför
1525 392 242 48 lagutskottet
1793 395 9 32 i

195 438 64 35 sitt
286 443 143 31 senaste
457 438 188 36 utlåtande
672 440 12 33 i
713 439 161 43 ärendet,
904 445 52 29 att
983 440 101 35 detta
1111 440 108 36 straff
1244 448 40 28 är
1311 442 253 48 »fortfarande
1584 443 14 35 i
1616 443 80 36 vårt
1716 443 90 36 land

195 489 174 48 behöfligt>
410 502 74 24 som
517 496 64 29 »ett
613 490 87 37 sista
729 490 115 37 medel
871 497 54 29 att
952 491 197 48 uppehålla
1177 496 137 33 rättens
1341 493 60 36 och
1428 500 133 30 statens
1587 495 217 36 auktoritet».

195 539 189 37 Utskottet
424 540 106 36 anför
569 542 87 47 inga
687 549 168 28 närmare
887 542 77 35 skäl
992 542 58 35 för
1077 542 101 36 detta
1205 544 209 47 påstående,
1444 550 77 30 mot
1548 545 108 35 hvars
1683 545 122 48 bärig-

172 591 85 36 «het
295 592 122 35 starka
457 591 332 38 erfarenhetsbevis
817 593 125 36 kunna
970 593 188 49 andragas.
1214 594 189 37 Historien
1431 596 109 44 visar,
1570 600 55 32 att
1651 601 153 32 >rättens

193 643 69 35 och
307 647 137 32 statens
490 644 214 36 auktoritet;
744 644 79 36 icke
868 657 64 22 var
972 650 117 30 större
1129 645 118 36 under
1291 646 105 45 tider,
1439 647 46 35 då
1524 647 125 36 blodet
1688 648 66 36 flöt
1793 649 12 34 i

193 699 199 31 strömmar
431 694 84 36 från
555 697 265 40 schavotterna,
854 703 46 27 än
930 696 116 35 under
1073 696 45 35 de
1145 697 105 44 tider,
1281 697 46 36 då
1358 697 236 37 dödsstraffet
1621 700 184 35 användes

193 745 156 45 mindre,
379 746 57 35 till
464 746 67 36 och
559 746 85 36 med
676 746 129 35 endast
831 748 12 34 i
872 746 287 49 undantagsfall,
1188 752 53 31 att
1271 762 85 22 man
1384 749 65 35 har
1477 762 139 23 samma
1643 749 162 37 erfaren-

193 797 63 35 het
283 798 55 34 uti
366 802 123 39 stater,
520 810 78 23 som
625 796 113 37 tidvis
766 796 81 37 haft
875 797 99 36 detta
1002 797 115 45 straff,
1146 799 111 36 tidvis
1277 799 79 36 haft
1375 800 202 36 detsamma
1595 800 208 46 afskaffadt,

189 848 50 46 ja,
281 852 54 31 att
363 861 85 22 man
481 849 81 35 icke
590 849 71 34 kan
694 850 126 46 påvisa
847 853 117 31 större
990 850 266 36 rättssäkerhet
1283 851 90 35 eller
1400 852 293 36 statsauktoritet
1721 853 12 35 i
1760 853 45 35 de

191 898 139 45 länder,
372 912 75 23 som
490 898 230 37 fortfarande
759 900 47 35 ha
846 900 61 35 det
944 901 98 43 kvar,
1076 908 45 28 än
1162 902 12 34 i
1214 901 44 36 de
1285 902 138 44 länder,
1452 903 66 35 där
1546 903 61 36 det
1633 904 77 35 helt
1737 905 66 35 och

191 949 114 37 hållet
344 957 41 28 är
425 949 198 37 afskaffadt
662 949 91 38 eller
784 951 108 35 också
922 951 79 36 icke
1028 952 196 49 tillämpas.
1279 951 71 38 Om
1377 952 51 37 nu
1457 953 255 37 erfarenheten
1739 969 65 34 ger

191 1005 51 31 ett
278 1001 132 36 sådant
450 1001 245 44 vittnesbörd,
725 1002 67 35 och
820 1001 125 36 härför
972 1005 55 33 stå
1054 1001 247 38 framstående
1328 1005 207 44 rättslärda,
1563 1005 113 36 borde
1704 1006 101 36 detta

191 1051 78 37 skäl
296 1053 82 35 icke
405 1066 88 22 vara
520 1053 219 47 tillräckligt
765 1052 58 37 för
850 1052 252 37 dödsstraffets
1130 1054 269 37 bibehållande.

325 1103 78 36 Här
437 1103 163 36 nämnda
640 1104 77 35 skäl
758 1104 305 49 sammanhänger
1094 1105 85 36 med
1209 1107 142 35 åsikten
1379 1120 59 22 om
1466 1107 100 35 detta
1594 1107 107 36 straff
1726 1121 74 23 som

191 1158 53 32 ett
284 1155 119 48 skydd
435 1155 66 49 för
540 1161 116 30 staten
697 1156 61 35 och
787 1156 79 35 dess
897 1157 239 48 medborgare,
1167 1161 54 31 ett
1250 1158 77 35 skäl
1356 1171 78 23 som
1462 1157 106 37 äfven
1596 1159 165 36 vidröres
1790 1161 9 33 i

192 1219 140 22 samma
361 1206 163 36 utskotts
554 1206 201 36 utlåtande.
810 1206 14 35 I
853 1210 81 32 vårt
961 1208 85 35 land
1074 1207 200 37 behandlas
1302 1214 133 32 tvenne
1453 1209 250 49 brottslingar,
1724 1223 76 23 som

189 1257 127 48 begått
344 1257 190 36 enahanda
561 1257 84 35 med
670 1257 203 36 dödsstraff
888 1258 155 47 belagda
1061 1258 253 49 förbrytelser,
1336 1261 107 43 olika,
1463 1261 80 35 ifall
1562 1262 147 35 läkarna
1728 1262 73 35 för-

189 1308 103 35 klara
312 1307 70 36 den
403 1321 66 23 ene
490 1307 108 38 hafva
612 1310 96 34 varit
720 1308 62 36 vid
797 1309 155 36 brottets
967 1309 186 49 begående
1168 1311 12 34 i
1196 1311 203 48 besittning
1418 1311 40 36 af
1474 1311 220 37 förståndets
1709 1312 93 36 fulla

188 1359 107 44 bruk,
325 1372 84 23 men
437 1360 72 35 den
537 1359 113 36 andre
678 1359 190 37 »beröfvad
895 1359 225 38 förståndets
1147 1362 123 35 bruk».
1325 1362 78 36 Den
1432 1376 126 23 senare
1584 1365 142 47 intages
1755 1368 46 45 på

190 1423 45 22 en.
263 1410 360 48 sinnessjukanstalt,
653 1411 69 35 den
751 1410 98 37 förre
877 1411 127 36 dömes
1031 1413 58 34 till
1118 1412 118 36 döden
1264 1413 67 36 och
1359 1413 163 46 afrättas,
1553 1418 39 32 så
1619 1415 84 35 vida
1722 1416 80 35 icke

188 1460 272 37 förmildrande
489 1462 317 47 omständigheter
834 1462 194 36 medverka
1055 1463 57 36 till
1139 1463 220 37 afdömande
1388 1464 39 36 af
1451 1470 53 31 ett
1522 1465 155 36 mildare
1698 1466 107 36 straff

189 1512 89 36 eller
318 1513 59 35 till
417 1512 224 49 benådning.
697 1512 174 49 Exempel
899 1514 87 44 visa,
1016 1519 53 30 att
1097 1514 69 36 den
1196 1518 46 46 på
1260 1516 197 48 hospitalet
1482 1517 150 47 intagne
1660 1518 141 35 sinnes-

189 1563 105 47 sjuke
334 1564 71 34 kan
433 1577 85 22 vara
550 1578 44 22 en
623 1564 84 36 vida
733 1563 176 48 farligare
936 1577 132 34 person
1093 1573 45 28 än
1166 1566 71 35 den
1264 1567 210 48 brottsling,
1504 1580 77 23 som
1610 1567 70 36 fått
1707 1569 94 34 hals-

189 1614 198 48 huggning
414 1617 46 45 på
488 1616 58 34 sin
573 1615 80 35 lott.
708 1615 72 35 Det
808 1628 117 35 synes,
955 1620 53 30 att
1040 1628 58 23 om
1127 1616 156 49 skyddet
1311 1616 58 37 för
1397 1618 205 40 samhället,
1632 1619 169 36 medbor-

189 1677 123 35 garne,
354 1665 177 36 särskildt
571 1666 526 48 cellbevakningspersonalen,
1138 1680 85 23 vore
1250 1669 215 48 tillräckligt
1493 1674 77 30 mot
1598 1669 70 36 den
1696 1669 104 36 farli-

188 1720 103 44 gaste
323 1717 231 47 sinnessjuke
594 1715 220 50 förbrytare,
856 1731 137 22 samma
1033 1719 117 35 skulle
1182 1732 85 22 vara
1298 1719 248 36 förhållandet
1574 1720 227 37 beträffande

188 1766 72 35 den
288 1767 237 36 dödsdömde.
581 1767 71 36 För
680 1767 115 49 öfrigt
822 1776 38 27 är
888 1769 186 48 »skyddet>
1102 1782 44 22 en
1175 1770 145 35 teknisk
1348 1769 115 49 fråga,
1489 1771 109 36 hvars
1618 1772 148 48 lösning
1791 1774 6 33 i

188 1821 65 32 vår
280 1818 57 35 tid
363 1818 80 36 icke
470 1819 67 35 bör
564 1824 99 30 möta
690 1818 126 37 alltför
844 1824 98 31 stora
970 1821 238 47 svårigheter,
1238 1821 79 35 ifall
1337 1822 70 35 den
1426 1822 78 35 icke
1525 1822 111 36 redan
1656 1831 40 27 är
1715 1824 84 35 löst.

323 1869 266 37 Dödsstraffets
618 1869 224 37 afskaffande
869 1871 152 36 bereder
1040 1885 44 22 en
1104 1873 174 48 »ofantlig
1304 1873 157 37 lättnad»
1482 1874 38 36 åt
1539 1874 259 49 rättsskipnin-

185 1933 81 34 gen,
296 1919 138 37 hvilket
462 1922 188 47 påvisades
678 1921 40 36 af
742 1922 186 47 professor
955 1922 147 49 Thyrén
1132 1925 12 33 1
1172 1923 89 36 hans
1289 1923 202 37 anförande
1518 1926 13 34 i
1550 1925 126 35 Andra
1700 1927 98 34 kam-

189 1983 126 23 maren
343 1974 40 33 år
412 1973 106 35 1909.
573 1972 103 36 »Man
704 1972 179 36 undviker
910 1975 202 47 nämligen»
1140 1994 44 4 -—
1216 1974 57 35 för
1301 1980 54 30 att
1382 1976 112 35 citera
1521 1980 53 31 ett
1602 1989 65 35 par
1693 1977 106 35 rader

187 2041 51 4 —
265 2023 89 35 alla
385 2024 141 44 tvister,
556 2037 77 22 som
663 2027 133 45 uppstå
830 2024 213 48 därigenom
1072 2031 53 29 att
1154 2027 238 48 psykiatrien,
1419 2027 41 47 ju
1488 2028 128 47 längre
1644 2027 70 36 den
1735 2031 65 45 går

188 2072 147 46 framåt,
365 2073 144 36 medför
536 2088 78 22 mer
642 2076 66 34 och
737 2089 78 21 mer
842 2077 95 34 olika
965 2078 202 45 meningar,
1197 2090 57 22 om
1285 2077 68 35 den
1375 2079 88 34 eller
1483 2078 70 35 den
1574 2078 223 36 dödsdömde

190 2124 190 47 verkligen
420 2138 65 23 var
525 2126 227 48 tillräknelig
793 2127 87 35 eller
921 2127 89 43 icke,
1054 2141 58 22 om
1145 2129 66 34 han
1243 2128 111 36 borde
1382 2129 200 35 behandlas
1610 2130 82 35 med
1721 2131 75 35 bila

188 2175 89 35 eller
304 2178 20 32 å
351 2176 264 49 kriminalasyl.
670 2177 113 35 Dessa
822 2179 133 34 tvister
996 2186 61 28 äro
1090 2182 39 32 så
1157 2179 144 49 mycket
1328 2179 252 45 ledsammare,
1612 2194 74 22 som
1717 2182 75 47 lag-

188 2226 338 50 skipningen
442 2222 80 60 med
555 2229 75 34 sina
662 2241 111 35 organ
803 2229 129 46 drages
960 2231 37 33 in
1029 2230 116 35 under
1174 2230 341 48 folkstimningen.»
