1876 2810
276 158 37 30 12
713 164 274 32 Statsutskottets
1013 166 175 31 utlåtande
1213 176 42 21 nr
1280 168 70 30 148.

275 247 125 30 ordnat
422 246 387 38 livräddningsväsende
833 250 55 30 för
909 250 138 32 Vänern
1071 252 86 29 skall
1180 253 140 29 komma
1346 252 51 31 till
1418 252 110 32 stånd,
1556 254 226 36 anskaffning

275 296 43 21 av
350 289 204 36 erforderlig
577 291 155 30 materiel
753 292 172 35 ävensom,
948 292 206 31 åtminstone
1175 294 50 29 till
1244 303 43 21 en
1307 294 135 37 början,
1466 295 83 30 drift
1571 296 66 29 och
1658 297 123 29 under-

275 329 71 31 håll
362 340 45 20 av
424 332 202 30 densamma
645 333 161 31 bekostas
825 344 42 20 av
882 337 120 28 staten.
1034 336 12 29 I
1067 336 227 30 betraktande
1310 346 43 20 av
1373 340 48 27 att
1439 341 110 26 staten
1569 338 120 30 hittills
1707 339 74 30 icke

274 372 77 30 haft
366 376 50 27 att
431 374 192 31 vidkännas
641 374 106 37 några
763 377 186 30 kostnader
968 377 54 31 för
1037 378 42 29 de
1098 387 47 21 nu
1161 378 212 37 förefintliga
1390 380 391 31 säkerhetsanstalterna

274 414 11 29 i
303 413 148 38 Vänern,
472 425 102 27 synes
592 417 93 30 detta
705 418 74 30 icke
798 428 83 21 vara
900 419 158 37 oskäligt.

319 459 251 36 Lotsstyrelsen
581 458 55 31 får
656 461 9 29 i
684 460 91 29 detta
792 462 255 36 sammanhang
1062 461 50 31 till
1129 461 200 37 jämförelse
1346 464 157 30 meddela
1524 464 156 37 följande
1694 474 86 29 upp-

275 500 102 35 gifter
397 501 220 30 beträffande
637 502 43 29 de
702 502 194 37 kostnader,
919 505 202 29 statsverket
1142 505 111 29 under
1273 505 93 30 tiden
1389 509 23 26 t.
1434 516 29 20 o.
1488 516 44 20 m.
1554 508 66 29 den
1644 508 41 30 30
1706 507 74 37 juni

277 543 82 30 1945
378 544 141 35 nedlagt
533 543 55 30 för
603 545 276 36 nyanskaffning
897 554 43 21 av
957 545 132 31 sådana
1107 547 344 32 säkerhetsanstalter
1466 548 21 31 å
1505 549 164 36 Mälaren,
1690 551 90 29 vilka

273 583 150 37 alltjämt
445 586 60 29 äro
525 585 10 30 i
558 586 92 29 drift.
677 586 111 36 Sagda
804 587 189 31 kostnader
1012 589 133 29 fördela
1167 589 53 36 sig
1237 588 162 32 sålunda:

312 641 32 35 a)
356 639 56 30 för
422 639 234 38 fyrväsendet
647 635 20 49 i
667 641 148 30 Mälaren
839 664 510 11 .....ssssssssssssser
1257 635 96 49 ers
1371 645 61 30 288
1448 646 57 29 175
1518 646 48 29 kr.

377 694 13 15 »
534 694 13 15 >
639 696 12 14 >»
665 682 266 32 tillfartslederna
953 685 183 30 Landsort—
1154 678 192 48 Södertälje
1395 687 113 30 73390
1534 699 12 16 >

378 736 11 15 »
534 736 12 15 >
639 737 13 15 »
812 738 11 14 »
936 726 207 31 Sävösund—
1156 722 184 51 Södertälje
1393 730 114 29 27560
1532 742 12 15 »
1587 738 62 30 389
1665 740 57 29 1925
1735 740 48 29 kr.

310 773 36 40 b)
359 773 56 31 för
437 774 224 31 lotsväsendet
694 800 861 10 sssssseeseeerereeererrrrerrrrrr
1339 769 54 53 ere
1402 769 34 53 rr
1448 769 61 53 ses
1528 769 31 53 ss
1605 781 42 29 64
1659 781 63 30 800
1748 794 12 14 >

440 833 139 30 Summa
601 834 182 31 kostnader
805 835 55 30 för
883 836 265 38 nyanskaffning
1170 846 40 21 av
1234 838 329 31 säkerhetsanstalter
1586 839 61 30 453
1659 840 62 30 925
1733 841 48 29 kr.

314 920 118 31 Därav
450 922 141 36 belöper
608 921 21 31 å
649 922 273 37 tioårsperioden
940 919 38 41 !/7
1001 920 180 42 1936—""/s
1204 926 83 30 1945
1307 926 147 38 tillhopa
1476 928 63 29 282
1554 928 62 30 215
1638 928 139 31 kronor.

272 961 124 33 Härtill
418 963 142 31 komma
582 966 220 29 statsverkets
823 965 108 37 årliga
953 967 188 31 kostnader
1160 968 56 30 för
1236 969 84 29 drift
1343 970 66 29 och
1429 970 183 30 underhåll
1636 979 42 21 av
1699 971 78 29 lots-

271 1005 137 30 verkets
424 1006 343 31 säkerhetsanstalter
779 1007 21 31 å
811 1009 154 30 Mälaren
984 1011 79 29 med
1081 1010 240 30 tillfartsleder.
1338 1011 107 31 Dessa
1462 1012 118 30 kunna
1596 1013 58 29 vid
1672 1013 106 30 freds-

270 1045 246 32 förhållanden
530 1048 206 36 uppskattas
752 1049 50 31 till
818 1051 86 35 lägst
923 1052 62 29 170
999 1053 65 29 000
1081 1053 129 30 kronor
1225 1062 60 27 per
1302 1053 48 36 år,
1368 1063 105 21 varav
1495 1055 60 29 130
1569 1055 63 30 000
1650 1055 128 30 kronor

271 1089 122 35 utgöra
415 1089 360 37 avlöningsförmåner
791 1092 52 30 till
861 1094 238 36 lotspersonal.

314 1131 104 32 Emot
438 1131 64 31 här
525 1133 200 31 redovisade
750 1134 196 37 kostnader,
964 1145 77 21 som
1062 1137 201 30 statsverket
1287 1137 78 31 haft
1386 1139 65 29 och
1476 1139 65 29 har
1561 1142 50 27 att
1633 1139 143 31 vidkän-

270 1182 63 22 nas
352 1174 57 30 för
430 1176 345 31 säkerhetsanstalter
793 1178 11 29 i
825 1177 165 37 Mälaren,
1012 1179 69 29 kan
1102 1179 116 30 ställas
1240 1181 129 29 statens
1390 1180 152 31 inkomst
1566 1191 43 20 av
1630 1182 147 36 lotspen-

269 1216 126 36 ningar
417 1216 59 31 för
497 1217 150 37 lotsning
669 1217 21 31 å
713 1218 163 31 Mälaren.
901 1219 124 31 Såsom
1048 1221 132 30 mätare
1204 1220 21 31 å
1248 1222 106 35 sagda
1379 1222 153 31 inkomst
1556 1224 70 29 kan
1651 1224 58 31 för
1730 1234 48 20 nu

269 1257 230 32 förevarande
512 1259 90 36 syfte
625 1259 141 37 angivas
787 1261 377 37 lotspenningintäkten
1184 1263 57 29 vid
1261 1264 173 30 Mälarens
1457 1266 165 35 lotsplats.
1656 1266 121 30 Denna

269 1300 151 37 uppgick
444 1301 11 29 i
476 1301 161 31 medeltal
661 1302 55 30 för
739 1303 249 31 kalenderåren
1014 1305 215 30 1936—1945
1255 1305 51 30 till
1332 1307 61 29 132
1407 1307 64 30 000
1495 1307 130 30 kronor
1650 1308 55 30 för
1728 1308 48 31 år.

269 1341 184 37 Härjämte
467 1344 138 35 uppbär
620 1345 204 30 statsverket
842 1345 70 36 fyr-
933 1346 65 30 och
1015 1345 188 38 båkavgift.
1223 1347 103 37 Dylik
1346 1349 106 36 avgift
1470 1349 99 36 utgår
1587 1351 190 30 emellertid

269 1384 80 30 med
370 1384 92 31 vissa
485 1385 149 36 angivna
657 1386 179 38 undantag
856 1387 20 31 å
901 1389 160 35 samtliga
1087 1388 78 31 från
1183 1390 129 30 utrikes
1337 1394 53 27 ort
1415 1392 260 31 ankommande
1695 1394 83 29 eller

269 1425 51 30 till
344 1427 134 30 utrikes
505 1432 52 26 ort
582 1427 170 37 utgående
776 1429 125 37 fartyg,
931 1430 110 31 vilkas
1068 1432 271 36 avgiftspliktiga
1367 1433 196 36 dräktighet
1592 1431 187 45 översliger

269 1468 44 29 40
332 1471 69 33 ton,
424 1468 147 32 sålunda
592 1471 44 29 bl.
660 1480 29 20 a.
715 1470 93 31 såväl
830 1471 20 31 å
871 1482 47 21 nu
942 1473 150 36 angivna
1112 1475 71 35 slag
1207 1483 43 21 av
1272 1475 123 37 fartyg,
1415 1485 74 20 som
1515 1477 166 30 trafikera
1706 1478 70 30 Mä-

270 1510 106 35 laren,
395 1520 76 21 som
489 1510 20 31 å
527 1513 243 30 motsvarande
789 1514 72 36 slag
879 1523 43 20 av
942 1514 115 37 fartyg
1076 1524 74 20 som
1168 1515 166 31 trafikera
1352 1516 147 31 Vänern.
1520 1517 74 31 Den
1612 1518 71 30 kan
1701 1519 76 30 där-

268 1552 56 30 för
351 1553 58 30 vid
435 1563 43 20 en
497 1553 200 37 jämförelse
721 1565 42 20 av
791 1560 128 27 statens
944 1558 188 30 kostnader
1159 1560 56 29 för
1239 1559 167 36 sjöfarten
1434 1560 20 31 å
1483 1561 154 30 Mälaren
1664 1563 65 29 och
1756 1562 19 30 å

268 1593 138 32 Vänern
424 1596 133 30 lämnas
574 1596 20 31 å
609 1597 85 30 sido.
712 1598 49 29 Av
776 1599 43 29 de
836 1598 146 31 sålunda
1000 1600 160 30 lämnade
1177 1602 221 35 uppgifterna
1417 1603 161 35 framgår,
1600 1607 49 27 att
1667 1608 109 26 staten

270 1636 55 31 för
349 1637 348 32 säkerhetsanstalter
720 1639 20 30 å
766 1640 154 30 Mälaren
947 1641 77 30 haft
1052 1642 65 29 och
1143 1642 64 30 har
1233 1646 49 27 att
1307 1643 195 31 vidkännas
1529 1645 141 36 utgifter
1697 1645 79 30 vida

268 1679 240 36 överstigande
528 1684 127 27 statens
674 1682 151 31 inkomst
840 1693 42 20 av
904 1683 169 36 sjöfarten
1094 1684 21 31 å
1134 1685 163 30 Mälaren.

312 1723 64 31 Det
395 1725 39 29 är
454 1725 249 35 lotsstyrelsens
722 1725 111 30 avsikt
852 1728 49 27 att
920 1726 10 29 i
949 1726 75 30 sina
1045 1728 317 35 anslagsäskanden
1382 1729 54 30 för
1456 1729 200 37 budgetåret
1682 1726 93 40 1947/

268 1765 41 30 48
327 1768 155 33 upptaga
500 1765 123 37 frågan
640 1776 57 20 om
715 1767 187 35 ordnande,
924 1768 11 29 i
954 1769 199 36 anslutning
1171 1770 49 29 till
1238 1770 41 29 de
1299 1771 181 37 riktlinjer,
1503 1774 164 34 styrelsen
1688 1774 8 29 i
1721 1774 54 30 det

268 1806 208 36 föregående
498 1808 137 36 angivit,
655 1817 42 21 av
719 1811 45 28 ett
788 1809 386 37 livräddningsväsende
1200 1812 55 31 för
1277 1812 147 31 Vänern.

312 1865 203 31 Stockholm
531 1867 66 30 den
614 1868 40 29 27
673 1877 92 21 mars
787 1869 92 30 1946.

769 1952 207 31 TORSTEN
1000 1954 269 30 PETERSSON.

1366 2034 42 100 /
1437 2074 83 31 Lars
1543 2075 186 35 Bergstedt.
