2210 2634
757 179 229 28 Statsutskottets
1008 181 150 28 utlåtande
1181 181 46 28 Nr
1251 183 67 27 131.
1826 186 14 28 1

920 576 83 49 Nr
1037 579 101 48 131.

941 735 106 26 Ankom
1066 736 41 25 till
1125 736 152 34 riksdagens
1294 737 85 27 kansli
1398 738 50 26 den
1468 739 31 27 15
1518 740 49 33 maj
1589 740 64 27 1917
1673 741 34 26 kl.
1727 742 16 25 3
1762 750 21 18 e.
1803 751 34 17 m.

433 868 197 45 Utlåtande,
666 872 15 33 i
718 871 192 46 anledning
936 885 44 23 av
1006 873 132 46 Kungl.
1164 874 127 46 Maj:ts
1309 876 319 48 framställningar
1654 880 184 45 angående

627 937 165 46 tillfällig
819 938 296 48 löneförbättring
1140 942 37 35 åt
1203 942 314 45 lärarpersonalen
1542 945 62 36 vid
1630 947 96 35 vissa
1745 947 92 36 läro-

629 1005 172 36 anstalter
824 1006 109 45 jämte
959 1008 16 34 i
1001 1008 104 36 dessa
1132 1012 126 33 ämnen
1284 1011 126 35 väckta
1436 1013 181 35 motioner.

1534 1076 75 48 (2:a
1636 1077 95 49 avd.)

993 1228 69 34 1:ö;

322 1303 15 35 I
378 1303 71 37 den
489 1306 57 34 till
583 1306 197 48 riksdagen
808 1308 71 35 den
911 1311 44 34 13
984 1311 146 44 januari
1161 1313 94 34 1917
1284 1314 147 34 avlåtna
1457 1316 281 46 propositionen
1766 1329 64 23 an-
1850 1314 189 61 rer

220 1354 142 47 gående
403 1357 235 35 statsverkets
679 1358 168 35 tillstånd
888 1360 68 34 och
997 1360 118 36 behov
1141 1362 67 34 har
1235 1363 137 47 Kungl.
1400 1363 105 47 Maj:t
1532 1365 119 36 under
1678 1367 150 35 åttonde
1891 1381 27 25 ””åt
1935 1358 111 49 lärar
2032 1350 16 64 -

219 1403 250 46 huvudtiteln,
497 1408 167 46 punkten
694 1409 82 43 158,
804 1407 193 51 föreslagit
1025 1411 196 48 riksdagen
1241 1417 64 36 att,
1325 1414 13 35 i
1357 1413 158 36 avbidan
1535 1418 47 45 på
1598 1418 229 46 proposition
1854 1423 47 50 va
1916 1417 108 58 gonalen

298 1457 9 9 ;
633 1464 12 6 -
1027 1462 116 12 Iläsllin
1224 1469 6 6 lan
1306 1466 149 10 ofarbärtn
1955 1459 81 17 mmu-

219 1454 190 49 angående
449 1457 127 48 anslag
612 1456 58 37 för
704 1457 209 38 beredande
936 1473 44 23 av
1006 1460 167 49 tillfällig
1199 1462 312 51 löneförbättring
1538 1468 36 32 åt
1601 1467 225 48 lärarperso-
1846 1484 61 24 nala
1930 1485 108 25 mellan-

219 1506 109 35 nalen
355 1505 63 36 vid
445 1507 237 37 kommunala
709 1510 270 45 mellanskolor,
1008 1511 162 37 beräkna
1197 1512 57 37 för
1281 1514 157 36 berörda
1465 1515 170 37 ändamål
1656 1521 45 44 på
1720 1523 106 31 extra
1847 1514 22 55 =
1896 1518 98 25 skolor.

219 1561 72 30 stat
319 1556 58 36 för
404 1560 40 32 år
474 1559 94 35 1918
597 1563 53 31 ett
676 1559 134 49 belopp
839 1573 44 23 av
912 1563 135 42 35,000
1075 1564 144 35 kronor.

318 1605 214 38 Sedermera
558 1609 68 36 har
653 1609 135 50 Kungl.
817 1611 107 48 Maj:t
950 1614 13 33 i
990 1626 44 22 en
1064 1613 70 36 den
1164 1616 45 33 14
1238 1616 94 47 april
1354 1617 95 34 1917
1470 1617 154 43 avlåten,
1645 1619 57 35 till
1718 1624 108 31 stats-

219 1657 181 36 utskottet
427 1658 177 37 hänvisad
632 1662 243 47 proposition,
902 1675 47 23 nr
977 1665 83 42 216,
1089 1665 118 35 under
1234 1665 231 49 åberopande
1492 1680 44 23 av
1553 1668 118 49 bilagt
1690 1669 136 49 utdrag

217 1720 43 23 av
274 1708 405 49 statsrådsprotokollet
693 1718 86 29 över
793 1712 394 38 ecklesiastikärenden
1203 1714 59 37 för
1274 1728 139 24 samma
1428 1717 81 48 dag,
1525 1717 192 50 föreslagit
1732 1721 94 35 riks-

215 1757 121 49 dagen
364 1759 77 36 dels
468 1760 180 49 medgiva,
677 1767 55 30 att
751 1762 118 36 under
890 1766 41 33 år
953 1765 94 35 1918
1067 1764 166 49 tillfällig
1251 1766 311 50 löneförbättring
1581 1772 59 33 må
1659 1773 89 44 utgå
1767 1772 58 34 till

215 1809 117 35 lärare
372 1809 61 36 vid
461 1810 238 37 kommunala
725 1813 262 37 mellanskolor
1015 1816 117 47 enligt
1160 1814 163 50 följande
1351 1818 174 48 grunder,
1554 1819 85 36 med
1667 1826 73 30 rätt
1767 1821 58 36 för

215 1858 136 49 Kungl.
389 1860 107 48 Maj:t
523 1867 53 30 att
603 1861 150 37 utfärda
779 1864 45 35 de
852 1871 169 30 närmare
1048 1864 243 47 föreskrifter,
1320 1881 80 23 som
1428 1867 58 37 för
1512 1870 241 49 tillämpning
1780 1886 45 22 av

215 1909 104 36 dessa
345 1911 167 47 grunder
539 1915 59 33 må
625 1913 166 36 befinnas
819 1914 259 50 erforderliga:

318 1958 35 47 1)
379 1961 239 50 Delaktighet
645 1964 12 35 i
686 1964 70 36 den
784 1964 190 50 tillfälliga
1000 1966 358 51 löneförbättringen
1385 1970 228 37 tillkommer
1640 1972 82 44 den,
1743 1986 78 23 som

216 2010 119 36 under
362 2015 41 32 år
433 2014 94 35 1918
556 2014 89 36 eller
672 2018 121 45 någon
821 2015 60 36 del
909 2029 45 24 av
981 2018 161 36 nämnda
1170 2021 39 32 år
1227 2026 41 28 är
1286 2020 161 35 anställd
1464 2022 12 34 i
1496 2022 184 49 egenskap
1700 2037 43 22 av
1761 2037 60 22 or-

213 2061 142 36 dinarie
395 2065 256 43 ämneslärare,
688 2072 174 30 ävensom
904 2067 82 44 den,
1024 2081 76 22 som
1142 2069 119 36 under
1296 2073 40 32 år
1366 2072 95 34 1918
1491 2072 118 36 under
1637 2074 112 35 minst
1776 2088 45 22 en

212 2114 136 34 termin
375 2112 182 38 bestrider
583 2114 71 37 full
681 2117 253 49 tjänstgöring
962 2121 118 33 såsom
1113 2125 106 30 extra
1245 2120 185 36 ordinarie
1459 2122 88 36 eller
1565 2124 255 37 vikarierande

212 2164 255 36 ämneslärare.

313 2211 38 48 2)
379 2214 80 36 Den
487 2215 188 50 tillfälliga
701 2217 357 50 löneförbättringen
1087 2223 108 45 utgår
1222 2221 85 36 med
1334 2220 163 50 följande
1526 2224 133 49 belopp
1687 2224 57 37 för
1763 2229 55 34 år:

316 2272 114 38 Bihang
452 2273 45 29 till
517 2274 172 38 riksdagens
705 2276 146 36 protokoll
875 2278 89 28 1917.
1009 2279 19 27 6
1050 2279 81 27 saml.
1177 2280 39 27 60
1237 2280 66 36 häft
1355 2278 65 40 (Nr
1443 2281 187 36 131—134)
1714 2282 19 29 2
