2173 2783
602 221 223 38 Bevillnings-
837 217 172 33 Utskottets
1037 212 214 33 Betänkande
1277 210 66 32 N:o
1374 211 28 29 5.
1718 207 17 29 9

338 311 177 36 Utskottet,
557 318 67 21 som
666 306 70 31 med
778 304 41 31 all
858 303 61 31 den
959 299 224 42 sorgfällighet
1205 300 124 29 ämnets
1358 298 87 28 stora
1473 292 162 42 betydelse
1660 289 137 38 kräfver,

187 366 188 42 genomgått
413 362 55 30 det
507 357 177 40 framlagda
718 356 154 39 förslaget
904 352 70 32 med
1003 351 82 32 hvad
1115 360 88 21 mera
1231 348 61 31 den
1320 346 114 40 Kongl.
1466 343 243 43 propositionen
1738 340 58 32 och

187 416 109 34 dervid
331 413 115 41 fogade
488 409 193 40 handlingar
707 406 174 38 innehålla,
911 404 104 31 finner
1043 403 48 39 sig
1117 401 80 31 böra
1224 397 188 41 cbetingadt
1438 397 172 31 instämma
1638 394 9 30 i
1676 393 61 30 den
1765 391 36 31 af

188 468 115 39 Kongl.
333 465 92 40 Maj:t
451 461 144 32 uttalade
619 460 93 38 åsigt,
740 461 48 28 att
815 457 86 31 detta
932 455 116 37 förslag
1076 457 36 27 är
1139 451 118 41 egnadt
1280 453 48 28 att
1354 448 186 31 underlätta
1565 445 59 32 och
1643 443 156 40 befrämja

190 517 151 35 handels-
369 516 59 32 och
456 509 389 45 sjöfartsförbindelserna
873 506 134 33 emellan
1038 502 236 34 brödrafolken.

335 568 49 30 Då
422 564 167 33 Utskottet
625 562 54 30 det
713 559 133 32 oaktadt
873 568 93 20 anser
993 557 47 38 sig
1067 556 79 30 böra
1173 552 176 32 framställa
1379 552 99 38 några
1506 547 191 39 erinringar,
1727 545 73 31 sker

192 622 90 30 detta
309 617 183 39 visserligen
517 613 71 32 icke
615 613 11 31 i
654 612 96 38 afsigt
776 613 48 28 att
852 607 210 33 underkänna
1089 605 169 40 förslagets
1277 602 185 41 förtjenster
1477 599 78 32 eller
1570 601 48 28 att
1636 595 165 33 motverka

193 675 192 28 detsammas
413 664 246 44 godkännande.

345 720 63 31 Det
444 718 58 31 har
535 713 175 42 ingalunda
738 713 124 30 kunnat
888 708 143 33 undfalla
1058 705 180 33 Utskottets
1267 701 285 43 uppmärksamhet
1580 717 41 5 —
1650 697 81 32 hvad
1762 697 39 31 de

194 773 98 32 sedan
322 774 79 28 nära
430 771 40 29 30
497 768 35 30 år
558 765 136 32 tillbaka
721 763 130 41 började
876 759 283 39 förbandlingarne
1187 767 50 21 om
1267 765 39 20 en
1325 765 40 30 ny
1384 751 238 38 mellanrikslag
1637 749 162 31 dessutom

193 829 148 35 nogsamt
380 818 197 42 ådagalägga
600 835 40 5 —
667 816 84 30 huru
782 817 87 28 stora
897 809 236 41 vanskligheter
1160 811 56 27 äro
1243 804 212 41 förknippade
1484 802 71 32 med
1584 799 220 40 tillvägabrin-

196 874 103 41 gande
327 872 35 32 af
386 873 104 37 någon
530 865 272 43 genomgripande
829 863 188 37 förändring
1043 861 10 30 i
1081 870 38 20 en
1148 857 211 41 lagstiftning,
1389 854 140 38 hvilken,
1558 854 104 30 såsom
1687 851 117 36 denna,

195 931 36 27 är
259 922 159 34 beroende
447 921 33 31 af
505 922 72 29 2:ne
605 916 219 43 sjelfständiga
852 917 116 28 staters
996 910 192 39 ömsesidiga
1222 907 178 40 eftergifter
1427 906 60 31 och
1515 902 288 40 tillmötesgående,

197 977 84 31 helst
308 975 41 31 då
375 983 122 21 samma
524 968 213 42 lagstiftning,
767 966 105 31 fastän
900 964 50 31 till
978 963 123 31 formen
1129 960 113 31 endast
1271 956 177 33 berörande
1477 955 148 31 handels-
1654 953 60 32 och
1742 952 62 41 sjö-

199 1023 352 42 fartsangelägenheter
575 1020 38 31 de
641 1020 98 38 begge
767 1016 155 32 länderna
950 1013 146 37 emellan,
1122 1011 97 31 likväl
1245 1008 174 41 ingalunda
1447 1007 62 31 kan
1538 1005 108 40 undgå
1664 1007 48 28 att
1726 1004 80 40 jem-

197 1078 50 32 väl
277 1076 107 32 utöfva
411 1071 175 44 inflytande
615 1071 41 39 på
683 1068 172 32 hvartdera
882 1065 125 32 landets
1034 1061 224 34 förhållanden
1285 1061 10 30 i
1319 1059 107 40 öfrigt,
1443 1057 59 33 och
1523 1056 88 31 detta
1630 1053 175 43 inflytande

201 1130 98 30 måste
328 1125 98 33 blifva
454 1124 33 31 af
514 1122 187 38 ömtåligare
729 1122 52 28 art
806 1119 10 30 i
844 1127 120 21 samma
989 1116 82 36 mån,
1101 1124 67 21 som
1193 1112 38 31 de
1259 1110 177 40 eftergifter
1463 1108 59 32 och
1550 1105 256 42 medgifvanden,

200 1179 107 32 hvilka
349 1175 243 41 ifrågakomma,
634 1175 56 28 äro
731 1170 33 31 af
790 1167 222 33 beskaffenhet
1039 1168 48 28 att
1109 1163 159 32 innefatta
1294 1162 165 37 undantag
1486 1159 72 32 från
1582 1158 38 31 de
1645 1156 164 32 allmänna

200 1230 116 41 reglor,
348 1227 107 32 hvilka
484 1226 53 30 det
565 1233 59 22 ena
652 1222 78 31 eller
756 1220 101 32 andra
884 1218 109 32 landet
1019 1227 37 21 ur
1080 1213 188 34 ekonomisk
1292 1213 77 32 eller
1396 1210 142 32 fiskalisk
1562 1207 162 43 synpunkt
1750 1205 58 32 fin-

203 1292 54 21 ner
286 1281 47 40 sig
361 1279 79 31 böra
468 1277 8 31 i
506 1273 200 34 förhållande
735 1271 49 32 till
812 1270 100 32 andra
940 1266 197 34 främmande
1164 1265 113 32 länder
1304 1261 200 34 fortfarande
1531 1259 162 32 vidblifva.

352 1329 60 31 Vid
452 1339 38 20 en
532 1329 149 28 närmare
722 1321 240 39 undersökning
994 1318 33 32 af
1061 1329 42 19 nu
1131 1316 140 42 antydda
1298 1313 247 39 vanskligheter,
1574 1313 19 30 å
1620 1321 60 20 ena
1707 1308 102 38 sidan,

204 1383 60 32 och
301 1384 18 29 å
347 1381 60 31 den
437 1378 102 32 andra
566 1376 35 32 af
625 1376 54 30 det
706 1373 107 38 behof,
843 1383 78 27 som,
952 1370 91 31 dessa
1071 1367 143 38 oaktadt,
1243 1367 58 31 hos
1328 1365 99 40 begge
1456 1364 37 31 de
1522 1361 152 33 förenade
1702 1359 107 32 folken

203 1431 291 39 oemotståndligen
535 1431 57 37 gör
626 1427 46 39 sig
700 1435 67 21 mer
795 1424 60 31 och
883 1433 67 21 mer
976 1419 147 42 gällande
1151 1422 48 27 att
1225 1419 41 39 på
1293 1417 54 31 det
1374 1414 141 38 område,
1545 1414 130 30 hvarom
1705 1421 43 21 nu
1776 1413 35 28 är

203 1486 101 38 fråga,
334 1481 247 39 fullständigare
621 1477 85 31 sluta
729 1476 47 39 sig
809 1474 222 35 tillsammans,
1060 1468 195 34 framställer
1283 1468 47 39 sig
1354 1469 154 37 otvunget
1534 1463 119 32 tanken
1682 1463 40 40 på
1750 1461 61 31 den

208 1536 83 31 enda
331 1534 50 31 för
420 1543 39 20 en
491 1530 101 32 sådan
632 1525 289 40 sammanslutning
947 1523 74 32 fullt
1043 1518 298 35 tillfredsställande
1365 1514 371 39 mellanriksanordning
1762 1531 52 5 —

205 1598 38 20 en
272 1584 219 38 tullförening.
547 1580 67 31 Och
643 1579 103 31 ehuru
773 1576 165 32 Utskottet
964 1572 221 39 fullkomligen
1213 1571 87 30 inser
1323 1572 57 35 att,
1410 1570 104 29 såsom
1543 1565 114 40 Kongl.
1686 1563 125 32 Norska

206 1636 210 41 Regeringen,
459 1633 100 39 enligt
598 1641 39 19 en
671 1629 33 31 af
730 1628 167 39 bilagorna
923 1625 49 32 till
1000 1624 61 31 den
1085 1622 114 40 Kongl.
1229 1620 253 41 propositionen,
1516 1616 102 32 under
1645 1614 169 32 skriftvex-

207 1689 106 39 lingen
342 1687 10 30 i
380 1687 109 30 ämnet
511 1684 112 40 yttrat,
652 1680 42 32 all
722 1677 216 42 förhoppning
964 1675 126 37 saknas,
1120 1676 47 28 att
1190 1673 103 38 någon
1322 1669 208 39 tullförening
1554 1666 102 33 skulle
1677 1666 49 31 för
1741 1668 72 28 när-

208 1738 138 32 varande
376 1736 109 31 kunna
511 1732 249 36 åstadkommas,
787 1730 60 30 har
875 1727 164 32 Utskottet
1065 1724 97 32 likväl
1189 1722 53 32 vid
1270 1725 46 28 ett
1343 1720 137 38 tillfälle,
1502 1718 116 32 sådant
1632 1728 67 21 som
1714 1716 99 37 detta,

208 1790 71 31 icke
308 1789 73 31 bort
409 1785 131 33 alldeles
567 1783 126 39 förbigå
720 1781 105 31 denna
848 1776 256 34 framtidstanke.

360 1839 15 30 I
402 1838 92 39 fråga
521 1837 69 30 åter
618 1844 51 21 om
697 1831 178 41 detaljerna
902 1829 34 31 af
962 1828 54 31 det
1042 1824 219 41 föreliggande
1289 1823 154 39 förslaget
1469 1821 59 31 har
1555 1819 166 32 Utskottet
1746 1816 71 32 icke

209 1891 108 31 funnit
356 1888 175 38 anledning
571 1887 47 29 att
658 1882 178 32 framställa
868 1880 101 32 andra
996 1877 259 39 anmärkningar,
1285 1877 40 28 än
1356 1873 69 32 dels
1452 1874 48 29 att
1526 1869 157 43 spanmål,
1713 1869 103 30 malen

210 1942 60 32 och
298 1940 136 36 omalen,
459 1938 10 31 i
497 1936 123 33 olikhet
648 1934 70 31 med
742 1933 103 39 öfriga
870 1930 135 32 svenska
1032 1929 59 31 och
1114 1926 117 32 norska
1259 1924 196 32 naturalster
1482 1922 59 32 och
1558 1919 257 40 tillverkningar,

211 1992 107 32 hvilka
340 1990 52 32 vid
419 1988 159 40 landväga
604 1984 210 39 försändning
841 1982 71 32 från
936 1981 55 31 det
1013 1990 60 21 ena
1100 1978 49 32 till
1177 1977 55 32 det
1254 1975 102 33 andra
1382 1974 84 32 riket
1493 1972 89 32 skola
1602 1971 126 41 åtnjuta
1742 1970 75 31 tull-

211 2044 108 37 frihet,
356 2041 70 32 icke
467 2039 104 32 blifvit
610 2035 113 41 tillagd
762 2045 122 21 samma
910 2033 125 31 förmån
1063 2030 51 31 vid
1142 2028 106 32 direkt
1275 2027 128 41 sjöväga
1430 2023 210 39 försändning
1667 2022 11 31 i
1702 2021 38 31 de
1768 2032 50 20 re-

212 2094 142 41 spektive
394 2094 161 29 staternas
596 2098 80 30 egna
717 2086 113 41 fartyg,
864 2084 60 32 och
951 2083 69 31 dels
1046 2085 49 28 att
1122 2079 148 32 befrielse
1298 2078 72 31 från
1397 2074 211 40 transitafgift
1635 2073 59 32 och
1719 2071 100 32 utför-

212 2144 123 33 selstull
377 2143 50 31 för
466 2141 55 31 det
561 2149 60 22 ena
649 2137 126 32 landets
802 2134 179 43 produkter
1008 2132 59 32 och
1096 2129 253 40 tillverkningar,
1377 2126 108 32 hvilka
1511 2126 86 31 föras
1625 2133 113 31 genom
1767 2123 54 31 det

212 2196 102 32 andra
354 2193 111 32 landet
505 2191 59 33 och
603 2190 10 31 i
654 2189 72 31 dess
766 2188 134 30 hamnar
940 2184 184 41 utskeppas,
1159 2181 70 32 icke
1257 2179 105 32 blifvit
1389 2179 9 31 i
1426 2177 153 40 förslaget
1605 2174 216 42 uttryckligen

213 2246 189 41 medgifven.

314 2296 77 32 Bih.
421 2295 49 31 till
496 2293 118 32 Riksd.
642 2290 89 32 Prot.
757 2291 103 47 1874.
913 2290 20 28 5
965 2285 98 32 Saml.
1117 2287 18 27 I
1164 2282 80 42 Afd.
1301 2284 21 27 4
1350 2280 98 37 Häft.
1703 2278 17 29 2
