1888 2784
310 149 19 29 6
729 150 104 26 Andra
853 150 218 34 lagutskottets
1091 150 158 28 utlåtande
1270 160 37 17 nr
1328 152 45 26 26.

488 229 179 39 (Gällande
693 229 155 40 lydelse:)

310 291 41 30 de
377 290 210 40 handlingar
611 292 51 30 till
687 291 340 40 pensionsstyrelsen.

312 344 178 40 Föreligga
516 345 74 30 skäl
616 354 75 21 som
716 354 82 29 nyss
824 348 91 36 sagts
941 343 89 31 skall

310 397 341 39 pensionsnämnden
677 398 135 30 besluta
840 398 10 30 i
877 396 151 31 ärendet.

355 450 107 31 Söker
483 450 115 40 någon
620 451 131 31 allmän
771 451 258 40 ålderspension

309 504 107 38 jämte
443 504 269 39 bostadstillägg,
738 505 91 30 skall
852 505 177 40 pensions-

308 557 176 30 nämnden
496 558 106 38 pröva
617 557 10 30 i
641 558 240 39 ansökningen
895 559 131 30 lämna-

309 609 44 31 de
366 610 252 39 upplysningar
631 611 66 30 och
712 610 194 41 åberopade
918 612 109 30 hand-

310 662 113 39 lingar
441 667 90 26 samt
548 663 44 39 på
610 664 112 38 grund
739 674 42 21 av
799 665 114 30 denna
929 665 100 39 pröv-

311 715 83 39 ning
425 716 66 30 och
524 717 115 30 kända
670 716 243 31 förhållanden
945 718 85 38 fast-

311 770 101 29 ställa
448 769 196 31 sökandens
680 770 210 31 årsinkomst
925 770 105 39 enligt

313 823 40 29 14
371 821 23 40 $
413 823 66 30 och
500 823 142 38 besluta,
659 823 174 31 huruvida
852 823 179 31 sökanden

311 875 63 30 har
398 877 69 29 rätt
490 876 50 30 till
565 876 268 40 bostadstillägg.
858 877 73 31 Har
953 876 77 31 där-

311 928 57 31 vid
395 929 219 38 uppkommit
641 929 101 39 fråga
769 940 57 20 om
853 929 177 39 undantag

312 991 119 21 varom
457 983 11 29 i
492 983 20 29 5
536 981 22 40 $
582 982 107 39 tredje
716 983 132 38 stycket
871 982 159 38 förmålts

312 1034 80 30 eller
421 1044 57 21 om
508 1034 218 40 tillämpning
757 1046 42 20 av
831 1037 40 29 13
898 1035 23 40 $
949 1034 82 30 eller

313 1088 39 30 16
379 1087 23 40 $
427 1088 113 38 fjärde
567 1089 143 38 stycket,
739 1089 89 30 skall
854 1087 177 31 nämnden

312 1140 157 31 meddela
491 1140 110 31 beslut
623 1142 11 29 i
653 1141 135 39 frågan.
809 1140 119 32 Avslås
951 1140 80 31 med

310 1194 78 30 stöd
404 1203 43 21 av
468 1195 39 29 16
526 1192 20 41 $
563 1194 118 35 första,
699 1194 110 30 andra
825 1194 80 30 eller
922 1193 108 39 tredje

309 1248 134 37 stycket
474 1247 194 39 ansökning
700 1249 10 28 i
740 1247 67 30 vad
837 1247 104 38 gäller
972 1246 57 30 bo-

310 1299 225 40 stadstillägg,
563 1300 87 31 skall
678 1298 352 41 pensionsnämnden,

311 1353 62 30 där
389 1353 67 30 den
472 1353 116 37 finner
602 1353 66 30 den
685 1353 254 38 omständighet
954 1361 75 22 som

310 1406 165 37 föranlett
505 1406 143 30 beslutet
677 1406 75 30 icke
783 1406 97 30 skola
910 1405 122 38 utgöra

311 1459 123 31 hinder
459 1463 74 26 mot
558 1459 96 38 bifall
678 1459 51 30 till
753 1459 193 38 ansökning
974 1467 56 21 om

313 1512 259 39 bostadstillägg
595 1512 85 38 efter
702 1513 68 29 viss
794 1511 65 31 tids
881 1510 150 39 förlopp,

313 1565 157 31 meddela
491 1565 237 31 bestämmelse
748 1565 220 30 härutinnan.

355 1617 107 30 Söker
506 1618 113 39 någon
661 1618 97 39 eljest
799 1617 232 38 folkpension,

311 1671 88 30 skall
437 1670 341 39 pensionsnämnden
814 1669 46 40 på
896 1677 135 22 samma

311 1724 68 32 sätt
401 1725 111 38 pröva
534 1724 239 38 ansökningen
800 1724 64 29 och
888 1722 143 36 besluta,

312 1776 173 32 huruvida
501 1776 179 32 sökanden
699 1778 82 37 äger
797 1777 67 30 rätt
881 1776 51 30 till
948 1782 83 31 pen-

313 1831 130 37 sionen,
477 1831 174 36 ävensom,
684 1829 63 31 där
779 1828 38 30 så
847 1827 185 38 erfordras,

313 1882 159 31 meddela
503 1882 111 31 beslut
643 1884 11 29 i
683 1882 42 30 de
756 1883 117 37 övriga
903 1879 129 40 frågor,

313 1946 75 21 som
409 1939 11 28 i
443 1936 110 31 andra
575 1936 132 39 stycket
728 1944 107 22 avses.

1242 231 223 40 (Föreslagen
1490 231 155 40 lydelse:)

1082 293 175 39 styrelsen.
1292 293 179 39 Föreligga
1505 293 76 31 skäl
1615 303 75 21 som
1722 301 82 31 nyss

1083 349 93 36 sagts
1198 347 89 30 skall
1307 346 342 40 pensionsnämnden
1669 346 135 31 besluta

1085 399 11 29 i
1118 399 149 31 ärendet.

1130 452 106 31 Söker
1277 451 116 40 någon
1435 452 97 40 eljest
1572 452 232 39 folkpension,

1086 505 88 31 skall
1202 505 341 40 pensionsnämnden
1570 506 108 39 pröva
1704 505 12 30 i
1744 513 60 21 an-

1086 559 192 38 sökningen
1295 558 162 31 lämnade
1473 557 250 41 upplysningar
1738 556 66 33 och

1086 610 193 41 åberopade
1295 611 210 40 handlingar
1522 614 90 28 samt
1628 610 45 40 på
1693 609 113 40 grund

1087 674 42 21 av
1143 664 115 31 denna
1274 664 170 40 prövning
1460 664 66 30 och
1542 664 117 30 kända
1674 661 130 33 förhål-

1084 718 126 30 landen
1249 717 131 30 besluta
1416 717 173 30 huruvida
1627 715 179 31 sökanden

1084 772 80 37 äger
1191 772 68 29 rätt
1286 771 51 30 till
1364 771 145 38 pension
1538 771 175 35 ävensom,
1742 768 63 31 där

1083 823 178 31 sökanden
1298 824 114 37 finnes
1452 823 191 38 berättigad
1679 820 127 37 därtill,

1085 876 169 37 fastställa
1277 878 207 38 pensionens
1511 876 123 39 belopp
1660 876 77 37 och,
1762 873 45 31 då

1085 929 98 39 fråga
1200 932 39 28 är
1255 940 57 20 om
1329 929 214 40 sjukbidrag,
1560 929 66 31 den
1645 927 162 39 tidpunkt

1085 984 87 30 intill
1190 984 115 30 vilken
1327 983 155 39 bidraget
1502 984 113 37 längst
1635 982 58 30 må
1714 980 91 39 utgå.

1085 1036 119 31 Avslås
1220 1037 78 30 med
1315 1037 77 30 stöd
1406 1046 44 21 av
1468 1037 39 29 16
1523 1034 21 41 $
1560 1036 117 36 första,
1695 1036 110 30 andra

1086 1100 80 29 eller
1202 1099 109 39 tredje
1349 1100 131 38 stycket
1518 1098 193 39 ansökning
1750 1106 57 21 om

1086 1152 109 30 sådan
1223 1152 139 37 förmån
1389 1161 76 21 som
1493 1152 63 30 där
1581 1160 108 28 avses,
1717 1150 90 31 skall

1084 1205 339 38 pensionsnämnden
1446 1205 65 30 ock
1534 1205 189 30 bestämma
1744 1204 63 29 hu-

1086 1259 122 30 ruvida
1237 1260 112 29 rätten
1379 1262 50 27 att
1461 1258 131 31 erhålla
1623 1257 183 38 förmånen

1086 1311 85 37 efter
1189 1312 67 30 den
1273 1313 150 37 angivna
1442 1311 110 31 tidens
1571 1311 128 39 utgång
1718 1309 89 32 skall

1086 1374 82 23 vara
1189 1365 168 30 beroende
1380 1375 42 20 av
1446 1374 45 29 ny
1515 1364 203 38 ansökning.

358 2008 106 30 Avser
485 2005 360 41 pensionsansökning
868 2024 44 3 —
933 2023 45 4 —
999 2023 44 4 —
1062 2005 90 30 skall
1173 2003 92 40 utgå.

358 2096 13 30 I
398 2096 73 36 fall,
498 2106 75 21 som
599 2096 10 30 i
633 2095 109 31 första
767 2096 132 38 stycket
921 2094 111 30 andra

314 2150 155 39 punkten
506 2151 89 29 samt
627 2149 10 30 i
671 2149 121 37 andra,
826 2148 106 40 tredje
968 2146 66 32 och

313 2202 112 40 fjärde
445 2203 165 38 styckena
629 2205 102 36 sagts,
752 2201 87 31 skall
856 2200 177 41 pensions-

314 2256 194 30 nämndens
524 2255 210 31 ordförande
747 2258 137 27 snarast
898 2253 137 39 möjligt

312 2309 87 30 efter
434 2308 253 32 besvärstidens
721 2307 131 40 utgång
885 2306 150 31 insända

314 2362 194 31 nämndens
526 2362 112 30 beslut
654 2361 108 39 jämte
778 2359 255 39 handlingarna

313 2415 11 30 i
351 2415 142 31 ärendet
520 2415 51 30 till
600 2413 340 41 pensionsstyrelsen.

356 2468 75 30 Vad
448 2467 177 39 angående
640 2466 259 39 handläggning
915 2475 43 21 av
974 2474 59 21 an-

1133 2094 13 30 I
1174 2094 72 36 fall,
1272 2104 75 21 som
1372 2094 11 30 i
1407 2094 110 31 första
1540 2094 133 39 stycket
1696 2092 112 31 andra

1089 2148 155 39 punkten
1277 2151 92 27 samt
1406 2147 11 30 i
1453 2147 110 30 andra
1599 2146 65 31 och
1700 2145 107 40 tredje

1087 2201 165 38 styckena
1277 2204 102 36 sagts,
1407 2200 89 30 skall
1520 2200 286 39 pensionsnämn-

1089 2254 84 30 dens
1191 2253 210 31 ordförande
1418 2256 136 28 snarast
1569 2252 136 40 möjligt
1720 2251 89 31 efter

1088 2306 252 31 besvärstidens
1362 2305 131 40 utgång
1515 2306 147 30 insända
1684 2304 123 31 nämn-

1089 2360 84 31 dens
1211 2360 113 30 beslut
1359 2359 107 39 jämte
1502 2358 257 39 handlingarna
1797 2356 12 29 i

1090 2413 140 31 ärendet
1252 2412 52 31 till
1325 2411 340 41 pensionsstyrelsen.

1132 2465 74 32 Vad
1246 2464 177 40 angående
1464 2463 260 40 handläggning
1765 2471 44 22 av
