2216 2702
421 204 37 32 12
855 203 94 33 Stats-
960 203 161 33 Utskottets
1155 201 165 34 Utlåtande
1347 201 63 32 N:o
1438 204 28 28 5.

821 296 54 30 att
904 290 265 36 Revisorernes
1199 287 283 48 ifrågavarande
1499 286 138 48 förslag
1653 286 31 47 ej
1704 289 57 32 må
1776 285 56 36 till
1852 288 118 45 någon

771 341 230 49 Riksdagens
1030 340 131 50 åtgärd
1192 339 199 37 föranleda.

1127 504 93 36 10:0.

375 610 197 46 Angående
612 608 227 49 tillämpning
872 608 44 49 af
953 608 68 35 den
1053 607 68 45 för
1150 605 186 48 åtskilliga
1356 603 369 52 jernvägsaktiebolag
1753 604 118 35 under
1899 603 74 36 viss

382 670 263 50 förutsättning
673 668 174 49 stadgade
875 667 193 48 skyldighet
1096 667 54 35 till
1178 666 93 36 ökad
1301 666 220 46 amortering
1550 664 44 49 af
1620 663 147 37 erhållet
1796 663 162 36 statslån.

547 753 200 45 (Rev.-ber.
777 753 66 35 sid.
875 753 205 35 153—156.
1135 750 75 36 Utl.
1241 751 67 35 sid.
1340 751 208 42 216—218,
1577 746 252 48 221—238.)
1820 732 14 70 .

509 855 234 37 Beträffande
781 855 44 35 de
859 853 535 49 Helsingborg—Landskrona
1407 851 164 49 —Eslöfs
1592 850 381 49 jernvägsaktiebolay,

376 908 283 36 Landskrona—
682 906 116 48 Eslöfs
843 905 381 50 jernvägsaktiebolag,
1275 901 551 38 Kristianstad—Hessleholms
1869 901 101 48 jern-

377 958 294 50 vägsaktiebolag,
718 957 381 49 Vezxziö—Alfvestads
1132 954 376 51 jernvägsaktiebolag
1536 954 67 36 och
1640 953 176 48 Köping—
1831 947 142 65 Utters-

378 1013 100 45 bergs
511 1008 368 51 jernvägsaktiebolag
920 1008 184 47 beviljade
1147 1007 155 36 statslån
1346 1004 107 37 hafva
1482 1005 229 36 revisorerne
1741 1004 150 43 erinrat,
1921 1009 54 29 att

376 1062 57 37 för
462 1062 68 35 alla
559 1061 106 36 dessa
692 1062 61 34 lån
783 1059 130 38 Rikets
941 1058 159 38 Ständer
1128 1057 242 44 föreskrifvit,
1404 1056 95 37 hvad
1530 1055 108 38 äfven
1667 1055 136 37 funnes
1832 1055 143 47 intaget

377 1115 9 34 i
429 1114 70 35 alla
541 1126 58 22 om
641 1113 109 35 lånen
793 1112 57 35 till
893 1110 161 36 nämnda
1083 1108 347 50 jernvägsföretags
1460 1106 198 37 utförande
1690 1107 133 35 mellan
1851 1112 123 29 staten

377 1165 66 36 och
473 1165 159 44 bolagen
662 1162 185 37 afslutade
876 1163 188 42 kontrakt,
1094 1168 63 37 att,
1186 1174 57 23 om
1275 1160 176 36 behållna
1480 1160 211 34 inkomsten
1708 1157 38 36 af
1756 1157 218 48 jernvägen,

378 1216 96 36 efter
515 1215 130 43 afdrag
686 1213 38 36 af
764 1214 69 35 den
863 1215 117 46 årliga
1008 1213 277 45 inbetalningen
1315 1212 19 35 å
1364 1211 63 35 det
1455 1210 40 35 af
1520 1216 120 29 staten
1672 1209 165 35 erhållna
1866 1209 109 40 lånet,

377 1267 117 36 skulle
524 1265 200 48 öfverstiga
754 1267 19 34 6
806 1270 151 42 procent
986 1267 18 32 å
1033 1263 62 36 det
1123 1263 132 48 belopp
1284 1262 238 46 aktieegarne
1551 1261 203 46 tillskjutit,
1784 1259 192 36 ankomme

377 1321 47 45 på
464 1317 131 46 Kongl.
637 1315 105 49 Maj:t
775 1322 64 37 att,
867 1320 103 32 utom
1000 1314 245 49 begagnande
1275 1313 39 36 af
1338 1312 138 47 Kongl.
1505 1311 105 48 Maj:t
1637 1311 233 36 förbehållen
1900 1316 76 29 rätt

377 1375 54 29 att
460 1367 131 49 pröfva
622 1368 69 35 och
720 1368 206 35 bestämma
955 1366 45 35 de
1030 1366 117 47 enligt
1174 1371 111 30 taxor
1314 1363 186 48 utgående
1518 1362 210 48 afgifterna,
1745 1361 229 42 föreskrifva,

377 1420 94 35 huru
500 1425 76 30 stor
606 1418 57 35 del
693 1418 38 36 af
757 1418 101 36 detta
887 1416 205 37 öfverskott
1120 1417 117 35 skulle
1268 1415 152 37 afsättas
1454 1415 57 34 till
1540 1413 233 36 underhålls-
1802 1412 65 35 och
1897 1425 79 22 om-

377 1469 290 50 byggnadsfond
710 1470 89 35 eller
841 1470 68 35 ock
939 1468 190 36 användas
1156 1469 58 34 till
1244 1466 143 37 ökande
1417 1465 38 36 af
1482 1465 70 36 den
1581 1464 55 36 för
1664 1465 102 35 lånet
1794 1463 182 48 stadgade

379 1522 240 47 amortering.

510 1572 137 36 Vidare
690 1570 106 37 hafva
836 1571 228 35 revisorerne
1105 1569 133 44 anfört,
1281 1574 52 30 att
1363 1568 44 35 de
1437 1567 130 43 medel,
1597 1579 80 23 som
1706 1566 56 35 till
1790 1564 186 48 ifrågava-

377 1623 116 36 rande
524 1621 418 50 jernvägsbyggnaders
971 1620 198 37 utförande
1197 1619 124 37 blifvit
1351 1618 182 43 lemnade,
1562 1616 38 37 af
1625 1623 122 30 staten
1778 1617 198 47 upplånats

379 1681 77 29 mot
497 1688 43 22 en
582 1673 152 37 effektiv
763 1681 119 35 ränta,
911 1672 275 47 öfverstigande
1217 1675 19 33 5
1266 1677 152 41 procent
1448 1670 150 46 årligen.
1655 1668 53 36 Då
1736 1674 135 36 staten,
1901 1666 76 36 för-

380 1732 102 29 utom
511 1724 236 47 räntefrihet
790 1724 117 35 under
945 1724 94 35 vissa
1075 1726 51 40 år,
1160 1723 139 35 lemnat
1326 1720 244 37 förenämnda
1594 1719 295 48 jernvägsbolag
1917 1718 59 34 lån

378 1777 56 34 till
465 1789 45 22 en
537 1782 119 37 ränta,
684 1788 78 22 som
794 1775 81 34 med
905 1788 100 22 mera
1033 1781 46 28 än
1102 1787 45 22 en
1177 1778 154 44 procent
1359 1771 223 48 understege
1613 1770 71 35 den
1713 1776 119 37 ränta,
1854 1774 124 30 staten

378 1826 86 47 sjelf
493 1828 98 45 finge
619 1826 217 43 vidkännas,
866 1832 125 42 syntes
1020 1823 158 49 afsigten
1210 1824 83 35 med
1324 1823 70 36 den
1426 1822 190 47 rättighet,
1645 1826 120 30 staten
1794 1819 184 36 förbehål-

379 1878 42 35 lit
462 1878 55 46 sig
557 1883 53 30 att
651 1877 62 35 vid
755 1890 43 22 en
840 1877 74 35 viss
949 1876 173 36 behållen
1153 1876 94 48 årlig
1275 1875 164 35 inkomst
1468 1872 39 37 af
1527 1873 204 48 jernvägen
1760 1869 219 37 föreskrifva

380 1929 95 35 ökad
509 1929 226 47 amortering
768 1931 19 32 å
816 1929 203 40 statslånet,
1048 1927 111 35 hafva
1189 1927 95 35 varit
1314 1931 64 38 att,
1408 1925 46 35 då
1479 1930 53 30 ett
1561 1924 110 44 bolag
1701 1922 158 36 kommit
1887 1922 10 34 i
1927 1924 52 32 åt-

378 1980 180 46 njutande
588 1979 38 36 af
651 1992 44 23 en
724 1986 117 28 större
870 1979 160 34 inkomst
1058 1986 42 27 än
1132 1979 19 34 6
1181 1983 155 42 procent
1363 1980 20 31 å
1411 1978 64 32 sitt
1503 1974 250 47 aktiekapital,
1782 1972 106 36 äfven
1918 1973 61 33 be-

379 2030 89 36 reda
496 2037 118 29 staten
644 2030 243 47 möjligheten
917 2029 65 35 och
1010 2028 168 36 fördelen
1209 2033 54 31 att
1290 2027 39 36 af
1356 2026 63 36 det
1448 2027 151 47 belopp,
1616 2024 177 36 hvarmed
1810 2023 169 36 behållna

379 2081 205 36 inkomsten
628 2080 209 47 öfverstege
880 2080 162 36 nämnda
1083 2079 221 49 procenttal,
1345 2078 157 47 tidigare
1544 2084 45 28 än
1625 2077 107 45 eljest
1761 2074 118 36 återfå
1909 2073 68 35 den

379 2131 282 48 försträckning,
701 2145 78 22 som
821 2137 120 30 staten
985 2132 149 34 lemnat.
1188 2129 120 36 Häraf
1345 2135 126 43 syntes
1500 2126 107 37 äfven
1636 2126 99 48 följa,
1766 2132 54 29 att
1849 2124 129 47 hvarje

382 2186 50 39 år,
475 2183 120 36 under
637 2183 142 35 hvilket
820 2183 64 34 det
911 2195 219 36 gynsamma
1160 2180 248 37 förhållandet
1439 2179 80 35 med
1550 2179 211 34 inkomsten
1793 2176 39 36 af
1857 2179 121 45 någon

379 2233 83 37 utaf
500 2234 159 36 nämnda
696 2235 202 47 jernvägar
939 2232 209 45 inträffade,
1191 2239 54 29 att
1286 2232 262 45 behållningen
1586 2228 105 36 deraf
1719 2226 210 48 öfverstigit
1959 2228 19 34 6
