2200 2622
393 254 40 30 32
838 247 341 38 Bevillningsutskottets
1205 243 189 31 Betänkande
1417 240 64 32 N:o
1507 242 50 29 28.

393 333 124 37 fördel
544 331 46 50 på
618 336 135 31 statens
779 327 215 44 bekostnad,
1011 334 44 28 än
1075 326 95 35 hvad
1190 325 12 34 i
1223 322 189 37 Danmark
1433 329 40 28 är
1492 319 212 48 medgifvet.
1747 317 123 37 Såsom
1890 330 108 36 synes

393 386 41 36 af
460 384 298 39 embetsverkens
786 381 240 49 redogörelse,
1056 386 40 28 är
1122 379 13 34 i
1164 376 190 51 Tyskland
1384 373 400 51 utbytesberäkningen
1813 371 186 48 betydligt

393 441 126 48 högre.
549 438 80 36 Den
649 436 40 37 af
705 436 132 48 Kongl.
856 435 105 48 Maj:t
980 432 203 48 föreslagna
1200 428 401 52 utbytesberäkningen
1617 431 124 43 utgör,
1758 424 111 36 såsom
1886 423 113 37 ofvan

394 499 159 38 nämnts,
586 491 61 36 vid
676 489 154 37 utförsel
857 487 41 37 af
923 490 74 34 hela
1025 486 69 36 den
1121 483 148 37 införda
1297 483 226 48 qvantiteten
1552 482 84 43 79,6
1668 484 162 43 procent,
1857 478 69 35 och
1955 476 46 36 då

395 547 119 48 enligt
543 545 196 36 utskottets
767 542 92 49 åsigt
885 544 54 33 ett
966 538 261 51 medgifvande
1256 536 40 36 af
1317 549 43 23 en
1385 537 104 46 lägre
1513 534 309 48 utbytesprocent,
1840 530 53 37 låt
1911 543 90 23 vara

397 599 40 37 af
454 613 46 23 en
519 599 141 35 mindre
680 598 62 35 del
761 595 40 37 af
817 596 69 35 den
905 593 145 37 införda
1069 593 239 47 qvantiteten,
1327 590 117 35 skulle
1464 587 85 36 med
1567 586 69 36 här
1654 587 14 34 i
1686 586 127 35 landet
1827 583 174 51 gällande

395 651 291 50 tullagstiftning
728 650 174 35 innebära
943 661 45 22 en
1029 646 139 48 premie
1202 643 46 50 på
1276 648 133 31 statens
1436 640 213 44 bekostnad,
1679 652 87 23 men
1792 636 210 49 beviljande

400 709 38 34 af
480 708 119 46 någon
640 704 113 37 sådan
794 702 137 49 premie
968 701 79 35 icke
1075 699 103 36 torde
1206 698 68 35 här
1301 697 13 34 i
1340 695 128 36 landet
1496 695 89 35 böra
1612 692 241 49 ifrågasättas,
1881 692 122 35 finner

400 762 55 46 sig
495 760 180 35 utskottet
715 757 81 36 icke
836 756 126 35 kunna
996 752 147 37 förorda
1172 756 54 30 ett
1253 747 259 50 medgifvande
1541 746 40 36 af
1605 747 284 35 tullrestitution
1917 744 87 36 med

401 814 206 47 beräkning
635 810 41 37 af
702 815 55 31 ett
784 811 101 47 lägre
915 808 130 48 utbyte
1075 814 45 27 än
1149 805 62 35 det
1239 801 244 50 nyssnämnda
1514 801 89 35 eller
1629 801 81 42 79,6
1733 804 163 44 procent;
1919 810 85 23 men

402 867 57 45 då,
490 867 117 48 enligt
634 864 98 37 hvad
760 864 101 35 inom
890 861 182 36 utskottet
1099 858 129 37 blifvit
1262 856 159 49 upplyst,
1449 852 263 37 innehafvarne
1730 852 40 36 af
1787 852 44 36 de
1849 851 156 37 svenska

401 916 259 53 risqvarnarne
693 917 189 43 förklarat,
915 917 55 33 att
1002 915 119 47 någon
1155 910 155 37 utförsel
1338 907 40 37 af
1403 908 147 48 risgryn
1578 905 118 36 under
1725 905 127 36 sådant
1879 905 127 36 vilkor

402 969 82 41 icke
526 979 90 30 utan
658 971 135 37 förlust
833 970 73 35 kan
940 980 66 36 ega
1034 979 96 30 rum,
1160 964 70 37 och
1258 969 55 30 att
1341 962 60 35 det
1428 959 61 37 för
1518 972 252 36 qvarnegarne
1798 959 124 36 ställer
1951 958 55 48 sig

403 1026 260 49 förmånligare
706 1030 56 30 att
802 1022 62 36 vid
906 1020 156 36 utförsel
1102 1017 39 37 af
1171 1019 146 46 risgryn
1345 1015 168 47 begagna
1541 1014 53 47 sig
1622 1011 41 36 af
1689 1013 61 35 det
1777 1018 81 38 sätt,
1886 1024 80 24 som
1994 1011 13 34 i

404 1081 58 48 $9
501 1093 111 23 mom.
647 1081 19 34 5
697 1072 499 41 tulltaxeunderrättelserna
1228 1082 52 22 nu
1313 1069 115 35 finnes
1456 1064 248 46 föreskrifvet,
1732 1066 69 35 har
1827 1066 182 35 utskottet

403 1135 126 35 funnit
556 1132 120 48 någon
706 1129 156 48 ändring
889 1128 15 35 i
930 1139 53 22 nu
1012 1123 195 38 bestående
1231 1120 259 38 förhållanden
1508 1120 79 35 icke
1606 1119 90 35 böra
1715 1118 179 49 vidtagas,
1916 1123 92 30 utan

402 1187 224 41 hemställer,

940 1249 70 48 3:0)
1041 1255 54 30 att
1137 1248 133 48 Kongl.
1305 1245 117 48 Maj:ts
1460 1243 279 49 ifrågavarande
1768 1242 239 49 proposition,

833 1303 186 51 angående
1051 1301 208 37 restitution
1287 1298 38 36 af
1352 1299 125 47 erlagd
1506 1297 72 36 tull
1604 1297 63 35 vid
1698 1295 149 37 utförsel
1876 1295 40 36 af
1941 1296 63 35 ris-

832 1371 105 37 gryn,
967 1357 81 35 icke
1070 1358 113 33 måtte
1212 1353 40 36 af
1278 1351 208 48 Riksdagen
1514 1349 164 46 bifallas;
1707 1355 93 31 samt

940 1427 70 48 4:0)
1040 1432 54 31 att
1121 1427 86 35 herr
1236 1424 224 36 Anderssons
1488 1422 148 43 motion,
1656 1421 186 47 angående
1861 1421 144 35 restitu-

833 1484 78 35 tion
940 1483 38 34 af
1006 1480 128 49 erlagd
1162 1479 76 36 tull
1265 1477 62 36 vid
1357 1475 151 37 utförsel
1536 1474 39 37 af
1599 1475 160 48 risgryn,
1787 1474 77 36 icke
1888 1473 117 36 heller

833 1536 113 37 måtte
974 1533 41 37 af
1040 1533 210 48 Riksdagen
1278 1530 156 37 bifallas.

515 1612 179 50 Lydelsen
737 1608 38 38 af
816 1608 17 49 $
877 1610 20 35 9
941 1619 111 23 mom.
1085 1609 20 33 3
1134 1604 13 35 i
1174 1600 496 39 tulltaxeunderrättelserna
1700 1606 40 28 är
1767 1598 238 48 naturligtvis

407 1667 183 37 beroende
630 1664 48 49 på
719 1664 46 36 de
806 1663 130 42 beslut,
966 1659 208 48 Riksdagen
1202 1657 74 34 kan
1304 1657 149 34 komma
1481 1660 53 30 att
1560 1652 95 37 fatta
1683 1653 13 34 i
1724 1653 45 35 de
1798 1652 65 35 här
1890 1650 115 36 ofvan

407 1719 245 38 omförmälda
675 1712 411 48 restitutionsfrågorna,
1106 1712 68 35 och
1194 1710 66 35 bör
1280 1710 98 35 detta
1396 1713 165 31 moment
1581 1707 204 47 uppställas
1805 1705 109 43 olika,
1934 1705 71 34 allt

408 1774 94 37 efter
543 1786 78 24 som
662 1771 135 36 endera
836 1770 91 35 eller
969 1767 118 48 begge
1128 1763 41 36 af
1195 1763 102 36 dessa
1323 1761 124 49 frågor
1474 1762 149 35 komma
1652 1764 57 31 att
1737 1759 146 36 bifallas
1912 1758 93 36 eller

407 1827 122 37 afslås.
583 1823 118 39 Häraf
735 1823 119 48 följer,
891 1823 54 33 att
973 1818 111 49 något
1112 1817 185 37 definitivt
1323 1815 135 47 förslag
1485 1816 59 35 till
1571 1813 202 36 förändrad
1799 1812 138 49 lydelse
1965 1809 42 36 af

408 1881 165 37 nämnda
601 1881 148 46 lagrum
776 1879 13 33 i
817 1877 77 35 dess
920 1873 127 36 helhet
1074 1873 79 35 icke
1182 1871 73 34 kan
1283 1875 198 44 uppgöras,
1511 1868 120 36 förrän
1668 1866 205 48 Riksdagen
1892 1865 112 35 fattat

409 1936 126 36 beslut
574 1935 12 34 i
627 1932 123 42 saken,
777 1944 84 22 men
888 1927 69 37 vill
985 1926 178 37 utskottet
1190 1922 158 37 derefter
1375 1922 60 36 till
1464 1921 208 48 Riksdagen
1700 1920 187 35 inkomma
1916 1916 87 37 med

409 1989 64 35 det
500 1988 138 47 förslag
666 1987 12 34 i
706 1983 156 38 berörda
889 1979 177 46 afseende,
1094 1991 77 25 som
1200 1975 40 37 af
1266 1976 224 48 Riksdagens
1509 1976 120 35 beslut
1648 1973 182 48 betingas;
1860 1971 143 37 hvilket

410 2042 181 36 utskottet

946 2086 69 49 5:0)
1045 2086 57 37 får
1129 2086 55 35 för
1213 2083 206 49 Riksdagen
1447 2083 155 35 anmäla.

521 2164 217 38 Stockholm
767 2163 69 36 den
867 2161 46 36 16
944 2159 95 47 april
1072 2158 110 38 1901.

864 2230 51 37 På
944 2227 419 49 bevillningsutskottets
1391 2230 152 42 vägnar:

1059 2291 44 36 H.
1132 2289 226 38 CAVALLI.
