2208 2624
391 206 20 30 4
839 207 341 37 Bevillningsulskottets
1203 207 185 29 Betänkande
1411 207 57 29 N:o
1494 208 51 28 28.

390 285 166 49 rågmjöl,
599 285 61 36 må
697 299 84 22 man
810 287 151 34 komma
989 285 97 49 ihåg,
1114 291 54 30 att
1195 285 189 41 finsiktadt
1411 286 90 47 mjöl
1529 286 31 47 ej
1591 285 105 35 alltid
1725 286 68 35 och
1821 285 62 35 vid
1911 286 74 35 alla

391 352 158 34 qvarnar
591 339 156 49 betyder
787 339 152 36 alldeles
971 352 141 23 samma
1140 340 77 43 sak;
1242 339 61 36 det
1330 340 74 34 kan
1430 340 42 46 ju
1500 339 140 44 tänkas,
1666 344 55 30 att
1747 339 173 35 finsikten
1948 343 37 32 är

390 392 123 45 sådan,
543 399 56 29 att
627 392 41 36 af
698 394 72 36 100
799 394 60 48 kg.
891 392 78 49 råg,
998 392 154 37 erhålles
1180 392 110 49 något
1318 404 79 24 mer
1426 399 44 28 än
1502 391 100 50 66”/,
1635 392 59 48 kg.
1714 393 99 47 mjöl,
1828 391 54 36 låt
1897 405 89 23 vara

392 444 120 51 71”/,;
552 447 119 48 enligt
712 446 61 36 det
810 447 168 35 normala
1015 447 149 48 utbytet
1192 445 39 36 af
1259 444 99 50 66”/,
1391 446 140 36 lemnas
1559 458 46 23 en
1633 446 287 35 tullrestitution
1948 444 42 36 af

394 502 68 41 5,55
501 501 137 34 kronor
677 512 65 36 per
787 502 73 35 100
890 500 60 48 kg.
981 499 194 36 finsiktadt
1202 499 166 49 rågmjöl.
1419 498 178 50 Utgjorde
1627 500 147 47 utbytet
1804 497 116 51 717/,,
1948 498 38 36 så

391 553 119 36 skulle
555 553 256 36 restitutionen
846 557 132 45 utgöra
1007 554 97 35 blott
1135 556 82 41 5,16,
1246 553 147 36 hvadan
1421 552 70 36 den
1519 553 106 48 ringa
1654 553 206 48 stegringen
1889 554 12 33 i
1930 557 55 31 ut-

390 607 106 48 bytet
536 605 145 37 medför
721 619 44 23 en
804 606 137 37 förlust
978 606 56 37 för
1061 607 202 36 tullverket
1290 605 39 37 af
1356 608 51 36 40
1435 613 61 29 öre
1524 619 44 36 pr
1602 607 73 36 100
1703 607 60 47 kg.
1791 606 99 48 mjöl,
1919 606 68 35 och

392 660 62 35 det
485 660 103 35 torde
617 661 204 48 säkerligen
854 661 32 48 ej
922 673 87 23 vara
1037 661 70 35 lätt
1135 673 61 22 om
1225 672 60 24 ens
1313 660 149 48 möjligt
1489 665 55 30 att
1572 659 47 48 på
1647 672 86 23 vare
1761 660 55 48 sig
1844 659 142 36 kemisk

392 714 92 35 eller
510 714 192 37 mekanisk
725 721 71 42 väg
823 714 210 36 konstatera
1061 713 191 37 skilnaden
1280 715 13 33 i
1321 714 145 47 mjölets
1493 712 262 37 beskaffenhet.
1812 712 88 37 Bäst
1919 712 68 36 och

391 767 139 36 säkrast
557 768 74 34 kan
660 767 70 36 den
757 768 182 48 iakttagas
967 766 40 37 af
1033 768 161 47 köparen
1217 767 62 36 vid
1307 767 271 49 förbakningen
1607 767 61 35 till
1696 767 102 44 bröd,
1820 766 68 36 och
1909 766 77 36 deri

392 821 118 48 ligger
537 820 63 36 det
629 822 159 35 säkraste
818 821 228 36 korrektivet
1074 827 80 29 mot
1181 825 53 31 ett
1262 819 196 37 underslef.

499 873 74 37 Vid
614 875 193 44 sammäld,
849 874 65 36 der
948 874 60 36 det
1035 875 32 48 ej
1099 875 72 35 kan
1205 873 113 37 blifva
1347 875 53 34 tal
1429 887 59 22 om
1516 886 44 23 en
1590 873 163 49 stegring
1781 874 13 33 i
1822 873 163 48 utbytes-

392 934 196 42 procenten
632 936 90 27 utan
750 927 46 49 på
823 928 55 36 sin
906 928 87 48 höjd
1021 941 61 22 om
1111 940 47 23 en
1185 927 245 49 inblandning
1458 926 40 36 af
1523 927 194 48 sädesslag,
1745 939 76 23 som
1850 926 64 36 vid
1942 938 46 23 en

392 981 276 48 undersökning
710 981 82 36 med
834 982 213 47 mikroskop
1090 982 91 35 eller
1219 981 209 48 jemförelse
1456 980 84 36 med
1568 981 258 48 normaltyper
1855 980 133 44 lättare

394 1035 124 35 kunna
560 1035 214 48 upptäckas,
815 1035 107 35 torde
963 1034 105 36 faran
1105 1033 59 36 för
1193 1033 187 36 underslef
1405 1047 89 23 vara
1522 1033 143 36 mindre
1693 1040 45 29 än
1767 1033 62 36 vid
1854 1033 134 36 finsikt.

500 1089 57 34 En
599 1087 162 37 effektiv.
788 1089 164 35 kontroll
993 1086 41 37 af
1073 1087 269 48 förmalningen
1375 1088 13 34 i
1429 1086 130 49 sjelfva
1588 1099 163 35 qvarnen
1779 1099 107 36 synes
1914 1087 78 48 mig

394 1154 90 23 vara
511 1140 214 37 förbunden
752 1141 84 36 med
864 1140 40 37 så
931 1141 211 49 betydande
1170 1140 196 36 kostnader
1394 1141 68 34 och
1484 1140 152 48 'obehag
1663 1139 56 36 för
1738 1140 252 44 tillverkarne,

394 1201 57 29 att
477 1207 44 23 en
549 1200 137 43 export
715 1195 115 35 under
858 1194 136 36 sådana
1021 1195 122 35 vilkor
1171 1197 125 32 nästan
1324 1194 268 49 omöjliggöres,
1620 1194 97 35 helst
1735 1206 77 23 som
1832 1192 159 37 hufvud-

394 1248 320 37 konkurrenterna
740 1248 48 48 på
815 1248 101 36 detta
944 1247 158 45 område,
1131 1247 45 36 de
1203 1247 107 49 tyska
1339 1259 221 36 qvarnarna,
1581 1247 32 47 ej
1639 1254 63 28 äro
1721 1246 270 36 underkastade

395 1314 45 23 en
468 1301 105 49 dylik
602 1301 236 49 betungande
867 1302 286 47 qvarnkontroll
1182 1301 11 35 i
1222 1301 66 35 och
1316 1299 58 37 för
1402 1301 235 47 mjölexport.

501 1354 17 36 I
560 1355 244 36 betraktande
845 1354 43 36 af
913 1354 45 36 de
986 1353 108 38 äfven
1123 1367 45 23 ur
1195 1354 145 36 teknisk
1369 1354 190 49 synpunkt
1588 1359 101 30 stora
1717 1352 273 50 svårigheterna

395 1409 58 35 för
493 1421 44 23 en
579 1407 88 37 fullt
708 1408 250 50 betryggande
1000 1408 282 48 qgvarnkontroll
1310 1408 118 48 ligger
1456 1408 117 47 enligt
1601 1407 85 35 mitt
1713 1406 238 36 förmenande
1979 1407 12 34 i

395 1462 73 35 alla
496 1462 193 36 händelser
717 1462 68 36 den
813 1462 162 36 säkraste
1004 1462 192 48 garantien
1223 1461 12 35 i
1263 1461 257 36 tillverkarens
1548 1460 48 49 på
1623 1460 111 36 heder
1758 1460 68 36 och
1854 1465 58 30 tro
1940 1458 52 37 af-

395 1514 103 49 gifna
539 1524 97 27 samt
677 1515 40 36 af
742 1514 62 37 två
831 1516 102 35 inom
962 1527 163 36 qvarnen
1154 1515 207 48 sysselsatta
1389 1515 67 35 och
1485 1514 84 36 med
1607 1514 173 36 arbetena
1808 1513 188 36 derstädes

395 1568 190 50 förtrogna
613 1581 168 37 personer
810 1569 192 49 bestyrkta
1028 1568 192 36 försäkran
1249 1581 59 22 om
1338 1568 146 48 mjölets
1503 1566 263 45 beskaffenhet,
1787 1566 38 37 så
1843 1567 150 49 mycket

396 1635 89 32 mer,
511 1635 79 24 som
620 1622 126 49 hvarje
774 1621 259 37 tullunderslef
1059 1623 69 35 lätt
1156 1622 210 36 observeras
1394 1623 67 34 och
1490 1621 206 49 säkerligen
1723 1621 32 48 ej
1784 1619 152 49 förtiges
1955 1618 41 37 af

396 1676 44 35 de
481 1677 11 34 i
534 1688 167 36 qvarnen
743 1675 164 36 anstälde
936 1676 201 35 arbetarne.
1193 1675 63 35 Ett
1284 1673 191 38 underslef
1500 1675 233 43 härutinnan,
1761 1686 79 23 som
1869 1672 123 37 blefve

396 1729 148 44 bekant,
587 1729 145 36 medför
772 1730 31 47 ej
847 1730 155 34 allenast
1044 1727 243 50 straffpåföljd
1331 1728 116 49 enligt
1479 1729 72 48 lag,
1583 1734 90 30 utan
1701 1728 73 35 blir
1802 1725 110 38 äfven
1939 1732 53 30 ett

396 1782 164 44 känbart,
584 1783 41 47 ja
653 1783 136 35 kanske
816 1781 211 37 förintande
1054 1783 82 48 slag
1163 1781 57 36 för
1248 1782 70 36 den
1347 1794 149 36 persons
1524 1782 84 35 hela
1636 1780 357 43 affärsverksamhet,

397 1848 78 23 som
515 1835 93 36 låter
649 1835 112 49 något
800 1835 131 36 sådant
972 1837 149 35 komma
1165 1836 55 48 sig
1242 1836 57 34 till
1328 1836 80 35 last.
1462 1835 138 37 Risken
1628 1839 39 32 är
1695 1835 68 35 allt
1790 1833 58 36 för
1876 1840 77 29 stor
1980 1834 12 34 i

395 1888 230 37 förhållande
653 1890 60 35 till
741 1889 71 36 den
840 1890 239 35 ekonomiska
1107 1889 143 35 vinsten
1279 1887 41 37 af
1345 1894 54 30 ett
1426 1888 202 49 bedrägeri.

503 1941 54 37 Ur
585 1943 45 36 de
660 1943 242 49 synpunkter,
928 1943 64 48 jag
1021 1943 66 35 här
1115 1943 81 35 sökt
1223 1949 86 42 göra
1328 1942 184 49 gällande,
1530 1946 79 32 tror
1624 1943 66 47 jag
1708 1940 147 44 således,
1876 1945 52 32 att
1949 1953 44 23 en

396 1997 285 35 tullrestitution
723 1997 65 35 bör
822 1997 126 35 kunna
975 1994 205 51 medgifvas
1207 1995 63 37 vid
1299 2001 133 42 export
1459 1995 41 36 af
1524 1995 283 36 sammanmalet
1834 1993 160 49 rågmjöl

396 2049 116 37 under
539 2051 260 47 förutsättning
826 2053 56 33 att
910 2050 148 49 utbytet
1078 2050 216 35 bestämmes
1312 2050 58 35 till
1397 2049 96 48 lägst
1523 2050 47 36 98
1601 2049 60 48 kg.
1690 2049 90 47 mjöl
1808 2053 79 30 mot
1918 2049 76 35 100

397 2103 62 49 kg.
506 2102 75 49 råg,
622 2108 90 32 samt
751 2108 48 32 att
839 2102 59 37 för
940 2103 104 49 dylik
1086 2108 133 42 export
1260 2103 95 35 helst
1397 2102 88 36 böra
1513 2101 200 37 fastställas
1740 2102 12 35 i
1781 2099 213 46 hufvudsak

398 2169 140 23 samma
578 2157 124 36 vilkor
744 2157 67 36 och
850 2157 173 44 kontroll,
1053 2169 79 23 som
1160 2154 57 37 för
1245 2156 228 36 närvarande
1501 2156 98 49 gälla
1628 2154 58 37 för
1702 2154 226 49 åtnjutande
1956 2155 39 34 af

397 2210 285 36 tullrestitution
710 2211 63 36 vid
801 2216 133 43 export
962 2209 41 37 af
1028 2209 189 40 finsiktadt
1244 2208 190 51 rågmjöl.»
