2208 2626
442 225 40 30 10
896 232 9 20 :
920 220 323 46 Bevillningsutskottets
1262 220 188 46 Betänkande
1463 224 65 29 'N:o
1540 225 62 28 28.

425 306 171 36 «beslutet
619 303 127 37 ;måtte
773 305 125 35 vinna
936 304 234 49 tillämpning
1198 308 153 31 :snarast
1376 303 147 48 möjligt
1550 302 68 36 och
1635 301 93 36 'från
1757 301 66 36 och
1853 301 83 36 med
1962 301 69 35 den

438 359 83 49 dag,
537 358 218 49 "Riksdagen
784 358 161 47 "behagar
970 358 210 35 bestämma.

547 412 15 35 I
592 412 290 48 ;motiveringen,
926 411 151 36 hvilken
1119 412 12 34 i
1173 411 115 48 begge
1329 411 227 35 motionerna
1581 416 43 28 är
1652 408 39 36 af
1718 407 313 49 hufvudsakligen

441 467 81 35 lika
564 465 149 49 lydelse,
755 464 222 44 framhålles,
1021 470 53 30 att
1110 464 46 36 då
1179 465 63 35 vid
1266 469 126 43 export
1415 462 261 37 af:finsiktadt
1704 463 88 46 mjöl
1822 462 209 35 restitution

426 520 132 48 .enligt
593 518 179 41 särskilda
813 519 162 48 grunder
999 517 212 50 medgåfves
1235 517 52 36 :af
1327 518 67 35 den
1424 518 86 44 tull,
1541 529 75 23 som
1646 516 60 35 vid
1736 528 130 23 varans
1894 516 139 47 import

441 574 12 35 i
482 574 137 35 -omalet
646 571 165 37 tillstånd
840 571 128 39 blifvit
996 572 138 48 erlagd,
1163 572 113 36 borde
1304 571 116 36 sågom
1449 583 45 23 en
1522 570 162 48 naturlig
1712 569 92 48 följd
1824 569 208 36 restitution

441 626 157 37 erhållas
623 627 64 34 vid
715 631 133 43 export
875 625 108 36 äfven
1014 627 38 35 af
1076 625 280 36 sammanmalet
1388 624 167 49 rågmjöl,
1584 623 187 36 allrahelst
1799 636 77 22 som
1906 622 61 35 det
1996 621 39 36 af

436 680 300 37 embetsverkens
763 680 198 47 ;utredning
984 678 219 50 framginge,
1233 684 55 30 att
1304 678 263 49 betryggande
1596 678 164 34 kontroll
1789 682 87 30 utan
1901 675 131 48 svårig-

427 735 77 35 ;het
535 734 112 35 kunde
667 732 422 44 ,åstadkommas,
993 726 99 56 samt
1115 746 45 22 en
1189 732 110 36 sådan
1327 732 206 35 restitution
1562 731 108 35 sedan
1700 731 107 47 länge
1836 743 86 22 vore
1938 730 95 34 med-

440 787 125 50 gifven
590 786 91 38 både
708 788 12 34 i
750 786 120 49 Norge
898 787 67 36 och
993 788 13 34 i
1035 786 204 49 Tyskland;
1258 786 214 47 hvarjemte
1486 784 237 43 framhållits,
1751 789 53 30 att
1831 782 203 49 afsättning

441 840 41 37 af
503 841 281 36 sammanmealet
815 840 160 49 rågmjöl
1004 841 130 43 skulle,
1165 840 117 35 under
1309 838 265 48 förutsättning
1602 843 55 30 att
1684 838 207 35 restitution
1921 837 112 35 bevil-

437 895 115 48 jades,
581 896 125 34 kunna
733 893 154 37 erhållas
907 894 172 36 särskildt
1105 895 13 34 i
1145 893 166 36 Finland.

540 1000 65 37 Då
645 1001 180 36 utskottet
862 1005 119 31 ansett
1017 1000 136 47 nödigt
1191 1005 59 30 att
1272 998 137 37 erhålla
1438 998 199 48 utredning
1665 1010 72 31 om,
1767 996 112 36 bland
1909 1001 123 39 annat,

442 1056 162 36 vilkoren
626 1056 78 36 «och
735 1046 109 59 sättet
865 1055 62 35 för
956 1052 258 49 medgifvande
1241 1052 43 36 af
1308 1053 70 35 den
1393 1051 214 49 ifrågasatta
1631 1051 267 43 restitutionen,
1919 1050 115 36 under

443 1109 261 47 förutsättning
746 1110 55 33 att
841 1108 232 35 statsverkets
1104 1112 74 30 rätt
1207 1106 125 36 dervid
1360 1105 116 36 måtte
1505 1105 280 47 vederbörligen
1814 1104 119 35 blifva
1961 1104 72 35 -till-

443 1162 195 50 godosedd,
667 1163 68 34 har
763 1161 191 44 utskottet,
979 1160 116 36 under
1123 1160 146 35 erinran
1299 1173 59 22 om
1387 1159 63 35 det
1478 1158 40 35 af
1549 1158 388 48 kommerskollegium
1966 1158 67 34 och

432 1215 403 49 .generaltullstyrelsen
870 1214 69 37 den
970 1216 55 35 :10
1044 1226 104 23 .mars
1182 1215 98 35 1898
1309 1212 152 49 afgifna,
1490 1214 67 33 här
1585 1210 111 37 dfvan
1725 1212 150 47 intagna
1904 1212 130 34 under-

445 1270 132 48 dåniga
619 1268 197 45 utlåtande,
849 1267 152 36 anhållit.
1024 1280 58 23 om
1111 1267 227 35 utverkande
1366 1264 40 37 af
1429 1266 132 47 Kongl.
1587 1265 125 48 Maj:ts
1742 1264 205 49 befallning
1975 1265 60 34 till

445 1337 141 23 samma
627 1322 231 37 embetsverk
886 1324 55 33 att
969 1322 60 35 till
1058 1322 178 34 utskottet
1263 1321 186 34 inkomma
1476 1319 83 36 med
1589 1318 110 36 sådan
1729 1318 210 49 utredning;
1969 1318 66 35 och

445 1378 114 35 hafva
587 1377 11 35 i
627 1376 199 48 anledning
853 1374 108 36 häraf
982 1374 274 37 embetsverken
1286 1375 58 34 till
1373 1374 178 35 utskottet
1578 1373 196 34 inkommit
1792 1372 80 35 med
1895 1375 53 32 ett
1967 1371 68 35 den

451 1434 43 35 15
523 1443 102 27 mars
646 1432 104 35 11901
782 1428 246 50 dagtecknadt
1055 1427 199 45 utlåtande,
1278 1427 75 36 deri
1381 1427 272 36 embetsverken
1682 1428 135 38 anfört,
1846 1431 53 30 att
1924 1425 111 36 sedan

435 1484 250 38 sförenämnda
705 1482 197 37 utlåtande
926 1483 37 35 af
991 1482 68 36 den
1087 1483 51 36 10
1168 1494 98 23 mars
1298 1483 97 35 1898
1426 1479 177 49 afgifvits,
1624 1480 80 36 icke
1724 1478 111 48 något
1853 1478 183 37 förekom-

446 1540 81 43 mit,
555 1551 76 25 som
658 1537 126 36 kunde
813 1535 98 50 gifva
941 1536 196 47 .anledning
1165 1536 61 34 till
1254 1535 112 35 andra
1393 1534 273 36 bestämmelser
1695 1532 57 36 för
1781 1531 256 49 medgifvande

435 1592 54 36 af
514 1592 69 36 den
611 1590 213 50 ifrågasatta
852 1590 255 35 restitutionen
1134 1596 47 28 än
1210 1589 94 44 dem,
1332 1601 78 22 som
1439 1589 117 34 finnas
1575 1588 10 34 i
1607 1587 225 35 sistnämnda
1849 1585 189 37 utlåtande

437 1645 174 49 .angifna,
643 1645 82 35 -och
754 1648 69 32 satt
846 1644 68 35 «till
962 1642 90 49 följd
1094 1641 107 36 häraf
1238 1642 280 36 embetsverken
1546 1640 228 36 fortfarande
1804 1640 141 48 ansåge,
1975 1645 64 38 att,

449 1700 121 36 derest
611 1699 207 48 Riksdagen
855 1698 135 35 beslöte
1020 1699 53 33 att
1109 1696 104 49 dylik
1255 1696 211 36 restitution
1506 1695 96 48 finge
1630 1694 172 49 åtnjutas,
1827 1694 212 36 densamma

447 1753 107 36 torde
595 1752 79 36 med
715 1751 287 49 tillgodoseende
1032 1751 37 35 af
1096 1750 232 36 statsverkets
1357 1754 75 30 rätt
1460 1749 125 35 kunna
1613 1746 207 50 medgifvas
1850 1747 117 36 under
1996 1747 43 35 de

448 1807 122 36 vilkor
604 1806 72 38 och
721 1804 47 50 på
796 1808 79 41 sätt,
920 1817 80 23 som
1020 1804 20 34 i
1061 1803 214 36 utlåtandet
1301 1802 40 36 af
1366 1803 69 35 den
1471 1804 45 35 10
1545 1814 97 23 mars
1675 1803 99 36 1898
1803 1800 131 37 funnes
1962 1807 78 29 när-

438 1873 107 27 mare
573 1858 252 38 omförmälda.

558 1913 164 37 Rörande
761 1912 69 36 den
873 1912 10 34 i
927 1911 187 49 Tysklard
1157 1910 171 48 gällande
1370 1908 278 50 lagstiftningen
1683 1921 61 23 om
1774 1909 44 34 de
1845 1907 196 45 förmåner,

450 1981 80 24 som
557 1967 159 49 åtnjutas
744 1966 60 36 vid
827 1964 162 37 utförsel
1018 1963 40 37 af
1083 1963 164 50 spanmål
1274 1964 91 35 eller
1394 1963 204 48 produkter
1626 1961 115 44 deraf,
1775 1960 55 37 får
1862 1962 181 35 utskottet

442 2021 175 37 meddela
638 2019 168 50 följande
834 2019 273 49 upplysningar.

558 2074 229 36 Hithörande
824 2073 272 35 bestämmelser
1136 2070 197 37 innefattas
1365 2070 12 34 i
1406 2069 159 45 »Gesetz,
1595 2068 203 37 betreffend
1827 2068 57 36 die
1913 2067 129 38 Abän-

451 2129 143 47 derung
634 2128 62 36 des
737 2125 325 49 Zolltarifgesetzes
1100 2138 85 22 vom
1234 2127 43 35 15
1308 2123 78 37 Juli
1421 2125 121 36 1879»
1571 2121 39 36 af
1636 2123 69 35 den
1738 2123 45 35 14
1814 2123 94 47 april
1942 2124 99 35 1894

444 2184 103 35 samt
567 2182 10 34 i
588 2182 200 47 Regulativ
807 2179 58 39 för
880 2178 344 38 »Getreidemählen
1240 2178 74 36 und
1329 2177 234 36 Mälzereien»
1592 2175 39 36 af
1653 2176 70 35 den
1758 2178 43 34 15
1824 2188 96 23 mars
1946 2176 97 36 1900

452 2236 69 36 och
562 2235 250 47 »Ållgemeine
854 2232 552 50 Ausfilhrungsbestimmungen
1445 2244 43 22 zu
1529 2230 20 48 $
1585 2231 19 33 7
1640 2228 108 37 Ziffer
1781 2232 14 34 1
1829 2229 75 36 und
1931 2231 21 34 3
1984 2228 61 35 des

446 2287 364 49 Zolltarifgesetzes».
854 2286 275 50 Ifrågawarande
1142 2284 267 48 författningar
1419 2284 189 35 innehålla
1622 2284 10 33 i
1648 2282 211 38 hufvudsak
1874 2281 171 49 följande.
