2188 2640
670 193 324 37 Bevillmngsutskottets
1016 193 194 30 Betänkande
1232 194 56 29 N:o
1313 194 53 29 28.
1783 192 41 31 33

802 593 446 39 Reservationer:

320 701 65 36 vid
410 702 150 47 punkten
589 703 71 34 I1:o:

320 807 42 36 af
387 809 85 36 herr
499 810 229 46 Bergendahl,
757 820 79 24 som
866 806 136 37 anfört:

318 861 194 38 »Sistlidne
553 862 183 48 Riksdags
764 861 370 49 bevillningsutskott
1172 859 151 38 anförde
1353 861 56 36 uti
1451 860 77 37 dess
1558 861 258 36 betänkanden

212 928 58 24 n:o
312 918 22 35 8
375 914 116 38 såsom
533 916 119 36 motiv
693 914 56 37 för
790 913 121 50 afslag
944 913 21 37 å
993 915 86 35 herr
1121 904 210 47 Åkerlunds
1369 913 47 37 då
1443 915 133 36 väckta
1608 915 140 36 motion
1777 914 41 37 af

212 982 138 24 samma
378 969 178 36 innebörd
586 982 79 23 som
690 981 50 23 nu
768 967 251 50 föreliggande
1047 969 182 35 motioner
1255 966 181 51 följande:

317 1021 96 39 »ÖOm
456 1029 44 29 än
534 1035 133 37 genom
697 1022 70 36 den
795 1021 209 50 föreslagna
1030 1022 259 36 restitutionen
1318 1020 42 37 af
1386 1022 125 49 erlagd
1539 1020 185 51 tullafgift
1750 1022 64 36 vid

212 1078 153 35 utförsel
394 1075 42 37 af
461 1077 282 36 sammanmalet
771 1075 158 49 rågmjöl
957 1074 120 50 någon
1105 1074 119 38 fördel
1252 1076 177 49 möjligen
1458 1076 122 36 skulle
1610 1076 125 35 kunna
1753 1076 61 36 be-

210 1131 104 36 redas
356 1131 70 36 den
463 1131 154 35 svenska
650 1130 330 48 qvarnindustrien,
1021 1129 46 36 då
1096 1129 71 36 den
1196 1129 184 37 bedrifves
1410 1131 46 48 på
1488 1134 107 41 orter,
1626 1128 187 38 hvarifrån

211 1183 156 37 utförsel
409 1185 74 35 kan
524 1197 67 36 ega
635 1197 97 31 rum,
775 1196 107 23 anser
923 1183 56 48 sig
1019 1183 93 35 dock
1141 1183 178 36 utskottet
1361 1183 86 36 med
1475 1183 201 48 anledning
1703 1182 41 37 af
1768 1183 44 36 de

209 1238 248 48 olägenheter,
498 1250 78 23 som
611 1237 232 48 rubbningar
885 1236 12 35 i
925 1249 52 22 nu
1005 1236 174 49 gällande
1207 1235 291 50 tullagstiftning
1525 1237 157 35 rörande
1710 1249 103 36 span-

209 1291 75 36 mål
312 1292 129 35 kunna
469 1290 178 45 medföra,
678 1291 79 35 icke
787 1291 90 34 böra
905 1290 187 49 tillstyrka
1122 1288 106 37 bifall
1255 1290 61 35 till
1340 1289 276 49 ifrågavarande
1645 1288 166 50 förslag.»

315 1344 142 36 Härom
497 1343 175 37 förenade
711 1344 53 48 sig
805 1343 180 49 enhälligt
1018 1343 191 45 utskottet,
1236 1343 68 36 och
1333 1342 127 37 bifölls
1487 1343 199 36 utskottets
1715 1343 97 35 hem-

208 1399 136 35 ställan
387 1411 62 22 om
489 1396 118 50 afslag
636 1396 41 37 af
702 1396 94 37 båda
824 1397 203 35 kamrarne.
1083 1395 58 37 Då
1169 1396 107 37 sedan
1306 1396 91 45 dess,
1426 1397 115 49 enligt
1569 1397 87 35 mitt
1684 1395 127 38 förme-

209 1451 131 44 nande,
383 1453 89 48 inga
512 1450 217 37 förändrade
768 1449 253 37 förhållanden
1049 1449 167 37 inträffat
1243 1450 68 36 och
1341 1451 32 48 ej
1403 1450 118 36 heller
1549 1449 146 46 sådana,
1724 1463 87 23 vare

208 1506 56 49 sig
292 1504 41 37 af
358 1507 273 34 motionärerna
659 1505 91 36 eller
776 1504 183 36 utskottet
986 1502 187 51 angifvits,
1192 1503 191 37 fasthåller
1399 1505 65 48 jag
1483 1504 70 36 den
1573 1503 237 49 ståndpunkt,

204 1560 66 48 jag
311 1559 60 35 till
401 1558 128 50 frågan
558 1558 103 37 förut
688 1558 143 49 intagit.
890 1558 126 36 Redan
1044 1570 134 36 genom
1208 1557 68 36 den
1304 1558 215 36 nuvarande
1548 1558 262 48 proportionen

209 1612 22 36 å
270 1613 235 35 tullsatserna
546 1613 139 35 mellan
727 1612 123 35 malen
891 1611 68 35 och
1001 1612 148 35 omalen
1192 1610 168 49 spanmål
1388 1612 68 35 har
1484 1611 326 48 qvarnindustrien

208 1665 152 37 erhållit
388 1671 54 30 ett
469 1679 77 23 mer
575 1673 46 28 än
650 1665 224 47 tillräckligt
902 1664 127 48 skydd.
1087 1664 88 36 Skäl
1203 1664 196 37 förefinnes
1427 1665 107 35 alltså
1563 1665 32 47 ej
1626 1667 55 33 att
1698 1670 112 43 ytter-

209 1720 115 47 ligare
352 1720 73 34 öka
454 1719 110 44 detta,
595 1731 79 23 som
702 1717 158 48 ensidigt
889 1717 118 36 skulle
1035 1730 125 36 gynna
1189 1717 43 36 de
1260 1725 115 28 större
1403 1718 62 35 vid
1495 1718 131 35 kusten
1655 1718 156 48 belägna

209 1772 351 49 bolagsqvarnarne,
587 1772 146 36 hvilket
759 1771 122 35 skulle
911 1769 118 37 blifva
1058 1769 140 50 följden
1227 1772 66 34 och
1322 1771 140 48 tydligt
1488 1770 167 49 framgår
1683 1769 39 36 af
1747 1770 63 36 det

209 1825 251 37 betänkandet
486 1823 155 51 åtföljda
661 1836 272 38 gemensamma
957 1824 209 35 uttalandet
1186 1823 39 36 af
1250 1824 126 49 kongl.
1413 1823 395 49 kommerskollegium

208 1879 68 36 och
305 1879 126 49 kongl.
461 1878 411 50 generaltullstyrelsen.

314 1931 131 38 Skulle
484 1945 50 23 nu
575 1933 207 47 föreslagna
823 1931 211 35 restitution
1077 1931 153 48 beviljas
1270 1930 103 36 dessa
1402 1931 258 48 kustqvarnar,
1688 1929 120 38 blefve

209 1984 174 49 gifvetvis
426 1992 181 29 närmaste
650 1984 135 49 följden
823 1997 45 23 en
912 1990 45 29 än
997 1983 157 37 hårdare
1183 1984 230 35 konkurrens
1441 1985 158 35 emellan
1628 1984 83 36 dem
1739 1985 69 35 och

208 2039 94 36 inuti
330 2039 128 35 landet
489 2040 158 48 belägna
675 2038 143 36 mindre
847 2037 326 48 handelsqvarnar,
1198 2037 127 36 hvilka
1355 2036 46 36 då
1430 2038 116 35 skulle
1575 2037 150 35 komma
1753 2040 55 33 att

209 2091 79 36 föra
330 2104 46 23 en
418 2092 160 48 tynande
619 2092 147 36 tillvaro
808 2090 61 35 till
903 2090 111 35 skada
1042 2089 59 36 för
1129 2089 69 36 den
1227 2090 143 35 mindre
1400 2090 301 43 landtbrukaren,
1728 2102 79 24 som

209 2158 51 22 nu
288 2145 64 35 vid
382 2144 330 48 hemortsqvarnen
740 2143 46 49 på
814 2142 233 50 lämpligaste
1076 2145 71 32 sätt
1174 2143 71 35 kan
1274 2141 133 37 afsätta
1436 2143 55 35 sin
1518 2142 180 53 spanmål.

315 2197 74 49 Jag
417 2197 135 36 tillåter
580 2198 78 48 mig
685 2196 123 37 derför
837 2195 204 44 hemställa,
1079 2201 53 30 att
1160 2195 125 36 herrar
1313 2195 159 36 Westers
1499 2196 68 35 och
1596 2195 212 37 Åkerlunds

209 2250 280 51 ifrågavarande
518 2251 180 35 motioner
725 2250 79 36 icke
833 2248 115 36 måtte
976 2248 112 36 vinna
1117 2248 226 49 Riksdagens
1370 2247 154 45 bifall.»;

298 2315 68 29 Bih.
394 2315 46 28 till
463 2315 98 28 Riksd.
588 2315 80 28 Prot.
696 2315 83 28 1901.
829 2315 19 27 5
875 2312 94 30 Saml.
1018 2314 13 26 1
1056 2312 70 37 Afd.
1175 2313 40 28 24
1241 2312 83 37 Ilaft.
1376 2313 71 33 (N:o
1470 2314 68 33 28)
1741 2310 18 31 d
