1876 2774
226 181 19 30 2
520 179 122 39 Tredje
663 179 245 40 lagutskottets
929 181 177 30 utlåtande
1126 191 42 19 nr
1190 183 14 29 1
1225 183 39 29 år
1285 184 83 29 1964

895 476 144 44 Förslag

937 543 52 31 till

855 618 219 44 Förordning

249 697 59 21 om
327 686 136 34 ändrad
483 687 128 43 lydelse
632 699 45 21 av
698 689 43 32 11
759 689 22 42 8
799 689 20 32 1
837 689 68 33 och
921 690 22 32 2
959 701 110 22 mom.
1085 690 255 44 förordningen
1356 691 69 34 den
1440 692 45 33 22
1499 693 82 42 juni
1594 692 91 33 1934

301 758 61 44 (nr
377 758 87 45 320)
482 758 182 42 angående
679 759 153 43 grunder
847 760 60 33 för
921 760 267 45 förvaltningen
1202 774 46 21 av
1262 763 72 33 viss
1349 762 290 45 kronoegendom

269 860 211 40 Härigenom
503 861 195 36 förordnas,
721 864 52 28 att
797 863 37 29 11
860 863 15 37 $
904 864 13 28 1
943 864 65 29 och
1029 864 18 30 2
1070 874 105 20 mom.
1200 865 251 40 förordningen
1474 866 67 30 den
1564 867 40 30 22
1627 867 79 39 juni

227 903 82 31 1934
330 905 179 39 angående
531 907 151 38 grunder
704 906 53 30 för
781 907 258 41 förvaltningen
1060 918 42 20 av
1123 909 70 30 viss
1215 910 297 39 kronoegendom!
1535 911 99 30 skola
1656 921 50 20 er-

224 948 94 30 hålla
336 949 136 30 ändrad
491 950 129 39 lydelse
639 951 45 39 på
704 951 69 30 sätt
792 952 114 30 nedan
927 953 149 39 angives.

401 1046 186 35 (Gällande
611 1048 147 39 lydelse)

1154 1052 226 39 (Föreslagen
1397 1052 147 39 lydelse)

918 1129 37 30 11
983 1129 29 38 8.

271 1179 14 28 1
314 1187 126 21 mom.
470 1180 139 40 Uppgår
635 1182 303 40 arrendeavgiften

224 1222 52 30 till
296 1223 108 31 minst
428 1224 159 30 tvåtusen
610 1225 139 35 kronor,
773 1227 89 29 skall
885 1227 54 30 så-

225 1276 74 21 som
317 1268 164 32 säkerhet
499 1268 55 30 för
572 1269 235 41 fullgörandet
825 1281 42 20 av
884 1281 54 20 ar-

224 1312 278 31 rendevillkoren
531 1314 55 29 för
614 1324 42 20 en
682 1315 51 30 tid
761 1325 42 20 av
829 1316 108 30 minst

224 1356 70 29 fem
309 1356 48 34 år,
372 1357 118 30 därest
505 1359 161 30 arrendet
683 1359 88 30 skall
787 1360 151 30 fortfara

224 1400 38 30 så
276 1401 108 39 länge,
400 1402 66 29 och
480 1403 102 39 högst
597 1403 72 30 åtta
683 1404 38 29 år
735 1413 83 21 vara
833 1405 104 29 ställd

223 1445 127 40 borgen
379 1455 43 20 av
450 1447 57 29 två
534 1447 83 30 eller
645 1447 87 31 flera
760 1458 177 29 personer,

223 1489 94 30 vilka
337 1490 108 40 borga
468 1500 43 21 en
535 1491 55 30 för
612 1492 68 29 alla
703 1493 65 29 och
790 1494 68 29 alla
881 1493 56 30 för

223 1543 42 20 en
283 1534 114 30 såsom
413 1535 56 30 för
484 1543 84 32 egen
585 1536 103 30 skuld
705 1537 52 30 till
774 1538 79 30 dess
870 1538 66 29 full

223 1578 176 41 betalning
422 1580 93 30 skett
536 1581 65 29 och
621 1581 114 30 vilkas
754 1582 183 30 vederhäf-

223 1623 107 39 tighet
346 1624 38 29 är
401 1625 115 38 styrkt
532 1634 42 20 av
588 1625 249 40 länsstyrelsen
853 1627 84 29 eller

223 1667 181 35 domaren;
431 1669 134 39 ägande
591 1670 125 39 Kungl.
743 1671 105 39 Maj:t
872 1671 65 29 lik-

223 1712 64 33 väl,
307 1712 43 30 då
370 1713 175 30 särskilda
566 1713 75 31 skäl
662 1714 116 31 därtill
799 1715 138 40 förelig-

223 1763 51 32 ga,
300 1757 168 39 medgiva,
497 1760 50 27 att
574 1759 205 30 arrendator
805 1760 131 30 befrias

223 1800 78 30 från
329 1801 243 40 skyldigheten
599 1804 49 29 att
677 1803 114 30 såsom
819 1805 117 29 säker-

221 1845 59 29 het
303 1845 55 30 för
381 1846 339 32 arrendevillkorens
745 1848 191 40 fullgöran-

222 1889 41 29 de
303 1890 102 30 ställa
448 1890 109 30 sådan
599 1891 129 40 borgen
771 1901 74 21 som
886 1902 48 21 nu

223 1934 149 30 nämnts.

1041 1184 13 28 1
1082 1193 129 21 mom.
1239 1185 140 39 Uppgår
1405 1186 303 40 arrendeavgiften

994 1228 51 29 till
1067 1228 108 30 minst
1198 1230 155 29 tretusen
1376 1230 142 34 kronor,
1542 1230 89 31 skall
1655 1231 53 30 så-

995 1281 73 21 som
1087 1273 162 30 säkerhet
1267 1273 56 30 för
1340 1274 236 40 fullgörandet
1595 1285 43 20 av
1655 1285 54 20 ar-

994 1317 277 31 rendevillkoren
1300 1318 55 30 för
1382 1328 43 21 en
1452 1319 51 30 tid
1530 1329 43 20 av
1599 1320 109 30 minst

995 1361 69 30 fem
1090 1361 49 35 år,
1161 1363 124 38 därest
1313 1364 163 29 arrendet
1505 1364 89 30 skall
1623 1364 85 30 fort-

995 1406 76 29 fara
1090 1407 37 29 så
1146 1407 111 39 länge,
1275 1407 66 30 och
1358 1408 102 40 högst
1478 1408 73 30 åtta
1568 1408 39 30 år
1624 1418 83 21 vara

995 1451 102 29 ställd
1119 1451 129 40 borgen
1271 1461 42 20 av
1334 1452 58 30 två
1415 1453 83 29 eller
1521 1453 88 30 flera
1632 1462 75 31 per-

995 1503 110 25 soner,
1132 1496 95 29 vilka
1255 1496 106 40 borga
1390 1506 42 21 en
1462 1497 54 29 för
1546 1498 68 29 alla
1642 1498 65 30 och

994 1539 67 29 alla
1079 1539 55 30 för
1152 1549 43 20 en
1215 1540 116 30 såsom
1351 1540 55 30 för
1425 1549 84 31 egen
1530 1542 103 30 skuld
1653 1542 53 30 till

993 1584 78 29 dess
1097 1584 65 29 full
1186 1584 179 41 betalning
1390 1586 92 30 skett
1506 1586 65 30 och
1593 1586 114 31 vilkas

993 1628 276 40 vederhäftighet
1292 1630 40 29 är
1355 1630 113 39 styrkt
1493 1640 42 20 av
1558 1631 149 40 länssty-

993 1672 112 30 relsen
1123 1673 83 30 eller
1224 1673 183 36 domaren;
1429 1675 133 39 ägande
1580 1676 126 39 Kungl.

993 1716 104 40 Maj:t
1113 1717 118 34 likväl,
1247 1718 44 30 då
1306 1719 175 30 särskilda
1497 1719 76 30 skäl
1588 1720 118 30 därtill

993 1760 176 41 föreligga,
1184 1762 170 40 medgiva,
1367 1765 51 29 att
1432 1764 204 30 arrendator
1650 1764 56 30 be-

993 1805 85 30 frias
1112 1806 80 30 från
1226 1806 243 41 skyldigheten
1505 1810 50 28 att
1590 1808 115 30 såsom

993 1850 161 30 säkerhet
1181 1850 54 30 för
1261 1852 338 31 arrendevillkorens
1625 1853 81 30 full-

992 1894 150 39 görande
1162 1895 102 30 ställa
1285 1896 108 30 sådan
1413 1896 129 40 borgen
1563 1906 74 21 som
1656 1907 49 20 nu

992 1939 151 30 nämnts.

266 1978 225 35 Arrendator,
509 1988 74 21 som
599 1998 44 3 —
656 1998 44 3 —
714 1999 44 3 —
773 1983 51 28 tre
842 1981 58 31 års
917 1983 267 39 arrendeavgift.

265 2031 106 30 Minst
388 2033 50 28 ett
454 2050 45 3 —
513 2051 44 3 —
572 2051 44 3 —
633 2033 11 29 i
662 2035 362 30 arrendekontraktet.

266 2085 18 29 2
315 2094 127 20 mom.
475 2086 224 40 Understiger
729 2088 206 30 arrendeav-

221 2128 109 39 giften
361 2129 162 30 tvåtusen
555 2131 141 34 kronor,
728 2132 207 31 ankommer

221 2172 56 30 det
305 2173 44 39 på
378 2174 320 41 domänstyrelsens
728 2177 205 39 avgörande,

220 2226 57 20 om
299 2218 162 30 säkerhet
483 2219 56 29 för
559 2219 236 40 fullgörandet
816 2231 43 20 av
881 2231 53 20 ar-

216 2261 278 31 rendevillkoren
511 2264 88 29 skall
615 2264 119 31 ställas
750 2265 82 30 eller
846 2266 87 29 icke.

1036 2090 17 29 2
1085 2099 126 20 mom.
1245 2091 225 40 Understiger
1501 2092 204 31 arrendeav-

992 2134 106 39 giften
1134 2136 154 28 tretusen
1322 2136 141 34 kronor,
1499 2136 206 31 ankommer

991 2178 56 30 det
1075 2179 44 38 på
1148 2179 321 40 domänstyrelsens
1498 2181 205 39 avgörande,

990 2231 56 20 om
1069 2223 162 30 säkerhet
1253 2224 54 29 för
1330 2224 235 40 fullgörandet
1587 2235 43 20 av
1651 2236 54 20 ar-

988 2267 276 30 rendevillkoren
1281 2269 88 29 skall
1385 2270 120 29 ställas
1520 2270 82 29 eller
1617 2270 86 30 icke.

263 2360 121 30 Denna
405 2360 207 41 förordning
632 2361 117 31 träder
768 2363 13 29 i
800 2363 97 30 kraft
918 2364 111 39 dagen
1050 2364 87 30 efter
1158 2365 77 34 den,
1257 2366 44 30 då
1322 2366 252 40 förordningen
1594 2368 106 38 enligt

219 2403 84 31 därå
319 2404 184 31 meddelad
520 2406 139 39 uppgift
675 2406 189 31 utkommit
881 2408 81 29 från
978 2408 134 40 trycket
1129 2409 10 30 i
1159 2409 131 30 Svensk
1308 2409 392 42 författningssamling.

255 2513 8 13 1
284 2513 111 24 Senaste
415 2514 112 30 lydelse,
547 2521 28 17 se
593 2515 60 24 SFS
674 2516 75 23 1959:
762 2516 41 23 28.
