1912 2814
628 165 232 33 Statsutskottets
883 169 148 28 utlåtande
1055 171 47 27 Nr
1125 169 47 32 87.
1635 177 6 30 |

819 479 60 39 Nr
910 480 63 41 87.

554 591 121 30 Ankom
700 595 48 27 till
773 596 187 37 riksdagens
986 599 103 28 kansli
1114 601 61 28 den
1200 602 39 28 30
1263 604 80 36 april
1371 605 76 28 1929
1474 606 38 29 kl.
1541 608 37 27 12
1601 617 41 21 m.,

449 699 196 38 Utlåtande
673 703 14 35 i
714 704 194 50 anledning
941 720 44 23 av
1013 710 126 35 väckta
1167 713 168 35 motioner
1363 726 54 24 om
1435 717 208 48 ytterligare

536 754 217 49 statsbidrag
781 757 57 36 till
852 759 409 49 väghållningsdistrikt,
1282 766 146 36 särskilt
1446 768 195 49 betungade

538 817 44 23 av
611 806 279 51 anläggningar,
917 812 151 48 utförda
1097 815 113 35 under
1238 816 180 38 kristiden.

1420 876 60 40 (4:e
1503 878 86 41 avd.)

194 961 17 31 I
233 963 56 31 två
310 961 216 40 likalydande
549 967 168 40 motioner,
740 970 121 33 väckta
882 973 62 31 den
965 984 60 22 ena
1046 974 87 33 inom
1159 977 105 32 första
1284 979 199 41 kammaren,
1507 994 39 20 nr
1570 985 70 38 126,

139 1023 41 19 av
198 1013 76 31 herr
291 1013 41 32 D.
351 1014 136 33 Hansén
504 1029 41 19 m.
567 1018 37 32 fl.
626 1020 59 31 och
706 1021 61 31 den
787 1023 104 32 andra
909 1024 87 32 inom
1016 1027 105 31 andra
1137 1028 200 41 kammaren,
1356 1044 39 19 nr
1414 1034 72 38 231,
1505 1046 43 20 av
1567 1035 75 32 herr

140 1061 39 33 R.
196 1063 137 39 Selberg
350 1078 40 19 m.
410 1067 48 38 fl.,
476 1068 62 32 har
554 1069 196 42 hemställts,
768 1076 50 29 att
836 1074 178 39 riksdagen
1032 1079 103 32 måtte
1150 1079 140 41 besluta,
1308 1082 71 33 dels
1395 1086 49 30 att
1459 1085 11 31 i
1487 1085 153 39 tilläggs-

138 1113 118 40 bidrag
275 1116 53 31 till
349 1117 139 40 företag,
511 1131 67 21 som
601 1122 150 33 utfördes
773 1126 105 31 under
896 1127 173 41 kristiden,
1091 1130 123 39 bevilja
1233 1135 47 30 ett
1300 1134 117 39 belopp
1438 1148 41 20 av
1501 1134 140 47 700,000

137 1164 120 34 kronor
273 1167 54 32 till
345 1169 190 39 fördelning
552 1173 85 31 efter
656 1185 123 22 samma
797 1179 154 38 grunder,
970 1191 68 21 som
1058 1181 184 34 bestämdes
1260 1196 42 20 av
1322 1186 81 32 1918
1421 1188 52 32 års
1492 1188 147 41 riksdag,

137 1216 71 33 dels
228 1219 58 31 ock
309 1222 49 29 att
379 1221 58 31 hos
459 1221 126 39 Kungl.
610 1224 100 39 Maj:t
730 1227 122 38 begära
874 1241 38 20 en
935 1231 204 40 fullständig
1160 1236 179 38 utredning
1361 1250 50 19 om
1434 1240 62 31 den
1516 1241 123 32 hittills

135 1268 205 34 verkställda
375 1271 232 40 fördelningen
642 1280 84 29 samt
760 1290 51 20 om
847 1280 139 34 behovet
1021 1295 41 19 av
1085 1285 197 38 ytterligare
1304 1288 259 42 tilläggsanslag
1587 1293 53 31 för

135 1329 125 22 samma
280 1321 162 33 ändamål.

189 1369 18 30 I
228 1370 203 34 motionerna
450 1374 131 33 anföres
602 1376 100 33 bland
724 1383 101 28 annat
847 1380 160 38 följande:

194 1427 82 33 »För
300 1432 49 30 att
379 1430 5 31 i
408 1432 109 37 någon
541 1435 76 31 mån
641 1436 131 33 minska
796 1439 40 32 de
861 1440 212 34 ekonomiska
1100 1444 200 42 bekymmer,
1328 1448 11 31 i
1365 1449 91 33 vilka
1480 1454 48 29 ett
1553 1455 84 30 stort

134 1470 90 31 antal
252 1472 203 37 vägdistrikt
481 1475 86 32 inom
598 1477 112 34 landet
736 1480 125 33 råkade
886 1494 115 26 genom
1031 1488 50 29 att
1108 1487 111 33 utföra
1247 1490 120 33 dömda
1392 1493 60 31 och
1479 1493 157 34 kontrak-

132 1513 112 31 terade
266 1514 262 39 vägbyggnader
549 1520 105 31 under
677 1521 61 32 den
762 1534 24 20 s.
810 1524 32 32 k.
865 1524 174 41 kristiden,
1063 1528 42 32 då
1126 1529 333 37 arbetskostnaderna
1479 1538 93 36 stego
1594 1538 42 37 på

133 1556 47 30 ett
197 1555 96 37 högst
311 1557 186 39 ödesdigert
515 1563 76 36 sätt,
609 1562 164 39 beviljade
794 1567 81 30 1918
892 1567 53 32 års
964 1568 138 40 riksdag
1119 1574 46 29 ett
1182 1573 256 41 tilläggsanslag
1456 1589 51 20 om
1526 1581 17 29 5
1562 1580 73 31 mil-

131 1596 92 37 Joner
248 1598 129 39 kronor,
404 1612 68 20 som
499 1602 108 33 skulle
634 1604 36 32 få
697 1606 145 33 fördelas
870 1608 52 32 till
950 1611 239 39 vägföretagen
1216 1616 86 31 efter
1327 1617 89 33 vissa
1442 1619 193 35 fastställda

131 1640 154 38 grunder,
306 1642 166 37 nämligen
492 1645 42 36 på
556 1646 62 31 den
639 1647 62 39 del,
722 1660 67 20 som
811 1654 150 35 översteg
982 1654 62 31 den
1064 1654 186 35 beräknade
1269 1658 182 34 kostnaden
1472 1663 74 32 med
1567 1675 68 20 mer

131 1685 41 27 än
191 1682 39 31 10
248 1687 141 33 procent.
419 1684 67 33 Till
505 1687 106 32 denna
629 1690 255 38 överskjutande
902 1694 52 31 del
972 1695 109 33 skulle
1098 1699 191 32 statsmedel
1305 1703 81 35 utgå
1402 1706 232 32 motsvarande

130 1723 97 37 högst
254 1736 125 21 samma
404 1730 222 34 procentuella
654 1732 106 39 andel,
787 1745 68 20 som
882 1736 54 31 det
961 1739 241 38 ursprungliga
1226 1741 143 38 tidigare
1395 1742 239 47 statsbidraget

129 1764 54 32 till
201 1765 163 39 företaget
382 1768 167 34 bestämts.

186 1807 111 33 Under
321 1810 39 31 de
385 1810 105 33 första
513 1813 78 32 åren
614 1814 181 39 beviljades
818 1818 259 41 tilläggsbidrag
1099 1822 11 31 i
1135 1824 181 34 allmänhet
1337 1827 53 32 till
1414 1829 55 32 det
1491 1831 141 33 sålunda

128 1849 142 37 angivna
295 1852 189 34 maximum.
509 1854 108 33 Sedan
640 1862 77 32 väg-
743 1860 59 30 och
826 1862 457 41 vattenbyggnadsstyrelsen
1305 1868 12 31 i
1340 1871 183 36 september
1548 1874 81 31 1921

129 1892 175 39 meddelat,
328 1897 49 29 att
398 1895 124 33 kraven
546 1898 42 37 på
611 1900 150 37 anslaget
783 1902 87 32 visat
892 1903 51 38 sig
965 1906 37 30 så
1025 1909 99 36 stora,
1148 1911 49 28 att
1219 1909 54 32 det
1297 1911 37 31 år
1358 1912 82 32 1918
1465 1914 166 39 beviljade

129 1933 150 39 beloppet
306 1947 41 20 av
371 1938 174 38 5,000,000
569 1940 120 33 kronor
712 1942 72 32 icke
810 1944 128 34 komme
964 1950 50 28 att
1039 1948 105 33 förslå
1168 1951 59 31 och
1253 1954 49 29 att
1328 1955 163 36 styrelsen
1516 1957 115 33 därför

127 1978 137 31 ämnade
287 1978 176 34 framdeles
483 1980 168 34 inkomma
671 1985 73 31 med
766 1985 144 38 begäran
930 2000 51 19 om
1003 1990 196 38 ytterligare
1219 1994 117 38 anslag
1356 1996 53 31 för
1430 1995 198 47 ändamålet,

126 2019 131 36 gjordes
280 2021 71 31 med
376 2022 178 38 anledning
577 2025 102 31 härav
703 2026 50 31 uti
777 2029 429 40 statsverkspropositionen
1228 2035 54 32 till
1307 2038 83 31 1922
1414 2040 53 31 års
1491 2041 139 39 riksdag

127 2060 55 32 det
204 2062 196 39 uttalandet,
424 2066 51 30 att
497 2066 55 31 det
576 2078 76 20 vore
677 2067 10 31 i
711 2069 66 37 hög
797 2071 83 35 grad
903 2072 176 40 tveksamt,
1103 2075 166 34 huruvida
1293 2080 197 38 ytterligare
1511 2084 118 37 anslag

126 2102 92 38 finge
238 2104 174 39 påräknas,
436 2110 87 28 samt
545 2110 48 29 att
617 2109 231 39 fördelningen
870 2124 41 20 av
933 2114 123 32 dittills
1078 2116 163 39 beviljade
1265 2121 105 32 medel
1392 2123 115 33 därför
1527 2125 101 34 borde

125 2145 35 31 så
180 2146 173 39 anordnas,
373 2149 49 30 att
442 2148 114 33 vidare
576 2151 218 37 anslagskrav
814 2154 53 31 för
886 2156 189 33 ändamålet
1095 2159 101 32 måtte
1217 2161 112 33 kunna
1351 2163 75 33 från
1446 2168 181 36 styrelsens

123 2187 73 31 sida
216 2188 173 33 undvikas.

184 2230 13 30 I
221 2230 83 38 följd
327 2242 40 20 av
390 2232 90 32 detta
501 2234 171 32 uttalande
693 2236 117 38 vidtog
831 2239 162 36 styrelsen
1017 2240 76 33 från
1115 2242 114 39 början
1249 2257 41 20 av
1311 2247 38 31 år
1370 2249 82 31 1922
1475 2261 39 21 en
1535 2263 90 21 avse-

126 2272 78 31 värd
229 2272 190 39 minskning
442 2286 41 19 av
505 2275 318 40 tilläggsbidragens
847 2281 133 38 storlek,
1006 2284 37 30 så
1065 2286 50 30 att
1138 2286 39 31 de
1200 2287 146 33 därefter
1368 2290 181 39 beviljades
1572 2294 52 33 till

123 2313 11 31 i
156 2315 154 31 medeltal
331 2315 84 33 blott
437 2318 40 30 43
501 2317 36 38 Z
561 2330 40 20 av
624 2319 55 32 det
700 2320 119 37 högsta
839 2322 104 38 enligt
962 2324 40 31 de
1024 2325 194 35 fastställda
1238 2331 188 35 grunderna
1448 2335 177 37 medgivna

124 2356 161 39 beloppet,
307 2358 59 31 och
388 2360 103 30 under
513 2360 39 32 de
574 2361 192 38 påföljande
788 2365 57 30 två
868 2365 77 31 åren
969 2367 83 32 1923
1076 2369 59 31 och
1160 2371 81 31 1924
1263 2371 147 35 förekom
1433 2375 100 38 ingen
1556 2378 67 32 till-

123 2398 135 38 delning
282 2400 76 31 från
381 2401 158 37 anslaget.
576 2402 88 38 Väg-
690 2405 59 30 och
776 2406 455 42 vattenbyggnadsstyrelsen
1256 2415 104 38 ansåg
1381 2416 51 38 sig
1456 2420 167 38 nämligen

162 2456 111 37 Bikang
291 2458 44 27 till
350 2458 167 38 riksdagens
530 2461 143 36 protokoll
689 2460 89 31 1929.
819 2465 18 27 6
851 2466 79 28 saml.
967 2468 41 27 46
1030 2467 72 37 håft.
1120 2467 63 39 (Nr
1207 2468 149 42 87-—88.)
1400 2483 132 21 8i790329
1563 2480 11 26 1
