1876 2794
280 169 19 29 4
602 165 122 30 Första
743 163 246 40 lagutskottets
1008 160 179 32 utlåtande
1206 169 43 21 nr
1268 160 40 29 12
1326 159 39 31 år
1384 159 84 30 1959

287 260 102 20 serna
408 250 11 29 i
439 250 106 29 4—15
570 248 49 37 88,
641 248 88 30 skall
751 247 92 40 gälla
862 246 131 40 jämväl
1013 245 89 30 efter
1122 244 57 30 det
1200 245 51 29 att
1271 242 271 31 bestämmelsen
1562 240 154 40 upphört
1737 240 52 29 att

286 294 64 38 äga
370 291 232 40 tillämpning.

988 346 37 29 17
1055 345 26 36 8.

330 410 195 38 Konungen
547 407 58 30 må
625 406 182 40 uppdraga
828 405 35 30 åt
887 402 469 41 försäkringsinspektionen
1378 403 49 28 att
1450 400 152 40 fullgöra
1622 399 67 30 vad
1712 407 74 21 som

285 451 107 39 enligt
409 451 115 28 denna
540 450 55 38 lag
613 449 207 29 ankommer
838 447 44 39 på
899 448 206 36 Konungen.

331 585 122 29 Denna
473 584 56 38 lag
551 582 116 30 träder
687 581 11 29 i
719 580 98 30 kraft
837 580 111 39 dagen
969 579 88 30 efter
1079 578 77 34 den,
1178 577 44 30 då
1244 577 100 39 lagen
1366 576 107 39 enligt
1494 575 87 30 därå
1604 572 184 32 meddelad

286 625 139 40 uppgift
445 624 191 30 utkommit
658 623 78 30 från
762 622 134 40 trycket
919 621 11 30 i
954 620 132 31 Svensk
1110 618 392 40 författningssamling.

331 668 130 29 Genom
486 667 101 39 lagen
610 665 181 40 upphäves
816 665 100 38 lagen
940 663 68 30 den
1032 662 38 29 21
1097 661 78 40 juni
1202 661 83 30 1940
1318 660 59 34 (nr
1401 659 80 33 541)
1511 659 80 29 med
1614 658 94 30 vissa
1731 657 58 30 be-

286 709 218 30 stämmelser
528 718 57 20 om
609 707 166 30 inländsk
800 704 349 40 försäkringsrörelse
1174 703 58 29 vid
1257 702 77 39 krig
1358 711 46 19 m.
1428 710 46 20 m.

972 896 33 36 2)
1028 891 73 43 Lag

314 963 81 34 med
416 964 97 32 vissa
535 960 268 35 bestämmelser
825 972 61 21 om
906 959 168 34 utländsk
1096 956 351 44 försäkringsrörelse
1468 955 66 33 här
1556 955 13 32 i
1592 953 92 34 riket
1706 953 59 34 vid

923 1018 80 43 krig
1025 1031 49 20 m.
1098 1030 49 20 m.

331 1119 211 39 Härigenom
566 1118 186 30 förordnas
777 1126 75 21 som
878 1116 114 39 följer.

1000 1200 14 28 1
1044 1198 27 37 8.

329 1262 165 29 Kommer
514 1260 90 30 riket
626 1260 9 29 i
656 1259 88 39 krig,
767 1259 99 30 skola
885 1257 312 30 bestämmelserna
1216 1255 11 30 i
1249 1254 109 31 2—14
1381 1254 37 37 $$
1442 1254 65 30 och
1532 1254 38 29 19
1595 1253 15 37 $
1634 1253 64 39 äga
1718 1251 70 30 till-

282 1303 192 39 lämpning.
498 1302 52 30 Då
573 1302 111 39 kriget
709 1300 164 40 upphört,
897 1299 186 30 förordnar
1105 1299 197 37 Konungen
1325 1298 117 29 senast
1466 1295 75 30 före
1564 1293 223 32 avslutandet

284 1353 42 22 av
349 1345 67 31 den
440 1343 309 40 riksdagssession,
775 1351 75 21 som
874 1341 119 39 börjar
1017 1341 78 29 näst
1119 1339 88 30 efter
1230 1339 132 39 krigets
1387 1338 80 34 slut,
1491 1339 51 28 att
1566 1335 222 31 bestämmel-

285 1396 102 21 serna
404 1387 76 30 icke
499 1385 119 30 vidare
637 1385 98 30 skola
752 1384 193 39 tillämpas;
967 1383 90 29 dock
1074 1384 50 27 att
1141 1382 67 29 vad
1227 1390 48 20 nu
1296 1382 93 37 sagts
1408 1380 30 38 ej
1461 1379 89 30 skall
1570 1378 100 40 gälla,
1689 1377 11 30 i
1719 1377 68 29 den

283 1428 83 31 mån
384 1428 311 30 bestämmelserna
713 1426 154 39 alltjämt
886 1425 98 30 skola
1003 1425 64 38 äga
1084 1423 224 39 tillämpning
1325 1422 44 40 på
1388 1421 113 42 grund
1519 1430 42 21 av
1579 1419 209 31 förordnan-

284 1471 42 29 de
348 1470 106 40 enligt
474 1470 111 30 andra
605 1469 82 30 eller
706 1468 113 39 tredje
841 1468 144 38 stycket.

329 1512 66 30 Vid
412 1511 186 40 krigsfara,
617 1510 74 30 vari
710 1510 91 29 riket
819 1509 160 29 befinner
1001 1508 61 39 sig,
1083 1508 78 39 äger
1180 1508 196 37 Konungen
1396 1505 178 34 förordna,
1595 1506 50 28 att
1665 1504 123 29 nämn-

284 1554 45 30 da
349 1553 262 30 bestämmelser
632 1553 99 29 skola
750 1552 189 38 tillämpas.
962 1550 130 31 Sådant
1113 1548 238 31 förordnande
1372 1547 100 36 skall,
1492 1546 57 30 vid
1571 1547 144 37 äventyr
1737 1546 50 28 att

284 1596 58 30 det
361 1596 101 39 eljest
481 1595 168 33 förfaller,
668 1595 96 29 inom
782 1603 43 20 en
844 1593 126 30 månad
990 1592 229 30 underställas
1240 1590 184 37 riksdagen
1446 1589 54 30 för
1519 1589 79 29 dess
1617 1586 171 39 prövning

285 1647 42 20 av
349 1637 134 39 frågan,
505 1636 176 30 huruvida
703 1634 253 31 förordnandet
979 1633 89 30 skall
1092 1633 108 29 bestå.
1223 1632 73 31 Blir
1318 1630 252 31 förordnandet
1594 1630 75 29 icke
1691 1629 97 29 inom

286 1679 58 30 två
370 1678 168 31 månader
565 1678 79 30 från
672 1678 57 29 det
755 1676 327 39 underställningen
1110 1675 91 29 skett
1230 1683 42 21 av
1299 1673 188 39 riksdagen
1515 1672 108 39 gillat,
1651 1672 38 28 är
1716 1670 73 29 det-

286 1730 136 21 samma
447 1720 166 30 förfallet.
640 1719 145 40 Upphör
812 1718 210 39 krigsfaran,
1051 1717 87 29 skall
1167 1715 254 31 förordnandet
1448 1716 117 28 senast
1592 1713 74 30 före
1694 1713 95 29 näst-

285 1762 211 30 kommande
520 1760 318 41 riksdagssessions
862 1759 205 30 avslutande
1091 1768 42 20 av
1155 1759 196 37 Konungen
1375 1756 191 40 upphävas.

329 1804 180 39 Föreligga
539 1803 101 39 eljest
670 1802 296 39 utomordentliga
997 1810 42 20 av
1069 1800 77 42 krig
1177 1799 208 30 föranledda
1417 1797 256 33 förhållanden,
1707 1797 80 37 äger

284 1848 194 38 Konungen
499 1847 79 29 med
601 1845 207 39 riksdagens
831 1844 178 39 samtycke
1031 1843 176 34 förordna,
1231 1844 50 28 att
1303 1842 65 29 vad
1390 1841 11 29 i
1423 1841 106 30 2—14
1554 1840 37 36 $$
1615 1839 64 30 och
1704 1838 38 30 19
1767 1838 16 36 $

286 1888 150 39 stadgas,
458 1888 73 29 helt
553 1887 82 29 eller
657 1886 119 34 delvis,
801 1885 89 30 skall
912 1885 112 29 under
1045 1884 71 30 viss
1138 1883 60 35 tid,
1223 1883 103 39 högst
1349 1884 49 28 ett
1420 1882 38 29 år
1478 1881 99 39 varje
1600 1880 100 40 gång,
1724 1880 64 38 äga

285 1929 234 40 tillämpning.

997 1984 74 37 28.

329 2050 128 30 Finnes
476 2048 189 38 anledning
684 2048 138 37 antaga,
842 2047 49 28 att
911 2043 168 31 utländsk
1099 2041 363 39 försäkringsanstalt,
1483 2049 74 21 som
1578 2038 141 40 jämlikt
1739 2038 50 29 la-

286 2101 65 31 gen
369 2101 55 21 om
444 2092 70 28 rätt
533 2090 55 30 för
606 2088 167 31 utländsk
796 2085 351 40 försäkringsanstalt
1166 2086 50 28 att
1236 2083 99 29 driva
1354 2081 351 40 försäkringsrörelse
1724 2080 65 29 här

287 2135 10 28 i
315 2135 90 28 riket
423 2133 114 29 driver
556 2132 109 30 sådan
683 2130 139 34 rörelse,
841 2128 45 40 på
903 2127 113 40 grund
1036 2136 41 20 av
1095 2125 246 31 förhållanden
1361 2133 74 21 som
1453 2124 10 29 i
1484 2125 13 28 1
1521 2124 15 36 8
1559 2124 78 38 sägs
1660 2122 130 40 (krigs-

285 2174 266 42 förhållanden)
580 2174 75 28 icke
680 2173 160 28 kommer
865 2172 50 28 att
939 2169 106 30 infria
1070 2167 183 30 härstädes
1278 2166 175 40 ingångna
1479 2165 232 29 förbindelser
1736 2163 53 30 till

287 2216 351 39 försäkringstagare,
662 2215 79 38 äger
767 2214 195 37 Konungen
985 2210 166 38 förbjuda
1173 2208 177 30 anstalten
1373 2210 50 27 att
1445 2207 113 29 under
1580 2206 61 35 tid,
1666 2206 45 29 då
1735 2205 56 30 be-

288 2259 267 29 stämmelserna
585 2257 11 28 i
625 2256 115 29 denna
770 2253 166 41 paragraf
967 2254 64 38 äga
1062 2250 232 40 tillämpning,
1325 2249 164 30 fortsätta
1520 2248 269 30 verksamheten

287 2301 64 29 här
371 2300 11 44 i
403 2300 99 29 riket.

997 2361 18 30 3
1043 2360 28 37 8.

331 2426 71 29 Har
424 2425 46 39 på
492 2425 69 29 sätt
583 2423 10 29 i
617 2423 17 30 2
659 2422 15 37 $
699 2423 79 38 sägs
805 2420 126 30 förbud
953 2418 193 31 meddelats
1169 2417 170 30 utländsk
1361 2414 352 40 försäkringsanstalt
1737 2416 51 27 att

287 2468 165 29 fortsätta
470 2465 269 30 verksamheten
759 2463 64 30 här
841 2463 11 29 i
872 2462 100 34 riket,
993 2460 99 36 skall,
1113 2460 62 29 där
1194 2458 269 30 verksamheten
1482 2456 169 30 omfattar
1670 2455 120 36 liyför-
