1882 2794
253 179 36 28 14
574 177 123 28 Första
716 175 245 38 lagutskottets
981 173 178 30 utlåtande
1178 182 42 19 nr
1240 173 39 28 12
1297 172 39 29 år
1356 172 84 29 1959

298 261 50 28 De
367 259 229 30 ekonomiska
615 258 198 39 anspråken
831 257 45 39 på
894 259 48 27 ett
959 255 371 39 livförsäkringsbolag
1348 255 71 28 kan
1437 254 111 29 under
1567 253 77 38 krig
1663 253 97 28 kom-

254 320 58 20 ma
343 312 51 27 att
422 309 159 30 medföra
611 311 94 27 stora
734 307 260 40 påfrestningar
1026 306 44 39 på
1100 306 153 38 bolagets
1283 303 370 40 betalningsförmåga,
1685 303 75 29 icke

255 361 109 29 minst
383 360 80 29 med
482 360 138 38 hänsyn
641 359 52 29 till
715 360 49 27 att
785 357 160 30 normala
966 355 530 40 återförsäkringsförbindelser
1516 354 72 29 inte
1610 354 70 28 kan
1701 353 59 39 på-

256 411 141 29 räknas.
419 411 12 28 I
453 409 110 30 första
582 409 95 29 hand
698 410 37 28 är
755 408 100 39 fråga
876 417 56 20 om
953 407 259 38 utbetalningar
1232 415 41 20 av
1294 405 169 30 förfallna
1483 403 278 40 försäkringsbe-

256 461 92 38 lopp,
371 469 80 22 men
473 460 11 28 i
509 462 72 27 stor
603 458 244 39 utsträckning
870 458 98 29 torde
990 457 199 39 anspråken
1213 457 86 28 även
1321 456 144 29 komma
1487 457 50 27 att
1559 455 91 38 gälla
1673 454 88 29 åler-

256 511 69 38 köp
353 520 43 20 av
421 510 64 29 och
510 510 153 29 förskott
689 509 20 29 å
733 508 301 39 livförsäkringar.
1062 508 67 29 För
1156 509 49 27 att
1232 506 136 30 skänka
1393 506 137 38 bolaget
1556 504 205 39 erforderlig

259 561 174 30 likviditet
460 561 70 29 kan
558 561 57 30 det
643 560 119 29 därför
789 559 49 29 bli
866 559 213 39 nödvändigt
1107 560 50 28 att
1185 560 35 27 ta
1247 557 11 29 i
1287 557 155 39 anspråk
1470 557 41 28 de
1539 555 219 30 värdehand-

257 611 124 39 lingar,
405 620 73 20 som
499 611 11 28 i
532 610 140 39 vanliga
694 609 60 30 fall
776 609 108 39 ligger
907 609 113 29 såsom
1043 611 85 36 pant
1150 608 54 29 för
1226 607 165 39 bolagens
1413 606 232 30 förbindelser
1667 607 95 37 gent-

259 664 93 28 emot
380 662 377 38 försäkringstagarna.
786 660 100 30 Såväl
914 660 106 39 enligt
1050 659 81 30 1917
1160 659 56 30 års
1242 659 56 39 lag
1324 668 57 20 om
1409 656 353 40 försäkringsrörelse

259 721 75 19 som
353 711 107 39 enligt
482 710 82 30 1948
584 711 57 29 års
661 709 221 40 lagstiftning
901 710 69 28 kan
991 708 322 39 försäkringsbolag
1332 708 89 29 efter
1441 707 171 39 prövning
1632 716 42 19 av
1695 706 68 29 för-

259 761 411 39 säkringsinspektionen
691 760 76 29 utfå
788 760 133 29 sådana
942 761 178 37 pantsatta
1139 758 319 39 värdehandlingar
1479 757 55 29 för
1557 756 207 30 anskaffan-

260 812 41 29 de
321 821 42 20 av
381 811 111 30 medel
512 811 51 29 till
583 810 218 39 utbetalning
822 819 41 20 av
882 809 155 30 förfallet
1056 808 357 40 försäkringsbelopp.
1434 808 116 38 Enligt
1570 808 17 29 5
1611 807 14 37 8
1648 807 11 29 i
1681 806 83 30 1940

260 862 56 29 års
339 862 56 39 lag
421 862 78 38 äger
524 860 468 40 försäkringsinspektionen
1016 859 158 39 medgiva
1201 861 50 27 att
1274 859 183 30 inländskt
1481 857 281 39 livförsäkrings-

260 912 101 39 bolag
387 911 95 30 utfår
509 911 319 39 värdehandlingar
855 911 86 29 även
969 910 53 29 för
1050 912 50 27 att
1127 908 192 31 finansiera
1346 909 145 39 återköp
1518 918 42 20 av
1587 908 83 30 eller
1696 908 70 29 för-

262 962 94 29 skott
375 962 20 29 å
413 961 300 39 livförsäkringar.
734 961 249 39 Inspektionen
1001 960 64 29 har
1085 960 179 30 dessutom
1283 960 108 39 enligt
1410 960 18 29 6
1451 960 15 36 $
1487 959 208 39 befogenhet
1716 960 49 28 att

260 1012 161 39 medgiva
448 1011 370 39 livförsäkringsbolag
849 1013 50 27 att
927 1010 195 39 uppskjuta
1150 1010 219 39 utbetalning
1398 1019 42 20 av
1469 1009 297 39 återköpsvärden

261 1062 129 30 liksom
410 1064 49 27 att
478 1061 111 32 befria
609 1062 56 29 det
685 1061 79 30 från
784 1061 198 39 skyldighet
1003 1063 49 27 att
1071 1061 118 30 lämna
1209 1060 151 30 förskott
1383 1060 19 30 å
1420 1060 301 38 livförsäkringar.

306 1112 118 39 Enligt
445 1113 15 28 7
483 1112 14 36 8
519 1113 80 38 äger
618 1112 124 39 Kungl.
762 1112 106 38 Maj:t
887 1111 58 29 vid
963 1111 136 29 befarat
1119 1110 205 30 avtalsbrott
1343 1110 80 30 från
1444 1110 167 30 utländsk
1631 1110 137 29 försäk-

263 1162 247 39 ringsanstalts
530 1162 76 30 sida
625 1162 166 39 förbjuda
811 1162 150 29 svenska
981 1161 321 39 försäkringsbolag
1322 1163 50 27 att
1392 1161 155 38 fullfölja
1570 1161 103 36 avtal,
1692 1170 76 20 var-

262 1213 139 39 igenom
424 1213 40 29 de
487 1213 175 29 meddelat
685 1212 277 39 återförsäkring
984 1212 34 29 åt
1041 1211 391 39 försäkringsanstalter
1454 1211 12 29 i
1487 1212 67 30 den
1577 1211 191 29 utländska

264 1263 194 29 anstaltens
477 1263 177 33 hemland,
674 1264 164 28 ävensom
859 1264 49 28 att
928 1263 91 29 sluta
1039 1271 68 30 nya
1127 1262 131 29 sådana
1277 1262 92 30 avtal
1389 1262 79 30 med
1488 1262 89 29 dem.
1599 1261 169 39 Slutligen

264 1313 64 29 har
351 1313 10 29 i
388 1313 18 29 9
432 1313 14 36 8
472 1313 178 39 upptagits
674 1313 254 34 bestämmelse,
952 1312 106 39 enligt
1081 1312 117 30 vilken
1222 1313 125 39 Kungl.
1373 1312 106 39 Maj:t
1501 1312 57 29 vid
1583 1312 87 39 krig,
1694 1311 75 30 vari

263 1363 92 29 riket
370 1363 160 30 befinner
547 1363 61 39 sig,
626 1363 82 30 eller
724 1363 88 30 efter
828 1363 126 30 sådant
970 1362 76 40 krig
1063 1363 80 39 äger
1159 1362 195 30 föreskriva
1370 1363 193 29 avvikelser
1581 1362 80 30 från
1676 1362 94 30 vissa

263 1413 320 40 bokföringsregler
604 1413 11 29 i
636 1413 332 40 försäkringslagen.

309 1464 481 39 Försäkringsinspektionen
811 1464 158 33 föreslår,
990 1466 50 27 alt
1061 1464 42 29 de
1124 1464 227 39 stadganden,
1373 1473 74 20 som
1471 1464 159 39 gällande
1652 1463 119 30 bered-

266 1514 166 39 skapslag
455 1514 148 29 sålunda
628 1516 179 37 upptager,
831 1514 11 28 i
868 1516 94 27 stora
986 1514 84 39 drag
1094 1514 189 30 bibehålles
1307 1514 11 29 i
1343 1514 67 29 den
1435 1514 161 30 blivande
1621 1514 150 39 lagstift-

265 1563 141 40 ningen.
426 1564 178 39 Förslaget
623 1564 64 29 har
706 1564 11 29 i
735 1564 116 29 denna
871 1564 54 29 del
945 1564 111 30 under
1075 1564 384 40 remissbehandlingen
1479 1565 189 39 tillstyrkts
1688 1565 83 29 eller

265 1614 154 29 lämnats
439 1616 84 27 utan
545 1614 151 29 erinran.
716 1615 93 28 Även
828 1614 59 39 jag
908 1614 115 29 finner
1042 1614 263 30 bestämmelser
1326 1624 41 20 av
1386 1615 268 38 ifrågavarande
1675 1615 96 29 inne-

266 1665 71 30 håll
358 1666 72 29 inte
450 1665 121 30 kunna
590 1666 175 29 undvaras
785 1666 10 29 i
815 1665 68 30 den
903 1665 203 30 tillämnade
1127 1665 326 40 beredskapslagen.

312 1765 128 29 Utöver
462 1765 40 29 de
523 1764 273 36 bestämmelser,
821 1774 74 20 som
918 1765 105 39 enligt
1047 1765 57 29 det
1127 1775 82 29 nyss
1232 1765 149 30 anförda
1404 1766 62 29 bör
1488 1767 181 38 övertagas
1693 1766 79 29 från

268 1815 203 29 nuvarande
490 1815 232 39 lagstiftning,
743 1815 149 29 föreslår
911 1815 467 39 försäkringsinspektionen
1398 1816 195 39 betydande
1616 1816 156 40 nyheter.

312 1865 118 39 Enligt
461 1865 66 29 den
557 1865 188 39 planerade
777 1865 382 39 krigsorganisationen
1190 1875 41 20 av
1263 1866 388 40 försäkringsväsendet
1683 1867 89 29 skall

268 1915 137 29 vissa
433 1915 524 39 försäkringsgrenar
984 1916 161 29 kunna
1172 1916 103 30 helt
1303 1916 263 40 nedläggas
1593 1917 65 29 och
1675 1918 99 29 verk-

269 1965 182 29 samheten
472 1965 250 30 koncentreras
744 1965 51 29 till
818 1965 41 29 de
881 1968 89 27 mest
992 1966 266 38 betydelsefulla
1278 1966 248 31 branscherna.
1550 1968 67 29 För
1639 1970 50 27 att
1711 1977 64 20 un-

269 2015 150 29 derlätta
443 2024 41 20 en
507 2015 109 30 sådan
639 2015 226 39 omställning
889 2015 146 30 föreslås
1058 2018 50 27 att
1130 2017 125 38 Kungl.
1280 2017 105 39 Maj:t
1408 2018 87 29 skall
1521 2018 63 39 äga
1606 2017 169 30 förordna

270 2067 49 27 att
344 2064 360 40 försäkringsavtalen
728 2066 94 29 inom
846 2065 71 31 viss
942 2066 81 29 eller
1046 2066 94 30 vissa
1164 2066 199 35 branscher,
1389 2068 88 29 dock
1502 2068 30 39 ej
1559 2068 10 29 i
1595 2068 99 40 fråga
1717 2078 57 20 om

269 2115 260 39 livförsäkring,
547 2116 89 29 skall
654 2116 156 37 upphöra
827 2118 49 28 att
895 2117 89 37 gälla
1001 2117 54 29 för
1070 2117 72 29 viss
1159 2118 49 28 tid
1224 2117 82 30 eller
1322 2118 71 30 tills
1411 2119 126 30 vidare.
1556 2119 65 29 Vid
1639 2120 137 29 remiss-

270 2165 257 39 behandlingen
545 2166 65 28 har
627 2166 145 29 allmänt
793 2166 173 39 godtagits
985 2168 47 28 att
1053 2167 125 39 Kungl.
1198 2167 104 39 Maj:t
1321 2168 55 29 får
1394 2168 208 40 befogenhet
1621 2179 42 20 av
1680 2171 96 28 detta

270 2215 83 39 slag.
376 2216 50 29 De
447 2215 109 30 hörda
577 2216 458 40 hypoteksinrättningarna
1056 2226 122 21 menar
1200 2217 88 30 dock
1311 2220 50 28 att
1382 2218 395 41 brandförsäkringsav-

271 2265 93 29 talen
383 2265 11 29 i
412 2265 93 30 detta
525 2266 255 39 sammanhang
798 2266 62 30 bör
879 2275 57 30 ges
956 2276 42 20 en
1017 2268 235 39 särställning.

316 2316 65 29 Det
404 2316 38 28 är
463 2316 74 29 icke
561 2318 50 27 att
632 2317 112 29 räkna
767 2317 80 29 med
869 2319 50 27 att
940 2326 82 20 man
1043 2317 10 29 i
1076 2319 49 28 ett
1148 2318 159 39 krigsfall
1331 2319 88 29 skall
1443 2320 121 30 kunna
1586 2321 99 29 driva
1708 2321 69 30 för-

272 2365 387 39 säkringsverksamhet
678 2367 10 28 i
707 2367 134 29 normal
862 2367 255 39 utsträckning.
1137 2369 67 28 För
1222 2371 50 27 att
1291 2369 388 40 försäkringsväsendet
1700 2372 9 29 i
1728 2374 49 27 ett

272 2415 126 30 sådant
420 2416 74 39 läge
518 2416 64 29 alls
605 2416 88 30 skall
718 2417 122 29 kunna
863 2417 258 39 upprätthållas
1144 2418 69 29 kan
1236 2418 57 31 det
1316 2419 75 31 visa
1415 2420 51 39 sig
1489 2421 214 40 nödvändigt
1727 2424 50 28 att

271 2465 232 30 koncentrera
527 2467 268 29 verksamheten
823 2467 51 29 till
905 2468 41 29 de
971 2468 200 34 branscher,
1200 2478 73 20 som
1301 2469 163 31 bedömes
1490 2480 84 20 vara
1599 2471 178 41 viktigast,
