2200 2638
434 224 45 31 82
847 224 289 32 Bankoutskottets
1169 224 174 33 Utlåtande
1371 225 66 32 N:o
1467 227 27 29 6.

381 309 98 32 samt
506 304 58 37 för
593 304 72 36 den
693 304 117 37 andra
837 319 173 36 gruppen
1043 307 121 46 1,800:
1194 327 61 26 —,
1286 305 195 37 fördelade

577 356 12 36 I
615 356 66 36 dÖDo
722 388 24 5 ses
758 389 161 4 srrssrssseseser
938 388 152 6 seseasrrsseren
1121 388 73 5 denne
1204 389 126 4 rrensea
1313 354 22 55 a
1361 357 56 37 kr.
1450 358 122 46 1,200:
1606 377 45 6 —

577 408 12 36 i
617 408 494 50 tjenstgöringspenningar
1133 441 197 5 ..........
1379 422 17 22 »
1487 409 85 37 600:
1608 430 43 4 —

380 473 89 23 vara
512 460 133 47 skälig,
684 461 71 36 och
781 461 70 37 bör
880 461 59 36 för
968 461 124 37 denna
1118 462 128 49 tjenst,
1276 474 83 23 som
1388 460 61 37 väl
1476 461 13 36 i
1517 460 204 37 allmänhet
1749 459 71 37 blir
1848 459 125 37 öfver-

377 513 257 48 gångstjenst,
664 512 32 48 ej
728 525 79 24 mer
835 518 48 31 än
912 518 54 31 ett
993 512 262 50 ålderstillägg
1281 512 288 49 ifrågakomma,
1597 511 145 38 hvilket
1766 510 206 51 lämpligen

380 564 74 37 kan
482 563 116 38 blifva
627 565 75 35 400
732 565 150 36 kronor.

482 616 16 35 I
536 616 347 37 ombudsmännens
921 617 180 49 ställning
1139 617 70 36 och
1238 617 121 36 vilkor
1387 617 115 36 hafva
1530 616 238 48 fullmägtige
1796 615 84 37 icke
1909 628 64 23 an-

379 673 78 31 sett
498 681 120 23 annan
661 668 162 49 ändring
862 669 92 36 böra
994 669 284 48 ifrågakomma,
1321 673 48 32 än
1413 673 54 32 att
1508 668 57 37 för
1604 668 325 36 ombudsmannen
1962 667 10 35 i

378 719 302 49 Visbykontoret
707 720 218 49 aflöningen
955 723 57 34 må
1040 721 109 49 höjas
1179 721 85 36 med
1295 723 71 34 100
1395 720 141 37 kronor
1563 720 57 36 till
1651 721 73 36 600
1753 720 153 36 kronor.

483 771 290 38 Vaktmästaren
815 773 164 49 åtnjuter
1019 773 12 36 i
1071 773 64 36 lön
1178 774 73 35 400
1288 773 152 47 kronor,
1477 772 497 48 tjenstgöringspenningar

381 826 72 34 100
490 824 153 36 kronor:
686 824 142 37 kronor
863 826 84 35 500.
1003 824 73 37 Vid
1105 825 45 36 de
1179 825 106 36 flesta
1313 825 188 36 kontoren
1528 825 69 36 har
1626 824 74 36 han
1728 823 96 37 dock
1852 822 121 37 tillika

378 875 148 37 erhållit
554 875 248 50 godtgörelse
832 877 86 36 med
948 882 119 31 större
1098 876 92 38 eller
1218 876 144 37 mindre
1391 876 140 49 belopp
1560 876 59 36 för
1647 875 65 37 sitt
1732 875 136 36 besvär
1886 875 87 36 med

377 928 350 36 kommissionerna.
784 928 57 37 Då
883 928 48 37 all
973 928 114 37 sådan
1127 928 120 37 skulle
1279 928 209 47 försvinna,
1517 928 12 36 1
1557 928 183 36 händelse
1770 927 72 36 den
1872 926 101 37 före-

380 979 133 49 slagna
554 979 240 50 regleringen
837 980 72 36 blir
946 980 240 49 genomförd,
1224 993 113 37 synes
1371 983 128 45 någon
1526 979 161 48 höjning
1714 980 11 35 i
1755 978 217 48 aflöningen

377 1032 94 37 böra
498 1032 140 36 honom
666 1032 327 48 tillgodokomma,
1024 1032 71 36 och
1123 1032 107 37 torde
1260 1032 123 36 denna
1410 1031 218 49 lämpligast
1656 1033 91 47 utgå
1774 1030 11 36 i
1816 1030 97 36 form
1934 1030 43 36 af

378 1084 145 48 ökning
550 1082 11 37 1
589 1084 544 49 tjenstgöringspenningarna
1160 1089 26 31 t.
1217 1097 56 23 ex.
1302 1083 58 37 till
1390 1085 74 35 200
1492 1083 150 37 kronor.

480 1135 110 37 Hvad
631 1138 118 47 angår
790 1135 46 36 de
879 1135 218 49 föreslagna
1137 1135 311 49 ålderstilläggen
1487 1148 114 35 synes
1639 1134 63 37 det
1729 1134 146 48 nödigt,
1904 1138 67 43 att,

378 1202 61 23 om
480 1186 243 50 regleringen
764 1187 96 37 skall
898 1188 124 36 kunna
1056 1187 114 37 vinna
1197 1187 240 50 tillämpning
1466 1187 84 36 med
1580 1191 184 42 snaraste,
1794 1186 82 36 dels
1904 1199 68 22 nu-

378 1239 164 37 varande
584 1239 226 48 kamrerare,
852 1240 12 36 i
904 1238 182 38 händelse
1125 1239 46 37 de
1200 1240 156 48 öfvergå
1384 1239 56 36 till
1467 1252 76 36 nya
1570 1239 400 48 kamreraretjensten,

377 1292 39 36 få
456 1296 75 31 rätt
570 1296 54 32 att
665 1292 116 36 räkna
811 1291 60 49 sig
899 1291 56 37 till
986 1291 103 49 godo
1118 1291 74 37 den
1228 1291 65 47 tid,
1332 1291 45 36 de
1408 1294 125 34 såsom
1560 1290 412 37 kamrerare-kassörer

378 1344 235 49 tjenstgjort,
643 1343 81 37 dels
754 1344 71 36 ock
852 1344 238 47 registrator,
1120 1356 83 24 som
1230 1343 199 37 befordras
1457 1343 56 36 till
1541 1343 146 46 kassör,
1717 1345 59 33 må
1804 1342 48 47 få,
1874 1341 98 38 efter

377 1395 260 48 fullmägtiges
680 1396 192 49 pröfning,
917 1395 61 49 sig
1013 1394 188 38 tilldeladt
1236 1395 275 49 ålderstillägg,
1540 1395 85 36 med
1653 1394 253 49 inberäkning
1934 1394 41 37 af

379 1448 58 36 sin
479 1447 513 50 registratorstjenstgöring.
1048 1447 74 37 Till
1164 1452 105 31 extra
1310 1447 188 36 ordinarie
1540 1446 230 49 tjenstemän
1812 1451 66 32 äro
1921 1459 51 24 nu

379 1500 194 48 anslagna,
611 1500 98 36 dock
746 1499 83 36 med
860 1499 252 49 inberäkning
1140 1499 82 37 häri
1249 1499 41 37 af
1313 1499 101 37 hvad
1442 1512 81 24 som
1552 1502 107 45 åtgår
1686 1498 57 36 till
1771 1503 200 32 semester-

377 1552 172 46 vikariat,
586 1552 63 36 vid
687 1556 53 32 ett
775 1552 138 36 kontor
947 1553 112 46 2,800
1087 1551 151 48 kronor,
1267 1551 63 37 vid
1358 1557 57 30 tre
1447 1552 110 46 1,700
1585 1550 55 37 kr.
1673 1550 56 36 för
1758 1550 121 47 hvart,
1908 1550 64 37 vid

378 1604 77 36 fem
501 1605 108 46 1,200
645 1604 55 36 kr.
738 1604 60 36 för
840 1604 131 49 hvarje
1013 1604 71 36 och
1126 1603 63 37 vid
1230 1608 53 32 ett
1325 1604 74 35 600
1432 1603 141 36 kronor
1600 1602 93 37 eller
1720 1602 250 37 tillsammans

376 1656 140 36 kronor
560 1657 147 46 14,500:
751 1678 59 14 —
867 1655 88 37 Men
996 1655 196 37 dessutom
1233 1655 112 37 hafva
1385 1655 120 36 under
1546 1659 153 32 senaste
1738 1657 80 33 året
1853 1657 119 47 något

377 1708 108 36 öfver
514 1709 111 45 3,000
653 1708 141 36 kronor
821 1707 43 37 af
889 1707 206 37 arfvodena
1122 1707 60 37 för
1200 1706 451 50 kommissionsbestyren
1669 1706 160 36 kommit
1848 1711 124 32 extra-

377 1759 206 37 ordinarier
623 1759 192 36 tillhanda.
872 1759 75 37 För
988 1758 345 38 semestervikariat
1374 1758 133 48 skulle,
1545 1758 121 49 enligt
1702 1757 63 38 det
1799 1772 50 22 nu
1877 1772 94 36 upp-

376 1811 138 49 gjorda
556 1811 198 48 förslaget,
796 1811 151 37 komma
988 1817 55 30 att
1084 1811 183 36 behöfvas
1304 1813 120 46 något
1460 1823 79 24 mer
1566 1816 49 31 än
1643 1810 113 47 förut,
1785 1810 12 36 i
1826 1810 64 37 det
1918 1815 54 31 att

378 1868 260 32 semesterrätt
666 1863 118 37 borde
812 1863 247 37 tillerkännas
1088 1863 96 37 både
1213 1863 148 37 kamrer
1389 1863 71 36 och
1489 1863 143 36 kassör.
1679 1862 57 36 Då
1765 1861 104 38 såväl
1897 1862 74 36 arf-

377 1915 124 37 voden
539 1929 80 23 som
648 1914 491 50 missräkningspenningar
1169 1915 118 37 skulle
1317 1914 120 49 enligt
1463 1914 176 49 gällande
1669 1914 237 48 stadganden
1933 1914 39 36 få

376 1967 207 37 bibehållas
624 1967 121 37 under
781 1967 369 49 semesterledighet,
1179 1967 149 36 komme
1357 1971 55 32 att
1439 1966 57 37 till
1524 1966 187 44 ordinarie
1739 1967 232 47 tjenstemän

377 2022 125 34 såsom
539 2019 163 37 vikarier
738 2019 119 37 under
886 2025 185 31 semester
1099 2019 185 37 utbetalas
1313 2018 63 37 vid
1407 2019 100 36 vissa
1535 2019 136 36 kontor
1703 2020 82 34 112:
1818 2019 59 47 50,
1906 2017 65 37 vid

377 2071 117 37 andra
538 2073 70 34 100
649 2071 142 36 kronor
829 2071 72 36 och
938 2071 62 36 vid
1029 2070 300 50 Visbykontoret
1358 2073 61 34 83:
1451 2072 60 45 33,
1541 2070 144 37 hvilket
1713 2069 146 37 således
1887 2069 83 37 icke

378 2123 120 37 skulle
539 2123 151 37 komma
732 2123 368 37 extraordinarierna
1141 2123 57 36 till
1238 2122 112 49 godo.
1409 2122 193 48 Anslagen
1639 2121 57 37 till
1734 2122 111 36 dessa
1873 2126 97 32 samt

375 2175 57 36 till
475 2175 345 37 semestervikariat
861 2188 115 36 synas
1011 2175 210 36 emellertid
1253 2174 224 50 lämpligare
1511 2174 126 36 kunna
1664 2174 181 49 uppföras
1874 2176 21 33 å
1923 2186 47 23 en

376 2227 61 36 för
478 2227 45 36 de
565 2232 141 31 smärre
747 2227 410 49 afdelningskontoren
1197 2239 223 36 gemensam
1462 2231 75 32 stat
1573 2231 55 31 att
1663 2226 42 36 af
1730 2225 239 48 fullmägtige

376 2278 97 37 efter
502 2278 284 37 förhållandena
813 2278 65 37 vid
907 2279 45 36 de
983 2278 99 37 olika
1110 2279 188 36 kontoren
1328 2277 166 37 fördelas
1524 2281 51 44 så,
1605 2291 80 23 som
1706 2277 64 36 det
1789 2276 182 49 behöriga

376 2330 291 50 uppehållandet
699 2331 42 36 af
772 2330 223 49 göromålen
1027 2330 163 37 kräfver.
1245 2330 84 37 Den
1359 2343 157 34 summa,
1545 2343 80 23 som
1654 2329 12 36 i
1695 2328 133 38 sådant
1855 2328 115 37 ända-
