2206 2648
697 235 287 33 Bankoutskottets
1017 235 176 33 Utlåtande
1219 234 66 32 N:o
1315 237 28 29 6.
1716 231 44 33 77

223 321 40 34 så
290 318 152 49 mycket
471 331 82 24 som
582 317 149 49 möjligt
756 317 107 37 skola
889 315 231 50 tillmötesgå
1139 314 255 39 allmänheten
1412 314 12 37 i
1444 314 62 37 det
1526 314 289 50 ifrågavarande

221 370 247 38 hänseendet.

326 422 110 38 Klart
476 426 42 33 är
559 421 220 46 emellertid,
816 425 54 33 att
913 419 354 50 kassagöromålens
1302 419 156 49 ökning,
1492 418 155 37 hvilken
1673 418 68 36 har
1769 431 47 23 en

224 475 130 48 gifven
383 474 161 37 tendens
574 478 54 32 att
656 473 137 49 fortgå,
823 472 96 38 skall
947 471 241 49 väsentligen
1224 471 171 37 försvåra
1422 470 309 50 tjenstgöringen
1758 469 59 37 för

225 528 72 35 den
339 539 153 37 person,
535 539 82 23 som
660 525 68 36 har
766 529 55 33 att
850 529 101 32 utom
978 523 385 50 kassaexpeditionen
1389 522 169 38 bestrida
1585 523 231 36 kamrerare-

224 578 253 38 verksamhet.
534 576 349 50 Kassagöromålen
925 576 91 37 böra
1044 575 241 48 naturligtvis
1314 578 41 33 så
1383 575 143 48 hastigt
1559 587 82 24 som
1671 573 147 49 möjligt

226 630 233 50 expedieras,
498 643 61 23 om
601 629 253 37 allmänheten
863 621 17 63 :
894 628 96 37 skall.
1032 628 102 37 finna
1162 628 60 48 sig
1254 627 164 47 belåten,
1447 627 71 37 och
1546 631 56 32 att
1629 626 12 36 i
1670 625 63 37 det
1762 626 54 36 af-

226 683 155 37 seendet
421 682 230 37 riksbanken
694 681 69 37 bör
790 686 94 44 göra
913 681 65 36 sitt
1005 680 121 47 bästa,
1161 685 41 32 är
1229 679 227 50 uppenbart.
1512 679 89 36 Men
1628 678 190 37 kamrera-

224 749 87 23 rens
353 734 229 49 åligganden
621 733 119 37 under
769 732 346 51 expeditionstiden
1144 732 37 36 få
1212 732 84 37 icke
1325 731 241 46 åsidosättas,
1596 730 92 37 allra
1717 729 101 37 helst

227 801 82 23 som
336 787 76 36 han
440 786 80 37 dels
549 786 68 36 har
647 790 54 32 att
729 785 198 37 förhandla
955 784 85 37 med
1069 784 253 37 allmänheten
1350 783 13 37 i
1391 783 165 49 låneväg
1585 783 71 36 och
1683 787 137 44 utgöra

227 839 238 37 mellanhand
494 838 137 36 mellan
660 837 123 37 denna
813 838 71 35 och
913 836 200 49 styrelsen,
1143 835 80 38 dels
1260 835 69 38 bör
1357 836 131 36 utöfva
1515 834 168 37 kontroll
1713 834 108 36 öfver

225 890 316 50 tjenstgöringen.
572 890 75 36 För
674 888 406 50 kassaexpeditionens
1109 888 265 48 vederbörliga
1400 887 278 49 uppehållande
1698 889 121 34 måste

227 944 127 36 derför
394 948 106 31 extra
542 941 146 37 biträde
731 942 145 45 anlitas,
918 940 249 49 hvarigenom
1208 943 79 34 åter
1316 940 203 36 kassörens
1553 939 131 49 tillsyn
1713 938 108 37 öfver

225 995 220 50 göromålen
473 994 212 48 försvagas.

329 1047 76 37 Det
440 1047 69 37 bör
546 1046 115 37 också
689 1058 90 24 vara
806 1045 70 37 lätt
903 1044 138 47 insedt,
1071 1049 54 32 att
1162 1044 60 37 vid
1251 1057 47 23 en
1329 1056 101 24 mera
1459 1042 200 38 utvecklad
1688 1043 131 36 kassa-

228 1099 220 50 expedition
485 1097 387 50 uppmärksamheten
901 1097 71 37 hos
1000 1097 87 47 den,
1117 1110 80 23 som
1228 1095 221 50 egentligen
1478 1095 97 37 skall
1602 1094 219 49 handlägga

228 1152 231 46 densamma,
489 1150 68 37 bör
584 1151 38 36 få
649 1163 90 24 vara
768 1152 41 34 så
837 1149 129 38 ostörd
996 1163 81 23 som
1106 1147 150 51 möjligt
1284 1147 43 37 af
1351 1148 117 36 andra
1486 1147 185 49 göromål,
1692 1146 129 37 hvilka

228 1204 106 37 skola
363 1202 196 49 samtidigt
591 1202 189 47 förrättas,
812 1202 70 36 och
913 1201 13 36 i
953 1201 72 37 alla
1061 1200 204 37 händelser
1299 1200 84 36 icke
1412 1204 108 44 tagas
1549 1199 12 36 i
1590 1198 164 50 anspråk
1784 1198 41 37 af

227 1256 90 36 flere
361 1254 205 37 olikartade
609 1254 152 47 sådana,
790 1253 90 37 allra
908 1253 117 36 minst
1053 1253 41 36 af
1127 1252 214 37 kontrollen
1376 1251 109 37 öfver
1514 1251 269 49 expeditionen
1810 1250 13 36 i

229 1308 87 36 dess
344 1307 140 37 helhet.

331 1359 89 36 Med
448 1357 180 38 afseende
657 1357 116 50 härpå
810 1370 114 36 synes
953 1370 48 22 nu
1034 1356 106 36 tiden
1168 1368 89 24 vara
1284 1355 88 37 inne
1402 1360 65 41 att,
1497 1358 125 33 såsom
1650 1355 12 36 i
1690 1354 133 36 motio-

229 1425 117 23 nerna
372 1410 124 37 blifvit
538 1409 221 48 föreslaget,
802 1409 82 36 från
925 1408 214 37 hvarandra
1180 1407 110 50 skilja
1332 1407 187 37 kamrers-
1553 1406 70 37 och
1652 1407 170 36 kassörs-

229 1463 306 48 befattningarna
563 1461 64 37 vid
655 1461 46 37 de
730 1461 250 37 riksbankens
1010 1460 366 49 afdelningskontor,
1406 1459 68 37 der
1501 1459 46 37 de
1576 1458 133 37 hittills
1729 1457 96 37 varit

230 1515 193 38 förenade.
479 1513 57 37 En
567 1514 117 36 sådan
714 1513 133 48 åtgärd
875 1513 183 37 behöfver
1087 1512 99 37 dock
1214 1511 84 38 icke
1326 1516 115 32 annat
1469 1515 47 32 än
1544 1511 12 36 i
1585 1516 54 31 ett
1667 1524 68 36 par
1759 1510 65 36 fall

230 1568 84 37 leda
341 1567 57 36 till
425 1566 213 36 inrättande
681 1565 42 37 af
747 1579 74 34 nya
861 1566 172 49 tjenster.
1091 1564 72 37 Vid
1191 1564 46 37 de
1273 1564 148 46 kontor,
1451 1564 78 46 der,
1560 1563 264 36 ombudsman-

230 1633 72 24 nen
332 1618 179 47 oräknad,
540 1623 57 31 tre
640 1618 230 48 tjenstemän
911 1630 49 23 nu
1001 1617 120 36 finnas
1156 1615 183 48 anstälda,
1369 1615 67 37 bör
1480 1614 205 50 skiljandet
1712 1614 41 37 af
1777 1613 46 37 de

229 1670 286 49 ifrågavarande
544 1669 310 49 befattningarna
882 1670 125 35 kunna
1034 1669 174 48 försiggå
1236 1671 47 46 på
1311 1668 133 36 sådant
1473 1672 86 40 sätt,
1590 1667 85 36 att
1662 1662 16 61 i
1700 1666 125 37 stället

231 1724 58 36 för
317 1736 47 23 en
393 1722 313 45 kamrer-kassör,
737 1734 46 24 en
802 1721 224 48 registrator
1049 1720 71 36 och
1140 1733 47 23 en
1208 1719 462 37 kontorskassaskrifvare
1689 1719 135 48 tjenst-

230 1780 94 44 göra
351 1788 46 23 en
425 1774 160 45 kamrer,
616 1786 47 23 en
691 1773 134 37 kassör
854 1772 69 37 och
951 1785 47 23 en
1022 1772 233 48 registrator.
1298 1771 72 36 Vid
1400 1774 118 44 några
1546 1771 136 36 kontor
1708 1770 117 36 borde

232 1827 170 36 deremot
443 1825 272 49 förändringen
759 1825 125 35 kunna
925 1824 106 36 bestå
1072 1824 91 47 deri,
1194 1828 55 31 att
1291 1822 357 37 kamrern-kassörn
1689 1821 137 37 blifver

231 1879 150 36 kamrer
409 1878 71 37 och
507 1877 249 48 registratorn
784 1877 147 46 kassör,
960 1876 159 36 hvarvid
1146 1874 221 51 göromålen
1387 1873 120 38 skulle
1527 1874 164 37 fördelas
1711 1876 116 46 något

233 1931 98 37 olika
359 1936 81 30 mot
468 1929 99 36 hvad
596 1942 48 23 nu
674 1934 41 31 är
742 1928 117 48 fallet,
890 1928 70 37 och
987 1927 65 37 vid
1082 1927 45 37 de
1156 1940 74 36 nya
1258 1927 149 44 kontor,
1429 1940 80 23 som
1531 1926 128 36 kunna
1678 1926 149 36 komma

231 1987 55 32 att
312 1982 171 46 inrättas,
512 1980 109 37 torde
651 1980 228 37 åtminstone
907 1980 11 35 i
947 1979 133 49 början
1098 1982 63 34 två
1182 1978 231 49 tjenstemän
1440 1979 125 36 kunna
1587 1978 110 36 sköta
1716 1983 111 41 göro-

233 2034 132 36 målen.
422 2032 250 48 Naturligtvis
715 2032 147 36 fordras
904 2031 62 36 vid
1009 2031 104 36 såväl
1155 2031 63 35 det
1247 2043 71 23 ena
1347 2043 82 23 som
1467 2029 64 36 det
1560 2029 116 37 andra
1705 2029 123 48 slaget

233 2085 144 37 biträde
408 2085 40 35 af
473 2089 105 31 extra
619 2084 240 47 tjenstemän,
903 2082 125 37 hvilka
1067 2083 114 36 också
1209 2081 120 37 skulle
1365 2082 114 35 hafva
1507 2087 55 30 att
1589 2081 148 36 inträda
1765 2080 61 36 vid

234 2141 184 33 semester
447 2136 91 35 eller
567 2148 123 23 annan
718 2135 171 47 ledighet
916 2134 59 36 för
1004 2134 46 36 de
1080 2133 199 37 ordinarie.

336 2189 68 34 Att
431 2200 49 23 nu
508 2187 10 35 i
548 2186 112 48 detalj
692 2191 172 44 uppgöra
900 2185 398 47 arbetsfördelningen
1340 2184 108 36 torde
1487 2187 40 33 så
1555 2183 153 49 mycket
1736 2183 92 35 min-

235 2240 64 36 dre
329 2252 89 24 vara
446 2238 40 37 af
524 2238 183 37 behofvet
747 2237 203 49 påkalladt,
993 2250 79 23 som
1117 2235 285 38 förhållandena
1445 2235 108 36 ställa
1582 2235 60 48 sig
1670 2237 41 34 så
1740 2248 88 35 pass

235 2291 98 37 olika
361 2290 63 37 vid
454 2291 45 35 de
529 2290 100 36 olika
657 2290 197 47 kontoren,
884 2294 54 31 att
966 2288 386 48 arbetsordningarna
1379 2287 82 37 icke
1491 2287 77 37 lära
1596 2289 48 47 på
1669 2286 160 37 förhand

234 2344 91 36 böra
355 2342 163 37 fastslås.
