2235 2687
460 184 19 30 6
630 182 121 32 Andra
775 182 205 32 kammurens
997 181 139 39 första
1164 180 176 42 tillfälliga
1364 181 137 31 utskotts
1526 180 170 33 utlåtande
1718 181 51 32 Nr
1793 184 26 29 60.

419 264 73 37 den
534 276 72 24 ena
644 276 46 24 av
728 262 234 37 fakultetens
1003 265 65 33 två
1106 261 207 47 sektioner,
1346 261 75 37 den
1448 260 289 59 humanistiska,
1766 261 170 38 uttalade
1964 262 60 49 sig

418 315 243 49 majoriteten
690 312 35 50 (5
754 319 121 32 röster
903 319 78 31 mot
1008 310 36 50 4)
1073 313 58 38 för
1157 312 188 38 ämbetets
1373 312 259 58 avskaffande,
1660 312 11 37 i
1699 312 74 38 den
1798 313 129 50 andra,
1949 296 73 56 den

418 366 416 50 naturvetenskapliga,
876 365 89 38 blev
999 367 194 47 utgången
1230 369 168 42 motsatt,
1439 363 12 38 1
1492 364 66 38 det
1598 369 54 33 att
1692 365 139 38 endast
1874 368 20 34 3
1919 340 104 79 med-

418 420 160 36 lemmar
604 418 155 38 röstade
787 418 59 36 för
872 417 284 50 upphävandet,
1184 430 87 24 men
1301 418 20 35 5
1351 422 120 40 emot;
1496 429 47 24 av
1563 416 113 38 dessa
1693 429 135 25 senare
1853 418 170 38 önskade

419 471 98 37 dock
556 470 173 46 flertalet,
770 474 55 32 att
866 469 189 37 ämbetets
1095 468 178 49 förening
1312 468 89 37 med
1441 468 332 49 biskopsstolarne
1809 469 13 37 i
1849 469 172 50 Uppsala

419 523 71 37 och
516 522 110 38 Lund
654 499 123 60 skulle
805 521 196 37 försvinna
1025 520 71 38 och
1124 520 251 50 prokanslern
1403 519 228 39 hädanefter
1656 525 106 33 utses
1785 534 140 35 genom
1949 521 73 38 val.

419 565 143 58 Övriga
602 573 207 38 fakulteter
834 572 177 38 lämnade
1039 572 322 50 prokansleriatet
1388 576 91 33 utan
1507 571 274 50 anmärkning;
1811 572 137 38 endast
1975 586 49 25 er.

418 626 166 37 medlem
621 639 46 23 av
708 626 75 36 den
818 624 193 50 juridiska
1050 624 213 37 fakulteten
1306 623 124 38 anslöt
1458 623 62 49 sig
1546 623 59 37 till
1631 623 185 49 förslaget
1843 638 59 23 om
1933 624 89 37 dess

417 677 261 38 avskaffande.
728 676 76 37 Det
832 681 121 32 större
984 675 250 38 akademiska
1261 674 250 39 konsistoriet
1539 675 181 38 avvisade
1744 675 106 38 detta
1879 676 145 48 förslag

416 730 89 35 med
534 735 80 30 stor
640 727 195 49 majoritet
862 726 61 47 (12
951 732 123 31 röster
1101 732 79 31 mot
1208 725 36 47 2)
1273 727 71 36 och
1370 726 202 37 förordade
1600 726 337 48 prokansleriatets
1965 727 58 36 bi-

416 779 229 38 behållande
675 778 121 49 enligt
822 777 250 38 kommitténs
1099 777 239 38 hemställan.

552 830 602 48 Universitetsmyndigheternas
1166 830 208 47 yttranden
1387 834 93 32 över
1494 828 248 38 kommitténs
1758 828 145 50 förslag
1916 829 106 49 fingo

416 883 75 37 vila
529 883 11 35 i
568 882 93 37 flera
688 885 51 44 år,
767 881 118 37 innan
912 881 137 48 frågan
1077 894 60 24 om
1166 881 46 36 de
1240 894 77 35 nya
1345 885 213 33 statuterna
1585 885 89 44 togs
1702 880 58 37 till
1783 880 239 49 behandling

416 948 47 24 av
490 933 244 50 regeringen,
755 933 72 37 och
845 937 70 33 när
934 933 106 37 detta
1059 931 160 48 skedde,
1237 932 213 38 tillkallade
1471 931 232 50 regeringen
1720 931 60 38 för
1797 931 224 50 ytterligare

415 986 217 48 beredning
658 998 47 24 av
732 985 103 37 vissa
862 984 191 49 viktigare
1076 984 187 49 spörsmål
1285 988 120 44 några
1428 983 243 49 sakkunnige
1690 983 85 37 från
1793 983 98 38 båda
1909 989 114 32 stats-

415 1037 278 37 univergiteten
734 1036 73 37 och
848 1035 82 37 från
972 1035 228 37 Karolinska
1237 1036 202 37 institutet.
1490 1034 120 38 Deras
1645 1035 157 49 förslag,
1836 1048 47 24 av
1912 1037 109 46 1907,

417 1089 169 38 ansluter
614 1089 60 48 sig
701 1087 12 37 i
741 1087 110 49 fråga
879 1101 60 23 om
964 1087 253 50 prokanslern
1241 1087 55 37 till
1316 1087 75 37 den
1410 1087 105 37 äldre
1535 1087 262 47 kommitténs,
1821 1086 96 38 dock
1933 1087 88 37 med

416 1140 75 38 den
518 1140 149 49 viktiga
694 1139 236 49 förändring,
959 1144 54 32 att
1031 1138 273 50 prokanslerns
1323 1138 221 49 befattning
1560 1138 86 37 med
1664 1138 358 49 befordringsären-

385 1192 106 36 "den
524 1191 137 47 ströks,
688 1191 13 36 i
730 1191 173 48 enlighet
931 1190 88 36 med
1044 1190 65 49 det
1131 1190 182 48 yrkande,
1343 1204 81 23 som
1454 1193 41 33 år
1523 1191 96 36 1902
1648 1189 224 37 framställts
1900 1203 47 24 av
1974 1189 47 38 de

416 1242 98 38 båda
555 1241 441 50 Uppsalafakulteterna.
1051 1231 100 47 Över
1185 1241 103 37 vissa
1328 1254 47 24 av
1412 1240 48 38 de
1503 1240 263 49 sakkunniges
1793 1239 146 50 förslag
1966 1240 55 37 in-

415 1294 200 37 fordrades
654 1307 74 35 nya
754 1292 206 50 yttranden
985 1292 80 37 från
1097 1292 46 36 de
1173 1292 246 38 akademiska
1446 1292 334 49 myndigheterna,
1809 1305 88 24 men
1923 1292 13 36 i
1963 1305 60 24 re-

416 1345 146 37 missen
601 1344 133 49 ingick
776 1344 125 37 denna
940 1346 105 46 gång
1085 1343 84 37 icke
1211 1343 46 37 de
1293 1343 107 38 delar
1426 1357 48 24 av
1498 1348 225 43 statuterna,
1751 1356 81 24 som
1857 1343 166 37 berörde

415 1396 268 49 prokanslern,
726 1395 73 37 och
826 1408 58 23 om
915 1395 113 37 dessa
1056 1395 106 36 delar
1189 1394 153 38 kommo
1371 1395 319 49 myndigheterna
1717 1394 111 38 alltså
1855 1394 86 37 icke
1969 1399 56 32 att

415 1447 119 38 uttala
563 1447 68 63 sig.
668 1447 18 36 I
708 1446 133 37 Lunds
865 1451 120 32 större
1003 1445 247 38 akademiska
1266 1445 274 38 konsistorium
1557 1445 158 49 bragtes
1732 1446 136 48 frågan
1882 1445 142 38 visser-

415 1499 106 49 ligen
549 1501 50 46 på
625 1498 53 37 tal
704 1497 12 37 i
744 1497 96 37 form
865 1511 46 23 av
933 1496 214 51 yrkanden,
1176 1502 54 32 att
1254 1497 248 38 konsistoriet
1526 1497 122 37 skulle
1672 1496 183 50 avstyrka
1874 1496 47 39 de
1938 1496 87 38 sak-

416 1549 192 49 kunniges
636 1549 224 63 förändring
888 1562 47 23 av
959 1548 388 48 kommittéförslaget
1370 1549 73 37 och
1461 1548 155 37 förorda
1640 1548 106 37 detta
1769 1560 135 25 senare
1924 1547 101 38 oför-

417 1601 148 47 ändrat,
607 1600 163 37 likasom
812 1603 39 33 år
893 1601 95 35 1903
1026 1599 98 37 hade
1165 1599 104 37 skett
1280 1579 149 67 ”(allteå
1455 1599 87 37 med
1566 1599 269 38 bibehållande
1863 1613 48 23 av
1937 1612 88 37 pro-

416 1629 202 61 kanslerns
658 1652 256 49 yttranderätt
949 1652 13 36 i
1004 1648 444 51 befordriugsärenden),
1481 1664 88 24 men
1597 1651 106 37 detta
1728 1650 174 48 yrkande
1931 1651 93 37 fann

417 1703 62 50 sig
519 1702 263 48 konsistoriet,
822 1706 49 46 på
911 1702 126 50 grund
1075 1715 47 24 av
1158 1702 208 38 remissens
1394 1702 161 49 lydelse,
1583 1702 85 37 icke
1697 1702 129 37 kunna
1853 1707 172 45 upptaga

416 1755 59 36 till
498 1753 247 50 behandling.

552 1806 57 36 De
645 1784 173 66 Brake
843 1818 82 23 som
954 1819 47 23 av
1028 1805 142 48 Kungl.
1199 1805 108 49 Maj:t
1334 1805 181 47 slutligen
1540 1804 225 58 utfärdades
1788 1802 49 49 (d.
1864 1806 46 36 27
1935 1819 87 23 nov.

420 1854 124 51 1908),
585 1856 200 38 bestämde
824 1856 272 50 prokanslerns
1135 1856 182 47 ställning
1344 1855 279 50 fullständigt
1616 1850 19 60 i
1655 1855 174 49 enlighet
1856 1855 87 38 med
1972 1855 49 38 de

418 1908 265 48 sakkunniges
724 1907 156 57 förslag.
930 1907 281 37 Prokanslerns
1240 1907 220 50 befattning
1487 1907 89 37 med
1603 1906 420 64 befordringsärenden

418 1959 199 49 upphörde
657 1959 125 45 alltså;
811 1958 12 36 i
847 1959 126 48 övrigt
996 1959 89 37 blev
1111 1959 96 36 hans
1235 1954 153 72 uppgift
1416 1959 72 36 och
1516 1958 238 48 befogenhet
1781 1958 167 48 angiven
1975 1961 49 46 på

420 2010 64 38 det
511 2015 87 42 sätt,
626 2023 81 24 som
732 1988 478 59 universitetskommittén
1235 2013 41 34 år
1305 2010 93 36 1901
1428 2009 179 38 förordat.

554 2039 61 59 Av
642 2060 126 39 denna
795 2061 246 49 redogörelse
1069 2061 61 37 för
1150 2061 237 37 tillkomsten
1403 2074 47 24 av
1467 2074 51 24 nu
1533 2061 181 49 gällande
1734 2061 291 38 bestämmelser

421 2126 61 23 om
506 2112 417 50 prokanslersämbetet
949 2112 179 49 framgår,
1157 2112 83 37 dels
1269 2117 55 32 att
1348 2112 114 37 dessa
1489 2086 293 80 bestämmelser
1803 2126 94 36 nyss
1914 2112 111 37 blivit

419 2163 238 47 reviderade,
699 2163 82 38 dels
817 2169 55 31 att
899 2163 63 37 vid
990 2163 277 38 universiteten
1294 2163 121 49 själva
1441 2165 129 46 någon
1594 2163 241 48 allvarligare
1865 2163 158 50 opinion

421 2214 57 38 för
518 2215 189 37 ämbetets
744 2214 247 38 avskaffande
1018 2214 84 38 icke
1129 2215 104 48 gjort
1262 2214 59 48 sig
1348 2214 187 38 märkbar.
1589 2214 18 37 I
1633 2214 171 51 Uppsala
1831 2214 71 37 har
1928 2214 95 37 intet

420 2266 172 49 yrkande
619 2266 11 36 i
659 2265 126 38 denna
818 2266 174 49 riktning
1033 2266 272 45 framkommit;
1346 2266 46 37 de
1427 2266 104 48 krav,
1565 2279 81 24 som
1676 2265 68 37 där
1770 2265 112 38 blivit
1908 2265 114 38 fram-
