2220 2654
712 231 231 32 Statsutskottets
969 231 161 32 Utlåtande
1156 231 62 32 N:o
1240 233 29 31 8.
1759 235 38 29 13

187 310 139 36 kronor
353 309 41 36 år
425 312 103 43 1891,
556 311 11 35 i
594 310 250 49 Helsingborg
871 309 84 38 från
984 314 156 42 248,000
1168 312 140 36 kronor
1334 312 59 35 till
1424 315 191 42 1,033,000
1655 312 141 36 kronor

186 360 115 49 sagda
328 360 41 36 år
395 362 68 35 och
490 362 13 35 i
529 360 137 38 Malmö
693 361 85 37 från
807 365 156 42 968,000
991 363 139 36 kronor
1148 363 58 36 till
1233 365 192 43 3,770,000
1454 363 139 36 kronor
1619 362 176 37 likaledes

189 414 107 42 1891,
323 418 104 39 samt,
454 412 99 37 hvad
579 412 176 37 särskildt
781 416 116 43 angår
914 413 229 37 sistnämnda
1160 413 64 38 två
1242 414 131 45 städer,
1393 413 229 37 dervarande
1640 414 157 36 hamnar

186 462 187 50 betydligt
398 463 199 46 utvidgats.

290 512 120 38 Också
436 515 94 35 hade
558 514 70 45 det,
657 515 115 46 enligt
797 515 99 36 hvad
915 516 402 48 generaltullstyrelsen
1336 514 195 46 meddelat,
1550 515 114 37 redan
1682 516 116 36 innan

187 565 46 37 de
272 564 40 36 år
355 568 93 34 1888
490 566 191 37 beslutade
720 566 315 48 genomgripande
1073 566 313 46 förändringarna
1420 566 12 36 i
1467 566 83 36 vårt
1582 565 105 37 lands
1714 567 85 35 tull-

186 615 235 50 lagstiftning
447 616 176 47 vidtagits
651 617 70 36 och
748 617 214 48 göromålen
989 618 102 35 inom
1118 617 201 37 tullverket
1338 617 216 46 derigenom
1574 618 114 44 ökats,
1703 618 96 35 visat

187 668 55 47 sig
270 667 188 48 .behöfligt
498 672 55 31 att
590 668 57 35 till
687 667 254 50 förstärkning
981 667 41 36 af
1058 669 278 36 tullkammare-
1377 668 70 36 och
1482 668 316 47 tullbevaknings-

186 719 220 46 personalen
424 719 13 35 i
457 718 246 37 omförmälda
720 724 56 31 tre
795 719 123 36 städer
936 720 115 35 anlita
1068 718 188 47 tillfälliga
1282 719 170 37 biträden
1479 720 13 35 i
1519 732 45 23 en
1591 720 80 35 icke
1690 720 109 46 ringa

187 769 241 46 omfattning;
456 770 68 35 och
551 769 102 37 detta
679 769 114 37 behof
817 770 93 36 hade
935 770 207 37 sedermera
1167 770 39 36 så
1232 770 162 46 tilltagit,
1422 775 55 31 att
1503 770 118 37 under
1639 770 41 36 år
1702 773 92 35 1891

186 820 116 37 måste
329 821 12 35 i
367 821 246 47 tjenstgöring
641 820 173 49 dagligen
842 821 205 36 användas:

286 871 64 36 vid
377 872 286 36 tullkammaren
689 872 13 35 1
729 871 188 49 Göteborg
945 876 19 33 5
994 877 106 31 extra
1126 871 186 37 ordinarie
1338 870 372 47 kammarskrifvare;

286 922 64 36 vid
376 923 331 47 tullbevakningen
735 922 185 37 derstädes
949 926 43 33 37
1024 929 107 30 extra
1158 922 186 38 ordinarie
1371 923 266 45 vaktmästare;

286 974 12 35 i
325 972 249 49 Helsingborg
601 977 20 32 4
651 979 106 30 extra
784 974 184 36 ordinarie
995 973 349 37 kammarskrifvare
1372 979 95 31 samt
1496 976 18 33 7
1556 979 106 31 extra
1701 974 96 36 ordi-

185 1025 103 35 narie
316 1025 263 44 vaktmästare;
607 1025 69 35 och

287 1076 12 35 i
325 1074 137 38 Malmö
492 1079 18 33 7
541 1080 106 32 extra
674 1074 186 38 ordinarie
887 1074 349 38 kammarskrifvare
1263 1081 95 31 samt
1388 1079 40 33 11
1469 1081 107 31 extra
1609 1075 189 37 ordinarie

185 1127 259 36 vaktmästare.

286 1176 409 50 Generaltullstyrelsen
723 1178 95 36 hade
846 1176 125 38 derför
997 1177 125 37 funnit
1149 1178 303 48 oundgängligen
1479 1177 141 49 nödigt,
1648 1183 56 31 att
1730 1177 67 37 föl-

181 1229 114 47 jande
321 1242 75 35 nya
422 1228 443 47 tjenstebefattattningar
891 1229 213 45 inrättades,
1131 1230 202 47 nemligen:

287 1280 13 35 i
329 1279 188 50 Göteborg:

286 1329 24 36 å
337 1330 296 36 tullkammaren:
660 1330 62 36 två
750 1329 350 37 kammarskrifvare
1126 1329 148 38 utöfver
1302 1331 64 36 der
1392 1343 52 23 nu
1472 1330 180 46 anstälde;

287 1381 62 36 vid
376 1381 323 48 tullbevakningen:
727 1382 215 46 ytterligare
969 1382 52 34 tio
1048 1381 268 45 vaktmästare;

287 1433 11 34 i
326 1430 256 50 Helsingborg:
620 1433 215 47 ytterligare
871 1445 45 23 en
951 1431 352 38 kammarskrifvare
1331 1433 69 35 och
1426 1431 74 37 fem
1527 1433 270 44 vaktmästare;

185 1487 95 31 samt

286 1534 14 34 2
326 1534 155 35 Malmö:
509 1534 215 48 ytterligare
751 1533 64 37 två
842 1533 350 37 kammarskrifvare
1220 1535 69 35 och
1316 1533 76 37 fem
1419 1535 258 36 vaktmästare.

286 1584 147 37 Jemväl
459 1584 64 37 vid
550 1598 43 23 en
622 1598 123 22 annan
774 1584 40 36 af
835 1584 606 48 tullförvaltningsafdelningarna
1465 1586 13 35 i
1499 1584 179 49 Göteborg,
1698 1598 99 24 nem-

185 1635 98 46 ligen
306 1636 420 47 packhusinspektionen,
755 1635 63 37 vid
845 1636 152 36 hvilken
1025 1636 194 48 tydligtvis
1246 1636 232 48 göromålens
1506 1635 139 47 mängd
1662 1637 13 35 i
1694 1644 101 28 ännu

184 1686 115 45 högre
326 1685 92 49 grad
445 1693 47 29 än
519 1685 62 37 vid
611 1686 228 37 dervarande
866 1687 263 36 tullkammare
1155 1687 109 37 vuxit
1291 1700 133 33 genom
1453 1687 45 36 de
1525 1687 180 47 vidtagna
1723 1686 72 37 för-

185 1737 252 48 ändringarna
471 1737 13 35 i
518 1736 352 47 tullagstiftningen,
905 1750 89 23 vore
1027 1738 116 47 enligt
1178 1738 423 47 generaltullstyrelsens
1629 1737 94 47 åsigt
1750 1751 45 23 en

184 1788 202 45 tillökning
420 1788 12 35 i
468 1787 71 36 den
579 1787 185 36 ordinarie
803 1788 492 47 tjenstemannapersonalen
1331 1787 41 36 af
1407 1787 174 37 behofvet
1608 1786 188 48 oafvisligt

183 1837 186 47 påkallad.
423 1837 224 47 Visserligen
674 1837 104 44 hade,
806 1838 113 36 sedan
946 1837 47 48 på
1019 1837 273 47 framställning
1319 1837 41 37 af
1392 1838 404 49 generaltullstyrelsen

185 1890 130 47 anslag
355 1888 124 36 dertill
514 1888 40 36 år
594 1891 93 34 1890
724 1889 179 46 beviljats,
931 1888 281 47 ifrågavarande
1239 1890 172 47 personal
1436 1888 82 37 från
1547 1889 69 36 och
1643 1889 85 36 med
1756 1889 41 36 år

188 1942 93 34 1891
311 1938 194 37 förstärkts
532 1939 84 36 med
644 1938 62 38 två
733 1938 359 46 kammarskrifvare,
1119 1953 84 24 men
1232 1939 110 37 äfven
1370 1939 92 38 efter
1481 1940 122 36 denna
1621 1938 176 38 förstärk-

184 1990 92 45 ning
316 1990 95 35 hade
450 1990 218 47 personalen
704 1990 80 36 icke
819 1991 144 35 kunnat
991 1991 168 47 uppbära
1186 2004 45 23 en
1258 1991 139 48 mängd
1424 2004 21 22 af
1488 1991 46 36 de
1561 1990 64 37 vid
1651 1991 146 46 inspek-

184 2040 127 36 tionen
339 2039 305 37 förekommande
671 2041 140 45 vigtiga
838 2040 177 46 göromål,
1042 2042 11 34 i
1080 2040 93 47 följd
1202 2041 134 36 hvaraf
1356 2041 107 36 också
1482 2041 186 37 derstädes
1688 2048 109 29 extra

184 2090 169 36 biträden
382 2090 94 36 måst
503 2091 187 35 användas
717 2092 13 34 i
757 2097 117 30 större
902 2090 233 49 omfattning,
1164 2099 46 27 än
1239 2092 116 45 enligt
1372 2092 424 48 generaltullstyrelsens

185 2141 152 46 mening
363 2141 96 35 varit
486 2141 180 47 lämpligt,
695 2142 184 45 nemligen
908 2141 118 36 under
1053 2144 40 33 år
1123 2144 90 34 1891
1245 2142 13 35 i
1285 2142 175 35 medeltal
1487 2142 173 47 dagligen
1685 2145 20 33 8
1726 2142 70 35 och

186 2191 119 37 under
344 2190 227 37 månaderna
606 2192 407 46 januari—september
1049 2192 40 35 af
1112 2191 175 37 nästlidet
1314 2191 40 36 år
1381 2193 9 34 i
1419 2191 174 37 medeltal
1621 2192 174 46 dagligen

187 2246 19 32 9
236 2248 106 31 extra
370 2241 184 37 ordinarie
581 2242 360 36 kammarskrifvare.

288 2292 74 37 Vid
402 2292 130 36 sådant
570 2290 235 39 förhållande
841 2293 69 36 och
947 2292 47 36 då
1028 2292 123 47 någon
1188 2293 215 47 minskning
1436 2293 12 36 i
1475 2292 215 47 göromålen
1719 2293 76 36 lika
