2214 2632
910 185 255 32 Statsutskottets
1186 184 170 32 utlåtande
1378 185 53 30 Nr
1452 187 50 29 45.

803 269 108 37 lands
938 270 62 35 län
1028 269 162 49 belägna
1217 268 300 47 markområden,
1537 269 191 49 nämligen
1744 271 107 47 0,1800
1866 269 135 37 hektar

803 335 47 22 av
899 321 302 37 hemmansdelen
1246 320 46 40 "'/«+
1338 321 141 36 mantal
1522 320 143 37 Gnesta
1705 335 45 22 nr
1787 324 22 34 2
1845 321 70 36 litt.
1952 322 47 43 A,

804 375 104 45 0,0441
936 373 135 36 hektar
1099 386 46 22 av
1172 372 306 37 hemmansdelen
1509 373 45 35 ''/+
1579 373 139 35 mantal
1747 372 145 38 Gnesta
1909 386 46 23 nr
1975 375 24 34 2

802 425 70 36 litt.
915 424 41 47 B,
999 426 108 43 0,8600
1133 424 133 36 hektar
1295 437 47 23 av
1369 424 214 36 hemmanet
1613 425 43 35 '/2
1686 425 144 36 mantal
1857 424 145 37 Gnesta

803 490 45 23 nr
878 478 18 34 1
926 476 70 36 litt.
1026 475 30 37 C
1081 476 69 36 och
1169 477 106 46 0,4200
1294 475 136 37 hektar
1458 489 46 23 av
1532 475 89 37 Kull
1641 476 70 36 och
1731 477 124 36 Kärvs
1873 476 125 48 utjord

804 528 89 36 eller
921 528 246 36 tillsammans
1190 530 101 44 1,5041
1317 527 141 48 hektar,
1487 530 61 33 må
1575 527 83 37 med
1687 527 90 37 därå
1804 528 197 48 befintliga

804 579 225 49 byggnader
1069 580 57 35 till
1156 579 142 37 Gnesta
1325 579 384 49 municipalsambhälle
1736 579 174 50 försäljas
1942 579 61 36 för

804 637 53 30 ett
885 631 76 49 pris
990 644 47 23 av
1064 630 158 50 tillhopa
1253 632 136 46 16,608
1418 631 139 36 kronor
1586 632 47 35 20
1661 636 74 42 öre,
1751 636 177 32 ävensom
1945 636 55 31 att

804 683 420 49 försäljningssumman
1252 685 62 34 må
1342 682 189 37 överföras
1546 683 57 36 till
1617 688 144 31 statens
1772 683 229 49 järnvägars

805 735 91 36 fond
937 734 58 37 för
1021 734 115 49 inköp
1170 748 45 23 av
1242 734 107 36 mark
1376 734 64 36 vid
1467 734 378 49 järnvägsstationer.

508 801 220 38 Stockholm
758 802 73 37 den
860 805 46 34 23
936 816 100 23 mars
1068 804 108 35 1917.

919 931 52 36 På
999 931 300 36 statsutskottets
1327 935 161 44 vägnar:

1028 1033 136 37 AXEL
1193 1033 193 37 EKMAN.

510 1370 222 28 Närvarande:
758 1379 32 19 se
814 1371 101 27 under
937 1370 184 29 utlåtandet
1143 1380 38 18 nr
1203 1370 49 28 43.
