2183 2639
709 196 244 29 Stats-Utskottets
980 194 150 28 Utlåtande
1152 193 57 28 N:o
1233 191 49 30 17.
1723 192 37 27 11

188 287 65 28 öre
281 277 59 37 för
368 290 88 23 man
486 276 71 36 och
587 277 46 34 20
666 281 65 29 öre
763 272 60 37 för
851 273 150 48 qvinna,
1031 285 80 23 som
1140 271 73 36 den
1240 270 59 36 för
1328 270 105 36 tiden
1461 270 59 35 till
1549 269 71 36 och
1649 268 86 36 med
1764 271 45 33 år

190 333 95 34 1872
316 330 158 48 utgjort.

288 381 95 35 Lika
424 379 87 36 med
544 378 137 48 Kongl.
717 375 105 48 Maj:t
854 388 109 23 anser
999 374 195 37 Utskottet
1222 373 73 36 den
1324 372 306 48 skattelindring,
1660 384 80 23 som
1769 370 41 36 af

188 432 258 38 Statsverkets
474 428 221 36 nuvarande
723 428 196 34 finansiela
947 426 181 47 ställning
1160 426 74 34 kan
1263 422 223 49 medgifvas,
1519 423 93 35 böra
1643 422 161 36 företrä-

189 483 124 37 desvis
350 481 173 48 vidtagas
558 483 20 32 å
612 482 127 45 någon
767 477 116 36 sådan
910 476 265 44 inkomsttitel,
1204 488 81 23 som
1312 474 59 35 för
1400 474 46 35 de
1475 473 148 35 mindre
1652 472 152 36 bemed-

187 535 86 36 lade
313 534 194 35 klasserna
548 531 143 35 kännes
732 529 220 50 tryckande.
1007 527 53 36 Af
1097 527 122 36 denna
1260 524 265 37 beskaffenhet
1566 531 77 37 äro,
1685 523 119 47 enligt

187 587 219 36 Utskottets
443 584 110 48 åsigt,
589 585 39 33 så
660 582 62 36 väl
751 581 71 35 den
851 580 217 48 personliga
1096 576 303 52 skyddsafgiften
1435 589 80 23 som
1551 576 252 46 mantalspen-

189 640 193 47 ningarne.
436 636 129 49 Begge
607 641 64 28 äro
714 646 27 23 s.
779 633 34 34 k.
848 629 400 50 kapitationsafgifter,
1285 629 77 35 lika
1389 626 60 37 för
1477 626 225 36 bemedlade
1731 625 71 36 och

190 689 262 44 obemedlade,
496 687 70 36 och
608 684 247 48 nedsättning
887 684 11 34 i
934 683 93 35 eller
1067 680 254 49 borttagande
1350 677 41 37 af
1415 678 141 36 endera
1583 676 87 37 utaf
1694 677 109 35 dessa

189 741 153 50 afgifter
381 743 122 33 måste
545 737 147 37 således
733 737 12 34 i
785 734 156 36 främsta
981 738 166 31 rummet
1180 733 150 34 komma
1365 730 74 36 den
1467 728 249 37 obemedlade
1744 728 59 35 till

189 794 111 48 godo.
354 792 58 35 Då
452 804 52 22 nu
547 787 214 38 emellertid
792 786 422 47 mantalspenningarne
1246 784 120 34 finnas
1402 780 116 36 bland
1547 779 256 38 Statsverkets

190 843 191 38 ordinarie
411 842 210 36 inkomster
649 844 197 43 upptagna
873 837 71 35 och
972 836 60 36 till
1060 834 284 37 Statskontoret
1372 833 100 47 ingå,
1501 844 87 22 men
1617 831 72 35 den
1718 843 85 35 per-

189 896 147 48 sonliga
378 890 307 53 skyddsafgiften
718 893 123 32 såsom
874 902 46 22 en
961 887 209 47 bevillning
1198 886 60 35 till
1291 882 387 50 Riksgäldskontoret
1710 881 92 36 inle-

188 959 164 31 vereras,
382 957 111 35 synes
522 943 65 35 det
613 942 199 35 Utskottet
840 940 106 35 skola
973 938 180 36 befordra
1181 937 179 36 enkelhet
1387 936 12 35 i
1426 933 284 48 förvaltningen
1731 932 70 36 och

188 998 309 46 redovisningen,
527 1007 73 29 om,
629 991 156 37 framför
814 991 72 36 den
915 990 40 36 af
977 989 135 48 Kongl.
1141 988 104 47 Maj:t
1272 987 216 46 föreslagna
1506 984 296 46 nedsättningen

190 1049 40 36 af
253 1045 368 49 folkskoleafgiften,
650 1042 280 37 inkomsttiteln
958 1040 386 47 mantalspenningar,
1379 1036 154 36 hvilken
1556 1036 123 46 jemnt
1707 1039 95 30 mot-

190 1112 129 25 svarar
360 1097 165 37 nämnda
565 1095 257 47 nedsättning,
856 1092 124 36 blefve
1014 1091 85 36 från
1127 1090 217 36 Riksstaten
1373 1088 207 42 utesluten,
1610 1084 193 37 hvarefter

191 1151 73 36 den
292 1149 218 49 personliga
538 1144 323 51 skyddsafgiftens
888 1144 141 46 belopp
1057 1143 100 46 finge
1186 1140 152 49 pröfvas
1367 1139 71 36 och
1458 1138 229 35 bestämmas
1708 1137 94 34 efter

191 1202 101 36 olika
320 1198 343 39 tidsförhållanden
692 1196 71 35 och
792 1193 222 38 statsbebof.
1068 1193 197 36 Utskottet
1292 1190 213 48 tillstyrker
1533 1187 163 44 derföre,

595 1254 56 30 att
690 1247 216 48 Riksdagen
947 1248 61 32 må
1042 1245 160 41 besluta,
1238 1248 55 30 att
1322 1242 73 35 den
1424 1240 137 36 hittills
1589 1238 123 36 under
1739 1237 64 35 be-

595 1299 229 47 nämningen
853 1296 374 48 mantalspenningar
1254 1292 191 49 utgående
1475 1289 110 49 afgift
1604 1290 96 35 skall
1718 1288 84 36 från

597 1351 70 35 och
708 1349 87 36 med
835 1352 40 32 år
909 1350 95 35 1873
1038 1347 175 48 upphöra
1247 1345 71 35 och
1347 1343 146 36 således
1521 1340 281 37 inkomsttiteln

595 1400 407 48 »mantalspenningar»
1031 1411 45 22 ur
1104 1397 216 36 Riksstaten
1349 1394 199 37 uteslutas.

293 1515 222 38 Stockholm
544 1514 73 35 den
646 1515 46 33 24
720 1511 182 36 Februari
934 1511 106 34 1872.

697 1664 54 35 På
779 1662 337 42 Stats-Utskottets
1144 1667 158 41 vägnar:

721 1763 154 37 ARVID
904 1760 175 38 FR:SON
1108 1759 163 38 POSSE.
