2177 2653
423 199 38 28 12
899 199 244 29 Stats-Utskottets
1170 200 152 29 Utlåtande
1344 201 58 28 N:o
1430 200 44 29 17.

932 479 517 45 BRBeservationer:

478 585 41 36 af
542 585 141 37 Herrar
711 586 176 37 Friherre
916 587 44 36 F.
989 588 45 36 A.
1064 588 138 46 Funck,
1232 589 42 37 F.
1303 590 215 46 Brusewitz,
1550 591 37 38 C.
1615 592 115 45 Petré,
1756 591 36 39 C.
1813 590 176 51 Caspars-

375 650 75 32 son,
483 637 37 38 C.
549 636 156 46 Ekman,
734 638 43 36 E.
807 640 45 48 af
875 639 116 46 Klint,
1021 640 175 36 Friherre
1225 641 37 36 J.
1291 640 219 51 Stjernblad,
1540 641 139 39 Grefve
1710 644 36 37 C.
1772 644 217 38 Beck-Friis

376 689 72 35 och
476 688 175 36 Friherre
678 689 42 35 EF.
749 703 68 22 von
845 690 136 44 Essen;

477 738 41 36 af
543 738 137 38 Grefve
711 740 43 36 L.
784 741 46 50 af
859 740 151 50 Ugglas:
1051 742 130 37 »Emot
1209 742 217 39 Utskottets
1453 745 127 37 beslut
1602 752 56 31 att
1677 747 190 49 tillstyrka
1887 762 103 23 man-

374 791 355 49 talspenningarnes
757 793 251 48 upphörande
1036 793 58 37 får
1117 796 66 47 jag
1210 796 147 36 anmäla
1386 798 77 34 min
1490 799 251 45 reservation;
1776 800 211 47 hvarjemte

368 842 69 49 jag
469 843 180 36 särskildt
680 856 217 24 reserverar
932 845 78 49 mig
1038 851 102 31 emot
1168 851 56 31 att
1250 845 198 39 Utskottet
1475 849 158 37 tilltrott
1662 850 56 48 sig
1746 849 158 38 förorda
1932 859 56 30 att

375 899 56 30 ett
459 894 126 35 beslut
612 895 162 36 rörande
803 896 47 35 de
879 896 192 36 ordinarie
1101 897 257 38 inkomsterna
1388 900 32 47 ej
1442 900 122 36 skulle
1584 900 134 49 Kongl.
1740 901 124 49 Maj:ts
1885 903 102 49 pröf-

373 945 93 48 ning
495 945 71 36 och
593 946 277 47 godkännande
898 948 283 45 underställas,»
1210 956 96 29 samt

475 995 41 37 af
539 996 99 37 Herr
664 997 288 50 Montgommery
982 999 231 50 Cederhjelm,
1243 1014 80 23 som
1346 1006 116 45 ansåg
1481 1002 217 39 Utskottets
1717 1006 269 48 tillstyrkande

373 1047 94 36 böra
495 1051 48 45 på
570 1048 165 48 följande
764 1055 76 31 sätt
870 1049 168 38 affattas:

777 1107 56 30 att
865 1102 216 50 Riksdagen
1114 1106 60 33 må
1207 1103 59 37 för
1294 1106 57 35 sin
1380 1106 62 36 del
1471 1106 160 46 besluta,
1661 1113 56 31 att
1746 1109 72 36 den
1848 1110 136 38 hittills

776 1153 124 36 under
933 1154 279 49 benämningen
1243 1158 375 48 mantalspenningar
1649 1161 190 46 utgående
1874 1161 111 48 afgift

776 1204 95 35 skall
911 1203 84 36 från
1036 1205 71 35 och
1141 1206 86 35 med
1256 1209 40 33 år
1327 1210 93 34 1873
1451 1209 175 47 upphöra
1655 1211 70 35 och
1754 1211 148 36 således
1930 1213 54 35 in-

775 1254 238 37 komsttiteln
1044 1257 407 50 »mantalspenningar»
1479 1273 46 22 ur
1547 1259 214 39 Riksstaten
1783 1264 198 36 uteslutas.

671 2286 222 30 STOCKHOLM,
917 2288 83 23 IVAR
1022 2283 243 30 HAIGGSTRÖMS
1290 2292 260 33 BOKTRYCKERI,
1576 2290 90 28 1872.
