2228 2618
644 153 397 34 Jordbruksutskottets
1073 155 188 33 utlåtande
1292 156 53 32 Nr
1368 156 52 31 39.
1758 158 17 31 7

216 228 47 37 de
299 230 180 48 grunder,
510 243 81 24 som
619 231 102 47 gälla
749 230 59 37 för
835 232 62 36 lån
926 233 57 35 till
1012 233 513 38 kommunikationsverkens
1553 238 175 47 personal
1758 251 63 23 en-

215 280 71 49 ligt
313 282 195 37 motionen
536 282 180 49 bifogade
741 282 137 50 bilaga;

344 347 47 23 nr
431 337 78 34 265
550 335 13 36 i
596 335 118 36 andra
741 335 219 37 kammaren
990 350 46 23 av
1064 337 86 37 herr
1177 338 176 37 Eriksson
1382 338 11 36 i
1423 338 284 52 Grängesberg,
1737 343 81 35 vari

215 385 223 48 hemställts,
463 391 56 31 att
545 386 207 49 riksdagen
780 389 118 35 måtte
928 388 190 50 medgiva,
1148 394 55 31 att
1231 390 142 48 Kungl.
1403 390 108 49 Maj:t
1541 395 60 33 må
1629 393 120 37 under
1777 397 40 33 år

218 439 96 34 1923
343 443 135 31 utöver
505 438 74 36 vad
608 438 142 50 Kungl.
781 439 108 49 Maj:t
917 439 134 50 begärt
1078 441 12 36 i
1118 441 236 49 proposition
1382 456 45 22 nr
1458 444 72 35 144
1559 444 37 36 få
1616 444 202 50 disponera

215 501 81 24 som
337 489 63 37 lån
442 490 58 36 för
534 490 379 49 bostadslägenheter
944 492 81 36 från
1054 493 440 48 egnahemslånefonden
1523 500 54 31 ett
1604 496 137 51 belopp
1771 511 47 23 av

218 542 202 46 1,000,000
449 542 157 45 kronor;

343 598 57 31 att
440 594 60 35 för
541 596 40 34 år
624 595 98 36 1924
765 594 58 37 för
851 608 145 24 samma
1023 596 175 36 ändamål
1227 599 116 34 måtte
1373 598 37 36 få
1439 598 221 50 disponeras
1688 605 133 32 utöver

214 644 74 37 vad
315 644 144 50 Kungl.
489 645 107 50 Maj:t
624 645 134 49 begärt
784 646 183 38 likaledes
999 649 201 47 1,000,000
1228 648 156 47 kronor;
1416 656 99 30 samt

343 702 55 31 att
434 700 127 34 såsom
602 697 292 51 kapitalökning
936 699 58 37 för
1034 700 442 48 egnahemslånefonden
1504 702 59 37 för
1591 703 228 49 budgetåret

217 749 201 36 1923—24
448 749 132 36 anvisa
607 755 54 31 ett
688 751 393 49 reservationsanslag
1109 765 46 23 av
1185 754 230 45 23,000,000
1445 754 151 37 kronor.

343 800 242 37 Beträffande
614 801 46 37 de
688 802 92 47 skäl,
806 815 82 24 som
916 803 146 36 anförts
1085 803 59 37 till
1164 804 84 36 stöd
1268 804 59 37 för
1347 805 109 36 dessa
1477 805 341 51 framställningar,

213 851 180 37 hänvisas
420 852 57 36 till
506 853 247 37 motionerna.

341 955 220 50 Riksdagen
590 957 128 37 anhöll
750 959 96 35 1918
875 958 12 35 i
916 957 182 38 skrivelse
1126 972 46 22 nr
1200 961 86 46 342,
1316 965 55 31 att
1399 960 143 49 Kungl.
1572 962 109 48 Maj:t
1699 965 118 34 måtte

212 1007 203 36 verkställa
444 1008 78 36 viss
549 1008 219 50 utredning,
798 1009 95 36 huru
914 1009 256 38 kolonisation
1191 1013 21 33 å
1230 1010 209 51 bondejord
1455 1012 11 36 i
1485 1013 190 37 Norrland
1695 1014 121 37 skulle

212 1058 128 37 kunna
369 1059 209 49 kraftigare
606 1065 49 31 än
683 1061 132 37 dittills
844 1061 218 50 befrämjas,
1092 1062 71 37 och
1190 1062 163 37 därefter
1382 1064 57 36 för
1466 1064 207 50 riksdagen
1701 1066 113 36 fram-

212 1111 117 48 lägga
357 1111 46 36 de
431 1111 157 48 förslag,
617 1112 56 36 till
699 1113 102 36 vilka
829 1113 257 49 utredningen
1115 1114 126 37 kunde
1269 1114 206 38 föranleda.
1520 1116 126 37 Sedan
1671 1118 141 48 Kungl.

211 1162 106 49 Maj:t
344 1162 73 37 den
449 1164 43 35 11
519 1163 74 49 juli
624 1166 97 34 1918
750 1165 210 48 uppdragit
988 1168 38 33 åt
1054 1165 73 37 den
1146 1179 141 36 genom
1307 1167 124 37 beslut
1451 1168 72 36 den
1544 1171 47 34 30
1606 1169 87 48 juni
1716 1171 96 35 1916

212 1214 156 36 tillsatta
403 1215 500 38 kolonisationskommittén
942 1222 56 30 att
1034 1218 203 36 verkställa
1260 1218 141 48 jämväl
1433 1219 72 36 den
1534 1233 47 23 av
1609 1221 205 48 riksdagen

212 1266 156 36 sålunda
405 1266 169 49 begärda
610 1267 262 49 utredningen,
902 1268 70 36 har
999 1268 503 38 kolonisationskommittén
1530 1271 12 36 i
1571 1272 65 36 sitt
1664 1273 72 36 den
1766 1275 44 34 31

211 1318 73 48 maj
319 1319 96 34 1922
447 1318 166 46 avgivna
641 1319 237 37 betänkande
907 1320 56 35 uti
993 1333 45 23 en
1068 1320 161 37 särskild
1258 1322 217 49 avdelning,
1503 1323 189 37 benämnd
1713 1325 102 35 kraf-

210 1368 121 48 tigare
359 1369 261 48 befrämjande
649 1384 46 22 av
723 1371 385 49 egnahemsbildning
1136 1375 21 33 å
1176 1372 147 37 enskild
1339 1373 88 48 jord
1446 1374 12 35 i
1478 1374 200 49 Norrland,
1698 1376 114 36 fram-

211 1420 103 36 ställt
354 1421 102 36 vissa
497 1421 145 48 förslag
684 1423 197 46 avseende,
915 1422 115 37 bland
1059 1428 127 42 annat,
1210 1424 359 50 jordförmedlings-
1598 1426 71 36 och
1699 1440 115 35 egna-

210 1472 485 37 hemslåneverksamheten
725 1474 292 48 (betänkandets
1046 1475 84 36 avd.
1165 1475 67 48 III,
1262 1476 67 36 sid.
1361 1479 45 34 91
1438 1490 33 23 o.
1501 1478 51 49 f.).
1608 1469 205 59 Åtskilliga

210 1524 268 49 myndigheter
506 1524 97 37 hava
631 1525 160 37 häröver
818 1527 149 48 avgivit
995 1527 188 48 yttrande.

339 1576 16 35 I
384 1576 72 37 den
485 1576 57 36 till
573 1579 96 34 1919
700 1581 60 33 års
789 1578 160 49 lagtima
978 1579 155 48 riksdag
1161 1580 151 36 avlåtna
1339 1581 301 48 propositionen,
1658 1596 45 22 nr
1725 1585 84 45 106,

211 1628 195 47 angående
434 1628 103 36 vissa
564 1629 392 47 egnahemsväsendet
997 1631 210 36 berörande
1235 1632 129 47 frågor
1391 1633 177 36 framhöll
1597 1634 216 37 dåvarande

210 1678 136 37 chefen
392 1679 59 36 för
493 1679 524 49 jordbruksdepartementet,
1064 1686 55 31 att
1163 1683 268 47 otvivelaktigt
1476 1685 189 35 återstode
1711 1690 100 31 ännu

209 1730 147 47 ganska
385 1730 163 49 mycket,
577 1731 115 36 innan
720 1732 391 47 egnahemsväsendet
1139 1733 11 35 i
1179 1733 57 36 sin
1265 1734 127 36 helhet
1422 1735 106 36 bleve
1558 1739 41 33 så
1615 1736 194 47 anordnat,

209 1794 80 23 som
332 1782 185 36 önskvärt
557 1783 69 35 och
669 1783 148 49 möjligt
860 1797 104 34 vore,
995 1790 97 30 samt
1120 1789 55 31 att
1202 1786 223 48 ytterligare
1454 1787 208 49 utredning
1690 1789 11 34 i
1730 1788 83 36 vik-

209 1833 80 48 tiga
317 1833 241 37 hänseenden
587 1835 186 36 tarvades.
830 1835 106 36 Efter
982 1840 55 31 att
1065 1836 97 36 hava
1191 1837 218 47 framhållit,
1441 1844 53 30 att
1522 1839 101 36 vissa
1651 1840 59 35 för
1737 1840 74 35 frå-
