1884 2786
456 162 409 38 Bevillningsutskottets
893 161 221 30 betänkande
1140 170 44 21 nr
1208 162 51 29 48.
1604 161 18 30 3

105 246 133 40 statligt
263 248 77 29 stöd
366 248 89 30 skall
480 248 139 30 lämnas
643 247 56 30 för
723 248 203 39 främjande
951 258 43 20 av
1017 247 264 39 mekanisering
1305 247 97 30 inom
1427 247 195 39 byggnads-

104 297 209 31 industrien.
346 298 68 30 För
435 298 189 40 utgivande
648 309 43 20 av
710 299 59 29 lån
789 299 54 29 till
863 298 380 39 maskinanskaffning
1262 298 65 29 har
1349 298 122 29 äskats
1491 299 49 28 ett
1562 306 61 21 an-

105 349 74 39 slag
200 358 43 21 av
263 349 20 29 4
304 349 168 39 miljoner
494 350 142 29 kronor.
661 349 279 40 Propositionen,
966 358 75 21 som
1064 348 185 31 hänvisats
1270 348 53 30 till
1348 349 273 33 statsutskottet,

101 399 65 30 har
183 399 12 28 i
212 408 49 21 nu
279 399 151 31 berörda
448 400 55 29 del
521 400 193 39 tillstyrkts
733 409 42 20 av
793 408 137 21 samma
948 399 139 30 utskott
1105 400 11 29 i
1135 399 80 30 dess
1234 399 184 30 utlåtande
1438 408 42 20 nr
1503 398 73 30 144.

146 450 243 31 Förevarande
410 451 184 34 motioner,
614 450 97 31 vilka
730 451 122 30 väckts
872 451 12 29 i
905 450 192 40 anledning
1117 459 43 21 av
1178 450 220 40 proposition
1418 459 44 20 nr
1482 450 73 35 128,
1576 449 46 30 ha

103 501 182 31 hänvisats
304 501 54 30 till
377 502 395 39 bevillningsutskottet.

149 552 122 30 Såsom
296 553 157 38 framgår
478 562 42 21 av
544 553 68 29 den
638 562 90 21 ovan
753 553 163 29 lämnade
941 553 246 39 redogörelsen
1214 552 90 30 skall
1329 552 293 39 investeringsav-

104 603 109 39 avgift
230 604 112 29 under
360 603 84 30 åren
464 603 83 30 1952
565 604 66 29 och
651 603 84 30 1953
753 604 84 39 utgå
854 604 56 29 för
928 604 107 29 bland
1053 604 110 29 annat
1180 602 214 40 investering
1410 603 12 29 i
1440 603 182 29 maskiner

104 654 64 29 och
185 654 215 30 inventarier
417 654 153 30 avsedda
586 656 51 27 att
655 655 181 29 användas
852 654 12 29 i
879 653 142 31 rörelse.
1050 654 14 29 I
1081 653 221 41 proposition
1319 663 42 20 nr
1379 653 63 30 220
1460 653 54 30 till
1532 653 90 30 före-

103 705 131 39 gående
255 705 58 29 års
333 705 146 39 riksdag
504 704 298 36 (höstsessionen)
828 705 81 30 med
931 705 134 38 förslag
1086 704 54 30 till
1162 704 210 39 förordning
1394 714 57 20 om
1474 704 148 30 investe-

103 755 208 40 ringsavgift
332 755 217 35 förordades,
573 758 51 29 att
646 756 81 30 från
749 755 332 40 avgiftsskyldighet
1104 755 114 32 skulle
1238 755 163 30 frikallas
1424 755 199 39 aktiebolag

103 807 66 29 och
196 807 233 29 ekonomiska
454 806 215 40 föreningar,
698 807 75 29 däri
801 807 173 30 kommun
1002 807 87 39 ägde
1116 816 75 20 mer
1219 807 45 29 än
1291 806 59 30 nio
1376 805 175 31 tiondelar
1580 815 42 20 av

103 857 109 30 aktie-
236 857 83 30 eller
344 857 305 40 andelskapitalet.
688 857 200 40 Riksdagen
912 857 112 30 beslöt
1048 857 197 30 emellertid
1270 857 45 40 på
1340 856 213 30 hemställan
1580 865 43 21 av

102 908 384 39 bevillningsutskottet
503 909 67 29 den
588 909 196 39 ändringen
800 910 11 29 i
828 908 421 40 propositionsförslaget,
1268 909 50 28 att
1337 907 284 40 avgiftsskyldig-

102 959 58 29 het
182 959 90 29 dock
294 959 90 29 skall
407 959 113 39 åligga
543 959 133 30 sådana
700 959 264 39 kommunägda
986 958 200 40 aktiebolag
1208 959 66 29 och
1297 958 232 30 ekonomiska
1551 958 70 30 för-

101 1010 156 39 eningar,
281 1019 76 20 som
378 1009 144 31 bedriva
543 1010 419 39 byggnadsverksamhet.
985 1009 238 30 Likställdhet
1244 1009 131 30 mellan
1400 1009 220 30 sistnämnda

101 1061 137 38 företag
256 1061 65 29 och
340 1060 207 40 privatägda
564 1060 321 40 byggnadsföretag
902 1061 103 29 råder
1026 1060 151 30 sålunda
1193 1061 11 29 i
1224 1060 100 39 fråga
1343 1069 59 21 om
1421 1059 199 40 skyldighet

101 1112 51 28 att
171 1111 120 39 utgiva
310 1111 357 39 investeringsavgift.
700 1111 161 30 Rörande
880 1111 60 30 det
959 1112 164 29 närmare
1143 1110 194 31 innehållet
1356 1110 13 29 i
1388 1109 112 40 övrigt
1519 1110 12 29 i
1550 1110 72 30 för-

95 1161 197 39 ordningen
309 1170 59 20 om
385 1161 347 39 investeringsavgift
749 1161 59 30 må
824 1161 66 30 här
908 1161 88 30 blott
1015 1160 136 30 erinras
1170 1170 57 20 om
1248 1161 58 30 det
1325 1160 180 30 allmänna
1525 1160 93 29 stad-

102 1213 128 39 gandet
250 1214 61 33 att,
333 1222 57 20 om
411 1212 206 40 myndighet
638 1213 135 30 lämnat
795 1212 133 40 statligt
949 1212 124 39 bidrag
1093 1212 83 30 eller
1198 1212 59 30 lån
1278 1211 84 31 eller
1384 1211 96 30 ställt
1502 1211 118 39 statlig

101 1263 219 39 lånegaranti
346 1263 56 30 för
424 1263 72 30 viss
519 1264 226 39 investering,
772 1264 116 29 denna
911 1264 78 31 icke
1016 1263 90 30 skall
1132 1272 103 21 anses
1261 1272 75 20 som
1363 1262 257 40 avgiftspliktig

100 1314 216 39 investering
334 1314 53 29 till
409 1315 67 29 den
496 1314 55 30 del
571 1315 200 29 kostnaden
790 1315 116 30 täckts
927 1323 43 21 av
989 1314 159 39 bidraget
1169 1314 83 29 eller
1273 1313 95 30 lånet
1390 1313 83 30 eller
1494 1320 125 32 genom

101 1364 228 39 utnyttjande
353 1374 43 20 av
419 1365 276 39 lånegarantien.

145 1415 14 29 I
174 1415 41 31 de
231 1424 48 20 nu
295 1415 231 31 förevarande
542 1415 224 30 motionerna
779 1416 65 30 har
859 1415 210 34 hemställts,
1087 1416 51 29 att
1153 1415 189 39 riksdagen
1357 1415 109 29 måtte
1482 1414 137 30 besluta

101 1468 51 27 att
167 1465 401 40 byggnadsindustriens
584 1465 419 40 maskinanskaffningar
1020 1465 100 30 skola
1135 1465 223 39 undantagas
1374 1465 82 29 från
1471 1465 150 29 investe-

101 1516 220 39 ringsavgift.
363 1516 79 29 Med
470 1517 43 29 de
543 1517 226 29 framställda
798 1517 207 39 yrkandena
1035 1516 136 39 åsyftas
1203 1516 151 30 sålunda
1383 1515 150 40 generell
1564 1515 56 29 be-

96 1566 120 29 frielse
239 1566 82 30 från
344 1566 222 39 avgiftsplikt
589 1566 57 29 för
669 1566 340 30 inventarieförvärv
1032 1565 98 30 inom
1155 1565 393 39 byggnadsindustrien.

146 1617 179 30 Utskottet
344 1618 64 29 har
427 1620 10 28 i
457 1617 59 31 sitt
535 1617 224 30 betänkande
779 1627 42 21 nr
839 1617 40 29 31
900 1617 11 29 i
931 1617 192 39 anledning
1141 1627 43 20 av
1202 1617 127 30 väckta
1347 1616 174 30 motioner
1540 1616 80 30 med

101 1668 158 39 yrkande
275 1677 57 20 om
348 1668 187 30 införande
551 1678 43 20 av
608 1668 186 39 möjlighet
809 1668 53 29 till
879 1668 144 39 dispens
1039 1668 83 30 från
1137 1667 346 40 investeringsavgift
1498 1668 12 28 i
1527 1667 94 30 vissa

102 1719 63 29 fall
188 1719 171 38 ingående
384 1719 180 39 redogjort
588 1719 56 30 för
669 1719 106 39 syftet
799 1720 80 29 med
903 1718 256 39 förordningen
1183 1728 57 20 om
1263 1717 357 40 investeringsavgift.

102 1769 178 30 Utskottet
302 1770 130 29 saknar
453 1770 121 29 därför
596 1770 191 39 anledning
808 1772 51 27 att
879 1770 11 29 i
912 1771 96 28 detta
1031 1769 259 39 sammanhang
1311 1770 164 28 närmare
1497 1769 125 29 beröra

103 1819 161 31 avsikten
281 1821 80 29 med
378 1820 203 30 införandet
599 1830 43 20 av
661 1820 109 39 avgift
786 1821 46 38 på
849 1820 95 30 vissa
961 1819 266 39 investeringar.
1258 1819 178 30 Utskottet
1454 1819 60 30 vill
1533 1819 88 30 blott

102 1870 118 30 erinra
239 1879 57 20 om
318 1872 51 28 att
389 1870 254 39 förordningen
664 1880 57 20 om
742 1870 347 40 investeringsavgift
1110 1870 102 39 givits
1234 1880 43 20 en
1300 1870 150 39 generell
1471 1870 150 29 utform-

103 1921 84 38 ning
204 1923 91 27 samt
311 1922 50 28 att
376 1922 11 29 i
403 1921 349 30 överensstämmelse
768 1922 145 28 därmed
929 1921 229 38 undantagen
1174 1920 81 30 från
1271 1920 221 39 avgiftsplikt
1509 1920 112 39 gjorts

99 1970 224 39 synnerligen
342 1970 225 39 begränsade.
588 1970 69 29 Till
675 1971 189 38 belysande
883 1970 111 30 härav
1012 1970 60 30 må
1092 1971 160 33 nämnas,
1273 1972 51 27 att
1346 1970 81 29 1951
1451 1970 57 29 års
1530 1969 90 29 riks-

103 2022 67 38 dag
190 2021 57 30 vid
269 2022 213 38 antagandet
504 2031 43 20 av
568 2022 254 39 förordningen
844 2021 52 30 till
918 2022 66 29 och
1005 2022 81 29 med
1108 2023 115 28 ansett
1247 2021 52 38 sig
1319 2021 84 30 böra
1426 2020 118 31 avvisa
1566 2030 56 30 yr-

103 2073 143 28 kanden
271 2081 57 20 om
355 2072 293 39 avgiftsbefrielse
675 2073 56 29 för
756 2072 266 39 investeringar,
1049 2072 96 30 vilka
1171 2072 202 30 verkställts
1400 2072 45 39 på
1474 2071 149 40 föreläg-

105 2123 111 39 gande
238 2132 43 20 av
302 2122 164 39 offentlig
487 2123 217 38 myndighet.
738 2124 78 29 Med
838 2124 139 38 hänsyn
1000 2122 54 29 till
1077 2123 67 29 den
1169 2123 143 38 stränga
1333 2122 289 30 återhållsamhet

104 2173 210 39 föregående
335 2173 57 30 års
412 2173 142 39 riksdag
576 2173 150 30 sålunda
744 2173 144 39 iakttog,
910 2174 63 28 när
993 2173 101 38 fråga
1114 2182 61 20 var
1195 2182 57 20 om
1273 2174 50 28 att
1345 2173 122 38 stadga
1487 2173 136 28 undan-

105 2226 58 36 tag
182 2223 81 29 från
281 2223 357 38 investeringsavgift,
661 2224 117 29 finner
800 2223 51 39 sig
870 2224 173 28 utskottet
1063 2223 77 31 icke
1161 2232 48 20 nu
1230 2223 84 29 böra
1335 2223 177 38 tillstyrka
1533 2223 90 29 före-

105 2274 153 29 varande
274 2273 183 29 motioner.

152 2374 116 29 Under
287 2373 220 40 åberopande
526 2383 42 20 av
586 2374 67 29 vad
673 2373 147 30 sålunda
839 2374 137 28 anförts
995 2373 55 29 får
1069 2373 173 29 utskottel
1260 2372 197 34 hemställa,

464 2425 50 28 att
532 2424 41 29 de
593 2426 9 28 i
621 2423 190 40 anledning
830 2433 42 20 av
890 2423 127 38 Kungl.
1037 2423 126 38 Maj:ts
1181 2422 218 41 proposition
1419 2432 42 20 nr
1484 2423 61 29 128
1565 2432 59 20 an-

417 2474 130 39 gående
571 2473 123 40 anslag
717 2474 55 30 för
794 2474 207 39 budgetåret
1026 2473 149 30 1952/53
1202 2473 49 29 till
1277 2473 201 39 främjande
1502 2483 43 20 av
1567 2473 58 29 bo-
