2192 2583
790 192 87 26 Stats-
886 191 144 28 Utskottets
1058 191 146 29 Utlåtande
1227 191 55 28 N:o
1306 191 50 29 40.
1802 194 14 26 1

946 699 90 40 N:o
1064 700 81 39 40.

652 855 77 28 Ank,
755 855 49 28 till
827 855 103 28 Riksd.
957 855 104 27 Kansli
1086 856 55 26 den
1168 856 39 27 30
1231 856 81 27 Mars
1338 856 90 34 1886,
1453 856 39 27 kl.
1520 854 37 40 !/,
1573 857 37 26 12
1635 856 139 28 midnatt.

457 1001 205 44 Utlåtande,
692 1001 14 34 i
734 1001 192 42 anledning
957 1002 46 47 af
1027 1001 125 35 väckta
1175 1002 148 48 förslag
1352 1002 76 35 dels
1457 1014 55 22 om
1524 1002 335 48 jernvägsbyggna-

650 1053 62 34 der
746 1052 65 46 för
852 1059 131 29 statens
1011 1048 153 51 räkning
1194 1054 60 34 och
1284 1053 75 35 dels
1388 1066 55 22 om
1472 1054 218 47 statsbidrag
1720 1055 54 34 till
1803 1067 57 22 en-

648 1104 119 35 skilda
787 1105 455 47 jernvägsanläggningar.

1608 1157 55 48 (R.
1694 1156 60 49 A.)

350 1311 77 36 Vid
468 1311 260 36 innevarande
770 1311 185 36 riksmöte
998 1311 115 35 hafva
1149 1310 149 48 förslag
1325 1311 127 36 blifvit
1480 1311 138 36 väckta
1647 1311 32 48 ej
1711 1311 148 36 mindre

247 1377 60 22 om
337 1362 218 49 beviljande
585 1363 41 35 af
652 1363 135 46 anslag
815 1363 56 35 till
895 1339 420 72 jernvägsbyggnader
1351 1363 60 36 för
1441 1368 146 31 statens
1618 1363 165 57 räkning
1812 1369 46 30 än

247 1415 115 36 äfven
393 1428 59 22 om
484 1414 209 37 anvisande
723 1392 61 59 af
792 1415 237 47 statsbidrag
1056 1414 56 36 till
1142 1414 330 47 understödjande
1502 1414 43 36 af
1563 1414 205 37 enskilda
1754 1428 105 35 jern-

247 1467 398 48 vägsanläggningar;
690 1467 72 35 och
805 1467 56 35 får
902 1445 201 57 Utskottet
1144 1466 158 36 härmed
1345 1428 136 86 afgifve
1525 1466 179 49 yttrande
1749 1467 110 36 öfver

247 1519 115 36 dessa
390 1518 149 48 förslag
568 1524 99 30 samt
697 1532 46 22 en
772 1518 11 35 i
813 1519 277 46 sammanhang
1116 1518 158 35 dermed
1300 1494 158 60 stående
1481 1518 109 48 fråga
1610 1532 61 22 om
1692 1519 166 35 bestäm-

247 1570 136 36 mande
427 1570 43 36 af
495 1548 55 58 ett
578 1570 110 48 visst,
718 1570 212 48 föreslaget
958 1549 129 56 vilkor
1097 1569 76 50 för
1201 1569 108 36 bifall
1337 1570 57 35 till
1423 1547 140 59 vidare
1583 1570 208 49 byggande
1822 1571 43 35 af

246 1622 231 36 statsbanor.

349 1742 47 48 A)
453 1744 196 49 Angående
669 1742 265 48 fullbordande
962 1744 47 49 af
1031 1744 214 35 stambanan
1274 1743 178 36 Bräcke—
1467 1738 182 59 Sollefteå.

350 1828 76 36 För
465 1829 203 36 utförande
699 1829 42 36 af
766 1829 74 36 den
868 1829 87 36 utaf
982 1831 95 34 1881
1110 1832 60 33 års
1199 1829 175 49 Riksdag
1402 1829 200 37 beslutade
1632 1830 226 36 stambanan

247 1880 140 36 mellan
413 1881 148 36 Bräcke
583 1882 72 35 och
677 1881 197 47 Sollefteå,
895 1881 158 36 hvarför
1073 1881 481 48 anläggningskostnaden
1573 1882 208 36 beräknats
1802 1882 58 35 till

249 1934 230 47 11,250,000
522 1933 155 48 kronor,
716 1932 137 37 hvaraf
884 1933 122 36 under
1044 1936 89 33 åren
1166 1935 255 35 1882—1885
1450 1936 126 46 utgått
1604 1933 254 36 tillsammans

248 1986 206 46 8,500,000
484 1985 162 46 kronor;
665 1985 72 36 och
758 1990 64 31 äro
851 1984 59 36 för
930 1984 259 37 innevarande
1211 1987 40 33 år
1272 1985 182 36 anvisade
1477 1987 205 46 2,000,000
1703 1986 154 35 kronor.

350 2036 17 36 I
386 2036 296 49 propositionen
704 2036 198 48 angående
928 2037 256 36 statsverkets
1206 2036 169 37 tillstånd
1403 2037 71 36 och
1489 2037 123 36 behof
1627 2037 69 36 har
1715 2037 142 48 Kongl.

246 2088 107 49 Maj:t
396 2089 215 48 föreslagit,
655 2093 56 31 att
757 2093 55 32 ett
845 2088 137 49 anslag
1009 2089 42 36 af
1078 2090 166 46 750,000
1273 2089 145 36 kronor
1445 2092 116 33 måtte
1590 2089 58 36 till
1678 2089 182 36 arbetena

247 2143 20 32 å
295 2140 165 37 berörda
489 2140 200 38 stambana
717 2142 61 36 för
807 2145 40 33 år
879 2144 95 35 1887
1006 2142 165 36 anvisas.

349 2193 203 38 Utskottet
579 2194 69 36 har
675 2193 199 48 inhemtat,
904 2199 55 31 att
987 2194 115 36 dessa
1131 2193 159 37 arbeten
1307 2197 41 33 så
1368 2194 174 48 fortgått,
1565 2199 55 31 att
1639 2194 125 36 banan
1784 2195 75 36 kan

248 2244 12 35 i
290 2244 64 36 det
382 2251 194 31 närmaste
612 2245 281 49 färdigbyggas
923 2246 122 36 under
1073 2246 135 48 loppet
1238 2246 41 35 af
1304 2245 260 37 innevarande
1594 2248 52 46 år,
1676 2252 100 31 samt
1805 2253 55 30 att

248 2295 112 37 deras
404 2297 252 49 fullständiga
692 2297 216 37 afslutande
937 2298 75 36 kan
1042 2298 87 36 med
1159 2297 151 37 visshet
1337 2303 146 30 motses
1514 2297 120 36 under
1662 2299 197 36 nästkom-

331 2356 65 29 Bih.
420 2359 48 27 till
493 2359 93 28 Riksd.
611 2360 79 28 Prot.
716 2356 94 30 1886.
856 2357 20 30 4
898 2359 89 27 Saml.
1039 2358 13 27 1
1074 2359 70 36 Afd.
1191 2356 43 29 24
1258 2358 85 34 Hift.
1758 2362 14 25 1
