2184 2583
775 195 87 26 Stats-
878 187 146 44 Utskottets
1039 192 146 29 Utlåtande
1207 192 56 28 N:o
1286 191 51 29 40.
1780 194 37 27 19

1020 312 46 36 IL.

583 416 34 48 a)
649 420 55 31 att
739 415 141 48 Kongl.
910 415 128 48 Maj:ts
1070 414 253 37 förevarande
1354 414 243 48 proposition
1627 417 59 33 må
1717 417 48 46 på
1794 414 65 36 det

649 473 76 30 sätt
752 467 165 46 bifallas,
947 472 55 30 att
1030 466 223 48 Riksdagen
1282 467 76 35 dels
1385 466 181 47 beslutar,
1597 472 55 31 att
1680 479 47 23 en
1744 472 115 30 stam-

648 520 99 35 bana
776 519 41 36 af
844 532 144 22 samma
1017 518 182 49 spårvidd
1229 518 72 36 och
1331 518 85 36 med
1449 532 145 22 samma
1623 518 236 49 öfverbygg-

648 571 73 36 nad
770 584 80 23 som
896 570 46 36 de
985 571 125 47 öfriga
1151 570 275 36 stambanorna
1467 583 141 35 genom
1653 570 204 47 Norrland,

649 637 87 22 men
778 622 89 36 med
909 622 248 48 iakttagande
1202 622 41 36 af
1267 622 105 36 vissa
1400 622 266 48 förenklingar
1693 622 12 36 i
1733 622 125 48 bygg-

648 675 229 47 nadssättet,
922 674 96 36 skall
1060 674 187 48 anläggas
1287 674 84 35 från
1402 674 186 36 Sollefteå
1617 674 93 36 eller
1738 673 120 49 lämp-

648 727 54 48 lig
744 726 121 49 punkt
906 726 11 35 i
960 726 89 36 dess
1091 726 137 36 närhet
1258 726 109 35 öfver
1397 725 177 49 Skorped
1603 726 57 35 till
1688 725 169 48 Vännäs,

647 778 87 36 med
777 783 76 30 rätt
894 778 60 35 för
983 778 141 47 Kongl.
1154 778 108 48 Maj:t
1293 783 54 30 att
1376 782 173 31 närmare
1580 778 184 35 förordna
1794 791 60 22 om

648 830 46 36 de
739 836 104 29 orter
885 832 19 33 å
947 829 115 36 linien
1104 829 139 36 mellan
1287 829 146 36 banans
1462 829 294 48 utgångspunkt
1786 830 71 35 och

649 882 188 48 Skorped,
867 881 128 35 hvilka
1019 881 215 47 jernvägen
1266 881 71 35 bör
1368 884 205 45 genomgå,
1605 886 98 31 samt
1736 881 121 36 under

647 934 125 35 vilkor
813 933 11 35 1
855 933 130 47 öfrigt,
1020 938 55 30 att
1104 932 149 48 förslag
1281 932 56 35 till
1361 933 240 48 jernvägens
1632 933 225 47 sträckning

647 985 140 35 mellan
818 984 176 49 Skorped
1025 985 70 35 och
1125 984 156 36 Vännäs
1311 984 138 36 varder
1478 984 60 36 för
1558 998 46 22 en
1626 984 229 36 kommande

645 1037 173 47 Riksdag
847 1036 218 47 framlagdt,
1089 1036 71 35 och
1189 1041 56 30 att
1274 1036 210 47 landsting,
1514 1036 226 36 kommuner
1763 1036 93 36 eller

647 1088 173 36 enskilde
863 1088 183 47 antingen
1088 1087 275 36 kostnadsfritt
1405 1088 61 35 för
1509 1093 125 30 staten
1678 1088 100 36 afstå
1806 1088 49 36 all

646 1140 60 35 för
748 1137 288 50 anläggningen
1079 1139 233 47 erforderlig
1354 1140 108 35 mark
1505 1140 93 35 eller
1628 1140 71 35 ock
1728 1140 127 35 lemna

644 1197 126 30 staten
813 1191 216 47 ersättning
1070 1191 61 36 för
1173 1190 74 36 den
1286 1191 178 45 kostnad,
1496 1191 291 36 förvärfvandet
1816 1191 42 36 af

646 1243 67 36 full
749 1242 269 50 dispositions-
1048 1243 72 35 och
1149 1242 231 48 eganderätt
1408 1242 57 36 till
1495 1243 117 35 sådan
1642 1243 107 36 mark
1778 1243 74 36 kan

644 1295 187 47 medföra,

612 1381 3 2 .
748 1348 75 35 dels
861 1346 72 36 ock
975 1346 60 36 för
1076 1345 256 49 påbörjandet
1374 1346 43 35 af
1453 1346 165 36 berörda
1653 1347 199 36 stambana

645 1399 60 35 för
742 1402 40 32 år
814 1400 95 34 1887
942 1397 151 36 anvisar
1122 1402 55 31 ett
1207 1397 135 48 anslag
1371 1397 43 36 af
1439 1411 47 22 en
1516 1398 143 35 million
1690 1398 159 46 kronor;

644 1450 71 36 och

572 1500 37 49 b)
641 1507 55 30 att
726 1502 98 35 Herr
855 1501 270 36 Schenströms
1155 1500 295 48 ifrågavarande
1481 1500 147 36 motion
1658 1500 33 49 ej
1714 1504 60 33 må
1793 1501 55 36 till

642 1556 128 45 någon
799 1553 130 36 vidare
959 1552 243 48 Riksdagens
1232 1553 135 48 åtgärd
1398 1552 210 37 föranleda.

343 1812 42 47 C)
428 1812 197 47 Angående
668 1811 276 35 läneunderstöd
967 1811 65 48 för
1060 1810 225 48 anläggning
1313 1809 46 47 af
1374 1811 156 47 jernväg
1551 1810 93 47 från
1678 1810 170 49 Göteborg

238 1867 54 36 till
328 1865 168 47 Varberg.

340 1931 141 48 Kongl.
525 1929 107 48 Maj:t
674 1929 69 36 har
776 1929 12 35 i
818 1942 47 22 en
895 1929 74 36 den
999 1931 20 33 2
1051 1928 176 37 sistlidne
1255 1928 183 37 Februari
1467 1929 174 48 afgifven
1669 1930 177 48 proposi-

235 1986 82 37 tion
360 1984 86 49 (N:o
490 1981 62 48 25)
598 1981 202 47 föreslagit
840 1980 221 48 Riksdagen
1091 1986 67 30 'att
1198 1980 141 49 bevilja
1377 1981 72 35 och
1479 1981 110 36 ställa
1617 1980 57 36 till
1703 1981 141 49 Kongl.

236 2038 128 48 Maj:ts
408 2033 233 49 förfogande
682 2038 55 30 ett
765 2032 141 49 belopp
937 2033 41 35 af
1003 2035 63 33 två
1095 2032 191 36 millioner
1315 2032 206 36 sextioåtta
1549 2038 111 30 tusen
1689 2033 154 48 kronor,

237 2095 55 30 att
333 2088 153 37 anvisas
529 2088 126 33 såsom
686 2084 60 36 lån
777 2087 37 32 åt
849 2084 257 48 Göteborgs—
1120 2080 187 57 Hallands
1332 2084 411 48 jernvägsaktiebolag
1773 2086 70 35 och

235 2144 92 45 utgå
369 2139 86 37 med
491 2150 71 24 ena
590 2136 147 36 hälften
765 2136 122 36 under
915 2139 40 33 år
986 2138 94 34 1887
1115 2136 70 36 och
1215 2136 88 36 med
1333 2136 118 36 andra
1480 2135 147 37 hälften
1656 2137 120 36 under
1804 2141 40 32 år

239 2195 110 43 1888,
392 2191 121 36 under
556 2189 46 35 de
645 2187 124 36 vilkor
812 2188 72 35 och
913 2187 302 48 bestämmelser,
1247 2201 81 22 som
1360 2188 61 35 för
1448 2188 326 49 understödjande
1805 2190 42 35 af

236 2243 174 38 enskilda
446 2239 473 52 jernvägsanläggningar
959 2239 127 37 blifvit
1127 2240 42 35 af
1211 2241 94 35 1881
1350 2242 60 33 års
1439 2239 172 50 Riksdag
1640 2239 202 39 faststälda

237 2296 92 36 eller
356 2295 63 36 vid
447 2291 261 39 innevarande
737 2291 159 49 riksdag
923 2292 126 36 kunde
1078 2291 118 36 varda
1225 2291 199 49 stadgade.
