1916 2839
289 209 17 29 2
626 203 123 41 Tredje
764 202 245 41 lagutskottets
1026 200 177 31 utlåtande
1219 209 42 21 nr
1275 201 19 29 8
1309 200 39 30 år
1365 200 83 30 1969

290 288 9 29 i
328 287 206 39 tillämpliga
564 286 95 30 delar
690 286 85 29 även
805 284 265 40 motorredskap
1107 283 67 37 (5$
1207 283 19 29 4
1257 282 137 34 mom.).
1426 281 94 31 även
1550 281 222 30 beträffande

290 341 203 41 släpfordon
512 340 64 30 och
594 339 218 31 efterfordon
832 339 95 29 finns
948 337 262 31 bestämmelser
1230 346 57 21 om
1308 336 186 40 baklyktor
1515 336 65 30 och
1602 335 170 30 reflexan-

290 396 188 39 ordningar
499 395 36 34 (6
551 395 49 37 $).

331 450 50 30 De
403 449 154 30 nämnda
578 448 310 30 bestämmelserna
910 456 57 20 om
992 446 185 39 baklyktor
1201 445 64 30 och
1288 444 349 40 reflexanordningar
1661 443 111 40 syftar

289 504 51 30 till
362 506 49 28 att
432 503 126 30 fordon
578 502 56 30 vid
657 502 78 30 färd
755 501 112 30 under
888 501 139 30 mörker
1049 500 88 30 skall
1160 500 11 29 i
1192 499 50 30 tid
1265 499 121 30 kunna
1407 498 195 41 upptäckas
1626 507 42 21 av
1688 498 84 30 bak-

290 558 207 29 omvarande
515 557 220 29 trafikanter.
752 555 268 31 Bestämmelser
1037 563 56 21 om
1111 554 202 39 utrustning
1332 562 74 20 som
1424 561 99 21 avser
1540 554 50 28 att
1609 552 163 30 utmärka

289 615 48 27 att
357 612 125 29 fordon
500 612 82 29 eller
600 609 389 31 fordonskombination
1007 609 37 29 är
1063 608 174 40 långsamt
1255 607 130 40 gående
1405 607 128 29 saknas
1553 606 11 29 i
1582 606 190 40 vägtrafik-

290 666 260 39 förordningen.

915 755 225 30 Motionerna

331 839 11 28 I
364 838 219 29 motionerna
604 836 120 30 anförs
746 836 105 30 bland
873 836 107 29 annat
1002 836 50 28 att
1074 834 201 39 problemen
1297 833 79 29 med
1399 833 41 29 de
1463 830 307 41 långsamtgående

288 892 169 28 fordonen
484 891 63 28 har
575 891 122 37 ägnats
726 891 70 27 stor
825 888 312 39 uppmärksamhet
1167 887 8 27 i
1205 887 93 28 USA.
1328 886 82 28 Man
1438 886 64 27 har
1530 886 63 28 där
1621 885 149 28 kommit

288 945 91 30 fram
396 945 52 30 till
466 953 43 22 en
525 943 142 41 lämplig
685 943 91 29 form
794 952 41 20 av
852 942 92 39 skylt
962 941 54 30 för
1034 940 229 39 utmärkning
1279 949 42 20 av
1338 939 126 29 fordon
1482 938 79 30 med
1581 939 92 38 lägre
1692 938 78 29 has-

287 1001 107 38 tighet
416 1000 44 28 än
481 998 41 30 40
544 998 169 35 km/tim.,
736 998 64 28 och
823 997 95 38 lagar
940 1005 56 20 om
1021 994 227 39 utmärkning
1270 994 80 29 med
1375 993 108 30 sådan
1508 993 91 38 skylt
1623 993 64 29 har
1711 1001 58 20 an-

287 1054 102 39 tagits
405 1054 11 29 i
431 1053 87 29 flera
535 1053 116 29 stater.

688 1142 106 38 1961,
812 1141 94 32 1966
920 1141 67 31 och
1004 1139 93 32 1967
1113 1141 58 29 års
1184 1139 186 39 riksdagar

328 1224 66 30 Vid
411 1223 80 30 1961
509 1223 56 29 års
581 1222 141 39 riksdag
737 1222 140 30 väcktes
892 1221 172 29 motioner
1083 1220 46 34 (I:
1146 1219 62 30 370
1224 1219 65 30 och
1304 1219 45 29 II:
1366 1218 80 35 227)
1466 1217 78 30 med
1560 1217 210 30 hemställan

286 1280 48 28 att
357 1277 188 40 riksdagen
568 1277 107 29 måtte
699 1276 135 29 besluta
858 1276 49 29 att
932 1275 11 28 i
965 1273 429 41 vägtrafikförordningen
1419 1272 112 29 skulle
1555 1271 134 29 införas
1713 1270 56 30 be-

286 1331 199 30 stämmelse
512 1340 56 20 om
593 1332 50 28 att
667 1330 166 39 släpvagn
858 1337 74 21 som
957 1327 211 30 framfördes
1194 1326 88 30 efter
1305 1326 136 30 traktor
1467 1325 112 30 skulle
1604 1324 106 30 bakåt
1735 1324 35 29 åt

286 1385 104 40 höger
407 1385 55 29 väl
482 1384 127 40 synligt
627 1384 73 29 visa
719 1392 43 20 en
781 1383 92 39 skylt
891 1382 79 29 med
989 1381 97 30 ordet
1106 1379 253 31 »TRAKTOR>
1381 1379 11 29 i
1411 1378 257 30 reflekterande
1687 1379 82 28 text.

328 1437 119 31 Andra
471 1437 227 37 lagutskottet
723 1435 159 31 erinrade
908 1435 11 30 i
942 1434 180 30 utlåtande
1153 1433 94 35 (2LU
1276 1432 173 35 1961:40)
1479 1432 9 29 i
1514 1431 188 37 anledning
1728 1440 42 21 av

286 1493 228 33 motionerna,
543 1501 56 20 om
628 1493 51 28 att
706 1490 310 30 bestämmelserna
1045 1488 221 30 beträffande
1299 1487 324 39 traktorsläpvagns
1654 1487 116 28 utrus-

287 1546 102 30 tande
409 1546 78 30 med
506 1545 215 39 belysnings-
741 1544 64 30 och
825 1543 347 38 reflexanordningar
1194 1542 139 38 skärpts
1355 1540 95 30 såväl
1474 1539 80 30 1955
1578 1548 74 21 som
1676 1538 92 30 1958.

286 1600 57 30 Att
366 1601 109 29 innan
499 1599 199 30 erfarenhet
720 1598 143 30 vunnits
887 1607 42 20 av
953 1597 101 29 dessa
1078 1595 251 39 förbättringar
1354 1594 116 30 införa
1496 1593 196 40 skyldighet
1719 1594 50 28 att

286 1654 92 30 förse
403 1653 306 40 traktorsläpvagn
737 1652 79 30 med
848 1650 151 31 särskild
1026 1649 243 40 varningskylt
1297 1648 87 30 fann
1412 1648 170 29 utskottet
1611 1647 71 30 inte
1711 1645 59 41 på-

286 1708 119 30 kallat.

327 1760 202 31 Utlåtandet
544 1759 200 38 godkändes
759 1768 42 20 av
815 1758 196 37 riksdagen.

330 1868 178 30 Yrkandet
522 1868 159 30 återkom
696 1868 10 29 i
722 1868 132 29 motion
875 1867 62 34 (II:
954 1866 79 34 299)
1053 1867 57 29 vid
1126 1866 83 30 1966
1223 1866 57 29 års
1294 1865 153 40 riksdag.

330 1923 177 29 Motionen
523 1921 372 30 remissbehandlades.
912 1920 166 39 Samtliga
1093 1920 234 39 remissorgan
1342 1920 178 38 avstyrkte
1535 1919 76 29 den.

329 1976 13 29 I
367 1976 59 29 sitt
449 1985 42 20 av
515 1975 185 39 riksdagen
725 1974 185 40 godkända
934 1974 179 29 utlåtande
1139 1983 41 19 nr
1206 1974 40 29 34
1271 1974 11 28 i
1307 1973 187 39 anledning
1523 1982 43 20 av
1590 1973 179 29 motionen

286 2029 145 30 anförde
447 2028 110 40 tredje
573 2027 227 40 lagutskottet
814 2028 44 29 bl.
873 2037 29 20 a.
918 2027 172 40 följande:

329 2101 48 29 De
403 2101 112 29 risker
542 2100 9 29 i
578 2099 154 30 trafiken
760 2109 74 20 som
861 2099 294 39 sammanhänger
1183 2099 78 29 med
1290 2098 238 30 skillnaderna
1556 2099 10 28 i
1594 2096 174 39 hastighet

285 2146 127 29 mellan
430 2145 93 29 olika
541 2144 342 39 fordonskategorier
903 2145 38 28 är
957 2144 238 39 otvivelaktigt
1212 2143 205 39 betydande.
1437 2142 147 30 Särskilt
1603 2141 167 40 påtagligt

285 2191 37 28 är
341 2192 50 27 att
410 2190 41 29 de
470 2189 293 39 långsamgående
781 2189 172 28 fordonen
972 2196 58 31 ger
1049 2188 141 39 upphov
1208 2188 53 28 till
1281 2189 47 27 ett
1348 2187 112 29 starkt
1480 2187 82 29 ökat
1583 2186 95 30 antal
1698 2195 71 20 om-

285 2235 200 39 körningar.
513 2234 259 29 Motionärerna
800 2233 63 30 har
892 2232 148 30 sålunda
1069 2232 105 39 enligt
1204 2232 188 29 utskottets
1422 2231 141 39 mening
1592 2231 104 39 pekat
1725 2230 45 40 på

285 2281 47 28 ett
352 2279 185 39 väsentligt
559 2277 461 40 trafiksäkerhetsproblem.
1047 2277 65 29 Det
1135 2276 130 40 förslag
1290 2285 75 21 som
1389 2276 41 29 de
1454 2275 164 40 framlagt
1641 2275 128 29 beträf-

284 2324 105 30 fande
417 2324 173 29 särskilda
617 2322 303 40 varningsskyltar
949 2322 44 39 på
1022 2321 394 39 traktorsläpvagnarna
1446 2329 101 31 synes
1577 2319 191 30 emellertid

285 2369 70 30 inte
377 2377 84 22 vara
483 2367 176 41 praktiskt
683 2366 271 41 genomförbart.
980 2366 79 30 Som
1085 2365 156 40 framgår
1264 2375 43 20 av
1331 2366 232 29 remissvaren
1589 2364 112 30 skulle
1726 2373 43 21 en

285 2414 93 39 skylt
400 2414 56 29 för
478 2415 50 27 att
552 2413 122 29 kunna
698 2412 91 29 läsas
813 2411 45 40 på
881 2411 235 40 betryggande
1141 2410 147 30 avstånd
1316 2410 37 29 få
1378 2409 131 30 sådana
1534 2409 234 30 dimensioner

285 2460 50 28 att
357 2458 70 30 fast
448 2457 197 39 montering
668 2466 42 20 av
732 2456 67 30 den
821 2456 72 30 inte
916 2456 38 29 är
977 2455 132 39 möjlig,
1132 2454 169 30 eftersom
1325 2454 138 39 skylten
1487 2454 74 29 ofta
1586 2453 112 30 skulle
1720 2453 49 29 bli

286 2503 50 31 till
352 2502 153 30 hinders.
523 2502 53 28 En
592 2501 64 30 lätt
672 2500 167 39 avtagbar
855 2499 93 40 skylt
966 2499 71 30 kan
1054 2499 71 29 inte
1144 2507 102 21 anses
1263 2507 83 21 vara
1364 2506 43 21 en
1425 2498 189 40 godtagbar
1632 2497 138 39 lösning
