2208 2618
340 165 117 32 Andra
481 150 220 47 Kammarens
729 162 187 42 Tillfälliga
945 161 140 34 Utskotts
1109 160 79 42 (N:o
1216 162 31 38 1)
1276 159 172 34 Utlåtande
1471 158 64 33 N:o
1560 161 52 29 32.
1761 158 18 30 3

180 250 81 42 rätt,
302 245 138 39 hvilket
482 244 83 38 med
607 244 112 38 andra
747 244 65 38 ord
839 242 64 39 vill
932 245 94 47 säga,
1055 247 53 33 att
1136 240 131 51 själfva
1295 243 113 35 rätten
1436 238 55 46 då,
1521 238 60 38 vid
1609 236 171 51 frånvaro

180 303 45 46 af
255 300 170 50 behöriga
463 299 235 49 anledningar,
736 299 30 49 ej
807 310 63 26 var
903 303 86 32 utan
1027 296 184 38 missbruk
1255 295 140 49 effektiv.
1458 293 58 49 Ty
1551 306 45 24 en
1633 296 72 34 rätt
1741 296 39 33 är

179 355 162 38 hvarken
369 354 66 37 här
463 353 86 38 eller
577 366 130 24 annars
737 353 11 36 i
777 352 80 38 vårt
884 350 278 39 samhällsskick
1191 363 44 24 en
1263 350 12 35 i
1303 349 58 48 lag
1389 348 205 48 medgifven
1610 347 170 48 befogen-

180 409 62 37 het
268 409 56 37 till
361 408 187 49 godtycke.
613 407 79 37 När
726 419 45 24 en
807 407 169 47 villkorliy
1013 408 73 34 rätt
1124 404 143 37 utöfvas
1306 409 96 37 utan,
1430 402 12 36 i
1471 401 91 37 strid
1591 401 80 37 med
1700 400 79 37 vill-

180 464 121 43 koren,
330 462 80 37 med
440 462 95 36 hvad
564 461 110 37 ofvan
703 460 116 37 kallas
848 459 43 37 de
909 459 125 49 giltiga
1054 458 292 48 anledningarna,
1367 456 46 36 då
1433 455 225 37 missbrukas
1677 454 103 48 lagen

180 517 67 38 och
276 517 103 37 öfvas
400 515 93 38 våld.
548 516 74 36 Det
649 515 97 36 inser
774 513 208 49 visserligen
1011 513 30 49 ej
1073 518 52 31 ett
1153 512 100 44 barn,
1281 524 83 23 men
1392 509 110 37 redan
1531 510 56 36 för
1606 508 44 37 de
1669 508 111 49 tidiga

181 570 262 51 ungdomsåren
481 572 39 34 är
557 569 60 37 det
653 568 147 49 mycket
833 568 69 36 lätt
928 566 212 44 förklaradt,
1169 565 69 37 och
1266 564 60 37 det
1360 564 66 37 hör
1453 563 80 37 med
1563 562 57 37 till
1648 562 44 37 de
1720 562 60 36 be-

179 638 120 37 grepp,
342 637 78 24 som
461 626 127 46 utgöra
625 623 69 37 den
731 622 12 36 i
781 628 52 31 ett
866 620 219 38 civiliseradt
1113 618 174 38 samhälle
1316 630 198 37 uppvuxna
1542 615 238 38 människans

180 678 253 49 oafhändeliga
461 677 183 49 egendom.

314 733 105 36 Hvar
460 732 117 37 skulle
617 731 61 36 väl
719 733 118 34 rätten
879 729 107 37 sökas
1029 733 53 32 att
1117 726 140 49 förbigå
1290 725 69 38 den
1388 725 112 49 enligt
1526 725 59 48 lag
1614 722 166 45 ordnade,

180 786 192 39 bestående
414 784 218 51 myndighet,
674 784 56 37 till
764 783 149 37 hvilken
949 781 305 48 landshöfdingen
1286 779 92 37 hade
1406 785 54 31 att
1486 778 224 38 öfverlämna
1738 776 44 37 de

181 842 38 36 af
247 840 158 38 onämnd
433 852 129 37 person
591 838 66 38 hos
685 838 134 37 honom
847 836 125 50 gjorda
1007 835 239 49 angifvelser?

313 895 82 36 Den
424 897 39 34 är
490 893 79 37 icke
596 892 204 37 inskrifven
828 892 11 35 i
872 892 47 36 10
949 892 24 46 &
1002 890 38 36 af
1068 887 554 49 landshöfdingeinstruktionen,
1643 898 77 24 som
1741 887 40 34 är

181 950 37 35 af
246 948 158 50 följande
431 947 150 49 lydelse:

314 1001 135 50 Kungl.
478 1001 123 49 Maj:ts
639 998 400 50 befallningshafvande
1068 997 142 37 utöfvar
1238 995 128 49 högsta
1394 993 307 50 polismyndighet
1728 994 53 36 uti

182 1057 104 44 länet,
324 1056 68 37 och
429 1055 65 37 bör
522 1054 121 38 därför
671 1054 109 37 hafva
809 1051 231 49 omsorgsfull
1069 1050 161 37 vårdnad
1258 1049 97 44 därå,
1383 1054 54 31 att
1464 1048 136 37 allmän
1629 1047 152 49 ordning

180 1111 67 37 och
276 1110 168 37 säkerhet
471 1108 273 50 upprätthållas,
773 1112 103 39 samt,
904 1107 12 36 i
944 1105 174 37 händelse
1144 1104 166 37 häremot
1338 1103 129 48 brytes,
1497 1102 145 48 vidtaga
1671 1102 109 36 erfor-

181 1165 133 48 derliga
356 1163 174 49 åtgärder,
573 1163 187 37 äfvensom
796 1162 12 35 i
837 1161 109 47 öfrigt
973 1159 104 44 tillse,
1106 1163 54 32 att
1188 1157 186 49 begångna
1403 1157 97 36 brott
1519 1155 114 37 blifva
1661 1156 13 35 i
1701 1156 80 48 laga

181 1218 153 48 ordning
371 1216 173 44 beifrade;
574 1215 139 50 ägande
742 1214 134 49 Kungl.
910 1213 124 49 Majt:s
1064 1210 400 49 befallningshafvande
1492 1215 62 38 att,
1583 1210 56 36 för
1666 1209 114 36 hand-

181 1271 181 38 hafvande
388 1271 115 43 häraf,
532 1270 52 36 uti
614 1269 135 38 sådana
777 1268 73 44 fall,
879 1267 65 37 där
972 1279 131 24 ansvar
1131 1265 80 37 icke
1240 1268 40 33 är
1307 1264 9 36 i
1348 1264 58 48 lag
1434 1263 192 44 bestämdt,
1655 1263 126 48 stadga

183 1325 228 48 erforderliga
439 1324 106 37 viten.

313 1379 89 44 När,
431 1378 90 37 efter
549 1376 222 38 afslutandet
800 1374 59 38 vid
887 1374 254 37 rådhusrätten
1170 1373 37 36 af
1237 1371 313 48 undersökningen
1578 1370 13 36 i
1619 1370 60 37 det
1706 1370 75 36 s.k.

182 1432 186 45 vedmålet,
405 1431 168 38 anmälan
611 1454 48 3 -—
698 1430 111 48 enligt
850 1428 142 50 uppgift
1020 1450 49 4 —
1100 1426 97 37 skett
1237 1425 67 37 hos
1346 1423 436 49 landshöfdingeämbetet

183 1493 74 32 mot
289 1492 51 32 ett
377 1487 36 36 af
450 1486 169 43 vittnena,
654 1484 146 38 hvarför
837 1481 226 38 meddelades
1092 1481 30 48 ej
1154 1480 98 37 detta
1280 1479 55 37 till
1364 1478 222 49 vederbörlig
1614 1477 166 49 myndig-

181 1541 83 37 het?
321 1541 18 36 I
369 1539 229 49 förbigående
627 1538 104 49 sagdt
759 1537 180 37 förefaller
968 1535 117 37 denna
1113 1547 26 24 s.
1160 1535 34 36 k.
1215 1533 169 37 anmälan
1405 1532 117 37 såsom
1543 1538 53 31 ett
1614 1544 166 36 arrange-

182 1608 106 35 mang
329 1595 11 35 i
383 1594 69 36 den
494 1593 141 37 åtalade
671 1591 351 38 läroverksrektorns
1060 1590 160 35 intresse.
1277 1587 81 37 Och
1393 1586 81 37 med
1503 1586 70 36 den
1602 1586 179 47 naturliga

184 1648 136 49 frågan:
359 1648 147 35 hvarför
539 1645 269 38 öfverlämnade
836 1645 29 48 ej
896 1643 305 47 landshöfdingen
1230 1641 117 36 denna
1375 1640 169 36 anmälan
1573 1640 57 35 till
1659 1639 121 36 veder-

183 1701 156 37 börande
368 1700 231 49 myndighet?
629 1699 119 37 träder
776 1711 84 23 man
888 1698 37 35 in
953 1697 13 35 i
994 1696 174 36 historien
1198 1707 58 24 om
1286 1707 43 23 en
1357 1693 317 46 ämbetsutöfning,
1703 1704 77 24 som

192 1779 39 3 —
261 1768 58 24 om
349 1754 69 37 den
448 1754 125 36 vinner
607 1752 183 48 efterföljd
817 1773 53 5 —
898 1750 94 37 skall
1021 1749 171 36 innebära
1223 1754 51 30 ett
1302 1748 37 35 af
1368 1747 44 36 de
1440 1746 161 37 svåraste
1629 1750 154 32 attentat

181 1814 76 32 mot
294 1807 301 43 rättstillståndet,
629 1819 78 24 som
735 1804 232 38 förekommit
995 1803 112 36 under
1134 1802 60 37 det
1222 1801 40 37 år
1293 1802 99 36 1809
1422 1799 223 50 grundlagda
1674 1805 107 31 stats-

182 1862 147 37 skicket.

314 1916 82 36 Den
433 1927 87 36 nyss
555 1913 154 38 citerade
745 1915 23 46 &
805 1913 51 36 uti
891 1911 266 37 instruktionen
1188 1909 72 36 kan
1289 1909 29 48 ej
1350 1921 61 24 ens
1439 1920 128 35 genom
1597 1906 185 50 uppenbar

182 1970 198 48 vrängning
417 1968 174 48 åberopas
621 1967 54 37 till
704 1966 81 37 stöd
813 1967 57 36 för
898 1964 321 47 landshöfdingens
1249 1962 135 48 åtgärd,
1413 1961 46 37 då
1487 1961 73 36 han
1589 1962 93 47 först
1710 1961 71 36 för-

183 2022 157 38 ordnade
377 2035 43 23 en
453 2021 210 37 landsfiskal
691 2019 82 37 från
803 2025 51 31 ett
882 2024 110 31 annat
1019 2018 63 35 län
1111 2022 54 30 att
1193 2015 96 37 åtala
1318 2021 51 31 ett
1397 2016 37 34 af
1463 2015 164 36 vittnena
1655 2014 12 36 i
1695 2013 84 37 ved-

182 2077 109 36 målet
319 2075 66 37 och
415 2074 111 37 andra
554 2074 66 36 hos
650 2074 225 46 Konungens
906 2068 397 50 befallningshafvande
1332 2067 118 37 såsom
1480 2067 218 36 misstänkta
1718 2080 63 22 an-

181 2131 99 49 gifna
310 2152 48 4 —
389 2129 36 36 af
461 2128 117 43 hvem,
612 2126 130 36 månne
780 2126 37 35 af
854 2123 255 38 landsfiskalen
1138 2122 170 48 angifna?
1339 2143 49 4 —
1418 2133 182 36 personer;
1630 2120 151 46 därefter

184 2182 212 40 förordnade
424 2181 207 37 densamme
659 2185 54 31 att
741 2178 118 38 såsom
889 2177 136 37 allmän
1053 2176 167 47 åklagare
1249 2175 11 35 i
1290 2174 184 48 Göteborg
1503 2173 154 37 anställa
1669 2173 112 48 polis-

183 2237 253 48 undersökning
465 2236 59 36 och
553 2235 79 47 laga
659 2234 176 47 häktning.

316 2291 74 36 Det
418 2292 39 34 är
485 2302 43 23 en
557 2287 132 37 svensk
718 2286 235 43 ämbetsman,
982 2296 74 24 som
1090 2281 160 39 utfärdat
1271 2281 101 37 dessa
1393 2280 111 45 order,
1524 2281 30 48 ej
1565 2278 55 53 en
1641 2279 139 38 turkisk
