1866 2782
367 157 409 41 Bevillningsutskottets
799 154 218 32 betänkande
1039 163 43 21 nr
1103 154 41 30 23
1169 153 40 30 år
1231 152 83 30 1957
1578 149 20 31 3

91 245 57 30 kel
169 243 248 31 beskaffenhet
442 244 52 28 att
517 244 48 28 ett
591 243 87 28 stort
702 240 97 33 antal
823 240 91 29 rätta
938 239 179 38 lösningar
1141 245 113 31 avges.
1280 236 13 30 I
1316 236 103 29 dessa
1442 235 63 29 fall
1528 234 66 29 blir

92 296 162 39 slumpen
275 294 134 30 således
431 293 197 39 avgörande
650 292 54 30 för
724 291 118 30 vilken
863 290 83 30 eller
965 289 96 30 vilka
1080 297 43 21 av
1143 288 42 29 de
1205 288 93 29 rätta
1318 286 180 39 lösningar
1519 293 76 21 som

91 345 229 41 prisbelönas.
342 345 52 29 En
415 353 120 20 annan
555 344 60 39 typ
637 343 38 29 är
697 343 51 29 att
769 341 200 39 deltagaren
992 339 88 30 skall
1102 340 157 38 prestera
1281 339 48 28 ett
1351 336 139 39 slagord
1512 335 83 30 eller

92 396 166 30 liknande
284 395 55 30 för
364 394 223 30 anordnaren
613 392 145 40 lämplig
783 391 204 41 prestation,
1013 389 153 30 varefter
1189 389 172 29 vinnaren
1386 389 96 28 utses
1507 386 89 30 efter

92 446 212 39 bedömning
326 455 41 20 av
389 445 149 39 avgivna
559 444 141 39 förslag.
725 444 12 29 I
761 443 111 29 andra
893 442 61 29 fall
978 441 155 39 återigen
1157 440 70 29 kan
1250 439 204 39 deltagarna
1477 437 46 30 ha
1546 438 49 28 att

93 497 151 39 fullgöra
264 496 115 40 någon
399 495 55 30 för
475 494 222 31 anordnaren
717 494 11 29 i
749 493 66 31 och
835 492 54 30 för
910 493 51 39 sig
980 492 159 30 värdelös
1160 490 205 41 prestation,
1386 488 210 40 exempelvis

89 547 95 30 bilda
205 546 38 31 så
262 547 128 38 många
411 546 62 29 ord
496 554 75 21 som
592 544 138 40 möjligt
752 553 42 21 av
815 543 233 30 bokstäverna
1072 543 9 29 i
1104 541 241 30 anordnarens
1367 539 227 33 firmanamn,

93 598 153 29 varefter
266 598 72 39 pris
358 597 152 31 tilldelas
529 596 67 30 den
615 596 83 29 eller
717 596 80 29 dem
817 603 74 20 som
911 593 135 40 lyckats
1064 592 88 30 bäst.
1173 593 72 28 Har
1263 592 11 29 i
1295 590 221 31 sistnämnda
1535 589 61 29 fall

95 648 89 29 flera
198 648 76 29 nått
290 656 135 21 samma
440 647 147 29 resultat
602 646 71 29 kan
688 645 194 39 ordningen
898 644 128 30 mellan
1042 643 222 40 pristagarna
1280 642 213 29 bestämmas
1510 640 88 30 efter

94 699 151 38 lottning
264 698 83 29 eller
365 697 44 40 på
429 699 109 28 annat
556 706 42 20 av
618 697 162 39 slumpen
797 695 172 29 beroende
987 695 79 29 sätt.
1086 694 170 38 Slutligen
1274 693 70 29 kan
1363 693 149 29 nämnas
1531 691 68 29 den

92 750 60 38 typ
172 757 42 21 av
233 748 142 39 tävling,
396 756 76 21 som
493 747 44 30 bl.
559 756 28 20 a.
609 746 227 30 förekommit
856 745 10 29 i
887 744 366 39 televisionsprogram
1273 743 65 29 och
1358 742 10 29 i
1389 742 117 29 vilken
1527 741 70 29 del-

96 802 154 37 tagaren,
271 808 76 20 som
366 799 72 29 inte
458 798 64 29 har
543 798 107 39 några
671 796 254 34 medtävlande,
947 795 55 30 för
1021 797 51 28 att
1092 794 133 30 erhålla
1245 794 72 40 pris
1338 793 89 30 skall
1449 792 150 39 fullgöra

95 850 93 29 vissa
209 849 244 40 prestationer.

142 900 120 30 Såsom
284 909 42 20 av
348 900 67 29 den
437 899 146 39 tidigare
605 898 162 30 lämnade
789 897 243 39 redogörelsen
1053 895 156 40 framgår
1231 895 89 30 skall
1341 895 108 39 enligt
1469 894 131 29 lotteri-

97 950 253 39 förordningen
369 949 117 31 såsom
505 949 115 30 lotteri
640 958 103 20 anses
763 948 98 39 varje
880 948 144 38 företag,
1046 947 75 29 däri
1142 947 89 29 efter
1251 946 161 38 lottning,
1433 944 166 40 gissning,

95 1001 229 39 vadhållning
343 1000 83 31 eller
444 1000 181 39 jämförlig
645 1009 42 20 av
707 999 161 39 slumpen
887 998 73 30 helt
978 998 83 29 eller
1081 997 109 30 delvis
1212 997 171 29 beroende
1404 995 197 39 anordning

98 1051 70 30 kan
193 1060 44 20 av
258 1060 43 20 en
324 1051 82 29 eller
429 1051 89 29 flera
540 1050 176 39 deltagare
739 1049 151 30 erhållas
912 1049 94 29 vinst
1030 1049 51 29 till
1106 1048 107 39 högre
1235 1048 106 30 värde
1365 1048 44 29 än
1433 1047 68 33 det,
1526 1055 75 20 som

98 1101 148 30 erhålles
266 1110 42 22 av
326 1101 98 39 varje
443 1101 186 39 deltagare.

143 1152 13 29 I
175 1152 177 39 åtskilliga
371 1161 42 20 av
432 1152 41 29 de
492 1151 172 39 tävlingar
684 1160 76 21 som
778 1150 125 30 hittills
923 1150 191 30 anordnats
1133 1150 99 29 torde
1252 1149 175 39 utgången
1448 1148 47 30 ha
1511 1148 91 29 varit

99 1202 38 29 så
155 1202 172 30 beroende
346 1211 42 22 av
407 1202 162 39 slumpen
587 1204 51 27 att
656 1202 117 29 lotteri
792 1201 167 39 förelegat
980 1201 106 39 enligt
1106 1199 390 39 lotteriförordningens
1516 1198 87 30 defi-

97 1252 121 30 nition.
235 1252 140 30 Vinster
390 1252 11 29 i
417 1252 121 39 dylika
553 1252 154 30 lotterier
724 1252 99 29 torde
839 1251 78 30 med
934 1252 138 38 hänsyn
1089 1251 53 30 till
1160 1251 207 39 stadgandet
1382 1250 11 29 i
1412 1250 38 30 19
1470 1249 15 37 $
1502 1249 99 30 kom-

98 1303 343 39 munalskattelagen
461 1304 72 28 inte
554 1303 121 29 kunna
696 1302 348 30 inkomstbeskattas.
1066 1302 167 30 Däremot
1255 1310 102 30 synes
1379 1300 225 39 beskattning

99 1353 108 39 enligt
230 1353 254 40 förordningen
507 1363 57 20 om
590 1353 152 30 särskild
765 1353 95 30 skatt
882 1352 20 31 å
923 1353 94 29 vissa
1040 1352 252 30 lotterivinster
1314 1352 123 29 kunna
1461 1351 142 29 komma

99 1404 10 28 i
128 1404 109 39 fråga.

145 1455 13 29 I
179 1454 109 29 andra
309 1454 60 29 fall
388 1454 155 39 återigen
562 1454 98 30 torde
679 1454 173 39 svårligen
871 1454 122 29 kunna
1011 1455 101 37 göras
1131 1453 161 39 gällande
1311 1454 50 28 att
1380 1452 116 30 lotteri
1515 1452 90 30 före-

100 1504 117 39 ligger,
241 1504 119 30 varför
382 1504 225 39 beskattning
633 1505 109 39 enligt
765 1504 221 30 sistnämnda
1010 1504 208 39 förordning
1241 1503 31 39 ej
1299 1504 70 28 kan
1394 1503 71 30 ske.
1490 1503 114 29 Huru-

98 1555 81 31 vida
198 1555 138 30 vinsten
356 1555 12 30 i
387 1556 102 30 dessa
510 1556 61 29 fall
591 1556 63 31 bör
674 1556 348 34 inkomstbeskattas,
1043 1555 268 40 gåvobeskattas
1333 1555 82 29 eller
1437 1554 168 40 möjligen

100 1614 84 20 vara
203 1605 71 29 helt
295 1605 162 30 skattefri
477 1606 70 29 kan
565 1615 85 20 vara
670 1605 148 30 föremål
837 1605 55 30 för
912 1606 137 30 tvekan.
1070 1606 65 29 Det
1154 1605 99 30 torde
1274 1606 72 30 inte
1364 1614 84 21 vara
1468 1604 137 39 möjligt

101 1658 51 27 att
171 1664 39 31 ge
229 1658 48 27 ett
298 1656 166 39 generellt
484 1666 78 20 svar
583 1656 44 40 på
645 1656 137 40 frågan,
801 1658 85 27 utan
906 1656 114 30 denna
1039 1656 62 30 bör
1119 1656 167 30 bedömas
1307 1656 111 29 under
1438 1655 167 30 beaktan-

102 1707 41 28 de
165 1715 43 20 av
229 1707 346 38 omständigheterna
595 1707 11 29 i
628 1707 57 29 det
705 1707 161 29 enskilda
886 1707 108 32 fallet.
1018 1707 13 29 I
1053 1708 49 28 ett
1123 1707 142 39 nyligen
1286 1707 142 29 avdömt
1449 1706 70 30 mål
1541 1706 65 29 har

102 1756 280 30 kammarrätten
401 1759 116 27 ansett
535 1759 50 28 att
604 1758 73 38 pris
696 1758 11 28 i
729 1767 42 20 en
792 1757 140 39 tävling,
953 1766 75 20 som
1048 1758 192 29 anordnats
1259 1759 11 29 i
1290 1757 239 39 reklamsyfte,
1547 1757 58 29 vid

103 1807 429 39 inkomstbeskattningen
558 1808 91 29 varit
675 1809 50 28 att
751 1807 151 30 hänföra
927 1808 51 29 till
1004 1808 156 30 inkomst
1186 1817 43 20 av
1254 1808 153 39 tillfällig
1433 1807 174 31 förvärvs-

105 1857 231 29 verksamhet.
362 1857 88 30 Över
473 1858 298 31 kammarrättens
797 1858 114 39 utslag
933 1858 65 29 har
1022 1858 123 30 besvär
1168 1858 137 30 anförts
1328 1858 63 29 hos
1416 1859 191 38 regerings-

104 1908 124 32 rätten,
248 1916 74 20 som
340 1908 88 29 dock
447 1909 93 28 ännu
557 1908 69 29 inte
644 1908 136 37 avgjort
798 1908 112 29 målet.
929 1907 94 30 även
1040 1908 107 30 andra
1166 1908 68 30 mål
1255 1918 42 20 av
1314 1909 151 29 likartad
1483 1909 125 29 karak-

105 1958 51 28 lär
181 1957 180 30 förväntas
384 1958 97 28 inom
505 1967 41 20 en
571 1959 86 29 nära
680 1958 146 30 framtid
851 1958 142 30 komma
1017 1959 111 29 under
1153 1958 455 40 beskattningsdomstolar-

105 2017 63 19 nas
187 2007 227 30 bedömande.

149 2058 13 29 I
179 2058 71 29 viss
269 2058 214 39 omfattning
501 2060 37 28 är
556 2059 41 29 de
614 2061 10 29 i
645 2060 220 29 motionerna
885 2059 159 40 åsyftade
1062 2060 413 40 beskattningsfrågorna
1495 2070 42 20 av
1556 2061 52 29 så-

105 2108 69 28 dan
197 2110 64 31 art,
285 2110 50 27 att
356 2109 43 29 de
421 2108 102 30 faller
545 2109 96 29 inom
666 2119 121 20 ramen
810 2110 55 29 för
887 2111 67 28 den
977 2111 248 38 systematiska
1249 2111 217 39 genomgång
1488 2121 43 19 av
1552 2111 56 30 be-

103 2158 267 29 stämmelserna
395 2158 10 29 i
431 2159 437 39 kommunalskattelagen,
894 2169 74 20 som
993 2160 185 31 förutsatts
1204 2161 98 31 skola
1326 2161 61 29 ske
1412 2171 41 20 av
1478 2162 128 29 skatte-

106 2207 309 40 lagssakkunniga.
437 2209 117 39 Enligt
576 2210 189 29 utskottets
786 2210 92 29 åsikt
898 2211 38 28 är
956 2211 56 29 det
1033 2211 158 39 lämpligt
1212 2213 51 27 att
1282 2211 143 30 invänta
1447 2212 42 29 de
1509 2213 100 38 avgö-

109 2258 132 29 randen
266 2258 10 28 i
303 2258 122 38 högsta
451 2259 136 29 instans
614 2268 75 20 som
716 2260 96 28 inom
839 2269 42 19 en
908 2261 85 28 nära
1019 2260 144 30 framtid
1191 2262 38 28 är
1255 2263 50 27 att
1332 2263 142 33 emotse,
1500 2262 109 29 innan

108 2307 166 38 ställning
293 2310 52 27 tas
363 2308 51 28 till
434 2308 124 38 frågan
576 2318 57 20 om
650 2309 267 39 igångsättande
938 2319 41 20 av
997 2319 41 20 en
1059 2311 151 29 särskild
1230 2312 188 38 utredning
1436 2321 42 21 av
1496 2312 114 30 hitlhö-

109 2357 105 28 rande
235 2356 429 41 beskattningsspörsmål.
685 2360 176 28 Utskottet
883 2369 102 20 anser
1008 2360 50 39 sig
1079 2361 120 29 därför
1220 2361 83 30 böra
1325 2363 166 38 avstyrka
1511 2362 98 30 bifall

108 2407 49 28 till
179 2407 41 29 de
239 2407 236 39 föreliggande
497 2409 228 29 motionerna.
