2196 2612
398 193 20 30 6
850 191 119 32 Andra
993 191 217 40 lagutskottets
1235 191 173 31 utlåtande
1432 191 53 31 Nr
1509 195 52 28 19.

508 323 96 40 Kap.
628 323 32 32 2.
708 323 71 33 Om
802 322 222 42 luftfartyg,
1048 331 83 24 som
1154 321 63 34 må
1240 322 146 33 brukas
1411 322 106 33 inom
1541 324 164 32 svenskt
1728 323 168 33 område.

1153 403 88 46 $3.

505 476 182 37 Luftfart
722 476 112 36 inom
867 476 165 36 svenskt
1059 475 163 37 område
1250 476 69 36 må
1347 479 78 44 äga
1454 488 92 24 rum
1575 476 142 37 endast
1739 476 92 36 med
1849 477 150 48 fartyg,

398 542 88 24 som
527 530 197 48 antingen
751 529 75 36 har
854 529 146 37 svensk
1027 529 258 37 nationalitet
1313 529 128 48 enligt
1469 527 23 46 $
1521 531 25 34 4
1575 530 97 36 eller
1701 530 50 35 38
1780 529 97 36 eller
1903 543 97 35 upp-

398 583 121 48 fyller
546 583 200 36 villkoren
774 583 15 35 i
816 581 23 45 $&
871 584 49 34 14
948 582 99 37 eller
1078 584 58 34 15.

1154 660 23 46 $
1206 663 36 35 4.

505 733 237 49 Luftfartyg
783 733 74 37 har
898 734 146 36 svensk
1085 733 269 44 nationalitet,
1393 736 75 33 när
1497 732 68 37 det
1593 736 45 33 är
1665 732 125 37 infört
1816 734 15 35 i
1858 733 143 36 offent-

396 787 90 49 ligt,
512 787 164 37 svenskt
702 786 409 49 luftfartygsregister
1139 786 75 37 och
1242 786 159 37 försetts
1428 786 95 36 med
1550 787 153 44 märke,
1724 798 87 25 som
1839 790 45 33 är
1902 786 99 37 före-

396 841 154 36 skrivet
577 840 61 37 för
666 840 144 37 sådant
837 840 149 49 fartyg.

1154 918 24 45 $
1208 921 34 35 5.

505 991 426 49 Luftfartygsregister
959 991 62 36 för
1048 991 106 36 riket
1171 990 105 37 föres
1294 990 72 37 hos
1384 990 485 48 luftfartsmyndigheten.
1904 989 98 37 När-

398 1056 114 25 mare
540 1045 251 37 föreskrifter
818 1057 67 25 om
913 1045 114 36 detta
1054 1045 197 47 registers'
1269 1044 166 37 förande
1463 1043 204 37 meddelas
1688 1056 51 24 av
1758 1043 243 49 Konungen.

1155 1149 22 45 $
1209 1152 35 35 6.

505 1222 237 48 Luftfartyg
769 1222 82 36 kan
878 1222 235 48 registreras
1140 1221 76 37 här
1243 1221 15 36 i
1286 1221 105 37 riket
1419 1220 142 38 endast
1588 1232 67 25 om
1680 1221 68 36 det
1765 1221 74 36 har
1857 1222 147 36 svensk

398 1279 134 45 ägare.
592 1275 120 37 Som”
729 1276 144 36 svensk
908 1279 123 45 ägare
1060 1287 112 24 anses
1201 1274 171 37 svenska
1400 1276 134 35 staten
1562 1276 107 34 samt
1696 1274 170 37 svenska
1893 1275 109 37 med-

397 1330 182 48 borgare,
609 1329 133 48 bolag,
772 1328 243 48 föreningar,
1046 1328 126 37 andra
1200 1328 322 48 samfälligheter
1550 1328 75 36 och
1653 1327 199 38 stiftelser.

505 1382 61 37 År
595 1386 152 45 ägaren
775 1382 244 48 aktiebolag,
1049 1382 112 37 skola
1188 1381 280 37 ledamöterna
1497 1393 51 24 av
1576 1381 198 48 styrelsen
1801 1393 99 24 vara
1927 1381 77 37 här

398 1436 15 36 1
441 1435 106 37 riket
582 1436 162 36 bosatta
781 1436 170 36 svenska
987 1435 276 48 medborgare,
1294 1446 86 25 som
1414 1438 69 33 äro
1523 1434 234 48 aktieägare
1784 1435 15 35 1
1825 1435 175 48 bolaget.

396 1489 235 48 Konungen
668 1493 98 45 äger
802 1491 62 34 att
900 1489 63 36 för
1000 1488 160 37 särskilt
1197 1488 73 36 fall
1305 1488 190 48 medgiva
1540 1487 211 48 undantag
1793 1487 90 37 från
1923 1488 82 36 vad

399 1542 172 37 sålunda
608 1543 193 48 stadgats,
832 1542 103 37 dock
971 1543 35 47 ej
1042 1541 60 37 för
1137 1553 114 25 mera
1289 1544 52 33 än
1378 1553 51 24 en
1465 1540 195 49 tredjedel
1698 1553 52 24 av
1787 1541 217 48 styrelsens

397 1595 234 38 ledamöter.

505 1649 237 48 Luftfartyg
769 1649 69 36 må
865 1649 90 37 icke
983 1649 233 47 registreras
1244 1647 75 37 här
1347 1648 14 35 i
1388 1648 117 44 riket,
1532 1659 67 25 om
1618 1648 68 36 det
1704 1647 76 37 har
1799 1660 49 24 en
1868 1659 136 25 annan

398 1704 101 35 stats
526 1702 271 37 nationalitet.

1156 1788 23 46 $
1211 1791 33 35 7.

508 1861 238 49 Luftfartyg
787 1861 69 36 må
896 1862 37 47 ej
976 1861 235 48 registreras
1248 1861 75 36 här
1349 1861 15 35 i
1392 1861 116 43 riket,
1538 1860 92 36 med
1658 1860 156 36 mindre
1843 1860 68 37 det
1939 1860 64 36 till

401 1915 263 49 regelmässig
700 1915 311 48 utgångspunkt
1043 1910 186 51 (hemort)
1257 1914 75 36 har
1359 1926 51 24 en
1437 1913 202 49 flygplats,
1669 1925 87 25 som
1783 1913 220 37 innehaves

402 1981 52 25 av
483 1970 133 36 staten
651 1969 99 36 eller
786 1968 118 37 blivit
941 1967 190 49 godkänd
1166 1967 165 49 jämlikt
1367 1965 23 46 $
1419 1968 64 43 26,
1512 1968 107 36 samt
1645 1967 134 36 tillika
1805 1966 74 37 har
1906 1966 95 37 luft-

403 2022 346 48 värdighetsbevis
776 2022 14 36 i
819 2021 397 37 överensstämmelse
1243 2021 94 36 med
1364 2019 24 45 $
1420 2021 59 35 18.

1159 2126 23 46 $&
1211 2128 36 36 8.

509 2200 279 48 Registrering
817 2199 89 37 sker
934 2199 54 49 på
1016 2199 131 49 grund
1175 2211 52 24 av
1255 2198 177 49 skriftlig
1460 2199 180 36 ansökan
1667 2197 92 38 från
1788 2201 160 45 ägaren.

510 2252 195 38 Ansökan
734 2253 103 37 skall
864 2253 207 37 innehålla
1098 2253 49 36 de
1174 2252 207 49 uppgifter
1400 2252 171 37 rörande
1591 2255 151 45 ägaren
1761 2251 75 38 och
1855 2251 151 36 dennes
