2230 2614
732 159 249 32 Statsutskottets
1010 156 173 34 Utlåtande
1206 157 60 32 N:o
1288 157 30 32 8.
1765 152 39 32 19

249 246 127 33 staten
417 241 131 37 kunna
590 240 283 37 åstadkommas
914 252 140 36 genom
1097 251 48 24 en
1184 248 159 25 numera
1380 234 137 50 möjlig
1544 231 237 51 indragning
1809 231 41 36 af

249 295 103 35 vissa
394 293 89 37 derå
511 292 190 50 uppförda
730 292 185 36 arfvoden
942 290 59 37 till
1028 286 547 40 tullkammareföreståndare.
1631 284 75 36 Vid
1734 283 113 49 afgif-

249 346 125 36 vande
416 345 41 36 af
494 344 147 50 förslag
682 344 58 36 till
773 343 199 50 reglering
1000 343 42 36 af
1065 341 228 37 tullverkets
1321 344 119 32 stater
1467 338 58 37 för
1554 340 40 34 år
1626 337 96 36 1899
1751 335 97 36 hade

250 397 190 50 styrelsen
469 396 139 48 anfört,
637 397 182 36 hurusom
847 395 65 36 vid
948 395 73 36 den
1050 392 284 48 inskränkning
1362 391 12 36 i
1402 387 446 52 förpassningsskyldig-

250 451 128 46 heten,
421 449 161 36 hvilken
622 448 127 37 blifvit
777 461 47 23 en
852 447 94 49 följd
975 447 40 35 af
1039 444 359 49 mellanrikslagens
1425 440 264 51 upphörande,
1719 439 131 37 anled-

250 503 98 48 ning
385 501 233 46 förefunnes,
648 505 55 31 att
729 505 59 31 tre
818 499 93 37 eller
940 498 187 50 möjligen
1154 497 86 48 fyra
1268 497 41 35 af
1332 495 45 37 de
1406 493 328 48 förtullningsrätt
1763 491 86 36 sak-

251 554 126 37 nande
405 553 278 36 tullkamrarne
712 551 124 37 skulle
863 551 131 36 kunna
1022 550 193 48 indragas.
1272 548 56 36 De
1353 546 239 46 tullkamrar,
1612 542 237 39 beträffande

251 606 133 37 hvilka
425 619 47 23 en
511 604 119 37 sådan
671 603 136 50 åtgärd
847 602 128 37 kunde
1017 601 256 49 ifrågasättas,
1310 612 90 23 vore
1429 598 130 47 Borås,
1587 595 260 48 Venersborg,

252 657 198 50 Filipstad,
480 656 146 37 Arvika
655 656 70 36 och
753 647 122 44 Åmål.
932 653 198 50 Styrelsen
1157 651 205 38 förestälde
1391 650 73 49 sig,
1490 654 56 32 att
1564 648 286 36 tullkammare-

252 708 537 49 föreståndarebefattningen
830 707 12 36 i
873 697 110 45 Åmål
1011 705 72 37 och
1111 704 186 49 möjligen
1325 703 114 36 äfven
1468 702 12 35 i
1508 700 188 49 Filipstad
1723 698 128 37 kunde

253 762 84 36 visa
378 762 61 48 sig
479 760 234 37 fortfarande
753 758 195 49 behöfliga
988 758 59 36 för
1088 755 225 44 bevakande
1355 754 36 36 af
1427 752 230 38 tullverkets
1698 751 105 36 talan
1841 750 12 36 i

253 812 369 39 konfiskationsmål.
678 810 226 37 Emellertid
943 810 98 36 hade
1084 809 74 36 den
1200 807 157 48 olofliga
1391 803 285 39 varuinförseln
1703 803 13 36 i
1744 803 110 36 dessa

255 865 266 50 gränstrakter
563 867 40 33 så
644 863 212 48 väsentligt
898 861 187 37 minskats
1125 860 122 36 under
1289 859 92 36 sista
1422 857 119 46 tiden,
1581 860 55 32 att
1664 854 191 49 styrelsen

255 918 85 37 icke
382 920 91 46 såge
515 919 130 46 någon
686 915 208 49 olägenhet
934 914 77 47 vid,
1055 917 56 31 att
1154 912 45 36 de
1234 908 369 46 konfiskationsmål,
1631 907 132 36 hvilka
1790 905 66 37 vid

254 969 269 38 bibehållande
566 968 42 36 af
645 967 276 36 tullkamrarne
963 966 13 35 i
1004 963 238 38 sistnämnda
1269 963 126 48 begge
1425 961 129 37 städer
1583 959 122 37 skulle
1733 957 122 37 hand-

256 1022 139 49 läggas
435 1020 66 36 vid
542 1019 237 38 dervarande
825 1018 332 46 rådstufvurätter,
1200 1015 12 36 i
1253 1014 138 47 stället,
1435 1016 124 33 såsom
1602 1010 255 38 förhållandet

257 1074 112 49 eljest
408 1073 141 46 blefve,
590 1076 192 45 upptoges
823 1070 71 37 och
936 1068 195 37 afdömdes
1173 1067 65 36 vid
1269 1065 326 38 rådstufvurätten
1624 1063 12 36 i
1666 1062 189 37 Karlstad.

256 1126 132 37 Under
417 1125 142 36 sådana
588 1122 340 49 omständigheter,
950 1121 72 37 och
1037 1121 58 47 då,
1113 1119 123 49 enligt
1251 1118 101 37 hvad
1367 1117 271 37 erfarenheten
1652 1114 204 47 bekräftat,

258 1190 158 24 numera
458 1176 113 49 eljest
613 1176 83 36 icke
732 1178 119 45 något
879 1173 132 49 giltigt
1040 1172 83 36 skäl
1151 1171 127 36 kunde
1307 1183 110 23 anses
1446 1168 193 49 föreligga
1666 1167 59 36 för
1752 1166 105 36 bibe-

258 1229 177 37 hållande
465 1228 41 36 af
529 1227 250 37 förenämnda
807 1225 77 37 fem
911 1224 238 46 tullkamrar,
1180 1225 143 46 ansåge
1352 1221 203 49 styrelsen,
1585 1224 56 31 att
1665 1218 194 37 desamma

259 1281 117 37 borde
418 1280 199 48 indragas;
660 1278 71 37 och
772 1278 46 36 då
859 1277 110 36 deras
1011 1274 179 51 personal
1217 1296 49 4 —
1295 1273 149 37 oafsedt
1485 1286 48 23 en
1574 1271 12 36 i
1614 1269 246 49 Venersborg

259 1332 178 49 befintlig
477 1331 261 36 vaktmästare
768 1332 20 34 å
816 1327 518 50 öfvergångsaflöningsstat,
1365 1338 60 23 om
1454 1324 157 36 hvilken
1639 1322 67 36 här
1734 1321 126 36 nedan

260 1385 131 36 vidare
431 1383 208 37 förmäldes
666 1404 50 4 —
743 1380 201 50 utgjordes
987 1380 41 35 af
1067 1379 161 36 allenast
1270 1376 287 38 vederbörande
1585 1373 274 47 föreståndare,

261 1436 132 36 hvilka
434 1438 124 34 såsom
603 1434 134 37 endast
777 1431 290 38 tillförordnade
1108 1430 128 36 kunde
1279 1434 68 31 när
1389 1442 80 23 som
1504 1427 100 37 helst
1633 1425 226 48 entledigas,

262 1493 118 32 mötte
422 1487 97 37 intet
560 1486 137 37 hinder
739 1486 59 36 för
840 1498 47 23 en
929 1484 117 36 sådan
1088 1482 154 49 åtgärds
1276 1480 241 38 omedelbara
1546 1477 313 52 genomförande.

262 1540 88 37 Med
378 1539 211 49 anledning
617 1538 111 36 häraf
753 1537 71 37 och
850 1536 123 37 under
1002 1535 165 45 erinran,
1197 1539 55 31 att
1281 1533 174 36 arfvodet
1483 1532 59 36 för
1574 1530 286 37 tullkammare-

263 1591 291 37 föreståndaren
595 1591 12 35 i
649 1590 118 36 Borås
808 1602 92 23 vore
928 1587 189 37 bestämdt
1146 1586 58 36 till
1233 1587 74 35 400
1335 1585 142 36 kronor
1506 1583 71 37 och
1606 1582 57 37 för
1692 1595 47 23 en
1767 1581 95 36 hvar

264 1644 41 35 af
329 1643 122 48 öfriga
479 1641 297 50 ifrågavarande
804 1640 289 36 tullkammares
1121 1637 261 37 föreståndare
1409 1635 61 37 till
1495 1637 74 34 200
1589 1634 154 46 kronor,
1763 1632 98 36 hade

264 1693 424 51 generaltullstyrelsen
732 1691 192 48 hemstält,
955 1695 53 32 att
1037 1689 145 37 antalet
1213 1686 535 38 tullkammareföreståndare
1778 1683 86 37 med

264 1748 76 35 400
378 1746 160 36 kronors
568 1745 156 36 arfvode
754 1747 117 33 måtte
899 1741 170 37 minskas
1097 1741 84 36 från
1208 1745 58 31 tre
1294 1739 59 36 till
1381 1741 65 34 två
1475 1742 99 33 samt
1602 1736 145 37 antalet
1774 1735 88 36 tull-

264 1797 438 37 kammareförståndare
732 1796 87 36 med
848 1796 72 35 200
949 1794 162 36 kronors
1140 1792 156 36 arfvode
1324 1791 84 36 från
1436 1789 75 37 tolf
1525 1789 60 37 till
1606 1792 90 44 åtta,
1716 1787 148 36 hvilket

265 1849 123 37 skulle
418 1849 172 37 medföra
619 1862 47 23 en
695 1847 225 48 minskning
948 1846 12 36 i
990 1845 319 48 aflöningsstaten
1338 1843 42 36 af
1394 1842 163 48 tillhopa
1580 1842 110 46 1,200
1710 1839 152 36 kronor.

395 1901 73 36 Vid
514 1900 109 37 bifall
668 1900 60 36 till
775 1899 100 36 hvad
921 1895 423 51 generaltullstyrelsen
1391 1894 159 37 sålunda
1596 1893 12 36 1
1654 1893 109 47 fråga
1804 1904 60 22 om

266 1953 319 49 aflöningsstaten
637 1951 180 37 hemstält
867 1949 122 38 skulle
1040 1949 126 36 denna
1212 1952 74 32 stat
1332 1946 92 36 ökas
1472 1945 86 37 med
1605 1944 63 36 det
1712 1942 152 49 belopp,

266 2005 184 36 hvarmed
487 2004 117 36 lönen
642 2003 69 37 och
749 2000 551 51 tjenstgöringspenningarne
1338 1997 65 37 vid
1440 1997 46 36 de
1523 2009 77 36 nya
1636 1995 228 48 tjensterna,

263 2057 121 47 jemte
412 2056 277 48 förhöjningen
733 2057 20 33 å
794 2053 177 48 anslaget
1011 2051 59 36 till
1109 2048 413 48 vikariatsersättning,
1554 2051 108 33 extra
1689 2045 176 37 biträden

268 2121 45 22 m.
352 2121 46 21 m.
442 2107 65 35 vid
549 2105 394 47 lokalförvaltningen
986 2107 98 31 samt
1119 2102 105 36 kust-
1255 2100 70 37 och
1354 2098 406 50 gränsbevakningen,
1788 2096 77 36 till-

268 2171 192 23 SAIMMANS
498 2188 144 5 oesesses
674 2188 96 4 sererer
791 2187 48 4 dere
860 2183 215 8 arrestera
1095 2185 96 4 sine
1211 2183 109 5 ennen
1341 2183 49 4 20
1411 2182 14 3 0
1468 2150 141 36 KYONOT
1639 2149 149 47 98.900:
1808 2168 40 5 —

269 2210 218 47 öfverstege
517 2208 209 37 arfvodena
746 2208 56 36 för
823 2207 45 36 de
888 2205 59 37 till
968 2205 238 49 indragning
1224 2202 219 49 föreslagna

374 2259 561 38 tullkammareföreståndarne
978 2288 108 5 us.
1130 2288 73 4 meessescs
1306 2286 48 3 ee
1390 2284 47 5 ses
1535 2281 21 13 ss
1667 2251 121 47 1,200:
1805 2272 41 4 —
