2190 2612
445 144 19 29 4
900 143 245 32 Statsutskottets
1167 144 161 32 utlåtande
1352 146 53 30 Nr
1426 146 71 30 204.

404 232 200 34 lindrande
645 243 48 22 av
733 231 75 34 nöd
836 249 46 4 —
911 231 49 44 på
999 232 125 34 vilken
1165 233 122 43 punkt
1330 233 415 44 departementschefen
1786 237 66 43 går
1883 241 133 32 utöver

405 281 582 35 arbetslöshetskommissionens
1015 282 297 44 hjälpprogram.
1365 284 108 34 Inom
1493 295 127 24 ramen
1641 298 48 23 av
1708 287 45 34 de
1775 288 42 33 11
1839 288 176 43 miljoner

402 333 148 40 kronor,
592 343 79 22 som
713 332 120 33 under
872 332 192 34 nästlidna
1103 334 96 42 april
1240 333 138 34 månad
1419 336 48 32 av
1493 335 200 44 riksdagen
1721 337 207 44 beviljades
1956 339 59 35 för

403 382 316 34 arbetslöshetens
759 382 272 43 bekämpande,
1073 382 97 35 hade
1212 384 199 34 enahanda
1451 385 135 43 belopp
1630 387 201 36 beräknats
1872 391 56 32 att
1956 389 59 35 för

402 432 167 33 nämnda
597 431 176 35 ändamål
803 432 196 34 användas
1027 433 120 34 under
1174 445 130 23 senare
1333 434 107 34 delen
1461 446 48 23 av
1527 435 257 38 innevarande
1803 439 51 34 år.
1883 439 131 35 Under

401 482 284 43 förutsättning,
715 485 56 31 att
799 482 62 34 det
887 494 51 22 nu
966 483 163 43 begärda
1160 484 175 43 beloppet
1363 480 47 38 av
1439 485 158 42 500,000
1625 486 147 44 kronor,
1794 501 77 22 som
1893 490 119 34 skulle

402 543 88 23 avse
517 532 102 34 förra
647 533 146 33 hälften
822 544 47 23 av
899 533 106 43 1922,
1022 533 167 35 kommer
1217 537 55 31 att
1299 535 196 34 användas
1522 535 48 43 på
1598 537 200 35 enahanda
1825 543 85 39 sätt,
1932 552 80 22 som

402 583 117 43 enligt
558 583 222 43 riksdagens
820 583 170 34 uttalade
1030 584 152 43 mening
1210 585 118 34 skulle
1356 585 102 34 bliva
1485 585 106 44 fallet
1618 587 85 34 med
1732 588 63 34 det
1821 589 58 34 för
1905 591 106 34 inne-

400 633 169 33 varande
611 633 41 34 år
692 634 181 34 anvisade
914 635 266 34 motsvarande
1207 635 186 43 beloppet,
1422 636 66 33 vill
1516 637 182 34 utskottet
1725 638 79 34 icke
1832 643 179 32 motsätta

401 683 56 43 sig
485 684 84 33 dess
596 683 228 43 beviljande.
877 684 85 34 Vad
990 684 80 34 åter
1096 685 119 43 angår
1241 685 294 44 inbesparandet
1554 698 47 23 av
1620 688 390 37 arbetslöshetsmedel

400 733 122 34 under
549 734 125 33 denna
703 745 173 31 sommar,
896 734 228 34 framställer
1143 735 415 44 departementschefen
1577 738 57 34 till
1654 740 262 42 övervägande
1937 741 72 34 den

400 784 115 34 redan
557 795 47 23 av
644 785 560 34 arbetslöshetskommissionen
1246 787 169 42 antydda
1456 787 246 44 möjligheten
1743 792 56 31 att
1825 790 185 43 begränsa

400 835 143 33 antalet
571 833 343 45 hjälpberättigade
942 836 205 33 arbetslösa
1175 836 95 34 efter
1297 837 100 34 vissa
1425 837 191 43 objektiva
1643 839 166 42 grunder
1830 840 79 35 före
1928 842 82 33 vid-

400 885 181 42 tagandet
622 896 48 22 av
711 885 71 33 den
823 885 246 34 individuella
1097 886 339 45 behovsprövning,
1467 899 78 23 som
1573 889 119 43 ligger
1719 890 56 33 till
1799 891 126 42 grund
1952 891 60 35 för

399 934 62 34 det
502 934 196 44 offentliga
727 935 354 43 hjälpförfarandet.
1135 936 109 35 Efter
1270 940 172 31 närmare
1471 939 223 43 motivering
1722 940 162 44 påvisas,
1915 944 56 32 att
1999 943 11 33 i

399 984 41 34 så
480 984 67 34 fall
587 984 135 35 främst
763 985 113 34 borde
916 985 275 44 ifrågakomma
1220 990 55 31 att
1302 991 183 40 avstänga
1513 989 398 44 byggnadsarbetarna
1940 993 68 33 och

398 1035 180 43 möjligen
606 1036 103 34 vissa
737 1036 119 33 andra
883 1036 501 45 säsongarbetarkategorier
1410 1038 86 34 från
1524 1039 103 34 såväl
1646 1040 362 44 nödhjälpsarbeten

399 1096 79 23 som
521 1085 123 34 direkt
671 1086 176 34 lämnade
875 1086 217 35 understöd.
1146 1087 131 44 Enligt
1303 1089 201 35 utskottets
1532 1090 248 44 uppfattning
1806 1092 106 33 torde
1941 1093 68 33 ock

400 1138 53 31 ett
494 1135 137 35 sådant
664 1136 301 44 bemyndigande
992 1137 90 34 böra
1108 1138 147 34 lämnas
1283 1139 570 45 arbetslöshetskommissionen,
1882 1143 126 33 vilken

398 1186 206 33 emellertid
646 1187 65 33 vid
752 1187 242 43 tillämpning
1034 1198 47 23 av
1112 1188 105 34 detta
1245 1188 161 35 direktiv
1433 1189 195 43 själffallet
1655 1191 67 34 bör
1748 1191 146 44 framgå
1922 1193 85 34 med

398 1235 69 34 den
499 1236 175 34 omtanke
703 1238 69 33 och
800 1237 238 43 försiktighet
1065 1242 98 30 samt
1191 1238 84 34 med
1304 1239 72 34 den
1404 1240 148 43 hänsyn
1580 1241 56 33 till
1666 1241 189 35 skiftande
1882 1243 126 34 lokala

397 1285 275 44 förhållanden,
704 1299 79 22 som
812 1287 70 34 den
911 1287 179 43 ömtåliga
1117 1288 199 44 uppgiften
1344 1290 183 43 betingar.

530 1337 19 33 I
576 1338 277 42 sammanhang
879 1337 85 35 med
993 1337 109 35 dessa
1129 1339 282 44 anslagsfrågor
1437 1340 59 34 för
1523 1342 314 40 arbetslöshetens
1856 1343 151 34 bekäm-

396 1386 124 43 pande
563 1388 168 33 anmäler
770 1388 273 43 föredragande
1085 1389 414 43 departementschefen
1539 1392 12 32 i
1583 1392 150 34 samråd
1761 1393 84 34 med
1873 1394 133 34 chefen

395 1436 59 34 för
480 1437 646 44 kommunikationsdepartementet
1152 1440 102 33 vissa
1281 1440 218 43 uppkomna
1518 1441 126 44 frågor
1663 1454 60 22 om
1743 1443 265 44 nödhjälpsar-

395 1487 110 34 beten
538 1487 21 34 å
598 1487 415 44 järnvägsbyggnader,
1054 1490 190 42 nämligen
1273 1489 21 34 å
1323 1501 44 22 en
1395 1491 176 34 blivande
1600 1493 195 34 statsbana
1821 1494 187 46 Morjärv-

395 1537 114 34 Kalix
549 1541 98 31 samt
679 1537 22 34 å
730 1538 294 42 Ostkustbanan,
1052 1539 59 34 för
1137 1539 104 34 vilka
1268 1540 120 34 medel
1415 1541 245 43 ifrågasättas
1689 1544 104 33 skola
1812 1544 90 43 utgå
1921 1544 85 35 från

395 1588 451 43 arbetslöshetsanslaget.

528 1638 202 42 Utskottet,
761 1650 78 22 som
866 1639 80 33 icke
974 1639 64 33 vill
1066 1641 179 33 motsätta
1273 1640 57 43 sig
1356 1640 289 45 ifrågavarande
1674 1643 151 44 förslag,
1855 1645 152 34 särskilt

395 1687 85 34 med
508 1688 148 43 hänsyn
685 1689 56 33 till
770 1688 71 34 den
868 1688 178 35 befarade
1078 1691 398 35 massarbetslösheten
1500 1692 101 34 inom
1628 1695 266 34 motsvarande
1923 1695 83 44 såg-

394 1738 263 34 verksdistrikt
684 1739 12 33 i
724 1739 197 42 Norrland,
950 1740 66 33 vill
1044 1739 94 35 dock
1167 1741 122 33 erinra
1317 1741 141 43 därom,
1488 1745 66 31 att'
1570 1743 58 34 för
1656 1743 72 34 den
1757 1744 179 35 händelse
1961 1757 45 23 en

395 1787 196 35 svårartad
620 1789 248 34 arbetslöshet
895 1790 119 33 skulle
1042 1790 139 43 uppstå
1208 1791 49 43 på
1285 1791 119 35 andra
1433 1795 98 31 orter
1557 1793 12 33 i
1596 1794 141 42 landet,
1767 1797 94 32 även
1886 1796 120 34 andra

393 1838 178 34 liknande
599 1838 147 44 företag
774 1842 47 31 än
849 1840 45 33 de
921 1839 290 43 ifrågavarande
1239 1841 127 34 kunna
1394 1843 145 34 behöva
1565 1843 235 44 igångsättas
1827 1845 85 34 med
1941 1857 65 23 an-

393 1888 143 34 litande
566 1900 47 22 av
641 1890 401 34 arbetslöshetsmedel.
1096 1891 19 33 I
1142 1892 184 34 samband
1354 1893 156 34 härmed
1537 1893 58 34 får
1614 1895 184 34 utskottet
1816 1896 189 43 tillstyrka

393 1938 106 34 bifall
527 1939 57 33 till
613 1939 72 34 den
702 1951 47 22 av
768 1940 128 34 herrar
914 1940 190 44 Lindgren
1125 1942 68 33 och
1213 1942 207 34 Lithander
1438 1944 135 34 väckta
1587 1945 191 34 motionen
1793 1957 45 22 nr
1853 1947 70 33 347:
1954 1947 49 42 II,

393 1991 56 31 att
475 1989 202 44 riksdagen
705 1991 88 32 ville
821 1990 145 34 besluta
994 1991 199 35 enahanda
1219 1993 314 44 bemyndigande,
1563 2006 78 23 som
1670 1995 73 34 kan
1771 1996 150 34 komma
1950 1999 56 32 att

392 2038 172 35 utfärdas
591 2040 161 34 rörande
781 2040 261 35 anordnandet
1070 2053 47 22 av
1144 2042 359 44 nödhjälpsarbeten
1532 2044 21 34 å
1581 2044 294 45 Ostkustbanan,
1905 2049 98 32 även

392 2089 235 34 beträffande
665 2090 259 44 anordningen
953 2102 48 23 av
1028 2091 360 45 nödhjälpsarbeten
1417 2094 21 34 å
1465 2095 282 35 Dals—Västra
1775 2096 228 35 Värmlands

391 2138 172 45 Järnväg.
617 2139 193 36 Utskottet
849 2152 109 24 anser
998 2142 56 43 sig
1094 2143 207 34 emellertid
1341 2144 90 34 böra
1471 2145 200 35 framhålla
1700 2147 302 34 önskvärdheten
2035 2158 4 2 :

392 2189 127 43 därav,
550 2192 56 32 att
632 2191 360 43 nödhjälpsarbeten
1021 2192 21 34 å
1062 2193 175 44 samtliga
1256 2194 69 34 här
1342 2195 158 34 berörda
1518 2195 331 46 järnvägsföretag
1868 2197 135 35 endast
