2264 2656
498 181 104 31 Andra
625 181 181 29 kammarens
823 174 144 40 första
991 174 151 38 tillfälliga
1165 172 121 30 utskotts
1308 169 147 31 utlåtande
1478 167 46 31 Nr
1550 170 28 26 4.
1823 164 9 27 1

973 650 69 43 Nr
1071 649 50 42 4.

900 812 108 27 Ankom
1027 810 42 27 till
1088 809 165 34 riksdagens
1272 806 91 28 kansli
1382 807 55 26 den
1456 806 16 26 9
1491 812 74 19 mars
1584 803 71 28 1915
1672 802 36 26 kl.
1728 803 17 24 4
1765 809 23 18 e
1809 809 34 17 m.

678 962 128 35 Andra
835 960 221 36 kammarens
1078 955 143 45 första
1245 952 182 45 tillfälliga
1444 951 145 36 utskotts
1607 948 181 36 utlåtande
1806 959 43 23 nr

787 1033 34 43 4,
866 1032 13 32 i
922 1029 186 44 anledning
1151 1039 44 24 av
1236 1026 102 35 väckt
1369 1024 128 36 motion
1525 1033 54 24 om
1607 1019 164 37 skrivelse
1798 1018 52 36 till

787 1102 133 46 Kungl.
960 1101 113 43 Maj:t
1101 1098 178 47 angående
1308 1096 165 46 åtgärder
1493 1093 65 44 för
1586 1092 178 37 ordnande
1791 1090 57 36 och

780 1175 181 47 framtida
981 1173 192 45 förvaring
1203 1182 43 23 av
1276 1166 221 39 kommavnala
1526 1164 197 37 arkivalier.

361 1346 19 34 I
422 1357 45 22 en
509 1344 99 34 inom
651 1339 111 36 andra
798 1338 208 35 kammaren
1039 1347 44 23 av
1111 1334 123 35 herrar
1261 1330 117 36 Molin
1413 1331 6 33 i
1446 1325 310 39 Dombäcksmark
1785 1326 69 47 och

259 1395 108 49 Öberg
408 1397 108 36 väckt
557 1394 139 36 motion
740 1405 44 23 nr
824 1393 71 35 155
927 1387 217 45 hemställes,
1174 1388 56 34 att
1257 1384 111 36 andra
1390 1383 210 36 kammaren
1627 1380 57 36 för
1711 1380 57 35 sin
1797 1377 58 37 del

257 1455 112 34 måtte
397 1451 152 44 besluta,
581 1450 55 34 att
662 1446 194 47 riksdagen
883 1444 85 35 ville
997 1443 9 34 i
1037 1441 170 37 skrivelse
1234 1439 59 36 till
1321 1437 141 48 Kungl.
1492 1434 110 48 Maj:t
1620 1433 156 45 anhålla,
1792 1431 64 36 det

256 1508 138 36 täcktes
431 1503 141 48 Kungl.
602 1502 112 47 Maj:t
741 1501 163 45 företaga
931 1496 197 47 utredning
1156 1507 59 23 om
1244 1492 44 36 de
1316 1491 176 48 åtgärder,
1523 1502 77 24 som
1628 1488 87 36 böra
1742 1486 113 37 vidta-

258 1574 63 35 gas
348 1561 13 35 i
389 1559 96 49 syfte
514 1559 55 34 att
597 1555 128 48 ålägga
752 1552 232 37 kommunala
1012 1548 266 50 myndigheter,
1308 1545 166 50 styrelser
1498 1544 70 35 och
1594 1540 174 38 nämnder
1793 1540 63 47 (in-

258 1615 140 35 klusive
427 1607 415 53 väghållningsdistrikt)
872 1608 55 33 att
954 1604 112 36 ordna
1093 1603 68 36 och
1189 1602 57 35 för
1273 1599 195 36 framtiden
1496 1598 142 35 förvara
1665 1596 79 35 sina
1767 1594 89 35 arki-

258 1669 122 44 valier,
420 1670 168 32 ävensom
628 1664 57 34 för
720 1661 193 48 riksdagen
945 1657 200 48 framlägga
1173 1655 62 36 det
1262 1653 146 48 förslag,
1437 1664 77 24 som
1543 1663 44 23 av
1614 1648 242 49 utredningen

259 1725 72 34 kan
357 1719 214 39 föranledas.

367 1775 88 36 Med
493 1772 175 37 avseende
702 1772 47 47 på
777 1768 264 46 motiveringen
1070 1764 134 36 tillåter
1232 1763 56 46 sig
1315 1761 179 36 utskottet
1521 1759 151 35 hänvisa
1698 1756 59 36 till
1784 1769 73 21 mo-

262 1832 136 34 tionen.

369 1883 92 36 Före
481 1884 38 33 år
538 1880 113 45 1862,
669 1878 45 37 då
728 1875 359 47 kommunallagarna
1101 1872 202 41 utkommo,
1315 1882 62 23 var
1396 1870 122 47 pastor
1532 1865 235 49 självskriven
1783 1862 77 37 ord-

267 1937 146 37 förande
442 1937 12 34 i
483 1935 321 40 sockenstämman,
849 1930 68 35 och
960 1928 43 36 de
1040 1926 229 47 handlingar,
1300 1936 76 24 som
1405 1922 124 35 beröra
1557 1919 44 36 de
1629 1913 231 53 koramunala

263 1989 353 51 angelägenheterna
643 1986 98 36 intill
769 1985 119 35 denna
914 1982 66 42 tid,
1012 1981 116 36 finnas
1155 1979 122 36 därför
1304 1978 13 34 i
1343 1976 130 50 kyrko-
1501 1974 85 36 eller
1614 1974 14 34 i
1655 1973 95 35 vissa
1768 1970 97 39 fall
1851 1966 16 64 i

265 2044 263 37 landsarkiven.
585 2039 281 51 Kyrkoarkiven
907 2036 115 37 skulle
1062 2033 116 48 enligt
1214 2030 241 50 kyrkolagens
1482 2027 186 37 föreskrift
1694 2024 173 49 granskas

267 2100 67 35 och
362 2097 164 36 visiteras
553 2108 44 23 av
624 2094 187 48 biskopen.
851 2090 90 36 Men
968 2091 111 46 några
1108 2084 252 39 motsvarande
1388 2080 408 39 säkerhetsföreskrifter
1813 2079 52 35 in-

269 2152 118 36 fördes
415 2151 79 35 icke
522 2150 14 34 i
564 2149 43 35 de
635 2160 73 36 nya
725 2144 369 47 kommunallagarna.
1151 2141 21 35 I
1192 2139 126 48 kungl.
1340 2137 258 46 förordningen
1619 2147 60 23 om
1702 2133 163 36 kommu-

268 2205 209 49 nalstyrelse
514 2203 13 36 i
564 2202 80 37 stad
672 2201 115 36 finnes
814 2197 209 49 visserligen
1050 2197 14 35 i
1092 2196 22 46 $
1144 2195 49 35 43
1224 2206 42 24 en
1295 2190 196 46 föreskrift,
1522 2191 54 35 att
1603 2187 265 48 handlingarna

268 2260 100 36 skola
402 2259 171 43 förvaras,
601 2268 85 24 men
714 2267 64 23 var
805 2253 68 36 och
900 2253 96 35 huru
1020 2250 99 36 detta
1146 2248 91 37 skall
1265 2246 62 37 ske
1355 2250 38 32 är
1421 2244 174 36 överlåtet
1622 2244 37 34 åt
1687 2240 179 37 stadsfull-

314 2323 116 34 Bihang
454 2321 45 30 till
521 2319 171 38 riksdagens
711 2317 146 39 protokoll
881 2316 95 30 1915.
1025 2315 40 28 13
1089 2313 83 30 saml.
1221 2312 16 28 1
1265 2309 63 30 avd.
1375 2310 18 27 4
1418 2308 73 36 häft.
1538 2305 58 39 (Nr
1619 2304 44 40 4.)
1850 2305 11 26 1

1916 1862 125 25 Utskottet.
