1926 2856
89 579 185 33 Trycknings-

103 615 154 26 kostnader

102 659 37 17 m.
160 659 35 17 m.
216 652 45 25 för

100 686 158 26 vitterhets-

90 721 177 26 akademien.

145 763 71 43 [43.]

97 1406 159 26 Underhåll

79 1441 53 25 och
151 1442 123 26 fortsätt-

87 1477 69 32 ning
175 1485 36 18 av
229 1478 39 24 in-

86 1512 156 33 redningen
262 1513 9 25 i

71 1550 108 24 statens
199 1549 82 25 histo-

71 1583 76 26 riska
154 1592 128 18 museum

79 1619 53 26 och
147 1621 127 31 myntka-

70 1654 213 34 binettetjämte

88 1698 35 17 en
143 1690 9 25 i
171 1694 97 23 ämnet

70 1726 84 25 väckt
165 1727 116 25 motion.

308 181 18 30 DD

330 181 18 30 [Ca

794 186 226 30 Statsutskottets
1043 189 149 28 utlåtande
1215 190 46 28 Nr
1285 191 28 27 8.

625 262 179 34 förvarade
833 264 63 32 och
920 275 42 22 av
986 265 163 41 styrelsen
1172 266 54 32 för
1250 267 164 32 makarna
1438 267 272 42 Mittag-Lefflers
1734 276 69 26 ma-

626 317 180 32 tematiska
845 318 140 33 stiftelse
1023 319 188 33 förvaltade
1247 321 237 32 matematiska
1519 321 195 34 biblioteket
1748 324 55 32 för

626 369 197 43 budgetåret
860 373 218 32 1924—1925
1113 374 119 32 anvisa
1266 377 47 30 ett
1347 378 94 29 extra
1473 375 118 42 anslag
1614 387 43 22 av
1685 377 117 39 15,000

626 424 133 39 kronor,
795 428 49 28 att
879 428 82 38 utgå
995 426 105 41 enligt
1128 427 41 32 de
1193 428 157 40 grunder,
1377 439 73 21 som
1475 429 127 41 Kungl.
1629 430 97 41 Maj:t
1747 423 54 40 be-

626 479 170 30 stämmer.

350 570 87 44 45:o)
461 573 127 43 Kungl.
615 574 98 42 Maj:t
747 575 62 33 har
844 573 121 45 (punkt
988 574 54 45 43)
1076 578 173 42 föreslagit
1276 579 180 42 riksdagen
1481 583 48 29 att
1552 581 135 32 minska
1711 581 55 33 det
1790 582 11 32 i

306 626 179 33 riksstaten
509 628 108 32 under
641 628 158 33 rubriken
824 630 195 40 vitterhets-,
1044 631 148 33 historie-
1217 633 63 31 och
1303 633 399 33 antikvitetsakademien
1720 646 80 30 upp-

306 680 98 31 förda
436 680 167 33 ordinarie
628 683 375 41 reservationsanslaget
1026 684 50 31 till
1099 685 382 41 tryckningskostnader
1504 690 88 28 samt
1615 688 185 40 utgivande

305 743 43 21 av
382 733 226 41 planschverk
642 739 81 28 över
753 736 177 32 fornsaker
964 737 64 31 och
1063 737 106 32 andra
1202 739 239 41 märkvärdiga
1472 740 143 31 föremål
1639 740 10 31 i
1673 743 126 30 statens

305 785 181 33 historiska
518 798 157 22 museum
699 799 44 21 m.
769 800 57 28 m.,
857 800 47 21 nu
931 790 119 39 18,000
1073 790 135 40 kronor,
1233 791 78 32 med
1334 793 99 38 4,000
1457 792 125 32 kronor
1605 793 50 32 till
1681 795 119 38 14,000

304 839 133 33 kronor.

348 893 234 43 Utredningen
607 895 9 31 i
641 896 137 32 ärendet
802 897 180 32 återfinnes
1006 899 20 30 å
1049 898 61 32 sid.
1137 900 40 30 97
1203 899 11 31 i
1238 899 372 42 statsrådsprotokollet.

348 947 172 33 Utskottet
543 948 203 40 hemställer,

667 1006 48 28 att
746 1003 180 42 riksdagen
951 1006 56 30 må
1031 1005 135 32 minska
1190 1005 55 32 det
1268 1005 12 31 i
1304 1006 179 32 riksstaten
1507 1006 108 33 under
1639 1007 159 32 rubriken

623 1056 195 39 vitterhets-,
843 1057 148 32 historie-
1014 1058 64 32 och
1102 1058 398 34 antikvitetsakademien
1524 1060 170 42 uppförda
1714 1061 85 32 ordi-

623 1109 129 32 dinarie
775 1111 376 42 reservationsanslaget
1174 1112 49 32 till
1249 1113 381 41 tryckningskostnader
1646 1117 88 29 samt
1752 1117 46 29 ut-

622 1162 146 41 givande
796 1174 43 22 av
861 1163 225 41 planschverk
1111 1169 79 28 över
1212 1166 177 31 fornsaker
1412 1166 63 32 och
1499 1166 106 32 andra
1629 1167 170 32 märkvär-

623 1215 79 41 diga
725 1216 143 32 föremål
890 1217 11 30 i
926 1220 125 29 statens
1075 1217 180 33 historiska
1279 1229 156 21 museum
1461 1230 44 20 m.
1523 1230 56 28 m.,
1605 1231 47 20 nu
1679 1221 119 37 18,000

623 1268 133 40 kronor,
782 1269 77 32 med
882 1271 100 38 4,000
1007 1271 124 32 kronor
1155 1271 49 32 till
1231 1272 119 39 14,000
1373 1272 133 33 kronor.

481 1349 7 9 D

346 1400 88 43 46:0)
457 1403 127 41 Kungl.
611 1403 99 41 Maj:t
732 1404 62 31 har
817 1404 11 31 i
852 1404 160 42 förslaget
1035 1405 51 32 till
1109 1406 137 32 riksstat
1269 1407 157 41 upptagit
1442 1407 56 32 det
1514 1407 108 32 under
1638 1407 159 33 rubriken

302 1455 194 39 vitterhets-,
522 1456 148 32 historie-
694 1457 64 31 och
778 1458 399 32 antikvitetsakademien
1192 1459 172 41 uppförda
1380 1460 167 31 ordinarie
1564 1461 232 32 reservations-

302 1508 151 42 anslaget
487 1509 51 31 till
573 1509 179 32 underhåll
787 1510 63 32 och
874 1511 220 41 fortsättning
1117 1522 43 22 av
1183 1512 225 42 inredningen
1432 1512 11 32 i
1467 1516 126 29 statens
1617 1513 180 33 historiska

302 1572 158 22 museum
483 1562 63 32 och
570 1562 285 42 myntkabinettet
878 1563 79 32 med
980 1564 196 32 oförändrat
1199 1564 134 43 belopp,
1358 1567 98 37 2,000
1481 1566 132 32 kronor.

347 1615 16 32 I
393 1627 42 20 en
459 1616 93 32 inom
577 1616 107 32 andra
708 1617 197 32 kammaren
930 1628 42 21 av
996 1618 77 32 herr
1104 1618 35 32 V.
1166 1619 115 41 Rydén
1305 1621 101 30 väckt
1429 1620 130 31 motion
1583 1617 52 44 (nr
1658 1617 53 44 93)
1735 1620 62 32 har

302 1669 197 39 hemställts,
524 1669 104 32 bland
652 1673 113 36 annat,
791 1674 48 28 att
863 1671 179 41 riksdagen
1068 1674 103 29 måtte
1195 1672 82 41 höja
1300 1673 56 31 det
1380 1673 167 32 ordinarie
1563 1674 234 32 reservations-

301 1722 152 41 anslaget
486 1722 51 31 till
571 1722 180 32 underhåll
786 1723 62 32 och
874 1724 220 41 fortsättning
1116 1735 43 22 av
1183 1725 225 42 inredningen
1431 1726 11 31 i
1466 1729 126 29 statens
1617 1727 180 32 historiska

301 1786 157 21 museum
491 1776 64 32 och
578 1776 294 41 myntkabinettet,
897 1788 48 21 nu
969 1778 99 39 2,000
1092 1778 133 39 kronor,
1251 1779 78 32 med
1353 1780 99 39 2,000
1475 1780 124 32 kronor
1623 1780 50 32 till
1696 1781 100 39 4,000

299 1829 133 32 kronor.

344 1910 65 32 Till
433 1910 74 32 stöd
532 1911 53 31 för
609 1911 56 31 sitt
688 1911 127 42 förslag
838 1911 62 32 har
923 1912 211 32 motionären
1158 1914 113 30 anfört
1294 1913 166 41 följande:

348 1983 13 15 »
368 1972 369 33 Fornminnesvårdens
777 1974 286 41 omorganisation
1098 1974 63 32 och
1190 1975 66 32 den
1289 1975 140 32 därmed
1457 1976 338 41 sammanhängande

300 2016 122 41 frågan
445 2027 56 21 om
524 2016 208 42 nybyggnad
755 2018 54 31 för
832 2020 125 30 statens
981 2018 180 32 historiska
1184 2030 158 21 museum
1368 2036 38 4 —
1425 2030 74 21 som
1515 2020 54 32 för
1584 2019 210 34 närvarande

300 2065 37 27 är
370 2061 128 41 inrymt
529 2061 94 32 inom
656 2062 215 41 synnerligen
895 2062 329 33 otillfredsställande
1247 2063 127 32 lokaler
1396 2064 94 32 inom
1514 2064 281 33 nationalmuseet

299 2122 44 3 —
366 2110 37 26 är
426 2116 74 21 som
523 2105 126 32 bekant
672 2106 104 32 sedan
800 2106 168 42 åtskilliga
992 2109 37 29 år
1051 2107 140 32 tillbaka
1214 2108 109 32 under
1345 2109 191 41 utredning.
1584 2109 16 31 I
1624 2110 170 32 avvaktan

299 2149 107 41 härpå
428 2150 62 31 har
512 2149 214 42 beklagligen
750 2151 41 31 de
814 2151 180 32 kulturella
1017 2151 173 39 intressen,
1204 2163 118 21 varom
1346 2153 62 31 här
1431 2158 37 26 är
1479 2154 107 40 fråga,
1603 2153 73 32 icke
1693 2155 44 40 på
1752 2154 42 32 de

299 2196 131 30 senaste
465 2195 80 31 åren
580 2194 132 32 kunnat
734 2195 192 41 tillgodoses
951 2197 111 30 såsom
1086 2196 185 32 vederbort.
1320 2197 101 32 Detta
1443 2197 221 39 förhållande,
1690 2198 105 33 vilket

299 2238 94 32 torde
427 2249 82 22 vara
543 2238 56 33 väl
622 2238 125 33 bekant
770 2239 94 32 inom
887 2240 216 42 sakkunniga
1125 2241 137 38 kretsar,
1288 2246 37 26 är
1348 2241 94 32 desto
1466 2242 226 41 beklagligare
1715 2243 79 31 med

299 2283 134 40 hänsyn
467 2283 50 31 till
552 2283 153 42 Sveriges
740 2284 161 41 ställning
924 2295 73 21 som
1021 2296 42 20 en
1086 2285 151 41 gammal
1260 2285 233 33 kulturnation
1517 2287 63 31 och
1604 2287 66 32 den
1693 2287 100 32 fram-

299 2327 139 41 skjutna
461 2327 87 42 plats
572 2338 74 22 som
669 2328 302 42 fornforskningen
994 2329 94 32 inom
1111 2332 75 30 vårt
1208 2330 81 32 land
1313 2330 104 32 sedan
1440 2331 165 41 gammalt
1628 2332 129 41 intagit.

344 2372 116 32 Under
494 2372 128 32 sådana
655 2373 237 32 förhållanden
926 2378 37 27 är
998 2374 56 32 det
1088 2378 103 37 ägnat
1225 2378 48 28 att
1306 2375 109 32 väcka
1442 2376 191 41 förvåning,
1668 2380 49 28 att
1751 2376 42 32 de

298 2419 118 37 ytterst
449 2416 214 42 blygsamma
698 2417 126 42 anslag,
860 2428 74 21 som
968 2418 195 40 vitterhets-,
1198 2419 147 32 historie-
1381 2420 64 31 och
1479 2420 314 33 antikvitetsakade-

298 2460 92 32 mien
427 2461 54 31 för
515 2461 283 33 nästkommande
832 2461 165 42 budgetår
1026 2462 126 42 begärt,
1177 2468 45 26 än
1245 2463 190 42 ytterligare
1459 2464 11 31 i
1493 2465 300 41 statsverkspropo-

298 2504 144 33 sitionen
476 2504 176 33 beskurits.
700 2506 65 41 Jag
796 2506 59 32 vill
880 2507 117 38 erinra,
1023 2510 48 28 att
1093 2518 47 30 ny
1164 2507 257 33 riksantikvarie
1445 2508 138 42 nyligen
1607 2512 184 36 utnämnts,
