1924 2844
597 161 227 29 Statsutskottets
847 160 147 29 utlåtande
1017 160 45 28 Nr
1085 161 29 26 8.
1551 153 61 31 189

439 237 75 33 stöd
548 238 54 31 för
633 237 186 41 utgivande
848 236 107 32 under
979 238 36 30 år
1041 237 85 31 1924
1149 246 43 21 av
1216 235 192 32 tidskriften
1440 234 170 32 »Svenska

440 290 168 32 landsmål
636 290 61 32 och
727 290 138 32 svenskt
888 289 152 32 folkliv».

164 376 109 44 226:0)
308 379 128 42 Kungl.
462 379 99 41 Maj:t
594 379 62 32 har
689 376 122 44 (punkt
835 376 76 43 208)
935 378 172 42 föreslagit
1131 378 178 41 riksdagen
1334 380 48 29 att
1405 377 50 32 till
1478 378 135 31 fortsatt

119 433 216 41 systematisk
370 432 256 42 undersökning
660 443 43 22 av
738 432 146 33 svenska
918 431 142 33 folkmål
1095 432 53 32 för
1170 431 199 42 budgetåret
1394 431 218 32 1924—1925

118 487 120 33 anvisa
261 489 47 30 ett
331 489 94 30 extra
448 486 343 42 reservationsanslag
814 497 43 22 av
881 487 121 38 22,000
1026 486 132 38 kronor,
1172 488 49 29 att
1244 487 82 39 utgå
1342 486 44 40 på
1402 485 40 31 de
1458 489 153 27 närmare

119 540 134 39 villkor,
277 540 128 41 Kungl.
431 540 98 40 Maj:t
552 540 68 31 kan
643 540 94 31 finna
759 539 158 42 lämpligt
939 539 197 32 bestämma.

165 592 235 42 Utredningen
424 593 179 31 återfinnes
628 594 20 30 å
671 592 60 32 sid.
756 593 177 31 437—438
958 592 11 31 i
993 591 370 42 statsrådsprotokollet.

164 673 17 32 I
216 672 167 33 samband
417 672 142 33 härmed
577 673 63 32 har
663 673 163 32 utskottet
848 672 51 32 till
922 671 208 42 behandling
1153 671 149 33 förehaft
1326 682 41 21 en
1390 671 93 32 inom
1506 671 107 32 första

121 726 198 33 kammaren
355 737 43 22 av
433 726 115 32 herrar
582 727 40 31 E.
657 726 161 41 Wigforss
852 726 64 32 och
950 726 44 31 K.
1023 726 39 31 G.
1097 726 163 32 Westman
1288 725 99 32 väckt
1410 724 129 32 motion
1562 721 52 43 (nr

123 776 74 44 169)
233 779 111 32 däruti
378 779 199 39 hemställts,
613 782 49 29 att
696 779 181 41 riksdagen
901 781 104 30 måtte
1029 778 49 32 till
1101 779 135 32 fortsatt
1259 778 214 41 systematisk
1496 777 118 32 under-

121 832 147 41 sökning
302 843 44 22 av
380 833 146 32 svenska
559 832 144 32 folkmål
737 833 54 32 för
825 832 198 41 budgetåret
1060 833 218 31 1924—1925
1313 831 117 33 anvisa
1453 834 46 28 ett
1522 834 94 29 extra

122 886 343 41 reservationsanslag
488 897 43 21 av
555 887 121 38 26,000
699 886 134 38 kronor,
858 885 98 33 alltså
979 885 196 33 oförändrat
1198 885 132 41 belopp,
1356 887 47 29 att
1419 886 81 40 utgå
1516 885 44 40 på
1574 884 41 32 de

122 944 156 28 närmare
302 939 131 40 villkor,
458 939 128 42 Kungl.
612 939 98 42 Maj:t
732 939 69 32 kan
825 939 94 32 finna
942 939 155 42 lämpligt
1119 938 198 33 bestämma.

167 993 217 32 Beträffande
419 993 41 32 de
493 1004 42 21 av
559 993 250 32 motionärerna
833 992 143 33 anförda
1000 992 115 33 skälen
1139 993 54 31 får
1216 992 162 32 utskottet
1400 992 142 32 hänvisa
1566 991 50 33 till

123 1046 184 33 motionen.

167 1117 67 32 För
268 1117 200 42 budgetåret
505 1118 220 32 1923—1924
760 1119 99 40 utgår
886 1118 55 32 för
963 1117 259 41 ifrågavarande
1247 1117 158 32 ändamål
1429 1120 46 29 ett
1498 1116 118 43 anslag

124 1181 43 22 av
192 1171 121 38 26,000
336 1171 134 32 kronor.

168 1223 181 39 Utskottet,
375 1234 74 22 som
473 1223 187 42 ingalunda
683 1223 59 33 vill
765 1223 224 33 underkänna
1012 1223 65 33 den
1094 1223 254 41 vetenskapliga
1365 1223 192 41 betydelsen
1574 1233 42 22 av

123 1276 42 32 de
189 1276 303 42 undersökningar,
517 1287 118 22 varom
659 1288 48 20 nu
730 1281 37 27 är
790 1277 107 39 fråga,
922 1287 97 21 anser
1042 1276 195 39 emellertid,
1262 1279 49 29 att
1334 1276 64 32 den
1422 1286 42 22 av
1488 1276 126 40 Kungl.

124 1329 99 41 Maj:t
257 1329 192 42 föreslagna
483 1330 262 41 nedsättningen
778 1341 43 21 av
845 1330 152 41 anslaget
1019 1331 77 30 från
1121 1330 121 38 26,000
1265 1329 51 32 till
1340 1330 119 38 22,000
1482 1329 133 38 kronor,

123 1382 116 33 vilken
273 1383 269 42 uppenbarligen
571 1388 37 27 är
630 1383 177 33 föranledd
832 1394 42 22 av
897 1383 145 32 behovet
1065 1394 43 21 av
1131 1386 49 28 att
1203 1382 108 32 under
1334 1382 195 32 nuvarande
1552 1383 64 31 för-

123 1436 184 33 hållanden
342 1438 45 40 på
422 1437 91 32 detta
547 1447 73 22 som
655 1438 43 40 på
733 1438 127 40 många
883 1436 106 32 andra
1011 1436 130 42 viktiga
1164 1436 162 32 områden
1351 1436 106 32 under
1480 1435 136 33 åttonde

124 1489 218 33 huvudtiteln
377 1490 166 42 begränsa
577 1493 125 29 statens
737 1490 150 42 utgifter,
917 1490 61 32 har
1001 1489 88 42 goda
1112 1490 73 32 skäl
1208 1490 55 32 för
1286 1490 59 41 sig.
1392 1489 52 32 En
1469 1488 148 42 tillfällig

124 1542 220 43 nedsättning
378 1554 43 23 av
455 1543 259 42 ifrågavarande
748 1543 119 42 anslag
901 1543 86 32 lärer
1020 1543 172 41 nämligen
1227 1543 73 32 icke
1332 1543 138 32 komma
1493 1546 48 29 att
1564 1543 53 32 för

125 1596 98 32 dessa
257 1597 295 41 undersökningar
586 1597 154 32 medföra
775 1599 103 39 några
904 1597 59 31 allt
986 1597 53 31 för
1063 1600 89 28 stora
1175 1596 222 42 olägenheter,
1422 1596 44 32 då
1488 1596 12 31 i
1523 1596 94 41 varje

125 1649 61 32 fall
210 1650 162 42 anslaget,
398 1656 86 27 även
508 1650 105 42 enligt
636 1650 128 42 Kungl.
790 1650 115 41 Maj:ts
929 1650 136 41 förslag,
1090 1649 105 39 torde,
1220 1650 10 31 i
1254 1649 210 33 förhållande
1488 1649 49 32 till
1562 1649 56 32 sitt

125 1704 160 40 syftemål
309 1704 63 32 och
395 1704 12 31 i
429 1703 195 42 jämförelse
645 1704 78 32 med
740 1704 106 31 andra
862 1703 118 42 anslag
995 1703 50 32 till
1062 1703 256 41 betydelsefulla
1334 1702 283 39 kulturändamål,

124 1756 119 32 kunna
277 1768 98 21 anses
410 1757 175 41 tillfyllest.
633 1757 171 33 Utskottet
831 1757 62 31 har
916 1757 143 31 sålunda
1081 1757 74 31 icke
1178 1760 110 28 ansett
1311 1756 51 41 sig
1384 1756 81 32 böra
1488 1756 132 32 biträda

125 1810 267 33 motionärernas
416 1810 161 41 yrkande.

170 1863 172 33 Utskottet
365 1863 195 33 hemställer
583 1863 107 40 alltså,

492 1920 48 29 att
575 1917 180 42 riksdagen
790 1919 67 37 må,
893 1917 79 32 med
1004 1916 96 33 bifall
1129 1916 51 32 till
1204 1916 126 42 Kungl.
1358 1916 112 41 Maj:ts
1493 1915 127 42 förslag

448 1971 63 32 och
546 1971 78 32 med
659 1971 118 41 avslag
811 1972 20 31 å
866 1970 232 33 ovanberörda
1133 1970 139 39 motion,
1298 1970 10 32 i
1333 1970 65 32 vad
1422 1969 199 33 densamma

448 2024 117 41 skiljer
599 2025 52 41 sig
678 2025 78 31 från
780 2024 128 41 Kungl.
934 2024 114 41 Maj:ts
1072 2024 136 41 förslag,
1235 2023 49 33 till
1306 2024 133 31 fortsatt
1463 2026 157 38 systema-

447 2078 66 31 tisk
549 2077 256 42 undersökning
838 2088 42 21 av
904 2077 144 33 svenska
1071 2077 144 31 folkmål
1238 2078 53 30 för
1315 2076 195 41 budgetåret
1536 2077 85 31 1924

448 2132 132 31 —1925
605 2131 119 32 anvisa
746 2134 47 29 ett
814 2133 94 29 extra
924 2130 341 41 reservationsanslag
1288 2140 42 22 av
1355 2130 119 38 22,000
1487 2130 132 38 kronor,

449 2187 49 29 att
530 2186 81 39 utgå
645 2185 45 40 på
724 2183 41 32 de
801 2189 155 26 närmare
990 2183 131 38 villkor,
1158 2183 128 40 Kungl.
1312 2183 97 40 Maj:t
1437 2183 67 31 kan
1528 2183 93 31 finna

448 2237 156 41 lämpligt
626 2236 198 33 bestämma.

173 2323 108 44 227:0)
315 2326 127 42 Kungl.
468 2326 99 41 Maj:t
589 2326 63 32 har
675 2323 122 44 (punkt
821 2323 75 44 209)
920 2325 172 42 föreslagit
1115 2325 180 41 riksdagen
1319 2327 49 30 att
1390 2324 49 32 till
1462 2327 158 39 systema-

128 2379 66 32 tisk
218 2379 257 42 undersökning
497 2390 43 22 av
563 2379 210 42 sydsvenska
797 2379 143 32 folkmål
963 2380 54 31 för
1040 2379 198 41 budgetåret
1264 2379 215 31 1924—1925
1503 2378 118 31 anvisa

128 2435 47 30 ett
199 2436 94 29 extra
316 2432 342 42 reservationsanslag
681 2443 43 22 av
748 2433 99 39 3,000
871 2433 124 31 kronor
1018 2435 49 29 att
1091 2433 81 39 utgå
1194 2433 45 40 på
1262 2431 41 32 de
1319 2436 153 27 närmare
1489 2430 129 37 villkor,

130 2486 128 41 Kungl.
284 2486 99 41 Maj:t
406 2486 68 32 kan
497 2486 94 32 finna
614 2485 157 42 lämpligt
794 2485 197 32 bestämma.

1659 372 159 26 Undersök-

1679 408 69 33 ning
1766 415 35 18 av

1678 444 124 25 svenska

1677 479 125 26 folkmål.

1693 522 95 43 [208]

1655 577 90 32 jämte
1764 584 36 18 en
1819 577 9 24 i

1641 615 97 22 ämnet
1756 612 84 25 väckt

1680 647 116 26 motion.

1668 2324 158 26 Undersök-

1639 2361 102 32 ningar
1760 2369 36 16 m.
1816 2368 36 17 m.

1653 2404 35 17 av
1708 2395 132 33 sydsven-

1650 2432 51 25 ska
1720 2431 126 26 folkmål.

1703 2473 94 43 [209.]
