1932 2854
631 185 227 28 Statsutskottets
881 183 146 29 utlåtande
1051 184 45 27 Nr
1120 184 28 27 8.
1601 178 38 31 Si

192 264 67 32 dels
291 264 54 31 ock
380 263 53 31 för
468 262 121 32 sådant
613 261 159 33 ändamål
796 261 118 31 anvisa
938 261 52 31 för
1013 259 198 42 budgetåret
1239 259 216 32 1924—1925
1479 260 44 29 ett
1549 261 93 28 extra

147 316 265 42 förslagsanslag
435 327 43 21 av
503 316 121 38 30,000
640 315 134 32 kronor.

193 370 234 41 Utredningen
451 369 12 32 i
488 369 137 32 ärendet
649 369 179 31 återfinnes
853 369 19 30 å
896 367 61 32 sid.
983 368 63 30 332
1071 367 10 31 i
1106 365 370 42 statsrådsprotokollet.

193 424 65 31 För
291 422 195 32 ändamålet
509 423 98 40 utgår
631 422 53 31 för
710 420 230 33 innevarande
964 420 164 40 budgetår
1151 423 47 28 ett
1221 418 118 42 anslag
1362 429 42 21 av
1428 419 119 37 22,500
1572 418 70 30 kro-

148 487 70 21 nor.
268 476 80 32 Som
384 476 92 32 detta
510 474 118 42 anslag
660 475 53 31 för
737 476 37 30 år
800 475 84 31 1922
908 473 180 41 väsentligt
1112 472 226 39 överskridits,
1363 472 208 40 ifrågasättes
1595 482 48 20 nu

148 541 41 21 en
214 530 146 42 höjning
383 541 43 20 av
450 528 302 42 anslagsbeloppet.

194 593 170 32 Utskottet
388 591 202 39 hemställer,

515 647 48 29 att
586 644 181 41 riksdagen
791 645 58 30 må

543 695 30 43 a)
597 697 140 39 besluta,
763 700 48 28 att
834 696 150 40 tillfällig
999 695 280 40 löneförbättring
1295 695 54 30 för
1364 694 104 31 lärare
1485 693 57 32 vid
1559 694 84 30 små-

471 750 299 38 skoleseminarier,
808 760 73 21 som
916 749 154 31 inrättats
1099 759 42 21 av
1165 747 173 41 landsting
1361 747 77 32 eller
1462 746 83 38 stad,
1571 757 72 20 som

471 805 30 39 ej
527 804 11 31 i
562 804 173 40 landsting
759 803 157 41 deltager,
942 802 84 32 skall
1046 803 52 30 för
1115 801 197 41 budgetåret
1331 801 215 31 1924—1923
1563 801 82 39 utgå

472 857 78 32 med
578 855 43 41 ?/i
645 867 42 22 av
712 857 56 31 det
792 856 133 40 belopp,
950 866 73 21 som
1048 857 56 29 må
1127 854 191 32 tillkomma
1341 853 236 32 motsvarande
1601 852 43 31 lä-

472 921 72 21 rare
567 910 59 32 vid
650 908 425 33 folkskoleseminariernas
1093 906 258 41 övningsskolor
1367 906 62 32 och
1446 906 57 32 vid
1520 909 124 28 statens

471 962 379 39 småskoleseminarier;

516 1014 32 43 b)
581 1017 53 31 för
658 1016 121 32 sådant
803 1014 160 33 ändamål
987 1014 117 33 anvisa
1127 1015 54 30 för
1204 1013 197 41 budgetåret
1427 1013 216 31 1924—1923

472 1073 46 29 ett
542 1073 92 29 extra
658 1068 264 43 förslagsanslag
945 1079 42 21 av
1012 1068 120 38 30,000
1155 1067 133 32 kronor.

198 1166 105 43 149:0)
328 1169 15 31 I
367 1170 58 31 två
448 1167 217 42 likalydande
689 1167 175 38 motioner,
889 1166 122 32 väckta
1034 1165 65 32 den
1124 1176 63 21 ena
1210 1165 94 31 inom
1327 1165 105 30 första
1448 1164 196 31 kammaren

150 1233 41 21 av
227 1222 77 32 herr
332 1223 44 31 N.
407 1222 33 32 J.
471 1222 39 31 F.
536 1221 162 32 Almkvist
721 1217 52 44 (nr
799 1217 73 43 166)
897 1219 63 32 och
985 1219 63 31 den
1073 1218 106 32 andra
1203 1218 92 31 inom
1320 1217 104 32 andra
1448 1217 197 31 kammaren

150 1286 42 22 av
216 1276 115 31 herrar
359 1275 33 32 C.
421 1275 112 32 Sehlin
557 1274 63 32 och
644 1274 40 31 R.
720 1274 179 40 Wagnsson
922 1270 52 42 (nr
998 1269 74 43 231)
1096 1272 62 31 har
1180 1270 199 39 hemställts,
1403 1273 47 29 att
1467 1269 178 42 riksdagen

150 1328 77 32 ville
251 1328 50 32 till
325 1328 174 32 allmänna
522 1327 361 41 fortbildningskurser
906 1326 53 31 för
982 1325 105 32 lärare
1111 1325 58 32 vid
1193 1324 167 41 egentliga
1383 1323 184 32 folkskolor
1583 1323 63 32 och

150 1382 188 32 småskolor
371 1382 53 31 för
447 1381 198 41 budgetåret
671 1380 219 32 1924—1925
915 1379 117 33 anvisa
1056 1381 46 30 ett
1126 1382 93 28 extra
1243 1377 337 41 reservationsanslag
1603 1387 43 21 av

152 1436 120 38 75,000
295 1436 134 31 kronor.

196 1515 216 33 Beträffande
441 1515 41 32 de
506 1526 42 21 av
572 1515 250 32 motionärerna
845 1513 51 32 till
921 1513 74 32 stöd
1018 1513 53 31 för
1096 1511 139 33 berörda
1259 1511 126 41 förslag
1408 1510 142 32 anförda
1574 1510 72 32 skäl

151 1570 160 32 hänvisar
334 1570 164 31 utskottet
520 1568 51 32 till
594 1568 221 32 motionerna.

196 1649 117 32 Under
337 1660 42 21 en
412 1649 87 40 följd
530 1659 42 21 av
597 1650 36 29 år
657 1648 62 31 har
742 1647 181 41 riksdagen
948 1646 137 41 beviljat
1109 1645 118 41 anslag
1251 1645 70 31 dels
1345 1644 49 32 till
1418 1644 227 38 anordnande,

152 1703 69 32 dels
246 1702 50 32 till
319 1701 290 41 understödjande
633 1711 42 22 av
705 1700 361 41 fortbildningskurser
1089 1699 10 31 i
1124 1698 90 32 olika
1237 1703 124 26 ämnen
1385 1698 52 30 för
1460 1697 104 31 lärare
1588 1697 58 31 vid

151 1755 169 42 egentliga
354 1755 188 33 folkskolor
577 1755 63 32 och
674 1754 196 32 småskolor.
920 1753 118 32 Senast
1065 1752 169 41 beviljade
1260 1752 82 31 1921
1369 1752 51 30 års
1444 1750 136 41 riksdag
1603 1752 44 39 på

151 1813 94 29 extra
281 1812 66 29 stat
381 1810 54 31 för
470 1811 36 29 år
536 1809 83 31 1922
645 1808 50 31 till
718 1807 361 41 fortbildningskurser
1102 1806 53 31 för
1178 1804 257 42 ifrågavarande
1459 1804 105 31 lärare
1588 1803 58 32 föl-

150 1863 103 40 jande
279 1862 351 41 reservationsanslag,
655 1861 187 41 nämligen:
861 1860 51 32 till
928 1859 360 41 fortbildningskurser
1304 1858 9 31 i
1331 1857 183 32 allmänhet
1528 1858 119 37 75,000

151 1917 133 34 kronor,
311 1916 49 32 till
385 1915 165 33 särskilda
574 1914 359 42 fortbildningskurser
957 1913 10 32 i
991 1912 194 43 gymnastik
1209 1912 121 38 41,600
1354 1911 131 38 kronor,
1510 1910 50 31 till
1583 1915 64 26 sär-

152 1970 109 32 skilda
293 1970 118 31 kurser
433 1970 12 31 i
469 1967 378 43 skolträdgårdsskötsel
872 1968 119 38 19,300
1014 1967 124 31 kronor
1162 1968 87 29 samt
1273 1965 48 31 till
1345 1964 163 32 särskilda
1531 1964 117 31 kurser

151 2024 11 31 i
187 2023 150 42 simning
361 2023 65 32 och
449 2022 217 41 livräddning
689 2022 100 38 4,680
813 2021 133 38 kronor,
972 2019 156 42 samtliga
1152 2018 247 42 anslagsposter
1422 2021 48 28 att
1493 2019 80 39 utgå
1595 2028 53 21 en-

151 2077 62 41 ligt
248 2077 128 41 Kungl.
414 2076 115 41 Maj:ts
565 2075 256 33 bestämmande
857 2074 63 32 och
954 2075 45 40 på
1030 2073 41 32 de
1106 2073 131 35 villkor,
1262 2072 126 41 Kungl.
1414 2071 97 41 Maj:t
1534 2071 113 31 kunde

151 2132 94 31 finna
268 2133 72 39 gott
363 2130 196 33 föreskriva.
608 2129 327 40 Skolöverstyrelsen
964 2127 117 42 gjorde
1104 2126 252 41 framställning
1379 2136 55 21 om
1459 2125 116 40 anslag
1598 2124 50 32 till

152 2184 161 32 liknande
348 2183 362 41 fortbildningskurser
737 2183 54 31 för
814 2184 37 29 år
877 2182 93 31 1923.
1020 2180 66 32 Vid
1111 2180 160 31 anmälan
1295 2190 41 21 av
1360 2178 287 41 anslagsbehoven

152 2238 108 32 under
291 2237 197 32 riksstatens
513 2236 137 33 åttonde
673 2235 194 33 huvudtitel
890 2236 53 31 för
966 2235 106 31 första
1095 2234 152 31 halvåret
1273 2233 83 31 1923
1381 2231 189 33 förklarade
1594 2231 53 32 då-

152 2291 149 32 varande
337 2290 381 42 departementschefen,
755 2292 49 29 att
836 2289 69 32 han
929 2289 72 31 icke
1026 2289 105 40 ansåg
1154 2287 118 41 anslag
1295 2287 53 31 för
1372 2286 95 32 dessa
1490 2285 158 32 ändamål

152 2344 103 32 borde
292 2344 52 31 för
380 2343 212 32 sistnämnda
627 2343 48 31 tid
699 2343 62 31 hos
785 2342 182 41 riksdagen
991 2341 106 32 äskas.
1146 2339 378 42 Departementschefen
1548 2339 99 30 fram-

152 2397 80 40 höll,
268 2400 48 29 att
352 2397 40 32 de
417 2396 271 33 statsfinansiella
715 2395 259 33 förhållandena
997 2393 315 42 nödvändiggjorde
1336 2393 65 31 den
1424 2392 81 32 allra
1528 2394 120 29 största

153 2451 212 41 sparsamhet
388 2451 78 32 med
490 2453 126 30 statens
640 2449 110 33 medel
776 2452 87 29 samt
888 2451 48 30 att
952 2447 257 43 ifrågavarande
1227 2447 116 32 kurser
1360 2446 191 41 visserligen
1569 2456 79 21 vore

153 2506 53 31 för
242 2505 56 32 sitt
334 2504 159 32 ändamål
528 2504 224 41 fördelaktiga
787 2514 79 21 men
900 2503 86 32 dock
1020 2502 72 32 icke
1117 2501 134 32 alldeles
1276 2499 259 42 oundgängliga.
1584 2499 65 31 För

1664 1181 108 25 Motion
1795 1181 80 31 angå-

1677 1216 72 26 ende
1768 1216 99 30 anslag

1677 1252 42 25 till
1739 1251 125 26 fortbild-

1677 1288 185 32 ningskurser

1665 1324 44 24 för
1727 1324 90 24 lärare
1828 1323 46 24 vid

1690 1359 164 25 folkskolor.

1691 1653 160 25 Utskottetz

1702 1688 137 33 yttrande.
