2119 2663
1749 194 39 32 17

240 282 135 50 sjelfva
417 281 91 37 eller
537 281 85 37 dem
652 279 95 37 ifrån
779 278 259 50 angelägnare
1068 277 156 50 sysslor,
1249 279 46 39 så
1324 275 270 38 underlemnas
1624 274 56 38 till
1708 274 124 37 Eders

243 335 134 49 Kongl.
420 334 128 48 Maj:ts
590 332 290 51 godtfinnande,
923 344 58 23 om
1026 344 46 23 en
1116 330 116 37 sådan
1261 329 210 48 Postgång,
1503 342 79 23 som
1612 328 11 36 i
1653 327 178 50 England

239 389 70 36 och
351 385 295 39 Hufvudstaden
688 384 159 37 London
889 384 10 36 i
943 383 220 49 synnerhet,
1209 382 83 37 med
1335 384 40 34 så
1405 381 162 49 mycken
1596 382 148 35 förmon
1773 379 59 38 för

239 442 216 34 Invånarne
499 438 198 36 derstädes
739 442 44 37 är
820 436 190 48 brukelig,
1054 435 85 36 icke
1168 435 112 36 äfven
1310 434 69 36 här
1407 434 12 35 i
1449 433 223 37 Stockholm
1701 433 130 36 kunde

239 493 175 45 inrättas,
459 490 158 37 hvilken
661 490 90 35 Post
794 501 46 23 en
882 487 93 37 eller
1009 490 84 34 2:ne
1122 490 148 47 gånger
1299 499 59 23 om
1389 486 139 49 dagen,
1559 498 138 36 genom
1729 484 100 38 vissa

240 546 72 36 och
340 543 196 51 påliteliga
565 542 113 37 därtil
703 547 168 43 antagna
896 553 181 36 personer
1106 540 130 36 kunde
1265 538 262 50 expedieras."

371 594 323 49 Kanslikollegiet
722 592 226 48 hemstälde,
978 593 10 35 i
1019 592 178 37 afseende
1227 594 19 34 å
1275 592 73 36 den
1378 604 76 36 nya
1483 592 265 48 postgångens
1776 589 56 37 in-

242 649 174 37 rättande
445 648 102 36 inom
578 646 234 46 Stockholm,
842 659 58 22 om
928 645 94 48 icke,
1053 644 56 37 för
1139 644 65 37 det
1232 644 154 36 dermed
1407 642 176 50 åsyftade
1599 642 100 49 goda
1718 642 115 36 ända-

244 698 135 40 målets
424 700 112 44 skull,
579 698 209 38 Biörkdahl
829 698 128 36 kunde
999 697 142 36 erhålla
1182 696 134 49 nådigt
1349 695 243 50 privilegium
1621 695 100 46 derå,
1751 694 11 36 1
1792 697 38 33 så

243 757 117 34 måtto
390 758 55 31 att
474 752 97 37 dock
602 751 221 48 derigenom
850 750 32 49 ej
913 752 125 47 någon
1064 749 194 48 rubbning
1287 747 142 38 skedde
1458 747 11 36 i
1487 748 45 36 de
1548 747 285 48 författningar,

243 820 82 23 som
373 806 57 36 för
478 804 229 37 Postverket
749 816 90 23 vore
882 802 218 45 faststälda;
1143 801 163 36 hvarvid
1343 799 324 50 Kanslikollegiet
1709 802 123 45 ansåg

244 858 138 49 nödigt
423 862 55 32 att
521 855 208 38 Biörkdahl
773 855 100 36 förut
917 854 126 37 ålades
1087 859 65 42 att,
1197 853 89 37 "vid
1316 866 46 23 en
1391 857 175 32 närmare
1595 851 153 50 uppgift
1776 851 57 36 till

244 912 123 36 denna
397 910 235 47 inrättnings
663 907 322 46 verkställande",
1016 906 174 49 tydligen
1212 906 94 47 visa,
1328 911 55 31 att
1399 906 223 36 densamma
1638 903 195 38 medförde

245 964 73 37 den
348 961 300 51 beqvämlighet,
679 966 109 43 nytta
817 959 69 37 och
916 959 194 47 säkerhet,
1140 972 78 23 som
1237 957 108 38 deraf
1365 958 168 48 skäligen
1552 956 116 37 borde
1685 961 147 40 väntas,

245 1016 71 37 och
359 1020 55 32 att
457 1015 76 36 han
576 1013 122 37 stälde
741 1011 183 50 fullgiltig
952 1011 147 50 borgen
1129 1011 55 36 för
1214 1010 49 37 all
1288 1010 70 37 den
1390 1010 132 48 skada,
1549 1022 80 24 som
1660 1008 64 38 vid
1754 1009 80 36 "ett

245 1072 41 33 så
314 1057 216 60 grannlaga
560 1066 69 36 och
647 1064 197 49 ansvarigt
862 1064 120 36 verk'"
1002 1063 187 48 antingen
1206 1076 138 35 genom
1362 1063 96 36 hans
1475 1075 97 36 egen
1588 1062 91 36 eller
1693 1074 138 35 genom

244 1120 271 49 betjeningens
544 1117 266 37 försummelse
840 1116 67 37 och
939 1116 244 36 ovarsamhet
1211 1116 126 35 kunde
1362 1115 246 49 uppkomma.

373 1171 135 48 Enligt
550 1170 133 48 nådigt
720 1168 167 49 reskript
932 1168 55 37 till
1031 1167 345 49 Kanslikollegium
1420 1169 68 34 den
1522 1168 52 35 22
1603 1166 98 49 april
1730 1166 104 47 1774,

245 1224 107 38 biföll
385 1223 136 48 Kongl.
553 1223 107 48 Maj:t
689 1222 100 36 hvad
818 1220 185 49 kollegiet
1032 1220 158 37 sålunda
1219 1219 190 37 hemstält.

376 1275 134 37 Såvidt
540 1273 409 50 Generalpostyrelsen
980 1273 68 36 har
1077 1272 60 48 sig
1162 1272 153 47 bekant,
1338 1272 87 35 kom
1448 1271 63 36 det
1527 1270 196 36 tilltänkta
1739 1269 96 37 före-
1860 1286 2 2 :

246 1334 109 43 taget
383 1328 31 48 ej
445 1327 58 37 till
533 1327 123 36 stånd.
1722 1365 4 7 |

376 1380 66 37 Uti
484 1378 239 49 underdånig
756 1376 201 38 skrifvelse
986 1377 73 36 den
1090 1379 19 34 9
1142 1376 199 37 december
1374 1378 89 35 1831
1500 1374 175 37 anmälde
1704 1364 133 47 Öfver-

249 1431 430 50 Ståthållare-Embetet
722 1431 69 35 hos
828 1429 140 48 Kongl.
1010 1429 117 49 Maj:t,
1158 1429 180 36 hurusom
1371 1418 393 58 Öfverstelöjtnanten
1793 1425 41 38 C.

248 1485 46 36 de
324 1484 163 37 Mottoni
516 1484 70 35 hos
615 1481 565 38 Ofver-Ståthållare-Embetet
1208 1480 135 48 begärt
1372 1479 172 37 tillstånd
1574 1484 67 40 att,
1671 1478 12 36 i
1713 1478 122 48 enlig-

249 1538 65 35 het
356 1536 87 37 med
486 1549 45 23 en
574 1535 175 49 ingifven
793 1534 197 49 prospekt,
1033 1533 37 37 få
1102 1532 9 36 i
1143 1532 221 37 Stockholm
1393 1532 139 36 inrätta
1562 1545 46 23 en
1637 1530 98 37 bref-
1764 1531 71 37 och

249 1589 206 49 paketpost
489 1587 187 37 svarande
714 1592 101 30 emot
844 1586 72 35 den
946 1588 38 33 så
1011 1585 149 37 kallade
1185 1584 103 37 "lilla
1314 1584 218 49 brefposten
1562 1583 11 36 i
1603 1583 148 45 Paris';
1782 1588 55 31 att

249 1640 165 37 Mottoni
447 1639 125 37 tillika
606 1638 152 38 förmält
787 1638 59 49 sig
875 1651 90 23 vara
991 1637 137 37 sinnad
1157 1637 92 36 söka
1280 1636 241 49 privilegium
1551 1634 236 38 exclusivum
1818 1637 20 33 å

249 1692 265 49 inrättningen
543 1691 57 37 för
632 1692 45 35 10
707 1693 49 45 år,
788 1690 70 36 och
888 1689 148 37 derföre
1065 1689 159 36 anhållit
1252 1694 67 42 att,
1336 1688 118 37 under
1470 1687 155 51 afbidan
1646 1687 37 37 af
1694 1686 142 49 Kongl.

250 1745 129 48 Maj:ts
423 1744 142 49 nådiga
607 1742 207 38 resolution
846 1743 101 47 derå,
979 1741 123 49 dylikt
1129 1741 173 37 tillstånd
1331 1741 32 49 ej
1394 1743 115 34 måtte
1538 1740 41 36 af
1602 1738 236 38 Ofver-Ståt-

250 1796 341 38 hållare-Embetet
619 1795 193 37 meddelas
843 1797 36 33 åt
908 1794 132 45 andra;
1071 1799 98 31 samt
1189 1799 55 31 att
1260 1793 214 37 sedermera
1491 1792 84 37 med
1592 1791 245 49 tidningarne

254 1849 123 37 blifvit
419 1848 251 49 kringspridd
714 1861 46 23 en
802 1846 128 49 tryckt
959 1846 174 36 anmälan
1166 1851 54 31 att
1249 1851 55 31 ett
1332 1845 114 49 bolag
1475 1844 160 38 ämnade
1664 1843 174 49 tillväga-

250 1901 139 49 bringa
431 1915 47 23 en
519 1901 77 36 lika
639 1899 214 48 inrättning
895 1899 84 35 med
1014 1899 73 36 den
1117 1898 39 37 af
1180 1898 161 36 Mottoni
1371 1897 199 50 uppgifna,
1600 1896 121 48 enligt
1750 1895 88 50 plan

251 1954 72 36 och
352 1961 88 29 taxa
470 1953 40 36 af
535 1966 145 23 samma
708 1951 168 36 innehåll
905 1964 79 24 som
1014 1951 96 36 hans
1132 1950 202 51 prospekt,
1365 1950 96 36 dock
1491 1955 91 30 utan
1612 1954 55 31 att
1686 1948 154 48 bolags-

251 2011 168 31 männen
444 2004 196 51 uppgifvit
669 2004 83 36 sina
782 2017 114 23 namn
926 2003 91 36 eller
1036 2002 58 37 till
1114 1993 564 47 Öfver-Ståthållare-Embetet
1693 2000 148 36 inkom-

252 2058 68 36 mit
349 2058 84 36 med
463 2057 175 37 anmälan
667 2070 59 22 om
757 2056 110 36 deras
895 2055 166 48 företag;

381 2110 81 37 Och
505 2108 211 37 hemstälde
758 2099 562 45 Öfver-Ståthållare-Embetet
1363 2128 46 4 —
1453 2119 80 23 som
1576 2107 119 46 ansåg
1724 2103 119 49 högst

253 2162 208 49 angeläget
503 2167 54 31 att
589 2160 292 49 ifrågavarande
910 2159 224 48 inrättning,
1164 2172 59 22 om
1254 2158 112 36 äfven
1396 2158 11 36 i
1437 2158 61 48 sig
1527 2156 93 49 sjelf
1642 2155 200 50 gagnelig,

254 2215 31 47 ej
320 2214 104 48 finge
453 2226 73 35 ega
555 2227 82 22 rum
668 2212 90 36 eller
786 2211 142 36 tillåtas
957 2210 238 37 annorlunda
1224 2215 47 31 än
1300 2210 11 36 i
1340 2209 178 49 förening
1546 2209 84 36 med
1657 2207 187 37 erforder-

252 2266 79 49 liga
374 2265 250 47 föreskrifter,
667 2264 181 37 säkerhet
881 2264 71 35 och
978 2263 149 49 garanti
1156 2263 56 36 till
1242 2262 313 37 förekommande
1584 2260 41 37 af
1650 2259 192 37 missbruk

254 2323 100 31 samt
394 2317 58 37 till
494 2316 267 50 betryggande
805 2316 40 36 af
874 2315 278 37 allmänhetens
1176 2320 76 31 rätt
1276 2337 49 4 —
1355 2320 65 42 att,
1450 2314 11 35 i
1490 2313 146 37 saknad
1665 2313 41 36 af
1727 2314 118 46 något

252 2371 163 37 allmänt
444 2369 213 50 stadgande
686 2368 11 36 i
727 2369 103 36 detta
860 2368 190 47 afseende,
1083 2367 137 48 Kongl.
1252 2367 105 48 Maj:t
1385 2369 117 34 måtte
1530 2365 177 37 förordna
1730 2364 115 36 huru-

342 2429 70 32 Hör
436 2429 47 32 till
518 2430 8 29 8
550 2428 96 32 Saml.
672 2430 23 29 2
719 2428 78 38 Afd.
823 2429 23 29 2
874 2427 103 32 Band.
1001 2429 44 31 26
1070 2427 92 39 Häft.
1784 2423 18 29 3
