1862 2774
259 184 18 30 8
462 186 187 30 Allmänna
666 187 400 37 beredningsutskottets
1084 190 179 30 utlåtande
1280 200 42 20 nr
1340 193 38 29 13
1395 192 38 29 år
1452 194 82 28 1958

258 274 180 37 angeläget
460 276 51 28 att
532 277 231 37 utredningen
785 279 216 29 samarbetar
1024 280 77 29 med
1123 281 325 36 organisationerna
1471 292 79 20 men
1571 284 59 28 vill
1654 293 89 20 sam-

258 327 102 37 tidigt
382 327 190 32 framhålla
592 330 120 30 vikten
735 340 41 20 av
799 333 50 27 att
872 332 290 38 kartläggningen
1187 333 54 30 får
1263 334 149 30 omfatta
1436 335 69 30 alla
1527 343 151 30 grupper
1702 346 42 21 av

257 381 282 37 handikappade,
559 382 133 31 således
713 384 86 29 även
820 385 209 37 exempelvis
1051 386 130 30 sådana
1202 388 162 36 psykiskt
1385 388 271 38 handikappade
1676 391 65 29 och

259 435 109 29 andra
390 442 162 30 grupper,
576 445 74 21 som
673 437 129 30 saknar
824 439 249 36 organisation.

300 488 117 30 Under
439 488 220 38 åberopande
680 499 42 20 av
742 491 66 29 vad
831 501 89 20 ovan
943 492 137 30 anförts
1103 493 55 29 får
1180 494 171 30 utskottet
1373 495 149 30 sålunda
1544 496 197 36 hemställa,

621 544 51 28 att
694 544 186 37 riksdagen
903 545 11 29 i
937 546 188 37 anledning
1148 555 42 21 av
1212 547 42 30 de
1277 547 224 38 likalydande
1523 550 218 30 motionerna

577 596 97 30 1:249
698 597 65 29 och
786 597 113 30 11:318
923 598 11 29 i
958 599 167 30 skrivelse
1148 600 52 29 till
1225 600 124 38 Kungl.
1374 601 107 37 Maj:t
1504 602 157 31 anhåller
1685 613 56 20 om

576 651 217 31 tillsättande
818 661 41 21 av
884 662 41 20 en
952 654 187 38 utredning
1165 656 77 29 med
1268 656 139 38 uppgift
1433 659 51 28 att
1509 658 11 29 i
1547 659 195 31 samarbete

577 705 77 29 med
677 705 42 29 de
741 705 288 38 handikappades
1052 709 277 36 organisationer
1352 710 182 38 kartlägga
1556 712 41 30 de
1619 712 123 30 handi-

576 758 178 37 kappades
774 758 223 38 hjälpbehov.

300 863 204 30 Stockholm
524 864 65 29 den
611 863 40 30 18
671 874 94 20 mars
787 865 83 30 1958

579 970 46 30 På
646 971 178 30 allmänna
844 972 402 38 beredningsutskottets
1266 976 146 36 vägnar:

852 1044 37 30 T.
916 1044 219 31 WOLGAST

873 1205 243 30 Närvarande:

291 1258 72 27 från
400 1258 152 29 första
588 1260 199 28 kammaren:
816 1262 75 27 herr
917 1262 150 34 Wolgast,
1095 1264 52 27 fru
1173 1263 235 34 Wallentheim,
1437 1266 113 26 herrar
1577 1264 162 33 Nyström,

252 1302 173 34 Strandler,
444 1304 178 33 Anderson,
642 1304 72 28 Carl
731 1306 134 33 Albert",
884 1306 148 34 Persson,
1051 1308 130 32 Johan”,
1202 1308 197 33 Hellebladh,
1418 1309 168 32 Jonasson,
1604 1309 134 28 Johans-

252 1356 67 24 son,
339 1348 94 33 Tage,
454 1348 150 34 Åkesson,
627 1349 125 34 Kaijser
773 1352 61 26 och
855 1351 165 34 Edström;

290 1392 72 28 från
395 1394 143 27 andra
570 1395 198 27 kammaren:
791 1395 51 28 fru
866 1395 170 35 Svedberg,
1059 1398 113 27 herrar
1194 1398 146 34 Nestrup,
1364 1399 163 34 Engkvist,
1550 1397 188 42 Björkänge,

250 1436 147 29 Ekström
424 1439 11 26 i
462 1438 177 34 Björkvik",
666 1439 187 34 Lundqvist,
879 1440 156 34 Nihlfors,
1063 1442 112 28 fröken
1203 1442 177 34 Wallerius,
1409 1445 114 27 herrar
1549 1444 149 29 Carlsson
1726 1447 10 26 i

250 1481 199 34 Huskvarna,
470 1482 156 34 Nyhage”,
646 1484 51 27 fru
717 1484 157 28 Thunvall
895 1486 61 26 och
977 1486 51 27 fru
1048 1486 285 30 Lewén-Eliasson.

285 1572 12 14 +
317 1571 33 29 Ej
370 1572 183 25 närvarande
570 1573 48 24 vid
637 1572 179 26 utlåtandets
834 1574 155 29 justering.
