2144 2566
465 158 245 32 Sammansatta
736 160 101 31 Stats-
859 161 56 30 och
938 159 87 41 Laz-
1035 160 169 31 Utskottets
1233 160 170 31 Utlåtande
1427 160 61 31 N:o
1513 162 27 28 I.
1756 160 17 31 1

931 648 77 42 N:o
1036 650 35 41 1.

777 809 82 31 Ank.
885 811 45 29 till
954 811 101 29 Riksd.
1080 811 102 29 Kansli
1206 812 55 29 den
1286 813 39 28 20
1349 812 85 37 April
1461 813 90 36 1880,
1575 814 40 29 kl.
1641 815 18 27 8
1682 822 25 21 e.
1732 823 37 20 m.

391 953 275 37 Sammansatta
694 953 120 36 Stats-
842 955 62 35 och
933 953 295 48 Lag-Utskottets
1261 955 210 45 Utlåtande,
1502 957 79 34 med
1610 957 203 47 anledning

591 1005 45 48 af
660 1004 100 36 väckt
787 1004 133 36 motion
949 1004 190 48 angående
1169 1006 269 48 domkapitlens
1466 1006 235 49 ombildning.

325 1155 130 36 Denna
485 1155 102 35 inom
617 1155 133 35 Första
779 1154 229 37 Kammaren
1036 1153 40 37 af
1099 1154 97 37 Herr
1217 1154 37 38 C.
1275 1156 42 34 A.
1334 1155 152 36 Ekstedt
1503 1156 134 35 väckta
1658 1156 155 43 motion,

190 1206 69 35 N:o
291 1208 57 42 10,
379 1218 79 23 som
488 1205 122 36 blifvit
638 1206 57 34 till
724 1205 297 47 Lag-Utskottet
1050 1205 196 43 hänvisad,
1277 1206 68 35 har
1374 1206 39 34 af
1439 1205 106 36 detta
1573 1205 156 36 Utskott
1757 1206 56 36 öf-

188 1234 230 57 verlemnats
447 1260 67 39 att,
539 1256 149 47 jemlikt
717 1257 45 34 47
793 1253 18 48 $
842 1229 412 88 Riksdagsordningen,
1284 1255 207 37 behandlas
1516 1254 35 37 af
1561 1255 253 37 Sammansatt

188 1305 123 36 Stats-
353 1306 69 35 och
459 1279 266 77 Lag-Utskott,
753 1306 142 35 hvilket
924 1307 10 33 i
963 1305 91 47 följd
1084 1305 110 36 deraf
1219 1306 68 35 har
1315 1311 55 31 att
1399 1305 106 36 öfver
1534 1307 195 35 motionen
1759 1307 55 35 af-

187 1356 103 49 gifva
318 1355 203 36 utlåtande.

324 1407 236 35 Motionären
590 1406 143 35 erinrar
761 1406 56 35 till
847 1418 44 23 en
921 1405 145 47 början,
1095 1405 182 37 hurusom
1306 1420 46 22 en
1382 1406 199 47 väsentlig,
1612 1405 56 36 för
1696 1411 54 31 att
1780 1408 31 46 ej

187 1465 88 38 säga
305 1457 72 36 den
407 1457 267 46 väsentligaste
703 1456 158 35 orsaken
891 1456 58 34 till
978 1456 70 35 den
1079 1469 80 31 oro,
1188 1469 78 23 som
1283 1456 58 36 för
1357 1456 235 36 närvarande
1607 1460 208 44 genomgår

188 1511 67 33 vår
283 1508 128 48 kyrka,
441 1519 88 23 vore
558 1512 55 30 att
641 1506 90 36 söka
759 1507 10 34 i
799 1506 45 35 de
874 1506 150 42 brister,
1054 1519 86 22 man
1169 1511 97 32 trott
1295 1508 59 47 sig
1382 1508 100 34 finna
1506 1508 9 34 i
1539 1506 275 49 kyrkoförfatt-

188 1559 140 46 ningen
358 1558 70 35 och
459 1556 72 36 den
561 1556 110 36 deraf
696 1556 191 36 beroende
916 1556 176 47 kyrkliga
1121 1556 224 48 ordningen.
1402 1557 57 36 Då
1488 1557 63 35 det
1579 1569 51 23 nu
1655 1556 158 36 förhölle

188 1610 58 44 sig
287 1611 40 33 så
369 1608 85 36 med
496 1606 159 36 svenska
695 1606 159 50 kyrkan,
884 1611 54 30 att
967 1606 74 35 hon
1071 1607 126 36 kunde
1227 1607 176 36 förändra
1431 1608 57 34 sin
1516 1612 104 43 yttre
1650 1606 165 47 ordning

188 1658 96 36 efter
325 1656 463 48 tidsomständigheterna,
830 1662 90 29 utan
963 1661 55 31 att
1052 1656 115 37 blifva
1196 1658 79 35 sina
1304 1658 188 47 principer
1520 1663 172 42 otrogen,
1721 1670 92 23 vore

188 1709 64 35 det
292 1709 81 34 skäl
416 1715 55 29 att
511 1707 58 35 till
612 1720 45 22 en
691 1707 132 46 början
858 1706 123 36 vända
1011 1708 384 47 uppmärksamheten
1427 1711 45 43 på
1502 1708 310 47 kyrkostyrelsen

189 1759 66 36 och
297 1758 178 36 särskildt
516 1760 44 44 på
593 1757 72 35 den
695 1758 121 45 enligt
845 1757 257 36 motionärens
1133 1756 242 49 uppfattning
1403 1758 202 48 vigtigaste
1635 1758 140 35 länken
1804 1758 9 34 i

187 1809 230 44 densamma,
460 1808 185 45 nemligen
688 1807 266 47 domkapitlen,
997 1806 140 45 hvilka,
1180 1807 97 36 efter
1318 1807 100 37 hvad
1459 1821 80 23 som
1581 1807 112 36 torde
1723 1820 89 23 vara

188 1859 69 36 den
301 1860 190 35 allmänna
533 1858 156 47 åsigten,
733 1857 85 36 med
862 1856 172 37 afseende
1063 1860 19 33 å
1110 1860 41 33 så
1190 1859 60 35 väl
1279 1858 56 35 sin
1364 1858 338 47 sammansättning
1730 1870 81 23 som

189 1908 194 49 omfånget
411 1908 61 36 för
499 1909 54 35 sin
584 1907 238 36 verksamhet
851 1906 69 37 och
949 1907 57 35 sin
1024 1908 206 36 auktoritet
1245 1908 98 36 efter
1357 1908 179 36 nutidens
1552 1907 259 36 förhållanden

187 1959 107 36 torde
323 1972 88 23 vara
439 1958 85 47 föga
553 1957 365 43 tillfredsställande,
949 1957 143 36 hvilket
1122 1959 69 35 ock
1209 1957 209 50 framginge
1438 1958 39 36 af
1495 1958 44 36 de
1556 1959 90 35 flera
1661 1958 151 47 förslag,

188 2023 80 23 som
299 2008 125 37 blifvit
451 2008 220 36 framstälda
698 2007 160 37 rörande
882 2008 276 47 domkapitlens
1182 2007 236 49 förändring.
1460 2008 54 37 De
1539 2010 270 46 väsentligaste

188 2061 183 35 bristerna
408 2058 86 37 med
523 2058 179 36 afseende
730 2061 48 45 på
807 2058 107 35 dessa
944 2058 283 48 myndigheters
1256 2060 342 46 sammansättning
1626 2072 101 30 vore,
1757 2063 55 31 att

189 2111 66 34 allt
296 2110 59 36 för
396 2116 79 30 stor
515 2108 141 36 olikhet
692 2108 95 48 egde
817 2121 84 22 rum
932 2108 137 35 mellan
1100 2108 45 36 de
1175 2109 102 36 olika
1305 2086 346 77 stiftsstyrelserna,
1680 2114 54 30 att
1763 2108 46 36 de

188 2159 59 36 för
288 2161 191 46 platserna
519 2158 186 46 behöfliga
747 2158 352 48 qvalifikationerna
1141 2159 62 36 vid
1231 2160 210 47 platsernas
1469 2160 230 45 tillsättning
1726 2158 82 36 icke

273 2216 75 30 PBih.
369 2216 51 31 till
442 2215 115 32 Riksd.
583 2215 87 30 Prot.
695 2215 93 30 1880.
833 2215 20 28 4
876 2213 101 31 Saml.
1021 2214 22 29 2
1068 2214 74 39 Afd.
1189 2215 18 29 1
1234 2215 92 40 Håift.
1729 2217 11 25 1
