1932 2826
296 178 19 35 2
769 183 225 33 Statsutskottets
1016 183 147 34 utlåtande
1184 184 46 32 Nr
1253 185 68 32 177.

297 258 128 32 Vidare
447 259 60 30 har
528 258 127 42 Kungl.
679 259 102 41 Maj:t
802 270 122 31 genom
946 261 114 31 beslut
1083 261 66 31 den
1171 262 18 31 3
1213 262 65 41 maj
1304 262 81 31 1940
1408 261 171 43 medgivit,
1604 264 49 30 att
1676 261 118 43 ifråga-

299 309 147 32 varande
465 309 117 42 anslag
600 310 93 41 finge
713 311 214 31 överskridas
947 311 76 31 med
1042 314 49 29 ett
1109 311 125 42 belopp
1254 323 39 20 av
1312 312 101 42 högst
1432 312 113 37 51,500
1563 313 134 32 kronor.

350 385 19 31 I
388 384 161 33 skrivelse
569 386 68 31 den
655 386 38 32 16
711 387 86 40 april
817 387 81 32 1940
916 387 60 31 har
993 387 351 41 medicinalstyrelsen
1363 389 90 41 gjort
1471 389 251 42 framställning
1740 399 54 21 om

297 434 120 43 anslag
434 436 52 30 för
502 435 487 42 beredskapsorganisationen
1007 438 108 31 under
1131 439 98 31 nästa
1245 438 175 42 budgetår.
1452 438 176 43 Styrelsen
1646 440 60 31 har
1725 438 70 32 där-

298 485 57 32 vid
378 488 110 29 ansett
509 486 53 42 sig
583 487 114 31 kunna
717 487 104 32 räkna
841 488 77 31 med
940 499 41 20 en
1001 489 196 41 minskning
1218 500 39 20 av
1278 490 307 41 personalbehovet
1607 490 53 31 för
1679 490 115 31 bered-

297 535 332 43 skapsavdelningen
646 538 62 31 och
724 537 324 34 materielnämnden
1066 540 108 31 under
1190 540 255 41 förutsättning,
1463 543 49 29 att
1529 552 114 20 ramen
1661 542 52 30 för
1731 541 65 32 den

297 587 181 40 planlagda
505 587 633 43 beredskapssjukhusorganisationen
1164 590 192 32 bibehölles
1383 590 213 32 oförändrad.

351 638 82 31 Med
455 638 110 31 denna
586 639 254 42 utgångspunkt
863 640 62 31 och
947 640 76 31 med
1043 640 218 42 tillämpning
1282 653 41 19 av
1346 641 41 32 de
1409 641 156 39 arvoden,
1589 653 73 20 som
1685 643 110 40 utgått

298 688 110 31 under
424 687 228 33 innevarande
668 689 174 42 budgetår,
861 690 61 31 har
938 689 168 42 styrelsen
1123 691 162 31 beräknat
1300 691 270 32 lönekostnaden
1587 692 54 31 för
1657 691 137 32 bered-

296 738 419 43 skapsavdelningen
736 740 108 32 under
863 742 99 30 nästa
980 740 167 43 budgetår
1168 741 106 42 enligt
1292 742 152 41 följande
1466 742 325 41 sammanställning:

296 796 55 31 En
380 799 92 29 extra
499 797 164 42 byråchef
695 799 113 41 (högst
835 799 142 42 halvtid)
1011 802 18 30 å
1057 800 125 32 kronor
1210 801 18 30 9

347 839 55 32 för
424 840 64 41 dA8
523 866 701 7 mossreseeresrrsrereeresrrrrrrrerrsrrer
1057 835 48 51 rer
1111 835 45 51 orre
1162 835 64 51 rensa
1251 842 125 31 kronor
1419 842 91 38 3,285

294 882 202 42 Ersättning
519 882 54 32 till
599 883 109 32 denne
733 884 52 31 för
809 884 145 32 mistade
978 885 250 31 löneförmåner

347 925 113 30 såsom
496 925 204 39 överläkare,
727 925 92 32 cirka
858 952 366 6 o.osmomsmssesersrrsrrrorres
1305 941 13 14 »
1399 928 110 37 14,000
1532 928 125 31 kronor
1681 928 111 37 17,285

296 967 54 30 En
374 967 257 32 läkarassistent
654 968 154 42 (halvtid)
834 971 19 29 å
871 969 123 31 kronor
1013 970 61 30 400
1093 971 53 30 för
1164 970 121 31 månad
1307 995 200 6 ...............
1589 984 13 14 »
1701 971 92 37 4,800

296 1009 54 30 En
374 1009 266 39 läkarassistent,
662 1010 81 38 dito,
764 1010 92 31 intill
877 1011 66 31 den
963 1012 15 30 1
1000 1012 183 31 november
1204 1012 80 31 1940
1307 1038 200 5 ...............
1589 1027 13 14 »
1702 1013 92 37 2,400

294 1050 55 30 En
372 1051 327 40 apotekarassistent
721 1055 19 29 å
763 1052 126 32 kronor
914 1053 61 31 800
997 1053 53 31 för
1072 1054 124 31 månad
1223 1078 283 7 .....................
1587 1068 14 14 »
1701 1055 91 37 9,600

296 1093 52 31 En
375 1096 93 29 extra
484 1094 255 42 föredragande,
757 1095 111 41 jurist,
897 1097 9 29 å
922 1095 122 32 kronor
1061 1096 62 31 600
1139 1096 53 31 för
1208 1096 122 31 månad
1350 1122 74 5 ......
1434 1121 73 12 orena
1589 1111 13 14 »
1703 1097 91 38 7,200

297 1136 71 31 Två
388 1136 275 41 sjuksköterskor
682 1139 18 29 å
720 1137 191 42 respektive
931 1137 123 32 kronor
1073 1138 62 31 450
1155 1138 62 31 och
1236 1138 61 31 500
1317 1139 54 31 för
1390 1139 121 31 månad
1589 1153 14 14 <>»
1641 1132 21 52 -
1683 1139 111 38 11,400

296 1176 54 31 En
374 1177 236 41 sjukgymnast
631 1178 33 41 (å
679 1180 269 41 övergångsstat)
970 1182 18 29 å
1003 1180 126 31 kronor
1145 1180 60 32 250
1222 1180 53 30 för
1291 1181 122 31 månad
1433 1205 73 6 ......
1588 1195 13 14 »
1701 1181 92 38 3,000

293 1219 63 32 Ett
380 1220 107 32 första
509 1220 236 39 skrivbiträde,
771 1220 93 33 Cirkå
890 1247 615 6 sssssmmsssosessresersrerssrresrr
1333 1215 24 48 er
1363 1215 48 48 srre
1417 1215 90 48 serien
1587 1236 13 14 »
1700 1223 105 37 3,000"

292 1262 109 32 Extra
428 1262 249 32 skrivbiträdenl
719 1289 786 8 ooissmmocserrsvestreserserarsererrrrrersrrss
1305 1258 21 48 sr
1332 1258 24 48 rs
1362 1258 18 48 ts
1392 1258 39 48 rr
1446 1258 3 48 r
1458 1258 51 48 rss
1586 1280 13 14 »
1680 1266 111 38 12,000

291 1304 55 31 En
369 1307 94 29 extra
483 1305 297 41 expeditionsvakt
804 1331 701 7 ..sssssnssssessresresrrrerererereres
1307 1300 37 52 ere
1346 1300 40 52 rer
1388 1300 24 52 rr
1414 1300 50 52 arne
1470 1300 39 52 ora
1586 1321 14 15 >
1700 1308 91 38 2,615

295 1347 168 41 Tillfällig
485 1347 173 41 personal,
679 1347 223 31 oförutsedda
924 1347 140 41 utgifter
1088 1359 40 20 m,.
1155 1360 40 18 MM.
1223 1373 283 6 smmmensesesesrerren
1484 1343 26 50 na
1588 1363 13 14 »
1701 1350 92 36 6,700

1372 1408 137 31 Summa
1531 1409 126 31 kronor
1680 1410 112 37 80,000

349 1472 176 42 Styrelsen
540 1473 166 42 tillägger,
723 1475 49 30 att
786 1473 113 32 denna
913 1474 314 42 sammanställning
1240 1475 12 30 i
1267 1475 212 32 förhållande
1495 1476 53 31 till
1564 1476 227 32 innevarande

293 1523 168 41 budgetår
480 1524 136 31 realiter
635 1524 164 31 innebure
820 1535 42 20 en
880 1524 196 42 minskning
1095 1535 41 21 av
1155 1525 202 41 personalen
1377 1527 75 30 med
1472 1537 41 20 en
1533 1529 93 29 extra
1647 1527 145 31 föredra-

295 1573 111 40 gande
439 1573 151 42 (läkare),
622 1585 41 20 en
693 1576 18 29 å
739 1575 56 30 två
823 1574 304 39 läkarassistenter,
1158 1577 50 30 tre
1236 1575 284 41 sjuksköterskor,
1551 1576 74 42 fyra
1655 1577 53 32 till
1737 1578 54 39 sju

295 1623 249 32 skrivbiträden
570 1625 63 30 och
658 1635 41 20 en
723 1624 244 42 sjukgymnast.

347 1675 221 30 Beträffande
610 1675 406 31 materielnämnden
1057 1677 98 40 utgår
1196 1677 168 40 styrelsen
1394 1677 75 31 från
1499 1679 50 30 att
1578 1678 212 41 personalen,

293 1725 107 31 sedan
425 1725 221 42 erforderliga
671 1725 259 42 materialinköp
954 1726 204 38 verkställts,
1184 1726 85 31 skall
1293 1727 115 32 kunna
1432 1728 188 42 entledigas
1646 1729 11 31 i
1681 1729 110 31 skilda

294 1777 150 39 etapper,
474 1775 117 31 varvid
622 1775 138 32 särskilt
788 1777 57 30 två
875 1775 228 42 tidsperioder
1132 1776 169 42 urskiljas,
1332 1777 191 33 benämnda
1551 1777 240 42 krisorganisa-

292 1825 120 32 tionen
436 1826 61 31 och
521 1825 382 41 fredsorganisationen.
939 1826 117 31 Under
1079 1826 358 41 krisorganisationen,
1463 1828 209 33 omfattande
1696 1829 94 30 tiden

292 1876 250 41 Juli—oktober
566 1877 90 37 1940,
680 1876 165 32 beräknas
869 1877 126 31 antalet
1017 1878 271 31 sammanträden
1312 1879 77 31 med
1411 1879 168 31 nämnden
1602 1883 114 39 uppgå
1737 1880 53 31 till

293 1929 57 29 två
369 1939 61 29 per
450 1927 120 31 månad
591 1929 87 29 samt
697 1927 191 31 kostnaden
909 1927 51 31 för
980 1927 247 32 ledamöternas
1248 1929 63 30 och
1332 1932 216 38 experternas
1569 1931 147 31 arvoden
1737 1930 53 31 till

292 1977 62 31 500
376 1977 123 31 kronor
520 1977 53 31 för
595 1977 122 31 månad
739 1977 82 31 eller
842 1977 101 31 alltså
963 1977 146 41 tillhopa
1129 1978 91 37 2,000
1240 1978 135 32 kronor.

345 2027 201 31 Kostnaden
568 2028 54 30 för
644 2027 315 41 kanslipersonalen
980 2027 108 32 under
1110 2037 125 23 samma
1257 2029 50 31 tid
1330 2029 199 41 uppskattas
1552 2031 154 32 sålunda:

292 2088 15 29 1
332 2087 326 31 huvudsekreterare
686 2087 142 41 (halvtid
850 2087 108 31 under
977 2088 20 30 4
1018 2087 171 42 månader)
1219 2114 282 6 .msssmmososrsersrnea
1528 2089 126 32 kronor
1697 2090 92 38 2,150

291 2131 15 28 1
332 2129 201 32 biträdande
555 2129 208 31 sekreterare
791 2129 122 41 (heltid
934 2129 106 31 under
1061 2131 19 29 4
1103 2130 169 42 månader)
1302 2156 200 6 ...............
1583 2146 14 14 »
1696 2133 93 36 3,250

292 2173 14 28 1
332 2182 184 21 amanuens
542 2170 122 42 (heltid
685 2171 107 31 under
812 2171 19 31 5
852 2170 170 42 månader)
1052 2197 450 6 sssrmnmsessrsrererrsererrrrnrnren
1584 2187 13 15 »
1697 2174 91 37 2,070

290 2215 18 29 2
332 2224 222 20 amanuenser
582 2213 153 41 (vardera
755 2213 111 30 heltid
889 2213 106 30 under
1017 2214 19 29 2
1058 2214 171 41 månader)
1260 2240 241 7 ..snssmmsessesesa
1583 2230 13 14 »
1697 2217 91 37 1,800

289 2255 19 30 2
332 2254 250 32 skrivbiträden
610 2254 166 42 (vartdera
798 2254 110 32 heltid
930 2255 106 31 under
1059 2255 18 31 3
1100 2255 169 42 månader)
1301 2282 199 6 ...............
1582 2272 14 14 »
1697 2259 90 37 1,200

1368 2315 137 32 Summa
1527 2317 126 31 kronor
1677 2319 111 37 11,070

343 2382 119 31 Under
490 2381 381 41 fredsorganisationen,
902 2382 207 32 omfattande
1138 2382 93 32 tiden
1258 2384 183 31 november
1469 2384 199 41 1940—juni
1697 2386 89 36 1941,

289 2432 167 32 heräknas
483 2432 120 31 endast
630 2434 49 29 ett
704 2432 246 32 sammanträde
976 2433 11 30 i
1013 2432 165 32 månaden
1205 2432 90 33 bliva
1322 2434 224 42 erforderligt.
1584 2435 202 31 Kostnaden

290 2483 53 31 för
367 2483 229 31 ledamöterna
622 2483 62 31 och
708 2485 217 40 experternas
950 2484 145 30 arvoden
1121 2484 200 42 uppskattas
1345 2486 76 31 med
1445 2486 139 42 ledning
1607 2487 102 31 härav
1733 2487 53 31 till
