1884 2800
506 156 378 30 Jordbruksutskottets
913 154 175 31 utlåtande
1114 163 42 21 nr
1182 156 49 28 41.
1594 145 19 31 5

157 238 255 41 Överstyrelsen
436 241 55 37 för
513 240 298 37 yrkesutbildning
832 240 63 29 har
917 238 202 36 framhållit,
1142 242 48 26 att
1213 239 73 29 skäl
1311 241 114 33 syntes
1447 236 166 36 föreligga

107 297 49 26 att
182 293 66 31 tills
275 293 116 30 vidare
419 292 147 30 avvakta
593 291 175 30 resultatet
793 300 42 20 av
865 291 55 29 det
944 289 34 31 åt
1006 289 349 36 lantbruksstyrelsen
1384 288 227 30 anförtrodda

107 344 403 36 utredningsuppdraget.
537 343 13 29 I
573 343 109 35 övrigt
704 343 64 29 har
791 342 248 36 överstyrelsen
1062 340 116 31 anfört
1201 341 9 29 i
1234 339 183 31 huvudsak
1440 338 169 36 följande:

153 403 365 36 Lantbruksstyrelsen
538 403 97 30 torde
655 402 45 30 ha
719 401 55 30 för
792 401 112 30 avsikt
923 404 48 27 att
991 404 153 32 upptaga
1164 399 122 36 frågan
1308 399 10 30 i
1338 400 77 29 hela
1436 399 75 30 dess
1530 398 82 30 vidd

108 447 65 29 och
201 445 146 32 sålunda
375 445 80 36 ingå
480 445 132 36 jämväl
637 443 45 37 på
709 445 40 30 de
775 445 10 29 i
813 444 228 30 förevarande
1067 442 171 31 motioner
1265 442 146 30 berörda
1438 440 173 37 frågorna.

109 489 114 36 Enligt
244 490 67 29 vad
334 488 248 36 överstyrelsen
603 486 119 31 erfarit
744 496 81 20 vore
844 486 154 31 nämnda
1023 485 118 36 frågor
1162 484 146 31 föremål
1331 485 56 30 för
1407 484 90 31 vissa
1518 485 93 29 Över-

104 532 180 35 väganden
306 532 86 29 även
417 531 94 30 inom
539 531 81 29 1942
646 530 55 30 års
725 529 380 37 jordbrukskommitté.
1134 528 64 30 Vid
1222 530 126 28 statens
1373 526 238 31 hantverksin-

109 574 96 30 stitut
221 574 90 30 hade
328 574 111 29 under
456 582 120 21 senare
597 571 39 31 år
652 572 11 30 i
681 572 191 30 samarbete
891 573 77 29 med
990 571 152 35 Sveriges
1162 570 140 30 smides-
1325 570 64 29 och
1407 569 205 30 mekaniska

109 616 318 30 verkstadsidkares
460 615 228 30 riksförbund
717 615 64 29 och
814 613 349 37 jordbrukstekniska
1192 612 202 35 föreningen
1424 611 189 30 anordnats

108 658 252 37 specialkurser
376 659 10 29 i
403 657 198 37 reparation
618 667 43 20 av
675 657 173 30 traktorer
862 657 65 29 och
944 655 369 30 lantbruksmaskiner.

107 736 8 6 >
154 701 55 29 Att
231 701 82 30 ökat
333 701 112 29 behov
466 709 42 21 av
528 699 196 36 utbildning
748 709 42 20 av
810 699 216 35 reparatörer
1047 698 65 30 och
1134 696 370 37 reparationskunniga
1527 704 86 22 sme-

106 743 58 30 der
191 743 56 30 för
273 743 214 30 lantbrukets
513 743 113 29 behov
652 742 95 30 torde
774 741 164 36 föreligga
964 741 118 29 kunde
1107 741 173 35 knappast
1307 738 84 32 råda
1416 738 102 30 tvivel
1544 747 67 26 om,

104 787 86 29 även
208 795 57 21 om
286 785 265 36 omställningen
570 785 95 30 inom
684 785 66 30 den
770 785 106 30 större
894 783 373 31 verkstadsindustrien
1284 782 79 30 med
1381 781 128 36 krigets
1526 790 86 27 upp-

108 828 154 30 börande
281 828 10 29 i
308 826 114 37 någon
440 826 82 31 mån
542 827 117 29 kunde
676 826 158 31 medföra
854 826 205 35 lösgörande
1076 835 42 21 av
1136 824 141 37 lämplig
1299 823 218 36 arbetskraft,
1539 832 74 21 som

108 870 181 36 överginge
320 870 51 30 till
399 870 255 36 landsbygdens
685 869 135 30 mindre
846 868 418 36 reparationsverkstäder
1292 867 81 30 eller
1400 875 124 28 genom
1552 875 60 27 ny-

107 913 190 36 etablering
317 912 150 31 utökade
489 911 186 37 tillgången
697 910 45 37 på
764 911 127 37 dylika.
918 911 89 30 Utan
1029 911 126 29 tvekan
1177 910 97 30 torde
1300 910 95 35 dylik
1417 908 196 37 utbildning

109 954 105 32 också
235 955 80 30 med
338 954 111 31 fördel
471 954 119 30 kunna
615 955 60 29 ske
697 954 56 31 vid
775 963 42 21 en
840 954 53 30 del
917 954 151 29 centrala
1091 952 306 31 verkstadsskolor.
1425 951 50 31 De
1496 951 116 36 yrkes-

108 998 225 35 avdelningar
361 997 54 30 för
440 998 134 29 smeder
603 997 65 30 och
693 996 55 30 för
775 996 285 34 metallarbetare,
1089 1005 75 20 som
1189 995 215 30 förekomme
1432 994 58 30 vid
1514 994 97 29 verk-

107 1040 260 31 stadsskolorna
387 1038 87 37 gåvo
495 1049 42 21 en
558 1039 205 35 utbildning,
785 1048 75 21 som
884 1039 54 29 väl
959 1038 162 37 lämpade
1142 1038 50 35 sig
1213 1047 73 21 som
1307 1037 112 36 grund
1440 1036 56 30 för
1517 1036 94 30 vida-

108 1091 35 21 re
172 1082 299 37 yrkesutbildning
501 1081 207 37 exempelvis
737 1080 45 37 på
811 1081 134 30 mindre
976 1080 426 36 reparationsverkstäder,
1433 1080 62 29 där
1525 1080 86 29 lant-

107 1124 288 30 bruksmaskiner
421 1127 168 33 mottoges
614 1123 55 31 för
696 1123 206 36 reparation.
929 1118 258 41 Överstyrelsen
1215 1123 89 29 hade
1331 1121 106 31 också
1461 1122 77 29 sökt
1562 1121 49 30 in-

107 1170 145 28 tressera
275 1167 273 30 huvudmännen
571 1166 57 30 för
648 1176 42 20 en
716 1166 52 30 del
790 1165 187 37 planerade
1000 1166 151 30 centrala
1174 1164 298 31 verkstadsskolor
1494 1167 50 27 att
1566 1162 47 38 på

107 1213 235 32 programmet
363 1212 152 34 upptaga
538 1209 171 32 särskilda
730 1208 330 36 yrkesavdelningar
1080 1208 55 30 för
1159 1207 194 36 utbildning
1376 1217 41 20 av
1438 1207 174 37 reparatö-

107 1261 54 20 rer
183 1251 152 37 speciellt
359 1251 54 30 för
437 1251 217 30 lantbrukets
675 1251 121 30 behov.
822 1245 216 36 Åtminstone
1058 1251 57 30 vid
1140 1259 42 21 en
1206 1250 166 36 planerad
1396 1249 97 30 skola
1515 1249 98 30 torde

109 1294 91 30 detta
224 1295 88 29 även
334 1294 141 30 komma
502 1297 48 28 att
574 1294 70 30 ske.
669 1294 52 30 En
746 1293 246 36 förutsättning
1015 1293 56 30 för
1093 1296 50 27 att
1168 1293 95 36 dylik
1288 1291 325 37 specialutbildning

105 1337 110 31 skulle
237 1337 119 30 kunna
375 1336 158 31 bedrivas
553 1336 80 30 fullt
654 1335 172 32 rationellt
845 1345 90 26 vore,
956 1338 48 29 att
1024 1336 121 30 skolan
1166 1344 80 21 vore
1265 1334 38 31 så
1321 1335 153 35 belägen,
1495 1338 48 26 att
1562 1334 50 29 in-

103 1378 199 37 tilliggande
320 1378 282 37 jordbruksbygd
620 1378 115 30 kunde
754 1378 92 31 förse
863 1378 203 30 densamma
1084 1378 80 30 med
1182 1377 208 37 produktiva
1410 1378 201 35 arbetsupp-

103 1421 111 36 gifter.

151 1464 14 29 I
187 1463 109 31 första
317 1463 95 30 hand
434 1463 108 30 borde
561 1472 82 21 man
664 1463 198 35 emellertid,
888 1464 63 29 när
972 1463 56 29 det
1050 1462 112 36 gällde
1182 1462 195 36 utbildning
1401 1471 42 20 av
1466 1461 145 35 smeder,

108 1505 176 32 stimulera
304 1506 42 30 de
363 1504 20 31 å
401 1505 237 37 landsbygden
658 1506 134 30 bosatta
811 1505 251 37 yrkesidkarna
1081 1504 111 36 själva
1209 1507 48 28 att
1275 1512 123 28 genom
1419 1503 194 37 antagande

103 1549 65 29 och
193 1548 203 30 utbildande
418 1558 43 21 av
483 1548 166 36 lärlingar
673 1548 83 30 söka
780 1548 92 36 sörja
898 1547 55 31 för
976 1547 257 37 rekryteringen
1257 1556 42 21 av
1323 1556 68 28 nya
1414 1547 197 36 yrkesmän.

108 1590 133 31 Statens
264 1590 210 30 medverkan
501 1590 98 30 torde
622 1590 85 30 även
729 1589 124 31 härvid
878 1590 125 30 krävas
1027 1590 9 29 i
1060 1589 68 30 viss
1151 1589 249 36 utsträckning,
1424 1589 66 30 och
1516 1590 94 29 över-

108 1633 165 36 styrelsen
293 1632 91 31 hade
403 1633 70 29 helt
494 1632 138 37 nyligen
653 1632 50 31 till
727 1632 122 36 Kungl.
871 1632 101 37 Maj:t
1001 1631 3 31 i
1025 1632 171 30 samband
1219 1632 79 30 med
1319 1632 228 30 besvarandet
1569 1641 43 21 av

106 1684 42 20 en
171 1675 122 30 remiss
317 1675 147 31 rörande
488 1675 55 36 lag
565 1684 59 21 om
648 1674 338 37 lärlingsutbildning
1009 1677 89 27 samt
1121 1674 189 31 understöd
1334 1674 51 30 till
1409 1674 201 30 hantverks-

107 1718 149 29 mästare
276 1717 55 30 för
353 1717 338 36 lärlingsutbildning
710 1717 163 35 framlagt
894 1717 90 30 vissa
1005 1717 139 36 förslag,
1169 1716 161 37 syftande
1348 1716 51 30 till
1420 1719 49 27 att
1488 1717 9 29 i
1520 1716 93 30 ökad

107 1759 210 36 omfattning
345 1760 64 30 och
440 1759 206 31 effektivare
674 1760 43 30 än
746 1759 121 31 hittills
896 1768 124 28 genom
1052 1759 273 31 statsunderstöd
1355 1759 176 31 stimulera
1561 1758 51 31 till

107 1801 338 37 lärlingsutbildning
473 1801 96 31 inom
599 1802 307 36 hantverksyrken,
941 1802 63 29 där
1032 1802 83 30 ökat
1144 1801 345 37 rekryteringsbehov
1522 1801 88 30 före-

106 1843 84 36 låge.

151 1886 72 30 Vad
248 1886 157 36 slutligen
426 1886 197 31 beträffade
644 1887 65 30 den
731 1895 41 21 av
794 1886 258 30 motionärerna
1075 1885 158 37 påtalade
1255 1886 129 30 bristen
1406 1885 45 36 på
1473 1886 138 29 särskilt

106 1927 19 30 å
151 1928 238 35 landsbygden
411 1928 135 30 bosatta
569 1928 239 30 sadelmakare
830 1928 96 30 torde
948 1928 114 31 denna
1085 1927 106 30 delvis
1215 1927 155 37 betingas
1396 1938 41 20 av
1459 1928 150 34 orsaker,

107 1971 91 29 vilka
226 1971 174 29 sannolikt
427 1970 76 30 icke
527 1970 111 30 skulle
664 1970 213 36 undanröjas
901 1978 124 27 genom
1050 1969 195 37 utbildning
1270 1980 42 21 av
1338 1973 47 27 ett
1409 1970 81 30 ökat
1516 1970 96 30 antal

103 2013 194 35 yrkesmän.
316 2012 51 30 En
387 2012 67 32 viss
472 2014 144 29 tendens
633 2013 50 30 till
701 2013 197 36 bosättning
916 2012 20 31 å
952 2014 142 29 tätorter
1110 2014 9 29 i
1140 2014 59 29 akt
1217 2013 64 30 och
1301 2013 138 36 mening
1457 2016 47 28 att
1523 2014 87 29 kun-

107 2064 44 21 na
177 2053 157 38 påräkna
359 2065 40 20 en
428 2055 107 30 större
560 2055 191 29 kundkrets
776 2054 79 31 från
879 2054 261 36 kringliggande
1166 2055 93 35 bygd
1281 2055 97 30 torde
1406 2065 81 20 man
1514 2055 98 30 alltid

107 2096 34 30 få
164 2097 108 30 räkna
292 2097 79 29 med
391 2097 64 30 och
475 2098 96 29 torde
590 2097 105 30 oftast
715 2107 82 20 vara
818 2107 42 20 en
883 2097 197 35 nödvändig
1099 2097 247 35 förutsättning
1367 2097 55 30 för
1439 2097 171 30 erhållan-

107 2139 40 29 de
174 2149 41 19 av
242 2139 182 35 tillräcklig
450 2138 266 36 arbetstillgång.
747 2139 49 30 De
820 2139 160 35 speciella
1009 2138 219 37 svårigheter,
1255 2149 73 20 som
1355 2139 256 30 motionärerna

107 2180 194 35 framhölle,
327 2182 95 29 torde
450 2181 55 29 för
528 2181 110 35 övrigt
668 2182 4 29 i
697 2182 137 35 mycket
860 2182 68 34 hög
949 2182 86 34 grad
1062 2182 275 34 sammanhänga
1364 2182 79 29 med
1469 2182 141 29 krisför-

106 2222 209 32 hållandena
337 2231 123 26 genom
485 2224 56 29 det
565 2223 111 31 ökade
700 2224 124 34 arbete,
852 2233 74 20 som
950 2223 151 31 militära
1124 2223 255 35 myndigheters
1405 2224 112 29 behov
1542 2224 67 28 för-

107 2265 104 29 anlett
239 2265 54 28 för
317 2265 274 29 sadelmakeriet.
618 2265 250 29 Dessförinnan
892 2265 90 29 hade
1006 2265 490 36 sysselsättningssvårigheter
1523 2265 87 29 före-

104 2307 85 33 legat
221 2306 54 29 för
303 2305 94 30 såväl
424 2307 156 30 enskilda
609 2307 229 29 hantverkare
866 2316 72 20 som
967 2307 93 29 inom
1090 2308 97 35 yrket
1219 2308 195 34 sysselsatta
1444 2308 166 28 arbetare.

110 2347 280 31 Hästbeståndets
408 2348 198 35 minskning
623 2349 64 29 och
703 2348 177 32 bilismens
898 2349 165 34 framsteg
1079 2349 89 30 hade
1184 2349 140 34 givetvis
1341 2349 148 29 medfört
1505 2350 104 28 mins-

107 2391 66 29 kad
203 2390 256 35 arbetstillgång
485 2391 110 29 under
620 2391 156 29 normala
803 2390 242 30 förhållanden
1074 2391 54 29 för
1157 2391 262 30 sadelmakeriet
1445 2392 63 27 och
1535 2401 74 19 som

106 2442 39 19 en
173 2432 148 34 naturlig
344 2432 84 36 följd
451 2433 108 29 härav
581 2433 86 29 även
690 2433 162 30 minskad
872 2433 223 36 rekrytering.
