1920 2778
285 147 19 30 4
585 147 124 39 Tredje
732 147 244 39 lagutskottets
1000 147 177 30 utlåtande
1199 156 42 20 nr
1263 148 38 28 12
1324 148 38 28 år
1386 148 83 29 1960

287 226 137 40 ningen,
442 228 88 28 trots
546 226 67 30 alla
629 226 162 40 åtgärder
808 236 74 20 som
901 226 156 40 skäligen
1073 227 71 29 kan
1161 226 212 32 föreskrivas
1391 227 53 29 till
1461 228 250 29 motverkande
1729 237 41 20 av

285 270 330 40 vattenförorening,
634 271 73 29 kan
725 270 137 31 befaras
881 271 144 30 komma
1042 273 51 28 att
1112 270 159 31 medföra
1291 271 139 30 svårare
1451 271 319 40 skadeverkningar

285 314 44 40 på
358 314 249 40 fiskerinäring
637 315 84 30 eller
751 315 107 30 andra
890 315 178 30 allmänna
1098 315 183 34 intressen,
1311 316 72 29 kan
1412 316 317 30 vattendomstolen
1759 317 10 28 i

288 359 151 39 enlighet
475 359 79 30 med
589 359 238 39 vattenlagens
863 359 245 30 bestämmelse
1143 359 216 30 härutinnan
1395 360 53 29 till
1484 360 125 39 Kungl.
1647 360 123 39 Maj:ts

284 402 171 40 prövning
479 403 195 39 hänskjuta
700 403 123 39 frågan
847 404 175 29 huruvida
1046 403 256 40 anläggningen
1327 405 39 29 är
1392 413 43 21 av
1461 404 108 30 sådan
1594 405 175 38 betydelse

287 447 77 30 från
382 447 131 30 allmän
531 448 191 39 synpunkt,
740 450 49 28 att
806 448 279 39 avloppsvattnet
1103 448 136 30 ändock
1257 448 57 29 må
1332 448 192 40 utsläppas.

329 491 64 30 Vid
421 491 246 40 uppförandet,
695 491 304 40 igångsättningen
1026 492 64 29 och
1117 492 131 30 driften
1275 502 41 20 av
1344 492 425 40 atomenergianläggning

285 535 60 30 bör
366 535 215 30 företrädare
603 536 55 29 för
680 536 235 39 strålskyddet
936 536 186 30 medverka
1144 536 55 30 för
1221 539 49 27 att
1290 537 96 29 inom
1408 546 122 20 ramen
1551 537 54 30 för
1626 537 144 30 konces-

287 579 265 30 sionsvillkoren
572 580 245 30 åstadkomma
837 581 129 29 största
985 581 144 39 möjliga
1151 581 249 29 strålsäkerhet
1420 582 63 30 hos
1504 581 265 39 anläggningen.

285 623 65 30 Vid
374 623 115 30 denna
515 624 118 39 tillsyn
659 625 71 29 kan
755 624 56 30 det
835 625 74 29 visa
936 625 50 39 sig
1011 625 214 39 nödvändigt
1250 625 78 30 med
1353 625 302 40 kompletterande
1682 626 88 29 före-

287 668 142 29 skrifter
444 668 148 30 rörande
609 668 235 40 strålskyddet
859 669 58 29 vid
933 670 135 28 normal
1083 669 97 30 drift.
1197 670 63 29 Det
1275 670 62 29 bör
1353 670 36 29 få
1405 670 189 29 ankomma
1609 670 45 39 på
1671 670 99 29 strål-

286 712 382 39 skyddsmyndigheten
691 715 51 27 att
764 713 159 30 meddela
946 713 100 30 dessa
1070 713 230 30 föreskrifter.
1325 714 53 29 En
1402 714 109 29 sådan
1534 714 149 39 ordning
1707 714 63 30 har

285 756 105 29 också
413 756 184 30 förutsatts
619 757 59 29 vid
702 757 215 30 tillkomsten
940 767 42 20 av
1005 758 325 39 atomenergilagen.
1355 758 12 29 I
1392 758 115 30 denna
1529 758 166 30 hänvisas
1719 758 51 30 så-

287 800 105 29 lunda
408 800 52 30 till
476 802 49 28 att
541 801 10 29 i
567 801 98 39 fråga
681 810 57 20 om
754 801 164 40 tillsynen
933 803 80 28 över
1028 802 152 29 innehav
1196 811 41 21 av
1251 802 64 29 och
1331 802 117 30 arbete
1464 803 79 29 med
1558 802 212 30 radioaktivt

286 845 100 29 ämne
403 845 132 39 jämväl
553 845 106 39 gäller
677 846 66 29 vad
760 846 121 29 därom
899 847 38 28 är
956 846 141 30 särskilt
1115 847 147 38 stadgat.
1280 847 111 29 Anses
1410 856 41 20 ur
1470 847 301 39 strålskyddssyn-

285 889 113 39 punkt
417 889 111 29 behov
547 889 166 39 föreligga
733 899 41 20 av
793 889 192 35 föreskrift,
1006 899 73 21 som
1099 891 71 29 kan
1189 892 100 28 antas
1308 891 12 29 i
1339 891 168 29 avsevärd
1526 891 83 29 mån
1627 891 143 29 komma

286 935 49 27 att
355 933 154 39 påverka
531 933 264 40 utformningen
817 943 41 21 av
880 934 83 29 eller
985 934 130 30 driften
1137 935 58 29 vid
1218 935 264 39 anläggningen,
1505 936 62 29 bör
1589 935 90 30 dock
1702 935 69 30 frå-

286 984 65 31 gan
373 977 234 30 underställas
630 978 212 39 Konungens
867 979 180 39 prövning.
1071 979 226 30 Beträffande
1321 980 211 29 radioaktivt
1555 980 219 38 avloppsvat-

286 1023 57 27 ten
371 1022 63 29 bör
465 1022 469 40 strålskyddsmyndigheten
964 1023 202 39 visserligen
1196 1023 186 30 medverka
1412 1024 11 29 i
1453 1024 66 29 den
1549 1024 221 40 fortlöpande

285 1065 198 30 kontrollen
509 1075 80 20 men
614 1066 59 30 det
698 1067 62 29 bör
786 1067 70 29 inte
882 1067 198 30 tillkomma
1107 1067 471 40 strålskyddsmyndigheten
1604 1070 51 28 att
1682 1068 89 29 före-

286 1109 116 30 skriva
427 1110 188 39 ändringar
639 1111 11 29 i
675 1110 83 30 eller
782 1111 117 40 tillägg
923 1112 53 29 till
1000 1112 41 29 de
1065 1121 43 20 av
1132 1112 317 29 vattendomstolen
1474 1112 199 30 fastställda
1697 1112 74 29 vill-

286 1154 118 29 koren.
423 1154 137 30 Sådana
577 1155 155 30 ändrade
750 1155 220 30 föreskrifter
987 1156 61 30 bör
1065 1156 124 30 endast
1207 1164 57 31 ges
1282 1165 41 20 av
1340 1157 317 29 vattendomstolen
1675 1157 11 28 i
1705 1156 66 30 den

286 1198 147 39 ordning
452 1198 220 40 vattenlagen
692 1199 147 39 stadgar.

330 1269 121 29 Såsom
482 1269 424 40 strålskyddsmyndighet
936 1271 164 39 fungerar
1130 1271 377 39 medicinalstyrelsens
1538 1271 233 39 strålskydds-

286 1322 141 29 nämnd.

620 1473 324 49 Lagstiftningens
972 1475 196 47 praktiska
1198 1475 239 48 tillämpning

329 1558 51 28 En
404 1558 217 39 redogörelse
646 1558 56 30 för
726 1559 67 29 den
815 1559 184 40 praktiska
1023 1559 266 41 tillämpningen
1314 1569 42 21 av
1380 1561 67 29 den
1471 1560 221 40 lagstiftning
1717 1561 54 29 för

285 1609 116 30 vilken
427 1610 65 29 här
517 1610 94 30 förut
637 1611 196 39 redogjorts
859 1611 116 30 finnes
1000 1613 142 38 intagen
1167 1613 11 28 i
1204 1614 47 28 ett
1277 1613 11 29 i
1313 1613 188 29 november
1529 1613 83 30 1959
1639 1613 133 39 avgivet

287 1664 220 30 betänkande
534 1664 179 39 angående
740 1665 193 41 beredskap
961 1668 72 27 mot
1061 1666 358 40 atomenergiolyckor
1453 1666 100 34 (SOU
1584 1667 188 33 1959:38).

285 1717 241 30 Betänkandet
551 1718 63 29 har
640 1717 204 31 tillkommit
871 1718 117 30 såsom
1013 1719 146 31 resultat
1186 1729 41 20 av
1252 1729 42 20 en
1320 1720 264 39 undersökning
1610 1730 43 20 av
1677 1720 94 29 vilka

286 1770 161 39 åtgärder
473 1779 74 20 som
571 1771 70 29 kan
666 1771 133 30 behöva
823 1772 158 39 vidtagas
1006 1772 52 30 till
1084 1772 254 31 allmänhetens
1365 1773 112 39 skydd
1503 1774 10 28 i
1538 1773 166 30 händelse
1731 1783 41 20 av

287 1823 222 40 utspridning
534 1833 42 20 av
600 1824 217 31 radioaktiva
842 1826 130 29 ämnen
997 1825 79 30 från
1101 1826 11 29 i
1139 1826 134 39 Sverige
1299 1826 83 29 eller
1408 1827 11 29 i
1445 1826 157 30 utlandet
1628 1827 143 38 belägen

286 1876 220 40 anläggning.
527 1877 47 30 Ur
594 1878 155 29 nämnda
768 1878 217 40 redogörelse
1005 1879 57 30 må
1081 1880 64 28 här
1166 1879 142 30 anföras
1329 1879 167 39 följande.

331 1939 117 40 Enligt
463 1940 159 39 gällande
638 1940 220 40 lagstiftning
874 1941 39 29 är
930 1942 293 29 atomindustrien
1241 1942 102 29 ställd
1360 1942 112 29 under
1488 1942 116 38 statlig
1622 1942 151 29 kontroll

287 1983 158 30 Kontroll
466 1985 11 29 i
498 1985 379 30 säkerhetshänseende
899 1986 122 29 utövas
1041 1985 44 40 på
1106 1986 58 29 två
1186 1986 77 29 sätt.
1284 1985 81 30 Dels
1385 1986 171 39 granskas
1576 1986 97 38 varje
1695 1995 77 30 pro-

285 2027 74 39 jekt
383 2028 52 29 till
460 2038 47 30 ny
530 2029 210 39 anläggning
764 2029 168 39 ingående
957 2030 11 29 i
993 2030 123 29 sådant
1140 2030 197 29 hänseende
1361 2030 110 29 innan
1496 2030 157 30 tillstånd
1679 2031 93 29 med-

286 2072 94 29 delas
400 2074 51 28 att
470 2073 149 39 uppföra
638 2074 66 29 och
723 2073 96 30 driva
838 2074 265 39 anläggningen.
1123 2074 82 30 Dels
1224 2076 38 28 är
1281 2074 66 29 alla
1368 2074 251 39 anläggningar
1640 2084 74 20 som
1734 2076 38 28 är

287 2116 10 28 i
313 2116 89 29 bruk
420 2117 259 30 underkastade
697 2117 219 41 fortlöpande
934 2118 119 39 tillsyn
1069 2128 43 20 av
1130 2118 220 39 sakkunniga
1367 2119 253 39 myndigheter.

330 2160 74 29 Den
426 2169 76 21 som
523 2161 58 29 vill
602 2162 152 39 uppföra
775 2163 63 29 och
859 2162 99 30 driva
980 2172 42 20 en
1043 2163 236 29 atomreaktor
1301 2163 82 29 eller
1405 2172 116 20 annan
1543 2164 229 37 atomenergi-

286 2205 210 39 anläggning
521 2205 109 30 måste
655 2206 46 30 ha
725 2206 156 30 tillstånd
912 2206 241 34 (koncession)
1184 2216 42 20 av
1249 2207 124 39 Kungl.
1399 2207 116 39 Maj:t.
1541 2207 66 30 Om
1633 2208 139 29 avfalls-

286 2249 192 39 produkter
500 2249 77 30 från
598 2249 256 40 anläggningen
875 2251 89 29 skall
986 2251 180 40 utsläppas
1187 2252 11 28 i
1220 2251 52 39 sjö
1293 2251 82 30 eller
1395 2252 215 39 vattendrag,
1634 2252 137 29 fordras

287 2293 157 29 tillstånd
460 2294 86 29 även
561 2303 42 20 av
616 2294 258 30 vederbörande
889 2295 283 30 vattendomstol.

330 2338 360 40 Koncessionsfrågan
712 2340 140 38 avgöres
873 2349 43 20 av
936 2340 125 38 Kungl.
1082 2340 107 38 Maj:t
1210 2339 86 30 efter
1317 2339 247 40 föredragning
1585 2350 42 20 av
1648 2340 123 29 chefen

287 2383 54 29 för
364 2383 435 40 handelsdepartementet.
824 2383 168 30 Ärendets
1017 2384 251 29 förberedande
1292 2384 212 39 behandling
1529 2386 38 28 är
1591 2393 146 20 numera
1761 2385 11 28 i

287 2428 70 28 stor
385 2427 243 39 utsträckning
656 2428 255 29 koncentrerad
939 2428 52 29 till
1019 2428 466 39 atomenergidelegationen.
1513 2428 257 39 Delegationen,

287 2480 73 20 som
380 2471 65 30 har
466 2472 49 29 att
536 2472 104 39 pröva
661 2472 175 39 projektet
857 2472 94 30 såväl
973 2481 41 20 ur
1035 2472 376 30 samhällsekonomisk
1434 2473 178 39 synpunkt
1634 2482 75 20 som
1731 2482 41 20 ur
