1894 2820
315 148 41 31 10
680 147 320 33 Bankoutskottets
1027 147 188 32 uttåtande
1240 147 53 31 Nr
1319 146 51 31 37.

272 225 189 32 detsamma
484 225 104 31 blivit
610 224 206 37 registrerat.
849 223 53 32 Då
925 223 223 37 nedsättning
1172 223 206 36 verkställts,
1402 224 92 31 skall
1511 223 167 38 styrelsen
1694 225 86 31 oför-

275 279 171 37 dröjligen
469 280 83 35 göra
574 277 166 32 anmälan
762 276 118 31 därom
903 276 56 32 för
982 276 233 36 registrering.

315 331 76 32 Har
425 329 291 36 kommanditlott,
752 328 109 37 enligt
894 328 68 32 vad
996 338 90 22 ovan
1119 331 89 34 sägs,
1244 328 105 31 blivit
1370 328 118 36 inlöst,
1512 328 62 32 bör
1598 328 182 33 lottbrevet

274 392 121 28 genom
419 381 185 38 styrelsens
626 381 134 37 försorg
783 381 106 31 förses
912 380 77 32 med
1012 381 149 36 påskrift
1182 390 58 22 om
1262 379 202 33 inlösandet.

971 476 62 32 157
1057 477 27 37 &.

316 547 45 37 Ej
392 548 57 30 må
472 547 56 32 till
552 547 194 36 lottägarna
769 545 201 32 annorledes
994 547 44 29 än
1061 545 12 31 i
1099 545 85 37 följd
1208 555 46 21 av
1277 545 259 37 grundfondens
1560 545 220 37 nedsättning

272 600 110 36 enligt
405 600 97 31 154a
526 600 18 38 $
567 599 84 32 eller
674 598 223 38 nedsättning
920 609 45 20 av
990 598 311 36 kommanditfond,
1324 598 85 31 efter
1431 599 39 36 ty
1494 599 13 30 i
1532 598 96 32 155
1609 594 21 48 a
1650 599 19 38 $
1691 600 89 35 sägs,

273 652 170 31 utbetalas
465 653 109 30 annat
596 654 45 29 än
664 651 66 32 den
753 651 104 36 vinst,
881 661 74 21 som
978 651 180 31 förefinnes
1181 650 110 37 enligt
1313 650 175 32 fastställd
1510 651 270 36 balansräkning

273 704 52 31 för
359 704 83 31 sista
476 705 84 35 året,
591 704 5 31 i
619 703 65 32 den
715 705 83 30 mån
832 704 138 30 vinsten
993 703 32 36 ej
1047 703 88 31 skall
1158 704 154 30 avsättas
1346 703 54 31 till
1429 703 235 32 resevfonden.
1710 702 71 32 An-

272 756 129 36 gående
424 755 125 32 förbud
572 757 72 30 mot
666 755 278 36 vinstutdelning
966 755 54 32 för
1043 755 86 31 visst
1153 755 63 31 fall
1239 757 40 29 är
1301 755 137 36 stadgat
1461 756 13 30 i
1496 755 62 31 154
1571 766 21 21 a
1616 756 9 38 $
1651 755 9 31 3
1677 765 102 22 mom.

316 808 135 32 Varder
485 808 278 36 vinstutdelning
796 807 155 32 beslutad
991 807 60 31 och
1090 807 191 32 verkställd
1319 808 23 42 i
1366 807 88 32 strid
1492 808 78 31 med
1608 807 67 32 vad
1712 808 14 31 i
1760 809 19 30 1

272 861 154 36 punkten
460 861 65 30 här
558 870 92 21 ovan
683 860 85 31 eller
794 860 13 31 i
832 861 96 31 154a
951 861 18 38 $
993 859 19 32 3
1035 869 102 22 mom.
1162 860 152 37 stadgats
1337 860 82 31 eller
1443 860 77 31 med
1546 860 235 32 bestämmelse

271 912 14 32 i
319 912 322 38 bolagsordningen,
676 922 83 22 vare
793 912 49 37 de,
877 923 75 21 som
987 912 162 37 uppburit
1183 912 109 32 sådan
1327 912 193 37 utdelning,
1547 913 159 36 skyldiga
1729 914 52 30 att

273 966 157 30 återbära
463 965 215 36 densamma;
712 965 63 31 och
809 975 146 21 ansvare
989 964 171 37 därjämte
1195 964 51 37 de,
1280 974 73 22 som
1390 964 146 37 deltagit
1574 965 12 30 i
1625 965 155 36 beslutet,

271 1026 42 22 en
347 1018 55 31 för
431 1018 71 31 alla
536 1017 62 32 och
632 1017 70 32 alla
735 1018 53 31 för
823 1027 53 26 en,
912 1017 56 30 för
1001 1016 64 32 den
1100 1017 97 36 brist,
1231 1027 74 21 som
1340 1017 60 32 vid
1435 1017 243 37 återbäringen
1712 1017 68 31 kan

272 1070 217 36 uppkomma.

966 1163 64 32 159
1053 1164 27 38 &

315 1226 115 31 Jämte
456 1243 39 4 —
521 1242 39 5 —
585 1242 41 4 —
650 1224 285 36 balansräkning:

314 1279 34 37 1)
370 1277 162 37 Bolagets
557 1295 39 4 —
621 1294 40 5 —
686 1295 41 4 —
753 1276 235 32 anskaffande.

318 1331 32 36 2)
374 1329 123 32 Andra
523 1347 38 4 —
587 1347 39 4 —
651 1346 42 5 —
716 1329 173 31 avlämna.

318 1382 32 38 3)
375 1381 132 32 Osäkra
531 1399 40 4 —
597 1399 38 4 —
661 1399 40 5 —
726 1382 190 30 avskrivas.

317 1435 33 37 4)
373 1434 82 31 Fast
479 1451 41 5 —
546 1452 39 4 —
611 1452 39 4 —
674 1434 284 36 balansräkning.

318 1487 32 37 5)
374 1487 49 30 De
464 1485 130 37 belopp,
635 1486 121 31 vartill
797 1485 125 37 grund-
961 1485 63 32 och
1065 1484 248 37 reservfonder,
1350 1485 304 32 kommanditfond
1691 1487 90 30 samt

273 1539 109 31 andra
416 1538 121 32 fonder
571 1539 122 36 uppgå,
728 1538 95 32 skola
857 1548 65 21 var
955 1538 54 31 för
1036 1538 52 36 sig
1113 1538 13 30 i
1148 1537 317 37 balansräkningen
1489 1537 161 37 uppföras
1674 1537 105 32 bland

274 1591 194 31 skulderna.

317 1644 33 37 6)
372 1643 197 32 Kostnader
595 1661 38 4 —
659 1661 38 5 —
724 1660 42 5 —
789 1643 159 37 tillgång.

951 1739 96 30 202a
1070 1738 27 38 $.

317 1799 120 32 Beslut
468 1809 57 22 om
552 1798 220 37 nedsättning
795 1809 45 21 av
863 1799 242 37 grundfonden
1128 1798 110 36 enligt
1262 1798 95 31 154
1335 1794 21 47 a
1380 1799 18 38 $
1421 1808 94 26 vare,
1539 1798 63 31 där
1623 1799 30 36 ej
1677 1800 103 30 samt-

276 1851 71 38 liga
381 1851 291 37 huvudlottägare
705 1851 136 31 förenat
873 1852 54 35 sig
961 1851 129 36 därom,
1125 1851 31 36 ej
1192 1850 129 37 giltigt,
1356 1850 76 32 med
1467 1850 133 32 mindre
1634 1850 145 32 beslutet

277 1904 118 31 fattats
429 1905 21 30 å
483 1905 62 30 två
579 1905 42 35 på
653 1903 172 32 varandra
858 1903 154 37 följande
1044 1903 295 36 bolagsstämmor,
1366 1902 109 32 därav
1499 1904 105 30 minst
1627 1913 42 21 en
1692 1903 88 32 ordi-

276 1957 105 35 narie,
415 1956 64 31 och
512 1957 21 30 å
567 1956 64 31 den
663 1957 158 35 stämma,
855 1966 73 21 som
963 1956 62 31 sist
1059 1955 117 36 hålles,
1211 1955 139 31 biträtts
1377 1965 44 21 av
1444 1956 110 31 minst
1576 1957 60 30 två
1659 1956 121 36 tredje-

274 2008 93 31 delar
404 2019 45 20 av
487 2008 41 31 de
566 2008 167 32 röstande.
780 2007 51 33 Är
868 2009 53 30 för
956 2008 159 38 giltighet
1149 2018 46 21 av
1228 2007 120 36 beslut,
1383 2018 122 21 varom
1540 2018 46 21 nu
1621 2011 39 28 är
1693 2010 86 35 sagt,

273 2061 105 36 något
412 2060 202 37 ytterligare
648 2060 128 31 villkor
808 2060 148 32 bestämt
987 2061 13 30 i
1034 2060 321 37 bolagsordningen,
1390 2059 102 32 lände
1526 2060 54 32 det
1603 2061 56 30 till
1682 2060 98 32 efter-

274 2113 146 31 rättelse.

971 2198 63 34 243
1057 2198 28 40 &

317 2260 155 37 Beviljas
497 2277 39 7 —
563 2277 39 5 —
627 2277 41 5 —
691 2259 222 32 tillkommer.

317 2313 199 31 Innehåller
549 2312 310 37 bolagsordningen
892 2312 247 36 bestämmelse,
1175 2322 121 21 varom
1327 2311 162 32 förmäles
1513 2312 13 32 i
1549 2312 19 31 4
1591 2312 19 39 $
1632 2313 19 30 1
1676 2322 102 21 mom.

275 2365 108 31 under
417 2366 33 37 7)
484 2365 83 31 eller
600 2365 13 31 i
647 2365 19 30 2
700 2374 114 27 mom.,
849 2365 83 31 eller
966 2365 176 36 förbehåll,
1175 2374 73 22 som
1272 2365 13 30 i
1309 2365 19 31 4
1351 2365 18 38 $
1392 2364 19 31 3
1435 2374 104 23 mom.
1563 2366 88 35 sägs,
1676 2364 104 33 varde

275 2417 234 37 anmärkning
533 2427 54 21 om
610 2417 65 31 den
696 2417 238 31 bestämmelse
957 2417 84 32 eller
1064 2417 56 31 det
1143 2416 170 32 förbehåll
1336 2416 99 38 gjord
1458 2417 14 30 i
1496 2416 167 37 registret.

318 2469 76 32 Den
418 2487 40 7 —
482 2486 44 7 —
549 2487 40 5 —
613 2469 184 32 sökanden.
