1918 2784
515 141 253 28 Statsutskottets
792 140 162 28 utlåtande
976 148 40 19 nr
1038 140 35 27 81
1097 140 36 28 år
1155 139 77 28 1960
1582 140 36 29 21

139 222 111 31 medel
274 222 55 30 för
351 222 147 30 berörda
518 221 267 40 vägbyggnader
807 221 30 39 ej
862 221 160 29 kommer
1045 222 50 28 att
1116 220 47 30 bli
1185 219 143 30 beaktat
1349 219 58 30 vid
1430 218 198 40 dispositio-

140 286 67 20 nen
231 286 42 20 av
296 285 49 20 nu
370 275 227 30 förevarande
621 275 131 39 anslag.
789 275 12 29 I
825 274 179 30 motionen
1029 273 140 34 uttalas,
1195 275 50 28 att
1269 272 188 39 riksdagen
1478 272 63 29 bör
1565 280 63 20 un-

139 329 186 40 derstryka
350 329 281 30 önskvärdheten
659 338 42 20 av
727 330 51 28 att
805 326 494 39 arbetsmarknadsstyrelsen,
1327 326 79 29 med
1432 325 196 30 beaktande

139 392 41 21 av
205 382 411 40 angelägenhetsgraden,
640 384 54 27 tar
717 381 139 39 hänsyn
879 380 52 30 till
955 379 268 40 ifrågavarande
1248 378 248 40 arbetsobjekt.

195 436 178 30 Utskottet
401 437 64 28 har
495 436 111 29 under
635 434 291 40 nästföregående
956 434 123 40 punkt,
1109 433 80 30 med
1219 432 258 30 framhållande
1506 441 43 21 av
1578 433 51 28 att

141 490 355 39 skogsvårdsarbeten
512 507 44 4 —
574 489 52 29 till
643 488 95 30 vilka
756 488 171 30 utskottet
946 489 86 28 även
1051 487 130 30 räknar
1200 486 232 40 anläggandet
1450 495 42 21 av
1511 485 118 39 skogs-

139 543 157 39 bilvägar
319 560 46 4 —
390 543 167 29 framstår
583 551 74 21 som
683 541 167 40 lämpliga
876 540 419 40 sysselsättningsobjekt,
1322 539 118 31 anfört
1466 541 50 28 att
1541 539 89 30 riks-

141 597 111 39 dagen
280 596 31 40 ej
344 604 123 32 genom
496 596 174 30 särskilda
699 594 206 31 uttalanden
933 595 64 29 bör
1023 594 107 30 binda
1158 593 255 40 dispositionen
1441 602 42 21 av
1511 592 119 30 bered-

141 650 248 39 skapsmedlen
408 650 57 29 vid
485 650 94 29 vissa
598 648 182 31 bestämda
800 648 152 30 arbeten.
985 647 49 30 På
1054 647 112 40 grund
1185 647 110 30 härav
1314 647 71 29 kan
1405 646 171 30 utskottet
1595 646 31 39 ej

140 704 11 29 i
175 703 119 30 vidare
319 703 83 30 mån
427 704 44 28 än
497 712 74 20 som
597 702 156 39 framgår
777 711 42 20 av
843 701 58 30 det
925 700 150 31 anförda
1098 700 139 30 biträda
1260 700 369 39 motionsyrkandena.

196 758 77 29 Vad
299 758 108 39 angår
433 757 57 30 det
516 757 10 29 i
552 756 221 30 motionerna
799 756 30 29 I:
845 755 41 30 95
913 755 66 30 och
1005 754 45 30 11:
1069 754 60 30 116
1156 753 199 30 framförda
1380 753 166 39 förslaget
1572 761 58 21 om

141 811 227 39 nedsättning
387 820 41 20 av
448 811 156 38 anslaget
623 810 60 29 vill
703 809 171 30 utskottet
895 808 117 30 erinra
1030 817 58 20 om
1109 809 50 28 att
1179 807 171 30 utskottet
1370 807 11 29 i
1401 807 60 29 sitt
1481 816 43 20 av
1542 806 89 30 riks-

141 865 112 39 dagen
271 873 148 20 numera
436 863 185 40 godkända
638 862 181 31 utlåtande
837 871 43 20 nr
898 862 19 29 6
941 861 131 40 (punkt
1091 861 56 34 11)
1171 860 159 40 avstyrkt
1348 861 67 29 den
1433 859 198 40 överföring

142 927 43 20 av
201 917 113 30 medel
331 917 53 30 till
402 917 121 39 anslag
540 917 110 30 under
669 916 105 40 sjätte
791 915 225 30 huvudtiteln
1033 924 77 21 som
1124 915 123 39 yrkats
1265 915 12 29 i
1294 924 48 20 nu
1360 913 268 40 ifrågavarande

143 971 183 30 motioner.
346 971 176 30 Utskottet
543 970 183 40 avstyrker
745 969 122 31 därför
887 968 221 31 motionerna
1128 969 88 30 även
1235 968 12 29 i
1267 968 67 30 vad
1355 968 42 30 de
1416 967 102 31 berör
1538 967 91 30 före-

141 1025 154 31 varande
320 1026 130 38 anslag.

198 1079 177 30 Utskottet
399 1078 212 34 hemställer,

466 1132 23 30 I.
514 1134 51 28 att
591 1131 188 40 riksdagen
805 1130 59 30 må
888 1130 80 30 med
993 1129 100 30 bifall
1119 1129 52 29 till
1197 1128 127 39 Kungl.
1351 1128 125 40 Maj:ts
1501 1127 132 39 förslag

411 1187 90 28 samt
524 1185 79 30 med
627 1185 118 38 avslag
769 1184 20 30 å
812 1183 221 30 motionerna
1056 1183 28 29 1:
1101 1182 63 30 353
1187 1183 67 29 och
1276 1182 46 29 II:
1338 1181 74 35 440,
1437 1181 28 30 I:
1482 1180 62 31 346
1568 1181 65 29 och

410 1239 45 29 II:
471 1238 63 30 444
557 1240 91 28 samt
669 1238 30 29 1:
715 1237 41 30 95
778 1237 65 30 och
864 1237 47 30 II:
929 1236 72 35 116,
1024 1236 162 39 samtliga
1206 1235 173 30 motioner
1400 1234 105 31 såvitt
1525 1243 48 21 nu
1595 1235 38 29 är

411 1293 11 29 i
447 1292 109 39 fråga,
583 1291 52 30 till
660 1290 365 40 Beredskapsarbeten
1051 1290 45 39 på
1122 1289 105 40 vägar
1253 1289 64 29 och
1342 1290 99 38 gator
1467 1288 55 30 för
1548 1287 86 30 bud-

412 1346 130 39 getåret
570 1344 138 31 1960/61
739 1344 122 30 anvisa
887 1345 49 28 ett
962 1342 358 39 reservationsanslag
1347 1351 43 21 av
1417 1341 62 30 160
1493 1341 62 31 000
1570 1340 63 30 000

410 1399 140 33 kronor,
575 1400 51 27 att
649 1397 175 30 avräknas
848 1399 73 27 mot
946 1395 464 35 automobilskattemedlen;

467 1451 41 30 II.
533 1453 51 28 att
614 1450 222 30 motionerna
865 1448 108 31 1:347
1005 1450 65 29 och
1100 1448 122 31 II:431
1255 1448 76 31 icke
1361 1448 58 30 må
1449 1447 183 31 föranleda

411 1506 115 39 någon
550 1505 206 39 riksdagens
781 1503 134 39 åtgärd.

203 1612 96 34 10:0)
329 1613 132 39 Bidrag
494 1613 54 31 till
582 1614 91 29 vissa
707 1611 378 40 omskolningskurser
1118 1621 47 20 m.
1181 1621 48 19 m.
1267 1609 126 39 Kungl.
1430 1608 105 40 Maj:t
1570 1608 64 29 har

151 1667 131 39 (punkt
306 1666 51 35 79,
382 1675 26 21 s.
434 1665 189 34 155—157)
652 1664 180 39 föreslagit
855 1663 189 39 riksdagen
1068 1664 50 29 att
1141 1662 52 30 till
1218 1662 127 39 Bidrag
1370 1662 52 29 till
1445 1662 95 30 vissa
1563 1670 72 21 om-

147 1720 308 39 skolningskurser
477 1728 45 20 m.
536 1727 46 21 m.
607 1719 54 29 för
683 1717 206 40 budgetåret
914 1716 139 31 1960/61
1080 1715 122 31 anvisa
1225 1718 48 28 ett
1297 1714 273 40 förslagsanslag
1594 1723 42 21 av

146 1773 41 30 40
201 1773 63 30 000
279 1772 63 30 000
367 1773 140 29 kronor.

202 1880 166 38 Anslaget
393 1880 37 28 är
454 1879 11 28 i
490 1878 159 40 gällande
674 1878 146 29 riksstat
844 1876 145 40 uppfört
1014 1876 79 29 med
1119 1875 40 30 25
1174 1875 63 30 000
1251 1874 63 30 000
1339 1875 140 29 kronor.

202 1932 261 40 Överstyrelsen
487 1932 56 29 för
565 1930 306 40 yrkesutbildning
895 1930 64 29 har
984 1928 191 79 föreslagit,
1199 1930 51 28 att
1275 1928 156 39 anslaget
1455 1927 55 30 för
1535 1928 102 29 nästa

147 1986 170 39 budgetår
342 1985 166 40 uppföres
532 1984 80 30 med
638 1984 40 30 35
692 1983 63 30 000
770 1982 63 31 000
857 1983 142 29 kronor.

203 2038 393 40 Departementschefen
615 2037 167 30 hänvisar
801 2035 253 39 inledningsvis
1074 2035 51 30 till
1146 2037 50 27 att
1215 2035 70 29 han
1303 2035 58 29 vid
1380 2034 257 39 behandlingen

148 2102 41 21 av
209 2093 157 38 anslaget
385 2092 51 30 till
456 2091 196 30 Kostnader
672 2090 55 30 för
747 2089 295 30 arbetslöshetens
1062 2088 241 39 bekämpande
1324 2097 45 20 m.
1384 2097 45 20 m.
1450 2087 117 30 anfört
1587 2089 50 27 att

148 2146 171 39 åtgärder,
340 2155 74 20 som
435 2146 112 38 syftar
566 2144 52 30 till
639 2146 49 27 att
708 2143 201 30 underlätta
929 2143 67 29 den
1016 2142 157 30 enskilde
1194 2141 280 39 arbetstagarens
1495 2149 143 31 anpass-

148 2200 83 38 ning
254 2199 52 29 till
330 2199 41 30 de
393 2199 87 29 krav
502 2196 317 41 produktionslivet
843 2196 128 34 ställer,
994 2195 72 31 inte
1088 2195 109 29 minst
1219 2195 11 29 i
1253 2195 58 29 det
1333 2194 203 30 nuvarande
1558 2194 80 29 eko-

149 2252 162 30 nomiska
333 2252 90 38 läget
445 2252 110 28 måste
578 2250 168 29 tillmätas
770 2251 72 27 stor
863 2248 187 39 betydelse.
1084 2248 58 29 Ett
1165 2257 42 20 av
1229 2248 41 29 de
1292 2247 186 38 viktigaste
1500 2247 137 29 medlen

148 2305 182 38 härvidlag
366 2305 37 28 är
436 2302 361 40 yrkesutbildningen.
833 2302 68 28 För
936 2300 236 30 innevarande
1207 2300 170 39 budgetår
1413 2300 64 29 har
1512 2300 126 39 Kungl.

150 2358 105 38 Maj:t
280 2357 121 30 därför
426 2364 122 31 genom
574 2356 114 29 beslut
713 2355 66 29 den
806 2355 41 29 20
873 2354 186 29 november
1087 2353 82 29 1959
1194 2353 166 38 medgivit
1385 2352 253 40 överstyrelsen

149 2411 54 29 för
247 2409 305 40 yrkesutbildning
596 2410 50 28 att
690 2407 204 30 överskrida
937 2406 268 39 ifrågavarande
1251 2407 120 38 anslag
1415 2406 78 29 med
1537 2405 102 39 högst

151 2463 39 30 14
205 2463 62 30 000
283 2463 63 29 000
365 2463 139 29 kronor.
536 2461 115 30 Totalt
673 2461 71 30 står
765 2461 144 29 därmed
930 2460 40 29 39
985 2460 62 29 000
1062 2459 63 30 000
1144 2460 131 29 kronor
1297 2459 49 29 till
1367 2459 271 39 överstyrelsens
