1914 2840
71 1398 139 26 Utskottet.

294 161 18 30 2
601 158 416 38 Bevillningsutskottets
1038 157 223 33 betänkande
1280 157 52 32 Nr
1356 156 30 31 1.

253 238 107 32 fande
382 237 59 32 till
462 237 315 32 tulltaxenummer
799 235 58 32 607
879 234 207 37 hänförliga
1107 234 126 31 kläder
1254 234 64 31 och
1339 233 325 32 sömnadsarbeten.
1686 234 61 32 Så-

253 300 74 22 som
349 289 216 36 motivering
588 288 127 32 härför
739 287 178 37 anfördes,
941 288 53 30 att
1018 286 58 32 det
1099 285 253 37 förhållandet,
1376 287 55 30 att
1453 285 113 32 tullen
1588 286 21 30 å
1633 285 114 32 siden-

254 342 148 32 fodrade
424 341 123 32 kläder
567 340 96 37 höjts
685 340 80 31 med
786 339 57 31 150
864 339 148 37 procent
1033 348 44 21 av
1100 336 286 38 vävnadstullen,
1409 337 89 31 utan
1519 337 53 31 att
1594 338 153 30 motsva-

255 394 108 31 rande
388 392 150 37 höjning
562 391 175 37 vidtagits
761 391 13 31 i
797 390 176 32 avseende
996 391 22 30 å
1040 389 116 32 tullen
1179 390 22 30 å
1226 388 170 32 ofodrade
1421 389 133 36 kläder,
1575 388 13 32 i
1612 388 135 38 prakti-

253 446 66 31 ken
342 444 173 33 föranlett
536 444 51 31 ett
610 442 245 37 kringgående
879 451 46 22 av
949 441 67 32 den
1038 441 56 31 för
1116 440 253 32 sidenfodrade
1392 440 126 31 kläder
1540 440 208 32 fastställda

253 498 107 35 högre
383 496 200 36 tullsatsen,
605 494 13 31 i
642 495 59 31 det
724 494 53 31 att
796 493 180 37 importen
998 492 112 31 härav
1135 491 166 32 alltmera
1322 491 122 37 börjat
1466 491 59 32 ske
1548 493 46 35 på
1617 491 131 32 sådant

253 550 80 35 sätt,
359 549 56 31 att
440 546 281 37 ifrågavarande
746 544 153 32 artiklar
923 563 41 4 —
988 542 288 37 huvudsakligen
1302 543 221 37 damkappor
1546 562 40 4 —
1611 543 136 32 försän-

254 601 60 32 des
337 599 182 36 ofodrade,
543 598 113 31 under
682 597 58 32 det
763 597 53 31 att
841 596 42 31 de
909 595 124 32 därtill
1056 594 158 32 hörande
1238 593 231 33 sidenfodren
1493 594 158 32 infördes
1675 596 73 30 sär-

253 652 85 32 skilt
361 652 59 31 för
445 651 64 36 sig.

293 701 90 35 Över
413 701 316 36 framställningen
757 699 127 32 hördes
912 697 372 36 kommerskollegium
1311 697 65 31 och
1406 697 342 37 generaltullstyrel-

253 764 69 22 sen.
367 753 75 32 Vid
468 753 146 36 frågans
641 751 168 32 anmälan
835 751 58 31 för
918 749 133 37 Kungl.
1078 749 111 37 Maj:t
1213 748 69 32 den
1305 750 38 30 10
1368 749 191 31 november
1584 749 78 31 1983
1690 759 58 21 an-

254 806 62 36 såg
341 803 402 38 departementschefen,
771 804 12 30 i
808 802 116 32 likhet
949 801 80 32 med
1055 800 280 36 ämbetsverken,
1365 800 169 37 åtgärder
1559 800 190 37 påkallade

256 857 55 31 för
333 858 54 30 att
414 856 187 31 förhindra
624 853 245 39 kringgående
894 864 46 21 av
962 852 297 32 statsmakternas
1281 851 117 32 beslut
1422 852 13 31 i
1459 851 105 37 fråga
1587 861 58 21 om
1669 851 81 32 tull-

255 907 275 38 beskattningen
549 917 45 22 av
613 906 126 32 kläder
759 906 64 31 och
845 905 116 31 andra
981 904 321 32 sömnadsarbeten.
1345 902 106 32 Efter
1470 902 215 32 hemställan
1706 913 45 20 av

255 959 390 37 departementschefen
670 958 12 31 i
708 957 127 32 sådant
860 957 97 37 syfte
979 955 192 33 utfärdade
1197 954 133 38 Kungl.
1355 953 121 38 Maj:t,
1499 953 79 32 med
1602 953 79 32 stöd
1706 963 44 21 av

257 1011 235 31 förenämnda
518 1009 212 37 förordning
754 1008 184 37 angående
966 1008 72 31 rätt
1063 1007 56 32 för
1145 1006 202 37 Konungen
1373 1006 55 31 att
1455 1006 117 31 åsätta
1596 1004 155 33 särskild

255 1063 201 37 tullavgift,
477 1062 65 32 den
559 1062 38 31 10
618 1061 189 31 november
827 1060 80 32 1933
928 1060 67 31 den
1014 1058 194 37 riksdagen
1228 1068 49 21 nu
1297 1056 247 32 underställda
1563 1055 188 38 kungörel-

257 1123 68 21 sen.
368 1112 134 32 Genom
522 1113 117 32 denna
659 1111 223 38 kungörelse,
903 1121 75 21 som
1002 1110 124 32 trädde
1148 1110 12 31 i
1183 1109 100 32 kraft
1301 1109 68 31 den
1394 1109 37 31 13
1452 1107 189 32 november
1664 1107 87 35 19833,

256 1165 65 31 har
345 1164 214 37 förordnats,
584 1165 55 31 att
664 1164 56 31 för
741 1162 124 32 kläder
890 1163 66 31 och
979 1162 113 31 andra
1115 1160 324 36 sömnadsarbeten,
1462 1159 208 37 hänförliga
1695 1158 57 31 till

258 1216 314 31 tulltaxenummer
596 1214 69 38 607,
692 1215 80 31 med
794 1214 187 37 undantag
1007 1224 46 21 av
1076 1212 324 37 damregnkappor,
1427 1210 91 32 skall
1543 1211 127 30 utöver
1695 1219 56 22 en-

258 1268 66 37 ligt
344 1267 181 32 tulltaxan
543 1267 153 37 stadgad
716 1267 66 32 tull
800 1267 89 36 utgå
908 1264 218 38 tilläggstull
1144 1274 47 21 av
1210 1263 58 32 150
1283 1263 148 36 procent
1449 1272 46 21 av
1515 1261 113 32 tullen
1646 1262 21 30 å
1685 1260 67 32 den

258 1319 254 37 spånadsvara,
534 1329 44 21 av
602 1319 122 31 vilken
747 1318 203 31 artiklarna
973 1315 223 33 framställts.

296 1395 185 32 Utskottet
504 1395 65 31 har
616 1394 78 32 icke
729 1394 120 31 funnit
888 1392 193 37 anledning
1108 1391 58 31 till
1192 1390 145 32 erinran
1363 1390 75 30 mot
1465 1387 132 37 Kungl.
1624 1387 129 36 Maj:ts

260 1447 236 31 förevarande
520 1446 115 32 beslut
661 1446 65 31 och
749 1446 58 31 får
830 1445 109 31 alltså
961 1443 197 37 hemställa,

697 1524 53 30 att
776 1521 194 37 riksdagen
994 1521 119 35 måtte,
1139 1519 12 31 i
1178 1518 192 36 anledning
1397 1527 46 21 av
1466 1515 133 37 Kungl.
1625 1514 128 36 Maj:ts

653 1573 221 38 proposition
910 1583 44 21 nr
979 1571 47 37 33,
1055 1571 190 38 godkänna
1270 1569 68 31 den
1367 1577 126 28 genom
1516 1565 238 38 kungörelsen

653 1626 68 32 den
745 1626 38 31 10
802 1624 192 32 november
1016 1623 76 32 1933
1113 1622 81 31 med
1216 1620 212 38 ytterligare
1453 1618 127 37 tillägg
1603 1616 58 32 till
1682 1615 72 38 gäl-

655 1677 103 32 lande
784 1676 158 32 tulltaxa
970 1674 56 37 (nr
1051 1673 71 37 611)
1150 1671 183 34 beslutade
1360 1668 263 39 tilläggstullen
1649 1668 22 30 å
1698 1666 57 32 till

658 1729 319 32 tulltaxenummer
1001 1726 57 32 607
1081 1724 160 33 hörande
1264 1732 106 22 varor
1395 1721 81 31 med
1499 1719 185 36 undantag
1709 1728 45 21 av

658 1780 322 37 damregnkappor.

300 1868 206 32 Stockholm
530 1868 66 31 den
620 1868 39 30 19
683 1866 144 37 januari
852 1865 89 31 1984.

672 1952 53 31 På
750 1949 411 38 bevillningsutskottets
1189 1949 151 34 vägnar:

840 2027 102 33 JOH.
966 2024 206 34 NILSSON.

261 2217 192 25 Närvarande:
479 2216 96 23 herrar
602 2213 115 24 Nilsson
736 2212 9 23 i
765 2208 198 29 Kristianstad,
992 2209 69 29 Bärg
1079 2207 9 23 i
1109 2204 205 28 Katrineholm,
1344 2203 116 27 Boman,
1489 2201 129 24 Carlsson
1637 2201 8 23 i
1666 2200 91 28 Gävle,

479 2258 111 25 Erieson
610 2257 10 24 i
639 2256 116 30 Oberga,
775 2254 123 24 Jönsson
918 2253 9 23 i
946 2250 132 27 Slätåker,
1098 2242 124 35 Åström,
1241 2248 123 24 Jönsson
1383 2247 9 23 i
1413 2246 64 28 Boa,
1491 2245 123 30 Lövgren
1627 2244 10 23 i
1651 2243 106 29 Boden,

478 2299 162 34 Björklund,
669 2297 141 33 Nylander
828 2298 10 23 i
858 2295 177 30 Stockholm,
1053 2294 100 24 Olsson
1172 2293 9 23 i
1204 2292 93 27 Gävle,
1317 2290 103 25 Olsson
1439 2290 9 23 i
1468 2289 121 27 Ramsta,
1611 2288 118 23 Ericson
1747 2287 11 23 i

480 2344 146 28 Boxholm,
653 2341 160 29 Lithander,
835 2339 158 31 Forssberg,
1012 2337 203 32 Hjalmarsson,
1236 2334 120 32 Sjödahl,
1376 2334 117 23 Werner
1511 2333 9 23 i
1540 2330 147 25 Hultsfred
1705 2329 52 25 och

480 2388 124 31 Heiding.

482 2502 107 40 340113,
643 2498 173 45 Stockholm,
839 2514 81 24 Isaac
943 2511 111 25 Marcus
1077 2507 376 34 Boktryckeri-Aktiebolag,
1477 2506 73 25 1934.
