1882 2846
467 168 380 32 Jordbruksutskottets
872 170 177 32 utlåtande
1073 172 50 31 Nr
1149 175 49 30 89.
1555 173 37 30 31

85 251 74 28 nets
185 249 248 39 återbetalning
459 260 122 28 genom
608 253 341 37 förbättringsarbete
976 257 133 30 lämnas
1134 258 123 31 endast
1281 260 110 30 under
1418 260 174 32 förutsätt-

84 291 83 36 ning
189 292 106 31 bland
317 297 107 27 annat
445 297 47 29 att
514 295 55 30 det
592 295 54 31 för
667 295 248 39 återbetalning
936 306 124 28 genom
1084 299 123 31 sådant
1228 302 116 30 arbete
1366 303 149 30 avsedda
1536 305 56 29 be-

84 334 116 36 loppet
221 334 77 31 icke
321 336 183 37 understeg
530 338 60 29 100
614 338 138 30 kronor.
789 339 122 31 Denna
935 340 231 38 begränsning
1189 351 42 21 av
1255 343 264 37 möjligheterna
1542 346 50 30 till

84 375 109 31 lånets
211 378 171 35 gäldande
398 387 123 27 genom
540 380 115 30 arbete
674 381 38 29 är
729 381 11 30 i
758 381 67 30 viss
844 382 82 30 mån
945 383 113 35 ägnad
1076 387 48 27 att
1143 386 179 30 motverka
1343 387 40 29 de
1402 383 189 44 önskemål,

84 418 92 30 vilka
198 419 105 37 enligt
329 421 66 29 vad
419 421 308 32 centralnämnden
749 423 157 31 härovan
931 425 115 31 anfört
1070 426 89 36 ligga
1182 427 52 30 till
1256 430 113 33 grund
1395 429 52 30 för
1471 429 119 31 försla-

83 464 55 32 get
154 461 10 30 i
181 462 75 30 dess
274 462 126 30 helhet.
444 464 314 31 Centralnämnden
776 466 63 29 har
857 466 118 31 därför
994 471 110 29 ansett
1121 468 114 37 någon
1252 469 177 32 föreskrift
1446 481 42 21 av
1505 475 86 27 mot-

84 504 169 30 svarande
279 504 172 32 innebörd
478 506 75 30 icke
583 507 84 30 böra
695 510 170 34 upptagas
892 508 12 30 i
934 509 65 31 den
1027 519 69 27 nya
1127 511 238 38 kungörelsen,
1396 523 57 21 om
1483 514 109 30 sådan

82 545 158 31 kommer
260 547 51 30 till
333 547 111 31 stånd.

127 588 227 37 Medgivande
372 593 49 27 att
439 591 99 36 gälda
559 591 135 31 stödlån
712 600 123 28 genom
855 593 342 37 förbättringsarbete
1214 596 62 30 bör
1295 597 75 31 icke
1389 597 35 30 få
1443 607 79 22 avse
1540 599 51 30 till

82 630 175 37 betalning
283 632 163 30 förfallen
477 630 139 39 (gulden
640 634 82 30 eller
748 633 160 38 ogulden)
943 636 54 30 del
1024 646 41 20 av
1091 637 101 31 lånet.
1245 638 48 31 De
1321 634 170 37 restförda
1519 641 70 30 lån-

80 675 144 34 tagarna
243 674 85 31 böra
349 675 76 30 icke
448 675 10 30 i
479 675 207 31 förvarande
707 678 168 30 avseende
897 679 141 30 komma
1061 679 10 29 i
1093 689 42 21 en
1158 680 110 31 bättre
1291 682 160 36 ställning
1473 684 44 29 än
1539 684 50 34 de,

82 724 75 21 som
181 716 9 29 i
213 716 142 37 behörig
380 718 145 36 ordning
547 719 108 35 erlagt
678 718 163 32 förfallna
865 720 136 37 belopp.
1024 738 45 4 —
1093 722 74 30 Den
1189 722 59 36 tid,
1272 724 96 30 inom
1393 724 114 31 vilken
1530 735 59 20 an-

81 758 187 37 sökningar
289 768 41 21 av
352 759 264 37 ifrågavarande
637 761 71 36 slag
727 762 85 30 böra
832 762 52 30 till
907 763 257 31 vederbörande
1185 764 249 33 lånenämnder
1455 767 133 31 inkom-

80 809 69 27 ma,
170 800 62 31 bör
252 800 30 37 ej
303 801 166 31 tillmätas
490 802 116 31 alltför
628 803 142 36 knappt.
815 804 53 30 En
887 804 50 31 tid
957 814 41 20 av
1020 806 106 31 minst
1145 806 76 37 fyra
1241 808 167 31 månader
1428 808 85 32 efter
1534 810 56 30 det

81 845 49 27 att
157 843 203 37 kungörelse
387 844 10 30 i
423 845 115 30 ämnet
565 845 115 31 träder
705 846 10 30 i
742 845 94 31 kraft
862 847 59 29 vill
947 849 309 30 centralnämnden
1283 850 54 30 för
1363 850 53 31 sin
1441 852 53 29 del
1520 851 67 32 för-

80 885 113 30 orda.»

124 953 331 33 Centralnämndens
475 954 195 38 åberopade
689 956 337 38 kungörelseförslag
1046 959 39 29 är
1104 968 42 21 av
1167 959 156 37 följande
1345 962 137 36 lydelse.

705 1078 253 45 "Förslag

73 1157 54 29 till
156 1158 224 39 kungörelse
410 1167 59 21 om
498 1158 272 41 återbetalning
798 1168 46 22 av
872 1160 146 31 stödlån
1043 1167 134 34 genom
1202 1163 385 42 förbättringsarbete.

121 1241 31 40 1)
178 1245 247 35 Jordbrukare,
454 1257 73 20 som
557 1247 136 31 erhållit
722 1248 137 31 stödlån
887 1250 104 35 enligt
1019 1249 114 37 någon
1163 1260 41 21 av
1231 1253 270 35 kungörelserna
1527 1264 57 21 om

73 1288 208 31 ackordslån
306 1289 66 30 och
397 1289 136 31 stödlån
557 1290 49 30 till
631 1290 231 36 jordbrukare
887 1292 66 30 den
977 1293 41 29 30
1042 1293 76 35 juni
1145 1294 82 30 1932
1257 1290 53 39 (nr
1333 1292 92 39 366),
1452 1297 66 30 den
1543 1298 39 28 21

74 1331 89 35 april
185 1331 83 29 1933
294 1326 54 40 (nr
373 1328 74 39 135)
474 1336 89 27 samt
583 1333 66 30 den
670 1334 41 29 23
732 1343 93 20 mars
850 1334 83 29 1934
960 1331 52 39 (nr
1033 1331 54 39 54)
1115 1337 65 29 och
1203 1346 74 21 som
1299 1338 89 30 skall
1410 1339 71 30 helt
1503 1341 81 29 eller

73 1373 107 30 delvis
200 1374 147 31 kontant
369 1373 188 32 återbetala
580 1374 101 37 lånet,
703 1375 57 30 må
780 1377 111 30 under
912 1377 223 36 iakttagande
1156 1388 43 20 av
1221 1380 66 29 vad
1309 1381 114 29 nedan
1446 1382 137 35 stadgas

72 1424 43 21 av
138 1415 258 32 vederbörande
420 1416 211 32 lånenämnd
654 1418 176 36 medgivas
855 1422 50 27 att
929 1420 10 29 i
963 1421 111 29 stället
1098 1421 116 30 utföra
1240 1422 343 36 förbättringsarbete

72 1457 21 30 å
108 1458 67 30 den
191 1468 41 20 av
249 1457 202 38 låntagaren
468 1460 156 30 brukade
641 1460 216 36 fastigheten.
942 1460 3 3 |

117 1496 32 39 2)
179 1500 237 37 Medgivande,
441 1511 73 21 som
537 1502 111 30 under
673 1498 30 39 1)
730 1512 107 26 avses,
861 1502 58 31 må
943 1504 75 30 icke
1042 1505 148 30 omfatta
1213 1504 108 32 sådan
1348 1507 53 30 del
1426 1516 42 21 av
1492 1508 89 30 stöd-

71 1541 68 36 lån,
164 1552 83 27 som,
273 1543 44 30 då
339 1544 194 36 ansökning
555 1545 121 29 därom
698 1545 197 30 inkommer
914 1546 51 29 till
988 1545 266 38 lånenämnden,
1276 1550 38 28 är
1333 1549 52 39 till
1407 1549 175 36 betalning

71 1585 174 35 förfallen,
266 1586 66 30 och
352 1585 57 31 må
428 1587 134 29 lämnas
582 1587 145 30 allenast
745 1588 111 29 under
875 1588 257 36 förutsättning,

115 1631 50 27 att
186 1626 201 38 låntagaren
406 1629 112 30 finnes
539 1628 147 37 förtjänt
706 1630 66 29 och
790 1628 46 37 på
854 1631 114 34 grund
986 1640 42 20 av
1048 1631 75 30 sina
1143 1631 228 32 ekonomiska
1392 1633 188 31 förhållan-

71 1669 67 31 den
157 1670 10 30 i
186 1670 112 30 behov
320 1671 117 35 därav,
460 1674 88 27 samt

114 1714 49 28 att
186 1713 158 30 ansökan
371 1723 57 20 om
452 1713 243 37 medgivandet
718 1714 108 36 jämte
853 1715 83 35 plan
960 1716 65 29 och
1050 1716 361 36 kostnadsberäkning
1436 1718 54 29 för
1515 1719 65 29 till-

69 1754 100 30 tänkt
189 1755 344 36 förbättringsarbete
554 1756 129 36 ingives
705 1757 52 29 till
780 1757 258 31 vederbörande
1060 1756 212 33 lånenämnd
1296 1759 74 31 före
1393 1760 65 30 den
1483 1761 13 28 1
1521 1761 59 29 ok-

70 1797 97 30 tober
189 1797 92 31 1937.

113 1835 34 39 3)
176 1839 13 30 I
211 1840 110 36 övrigt
341 1840 88 30 skall
448 1840 221 31 beträffande
688 1841 238 35 medgivande.
948 1851 74 20 som
1042 1842 64 30 här
1126 1852 106 26 avses,
1254 1843 170 35 iakttagas

113 1885 50 26 att
181 1882 65 30 den
266 1882 60 35 tid,
349 1883 95 29 inom
463 1883 115 30 vilken
597 1883 345 36 förbättringsarbete
963 1885 87 29 skall
1071 1894 82 20 vara
1173 1885 148 35 slutfört,
1342 1886 75 30 icke
1435 1888 143 29 utsträc-

69 1923 59 30 kes
146 1925 120 29 utöver
285 1924 58 30 två
362 1923 38 31 år
420 1924 78 30 från
517 1925 260 35 medgivandets
799 1926 186 29 lämnande

112 1969 47 26 alt
180 1967 56 29 vid
255 1966 236 36 beräkningen
511 1976 41 20 av
571 1967 192 30 kostnaden
782 1967 55 30 för
857 1968 130 30 arbetet
1005 1967 210 36 låntagaren,
1236 1969 62 30 där
1317 1969 170 30 särskilda
1507 1980 71 20 om-

68 2008 234 35 ständigheter
326 2009 116 29 därtill
470 2009 190 34 föranleda,
688 2008 54 31 för
768 2010 150 35 redskap
946 2010 65 29 och
1040 2010 157 30 material
1223 2010 58 31 må
1306 2011 272 35 tillgodoräknas

67 2050 132 36 jämväl
220 2050 105 36 högre
344 2052 125 34 belopp
491 2052 44 29 än
559 2051 61 29 100
639 2052 139 34 kronor,
799 2054 91 27 samt

111 2096 48 27 att
181 2093 221 30 beträffande
426 2093 357 36 förbättringsarbetet
805 2094 9 29 i
837 2094 111 35 övrigt
971 2094 97 30 skola
1090 2095 104 29 lända
1217 2095 48 29 till
1290 2095 224 31 efterrättelse
1537 2096 40 30 de

67 2135 9 29 i
98 2135 230 30 förenämnda
352 2136 204 34 kungörelse
580 2137 66 29 den
669 2136 40 30 23
731 2145 92 21 mars
851 2136 83 30 1934
956 2135 178 36 angående
1157 2136 123 31 sådant
1302 2138 117 29 arbete
1439 2138 137 30 medde-

67 2177 77 29 lade
160 2177 335 30 bestämmelserna.»

111 2268 13 28 I
145 2268 108 30 likhet
272 2269 77 29 med
372 2268 256 30 motionärerna
648 2269 63 29 och
732 2269 309 29 centralnämnden
1060 2278 100 20 anser
1179 2269 174 35 utskottet,
1374 2272 49 27 att
1441 2268 133 31 til!fälle

64 2315 92 38 ånyo
175 2318 62 29 bör
255 2318 145 29 beredas
420 2319 40 28 de
481 2317 239 36 jordbrukare,
744 2318 91 29 vilka
860 2319 44 28 ha
924 2321 48 26 att
992 2319 69 28 helt
1081 2319 80 30 eller
1181 2319 106 28 delvis
1308 2319 146 29 kontant
1477 2320 99 34 gälda

66 2366 155 31 erhållna
252 2368 147 33 stödlån,
429 2371 48 26 att
506 2368 85 29 efter
620 2369 155 28 ansökan
808 2368 6 29 i
846 2368 108 29 stället
987 2368 183 30 återbetala
1200 2369 101 28 lånen
1333 2377 122 26 genom
1486 2369 87 29 utfö-

65 2418 108 29 rande
200 2427 41 19 av
269 2417 351 35 förbättringsarbete.
671 2418 170 30 Utskottet
870 2419 101 35 hyser
999 2418 174 35 nämligen
1203 2419 64 28 den
1298 2418 275 36 uppfattningen,

65 2471 49 27 att
142 2467 179 37 möjlighet
349 2478 45 19 nu
423 2468 61 29 bör
511 2470 144 34 öppnas,
685 2468 197 35 varigenom
913 2468 109 30 denna
1053 2468 320 36 hjälpverksamhet
1402 2470 67 28 kan
1496 2469 76 30 med

1616 2280 128 25 Utskottet.
