1918 2824
314 178 40 31 18
702 167 292 42 Statsutskottets
1025 172 189 34 utlåtande
1245 170 53 35 Nr
1321 169 30 33 2.

312 256 76 32 dels
412 256 66 31 ock
500 255 79 36 höja
602 255 55 31 det
681 254 172 31 ordinarie
874 252 302 36 förslagsanslaget
1192 251 53 30 till
1263 251 127 30 statens
1406 247 367 38 uppfostringsanstalt

269 310 21 29 å
312 308 96 30 Bona
430 308 80 30 från
533 306 74 31 dess
629 306 200 31 nuvarande
852 305 129 35 belopp,
1006 303 138 35 285,150
1169 303 135 33 kronor,
1329 300 75 32 med
1429 300 117 36 20,000
1571 300 126 29 kronor
1717 298 53 30 till

271 359 138 37 305,150
432 359 135 31 kronor.

314 411 238 37 Utredningen
575 411 12 31 i
611 412 116 30 ämnet
751 409 183 32 återfinnes
957 410 21 29 å
1001 408 62 30 sid.
1089 407 39 31 56
1154 406 60 31 och
1240 407 39 30 57
1306 407 6 29 i
1339 403 374 37 statsrådsprotokollet.

314 517 180 32 Ordinarie
529 516 303 36 förslagsanslaget
866 514 55 31 till
955 515 127 29 statens
1117 510 365 38 uppfostringsanstalt
1515 511 20 28 å
1571 509 95 30 Bona
1700 510 39 28 är
1764 508 6 29 i

271 569 230 32 innevarande
536 568 182 36 budgetårs
751 567 140 31 riksstat
924 565 137 37 uppfört
1084 564 76 31 med
1185 563 138 36 285,150
1348 563 125 30 kronor
1496 561 61 31 och
1582 560 193 36 disponeras

269 622 109 37 enligt
400 631 43 22 en
465 632 44 21 av
533 621 85 31 1925
641 621 56 30 års
720 619 140 36 riksdag
884 616 172 33 fastställd
1078 618 78 34 stat,
1181 614 214 38 upptagande
1418 613 102 32 bland
1546 614 106 30 annat
1669 612 105 31 under

270 675 165 31 rubriken
453 673 329 33 >»Omkostnadsstat»
801 673 48 30 ett
865 672 110 30 såsom
991 669 266 37 förslagsanslag
1272 667 177 32 betecknat
1464 666 119 36 belopp
1599 666 21 30 å
1636 664 138 37 124,000

270 729 125 31 kronor
418 727 56 32 till
497 727 122 36 övriga
642 725 181 32 kostnader
847 724 54 31 för
923 723 138 32 driften.
1098 721 177 37 Därjämte
1291 723 39 29 är
1346 721 52 30 för
1413 730 48 21 nu
1478 717 142 38 löpande
1635 717 139 37 budget-

270 782 40 29 år
342 780 53 31 för
428 779 207 37 provisorisk
670 777 223 37 förläggning
929 776 53 31 till
1018 774 263 31 Bonaanstalten
1310 783 45 20 av
1380 774 127 29 statens
1531 770 244 37 uppfostrings-

271 832 125 32 anstalt
429 832 10 30 å
461 831 188 37 Venngarn
672 830 137 31 anvisat
832 830 48 30 ett
903 829 97 30 extra
1022 827 121 35 anslag
1166 827 21 29 å
1210 825 117 37 20,000
1352 825 134 30 kronor.

315 885 120 37 Enligt
468 884 132 37 Kungl.
635 883 118 37 Maj:ts
776 892 47 21 nu
847 879 234 38 föreliggande
1104 878 127 37 förslag
1255 877 112 31 skulle
1390 877 104 36 något
1517 876 139 31 särskilt
1679 877 96 30 extra

270 938 136 37 anslag.
424 937 75 31 icke
533 936 119 32 vidare
687 936 84 36 utgå
804 934 55 31 till
883 932 276 35 Bonaanstalten,
1188 932 84 30 utan
1295 930 112 31 skulle
1431 930 11 30 i
1465 929 116 31 stället
1603 928 173 31 ordinarie

270 990 154 37 anslaget
447 990 57 31 till
527 989 171 31 anstalten
721 987 83 31 ökas
828 985 76 32 med
928 985 118 36 20,000
1069 985 126 30 kronor
1219 983 61 31 och
1304 983 8 30 i
1339 981 168 32 samband
1529 980 139 32 därmed
1692 980 80 31 det
1754 976 20 45 i

270 1042 188 31 anstaltens
492 1043 69 29 stat
595 1039 168 37 ingående
798 1038 303 36 förslagsanslaget
1136 1036 54 31 till
1219 1035 122 36 övriga
1365 1033 182 32 kostnader
1571 1034 52 29 för
1648 1032 127 31 driften

271 1097 160 29 ävensom
456 1095 127 30 statens
607 1093 205 31 slutsumma
836 1090 96 36 höjas
955 1089 76 32 med
1056 1088 106 37 sagda
1186 1088 129 36 belopp.

314 1201 183 35 Utskottet,
520 1210 71 21 som
616 1199 73 31 icke
712 1197 76 32 haft
812 1198 103 34 något
937 1197 50 30 att
1011 1195 114 31 erinra
1150 1195 88 29 emot
1264 1192 129 36 Kungl.
1419 1191 116 36 Maj:ts
1562 1191 135 35 förslag,
1723 1191 53 30 får

270 1254 101 30 alltså
395 1252 190 35 hemställa,

714 1304 50 30 att
788 1301 183 36 riksdagen
993 1302 58 29 må

716 1358 33 36 a)
774 1354 183 38 godkänna
997 1352 150 37 följande
1181 1352 66 30 stat
1284 1350 53 31 för
1372 1351 125 29 statens
1531 1348 244 37 uppfostrings-

672 1407 127 33 anstalt
822 1408 21 30 å
865 1407 105 34 Bona,
999 1407 51 29 att
1081 1404 176 36 tillämpas
1287 1403 77 30 från
1389 1402 61 31 och
1474 1400 74 32 med
1574 1400 202 36 budgetåret

675 1459 230 32 1927—1928:

1164 1527 119 31 Stat.

1085 1599 273 31 Avlöningsstat:

631 1638 3 13 "
670 1643 219 37 Avlöningar
932 1642 55 32 till
1026 1640 170 33 ordinarie
1229 1640 219 37 tjänstemän,

715 1695 267 38 försldigsanslåg
1018 1717 429 6 :s.sdmssmsmmssmwsålussen
1372 1688 78 49 sv
1475 1691 125 30 kronor
1625 1689 138 37 123,150

673 1748 420 35 Vikariatsersättningar,
1117 1745 265 36 förslagsanslag
1408 1769 36 4 ....
1530 1755 12 15 »
1669 1741 95 37 3,000

671 1802 218 35 Avlöningar
934 1800 55 31 till
1033 1798 262 32 icke-ordinarie
1329 1796 120 31 befatt-
1543 1793 2 4 |

715 1853 230 37 ningshavare
968 1861 44 21 m.
1037 1861 56 26 m.,
1117 1849 266 37 förslagsanslag
1409 1873 35 4 ....
1531 1859 12 16 »
1648 1846 116 35 35,000

1063 1922 319 26 Omkostnadsstat:

673 1967 127 37 Övriga
835 1967 180 32 kostnader
1050 1966 52 31 för
1130 1965 139 35 driften,
1293 1964 156 36 förslags-

714 2031 42 21 an
761 2021 71 34 slag
853 2022 46 35 SNÖN
914 2044 18 4 NNE
954 2022 54 35 SNES
1052 2042 34 5 bes
1092 2042 15 5 aa
1118 2042 44 5 INKA
1177 2041 29 5 (oMN
1214 2022 45 35 BIRKA
1290 2041 3 5 A
1300 2041 14 4 NR
1322 2040 15 4 KR
1345 2022 10 35 KT
1365 2040 4 4 0
1376 2040 26 4 SR
1415 2039 31 5 RS
1531 2026 12 16 »
1626 2012 138 47 144,000

1019 2063 143 48 Summa
1187 2060 267 54 förslagsanslag
1478 2059 125 48 kronor
1627 2058 149 52 305,150;

714 2145 88 31 samt

713 2197 34 38 b)
771 2196 81 36 höja
874 2194 55 33 det
952 2193 173 33 ordinarie
1149 2192 298 38 förslagsanslaget
1469 2189 56 33 till
1541 2191 134 31 statens
1690 2198 86 27 upp-

670 2247 305 38 fostringsanstalt
1020 2257 10 21 å
1063 2246 101 32 Bona
1199 2246 79 30 från
1312 2245 73 31 dess
1419 2242 200 33 nuvarande
1646 2241 128 37 belopp,

672 2302 138 36 285,150
844 2301 135 35 kronor,
1008 2299 75 32 med
1108 2298 118 36 20,000
1250 2300 124 30 kronor
1398 2296 53 31 till
1477 2294 139 38 305,150
1639 2295 135 30 kronor.
