<?xml version="1.0" encoding="UTF-8"?>
<alto xmlns="http://www.loc.gov/standards/alto/ns-v3#" xmlns:xlink="http://www.w3.org/1999/xlink" xmlns:xsi="http://www.w3.org/2001/XMLSchema-instance" xsi:schemaLocation="http://www.loc.gov/standards/alto/ns-v3# http://www.loc.gov/alto/v3/alto-3-0.xsd">
	<Description>
		<MeasurementUnit>pixel</MeasurementUnit>
		<sourceImageInformation>
			<fileName>/tmp/tess_ytnzyl2l_input.PNG</fileName>
		</sourceImageInformation>
		<OCRProcessing ID="OCR_0">
			<ocrProcessingStep>
				<processingSoftware>
					<softwareName>tesseract 5.3.0</softwareName>
				</processingSoftware>
			</ocrProcessingStep>
		</OCRProcessing>
	</Description>
	<Layout>
		<Page WIDTH="2240" HEIGHT="2644" PHYSICAL_IMG_NR="0" ID="page_0">
			<PrintSpace HPOS="0" VPOS="0" WIDTH="2240" HEIGHT="2644">
				<ComposedBlock ID="cblock_0" HPOS="427" VPOS="201" WIDTH="1369" HEIGHT="38">
					<TextBlock ID="block_0" HPOS="427" VPOS="201" WIDTH="1369" HEIGHT="38">
						<TextLine ID="line_0" HPOS="427" VPOS="201" WIDTH="1369" HEIGHT="38">
							<String ID="string_0" HPOS="427" VPOS="205" WIDTH="38" HEIGHT="27" WC="0.95" CONTENT="24"/><SP WIDTH="202" VPOS="205" HPOS="465"/>
							<String ID="string_1" HPOS="667" VPOS="204" WIDTH="107" HEIGHT="27" WC="0.96" CONTENT="Första"/><SP WIDTH="25" VPOS="204" HPOS="774"/>
							<String ID="string_2" HPOS="799" VPOS="203" WIDTH="194" HEIGHT="27" WC="0.95" CONTENT="Kammarens"/><SP WIDTH="27" VPOS="203" HPOS="993"/>
							<String ID="string_3" HPOS="1020" VPOS="202" WIDTH="157" HEIGHT="37" WC="0.93" CONTENT="Tillfälliga"/><SP WIDTH="30" VPOS="202" HPOS="1177"/>
							<String ID="string_4" HPOS="1207" VPOS="202" WIDTH="126" HEIGHT="28" WC="0.91" CONTENT="Utskotts"/><SP WIDTH="22" VPOS="202" HPOS="1333"/>
							<String ID="string_5" HPOS="1355" VPOS="202" WIDTH="71" HEIGHT="35" WC="0.96" CONTENT="(N:o"/><SP WIDTH="23" VPOS="202" HPOS="1426"/>
							<String ID="string_6" HPOS="1449" VPOS="201" WIDTH="34" HEIGHT="35" WC="0.95" CONTENT="2)"/><SP WIDTH="32" VPOS="201" HPOS="1483"/>
							<String ID="string_7" HPOS="1515" VPOS="201" WIDTH="152" HEIGHT="28" WC="0.95" CONTENT="Utlåtande"/><SP WIDTH="23" VPOS="201" HPOS="1667"/>
							<String ID="string_8" HPOS="1690" VPOS="201" WIDTH="56" HEIGHT="28" WC="0.90" CONTENT="N:o"/><SP WIDTH="24" VPOS="201" HPOS="1746"/>
							<String ID="string_9" HPOS="1770" VPOS="202" WIDTH="26" HEIGHT="26" WC="0.95" CONTENT="6."/>
						</TextLine>
					</TextBlock>
				</ComposedBlock>
				<ComposedBlock ID="cblock_1" HPOS="426" VPOS="277" WIDTH="1617" HEIGHT="2021">
					<TextBlock ID="block_1" HPOS="426" VPOS="277" WIDTH="1610" HEIGHT="348">
						<TextLine ID="line_1" HPOS="426" VPOS="277" WIDTH="1607" HEIGHT="48">
							<String ID="string_10" HPOS="426" VPOS="280" WIDTH="146" HEIGHT="35" WC="0.96" CONTENT="skattar"/><SP WIDTH="27" VPOS="280" HPOS="572"/>
							<String ID="string_11" HPOS="599" VPOS="278" WIDTH="58" HEIGHT="36" WC="0.96" CONTENT="för"/><SP WIDTH="29" VPOS="278" HPOS="657"/>
							<String ID="string_12" HPOS="686" VPOS="279" WIDTH="111" HEIGHT="46" WC="0.96" CONTENT="ingen"/><SP WIDTH="30" VPOS="279" HPOS="797"/>
							<String ID="string_13" HPOS="827" VPOS="278" WIDTH="62" HEIGHT="36" WC="0.96" CONTENT="del"/><SP WIDTH="27" VPOS="278" HPOS="889"/>
							<String ID="string_14" HPOS="916" VPOS="278" WIDTH="64" HEIGHT="36" WC="0.96" CONTENT="det"/><SP WIDTH="28" VPOS="278" HPOS="980"/>
							<String ID="string_15" HPOS="1008" VPOS="277" WIDTH="41" HEIGHT="36" WC="0.93" CONTENT="af"/><SP WIDTH="24" VPOS="277" HPOS="1049"/>
							<String ID="string_16" HPOS="1073" VPOS="278" WIDTH="387" HEIGHT="47" WC="0.92" CONTENT="medicinalstyrelsen"/><SP WIDTH="28" VPOS="278" HPOS="1460"/>
							<String ID="string_17" HPOS="1488" VPOS="277" WIDTH="153" HEIGHT="48" WC="0.92" CONTENT="angifna"/><SP WIDTH="28" VPOS="277" HPOS="1641"/>
							<String ID="string_18" HPOS="1669" VPOS="277" WIDTH="236" HEIGHT="36" WC="0.96" CONTENT="önskemålet"/><SP WIDTH="28" VPOS="277" HPOS="1905"/>
							<String ID="string_19" HPOS="1933" VPOS="282" WIDTH="57" HEIGHT="31" WC="0.93" CONTENT="att"/><SP WIDTH="24" VPOS="282" HPOS="1990"/>
							<String ID="string_20" HPOS="2014" VPOS="279" WIDTH="19" HEIGHT="32" WC="0.92" CONTENT="å"/>
						</TextLine>
						<TextLine ID="line_2" HPOS="427" VPOS="326" WIDTH="1609" HEIGHT="50">
							<String ID="string_21" HPOS="427" VPOS="330" WIDTH="131" HEIGHT="36" WC="0.96" CONTENT="landet"/><SP WIDTH="36" VPOS="330" HPOS="558"/>
							<String ID="string_22" HPOS="594" VPOS="332" WIDTH="114" HEIGHT="33" WC="0.96" CONTENT="måtte"/><SP WIDTH="38" VPOS="332" HPOS="708"/>
							<String ID="string_23" HPOS="746" VPOS="331" WIDTH="158" HEIGHT="33" WC="0.93" CONTENT="inrättas"/><SP WIDTH="36" VPOS="331" HPOS="904"/>
							<String ID="string_24" HPOS="940" VPOS="329" WIDTH="219" HEIGHT="47" WC="0.91" CONTENT="sjukstugor"/><SP WIDTH="37" VPOS="329" HPOS="1159"/>
							<String ID="string_25" HPOS="1196" VPOS="327" WIDTH="58" HEIGHT="36" WC="0.96" CONTENT="för"/><SP WIDTH="38" VPOS="327" HPOS="1254"/>
							<String ID="string_26" HPOS="1292" VPOS="329" WIDTH="180" HEIGHT="46" WC="0.96" CONTENT="isolering"/><SP WIDTH="28" VPOS="329" HPOS="1472"/>
							<String ID="string_27" HPOS="1500" VPOS="328" WIDTH="40" HEIGHT="35" WC="0.96" CONTENT="af"/><SP WIDTH="25" VPOS="328" HPOS="1540"/>
							<String ID="string_28" HPOS="1565" VPOS="340" WIDTH="192" HEIGHT="35" WC="0.96" CONTENT="personer,"/><SP WIDTH="29" VPOS="340" HPOS="1757"/>
							<String ID="string_29" HPOS="1786" VPOS="327" WIDTH="182" HEIGHT="47" WC="0.95" CONTENT="angripna"/><SP WIDTH="29" VPOS="327" HPOS="1968"/>
							<String ID="string_30" HPOS="1997" VPOS="326" WIDTH="39" HEIGHT="36" WC="0.96" CONTENT="af"/>
						</TextLine>
						<TextLine ID="line_3" HPOS="426" VPOS="377" WIDTH="1607" HEIGHT="50">
							<String ID="string_31" HPOS="426" VPOS="381" WIDTH="117" HEIGHT="35" WC="0.96" CONTENT="andra"/><SP WIDTH="37" VPOS="381" HPOS="543"/>
							<String ID="string_32" HPOS="580" VPOS="381" WIDTH="272" HEIGHT="35" WC="0.96" CONTENT="smittosamma"/><SP WIDTH="37" VPOS="381" HPOS="852"/>
							<String ID="string_33" HPOS="889" VPOS="379" WIDTH="230" HEIGHT="48" WC="0.95" CONTENT="sjukdomar,"/><SP WIDTH="38" VPOS="379" HPOS="1119"/>
							<String ID="string_34" HPOS="1157" VPOS="382" WIDTH="122" HEIGHT="32" WC="0.96" CONTENT="såsom"/><SP WIDTH="41" VPOS="382" HPOS="1279"/>
							<String ID="string_35" HPOS="1320" VPOS="379" WIDTH="267" HEIGHT="47" WC="0.93" CONTENT="smittkoppor,"/><SP WIDTH="42" VPOS="379" HPOS="1587"/>
							<String ID="string_36" HPOS="1629" VPOS="377" WIDTH="129" HEIGHT="36" WC="0.93" CONTENT="difteri"/><SP WIDTH="29" VPOS="377" HPOS="1758"/>
							<String ID="string_37" HPOS="1787" VPOS="391" WIDTH="47" HEIGHT="22" WC="0.90" CONTENT="m."/><SP WIDTH="28" VPOS="391" HPOS="1834"/>
							<String ID="string_38" HPOS="1862" VPOS="378" WIDTH="56" HEIGHT="43" WC="0.47" CONTENT="f.;"/><SP WIDTH="29" VPOS="378" HPOS="1918"/>
							<String ID="string_39" HPOS="1947" VPOS="390" WIDTH="86" HEIGHT="22" WC="0.96" CONTENT="men"/>
						</TextLine>
						<TextLine ID="line_4" HPOS="428" VPOS="428" WIDTH="1605" HEIGHT="47">
							<String ID="string_40" HPOS="428" VPOS="431" WIDTH="189" HEIGHT="36" WC="0.96" CONTENT="utskottet"/><SP WIDTH="28" VPOS="431" HPOS="617"/>
							<String ID="string_41" HPOS="645" VPOS="431" WIDTH="120" HEIGHT="35" WC="0.96" CONTENT="håller"/><SP WIDTH="29" VPOS="431" HPOS="765"/>
							<String ID="string_42" HPOS="794" VPOS="430" WIDTH="91" HEIGHT="43" WC="0.96" CONTENT="före,"/><SP WIDTH="29" VPOS="430" HPOS="885"/>
							<String ID="string_43" HPOS="914" VPOS="436" WIDTH="56" HEIGHT="29" WC="0.96" CONTENT="att"/><SP WIDTH="28" VPOS="436" HPOS="970"/>
							<String ID="string_44" HPOS="998" VPOS="431" WIDTH="138" HEIGHT="34" WC="0.96" CONTENT="sådana"/><SP WIDTH="29" VPOS="431" HPOS="1136"/>
							<String ID="string_45" HPOS="1165" VPOS="430" WIDTH="253" HEIGHT="45" WC="0.96" CONTENT="inrättningar"/><SP WIDTH="28" VPOS="430" HPOS="1418"/>
							<String ID="string_46" HPOS="1446" VPOS="430" WIDTH="93" HEIGHT="36" WC="0.96" CONTENT="böra"/><SP WIDTH="23" VPOS="430" HPOS="1539"/>
							<String ID="string_47" HPOS="1562" VPOS="429" WIDTH="212" HEIGHT="35" WC="0.96" CONTENT="tillkomma"/><SP WIDTH="20" VPOS="429" HPOS="1774"/>
							<String ID="string_48" HPOS="1794" VPOS="428" WIDTH="82" HEIGHT="36" WC="0.96" CONTENT="icke"/><SP WIDTH="20" VPOS="428" HPOS="1876"/>
							<String ID="string_49" HPOS="1896" VPOS="441" WIDTH="137" HEIGHT="34" WC="0.96" CONTENT="genom"/>
						</TextLine>
						<TextLine ID="line_5" HPOS="427" VPOS="477" WIDTH="1608" HEIGHT="50">
							<String ID="string_50" HPOS="427" VPOS="481" WIDTH="288" HEIGHT="36" WC="0.96" CONTENT="vederbörande"/><SP WIDTH="42" VPOS="481" HPOS="715"/>
							<String ID="string_51" HPOS="757" VPOS="481" WIDTH="242" HEIGHT="35" WC="0.96" CONTENT="kommuners"/><SP WIDTH="40" VPOS="481" HPOS="999"/>
							<String ID="string_52" HPOS="1039" VPOS="479" WIDTH="151" HEIGHT="36" WC="0.95" CONTENT="fruktan"/><SP WIDTH="40" VPOS="479" HPOS="1190"/>
							<String ID="string_53" HPOS="1230" VPOS="480" WIDTH="58" HEIGHT="35" WC="0.95" CONTENT="för"/><SP WIDTH="37" VPOS="480" HPOS="1288"/>
							<String ID="string_54" HPOS="1325" VPOS="493" WIDTH="45" HEIGHT="22" WC="0.94" CONTENT="en"/><SP WIDTH="37" VPOS="493" HPOS="1370"/>
							<String ID="string_55" HPOS="1407" VPOS="477" WIDTH="170" HEIGHT="50" WC="0.93" CONTENT="tillfällig"/><SP WIDTH="35" VPOS="477" HPOS="1577"/>
							<String ID="string_56" HPOS="1612" VPOS="479" WIDTH="295" HEIGHT="47" WC="0.91" CONTENT="koleraepidemi"/><SP WIDTH="36" VPOS="479" HPOS="1907"/>
							<String ID="string_57" HPOS="1943" VPOS="486" WIDTH="92" HEIGHT="28" WC="0.96" CONTENT="utan"/>
						</TextLine>
						<TextLine ID="line_6" HPOS="427" VPOS="529" WIDTH="1609" HEIGHT="50">
							<String ID="string_58" HPOS="427" VPOS="545" WIDTH="137" HEIGHT="34" WC="0.95" CONTENT="genom"/><SP WIDTH="38" VPOS="545" HPOS="564"/>
							<String ID="string_59" HPOS="602" VPOS="532" WIDTH="107" HEIGHT="35" WC="0.96" CONTENT="deras"/><SP WIDTH="38" VPOS="532" HPOS="709"/>
							<String ID="string_60" HPOS="747" VPOS="530" WIDTH="177" HEIGHT="49" WC="0.96" CONTENT="frivilliga"/><SP WIDTH="36" VPOS="530" HPOS="924"/>
							<String ID="string_61" HPOS="960" VPOS="530" WIDTH="138" HEIGHT="43" WC="0.95" CONTENT="beslut,"/><SP WIDTH="35" VPOS="530" HPOS="1098"/>
							<String ID="string_62" HPOS="1133" VPOS="531" WIDTH="69" HEIGHT="35" WC="0.96" CONTENT="och"/><SP WIDTH="30" VPOS="531" HPOS="1202"/>
							<String ID="string_63" HPOS="1232" VPOS="530" WIDTH="57" HEIGHT="36" WC="0.96" CONTENT="att"/><SP WIDTH="27" VPOS="530" HPOS="1289"/>
							<String ID="string_64" HPOS="1316" VPOS="530" WIDTH="138" HEIGHT="36" WC="0.96" CONTENT="sådana"/><SP WIDTH="29" VPOS="530" HPOS="1454"/>
							<String ID="string_65" HPOS="1483" VPOS="530" WIDTH="338" HEIGHT="47" WC="0.96" CONTENT="epidemisjukhus,"/><SP WIDTH="29" VPOS="530" HPOS="1821"/>
							<String ID="string_66" HPOS="1850" VPOS="542" WIDTH="59" HEIGHT="23" WC="0.96" CONTENT="om"/><SP WIDTH="30" VPOS="542" HPOS="1909"/>
							<String ID="string_67" HPOS="1939" VPOS="529" WIDTH="47" HEIGHT="35" WC="0.93" CONTENT="de"/><SP WIDTH="29" VPOS="529" HPOS="1986"/>
							<String ID="string_68" HPOS="2015" VPOS="532" WIDTH="21" HEIGHT="32" WC="0.92" CONTENT="å"/>
						</TextLine>
						<TextLine ID="line_7" HPOS="432" VPOS="581" WIDTH="1337" HEIGHT="44">
							<String ID="string_69" HPOS="432" VPOS="583" WIDTH="130" HEIGHT="35" WC="0.96" CONTENT="landet"/><SP WIDTH="28" VPOS="583" HPOS="562"/>
							<String ID="string_70" HPOS="590" VPOS="583" WIDTH="170" HEIGHT="42" WC="0.96" CONTENT="inrättas,"/><SP WIDTH="29" VPOS="583" HPOS="760"/>
							<String ID="string_71" HPOS="789" VPOS="581" WIDTH="91" HEIGHT="36" WC="0.96" CONTENT="böra"/><SP WIDTH="29" VPOS="581" HPOS="880"/>
							<String ID="string_72" HPOS="909" VPOS="581" WIDTH="158" HEIGHT="36" WC="0.96" CONTENT="omfatta"/><SP WIDTH="28" VPOS="581" HPOS="1067"/>
							<String ID="string_73" HPOS="1095" VPOS="587" WIDTH="121" HEIGHT="29" WC="0.96" CONTENT="större"/><SP WIDTH="30" VPOS="587" HPOS="1216"/>
							<String ID="string_74" HPOS="1246" VPOS="581" WIDTH="152" HEIGHT="35" WC="0.96" CONTENT="distrikt"/><SP WIDTH="28" VPOS="581" HPOS="1398"/>
							<String ID="string_75" HPOS="1426" VPOS="588" WIDTH="46" HEIGHT="28" WC="0.96" CONTENT="än"/><SP WIDTH="30" VPOS="588" HPOS="1472"/>
							<String ID="string_76" HPOS="1502" VPOS="594" WIDTH="45" HEIGHT="22" WC="0.96" CONTENT="en"/><SP WIDTH="30" VPOS="594" HPOS="1547"/>
							<String ID="string_77" HPOS="1577" VPOS="581" WIDTH="192" HEIGHT="35" WC="0.96" CONTENT="kommun."/>
						</TextLine>
					</TextBlock>
					<TextBlock ID="block_2" HPOS="428" VPOS="630" WIDTH="1613" HEIGHT="908">
						<TextLine ID="line_8" HPOS="529" VPOS="630" WIDTH="1505" HEIGHT="47">
							<String ID="string_78" HPOS="529" VPOS="633" WIDTH="74" HEIGHT="35" WC="0.95" CONTENT="För"/><SP WIDTH="40" VPOS="633" HPOS="603"/>
							<String ID="string_79" HPOS="643" VPOS="638" WIDTH="55" HEIGHT="30" WC="0.96" CONTENT="att"/><SP WIDTH="40" VPOS="638" HPOS="698"/>
							<String ID="string_80" HPOS="738" VPOS="632" WIDTH="63" HEIGHT="35" WC="0.92" CONTENT="vid"/><SP WIDTH="43" VPOS="632" HPOS="801"/>
							<String ID="string_81" HPOS="844" VPOS="631" WIDTH="228" HEIGHT="36" WC="0.91" CONTENT="inträffande"/><SP WIDTH="36" VPOS="631" HPOS="1072"/>
							<String ID="string_82" HPOS="1108" VPOS="631" WIDTH="197" HEIGHT="36" WC="0.92" CONTENT="kolerafall"/><SP WIDTH="38" VPOS="631" HPOS="1305"/>
							<String ID="string_83" HPOS="1343" VPOS="631" WIDTH="260" HEIGHT="36" WC="0.96" CONTENT="åstadkomma"/><SP WIDTH="28" VPOS="631" HPOS="1603"/>
							<String ID="string_84" HPOS="1631" VPOS="631" WIDTH="73" HEIGHT="35" WC="0.95" CONTENT="den"/><SP WIDTH="29" VPOS="631" HPOS="1704"/>
							<String ID="string_85" HPOS="1733" VPOS="630" WIDTH="192" HEIGHT="47" WC="0.95" CONTENT="isolering,"/><SP WIDTH="28" VPOS="630" HPOS="1925"/>
							<String ID="string_86" HPOS="1953" VPOS="642" WIDTH="81" HEIGHT="23" WC="0.96" CONTENT="som"/>
						</TextLine>
						<TextLine ID="line_9" HPOS="428" VPOS="680" WIDTH="1608" HEIGHT="49">
							<String ID="string_87" HPOS="428" VPOS="683" WIDTH="201" HEIGHT="44" WC="0.95" CONTENT="erfordras,"/><SP WIDTH="29" VPOS="683" HPOS="629"/>
							<String ID="string_88" HPOS="658" VPOS="683" WIDTH="110" HEIGHT="36" WC="0.96" CONTENT="torde"/><SP WIDTH="30" VPOS="683" HPOS="768"/>
							<String ID="string_89" HPOS="798" VPOS="684" WIDTH="11" HEIGHT="34" WC="0.96" CONTENT="i"/><SP WIDTH="28" VPOS="684" HPOS="809"/>
							<String ID="string_90" HPOS="837" VPOS="681" WIDTH="129" HEIGHT="48" WC="0.96" CONTENT="sjelfva"/><SP WIDTH="29" VPOS="681" HPOS="966"/>
							<String ID="string_91" HPOS="995" VPOS="682" WIDTH="132" HEIGHT="36" WC="0.96" CONTENT="verket"/><SP WIDTH="28" VPOS="682" HPOS="1127"/>
							<String ID="string_92" HPOS="1155" VPOS="682" WIDTH="132" HEIGHT="35" WC="0.93" CONTENT="endast"/><SP WIDTH="36" VPOS="682" HPOS="1287"/>
							<String ID="string_93" HPOS="1323" VPOS="681" WIDTH="150" HEIGHT="36" WC="0.91" CONTENT="kräfvas"/><SP WIDTH="28" VPOS="681" HPOS="1473"/>
							<String ID="string_94" HPOS="1501" VPOS="688" WIDTH="56" HEIGHT="29" WC="0.96" CONTENT="att"/><SP WIDTH="28" VPOS="688" HPOS="1557"/>
							<String ID="string_95" HPOS="1585" VPOS="681" WIDTH="274" HEIGHT="35" WC="0.95" CONTENT="kommunerna"/><SP WIDTH="28" VPOS="681" HPOS="1859"/>
							<String ID="string_96" HPOS="1887" VPOS="684" WIDTH="47" HEIGHT="44" WC="0.93" CONTENT="på"/><SP WIDTH="27" VPOS="684" HPOS="1934"/>
							<String ID="string_97" HPOS="1961" VPOS="680" WIDTH="75" HEIGHT="35" WC="0.92" CONTENT="för-"/>
						</TextLine>
						<TextLine ID="line_10" HPOS="429" VPOS="731" WIDTH="1606" HEIGHT="50">
							<String ID="string_98" HPOS="429" VPOS="734" WIDTH="99" HEIGHT="36" WC="0.96" CONTENT="hand"/><SP WIDTH="31" VPOS="734" HPOS="528"/>
							<String ID="string_99" HPOS="559" VPOS="734" WIDTH="137" HEIGHT="35" WC="0.96" CONTENT="bereda"/><SP WIDTH="32" VPOS="734" HPOS="696"/>
							<String ID="string_100" HPOS="728" VPOS="734" WIDTH="57" HEIGHT="47" WC="0.96" CONTENT="sig"/><SP WIDTH="37" VPOS="734" HPOS="785"/>
							<String ID="string_101" HPOS="822" VPOS="737" WIDTH="47" HEIGHT="43" WC="0.93" CONTENT="på"/><SP WIDTH="36" VPOS="737" HPOS="869"/>
							<String ID="string_102" HPOS="905" VPOS="732" WIDTH="243" HEIGHT="36" WC="0.92" CONTENT="anskaffande"/><SP WIDTH="28" VPOS="732" HPOS="1148"/>
							<String ID="string_103" HPOS="1176" VPOS="735" WIDTH="37" HEIGHT="33" WC="0.96" CONTENT="af"/><SP WIDTH="27" VPOS="735" HPOS="1213"/>
							<String ID="string_104" HPOS="1240" VPOS="732" WIDTH="46" HEIGHT="35" WC="0.96" CONTENT="de"/><SP WIDTH="29" VPOS="732" HPOS="1286"/>
							<String ID="string_105" HPOS="1315" VPOS="733" WIDTH="157" HEIGHT="45" WC="0.96" CONTENT="sjukhus"/><SP WIDTH="28" VPOS="733" HPOS="1472"/>
							<String ID="string_106" HPOS="1500" VPOS="733" WIDTH="92" HEIGHT="34" WC="0.93" CONTENT="eller"/><SP WIDTH="28" VPOS="733" HPOS="1592"/>
							<String ID="string_107" HPOS="1620" VPOS="732" WIDTH="184" HEIGHT="47" WC="0.92" CONTENT="sjukrum,"/><SP WIDTH="30" VPOS="732" HPOS="1804"/>
							<String ID="string_108" HPOS="1834" VPOS="731" WIDTH="125" HEIGHT="35" WC="0.96" CONTENT="hvilka"/><SP WIDTH="30" VPOS="731" HPOS="1959"/>
							<String ID="string_109" HPOS="1989" VPOS="731" WIDTH="46" HEIGHT="34" WC="0.96" CONTENT="de"/>
						</TextLine>
						<TextLine ID="line_11" HPOS="429" VPOS="781" WIDTH="1607" HEIGHT="52">
							<String ID="string_110" HPOS="429" VPOS="785" WIDTH="119" HEIGHT="48" WC="0.93" CONTENT="enligt"/><SP WIDTH="37" VPOS="785" HPOS="548"/>
							<String ID="string_111" HPOS="585" VPOS="784" WIDTH="380" HEIGHT="47" WC="0.91" CONTENT="helsovårdsstadgan"/><SP WIDTH="39" VPOS="784" HPOS="965"/>
							<String ID="string_112" HPOS="1004" VPOS="783" WIDTH="69" HEIGHT="36" WC="0.96" CONTENT="och"/><SP WIDTH="39" VPOS="783" HPOS="1073"/>
							<String ID="string_113" HPOS="1112" VPOS="783" WIDTH="268" HEIGHT="46" WC="0.96" CONTENT="förordningen"/><SP WIDTH="39" VPOS="783" HPOS="1380"/>
							<String ID="string_114" HPOS="1419" VPOS="783" WIDTH="72" HEIGHT="35" WC="0.96" CONTENT="den"/><SP WIDTH="33" VPOS="783" HPOS="1491"/>
							<String ID="string_115" HPOS="1524" VPOS="785" WIDTH="42" HEIGHT="33" WC="0.95" CONTENT="19"/><SP WIDTH="30" VPOS="785" HPOS="1566"/>
							<String ID="string_116" HPOS="1596" VPOS="795" WIDTH="99" HEIGHT="23" WC="0.95" CONTENT="mars"/><SP WIDTH="30" VPOS="795" HPOS="1695"/>
							<String ID="string_117" HPOS="1725" VPOS="785" WIDTH="94" HEIGHT="34" WC="0.95" CONTENT="1875"/><SP WIDTH="30" VPOS="785" HPOS="1819"/>
							<String ID="string_118" HPOS="1849" VPOS="782" WIDTH="63" HEIGHT="35" WC="0.92" CONTENT="vid"/><SP WIDTH="28" VPOS="782" HPOS="1912"/>
							<String ID="string_119" HPOS="1940" VPOS="781" WIDTH="96" HEIGHT="35" WC="0.89" CONTENT="före-"/>
						</TextLine>
						<TextLine ID="line_12" HPOS="429" VPOS="828" WIDTH="1606" HEIGHT="50">
							<String ID="string_120" HPOS="429" VPOS="835" WIDTH="226" HEIGHT="35" WC="0.91" CONTENT="kommande"/><SP WIDTH="41" VPOS="835" HPOS="655"/>
							<String ID="string_121" HPOS="696" VPOS="833" WIDTH="197" HEIGHT="37" WC="0.91" CONTENT="kolerafall"/><SP WIDTH="42" VPOS="833" HPOS="893"/>
							<String ID="string_122" HPOS="935" VPOS="834" WIDTH="90" HEIGHT="35" WC="0.96" CONTENT="böra"/><SP WIDTH="41" VPOS="834" HPOS="1025"/>
							<String ID="string_123" HPOS="1066" VPOS="833" WIDTH="179" HEIGHT="36" WC="0.95" CONTENT="anordna."/><SP WIDTH="55" VPOS="833" HPOS="1245"/>
							<String ID="string_124" HPOS="1300" VPOS="832" WIDTH="141" HEIGHT="37" WC="0.83" CONTENT="Sådant"/><SP WIDTH="37" VPOS="832" HPOS="1441"/>
							<String ID="string_125" HPOS="1478" VPOS="837" WIDTH="41" HEIGHT="31" WC="0.96" CONTENT="är"/><SP WIDTH="37" VPOS="837" HPOS="1519"/>
							<String ID="string_126" HPOS="1556" VPOS="833" WIDTH="115" HEIGHT="35" WC="0.96" CONTENT="redan"/><SP WIDTH="36" VPOS="833" HPOS="1671"/>
							<String ID="string_127" HPOS="1707" VPOS="834" WIDTH="10" HEIGHT="34" WC="0.96" CONTENT="i"/><SP WIDTH="30" VPOS="834" HPOS="1717"/>
							<String ID="string_128" HPOS="1747" VPOS="835" WIDTH="45" HEIGHT="34" WC="0.92" CONTENT="32"/><SP WIDTH="31" VPOS="835" HPOS="1792"/>
							<String ID="string_129" HPOS="1823" VPOS="828" WIDTH="20" HEIGHT="50" WC="0.92" CONTENT="$"/><SP WIDTH="29" VPOS="828" HPOS="1843"/>
							<String ID="string_130" HPOS="1872" VPOS="835" WIDTH="20" HEIGHT="33" WC="0.95" CONTENT="3"/><SP WIDTH="30" VPOS="835" HPOS="1892"/>
							<String ID="string_131" HPOS="1922" VPOS="844" WIDTH="113" HEIGHT="23" WC="0.96" CONTENT="mom."/>
						</TextLine>
						<TextLine ID="line_13" HPOS="429" VPOS="881" WIDTH="1608" HEIGHT="52">
							<String ID="string_132" HPOS="429" VPOS="885" WIDTH="384" HEIGHT="48" WC="0.92" CONTENT="helsovårdsstadgan"/><SP WIDTH="43" VPOS="885" HPOS="813"/>
							<String ID="string_133" HPOS="856" VPOS="885" WIDTH="128" HEIGHT="47" WC="0.91" CONTENT="ålagdt"/><SP WIDTH="29" VPOS="885" HPOS="984"/>
							<String ID="string_134" HPOS="1013" VPOS="884" WIDTH="234" HEIGHT="36" WC="0.91" CONTENT="helsovårds-"/><SP WIDTH="29" VPOS="884" HPOS="1247"/>
							<String ID="string_135" HPOS="1276" VPOS="884" WIDTH="69" HEIGHT="35" WC="0.92" CONTENT="och"/><SP WIDTH="30" VPOS="884" HPOS="1345"/>
							<String ID="string_136" HPOS="1375" VPOS="883" WIDTH="467" HEIGHT="43" WC="0.91" CONTENT="kommunalnämnderna."/><SP WIDTH="54" VPOS="883" HPOS="1842"/>
							<String ID="string_137" HPOS="1896" VPOS="881" WIDTH="141" HEIGHT="36" WC="0.78" CONTENT="Härför"/>
						</TextLine>
						<TextLine ID="line_14" HPOS="429" VPOS="934" WIDTH="1608" HEIGHT="51">
							<String ID="string_138" HPOS="429" VPOS="949" WIDTH="112" HEIGHT="36" WC="0.96" CONTENT="synes"/><SP WIDTH="30" VPOS="949" HPOS="541"/>
							<String ID="string_139" HPOS="571" VPOS="936" WIDTH="131" HEIGHT="35" WC="0.96" CONTENT="endast"/><SP WIDTH="28" VPOS="936" HPOS="702"/>
							<String ID="string_140" HPOS="730" VPOS="948" WIDTH="89" HEIGHT="23" WC="0.91" CONTENT="vara"/><SP WIDTH="19" VPOS="948" HPOS="819"/>
							<String ID="string_141" HPOS="838" VPOS="935" WIDTH="145" HEIGHT="48" WC="0.91" CONTENT="nödigt,"/><SP WIDTH="21" VPOS="935" HPOS="983"/>
							<String ID="string_142" HPOS="1004" VPOS="942" WIDTH="56" HEIGHT="28" WC="0.96" CONTENT="att"/><SP WIDTH="20" VPOS="942" HPOS="1060"/>
							<String ID="string_143" HPOS="1080" VPOS="935" WIDTH="226" HEIGHT="35" WC="0.96" CONTENT="kommunen"/><SP WIDTH="22" VPOS="935" HPOS="1306"/>
							<String ID="string_144" HPOS="1328" VPOS="938" WIDTH="46" HEIGHT="43" WC="0.96" CONTENT="på"/><SP WIDTH="19" VPOS="938" HPOS="1374"/>
							<String ID="string_145" HPOS="1393" VPOS="934" WIDTH="162" HEIGHT="35" WC="0.96" CONTENT="förhand"/><SP WIDTH="22" VPOS="934" HPOS="1555"/>
							<String ID="string_146" HPOS="1577" VPOS="934" WIDTH="240" HEIGHT="43" WC="0.96" CONTENT="bestämmer,"/><SP WIDTH="20" VPOS="934" HPOS="1817"/>
							<String ID="string_147" HPOS="1837" VPOS="939" WIDTH="55" HEIGHT="30" WC="0.96" CONTENT="att"/><SP WIDTH="19" VPOS="939" HPOS="1892"/>
							<String ID="string_148" HPOS="1911" VPOS="936" WIDTH="126" HEIGHT="44" WC="0.96" CONTENT="någon"/>
						</TextLine>
						<TextLine ID="line_15" HPOS="430" VPOS="979" WIDTH="1607" HEIGHT="54">
							<String ID="string_149" HPOS="430" VPOS="987" WIDTH="217" HEIGHT="36" WC="0.96" CONTENT="densamma"/><SP WIDTH="27" VPOS="987" HPOS="647"/>
							<String ID="string_150" HPOS="674" VPOS="986" WIDTH="173" HEIGHT="47" WC="0.96" CONTENT="tillhörig"/><SP WIDTH="28" VPOS="986" HPOS="847"/>
							<String ID="string_151" HPOS="875" VPOS="985" WIDTH="190" HEIGHT="48" WC="0.96" CONTENT="byggnad,"/><SP WIDTH="20" VPOS="985" HPOS="1065"/>
							<String ID="string_152" HPOS="1085" VPOS="988" WIDTH="123" HEIGHT="33" WC="0.93" CONTENT="såsom"/><SP WIDTH="22" VPOS="988" HPOS="1208"/>
							<String ID="string_153" HPOS="1230" VPOS="992" WIDTH="25" HEIGHT="28" WC="0.92" CONTENT="t."/><SP WIDTH="27" VPOS="992" HPOS="1255"/>
							<String ID="string_154" HPOS="1282" VPOS="998" WIDTH="57" HEIGHT="22" WC="0.96" CONTENT="ex."/><SP WIDTH="30" VPOS="998" HPOS="1339"/>
							<String ID="string_155" HPOS="1369" VPOS="991" WIDTH="55" HEIGHT="29" WC="0.96" CONTENT="ett"/><SP WIDTH="27" VPOS="991" HPOS="1424"/>
							<String ID="string_156" HPOS="1451" VPOS="985" WIDTH="157" HEIGHT="35" WC="0.96" CONTENT="skolhus"/><SP WIDTH="29" VPOS="985" HPOS="1608"/>
							<String ID="string_157" HPOS="1637" VPOS="979" WIDTH="100" HEIGHT="40" WC="0.96" CONTENT="eller"/><SP WIDTH="21" VPOS="979" HPOS="1737"/>
							<String ID="string_158" HPOS="1758" VPOS="991" WIDTH="55" HEIGHT="28" WC="0.96" CONTENT="ett"/><SP WIDTH="28" VPOS="991" HPOS="1813"/>
							<String ID="string_159" HPOS="1841" VPOS="983" WIDTH="196" HEIGHT="48" WC="0.96" CONTENT="fattighus,"/>
						</TextLine>
						<TextLine ID="line_16" HPOS="430" VPOS="1033" WIDTH="1609" HEIGHT="49">
							<String ID="string_160" HPOS="430" VPOS="1037" WIDTH="95" HEIGHT="36" WC="0.96" CONTENT="skall"/><SP WIDTH="29" VPOS="1037" HPOS="525"/>
							<String ID="string_161" HPOS="554" VPOS="1037" WIDTH="63" HEIGHT="36" WC="0.93" CONTENT="vid"/><SP WIDTH="27" VPOS="1037" HPOS="617"/>
							<String ID="string_162" HPOS="644" VPOS="1036" WIDTH="247" HEIGHT="36" WC="0.90" CONTENT="förefallande"/><SP WIDTH="28" VPOS="1036" HPOS="891"/>
							<String ID="string_163" HPOS="919" VPOS="1036" WIDTH="120" HEIGHT="36" WC="0.92" CONTENT="behof"/><SP WIDTH="24" VPOS="1036" HPOS="1039"/>
							<String ID="string_164" HPOS="1063" VPOS="1036" WIDTH="189" HEIGHT="35" WC="0.96" CONTENT="användas"/><SP WIDTH="28" VPOS="1036" HPOS="1252"/>
							<String ID="string_165" HPOS="1280" VPOS="1035" WIDTH="58" HEIGHT="35" WC="0.96" CONTENT="till"/><SP WIDTH="27" VPOS="1035" HPOS="1338"/>
							<String ID="string_166" HPOS="1365" VPOS="1036" WIDTH="201" HEIGHT="46" WC="0.96" CONTENT="sjukstuga"/><SP WIDTH="26" VPOS="1036" HPOS="1566"/>
							<String ID="string_167" HPOS="1592" VPOS="1035" WIDTH="94" HEIGHT="35" WC="0.95" CONTENT="eller"/><SP WIDTH="20" VPOS="1035" HPOS="1686"/>
							<String ID="string_168" HPOS="1706" VPOS="1035" WIDTH="69" HEIGHT="35" WC="0.96" CONTENT="ock"/><SP WIDTH="21" VPOS="1035" HPOS="1775"/>
							<String ID="string_169" HPOS="1796" VPOS="1033" WIDTH="131" HEIGHT="37" WC="0.93" CONTENT="träffar"/><SP WIDTH="18" VPOS="1033" HPOS="1927"/>
							<String ID="string_170" HPOS="1945" VPOS="1033" WIDTH="94" HEIGHT="36" WC="0.92" CONTENT="aftal"/>
						</TextLine>
						<TextLine ID="line_17" HPOS="430" VPOS="1084" WIDTH="1608" HEIGHT="51">
							<String ID="string_171" HPOS="430" VPOS="1101" WIDTH="61" HEIGHT="22" WC="0.96" CONTENT="om"/><SP WIDTH="30" VPOS="1101" HPOS="491"/>
							<String ID="string_172" HPOS="521" VPOS="1087" WIDTH="231" HEIGHT="48" WC="0.96" CONTENT="upplåtande"/><SP WIDTH="28" VPOS="1087" HPOS="752"/>
							<String ID="string_173" HPOS="780" VPOS="1087" WIDTH="63" HEIGHT="35" WC="0.93" CONTENT="vid"/><SP WIDTH="21" VPOS="1087" HPOS="843"/>
							<String ID="string_174" HPOS="864" VPOS="1085" WIDTH="248" HEIGHT="37" WC="0.92" CONTENT="förefallande"/><SP WIDTH="21" VPOS="1085" HPOS="1112"/>
							<String ID="string_175" HPOS="1133" VPOS="1085" WIDTH="116" HEIGHT="36" WC="0.93" CONTENT="behof"/><SP WIDTH="18" VPOS="1085" HPOS="1249"/>
							<String ID="string_176" HPOS="1267" VPOS="1085" WIDTH="39" HEIGHT="36" WC="0.96" CONTENT="af"/><SP WIDTH="17" VPOS="1085" HPOS="1306"/>
							<String ID="string_177" HPOS="1323" VPOS="1099" WIDTH="45" HEIGHT="22" WC="0.96" CONTENT="en"/><SP WIDTH="21" VPOS="1099" HPOS="1368"/>
							<String ID="string_178" HPOS="1389" VPOS="1086" WIDTH="58" HEIGHT="35" WC="0.96" CONTENT="till"/><SP WIDTH="20" VPOS="1086" HPOS="1447"/>
							<String ID="string_179" HPOS="1467" VPOS="1086" WIDTH="197" HEIGHT="47" WC="0.96" CONTENT="sjukstuga"/><SP WIDTH="21" VPOS="1086" HPOS="1664"/>
							<String ID="string_180" HPOS="1685" VPOS="1086" WIDTH="158" HEIGHT="46" WC="0.96" CONTENT="lämplig"/><SP WIDTH="18" VPOS="1086" HPOS="1843"/>
							<String ID="string_181" HPOS="1861" VPOS="1084" WIDTH="177" HEIGHT="48" WC="0.96" CONTENT="byggnad"/>
						</TextLine>
						<TextLine ID="line_18" HPOS="432" VPOS="1134" WIDTH="1608" HEIGHT="48">
							<String ID="string_182" HPOS="432" VPOS="1138" WIDTH="194" HEIGHT="36" WC="0.96" CONTENT="äfvensom"/><SP WIDTH="37" VPOS="1138" HPOS="626"/>
							<String ID="string_183" HPOS="663" VPOS="1136" WIDTH="132" HEIGHT="37" WC="0.93" CONTENT="träffar"/><SP WIDTH="36" VPOS="1136" HPOS="795"/>
							<String ID="string_184" HPOS="831" VPOS="1136" WIDTH="92" HEIGHT="36" WC="0.92" CONTENT="aftal"/><SP WIDTH="38" VPOS="1136" HPOS="923"/>
							<String ID="string_185" HPOS="961" VPOS="1150" WIDTH="60" HEIGHT="22" WC="0.93" CONTENT="om"/><SP WIDTH="35" VPOS="1150" HPOS="1021"/>
							<String ID="string_186" HPOS="1056" VPOS="1136" WIDTH="360" HEIGHT="36" WC="0.87" CONTENT="tillhandahållande"/><SP WIDTH="29" VPOS="1136" HPOS="1416"/>
							<String ID="string_187" HPOS="1445" VPOS="1137" WIDTH="63" HEIGHT="34" WC="0.93" CONTENT="vid"/><SP WIDTH="30" VPOS="1137" HPOS="1508"/>
							<String ID="string_188" HPOS="1538" VPOS="1135" WIDTH="119" HEIGHT="37" WC="0.92" CONTENT="behof"/><SP WIDTH="23" VPOS="1135" HPOS="1657"/>
							<String ID="string_189" HPOS="1680" VPOS="1135" WIDTH="40" HEIGHT="36" WC="0.96" CONTENT="af"/><SP WIDTH="24" VPOS="1135" HPOS="1720"/>
							<String ID="string_190" HPOS="1744" VPOS="1136" WIDTH="139" HEIGHT="46" WC="0.92" CONTENT="nödiga"/><SP WIDTH="28" VPOS="1136" HPOS="1883"/>
							<String ID="string_191" HPOS="1911" VPOS="1134" WIDTH="129" HEIGHT="36" WC="0.92" CONTENT="utred-"/>
						</TextLine>
						<TextLine ID="line_19" HPOS="430" VPOS="1186" WIDTH="1609" HEIGHT="50">
							<String ID="string_192" HPOS="430" VPOS="1188" WIDTH="318" HEIGHT="48" WC="0.91" CONTENT="ningspersedlar."/><SP WIDTH="55" VPOS="1188" HPOS="748"/>
							<String ID="string_193" HPOS="803" VPOS="1187" WIDTH="108" HEIGHT="36" WC="0.94" CONTENT="Hvad"/><SP WIDTH="25" VPOS="1187" HPOS="911"/>
							<String ID="string_194" HPOS="936" VPOS="1191" WIDTH="117" HEIGHT="44" WC="0.96" CONTENT="angår"/><SP WIDTH="28" VPOS="1191" HPOS="1053"/>
							<String ID="string_195" HPOS="1081" VPOS="1187" WIDTH="248" HEIGHT="35" WC="0.95" CONTENT="användande"/><SP WIDTH="29" VPOS="1187" HPOS="1329"/>
							<String ID="string_196" HPOS="1358" VPOS="1186" WIDTH="40" HEIGHT="36" WC="0.94" CONTENT="af"/><SP WIDTH="24" VPOS="1186" HPOS="1398"/>
							<String ID="string_197" HPOS="1422" VPOS="1187" WIDTH="158" HEIGHT="35" WC="0.96" CONTENT="skolhus"/><SP WIDTH="28" VPOS="1187" HPOS="1580"/>
							<String ID="string_198" HPOS="1608" VPOS="1187" WIDTH="59" HEIGHT="35" WC="0.91" CONTENT="till"/><SP WIDTH="29" VPOS="1187" HPOS="1667"/>
							<String ID="string_199" HPOS="1696" VPOS="1186" WIDTH="343" HEIGHT="47" WC="0.91" CONTENT="kolerasjukstuga,"/>
						</TextLine>
						<TextLine ID="line_20" HPOS="430" VPOS="1236" WIDTH="1609" HEIGHT="46">
							<String ID="string_200" HPOS="430" VPOS="1240" WIDTH="102" HEIGHT="35" WC="0.96" CONTENT="lärer"/><SP WIDTH="39" VPOS="1240" HPOS="532"/>
							<String ID="string_201" HPOS="571" VPOS="1239" WIDTH="133" HEIGHT="35" WC="0.96" CONTENT="hinder"/><SP WIDTH="37" VPOS="1239" HPOS="704"/>
							<String ID="string_202" HPOS="741" VPOS="1238" WIDTH="127" HEIGHT="36" WC="0.96" CONTENT="derför"/><SP WIDTH="36" VPOS="1238" HPOS="868"/>
							<String ID="string_203" HPOS="904" VPOS="1238" WIDTH="86" HEIGHT="35" WC="0.96" CONTENT="dess"/><SP WIDTH="39" VPOS="1238" HPOS="990"/>
							<String ID="string_204" HPOS="1029" VPOS="1238" WIDTH="144" HEIGHT="35" WC="0.96" CONTENT="mindre"/><SP WIDTH="37" VPOS="1238" HPOS="1173"/>
							<String ID="string_205" HPOS="1210" VPOS="1238" WIDTH="126" HEIGHT="34" WC="0.96" CONTENT="kunna"/><SP WIDTH="32" VPOS="1238" HPOS="1336"/>
							<String ID="string_206" HPOS="1368" VPOS="1244" WIDTH="103" HEIGHT="29" WC="0.96" CONTENT="möta"/><SP WIDTH="28" VPOS="1244" HPOS="1471"/>
							<String ID="string_207" HPOS="1499" VPOS="1250" WIDTH="80" HEIGHT="23" WC="0.95" CONTENT="som"/><SP WIDTH="29" VPOS="1250" HPOS="1579"/>
							<String ID="string_208" HPOS="1608" VPOS="1237" WIDTH="319" HEIGHT="45" WC="0.93" CONTENT="undervisningen"/><SP WIDTH="31" VPOS="1237" HPOS="1927"/>
							<String ID="string_209" HPOS="1958" VPOS="1236" WIDTH="81" HEIGHT="35" WC="0.91" CONTENT="der-"/>
						</TextLine>
						<TextLine ID="line_21" HPOS="430" VPOS="1286" WIDTH="1611" HEIGHT="49">
							<String ID="string_210" HPOS="430" VPOS="1290" WIDTH="141" HEIGHT="44" WC="0.91" CONTENT="städes,"/><SP WIDTH="29" VPOS="1290" HPOS="571"/>
							<String ID="string_211" HPOS="600" VPOS="1290" WIDTH="47" HEIGHT="35" WC="0.92" CONTENT="då"/><SP WIDTH="27" VPOS="1290" HPOS="647"/>
							<String ID="string_212" HPOS="674" VPOS="1289" WIDTH="168" HEIGHT="36" WC="0.91" CONTENT="farsoten"/><SP WIDTH="29" VPOS="1289" HPOS="842"/>
							<String ID="string_213" HPOS="871" VPOS="1289" WIDTH="179" HEIGHT="44" WC="0.96" CONTENT="utbrutit,"/><SP WIDTH="29" VPOS="1289" HPOS="1050"/>
							<String ID="string_214" HPOS="1079" VPOS="1288" WIDTH="108" HEIGHT="36" WC="0.96" CONTENT="torde"/><SP WIDTH="29" VPOS="1288" HPOS="1187"/>
							<String ID="string_215" HPOS="1216" VPOS="1288" WIDTH="90" HEIGHT="35" WC="0.96" CONTENT="böra"/><SP WIDTH="29" VPOS="1288" HPOS="1306"/>
							<String ID="string_216" HPOS="1335" VPOS="1287" WIDTH="56" HEIGHT="35" WC="0.96" CONTENT="för"/><SP WIDTH="20" VPOS="1287" HPOS="1391"/>
							<String ID="string_217" HPOS="1411" VPOS="1291" WIDTH="123" HEIGHT="44" WC="0.96" CONTENT="någon"/><SP WIDTH="22" VPOS="1291" HPOS="1534"/>
							<String ID="string_218" HPOS="1556" VPOS="1287" WIDTH="55" HEIGHT="36" WC="0.96" CONTENT="tid"/><SP WIDTH="20" VPOS="1287" HPOS="1611"/>
							<String ID="string_219" HPOS="1631" VPOS="1288" WIDTH="180" HEIGHT="35" WC="0.96" CONTENT="inställas."/><SP WIDTH="41" VPOS="1288" HPOS="1811"/>
							<String ID="string_220" HPOS="1852" VPOS="1286" WIDTH="109" HEIGHT="36" WC="0.90" CONTENT="Hvad"/><SP WIDTH="21" VPOS="1286" HPOS="1961"/>
							<String ID="string_221" HPOS="1982" VPOS="1292" WIDTH="59" HEIGHT="29" WC="0.90" CONTENT="ut-"/>
						</TextLine>
						<TextLine ID="line_22" HPOS="430" VPOS="1337" WIDTH="1609" HEIGHT="48">
							<String ID="string_222" HPOS="430" VPOS="1341" WIDTH="145" HEIGHT="35" WC="0.96" CONTENT="skottet"/><SP WIDTH="40" VPOS="1341" HPOS="575"/>
							<String ID="string_223" HPOS="615" VPOS="1340" WIDTH="145" HEIGHT="35" WC="0.96" CONTENT="således"/><SP WIDTH="41" VPOS="1340" HPOS="760"/>
							<String ID="string_224" HPOS="801" VPOS="1352" WIDTH="107" HEIGHT="23" WC="0.95" CONTENT="anser"/><SP WIDTH="36" VPOS="1352" HPOS="908"/>
							<String ID="string_225" HPOS="944" VPOS="1339" WIDTH="140" HEIGHT="46" WC="0.96" CONTENT="skäligt"/><SP WIDTH="36" VPOS="1339" HPOS="1084"/>
							<String ID="string_226" HPOS="1120" VPOS="1339" WIDTH="69" HEIGHT="35" WC="0.96" CONTENT="och"/><SP WIDTH="34" VPOS="1339" HPOS="1189"/>
							<String ID="string_227" HPOS="1223" VPOS="1338" WIDTH="86" HEIGHT="36" WC="0.93" CONTENT="med"/><SP WIDTH="30" VPOS="1338" HPOS="1309"/>
							<String ID="string_228" HPOS="1339" VPOS="1338" WIDTH="380" HEIGHT="47" WC="0.92" CONTENT="helsovårdsstadgan"/><SP WIDTH="30" VPOS="1338" HPOS="1719"/>
							<String ID="string_229" HPOS="1749" VPOS="1337" WIDTH="290" HEIGHT="36" WC="0.91" CONTENT="öfverensstäm-"/>
						</TextLine>
						<TextLine ID="line_23" HPOS="431" VPOS="1388" WIDTH="1609" HEIGHT="50">
							<String ID="string_230" HPOS="431" VPOS="1391" WIDTH="136" HEIGHT="36" WC="0.96" CONTENT="mande"/><SP WIDTH="37" VPOS="1391" HPOS="567"/>
							<String ID="string_231" HPOS="604" VPOS="1403" WIDTH="110" HEIGHT="35" WC="0.96" CONTENT="synes"/><SP WIDTH="37" VPOS="1403" HPOS="714"/>
							<String ID="string_232" HPOS="751" VPOS="1391" WIDTH="11" HEIGHT="34" WC="0.96" CONTENT="i"/><SP WIDTH="30" VPOS="1391" HPOS="762"/>
							<String ID="string_233" HPOS="792" VPOS="1390" WIDTH="65" HEIGHT="36" WC="0.96" CONTENT="det"/><SP WIDTH="27" VPOS="1390" HPOS="857"/>
							<String ID="string_234" HPOS="884" VPOS="1397" WIDTH="188" HEIGHT="28" WC="0.95" CONTENT="närmaste"/><SP WIDTH="29" VPOS="1397" HPOS="1072"/>
							<String ID="string_235" HPOS="1101" VPOS="1389" WIDTH="258" HEIGHT="35" WC="0.96" CONTENT="sammanfalla"/><SP WIDTH="28" VPOS="1389" HPOS="1359"/>
							<String ID="string_236" HPOS="1387" VPOS="1389" WIDTH="86" HEIGHT="35" WC="0.96" CONTENT="med"/><SP WIDTH="31" VPOS="1389" HPOS="1473"/>
							<String ID="string_237" HPOS="1504" VPOS="1389" WIDTH="96" HEIGHT="36" WC="0.93" CONTENT="hvad"/><SP WIDTH="31" VPOS="1389" HPOS="1600"/>
							<String ID="string_238" HPOS="1631" VPOS="1388" WIDTH="409" HEIGHT="48" WC="0.91" CONTENT="medicinalstyrelsens"/>
						</TextLine>
						<TextLine ID="line_24" HPOS="431" VPOS="1438" WIDTH="1607" HEIGHT="51">
							<String ID="string_239" HPOS="431" VPOS="1441" WIDTH="196" HEIGHT="48" WC="0.92" CONTENT="afdelning"/><SP WIDTH="28" VPOS="1441" HPOS="627"/>
							<String ID="string_240" HPOS="655" VPOS="1440" WIDTH="58" HEIGHT="36" WC="0.92" CONTENT="för"/><SP WIDTH="28" VPOS="1440" HPOS="713"/>
							<String ID="string_241" HPOS="741" VPOS="1439" WIDTH="299" HEIGHT="37" WC="0.91" CONTENT="kolerafarsoten"/><SP WIDTH="30" VPOS="1439" HPOS="1040"/>
							<String ID="string_242" HPOS="1070" VPOS="1446" WIDTH="123" HEIGHT="30" WC="0.96" CONTENT="ansett"/><SP WIDTH="24" VPOS="1446" HPOS="1193"/>
							<String ID="string_243" HPOS="1217" VPOS="1440" WIDTH="62" HEIGHT="47" WC="0.96" CONTENT="sig"/><SP WIDTH="20" VPOS="1440" HPOS="1279"/>
							<String ID="string_244" HPOS="1299" VPOS="1440" WIDTH="125" HEIGHT="35" WC="0.93" CONTENT="kunna"/><SP WIDTH="20" VPOS="1440" HPOS="1424"/>
							<String ID="string_245" HPOS="1444" VPOS="1438" WIDTH="190" HEIGHT="48" WC="0.91" CONTENT="medgifva"/><SP WIDTH="19" VPOS="1438" HPOS="1634"/>
							<String ID="string_246" HPOS="1653" VPOS="1439" WIDTH="139" HEIGHT="36" WC="0.91" CONTENT="»under"/><SP WIDTH="19" VPOS="1439" HPOS="1792"/>
							<String ID="string_247" HPOS="1811" VPOS="1438" WIDTH="58" HEIGHT="36" WC="0.96" CONTENT="för"/><SP WIDTH="20" VPOS="1438" HPOS="1869"/>
							<String ID="string_248" HPOS="1889" VPOS="1438" WIDTH="149" HEIGHT="35" WC="0.95" CONTENT="handen"/>
						</TextLine>
						<TextLine ID="line_25" HPOS="431" VPOS="1488" WIDTH="1557" HEIGHT="50">
							<String ID="string_249" HPOS="431" VPOS="1492" WIDTH="166" HEIGHT="36" WC="0.95" CONTENT="varande"/><SP WIDTH="29" VPOS="1492" HPOS="597"/>
							<String ID="string_250" HPOS="626" VPOS="1491" WIDTH="274" HEIGHT="45" WC="0.96" CONTENT="förhållanden,"/><SP WIDTH="30" VPOS="1491" HPOS="900"/>
							<String ID="string_251" HPOS="930" VPOS="1491" WIDTH="242" HEIGHT="47" WC="0.96" CONTENT="synnerligen"/><SP WIDTH="28" VPOS="1491" HPOS="1172"/>
							<String ID="string_252" HPOS="1200" VPOS="1490" WIDTH="67" HEIGHT="35" WC="0.96" CONTENT="der"/><SP WIDTH="28" VPOS="1490" HPOS="1267"/>
							<String ID="string_253" HPOS="1295" VPOS="1490" WIDTH="227" HEIGHT="35" WC="0.95" CONTENT="kommunen"/><SP WIDTH="31" VPOS="1490" HPOS="1522"/>
							<String ID="string_254" HPOS="1553" VPOS="1497" WIDTH="40" HEIGHT="28" WC="0.95" CONTENT="är"/><SP WIDTH="27" VPOS="1497" HPOS="1593"/>
							<String ID="string_255" HPOS="1620" VPOS="1490" WIDTH="93" HEIGHT="35" WC="0.96" CONTENT="liten"/><SP WIDTH="30" VPOS="1490" HPOS="1713"/>
							<String ID="string_256" HPOS="1743" VPOS="1489" WIDTH="71" HEIGHT="35" WC="0.96" CONTENT="och"/><SP WIDTH="33" VPOS="1489" HPOS="1814"/>
							<String ID="string_257" HPOS="1847" VPOS="1488" WIDTH="141" HEIGHT="47" WC="0.87" CONTENT="fattig»."/>
						</TextLine>
					</TextBlock>
					<TextBlock ID="block_3" HPOS="431" VPOS="1538" WIDTH="1611" HEIGHT="557">
						<TextLine ID="line_26" HPOS="531" VPOS="1538" WIDTH="1510" HEIGHT="49">
							<String ID="string_258" HPOS="531" VPOS="1541" WIDTH="76" HEIGHT="38" WC="0.96" CONTENT="Det"/><SP WIDTH="26" VPOS="1541" HPOS="607"/>
							<String ID="string_259" HPOS="633" VPOS="1542" WIDTH="109" HEIGHT="36" WC="0.96" CONTENT="torde"/><SP WIDTH="30" VPOS="1542" HPOS="742"/>
							<String ID="string_260" HPOS="772" VPOS="1542" WIDTH="82" HEIGHT="35" WC="0.96" CONTENT="icke"/><SP WIDTH="28" VPOS="1542" HPOS="854"/>
							<String ID="string_261" HPOS="882" VPOS="1541" WIDTH="93" HEIGHT="36" WC="0.93" CONTENT="böra"/><SP WIDTH="28" VPOS="1541" HPOS="975"/>
							<String ID="string_262" HPOS="1003" VPOS="1541" WIDTH="141" HEIGHT="35" WC="0.91" CONTENT="lemnas"/><SP WIDTH="28" VPOS="1541" HPOS="1144"/>
							<String ID="string_263" HPOS="1172" VPOS="1539" WIDTH="218" HEIGHT="48" WC="0.91" CONTENT="obeaktadt,"/><SP WIDTH="25" VPOS="1539" HPOS="1390"/>
							<String ID="string_264" HPOS="1415" VPOS="1546" WIDTH="56" HEIGHT="29" WC="0.96" CONTENT="att"/><SP WIDTH="20" VPOS="1546" HPOS="1471"/>
							<String ID="string_265" HPOS="1491" VPOS="1540" WIDTH="223" HEIGHT="35" WC="0.96" CONTENT="kommuner"/><SP WIDTH="20" VPOS="1540" HPOS="1714"/>
							<String ID="string_266" HPOS="1734" VPOS="1539" WIDTH="104" HEIGHT="35" WC="0.96" CONTENT="såväl"/><SP WIDTH="25" VPOS="1539" HPOS="1838"/>
							<String ID="string_267" HPOS="1863" VPOS="1539" WIDTH="56" HEIGHT="35" WC="0.93" CONTENT="till"/><SP WIDTH="25" VPOS="1539" HPOS="1919"/>
							<String ID="string_268" HPOS="1944" VPOS="1538" WIDTH="97" HEIGHT="36" WC="0.92" CONTENT="folk-"/>
						</TextLine>
						<TextLine ID="line_27" HPOS="432" VPOS="1589" WIDTH="1607" HEIGHT="51">
							<String ID="string_269" HPOS="432" VPOS="1593" WIDTH="139" HEIGHT="47" WC="0.96" CONTENT="mängd"/><SP WIDTH="38" VPOS="1593" HPOS="571"/>
							<String ID="string_270" HPOS="609" VPOS="1606" WIDTH="78" HEIGHT="22" WC="0.96" CONTENT="som"/><SP WIDTH="38" VPOS="1606" HPOS="687"/>
							<String ID="string_271" HPOS="725" VPOS="1592" WIDTH="154" HEIGHT="36" WC="0.96" CONTENT="område"/><SP WIDTH="37" VPOS="1592" HPOS="879"/>
							<String ID="string_272" HPOS="916" VPOS="1592" WIDTH="127" HEIGHT="35" WC="0.96" CONTENT="kunna"/><SP WIDTH="34" VPOS="1592" HPOS="1043"/>
							<String ID="string_273" HPOS="1077" VPOS="1604" WIDTH="88" HEIGHT="22" WC="0.96" CONTENT="vara"/><SP WIDTH="34" VPOS="1604" HPOS="1165"/>
							<String ID="string_274" HPOS="1199" VPOS="1589" WIDTH="40" HEIGHT="37" WC="0.96" CONTENT="af"/><SP WIDTH="25" VPOS="1589" HPOS="1239"/>
							<String ID="string_275" HPOS="1264" VPOS="1590" WIDTH="150" HEIGHT="48" WC="0.96" CONTENT="mycket"/><SP WIDTH="29" VPOS="1590" HPOS="1414"/>
							<String ID="string_276" HPOS="1443" VPOS="1590" WIDTH="100" HEIGHT="36" WC="0.96" CONTENT="olika"/><SP WIDTH="29" VPOS="1590" HPOS="1543"/>
							<String ID="string_277" HPOS="1572" VPOS="1590" WIDTH="154" HEIGHT="35" WC="0.96" CONTENT="storlek."/><SP WIDTH="55" VPOS="1590" HPOS="1726"/>
							<String ID="string_278" HPOS="1781" VPOS="1589" WIDTH="84" HEIGHT="36" WC="0.96" CONTENT="Med"/><SP WIDTH="30" VPOS="1589" HPOS="1865"/>
							<String ID="string_279" HPOS="1895" VPOS="1589" WIDTH="144" HEIGHT="47" WC="0.96" CONTENT="hänsyn"/>
						</TextLine>
						<TextLine ID="line_28" HPOS="431" VPOS="1639" WIDTH="1610" HEIGHT="49">
							<String ID="string_280" HPOS="431" VPOS="1644" WIDTH="61" HEIGHT="36" WC="0.93" CONTENT="till"/><SP WIDTH="28" VPOS="1644" HPOS="492"/>
							<String ID="string_281" HPOS="520" VPOS="1643" WIDTH="182" HEIGHT="36" WC="0.92" CONTENT="behofvet"/><SP WIDTH="28" VPOS="1643" HPOS="702"/>
							<String ID="string_282" HPOS="730" VPOS="1649" WIDTH="56" HEIGHT="30" WC="0.97" CONTENT="att"/><SP WIDTH="27" VPOS="1649" HPOS="786"/>
							<String ID="string_283" HPOS="813" VPOS="1642" WIDTH="145" HEIGHT="36" WC="0.96" CONTENT="fördela"/><SP WIDTH="30" VPOS="1642" HPOS="958"/>
							<String ID="string_284" HPOS="988" VPOS="1642" WIDTH="209" HEIGHT="36" WC="0.96" CONTENT="kostnaden"/><SP WIDTH="29" VPOS="1642" HPOS="1197"/>
							<String ID="string_285" HPOS="1226" VPOS="1640" WIDTH="59" HEIGHT="36" WC="0.96" CONTENT="för"/><SP WIDTH="29" VPOS="1640" HPOS="1285"/>
							<String ID="string_286" HPOS="1314" VPOS="1654" WIDTH="43" HEIGHT="22" WC="0.96" CONTENT="en"/><SP WIDTH="30" VPOS="1654" HPOS="1357"/>
							<String ID="string_287" HPOS="1387" VPOS="1641" WIDTH="198" HEIGHT="47" WC="0.93" CONTENT="sjukstuga"/><SP WIDTH="21" VPOS="1641" HPOS="1585"/>
							<String ID="string_288" HPOS="1606" VPOS="1644" WIDTH="20" HEIGHT="32" WC="0.91" CONTENT="å"/><SP WIDTH="20" VPOS="1644" HPOS="1626"/>
							<String ID="string_289" HPOS="1646" VPOS="1654" WIDTH="45" HEIGHT="21" WC="0.96" CONTENT="en"/><SP WIDTH="21" VPOS="1654" HPOS="1691"/>
							<String ID="string_290" HPOS="1712" VPOS="1641" WIDTH="32" HEIGHT="46" WC="0.96" CONTENT="ej"/><SP WIDTH="23" VPOS="1641" HPOS="1744"/>
							<String ID="string_291" HPOS="1767" VPOS="1639" WIDTH="57" HEIGHT="36" WC="0.96" CONTENT="för"/><SP WIDTH="20" VPOS="1639" HPOS="1824"/>
							<String ID="string_292" HPOS="1844" VPOS="1639" WIDTH="197" HEIGHT="48" WC="0.96" CONTENT="obetydlig"/>
						</TextLine>
						<TextLine ID="line_29" HPOS="433" VPOS="1690" WIDTH="1608" HEIGHT="52">
							<String ID="string_293" HPOS="433" VPOS="1694" WIDTH="233" HEIGHT="48" WC="0.96" CONTENT="folkmängd,"/><SP WIDTH="37" VPOS="1694" HPOS="666"/>
							<String ID="string_294" HPOS="703" VPOS="1693" WIDTH="110" HEIGHT="36" WC="0.96" CONTENT="torde"/><SP WIDTH="38" VPOS="1693" HPOS="813"/>
							<String ID="string_295" HPOS="851" VPOS="1693" WIDTH="65" HEIGHT="36" WC="0.96" CONTENT="det"/><SP WIDTH="36" VPOS="1693" HPOS="916"/>
							<String ID="string_296" HPOS="952" VPOS="1692" WIDTH="129" HEIGHT="36" WC="0.96" CONTENT="derför"/><SP WIDTH="37" VPOS="1692" HPOS="1081"/>
							<String ID="string_297" HPOS="1118" VPOS="1692" WIDTH="37" HEIGHT="36" WC="0.96" CONTENT="få"/><SP WIDTH="36" VPOS="1692" HPOS="1155"/>
							<String ID="string_298" HPOS="1191" VPOS="1704" WIDTH="107" HEIGHT="23" WC="0.93" CONTENT="anses"/><SP WIDTH="37" VPOS="1704" HPOS="1298"/>
							<String ID="string_299" HPOS="1335" VPOS="1691" WIDTH="208" HEIGHT="36" WC="0.91" CONTENT="önskvärdt"/><SP WIDTH="37" VPOS="1691" HPOS="1543"/>
							<String ID="string_300" HPOS="1580" VPOS="1698" WIDTH="66" HEIGHT="38" WC="0.96" CONTENT="att,"/><SP WIDTH="42" VPOS="1698" HPOS="1646"/>
							<String ID="string_301" HPOS="1688" VPOS="1691" WIDTH="243" HEIGHT="47" WC="0.95" CONTENT="synnerligen"/><SP WIDTH="43" VPOS="1691" HPOS="1931"/>
							<String ID="string_302" HPOS="1974" VPOS="1690" WIDTH="67" HEIGHT="35" WC="0.95" CONTENT="der"/>
						</TextLine>
						<TextLine ID="line_30" HPOS="434" VPOS="1740" WIDTH="1607" HEIGHT="49">
							<String ID="string_303" HPOS="434" VPOS="1746" WIDTH="275" HEIGHT="34" WC="0.96" CONTENT="kommunerna"/><SP WIDTH="29" VPOS="1746" HPOS="709"/>
							<String ID="string_304" HPOS="738" VPOS="1752" WIDTH="65" HEIGHT="28" WC="0.96" CONTENT="äro"/><SP WIDTH="29" VPOS="1752" HPOS="803"/>
							<String ID="string_305" HPOS="832" VPOS="1747" WIDTH="79" HEIGHT="33" WC="0.96" CONTENT="små"/><SP WIDTH="27" VPOS="1747" HPOS="911"/>
							<String ID="string_306" HPOS="938" VPOS="1744" WIDTH="60" HEIGHT="35" WC="0.96" CONTENT="till"/><SP WIDTH="28" VPOS="1744" HPOS="998"/>
							<String ID="string_307" HPOS="1026" VPOS="1743" WIDTH="171" HEIGHT="35" WC="0.96" CONTENT="området"/><SP WIDTH="27" VPOS="1743" HPOS="1197"/>
							<String ID="string_308" HPOS="1224" VPOS="1743" WIDTH="71" HEIGHT="35" WC="0.96" CONTENT="och"/><SP WIDTH="28" VPOS="1743" HPOS="1295"/>
							<String ID="string_309" HPOS="1323" VPOS="1741" WIDTH="271" HEIGHT="48" WC="0.96" CONTENT="folkmängden"/><SP WIDTH="29" VPOS="1741" HPOS="1594"/>
							<String ID="string_310" HPOS="1623" VPOS="1743" WIDTH="121" HEIGHT="46" WC="0.96" CONTENT="ringa,"/><SP WIDTH="22" VPOS="1743" HPOS="1744"/>
							<String ID="string_311" HPOS="1766" VPOS="1743" WIDTH="30" HEIGHT="45" WC="0.96" CONTENT="ej"/><SP WIDTH="24" VPOS="1743" HPOS="1796"/>
							<String ID="string_312" HPOS="1820" VPOS="1740" WIDTH="145" HEIGHT="47" WC="0.93" CONTENT="endast,"/><SP WIDTH="20" VPOS="1740" HPOS="1965"/>
							<String ID="string_313" HPOS="1985" VPOS="1743" WIDTH="56" HEIGHT="32" WC="0.92" CONTENT="så-"/>
						</TextLine>
						<TextLine ID="line_31" HPOS="433" VPOS="1790" WIDTH="1608" HEIGHT="52">
							<String ID="string_314" HPOS="433" VPOS="1808" WIDTH="81" HEIGHT="23" WC="0.93" CONTENT="som"/><SP WIDTH="29" VPOS="1808" HPOS="514"/>
							<String ID="string_315" HPOS="543" VPOS="1795" WIDTH="389" HEIGHT="47" WC="0.88" CONTENT="medicinalstyrelsen"/><SP WIDTH="25" VPOS="1795" HPOS="932"/>
							<String ID="string_316" HPOS="957" VPOS="1793" WIDTH="210" HEIGHT="47" WC="0.92" CONTENT="medgifvit,"/><SP WIDTH="21" VPOS="1793" HPOS="1167"/>
							<String ID="string_317" HPOS="1188" VPOS="1792" WIDTH="60" HEIGHT="36" WC="0.79" CONTENT="tvd"/><SP WIDTH="19" VPOS="1792" HPOS="1248"/>
							<String ID="string_318" HPOS="1267" VPOS="1800" WIDTH="90" HEIGHT="28" WC="0.96" CONTENT="utan"/><SP WIDTH="20" VPOS="1800" HPOS="1357"/>
							<String ID="string_319" HPOS="1377" VPOS="1793" WIDTH="110" HEIGHT="35" WC="0.96" CONTENT="äfven"/><SP WIDTH="10" VPOS="1793" HPOS="1487"/>
							<String ID="string_320" HPOS="1497" VPOS="1793" WIDTH="96" HEIGHT="48" WC="0.92" CONTENT="flera"/><SP WIDTH="19" VPOS="1793" HPOS="1593"/>
							<String ID="string_321" HPOS="1612" VPOS="1792" WIDTH="224" HEIGHT="35" WC="0.96" CONTENT="kommuner"/><SP WIDTH="18" VPOS="1792" HPOS="1836"/>
							<String ID="string_322" HPOS="1854" VPOS="1790" WIDTH="37" HEIGHT="36" WC="0.95" CONTENT="få"/><SP WIDTH="19" VPOS="1790" HPOS="1891"/>
							<String ID="string_323" HPOS="1910" VPOS="1790" WIDTH="131" HEIGHT="36" WC="0.96" CONTENT="förena"/>
						</TextLine>
						<TextLine ID="line_32" HPOS="433" VPOS="1842" WIDTH="1607" HEIGHT="51">
							<String ID="string_324" HPOS="433" VPOS="1847" WIDTH="58" HEIGHT="46" WC="0.96" CONTENT="sig"/><SP WIDTH="28" VPOS="1847" HPOS="491"/>
							<String ID="string_325" HPOS="519" VPOS="1858" WIDTH="61" HEIGHT="23" WC="0.93" CONTENT="om"/><SP WIDTH="29" VPOS="1858" HPOS="580"/>
							<String ID="string_326" HPOS="609" VPOS="1845" WIDTH="260" HEIGHT="36" WC="0.91" CONTENT="anordnandet"/><SP WIDTH="28" VPOS="1845" HPOS="869"/>
							<String ID="string_327" HPOS="897" VPOS="1844" WIDTH="39" HEIGHT="36" WC="0.96" CONTENT="af"/><SP WIDTH="25" VPOS="1844" HPOS="936"/>
							<String ID="string_328" HPOS="961" VPOS="1858" WIDTH="45" HEIGHT="22" WC="0.96" CONTENT="en"/><SP WIDTH="29" VPOS="1858" HPOS="1006"/>
							<String ID="string_329" HPOS="1035" VPOS="1844" WIDTH="57" HEIGHT="35" WC="0.96" CONTENT="för"/><SP WIDTH="28" VPOS="1844" HPOS="1092"/>
							<String ID="string_330" HPOS="1120" VPOS="1844" WIDTH="84" HEIGHT="35" WC="0.96" CONTENT="dem"/><SP WIDTH="29" VPOS="1844" HPOS="1204"/>
							<String ID="string_331" HPOS="1233" VPOS="1856" WIDTH="214" HEIGHT="34" WC="0.96" CONTENT="gemensam"/><SP WIDTH="29" VPOS="1856" HPOS="1447"/>
							<String ID="string_332" HPOS="1476" VPOS="1844" WIDTH="211" HEIGHT="47" WC="0.96" CONTENT="sjukstuga."/><SP WIDTH="51" VPOS="1844" HPOS="1687"/>
							<String ID="string_333" HPOS="1738" VPOS="1842" WIDTH="52" HEIGHT="35" WC="0.96" CONTENT="På"/><SP WIDTH="29" VPOS="1842" HPOS="1790"/>
							<String ID="string_334" HPOS="1819" VPOS="1842" WIDTH="64" HEIGHT="35" WC="0.96" CONTENT="det"/><SP WIDTH="28" VPOS="1842" HPOS="1883"/>
							<String ID="string_335" HPOS="1911" VPOS="1848" WIDTH="54" HEIGHT="29" WC="0.96" CONTENT="att"/><SP WIDTH="31" VPOS="1848" HPOS="1965"/>
							<String ID="string_336" HPOS="1996" VPOS="1854" WIDTH="44" HEIGHT="22" WC="0.96" CONTENT="en"/>
						</TextLine>
						<TextLine ID="line_33" HPOS="433" VPOS="1892" WIDTH="1609" HEIGHT="51">
							<String ID="string_337" HPOS="433" VPOS="1897" WIDTH="117" HEIGHT="35" WC="0.96" CONTENT="sådan"/><SP WIDTH="28" VPOS="1897" HPOS="550"/>
							<String ID="string_338" HPOS="578" VPOS="1895" WIDTH="176" HEIGHT="48" WC="0.96" CONTENT="förening"/><SP WIDTH="28" VPOS="1895" HPOS="754"/>
							<String ID="string_339" HPOS="782" VPOS="1896" WIDTH="31" HEIGHT="47" WC="0.96" CONTENT="ej"/><SP WIDTH="31" VPOS="1896" HPOS="813"/>
							<String ID="string_340" HPOS="844" VPOS="1899" WIDTH="58" HEIGHT="32" WC="0.96" CONTENT="må"/><SP WIDTH="28" VPOS="1899" HPOS="902"/>
							<String ID="string_341" HPOS="930" VPOS="1894" WIDTH="36" HEIGHT="36" WC="0.93" CONTENT="få"/><SP WIDTH="29" VPOS="1894" HPOS="966"/>
							<String ID="string_342" HPOS="995" VPOS="1894" WIDTH="141" HEIGHT="37" WC="0.93" CONTENT="drifvas"/><SP WIDTH="27" VPOS="1894" HPOS="1136"/>
							<String ID="string_343" HPOS="1163" VPOS="1894" WIDTH="58" HEIGHT="36" WC="0.96" CONTENT="för"/><SP WIDTH="28" VPOS="1894" HPOS="1221"/>
							<String ID="string_344" HPOS="1249" VPOS="1894" WIDTH="116" HEIGHT="46" WC="0.95" CONTENT="långt,"/><SP WIDTH="29" VPOS="1894" HPOS="1365"/>
							<String ID="string_345" HPOS="1394" VPOS="1894" WIDTH="99" HEIGHT="35" WC="0.96" CONTENT="lärer"/><SP WIDTH="28" VPOS="1894" HPOS="1493"/>
							<String ID="string_346" HPOS="1521" VPOS="1894" WIDTH="97" HEIGHT="35" WC="0.96" CONTENT="dock"/><SP WIDTH="29" VPOS="1894" HPOS="1618"/>
							<String ID="string_347" HPOS="1647" VPOS="1893" WIDTH="132" HEIGHT="46" WC="0.96" CONTENT="frågan"/><SP WIDTH="21" VPOS="1893" HPOS="1779"/>
							<String ID="string_348" HPOS="1800" VPOS="1893" WIDTH="129" HEIGHT="35" WC="0.96" CONTENT="derom"/><SP WIDTH="21" VPOS="1893" HPOS="1929"/>
							<String ID="string_349" HPOS="1950" VPOS="1892" WIDTH="92" HEIGHT="35" WC="0.96" CONTENT="böra"/>
						</TextLine>
						<TextLine ID="line_34" HPOS="434" VPOS="1942" WIDTH="1605" HEIGHT="52">
							<String ID="string_350" HPOS="434" VPOS="1954" WIDTH="111" HEIGHT="40" WC="0.96" CONTENT="göras"/><SP WIDTH="29" VPOS="1954" HPOS="545"/>
							<String ID="string_351" HPOS="574" VPOS="1946" WIDTH="190" HEIGHT="36" WC="0.95" CONTENT="beroende"/><SP WIDTH="29" VPOS="1946" HPOS="764"/>
							<String ID="string_352" HPOS="793" VPOS="1949" WIDTH="47" HEIGHT="44" WC="0.93" CONTENT="på"/><SP WIDTH="28" VPOS="1949" HPOS="840"/>
							<String ID="string_353" HPOS="868" VPOS="1945" WIDTH="411" HEIGHT="48" WC="0.90" CONTENT="medicinalstyrelsens"/><SP WIDTH="29" VPOS="1945" HPOS="1279"/>
							<String ID="string_354" HPOS="1308" VPOS="1944" WIDTH="117" HEIGHT="36" WC="0.95" CONTENT="bifall."/><SP WIDTH="55" VPOS="1944" HPOS="1425"/>
							<String ID="string_355" HPOS="1480" VPOS="1943" WIDTH="73" HEIGHT="37" WC="0.92" CONTENT="Att"/><SP WIDTH="29" VPOS="1943" HPOS="1553"/>
							<String ID="string_356" HPOS="1582" VPOS="1957" WIDTH="59" HEIGHT="22" WC="0.96" CONTENT="om"/><SP WIDTH="29" VPOS="1957" HPOS="1641"/>
							<String ID="string_357" HPOS="1670" VPOS="1957" WIDTH="44" HEIGHT="21" WC="0.96" CONTENT="en"/><SP WIDTH="30" VPOS="1957" HPOS="1714"/>
							<String ID="string_358" HPOS="1744" VPOS="1944" WIDTH="196" HEIGHT="46" WC="0.92" CONTENT="sjukstuga"/><SP WIDTH="28" VPOS="1944" HPOS="1940"/>
							<String ID="string_359" HPOS="1968" VPOS="1942" WIDTH="71" HEIGHT="35" WC="0.92" CONTENT="för-"/>
						</TextLine>
						<TextLine ID="line_35" HPOS="435" VPOS="1994" WIDTH="1604" HEIGHT="45">
							<String ID="string_360" HPOS="435" VPOS="2011" WIDTH="70" HEIGHT="22" WC="0.96" CONTENT="ena"/><SP WIDTH="28" VPOS="2011" HPOS="505"/>
							<String ID="string_361" HPOS="533" VPOS="2000" WIDTH="41" HEIGHT="33" WC="0.96" CONTENT="så"/><SP WIDTH="27" VPOS="2000" HPOS="574"/>
							<String ID="string_362" HPOS="601" VPOS="2004" WIDTH="96" HEIGHT="29" WC="0.96" CONTENT="stort"/><SP WIDTH="29" VPOS="2004" HPOS="697"/>
							<String ID="string_363" HPOS="726" VPOS="1996" WIDTH="154" HEIGHT="37" WC="0.96" CONTENT="område"/><SP WIDTH="29" VPOS="1996" HPOS="880"/>
							<String ID="string_364" HPOS="909" VPOS="2009" WIDTH="80" HEIGHT="23" WC="0.96" CONTENT="som"/><SP WIDTH="30" VPOS="2009" HPOS="989"/>
							<String ID="string_365" HPOS="1019" VPOS="2002" WIDTH="55" HEIGHT="29" WC="0.96" CONTENT="ett"/><SP WIDTH="29" VPOS="2002" HPOS="1074"/>
							<String ID="string_366" HPOS="1103" VPOS="1996" WIDTH="78" HEIGHT="35" WC="0.93" CONTENT="helt"/><SP WIDTH="27" VPOS="1996" HPOS="1181"/>
							<String ID="string_367" HPOS="1208" VPOS="1995" WIDTH="294" HEIGHT="44" WC="0.90" CONTENT="läkaredistrikt,"/><SP WIDTH="30" VPOS="1995" HPOS="1502"/>
							<String ID="string_368" HPOS="1532" VPOS="1995" WIDTH="108" HEIGHT="35" WC="0.96" CONTENT="torde"/><SP WIDTH="29" VPOS="1995" HPOS="1640"/>
							<String ID="string_369" HPOS="1669" VPOS="1994" WIDTH="96" HEIGHT="35" WC="0.96" CONTENT="dock"/><SP WIDTH="26" VPOS="1994" HPOS="1765"/>
							<String ID="string_370" HPOS="1791" VPOS="1994" WIDTH="94" HEIGHT="43" WC="0.96" CONTENT="icke,"/><SP WIDTH="32" VPOS="1994" HPOS="1885"/>
							<String ID="string_371" HPOS="1917" VPOS="2006" WIDTH="61" HEIGHT="22" WC="0.94" CONTENT="om"/><SP WIDTH="30" VPOS="2006" HPOS="1978"/>
							<String ID="string_372" HPOS="2008" VPOS="1994" WIDTH="31" HEIGHT="45" WC="0.95" CONTENT="ej"/>
						</TextLine>
						<TextLine ID="line_36" HPOS="434" VPOS="2047" WIDTH="711" HEIGHT="48">
							<String ID="string_373" HPOS="434" VPOS="2048" WIDTH="82" HEIGHT="36" WC="0.96" CONTENT="helt"/><SP WIDTH="29" VPOS="2048" HPOS="516"/>
							<String ID="string_374" HPOS="545" VPOS="2048" WIDTH="282" HEIGHT="47" WC="0.96" CONTENT="undantagsvis,"/><SP WIDTH="28" VPOS="2048" HPOS="827"/>
							<String ID="string_375" HPOS="855" VPOS="2047" WIDTH="75" HEIGHT="35" WC="0.95" CONTENT="låta"/><SP WIDTH="28" VPOS="2047" HPOS="930"/>
							<String ID="string_376" HPOS="958" VPOS="2047" WIDTH="57" HEIGHT="47" WC="0.95" CONTENT="sig"/><SP WIDTH="27" VPOS="2047" HPOS="1015"/>
							<String ID="string_377" HPOS="1042" VPOS="2053" WIDTH="103" HEIGHT="39" WC="0.95" CONTENT="göra."/>
						</TextLine>
					</TextBlock>
					<TextBlock ID="block_4" HPOS="435" VPOS="2093" WIDTH="1608" HEIGHT="205">
						<TextLine ID="line_37" HPOS="536" VPOS="2093" WIDTH="1506" HEIGHT="53">
							<String ID="string_378" HPOS="536" VPOS="2098" WIDTH="16" HEIGHT="36" WC="0.95" CONTENT="I"/><SP WIDTH="36" VPOS="2098" HPOS="552"/>
							<String ID="string_379" HPOS="588" VPOS="2098" WIDTH="105" HEIGHT="48" WC="0.96" CONTENT="fråga"/><SP WIDTH="37" VPOS="2098" HPOS="693"/>
							<String ID="string_380" HPOS="730" VPOS="2111" WIDTH="60" HEIGHT="22" WC="0.90" CONTENT="om"/><SP WIDTH="38" VPOS="2111" HPOS="790"/>
							<String ID="string_381" HPOS="828" VPOS="2097" WIDTH="235" HEIGHT="36" WC="0.90" CONTENT="anställande"/><SP WIDTH="34" VPOS="2097" HPOS="1063"/>
							<String ID="string_382" HPOS="1097" VPOS="2096" WIDTH="38" HEIGHT="36" WC="0.90" CONTENT="af"/><SP WIDTH="25" VPOS="2096" HPOS="1135"/>
							<String ID="string_383" HPOS="1160" VPOS="2096" WIDTH="397" HEIGHT="48" WC="0.90" CONTENT="sjukvårdsbetjening"/><SP WIDTH="28" VPOS="2096" HPOS="1557"/>
							<String ID="string_384" HPOS="1585" VPOS="2093" WIDTH="212" HEIGHT="49" WC="0.91" CONTENT="medgifver"/><SP WIDTH="28" VPOS="2093" HPOS="1797"/>
							<String ID="string_385" HPOS="1825" VPOS="2093" WIDTH="217" HEIGHT="36" WC="0.92" CONTENT="medicinal-"/>
						</TextLine>
						<TextLine ID="line_38" HPOS="438" VPOS="2145" WIDTH="1604" HEIGHT="51">
							<String ID="string_386" HPOS="438" VPOS="2149" WIDTH="200" HEIGHT="47" WC="0.96" CONTENT="styrelsen,"/><SP WIDTH="29" VPOS="2149" HPOS="638"/>
							<String ID="string_387" HPOS="667" VPOS="2155" WIDTH="56" HEIGHT="29" WC="0.96" CONTENT="att"/><SP WIDTH="28" VPOS="2155" HPOS="723"/>
							<String ID="string_388" HPOS="751" VPOS="2147" WIDTH="286" HEIGHT="37" WC="0.96" CONTENT="föreskrifterna"/><SP WIDTH="29" VPOS="2147" HPOS="1037"/>
							<String ID="string_389" HPOS="1066" VPOS="2147" WIDTH="127" HEIGHT="36" WC="0.96" CONTENT="derom"/><SP WIDTH="30" VPOS="2147" HPOS="1193"/>
							<String ID="string_390" HPOS="1223" VPOS="2147" WIDTH="36" HEIGHT="35" WC="0.96" CONTENT="få"/><SP WIDTH="29" VPOS="2147" HPOS="1259"/>
							<String ID="string_391" HPOS="1288" VPOS="2159" WIDTH="105" HEIGHT="23" WC="0.93" CONTENT="anses"/><SP WIDTH="28" VPOS="2159" HPOS="1393"/>
							<String ID="string_392" HPOS="1421" VPOS="2145" WIDTH="185" HEIGHT="49" WC="0.92" CONTENT="uppfylda"/><SP WIDTH="29" VPOS="2145" HPOS="1606"/>
							<String ID="string_393" HPOS="1635" VPOS="2149" WIDTH="46" HEIGHT="43" WC="0.96" CONTENT="på"/><SP WIDTH="28" VPOS="2149" HPOS="1681"/>
							<String ID="string_394" HPOS="1709" VPOS="2145" WIDTH="66" HEIGHT="35" WC="0.96" CONTENT="det"/><SP WIDTH="27" VPOS="2145" HPOS="1775"/>
							<String ID="string_395" HPOS="1802" VPOS="2151" WIDTH="86" HEIGHT="39" WC="0.96" CONTENT="sätt,"/><SP WIDTH="24" VPOS="2151" HPOS="1888"/>
							<String ID="string_396" HPOS="1912" VPOS="2149" WIDTH="56" HEIGHT="29" WC="0.96" CONTENT="att"/><SP WIDTH="28" VPOS="2149" HPOS="1968"/>
							<String ID="string_397" HPOS="1996" VPOS="2156" WIDTH="46" HEIGHT="22" WC="0.96" CONTENT="en"/>
						</TextLine>
						<TextLine ID="line_39" HPOS="435" VPOS="2193" WIDTH="1608" HEIGHT="53">
							<String ID="string_398" HPOS="435" VPOS="2199" WIDTH="63" HEIGHT="36" WC="0.96" CONTENT="vid"/><SP WIDTH="30" VPOS="2199" HPOS="498"/>
							<String ID="string_399" HPOS="528" VPOS="2199" WIDTH="177" HEIGHT="46" WC="0.96" CONTENT="sjukvård"/><SP WIDTH="30" VPOS="2199" HPOS="705"/>
							<String ID="string_400" HPOS="735" VPOS="2212" WIDTH="71" HEIGHT="22" WC="0.96" CONTENT="van"/><SP WIDTH="29" VPOS="2212" HPOS="806"/>
							<String ID="string_401" HPOS="835" VPOS="2211" WIDTH="135" HEIGHT="35" WC="0.93" CONTENT="person"/><SP WIDTH="30" VPOS="2211" HPOS="970"/>
							<String ID="string_402" HPOS="1000" VPOS="2197" WIDTH="160" HEIGHT="36" WC="0.92" CONTENT="vidtalas"/><SP WIDTH="28" VPOS="2197" HPOS="1160"/>
							<String ID="string_403" HPOS="1188" VPOS="2204" WIDTH="56" HEIGHT="29" WC="0.96" CONTENT="att"/><SP WIDTH="28" VPOS="2204" HPOS="1244"/>
							<String ID="string_404" HPOS="1272" VPOS="2203" WIDTH="79" HEIGHT="30" WC="0.96" CONTENT="mot"/><SP WIDTH="27" VPOS="2203" HPOS="1351"/>
							<String ID="string_405" HPOS="1378" VPOS="2200" WIDTH="124" HEIGHT="44" WC="0.96" CONTENT="någon"/><SP WIDTH="29" VPOS="2200" HPOS="1502"/>
							<String ID="string_406" HPOS="1531" VPOS="2196" WIDTH="106" HEIGHT="46" WC="0.96" CONTENT="ringa"/><SP WIDTH="30" VPOS="2196" HPOS="1637"/>
							<String ID="string_407" HPOS="1667" VPOS="2196" WIDTH="209" HEIGHT="45" WC="0.96" CONTENT="ersättning"/><SP WIDTH="28" VPOS="2196" HPOS="1876"/>
							<String ID="string_408" HPOS="1904" VPOS="2197" WIDTH="58" HEIGHT="32" WC="0.96" CONTENT="stå"/><SP WIDTH="22" VPOS="2197" HPOS="1962"/>
							<String ID="string_409" HPOS="1984" VPOS="2193" WIDTH="59" HEIGHT="35" WC="0.96" CONTENT="till"/>
						</TextLine>
						<TextLine ID="line_40" HPOS="436" VPOS="2243" WIDTH="1607" HEIGHT="55">
							<String ID="string_410" HPOS="436" VPOS="2250" WIDTH="226" HEIGHT="48" WC="0.96" CONTENT="disposition"/><SP WIDTH="30" VPOS="2250" HPOS="662"/>
							<String ID="string_411" HPOS="692" VPOS="2249" WIDTH="58" HEIGHT="36" WC="0.96" CONTENT="för"/><SP WIDTH="28" VPOS="2249" HPOS="750"/>
							<String ID="string_412" HPOS="778" VPOS="2255" WIDTH="57" HEIGHT="30" WC="0.96" CONTENT="att"/><SP WIDTH="28" VPOS="2255" HPOS="835"/>
							<String ID="string_413" HPOS="863" VPOS="2249" WIDTH="61" HEIGHT="37" WC="0.93" CONTENT="vid"/><SP WIDTH="29" VPOS="2249" HPOS="924"/>
							<String ID="string_414" HPOS="953" VPOS="2247" WIDTH="197" HEIGHT="37" WC="0.91" CONTENT="inträffadt"/><SP WIDTH="31" VPOS="2247" HPOS="1150"/>
							<String ID="string_415" HPOS="1181" VPOS="2247" WIDTH="197" HEIGHT="37" WC="0.92" CONTENT="kolerafall"/><SP WIDTH="27" VPOS="2247" HPOS="1378"/>
							<String ID="string_416" HPOS="1405" VPOS="2248" WIDTH="211" HEIGHT="47" WC="0.91" CONTENT="tjenstgöra"/><SP WIDTH="28" VPOS="2248" HPOS="1616"/>
							<String ID="string_417" HPOS="1644" VPOS="2253" WIDTH="80" HEIGHT="29" WC="0.96" CONTENT="mot"/><SP WIDTH="29" VPOS="2253" HPOS="1724"/>
							<String ID="string_418" HPOS="1753" VPOS="2243" WIDTH="172" HEIGHT="38" WC="0.93" CONTENT="bestämd"/><SP WIDTH="29" VPOS="2243" HPOS="1925"/>
							<String ID="string_419" HPOS="1954" VPOS="2243" WIDTH="89" HEIGHT="48" WC="0.92" CONTENT="dag-"/>
						</TextLine>
					</TextBlock>
				</ComposedBlock>
			</PrintSpace>
		</Page>
	</Layout>
</alto>
