1910 2852
602 190 231 29 Statsutskottets
856 192 147 28 utlåtande
1025 193 47 27 Nr
1102 194 62 28 188.
1593 194 37 30 21

131 275 67 21 som
217 264 123 33 hittills
358 266 195 38 uppehållas
571 266 89 32 intill
680 267 62 33 den
762 269 13 30 1
797 268 63 38 juli
880 269 94 38 1932,
994 269 104 33 ehuru
1116 270 408 39 förmyndarkammarens
1542 277 89 26 över-

130 315 215 34 skottsmedel
368 317 232 33 dessförinnan
622 318 167 38 indragas.
825 319 66 33 Vid
915 320 119 33 sådant
1057 321 210 33 förhållande
1289 333 95 21 anser
1406 323 57 37 jag
1486 323 52 31 för
1560 328 71 27 när-

130 368 145 32 varande
295 368 118 38 slutlig
432 369 161 38 ställning
611 369 73 33 icke
702 370 80 33 böra
801 373 94 35 tagas
916 372 53 31 till
991 372 119 37 frågan
1130 385 51 20 om
1202 373 201 40 försäljning
1423 386 41 20 av
1485 374 146 32 Mimers-

132 419 251 38 fastigheterna.
421 420 127 38 Kungl.
576 421 101 38 Maj:t
701 423 94 31 torde
822 423 132 32 därmed
982 435 112 21 senare
1120 424 79 33 böra
1225 425 131 32 förfara
1379 426 43 37 på
1448 427 68 31 sätt
1540 426 11 31 i
1577 438 55 20 an-

131 471 151 38 slutning
302 471 53 32 till
379 484 44 20 nu
445 473 140 32 anförda
607 473 210 38 synpunkter
838 474 108 33 finnes
968 475 203 38 lämpligast.
1207 476 114 32 Såsom
1344 477 151 38 framgår
1515 489 42 20 av
1579 478 53 32 det

131 523 208 38 föregående,
361 523 85 33 hava
469 524 208 33 Stockholms
698 525 309 39 stadsfullmäktige
1028 527 158 38 godkänt,
1209 530 49 30 att
1280 528 120 38 frågan
1421 528 11 32 i
1454 529 106 32 denna
1581 529 51 33 del

130 574 105 33 hålles
260 580 115 33 öppen.

187 626 76 33 Vad
296 627 104 38 angår
432 627 407 39 förmyndarkammarens
871 630 291 32 överskottsmedel
1194 633 87 30 samt
1313 632 73 32 dess
1417 632 216 37 garantifond

131 678 103 38 torde,
258 678 104 39 enligt
383 679 64 32 vad
468 679 58 38 jag
546 679 173 39 inhämtat,
742 680 116 32 chefen
880 681 53 32 för
952 681 401 40 justitiedepartementet,
1382 683 6 32 i
1407 683 156 33 händelse
1584 686 50 30 att

132 730 91 31 avtal
241 729 11 32 i
269 731 306 31 överenstämmelse
592 731 73 33 med
684 732 55 31 det
757 734 128 30 senaste
901 733 162 37 förslaget
1079 733 148 32 kommer
1244 734 53 32 till
1314 734 97 32 stånd
1429 735 72 32 med
1521 735 112 32 Stock-

132 781 106 32 holms
263 782 84 37 stad,
373 782 184 31 sedermera
579 782 105 33 väcka
709 783 127 38 förslag
860 796 51 19 om
936 784 139 32 berörda
1099 785 123 32 medels
1246 786 217 32 användande
1487 786 53 32 till
1565 786 69 38 gäl-

132 833 108 32 dande
256 844 41 20 av
314 833 90 32 löner
421 833 60 32 och
497 833 173 39 pensioner
686 835 34 31 åt
738 834 406 39 förmyndarkammarens
1161 836 210 38 tjänstemän.
1400 837 126 32 Vidare
1542 838 92 32 torde

133 884 11 31 i
170 884 159 33 samband
356 885 134 32 därmed
517 885 126 38 förslag
669 886 190 38 föreläggas
884 887 127 37 Kungl.
1039 887 100 38 Maj:t
1164 900 51 19 om
1243 889 215 32 meddelande
1484 900 41 21 av
1551 889 83 32 före-

134 936 139 31 skrifter
302 937 139 31 rörande
470 937 220 38 upphävande
721 949 40 20 av
792 938 256 33 föreskrifterna
1077 951 50 20 om
1158 939 436 39 bouppteckningsavgifter
1623 941 12 31 i

134 987 200 33 Stockholm.

188 1039 70 37 Jag
276 1039 59 31 vill
356 1039 12 32 i
388 1040 91 32 detta
499 1040 238 38 sammanhang
756 1041 168 38 anmärka,
947 1043 49 30 att
1016 1042 62 32 den
1099 1053 40 20 av
1159 1042 239 38 länsstyrelsen
1424 1043 5 31 i
1449 1043 186 32 Malmöhus

133 1091 56 31 län
211 1092 173 36 upptagna
406 1090 121 38 frågan
549 1103 51 20 om
623 1092 256 38 användningen
901 1104 41 20 av
965 1093 123 32 Malmö
1112 1093 230 38 barnhusfond
1363 1098 37 28 är
1422 1094 138 32 föremål
1584 1095 52 32 för

134 1141 179 38 utredning
335 1154 40 20 av
397 1143 167 32 allmänna
584 1142 198 33 barnhusets
804 1143 174 39 direktion,
1002 1156 67 20 som
1092 1145 112 32 därom
1227 1146 86 31 lärer
1333 1146 132 31 komma
1486 1148 50 30 att
1557 1151 80 33 göra

134 1193 260 38 framställning,
418 1194 36 31 så
477 1197 91 29 snart
590 1194 120 38 frågan
733 1207 51 19 om
808 1195 196 32 barnhusets
1027 1196 145 32 ändrade
1194 1196 211 33 verksamhet
1428 1202 37 27 är
1486 1197 148 38 avgjord.

190 1244 66 32 Till
277 1245 68 32 slut
364 1257 96 20 anser
477 1246 58 38 jag
554 1245 67 38 mig
641 1246 79 32 böra
740 1247 226 38 understryka
983 1247 193 38 betydelsen
1197 1260 41 20 av
1259 1250 51 30 att
1328 1248 121 38 frågan
1469 1261 51 20 om
1541 1249 94 32 barn-

134 1297 114 31 husets
274 1297 279 37 omorganisation
578 1297 72 32 icke
675 1297 115 33 vidare
814 1299 251 38 undanskjutes.
1105 1299 93 32 Skall
1227 1300 107 32 denna
1358 1300 279 38 omorganisation

135 1348 36 32 få
193 1348 138 38 åsyftad
355 1349 125 32 verkan
501 1351 50 30 att
572 1360 115 27 genom
711 1350 182 32 samarbete
915 1350 121 32 mellan
1059 1351 238 32 kommunerna
1319 1351 231 33 åstadkomma
1571 1352 65 32 för-

137 1400 154 32 bättrade
311 1400 59 32 och
390 1400 155 38 billigare
566 1401 224 37 anordningar
811 1402 19 31 å
848 1402 258 37 ifrågavarande
1127 1403 133 32 område
1282 1415 41 19 av
1343 1402 238 41 barnavården,
1604 1408 36 27 är

138 1452 55 31 det
213 1451 216 38 nödvändigt,
452 1454 50 29 att
524 1452 61 32 den
608 1452 55 32 får
683 1453 98 32 träda
801 1453 11 31 i
834 1453 103 38 kraft,
960 1452 100 33 innan
1080 1453 240 33 kommunerna
1342 1454 103 32 hinna
1466 1454 101 33 binda
1590 1455 51 37 sig

139 1503 52 31 för
215 1503 143 37 onödiga
381 1503 144 37 utgifter
549 1503 52 32 för
625 1515 84 26 egna
733 1504 233 38 dispositioner
990 1505 11 31 i
1026 1505 217 32 förevarande
1267 1505 194 33 hänseende.

194 1555 54 31 Av
274 1554 56 32 det
355 1554 199 38 föregående
579 1555 93 32 torde
696 1555 88 32 hava
809 1555 171 38 framgått,
1007 1559 49 29 att
1082 1557 55 31 det
1163 1557 231 37 föreliggande
1419 1557 220 38 omorganisa-

139 1606 251 38 tionsförslaget
414 1606 73 32 icke
510 1606 59 32 bör
590 1606 87 32 hava
702 1608 108 36 någon
835 1606 161 33 inverkan
1020 1608 43 37 på
1086 1607 154 39 beloppet
1264 1620 41 20 av
1331 1609 55 31 det
1410 1609 105 32 under
1540 1609 101 31 femte

138 1657 214 33 huvudtiteln
376 1657 157 33 anvisade
556 1658 151 38 anslaget
729 1658 53 32 till
806 1658 196 33 barnhusen.
1039 1658 158 33 Däremot
1220 1660 93 32 torde
1336 1660 73 32 med
1433 1660 130 38 hänsyn
1587 1660 52 32 till

139 1712 93 29 arten
255 1721 40 20 av
319 1709 91 33 vissa
432 1722 41 20 av
496 1710 38 32 de
558 1709 129 39 bidrag,
712 1722 68 20 som
803 1710 78 38 ingå
904 1710 11 32 i
940 1711 91 32 detta
1054 1711 126 38 anslag,
1204 1711 195 38 riksdagens
1423 1712 218 37 medgivande

138 1761 80 31 böra
243 1761 166 32 inhämtas
435 1761 53 32 till
514 1762 62 32 den
600 1762 146 32 ändrade
771 1761 214 39 användning
1011 1775 40 19 av
1076 1763 162 38 anslaget,
1265 1775 67 20 som
1358 1763 109 32 skulle
1492 1763 83 38 följa
1600 1776 40 19 av

138 1813 62 31 den
221 1813 190 37 föreslagna
432 1813 255 38 omläggningen
708 1825 40 20 av
769 1813 197 32 barnhusets
987 1814 237 32 verksamhet.»

195 1915 114 32 Såsom
330 1927 40 20 av
389 1915 364 38 statsrådsprotokollet
774 1916 158 37 framgår,
952 1916 135 31 innebär
1107 1916 231 38 föreliggande
1358 1917 127 37 förslag
1504 1917 52 31 till
1576 1929 64 19 om-

138 1965 226 38 organisation
388 1978 41 20 av
454 1967 168 31 allmänna
644 1967 198 31 barnhusets
867 1967 209 31 verksamhet
1102 1979 39 20 en
1167 1968 168 37 övergång
1359 1967 78 32 från
1460 1968 180 37 självverk-

138 2018 127 31 samhet
288 2017 51 32 till
363 2017 267 38 huvudsakligen
653 2018 281 37 understödjande
955 2018 119 32 arbete.
1108 2018 188 32 Barnhuset
1317 2018 108 32 skulle
1447 2019 195 37 visserligen

139 2069 146 37 alltjämt
306 2069 92 37 tjäna
419 2068 59 32 sitt
499 2069 152 32 ändamål
674 2069 59 32 och
757 2069 247 32 verksamheten
1027 2070 8 31 i
1057 2070 177 32 huvudsak
1257 2080 79 21 vara
1357 2070 148 32 inriktad
1527 2071 42 37 på
1588 2070 53 32 be-

139 2121 144 32 redande
305 2133 41 19 av
368 2121 280 32 fosterhemsvård
672 2122 34 30 åt
731 2121 150 32 värnlösa
903 2121 93 38 barn,
1020 2133 72 20 men
1115 2122 35 31 åt
1173 2122 107 32 denna
1303 2121 209 33 verksamhet
1535 2121 107 32 skulle

139 2172 95 37 glvas
257 2173 132 37 former,
412 2184 67 20 som
505 2172 11 32 i
539 2173 323 31 överensstämmelse
885 2173 72 31 med
982 2173 155 37 gällande
1160 2173 216 38 lagstiftning
1400 2173 139 32 skänkte
1562 2174 79 37 möj-

140 2224 105 36 lighet
263 2226 50 29 att
331 2224 120 31 främst
469 2223 175 38 tillgodose
663 2224 82 37 dem,
765 2235 66 20 som
851 2223 73 32 bäst
943 2225 102 31 därav
1063 2236 76 19 vore
1158 2224 10 31 i
1185 2224 115 32 behov.
1330 2224 188 32 Barnhuset
1535 2224 107 32 skulle

139 2275 92 31 bliva
252 2287 38 19 en
312 2275 122 31 central
458 2275 397 31 barnavårdsinstitution
880 2275 51 32 för
951 2275 112 31 landet
1084 2275 10 31 i
1117 2276 73 31 dess
1211 2275 120 32 helhet.

198 2326 66 30 Till
294 2326 258 36 ifrågavarande
582 2325 136 37 förslag,
749 2337 75 20 vars
853 2326 266 37 genomförande,
1150 2326 101 32 bland
1280 2328 110 35 annat,
1420 2326 108 31 skulle
1556 2329 86 28 sätta

141 2377 180 31 barnhuset
342 2376 10 31 i
372 2376 138 32 tillfälle
532 2378 49 30 att
602 2377 72 31 med
698 2377 73 31 sina
791 2379 87 29 stora
901 2387 145 21 resurser
1067 2376 58 32 och
1148 2376 51 32 sin
1220 2377 189 31 erfarenhet
1430 2376 213 33 beträffande

141 2427 400 38 fosterhemsförmedling
560 2427 78 37 giva
658 2428 130 31 landets
808 2427 364 32 barnavårdsnämnder
1192 2430 47 29 ett
1258 2428 185 31 värdefullt
1464 2428 177 31 understöd

142 2480 51 32 för
213 2479 184 33 beredande
417 2480 34 31 åt
470 2479 282 38 omhändertagna
770 2479 153 32 värnlösa
941 2479 81 32 barn
1043 2491 39 20 av
1104 2479 95 33 bästa
1217 2478 137 39 möjliga
1375 2479 188 38 fosterhem,
1583 2479 60 32 har

1699 1937 135 22 Utskottets

1704 1971 128 29 yltrande.
