1906 2846
280 173 38 30 18
755 174 228 31 Statsutskottets
1005 177 148 28 utlåtande
1175 178 50 27 Nr
1248 178 69 28 188.

282 250 109 37 lingen
409 251 108 31 skulle
536 252 119 37 skapas
673 252 55 31 vid
748 252 94 33 sidan
860 264 39 20 av
917 254 63 31 den
999 254 240 38 samhälleliga,
1258 253 60 31 vill
1334 254 57 37 jag
1409 254 189 38 framhålla,
1619 257 49 29 att
1687 255 97 37 dylik

280 301 222 38 organisation
526 302 114 32 endast
666 302 218 32 förekommer
906 303 11 30 i
942 306 103 29 större
1067 304 204 38 kommuner,
1297 305 116 30 medan
1436 305 196 31 barnhusets
1656 305 128 37 förslag

280 351 135 32 särskilt
435 357 36 26 är
488 352 140 32 inriktat
646 354 42 36 på
707 353 92 38 hjälp
819 354 34 31 åt
873 353 127 33 mindre
1018 355 78 30 eller
1114 354 10 30 i
1142 354 209 32 ekonomiskt
1370 355 183 32 hänseende
1572 367 102 25 svaga
1693 356 89 30 kom-

279 413 121 21 muner.

335 452 174 33 Gentemot
534 454 39 31 de
597 454 142 32 anförda
761 455 301 37 anmärkningarna
1085 458 49 29 att
1159 457 39 31 de
1222 456 129 38 belopp,
1376 468 68 19 som
1469 457 107 31 skulle
1599 457 93 31 bliva
1716 457 66 32 till-

279 504 158 37 gängliga
458 504 52 32 för
532 505 61 31 den
616 505 144 31 avsedda
781 517 67 25 nya
868 506 460 38 understödsverksamheten,
1350 506 72 32 icke
1444 507 108 31 skulle
1574 508 126 31 erhålla
1722 509 61 30 den

280 554 132 37 storlek,
435 556 48 29 att
506 555 40 31 de
566 555 111 32 kunde
698 555 91 32 bliva
810 567 40 19 av
872 556 131 37 verklig
1023 556 179 38 betydelse,
1225 557 53 31 må
1298 557 52 31 till
1372 569 39 19 en
1432 557 116 38 början
1568 558 145 37 anföras,
1734 561 50 28 att

279 604 66 38 jag,
364 605 105 31 såsom
488 606 58 36 jag
563 606 112 36 längre
695 605 86 32 fram
801 606 86 31 skall
906 606 112 32 vidare
1036 607 163 37 utveckla,
1218 607 73 31 icke
1310 618 95 20 anser
1423 607 68 38 mig
1507 608 113 31 kunna
1638 609 144 33 förorda,

280 658 49 28 att
349 654 208 32 Stockholms
579 657 72 31 stad
672 656 86 31 skall
778 656 130 32 komma
929 657 11 30 i
960 658 195 36 åtnjutande
1176 669 40 20 av
1237 659 37 30 så
1294 661 88 29 stora
1403 658 167 32 förmåner
1591 659 76 31 från
1688 659 94 31 barn-

280 705 104 38 huset,
402 717 68 20 som
489 706 10 30 i
518 706 53 31 det
592 707 61 31 den
671 707 41 31 30
729 707 131 37 januari
880 707 82 31 1929
982 708 194 31 avlämnade
1194 708 272 37 avtalsförslaget
1484 709 182 37 åsyftades.
1698 709 84 32 Här-

280 755 126 38 igenom
424 757 218 37 uppkommer
657 768 39 20 en
715 757 124 37 ökning
855 769 40 19 av
914 758 55 31 det
985 758 129 38 belopp,
1133 770 68 19 som
1219 758 128 37 årligen
1364 759 67 31 kan
1446 759 129 32 utdelas
1592 759 54 32 till
1665 760 117 31 under-

280 807 72 31 stöd
368 809 89 30 utom
477 806 200 33 Stockholm.
707 807 66 44 Det
790 807 170 32 förefaller
979 808 67 37 mig
1063 808 122 39 vidare,
1202 820 69 20 som
1288 821 51 19 om
1359 809 54 31 det
1429 809 129 38 belopp,
1577 809 206 32 direktionen

280 858 11 31 1
314 858 50 31 sin
386 858 214 37 förslagsstat
621 858 161 32 beräknat
804 858 52 32 till
878 859 268 32 administration
1169 860 59 31 och
1252 860 181 38 pensioner,
1458 865 36 26 är
1517 861 53 31 väl
1592 861 91 37 högt.
1718 859 64 32 Det

281 907 90 31 torde
389 908 183 32 emellertid
591 908 55 32 vid
666 920 39 20 en
723 920 112 21 senare
854 909 159 38 tidpunkt
1031 909 90 32 bliva
1138 909 138 32 tillfälle
1294 913 50 28 att
1362 915 150 27 närmare
1529 911 145 37 granska
1693 911 92 32 detta

280 958 173 37 spörsmål;
473 961 109 29 staten
599 959 52 31 för
670 960 280 36 tjänstemännens
969 960 90 31 löner
1079 960 183 32 fastställes
1282 960 166 38 nämligen
1467 973 42 19 av
1526 961 127 37 Kungl.
1673 961 109 37 Maj:t.

280 1006 202 39 Ytterligare
500 1010 54 30 må
572 1010 185 38 anmärkas,
778 1013 49 29 att
843 1010 196 31 barnhusets
1057 1010 125 38 budget
1200 1011 105 32 under
1323 1014 47 28 ett
1387 1012 91 30 antal
1496 1012 37 30 år
1550 1011 124 32 framåt
1692 1012 91 31 kom-

280 1069 66 21 mer
366 1061 48 29 att
435 1071 80 20 vara
535 1061 108 36 tyngd
665 1071 41 20 av
726 1059 143 38 utgifter
889 1060 53 31 till
965 1061 89 31 löner
1075 1065 18 27 å
1115 1060 288 38 indragningsstat
1424 1062 60 31 och
1506 1061 182 39 pensioner,
1709 1062 73 31 här-

279 1109 138 33 ledande
436 1109 51 38 sig
508 1110 76 31 från
603 1111 61 31 den
682 1110 123 32 hittills
824 1111 159 32 bedrivna
1002 1111 260 32 verksamheten.
1294 1112 17 31 I
1329 1112 61 31 den
1408 1115 76 29 mån
1505 1112 118 37 dylika
1641 1112 143 37 utgifter

279 1160 167 38 bortfalla,
469 1160 79 32 ökas
569 1161 153 37 tydligen
745 1162 55 31 det
822 1161 52 31 för
895 1161 175 38 utdelning
1091 1162 188 37 disponibla
1302 1162 161 38 beloppet.
1498 1162 152 32 Givetvis
1672 1167 36 26 är
1730 1163 54 31 det

279 1210 180 32 emellertid
485 1211 161 37 därjämte
671 1211 166 38 önskvärt,
862 1214 49 29 att
935 1212 335 37 uppmärksamheten
1296 1212 105 31 riktas
1424 1213 43 36 på
1491 1215 49 29 att
1562 1224 116 25 genom
1704 1213 79 31 kon-

278 1260 181 32 centration
480 1261 11 30 i
511 1261 321 37 bidragsgivningen
852 1262 80 31 söka
953 1266 81 32 göra
1055 1262 196 31 barnhusets
1273 1263 280 37 understödjande
1573 1263 211 31 verksamhet

280 1312 36 30 så
336 1311 142 32 effektiv
500 1323 69 20 som
591 1311 140 39 möjligt.
766 1312 17 30 I
805 1312 89 31 detta
916 1312 183 32 hänseende
1120 1313 52 30 må
1194 1313 207 37 framhållas,
1424 1315 50 29 att
1494 1314 35 30 så
1550 1316 83 29 stort
1653 1313 130 38 belopp,

279 1373 66 20 som
369 1361 12 31 i
402 1362 61 32 den
485 1362 201 37 upprättade
708 1361 253 38 förslagsstaten
983 1362 186 38 beräknats,
1192 1362 72 32 icke
1286 1373 98 27 synes
1407 1363 68 37 mig
1498 1363 79 32 böra
1599 1363 109 32 anslås
1729 1363 53 32 till

277 1412 183 32 beredande
481 1424 40 20 av
542 1412 258 37 stadigvarande
820 1413 90 31 vård.

333 1461 64 33 Det
423 1463 52 31 må
500 1463 54 31 för
579 1462 108 38 övrigt
712 1462 125 32 erinras
863 1465 58 35 att,
948 1464 105 31 såsom
1078 1463 101 32 redan
1202 1463 356 33 barnhusdirektionen
1585 1464 198 38 framhållit,

279 1513 135 33 tillfälle
440 1513 87 32 inom
554 1514 75 31 kort
653 1514 93 31 torde
770 1514 132 32 komma
927 1516 51 29 att
1001 1525 106 26 yppas
1134 1516 50 29 att
1209 1514 73 31 med
1309 1515 103 31 andra
1435 1514 254 38 penningmedel
1717 1515 65 31 för-

278 1564 113 32 stärka
415 1564 214 37 möjligheten
655 1567 49 29 att
728 1575 111 26 gagna
864 1565 38 31 de
929 1565 145 32 avsedda
1098 1564 144 38 syftena.
1280 1564 73 32 Den
1378 1565 167 33 allmänna
1571 1566 211 37 arvsfonden,

279 1614 110 32 vilken
408 1615 104 37 enligt
531 1615 174 37 arvslagen
724 1615 62 32 den
807 1616 18 30 8
844 1615 72 38 juni
936 1615 83 32 1928
1037 1615 85 31 skall
1142 1616 128 31 erhålla
1288 1618 92 29 arvet
1398 1616 84 31 efter
1500 1615 88 32 vissa
1607 1616 176 37 arvlåtare,

279 1670 36 26 är
333 1665 103 37 enligt
455 1677 108 20 annan
583 1666 55 37 lag
658 1677 40 20 av
718 1677 124 20 samma
861 1666 64 37 dag
944 1666 122 32 avsedd
1088 1666 52 31 för
1159 1666 187 38 främjande
1365 1678 40 20 av
1423 1666 99 32 barns
1541 1667 60 31 och
1620 1667 163 37 ungdoms

278 1717 81 31 vård
381 1717 59 30 och
462 1716 137 32 fostran.
634 1716 71 31 Två
728 1717 199 37 tredjedelar
948 1728 41 20 av
1010 1717 39 31 de
1072 1717 114 38 medel,
1212 1728 68 20 som
1302 1717 104 31 under
1428 1717 91 37 varje
1541 1717 243 37 räkenskapsår

278 1766 134 38 inflyta,
437 1767 95 31 skola
554 1767 110 32 tillika
689 1767 72 32 med
786 1767 335 38 ränteavkastningen
1144 1767 53 32 för
1222 1769 71 30 året
1315 1779 80 20 vara
1416 1767 215 38 tillgängliga
1656 1768 53 31 för
1732 1771 50 29 ut-

279 1817 142 37 delning.
455 1816 188 33 Understöd
663 1829 40 20 ur
723 1817 122 32 fonden
865 1818 129 32 utdelas
1016 1830 40 19 av
1075 1818 189 37 Konungen
1286 1819 42 37 på
1348 1817 239 38 föredragning
1607 1830 40 19 av
1666 1818 117 31 chefen

279 1866 52 32 för
354 1867 371 38 socialdepartementet,
750 1868 82 32 dock
855 1871 48 29 att
925 1869 178 32 understöd
1127 1870 28 37 ej
1180 1870 53 30 må
1255 1869 126 31 lämnas
1405 1868 52 32 för
1480 1869 129 38 åtgärd,
1632 1880 76 21 vars
1729 1869 53 31 be-

278 1917 159 33 kostande
456 1918 129 37 åligger
604 1921 66 29 stat
690 1919 80 31 eller
788 1919 166 32 kommun.
985 1918 65 33 Det
1069 1920 94 31 torde
1183 1931 80 20 vara
1283 1922 48 29 att
1351 1922 132 35 antaga,
1504 1921 49 30 att
1571 1919 11 31 i
1602 1918 181 32 framtiden

279 1968 176 32 understöd
479 1968 77 32 från
578 1969 200 32 arvsfonden
802 1969 93 32 skola
917 1970 114 31 kunna
1051 1971 80 36 utgå
1152 1969 54 32 till
1229 1970 126 32 sådana
1377 1969 164 33 ändamål.
1565 1981 67 20 som
1656 1980 93 21 avses
1772 1968 12 31 i

278 2019 370 33 barnhusdirektionens
671 2019 138 38 förslag,
830 2020 101 36 något
950 2031 68 20 som
1039 2020 104 37 enligt
1164 2019 145 32 motiven
1331 2020 52 31 för
1404 2019 258 38 lagstiftningen
1684 2030 99 27 synes

278 2070 85 31 hava
383 2069 87 32 varit
492 2069 110 32 direkt
623 2071 116 31 avsett.

334 2119 219 33 Beträffande
570 2120 38 32 de
626 2120 167 32 särskilda
808 2120 186 38 punkterna
1009 2120 12 31 i
1038 2120 223 33 direktionens
1279 2120 126 38 förslag
1423 2120 60 32 vill
1499 2121 57 37 jag
1573 2120 85 32 först
1674 2121 108 31 uttala

279 2170 67 32 min
371 2170 193 38 anslutning
588 2170 53 32 till
668 2171 74 31 dess
766 2170 229 38 uppfattning,
1021 2173 48 29 att
1096 2170 231 38 fördelningen
1352 2183 40 19 av
1416 2171 180 31 understöd
1621 2170 53 33 till
1700 2182 81 27 upp-

278 2221 230 38 tagningshem
531 2221 59 31 och
612 2221 408 37 fosterbarnsförmedling
1039 2221 59 32 bör
1118 2221 56 32 ske
1195 2232 117 26 genom
1334 2233 39 19 en
1395 2221 52 31 för
1470 2224 47 29 ett
1537 2221 55 31 län
1615 2222 79 31 eller
1714 2221 68 31 viss

279 2272 52 31 del
348 2273 101 31 därav
466 2283 185 26 gemensam
670 2271 309 38 sammanslutning.
1009 2271 123 32 Genom
1150 2283 39 20 en
1206 2271 96 38 dylik
1320 2271 141 37 ordning
1477 2271 114 32 vinnes
1608 2272 175 38 möjlighet

279 2321 52 32 för
355 2323 58 30 och
441 2322 130 37 eggelse
597 2321 52 32 till
675 2324 47 29 ett
747 2321 213 38 synnerligen
987 2322 156 31 önskvärt
1169 2321 183 32 samarbete
1379 2322 238 32 kommunerna
1642 2322 140 32 emellan

277 2372 87 31 inom
389 2373 106 31 denna
519 2373 52 31 del
594 2384 40 19 av
657 2372 245 32 barnavårdens
926 2372 140 32 område.
1102 2371 172 38 Därjämte
1298 2373 91 31 torde
1414 2371 190 38 härigenom
1629 2373 154 31 säkerhet

279 2423 42 37 på
339 2422 94 32 bästa
451 2426 66 28 sätt
535 2422 116 32 vinnas
671 2422 52 31 för
744 2425 50 29 att
811 2422 80 38 icke,
911 2423 106 30 såsom
1038 2423 41 37 på
1099 2422 71 32 sina
1189 2422 70 31 håll
1277 2422 158 38 befarats,
1455 2422 180 32 barnhuset
1654 2423 56 32 vid
1731 2426 50 28 ut-

279 2473 136 32 delande
433 2485 40 19 av
492 2474 179 31 understöd
696 2473 159 37 »plottrar
873 2472 92 32 bort»
987 2471 70 33 sina
1077 2473 105 31 medel
1200 2475 81 29 utan
1299 2472 100 38 nödig
1416 2472 142 32 kontakt
1577 2474 73 31 med
1670 2473 112 32 lokala

279 2523 240 33 förhållanden.
