1914 2852
593 156 231 28 Statsutskottets
848 155 148 28 utlåtande
1018 155 49 27 Nr
1091 156 68 27 188.
1612 151 17 31 T

127 232 144 39 bistånd,
298 233 95 32 skola
419 234 43 37 på
489 235 46 30 ett
561 233 110 32 enkelt
696 235 66 29 sätt
787 232 133 32 komma
945 232 12 31 i
983 231 202 33 förbindelse
1211 232 73 31 med
1311 231 181 32 barnhuset
1516 242 116 26 genom

129 275 216 33 förenämnda
372 275 132 32 ombud.
543 275 106 32 Dessa
675 275 92 31 skola
794 275 136 37 således,
959 286 51 20 om
1037 275 36 30 så
1101 274 129 37 önskas,
1261 274 163 31 förmedla
1451 272 181 32 framställ-

128 318 119 37 ningar
270 318 72 32 icke
366 317 86 32 blott
476 330 51 19 om
555 318 87 37 plats
667 318 19 30 å
711 317 302 38 upptagningshem
1039 317 60 30 och
1124 328 51 19 om
1202 315 224 32 anskaffande
1451 327 40 19 av
1516 315 117 31 foster-

128 360 84 38 hem,
234 363 81 29 utan
336 365 84 27 även
441 372 51 20 om
513 359 127 32 inlösen
660 371 41 20 av
722 359 82 31 barn
826 361 19 29 å
864 358 181 32 barnhuset
1065 358 60 31 och
1146 370 51 19 om
1218 357 250 37 undersökning
1486 358 20 30 å
1527 357 106 32 obser-

127 402 266 32 vationsanstalt.

184 445 204 31 Barnhusets
430 445 105 32 medel
574 444 113 31 kunna
716 443 184 32 emellertid
932 443 171 31 förväntas
1133 442 178 32 framdeles
1342 442 100 32 räcka
1470 446 82 28 även
1580 440 54 32 till

129 499 109 20 annan
263 487 410 33 understödsverksamhet
700 491 41 27 än
770 486 141 31 sålunda
938 484 155 38 angivits.
1132 484 174 37 Förslaget
1334 484 137 31 innebär
1498 484 137 36 således,

129 533 51 29 att
202 530 136 32 särskilt
363 530 125 32 sådana
510 541 68 26 nya
600 529 144 38 uppslag
766 529 19 30 å
808 527 365 37 barnavårdsområdet,
1197 538 68 20 som
1290 526 185 38 tillstyrkts
1498 538 41 20 av
1562 526 73 31 sak-

128 572 152 38 kunniga
300 583 73 21 men
395 572 53 32 för
468 571 93 32 vilka
583 572 167 31 allmänna
771 571 106 31 medel
898 571 28 37 ej
949 571 51 30 stå
1022 569 53 32 till
1098 569 209 38 förfogande,
1329 569 95 31 skola
1444 569 72 31 med
1539 568 96 32 barn-

130 615 113 31 husets
269 614 134 32 bistånd
427 615 114 31 kunna
564 618 119 34 prövas
708 614 69 37 och,
803 625 51 19 om
881 613 39 32 de
944 611 172 34 befunnits
1140 612 96 37 goda,
1263 613 159 30 omsättas
1447 610 12 31 1
1484 610 152 38 praktisk

129 657 219 32 verksamhet.

186 699 118 38 Enligt
331 699 223 32 direktionens
582 698 79 38 plan
686 697 107 32 skulle
820 697 181 32 barnhuset
1026 696 101 38 självt
1155 696 147 32 anordna
1328 695 80 32 eller
1434 695 60 32 ock
1520 695 117 32 under-

130 742 110 38 stödja
262 742 118 31 kurser
402 741 12 31 i
438 741 186 32 barnavård
648 741 59 31 och
730 739 255 38 barnsjukvård.
1021 738 128 32 Därvid
1174 738 109 32 skulle
1306 737 173 38 möjlighet
1501 737 136 32 beredas

131 784 54 32 för
205 787 49 29 att
275 784 125 32 sådana
419 784 58 31 vid
498 795 40 20 av
559 783 181 31 barnhuset
759 782 227 31 understödda
1004 780 304 38 upptagningshem
1330 782 171 35 mottagna
1520 780 116 36 elever,

131 826 93 32 vilka
250 825 137 33 särskilt
410 825 154 38 lämpade
588 824 53 38 sig
663 824 53 32 för
741 824 136 37 arbetet,
902 834 117 27 genom
1044 823 196 31 barnhusets
1265 822 203 37 förmedling
1492 821 145 32 förskaf-

132 869 95 32 fades
247 868 114 33 vidare
382 867 202 38 utbildning.
618 867 124 32 Genom
764 878 39 20 en
823 866 212 31 verksamhet
1055 877 41 20 av
1117 865 61 31 här
1198 864 259 38 ifrågavarande
1477 866 51 30 art
1548 864 90 31 kom-

132 923 69 20 mer
222 911 180 32 barnhuset
421 913 51 29 att
490 910 127 32 erhålla
635 909 183 31 kännedom
840 920 51 20 om
912 918 164 28 personer,
1096 919 68 19 som
1184 907 111 37 lämpa
1313 906 52 38 sig
1386 907 53 30 för
1457 918 88 20 mera
1563 906 75 31 krä-

132 954 107 32 vande
266 952 231 38 befattningar
525 952 87 32 inom
641 951 313 37 barnhemsarbetet,
983 949 191 38 varigenom
1204 949 180 31 barnhuset
1411 948 64 32 blir
1503 948 12 31 i
1542 948 97 32 stånd

132 999 51 29 att
204 995 199 38 exempelvis
426 995 110 31 lämna
557 993 177 38 anvisning
753 994 43 37 på
818 1004 39 20 en
878 993 53 31 till
955 1004 39 20 en
1016 991 479 37 föreståndarinnebefattning
1515 990 57 33 vid
1593 992 48 30 ett

132 1039 188 32 understött
344 1038 159 31 barnhem
528 1036 141 38 lämplig
693 1047 126 26 person.

190 1080 168 37 Slutligen
386 1079 184 32 innefattar
598 1078 223 33 direktionens
851 1077 137 37 förslag,
1019 1078 50 30 att
1096 1076 181 31 barnhuset
1305 1075 87 32 skall
1420 1074 140 38 bidraga
1586 1074 54 32 till

133 1123 312 38 upprätthållandet
470 1133 41 21 av
532 1133 39 20 en
595 1121 54 31 för
670 1120 216 32 meddelande
909 1131 41 20 av
972 1117 328 39 pediatrisk-klinisk
1322 1116 241 39 undervisning
1586 1128 54 20 av-

133 1166 81 32 sedd
240 1164 306 39 sjukvårdsanstalt
572 1163 53 32 för
651 1162 91 32 barn.

191 1225 54 30 Av
271 1225 61 31 den
356 1224 153 31 lämnade
533 1222 187 32 översikten
743 1232 96 21 anser
863 1220 208 33 direktionen
1096 1220 142 38 framgå,
1264 1221 49 30 att
1337 1218 206 33 direktionen
1568 1218 73 31 med

135 1277 61 31 sitt
218 1276 128 38 förslag
369 1275 142 38 åsyftar,
536 1277 49 29 att
606 1274 180 32 barnhuset
808 1273 86 32 skall
918 1272 93 32 bliva
1033 1283 39 20 en
1094 1271 125 32 central
1241 1269 399 33 barnavårdsinstitution

136 1327 54 33 för
210 1327 114 33 landet
344 1327 13 31 i
378 1327 74 32 dess
474 1327 120 31 helhet.

192 1378 125 33 Utöver
338 1377 372 33 barnhusdirektionens
735 1375 146 33 översikt
904 1381 77 26 över
1003 1375 73 32 dess
1101 1374 144 37 förslags
1267 1373 262 38 huvudgrunder
1550 1373 93 32 torde

136 1442 41 20 ur
198 1431 54 32 det
273 1442 41 21 av
336 1430 207 31 direktionen
564 1428 195 32 utarbetade
780 1427 163 37 förslaget
965 1427 52 31 till
1039 1429 76 34 nytt
1137 1426 198 37 reglemente
1358 1425 117 32 endast
1496 1425 148 37 följande

136 1482 128 32 behöva
287 1481 174 38 tilläggas:

195 1541 181 31 Allmänna
396 1540 181 32 barnhuset
596 1540 127 31 lämnar
743 1538 179 32 understöd
944 1537 53 31 för
1017 1536 207 32 tillkomsten
1244 1537 60 31 och
1324 1535 260 38 uppehållandet
1605 1546 41 20 av

195 1583 70 32 dels
289 1584 74 30 hem
389 1582 54 31 för
466 1582 157 37 tillfällig
646 1581 82 32 vård
753 1581 59 31 och
838 1580 53 32 för
905 1578 220 33 observation
1151 1590 40 20 av
1218 1578 82 32 barn
1329 1577 316 38 (upptagningshem

138 1625 54 32 för
218 1625 92 32 äldre
333 1622 112 40 barn),

195 1667 71 33 dels
290 1668 60 31 ock
376 1668 74 30 hem
477 1666 52 32 för
552 1666 83 32 vård
660 1677 40 20 av
725 1664 249 33 ensamstående
1000 1663 132 32 mödrar
1158 1663 73 32 med
1258 1662 104 37 späda
1385 1662 82 31 barn
1492 1666 153 27 ävensom

139 1711 104 31 andra
266 1710 105 37 späda
392 1709 93 38 barn,
510 1720 67 20 som
602 1713 55 26 äro
680 1707 12 31 i
714 1707 126 32 saknad
866 1718 41 20 av
930 1706 128 32 moders
1082 1706 82 31 vård
1193 1700 300 42 (spädbarnshem).

196 1751 189 33 Understöd
407 1752 67 31 kan
497 1762 75 21 avse
593 1750 119 37 bidrag
735 1749 73 32 med
831 1750 99 36 högst
951 1748 130 32 hälften
1103 1759 41 20 av
1165 1747 223 32 kostnaderna
1408 1746 53 32 för
1482 1743 32 39 a)
1540 1745 106 38 bygg-

139 1795 77 37 nad,
236 1793 199 39 reparation,
456 1792 221 38 anskaffning
696 1804 40 19 av
757 1790 203 33 inventarier
978 1791 60 31 och
1058 1790 126 37 dylikt;
1206 1786 36 40 b)
1263 1789 160 31 hemmets
1443 1788 97 37 drift;
1562 1790 86 29 samt

141 1834 31 40 c)
199 1838 169 36 transport
391 1835 55 32 till
470 1836 59 31 och
555 1835 77 31 från
655 1833 304 39 upptagningshem
984 1844 41 20 av
1048 1832 82 31 barn
1155 1831 59 32 och
1240 1831 132 32 mödrar
1397 1831 77 30 från
1499 1830 150 37 avlägset

140 1879 157 37 liggande
317 1879 204 31 kommuner.

196 1921 67 31 Vid
287 1920 189 37 beviljande
500 1931 41 19 av
563 1918 179 32 understöd
765 1917 87 31 skall
877 1916 165 32 företräde
1066 1915 95 37 givas
1186 1916 33 30 åt
1242 1914 313 38 upptagningshem,
1580 1925 68 20 som

141 1963 194 37 uppehålles
358 1962 81 31 eller
461 1962 68 30 står
551 1961 104 31 under
678 1959 119 38 tillsyn
820 1971 41 19 av
884 1958 80 31 eller
986 1957 204 32 samarbetar
1212 1957 73 31 med
1310 1955 338 32 kommunalförbund

140 2005 83 31 eller
248 2003 155 38 förening
429 2003 79 31 eller
534 2014 108 20 annan
669 2000 302 37 sammanslutning
997 2011 42 20 av
1063 2000 263 36 representanter
1352 1998 53 31 för
1431 1997 218 32 barnavårds-

142 2047 159 31 nämnder
324 2046 60 32 och
408 2046 104 31 andra
532 2042 425 34 barnavårdsintresserade
979 2041 88 31 inom
1090 2044 47 29 ett
1160 2041 80 31 eller
1261 2040 86 31 flera
1369 2040 56 31 län
1447 2039 78 32 eller
1546 2042 104 29 större

143 2090 54 31 del
217 2100 41 20 av
278 2089 64 37 län,
366 2088 80 31 eller
466 2087 60 32 ock
546 2087 94 37 eljest
660 2087 69 31 står
749 2087 100 36 öppet
869 2085 53 31 för
942 2086 47 29 ett
1009 2083 114 31 flertal
1144 2083 203 31 kommuner.

201 2130 458 33 Understödsverksamheten
685 2128 86 31 skall
798 2127 95 38 syfta
919 2126 54 32 till
1000 2125 185 32 beredande
1212 2136 41 20 av
1281 2123 174 38 möjlighet
1482 2123 51 32 för
1559 2123 91 38 varje

143 2172 330 33 barnavårdsnämnd
496 2171 11 31 i
530 2171 86 31 riket
638 2173 49 28 att
709 2170 52 31 för
783 2168 114 38 rimlig
919 2168 141 31 kostnad
1082 2167 114 31 kunna
1217 2166 105 32 anlita
1343 2165 155 38 lämpligt
1520 2165 131 37 beläget

143 2216 94 31 såväl
256 2214 303 39 upptagningshem
580 2213 53 31 för
652 2212 92 32 äldre
764 2211 83 32 barn
866 2222 69 20 som
955 2209 269 38 spädbarnshem.

202 2257 182 31 Allmänna
424 2256 180 31 barnhuset
644 2255 128 30 lämnar
811 2252 116 32 vidare
956 2251 179 32 understöd
1165 2250 54 31 till
1248 2250 103 32 sådan
1380 2248 202 38 förmedling
1611 2259 40 21 av

146 2298 292 36 fosterhemsvård,
459 2309 68 19 som
545 2297 12 30 i
575 2295 181 32 samarbete
777 2295 73 31 med
872 2306 41 19 av
931 2293 182 31 barnhuset
1131 2292 117 37 drivet,
1269 2292 188 30 understött
1476 2291 79 31 eller
1572 2291 79 36 god-

144 2341 82 31 känt
250 2339 303 38 upptagningshem
577 2337 195 37 ombesörjes
799 2336 80 31 eller
902 2334 220 31 kontrolleras
1146 2345 41 19 av
1210 2332 350 37 kommunalförbund,
1586 2332 66 30 för-

145 2383 100 36 ening
264 2382 79 31 eller
364 2379 310 37 sammanslutning,
696 2390 68 19 som
785 2377 92 31 förut
897 2376 218 31 omförmälts.

202 2424 123 38 Dylikt
346 2422 179 33 understöd
547 2423 53 29 må
620 2421 111 30 kunna
754 2420 82 36 utgå
859 2418 72 32 med
953 2418 97 36 högst
1071 2417 55 31 det
1147 2416 129 37 belopp,
1299 2415 113 31 vartill
1432 2415 221 32 kostnaderna

147 2467 53 31 för
223 2465 250 32 verksamheten
496 2463 121 38 uppgå.
