2222 2626
186 1533 159 30 Motionen.

376 149 19 29 6
605 149 117 31 Andra
748 150 202 31 kammarens
975 151 115 34 första
1116 150 168 41 tillfälliga
1305 152 136 31 utskotts
1465 152 164 32 utlåtande
1654 153 52 31 Nr
1732 156 31 29 2.

1106 553 70 42 Nr
1208 553 48 41 2.

939 660 112 26 Ankom
1072 660 41 26 till
1135 660 169 34 riksdagens
1326 661 93 26 kansli
1440 661 56 26 den
1518 662 31 25 13
1570 662 129 26 februari
1721 663 69 26 1920
1810 664 36 25 kl.
1866 665 16 24 3
1903 672 21 17 e.
1949 674 36 16 m.

696 803 128 36 Andra
862 805 220 35 kammarens
1103 805 145 42 första
1278 804 183 46 tillfälliga
1492 807 144 35 utskotts
1668 807 179 36 utlåtande
1875 820 44 22 nr
1946 812 36 39 2,

802 867 13 34 i
858 867 186 45 anledning
1087 880 44 23 av
1173 869 101 34 väckt
1315 869 136 42 motion,
1497 880 53 23 om
1578 869 166 36 skrivelse
1772 869 53 35 till
1852 870 131 46 Kungl.

800 928 113 44 Maj:t
948 931 177 43 angående
1167 931 123 43 anslag
1333 930 52 35 till
1423 931 304 45 partigrupperna
1768 933 93 34 inom
1898 933 84 35 riks-

802 993 110 43 dagen
934 991 66 44 för
1027 992 196 36 avlönande
1251 1004 44 23 av
1323 994 212 35 sekreterare
1562 1006 44 22 m.
1638 1006 45 23 m.

480 1150 18 35 I
540 1163 45 22 en
629 1150 97 36 inom
757 1152 113 35 andra
899 1152 209 36 kammaren
1139 1165 44 23 av
1212 1154 84 35 herr
1324 1154 102 43 Hage
1454 1154 157 47 avgiven
1642 1155 148 43 motion,
1822 1168 44 22 nr
1896 1158 88 42 212,

373 1203 160 44 föreslås,
579 1207 54 33 att
675 1204 196 48 riksdagen
916 1208 110 34 måtte
1059 1206 12 35 i
1100 1206 178 37 skrivelse
1306 1206 58 37 till
1392 1208 136 46 Kungl.
1559 1208 108 48 Maj:t
1696 1209 201 44 hemställa,
1933 1213 54 32 att

372 1257 137 47 Kungl.
553 1257 109 48 Maj:t
696 1261 108 33 måtte
847 1259 75 36 låta
963 1260 167 36 utarbeta
1173 1262 67 34 och
1281 1260 56 36 till
1379 1260 199 48 riksdagen
1621 1262 202 47 framlägga
1851 1263 135 35 sådana

371 1311 285 45 bestämmelser,
694 1315 53 33 att
788 1312 288 49 riksdagsgrupp
1121 1316 57 33 må
1220 1314 125 36 kunna
1379 1314 136 36 erhålla
1544 1316 125 47 anslag
1698 1316 57 36 för
1784 1316 201 36 avlönande

372 1377 43 23 av
445 1364 226 37 sekreterare
701 1366 85 35 eller
816 1368 55 34 för
901 1367 268 36 verkställande
1199 1380 44 24 av
1271 1367 184 48 tillfälliga
1483 1368 243 49 utredningar
1754 1382 46 23 m.
1832 1383 59 32 m.,
1908 1383 75 23 som

372 1418 47 35 ha
448 1419 262 48 sammanhang
739 1420 81 35 med
848 1420 324 48 riksdagsarbetet.

481 1471 69 36 Till
579 1474 81 35 stöd
690 1474 57 35 för
775 1474 63 35 sitt
867 1474 165 47 yrkande
1061 1475 66 35 har
1156 1475 225 36 motionären
1410 1477 123 35 anfört
1562 1477 112 35 bland
1703 1480 125 33 annat:

487 1526 92 36 »Det
609 1531 40 32 är
676 1527 268 48 otvivelaktigt,
976 1531 53 33 att
1057 1529 70 36 den
1148 1529 157 36 svenska
1323 1529 220 48 riksdagens
1562 1530 200 37 ledamöter
1782 1537 91 30 även
1890 1531 95 36 efter

372 1579 71 36 den
472 1579 153 49 höjning
654 1593 45 23 av
728 1581 159 44 arvodet,
920 1594 74 23 som
1025 1583 313 47 grundlagsfistes
1367 1583 62 35 vid
1463 1586 101 34 1918
1595 1587 57 32 års
1681 1584 162 48 riksdag,
1866 1585 47 35 ha
1938 1598 46 23 en

371 1633 234 48 synnerligen
648 1634 187 49 obetydlig
878 1636 205 47 ersättning
1125 1636 56 36 för
1220 1637 63 35 sitt
1322 1637 124 36 arbete
1474 1637 13 35 i
1517 1638 228 36 förhållande
1773 1638 56 36 till
1857 1639 45 35 de
1931 1651 53 23 ar-

371 1687 128 43 voden,
528 1699 77 24 £om
636 1691 89 46 utgå
752 1688 99 36 inom
882 1690 114 35 andra
1024 1690 147 35 länders
1201 1691 215 46 parlament.
1463 1691 113 36 Detta
1605 1692 66 35 har
1691 1692 63 36 vid
1773 1693 210 47 upprepade

371 1739 170 37 tillfällen
570 1741 178 48 klarlagts
776 1755 127 35 genom
936 1743 175 36 motioner
1139 1744 13 35 i
1181 1743 196 48 riksdagen
1406 1745 69 35 och
1504 1746 161 35 behöver
1695 1746 105 35 alltså
1819 1745 32 48 ej
1873 1748 111 45 ytter-

370 1793 113 47 ligare
512 1794 66 36 här
607 1795 157 46 påvisas.

480 1847 110 38 Givet
633 1854 49 38 är,
724 1853 53 32 att
819 1853 51 32 ett
909 1851 131 35 sådant
1069 1851 228 36 förhållande
1327 1851 11 35 i
1368 1851 97 36 vissa
1494 1852 64 35 fall
1587 1853 73 35 kan
1691 1853 113 35 verka
1832 1853 150 36 ofördel-

370 1901 120 48 aktigt
518 1904 47 44 på
593 1903 193 36 resultatet
815 1916 43 23 av
888 1904 71 35 den
989 1904 167 36 enskilde
1185 1904 350 48 riksdagsmannens
1555 1906 340 47 arbetsprestation.
1925 1907 58 34 En

370 1955 265 48 förutsättning
664 1956 56 36 för
749 1960 52 32 att
830 1958 121 35 denna
979 1958 326 47 arbetsprestation
1334 1959 95 36 skall
1458 1959 99 36 bliva
1576 1959 338 37 tillfredsställande
1930 1964 49 38 är,

370 2012 54 32 att
462 2008 329 48 riksdagsmannen
821 2012 65 34 har
915 2011 144 36 tillfälle
1088 2015 54 32 att
1169 2012 191 47 grundligt
1388 2016 263 44 genomtränga
1681 2015 44 34 de
1750 2014 133 47 frågor,
1906 2024 74 24 som

370 2063 73 34 han
472 2063 66 34 har
566 2067 54 32 att
649 2064 181 36 behandla
859 2066 67 34 och
956 2065 164 47 speciellt
1147 2067 138 35 sådana
1310 2067 173 43 ärenden,
1506 2068 65 34 där
1600 2065 317 39 motionsinitiativ
1937 2078 44 23 av

370 2117 131 35 honom
531 2116 206 37 framföras.
796 2119 112 35 Detta
937 2119 211 36 förutsätter
1178 2123 130 45 många
1336 2123 137 45 gånger
1502 2120 197 48 vidlyftiga
1727 2118 251 49 utredningar,

369 2169 362 49 sifferberäkningar,
762 2171 235 37 inhämtande
1040 2186 43 23 av
1126 2173 266 48 upplysningar
1430 2173 82 36 från
1541 2175 184 36 statsverk
1754 2174 85 34 eller
1868 2174 112 35 andra

369 2223 250 37 institutioner
648 2225 88 35 eller
764 2225 84 36 från
876 2226 167 36 enskilda
1072 2238 183 35 personer.
1295 2228 18 35 I
1342 2228 113 35 andra
1485 2228 63 35 fall
1577 2231 78 34 åter
1675 2229 130 34 kräves
1826 2230 51 32 ett
1896 2239 84 36 nog-

368 2281 108 42 grant
519 2277 159 36 studium
724 2279 12 35 1i
776 2278 178 37 bibliotek
984 2281 66 34 och
1079 2280 282 47 genomläsande
1391 2294 44 23 av
1464 2281 218 48 föregående
1709 2283 60 33 års
1796 2280 183 49 riksdags-
