1884 2780
466 170 285 31 Statsutskottets
773 169 180 30 utlåtande
974 178 43 20 nr
1037 168 40 30 87
1099 168 39 30 år
1160 168 82 29 1961
1563 166 36 29 11

115 252 53 30 lar
187 251 147 32 föreslås
354 251 108 40 enligt
481 251 126 39 Kungl.
627 250 125 39 Maj:ts
771 249 116 30 beslut
907 249 36 30 få
962 248 172 30 bestridas
1155 247 80 31 från
1255 246 217 40 tillgängliga
1491 245 112 31 medel

119 305 111 31 under
255 305 183 40 delposten
464 304 204 39 Ersättning
694 303 53 30 till
776 302 185 31 författare
988 311 42 21 av
1056 301 204 30 läroböcker
1287 300 55 30 för
1369 299 235 40 polisskolans

117 360 121 30 behov.

161 412 74 31 Den
249 411 239 31 automatiska
502 410 326 40 utgiftsstegringen
843 409 55 31 för
912 407 463 40 löneklassuppflyttningar
1390 416 45 20 m.
1450 415 45 21 m.
1511 405 94 31 med-

116 465 57 31 för
187 468 49 28 ett
250 466 84 30 ökat
347 465 247 31 medelsbehov
608 473 42 22 av
665 463 42 31 49
721 463 63 31 000
801 463 141 30 kronor.
959 462 165 39 Anslaget
1140 461 204 40 uppräknas
1362 460 148 30 sålunda
1524 459 81 30 med

117 520 63 30 225
195 519 63 31 000
282 519 143 30 kronor.

163 572 351 40 Avlöningsanslaget
542 572 11 29 i
580 571 80 30 dess
687 570 118 31 helhet
832 569 174 31 beräknas
1034 568 54 31 till
1118 568 94 30 1305
1227 568 63 30 000
1319 567 141 30 kronor.
1489 566 117 30 Härav

117 635 102 22 anses
237 627 49 29 ett
302 625 127 40 belopp
447 635 41 21 av
509 625 60 30 170
583 624 63 31 000
664 624 132 30 kronor
813 623 86 30 böra
916 622 174 31 avräknas
1109 623 73 28 mot
1201 619 405 32 automobilskattemed-

117 680 67 30 len.

164 786 186 31 Utskottet.
374 785 117 31 Under
512 784 212 40 hänvisning
746 783 13 31 i
780 783 210 40 tillämpliga
1011 782 97 30 delar
1130 781 52 31 till
1206 781 67 30 vad
1296 780 170 31 utskottet
1489 779 119 31 anfört

118 840 58 31 vid
198 839 260 39 behandlingen
479 839 13 30 i
511 838 61 31 det
594 837 208 40 föregående
826 846 43 21 av
891 836 163 40 åtgärder
1076 835 56 31 för
1155 834 211 39 förbättring
1389 843 43 21 av
1454 833 154 40 rekryte-

120 893 123 40 ringen
264 893 54 30 till
341 892 257 40 polisväsendet
621 891 56 31 får
696 890 175 31 utskottet
894 889 80 31 med
997 888 246 40 tillstyrkande
1268 897 43 21 av
1333 887 126 39 Kungl.
1483 886 125 40 Maj:ts

120 946 131 40 förslag
271 946 198 34 hemställa,

474 1000 51 29 att
548 997 188 40 riksdagen
759 997 60 32 må

472 1051 38 35 a)
531 1050 211 40 bemyndiga
759 1049 127 40 Kungl.
904 1048 106 40 Maj:t
1027 1050 52 29 att
1095 1047 140 40 vidtaga
1253 1047 68 30 den
1337 1045 150 41 ändring
1503 1046 13 30 i
1533 1054 77 31 per-

428 1103 369 40 sonalförteckningen
826 1102 56 31 för
911 1103 132 30 statens
1073 1100 202 40 polisskola,
1302 1109 79 21 som
1410 1099 198 31 föranledes

430 1168 43 20 av
496 1158 68 30 vad
590 1155 387 41 departementschefen
1002 1156 13 29 i
1041 1152 385 41 statsrådsprotokollet
1451 1153 82 30 över
1558 1152 52 30 in-

430 1210 249 31 rikesärenden
705 1209 56 31 för
787 1209 69 30 den
881 1209 19 30 3
928 1217 94 21 mars
1051 1207 81 30 1961
1161 1207 174 36 förordat;

477 1265 39 34 b)
545 1264 188 41 godkänna
767 1263 158 40 följande
960 1262 254 39 avlöningsstat
1248 1261 56 31 för
1339 1262 132 29 statens
1506 1260 105 40 polis-

433 1319 109 34 skola,
562 1320 51 29 att
631 1317 179 40 tillämpas
829 1317 72 30 tills
920 1316 118 30 vidare
1058 1315 44 30 fr.
1115 1324 30 21 o.
1159 1324 46 21 m.
1224 1314 207 40 budgetåret
1452 1313 156 33 1961/62:

891 1369 264 38 Avlöningsstat

437 1426 28 29 1.
501 1424 213 39 Avlöningar
745 1424 53 30 till
831 1423 175 30 ordinarie
1038 1422 227 39 tjänstemän,
1298 1420 71 40 för-

499 1477 148 40 SlagsViS
714 1500 558 6 ones
868 1472 59 49 rer
936 1472 77 49 ere
1024 1500 142 6 serier
1190 1472 40 49 er
1242 1472 34 49 rn
1451 1473 61 31 110
1526 1473 63 30 000

433 1531 30 31 2.
498 1530 162 31 Arvoden
678 1530 64 30 och
762 1501 178 59 särskilda
954 1497 131 74 RATES
1093 1528 75 39 TARA
1218 1495 151 71 bestäm-

500 1584 44 31 da
567 1593 43 21 av
631 1583 127 39 Kungl.
781 1583 117 39 Maj:t,
922 1581 204 40 förslagsvis
1268 1606 4 4 .
1449 1579 63 31 976
1526 1579 63 31 000

433 1638 31 30 3.
500 1637 213 39 Avlöningar
731 1636 53 31 till
803 1636 97 39 övrig
919 1634 268 31 icke-ordinarie
1206 1633 163 41 personal
1452 1633 60 30 143
1526 1633 63 30 000

434 1691 30 30 4.
501 1690 134 40 Rörligt
656 1690 131 39 tillägg,
811 1689 204 40 förslagsvis
1136 1714 3 3 .
1471 1686 42 31 69
1527 1686 63 30 000

434 1744 30 30 5.
501 1743 276 40 Kompensation
803 1742 55 31 för
882 1742 109 40 höjda
1016 1741 118 39 SENS
1180 1713 145 67 OHSAS
1329 1713 41 56 LE

501 1799 62 32 ter,
588 1796 204 40 förslagsvis
848 1821 70 4 —....
1136 1822 2 2 |
1313 1819 26 4 -
1494 1793 17 29 7
1526 1793 64 30 000

1081 1865 143 30 Summa
1244 1864 132 29 kronor
1424 1864 14 29 1
1455 1863 63 30 305
1532 1863 80 34 000;

481 1956 35 33 ce)
547 1955 51 30 till
635 1955 140 30 Statens
815 1953 209 40 polisskola:
1063 1953 215 38 Avlöningar
1316 1951 56 31 för
1409 1951 205 40 budgetåret

438 2009 140 32 1961/62
597 2008 112 30 under
725 2007 86 31 elfte
830 2006 223 31 huvudtiteln
1073 2006 120 30 anvisa
1212 2007 48 28 ett
1280 2005 274 39 förslagsanslag
1573 2014 42 20 av

440 2062 93 30 1305
548 2062 63 30 000
637 2062 141 33 kronor,
806 2061 107 30 därav
942 2060 60 30 170
1016 2059 64 30 000
1106 2059 131 30 kronor
1263 2061 51 28 att
1341 2058 173 30 avräknas
1541 2059 73 28 mot

438 2114 459 31 automobilskattemedlen.

168 2222 75 33 3:0)
270 2222 135 29 Statens
428 2220 205 35 polisskola:
658 2219 265 29 Omkostnader.
947 2219 13 29 I
983 2217 150 38 enlighet
1154 2218 78 29 med
1255 2217 124 37 Kungl.
1403 2216 121 36 Maj:ts
1547 2216 70 29 för-

124 2276 86 39 slag,
232 2275 107 30 vilket
360 2274 146 30 innebär
527 2283 43 20 en
592 2273 78 30 med
692 2273 41 29 39
747 2273 64 29 000
833 2272 131 29 kronor
985 2271 92 30 ökad
1099 2270 329 38 medelsanvisning,
1450 2269 165 30 hemstäl-

130 2329 48 29 ler
205 2328 181 33 utskottet,

483 2381 49 28 att
550 2378 187 39 riksdagen
756 2378 57 29 må
831 2377 52 30 till
900 2377 140 30 Statens
1057 2375 208 40 polisskola:
1286 2374 258 30 Omkostnader
1562 2374 55 30 för

439 2432 204 39 budgetåret
671 2431 140 32 1961/62
838 2430 111 30 under
973 2429 82 30 elfte
1079 2428 224 31 huvudtiteln
1328 2428 121 29 anvisa
1473 2429 49 28 ett
1548 2427 69 30 för-

441 2484 215 40 slagsanslag
678 2494 41 20 av
740 2483 64 30 354
819 2484 63 29 000
904 2483 140 33 kronor,
1067 2482 106 30 därav
1195 2481 42 30 46
1251 2481 63 30 000
1337 2481 129 30 kronor
1488 2483 51 27 att
1562 2490 55 20 av-

441 2539 128 29 räknas
588 2540 72 27 mot
679 2535 459 32 automobilskattemedlen.
