1898 2782
261 177 44 31 28
566 175 127 34 Första
710 175 254 43 lagutskottets
980 177 185 34 utlåtande
1182 190 42 21 nr
1241 180 40 31 11
1302 179 40 32 år
1359 180 90 32 1958

262 255 83 33 med
365 254 107 34 tanke
491 255 48 42 på
559 259 57 30 att
635 255 110 43 skapa
765 255 185 43 möjlighet
970 256 53 34 till
1044 268 43 22 en
1107 257 161 34 rationell
1289 258 171 42 reglering
1480 270 46 22 av
1546 258 203 42 riksdagens

262 319 90 31 egna
369 308 362 35 arbetsförhållanden
748 321 103 31 synes
868 322 55 21 oss
939 310 76 34 icke
1031 311 221 42 nödvändigt
1267 316 89 29 utan
1374 312 60 34 det
1451 312 63 34 bör
1531 315 91 31 även
1639 314 111 33 under

262 361 162 42 speciella
450 361 243 35 förhållanden
720 375 86 21 vara
831 363 140 42 möjligt
997 368 56 29 att
1080 364 131 34 beakta
1236 365 303 42 omständigheter
1566 378 46 22 av
1639 372 110 29 annat

262 415 86 42 slag.
368 415 122 42 Enligt
510 416 65 33 vår
595 416 233 43 uppfattning
848 420 39 31 är
908 417 11 34 i
940 417 230 35 förevarande
1191 418 61 34 fall
1274 419 95 42 läget
1391 419 129 34 sådant
1541 425 57 28 att
1618 425 131 36 ytterst

262 468 123 34 starka
405 469 75 33 skäl
500 469 92 34 talar
613 469 55 34 för
689 474 53 29 ett
762 470 175 42 uppskov,
958 471 66 33 och
1046 471 35 33 vi
1102 471 195 43 tillstyrker
1318 472 119 34 därför
1458 473 98 34 bifall
1579 474 53 34 till
1655 475 61 33 det
1736 474 12 34 i

261 521 223 34 motionerna
500 521 196 35 framförda
713 523 390 43 uppskovsyrkandet.»

308 575 75 34 dels
398 575 66 34 ock
480 580 119 29 ansett
615 580 57 29 att
687 576 180 34 utskottet
883 577 80 34 bort
979 578 112 33 under
1106 578 45 41 A)
1171 578 199 41 hemställa,

625 636 56 29 att
709 632 187 42 riksdagen
923 653 46 4 —
995 634 82 33 med
1105 633 98 35 bifall
1232 634 54 34 till
1314 635 222 34 motionerna
1565 636 30 34 I:
1610 640 43 30 29
1683 637 65 34 och

580 685 51 33 II:
646 688 42 31 33
703 706 46 4 —
762 686 115 33 måtte
892 687 81 33 med
988 687 81 34 stöd
1084 699 45 21 av
1147 687 15 39 $
1182 691 42 30 58
1240 687 355 44 riksdagsordningen
1611 690 139 34 besluta

579 738 164 43 uppskov
766 739 53 33 till
846 742 87 31 1959
959 740 54 33 års
1037 740 142 43 riksdag
1201 741 82 34 med
1308 741 258 44 behandlingen
1591 755 47 22 av
1661 743 88 34 före-

578 792 156 34 varande
755 792 231 43 proposition.

307 888 35 42 2)
371 900 46 21 av
437 888 78 34 herr
536 889 165 43 Mogård.

667 2491 53 21 Ivar
734 2491 154 25 Heggströms
901 2492 147 25 Boktryckeri
1061 2492 39 21 AB
1118 2500 5 6 +
1140 2493 130 21 Stockholm
1286 2494 48 20 1958

966 2529 70 15 580462
