1906 2788
440 209 128 34 Första
585 206 254 43 lagutskottets
855 203 186 36 utlåtande
1058 215 42 22 nr
1117 205 39 31 11
1178 203 39 33 år
1234 203 89 32 1958
1586 201 40 30 21

137 292 55 34 för
208 303 85 31 egen
310 290 55 35 del
382 290 75 33 icke
475 293 57 30 att
548 287 127 40 uttala,
693 291 56 29 att
765 283 462 45 grundlagsbestämmelsen
1245 281 64 34 bör
1326 280 199 43 upphävas.
1543 278 83 34 Frå-

135 357 69 32 gan
226 357 58 22 om
307 343 163 43 åtgärder
492 342 11 34 i
526 342 100 34 detta
649 339 94 44 syfte
765 339 100 34 torde
888 337 193 34 emellertid
1104 336 38 34 få
1164 335 157 34 anmälas
1345 334 60 34 vid
1428 338 55 29 ett
1506 343 119 23 senare

136 399 146 34 tillfälle.

182 453 81 34 Den
282 452 196 42 föreslagna
497 450 101 42 lagen
617 448 100 34 torde
737 448 86 33 böra
841 446 104 34 träda
964 446 11 33 i
993 444 97 34 kraft
1110 444 68 34 den
1200 446 16 30 1
1238 442 64 43 juli
1323 445 99 36 1958,
1442 439 184 43 samtidigt

140 506 81 35 med
241 506 68 34 den
329 517 71 31 nya
419 503 268 43 lagstiftningen
707 514 58 22 om
784 500 191 43 prästval.»

661 670 96 36 1957
780 668 67 36 års
868 668 237 44 kyrkomöte

186 774 241 42 Kyrkomötet
444 772 65 33 har
526 770 11 34 i
555 770 53 34 sin
626 769 165 35 skrivelse
809 768 53 33 till
880 767 133 42 Kungl.
1030 764 112 43 Maj:t
1161 763 118 35 anfört
1295 762 109 35 bland
1422 765 123 30 annat:

188 836 102 33 »Den
307 848 48 21 nu
374 834 156 34 aktuella
548 832 123 43 frågan
689 844 58 21 om
764 830 151 34 kvinnas
933 828 206 43 behörighet
1157 826 53 34 till
1227 824 184 45 prästerlig
1427 824 116 42 tjänst
1559 823 71 33 kan

141 890 109 42 enligt
266 889 247 42 kyrkomötets
531 886 143 41 mening
690 885 76 34 icke
785 884 165 33 besvaras
970 886 110 30 annat
1099 884 46 31 än
1163 880 81 34 med
1262 877 271 44 utgångspunkt
1551 876 78 33 från

139 955 71 31 nya
231 945 243 31 testamentet.
495 940 85 42 Nya
602 942 231 30 testamentet
856 948 59 31 ger
936 936 11 33 i
970 933 305 43 frälsningsfrågor
1296 932 67 34 och
1385 936 99 29 trons
1508 929 121 43 övriga

143 995 242 43 huvudfrågor
402 994 123 43 giltiga
542 993 131 34 besked
692 991 54 34 för
764 991 68 34 alla
850 990 102 34 tider.
971 989 56 33 Av
1046 1000 118 22 annan
1184 991 55 29 art
1257 989 39 31 är
1313 985 125 43 frågan
1455 983 177 35 huruvida

140 1050 66 34 och
222 1050 11 33 i
249 1049 118 34 vilken
382 1047 219 42 omfattning
616 1058 73 30 nya
704 1047 248 32 testamentets
969 1041 246 42 förordningar
1231 1039 55 34 för
1303 1039 42 34 de
1363 1038 112 34 första
1492 1037 137 34 kristna

141 1103 291 41 församlingarna
451 1101 72 33 kan
544 1111 100 22 anses
664 1098 46 34 ha
730 1110 44 22 en
794 1097 54 34 för
867 1097 46 34 all
932 1095 147 35 framtid
1099 1093 238 44 förpliktande
1357 1090 184 35 innebörd.
1561 1089 67 34 Till

141 1157 115 34 denna
274 1167 113 31 grupp
407 1167 45 21 av
470 1154 118 42 frågor
604 1153 64 33 hör
687 1152 68 34 den
774 1163 58 22 om
850 1149 277 45 prästämbetets
1145 1146 267 44 utgestaltning.
1432 1145 75 33 Det
1527 1155 102 31 synes

141 1209 119 35 därför
283 1209 230 43 kyrkomötet
537 1218 86 22 vara
647 1205 184 43 angeläget
855 1208 56 29 att
935 1203 116 34 beslut
1075 1213 77 22 som
1176 1200 123 34 binder
1323 1199 68 34 den
1415 1197 214 35 kommande

141 1263 249 42 utvecklingen
414 1261 76 34 icke
515 1260 123 40 fattas,
662 1258 119 34 förrän
805 1269 84 22 man
913 1257 97 33 inom
1034 1255 140 43 kyrkan
1199 1253 129 34 vunnit
1353 1255 111 31 större
1490 1250 140 43 enighet

141 1317 66 34 och
226 1316 139 34 klarhet
385 1313 225 36 beträffande
630 1311 264 42 utformningen
915 1322 46 22 av
982 1308 270 45 prästämbetet.
1273 1305 200 36 Värdefullt
1495 1315 103 32 synes
1620 1303 10 33 i

143 1371 100 33 detta
260 1368 257 42 sammanhang
533 1379 85 22 vara
636 1370 55 29 att
706 1365 81 34 hela
803 1363 299 43 frågekomplexet
1119 1361 66 34 blir
1202 1361 127 42 belyst,
1346 1359 93 34 helst
1455 1358 12 34 i
1486 1358 144 33 allmän-

142 1423 156 43 kyrkligt
317 1421 267 41 sammanhang.
602 1420 66 33 Ett
687 1430 109 31 organ
814 1416 119 35 härför
951 1416 113 33 finnes
1083 1415 12 33 i
1112 1415 196 42 kyrkornas
1327 1411 196 35 världsråd.

188 1476 242 43 Kyrkomötet
446 1474 72 33 kan
536 1472 119 35 därför
672 1472 76 33 icke
767 1482 82 22 anse
867 1470 61 34 det
945 1469 129 42 rådligt
1092 1472 56 30 att
1166 1478 126 32 genom
1309 1465 99 35 bifall
1427 1464 54 34 till
1499 1459 132 52 Kungl.

143 1529 128 43 Maj:ts
292 1528 129 42 förslag
440 1531 86 38 taga
546 1525 200 43 avgörande
768 1523 166 42 ställning
954 1522 54 34 till
1029 1521 134 42 frågan.

188 1583 52 33 På
256 1582 113 43 grund
387 1593 46 21 av
450 1580 70 34 vad
538 1579 148 34 sålunda
704 1577 135 34 anförts
857 1576 55 34 får
927 1575 231 43 kyrkomötet
1175 1573 154 34 förklara
1347 1571 51 43 sig
1416 1571 77 34 icke
1511 1570 121 34 kunna

146 1636 189 43 godkänna
354 1634 61 34 det
434 1634 60 33 vid
513 1633 112 34 Eders
644 1631 133 43 Kungl.
796 1630 128 42 Maj:ts
944 1628 165 35 skrivelse
1129 1627 126 43 fogade
1273 1625 257 43 lagförslaget.»

736 1792 306 44 Propositionen

193 1895 69 34 Vid
284 1907 49 30 ny
356 1893 121 34 remiss
500 1892 53 34 till
576 1891 160 43 lagrådet
759 1891 67 33 den
851 1894 18 29 6
895 1888 183 34 december
1103 1890 88 31 1957
1215 1884 144 35 anförde
1382 1883 255 44 föredragande

149 1946 400 44 departementschefen,
568 1944 194 34 statsrådet
780 1943 197 37 Edenman,
997 1940 168 42 följande:

196 2007 279 43 »Inledningsvis
499 2007 60 33 vill
582 2006 60 42 jag
664 2005 114 34 erinra
800 2017 57 21 om
881 2008 56 29 att
959 2002 187 41 riksdagen
1168 2001 11 33 i
1203 2000 163 35 skrivelse
1390 1999 68 34 den
1483 2001 43 31 27
1550 1997 87 43 april

149 2066 98 36 1955,
269 2073 41 21 nr
333 2064 77 37 214,
432 2060 182 34 hemställt
638 2062 56 30 att
715 2057 132 43 Kungl.
870 2055 111 43 Maj:t
1003 2055 114 34 måtte
1140 2054 55 34 för
1216 2054 230 42 kyrkomötet
1468 2051 67 35 och
1558 2051 77 34 där-

146 2116 89 33 efter
256 2114 54 34 för
331 2114 186 42 riksdagen
539 2112 194 41 framlägga
756 2110 128 42 förslag
905 2122 59 21 om
986 2107 233 44 lagstiftning,
1242 2119 75 21 som
1339 2118 60 30 ger
1420 2105 136 33 kvinna
1578 2104 57 33 be-

146 2168 161 42 hörighet
328 2167 52 33 till
402 2165 270 44 prästämbetet.
694 2164 18 33 I
734 2164 62 33 det
816 2162 186 34 utlåtande
1024 2173 45 22 av
1091 2160 112 34 första
1223 2159 237 42 lagutskottet
1483 2170 75 21 som
1581 2157 55 42 låg

147 2222 52 32 till
221 2220 112 43 grund
355 2219 54 34 för
430 2217 351 43 riksdagsskrivelsen
802 2216 64 33 har
887 2215 179 34 utskottet
1088 2213 136 42 angivit
1245 2213 76 33 sina
1342 2212 75 33 skäl
1440 2210 55 34 för
1517 2215 55 29 att
1593 2222 42 21 en

148 2274 98 42 dylik
267 2272 223 42 lagstiftning
511 2271 64 33 bör
596 2271 144 32 komma
762 2269 52 33 till
837 2268 116 33 stånd.
975 2267 19 33 I
1016 2270 85 30 nära
1125 2265 203 42 anslutning
1349 2264 119 33 härtill
1490 2263 65 33 har
1577 2263 60 32 det

151 2327 54 33 för
224 2326 228 42 kyrkomötet
471 2323 197 42 framlagda
687 2322 166 41 förslaget
872 2320 208 34 motiverats
1101 2318 132 34 utifrån
1254 2318 64 33 två
1336 2315 306 43 huvudsynpunk-

149 2384 64 35 ter,
231 2379 175 41 nämligen
426 2378 72 33 dels
517 2376 181 43 principen
717 2387 58 21 om
794 2386 100 21 mans
914 2373 65 34 och
999 2372 150 33 kvinnas
1169 2370 228 42 likställighet
1416 2369 10 33 i
1447 2369 82 33 vårt
1548 2380 88 21 sam-

149 2432 102 40 hälle,
274 2432 72 33 dels
370 2442 183 30 omsorgen
576 2441 58 22 om
657 2428 156 42 kyrkans
836 2427 114 33 bästa.
974 2425 68 35 Vid
1067 2425 162 33 ärendets
1252 2423 148 42 tidigare
1425 2421 213 41 behandling

150 2485 91 34 inför
259 2484 132 42 Kungl.
411 2483 111 42 Maj:t
542 2483 63 33 har
625 2482 90 33 både
736 2481 100 34 dessa
856 2479 221 43 synpunkter
1096 2478 66 34 och
1183 2477 119 33 skälen
1324 2476 53 33 för
1397 2475 242 43 lagförslagets

150 2538 219 42 utformning
388 2540 161 30 närmare
571 2535 199 34 utvecklats
792 2546 45 21 av
858 2533 71 33 min
952 2532 215 33 företrädare
1189 2543 75 21 som
1285 2527 354 44 departementschef.
