1884 2832
278 146 20 30 8
684 153 122 32 Första
825 155 239 37 lagutskottets
1083 156 177 32 utlåtande
1279 157 50 31 Nr
1353 159 28 30 4.

984 239 40 32 29
1045 237 29 40 8.

324 299 132 35 Varder
477 302 29 38 ej
531 302 92 33 talan
644 315 52 20 om
717 304 216 39 ansvarighet
955 305 270 39 anhängiggjord
1248 307 88 32 inom
1358 308 59 32 två
1441 309 38 31 år
1504 307 77 33 från
1603 308 180 40 luftfarty-

280 354 74 35 gets
375 351 155 34 ankomst
549 353 54 32 till
625 353 325 35 bestämmelseorten
972 356 80 33 eller
1076 356 77 33 från
1178 357 62 33 den
1264 357 75 40 dag,
1364 358 42 33 då
1431 358 55 33 det
1508 359 110 34 skolat
1639 360 144 33 anlända

281 400 79 34 eller
382 402 43 33 då
446 402 236 40 befordringen
704 405 144 39 avbröts,
869 418 80 21 vare
970 410 109 29 rätten
1101 407 54 32 till
1178 408 93 32 talan
1295 408 158 33 förlorad.

980 509 41 31 30
1041 507 28 39 $.

325 569 96 34 Skall
440 571 189 40 befordran,
653 584 68 21 som
743 573 105 39 enligt
868 575 66 31 vad
957 575 112 32 därom
1089 576 147 32 avtalats
1256 581 37 27 är
1314 580 51 29 att
1385 589 79 21 anse
1487 578 107 32 såsom
1616 591 40 20 en
1676 580 105 37 enhet,

282 621 131 34 utföras
437 634 43 21 av
504 623 85 33 flera
616 623 208 35 fraktförare
847 637 62 21 var
933 626 86 33 efter
1045 639 119 27 annan,
1188 640 80 20 vare
1291 640 102 21 envar
1418 641 42 21 av
1485 629 81 39 dem,
1592 630 102 33 sedan
1716 631 66 33 han

279 673 157 37 mottagit
460 684 250 29 passageraren,
734 675 54 32 det
809 675 176 33 inskrivna
1008 677 171 38 resgodset
1201 677 79 33 eller
1305 678 127 39 godset,
1458 680 159 38 ansvarig
1642 680 54 32 för
1721 680 61 32 den

279 721 51 34 del
351 734 42 21 av
413 723 245 40 befordringen,
682 737 77 20 vars
781 726 180 33 utförande
985 727 190 33 ankommer
1198 729 44 37 på
1263 728 128 33 honom.

321 772 68 33 Vid
411 773 179 34 befordran
614 787 41 20 av
679 775 163 33 inskrivet
866 777 137 38 resgods
1025 778 79 32 eller
1127 778 83 38 gods
1232 780 54 31 må
1309 780 209 32 avsändaren
1540 781 126 37 jämväl
1689 781 92 33 hålla

279 823 52 39 sig
355 824 55 31 till
434 824 62 33 den
520 824 104 34 förste
648 825 230 34 fraktföraren
902 828 61 31 och
990 828 61 32 den
1078 841 69 20 som
1172 834 80 33 äger
1274 830 78 32 utfå
1376 830 118 38 godset
1519 831 54 32 till
1601 832 62 32 den
1690 833 90 37 siste,

278 874 86 32 ändå
388 877 51 30 att
464 874 128 34 skadan
615 876 80 33 eller
718 876 194 39 dröjsmålet
936 878 172 39 inträffat,
1134 880 118 32 medan
1277 880 117 39 godset
1416 893 62 20 var
1502 882 12 31 i
1538 894 109 20 annan
1673 882 107 33 frakt-

278 924 128 33 förares
428 925 94 33 vård.
567 922 70 37 Äro
658 928 58 31 två
740 927 208 34 fraktförare
972 930 180 38 ansvariga
1174 930 87 32 efter
1280 931 66 32 vad
1367 944 44 19 nu
1434 935 103 36 sagts,
1563 944 94 22 svare
1683 934 38 32 de
1741 945 39 21 en

278 974 53 33 för
348 975 87 33 båda
453 976 60 32 och
530 976 87 33 båda
637 977 54 32 för
710 989 50 21 en.

775 1162 265 32 Sammansatt
1062 1162 217 33 befordran.

977 1241 39 31 al
1040 1239 28 40 8.

319 1301 72 33 Där
411 1302 179 34 befordran
611 1304 88 32 skall
718 1305 131 33 utföras
872 1306 105 33 delvis
997 1307 74 32 med
1091 1307 191 40 luftfartyg
1304 1309 60 32 och
1384 1309 106 33 delvis
1510 1310 73 32 med
1603 1314 102 29 annat
1726 1311 52 32 be-

276 1351 287 42 fordringsmedel,
586 1366 79 21 vare
689 1355 106 33 denna
820 1356 58 39 lag
904 1357 185 39 tillämplig
1115 1358 143 33 allenast
1281 1359 217 34 beträffande
1523 1360 255 34 luftbefordrin-

275 1414 73 26 gen.

318 1453 144 40 Villkor,
485 1466 69 21 som
577 1467 96 21 avser
694 1456 237 39 befordringen
955 1458 74 32 med
1052 1462 102 29 annat
1177 1459 331 41 befordringsmedel,
1531 1463 53 31 må
1608 1462 134 39 intagas
1767 1463 11 31 il

275 1503 497 42 luftbefordringshandlingen.

766 1682 199 33 Särskilda
987 1683 303 33 bestämmelser.

975 1762 40 31 32
1035 1761 29 39 8.

317 1822 103 34 Göres
440 1824 13 32 i
473 1824 307 40 befordringsavtal
800 1827 80 33 eller
901 1828 98 38 eljest
1021 1829 101 32 innan
1147 1829 105 33 skada
1275 1831 108 39 timat,
1406 1832 75 32 med
1505 1832 170 34 avvikelse
1698 1834 76 31 från

271 1873 66 32 vad
353 1873 13 32 i
385 1874 106 33 denna
508 1875 56 39 lag
582 1876 149 40 stadgas,
749 1877 166 33 förbehåll
934 1891 51 20 om
1005 1880 184 39 tillämplig
1206 1881 58 38 lag
1281 1882 79 32 eller
1377 1894 51 21 om
1447 1883 158 33 domstols
1625 1884 148 39 behörig-

270 1922 66 39 het,
355 1936 80 21 vare
451 1924 55 33 det
524 1925 164 34 förbehåll
706 1931 82 29 utan
804 1928 136 33 verkan.

319 1974 201 40 Skiljeavtal
543 1979 138 32 rörande
707 1979 104 33 skada
835 1992 68 20 som
923 1981 12 32 i
959 1981 105 33 denna
1088 1983 58 38 lag
1164 1995 94 21 avses
1283 1997 88 26 vare,
1397 1985 60 32 där
1480 1986 126 32 avtalet
1631 1987 143 32 träffats

273 2023 101 46 innan
392 2025 130 33 skadan
541 2026 132 39 timade,
693 2028 30 38 ej
744 2029 157 38 gällande
919 2031 74 31 med
1012 2031 127 33 mindre
1157 2032 127 33 avtalet
1302 2034 106 38 angår
1428 2034 180 33 befordran
1627 2047 42 20 av
1689 2036 82 38 gods

274 2079 86 28 samt
383 2075 436 40 skiljemannaförfarandet
842 2080 88 32 skall
954 2086 65 33 äga
1042 2094 73 20 rum
1139 2083 12 31 i
1177 2086 67 29 stat
1268 2095 68 21 som
1360 2089 38 27 är
1421 2085 154 32 ansluten
1598 2086 54 31 till
1676 2086 61 32 den
1759 2086 12 32 i

273 2124 189 36 Warschau
483 2127 62 33 den
565 2129 39 31 12
626 2129 136 33 oktober
783 2131 83 32 1929
890 2131 176 34 avslutade
1085 2133 241 33 konventionen
1348 2147 51 20 om
1419 2136 248 33 internationell
1689 2137 81 32 luft-

272 2176 190 42 befordran,
484 2178 87 33 inom
592 2191 39 21 en
653 2180 12 32 i
686 2181 41 33 28
751 2180 19 40 $
792 2182 125 32 avsedd
941 2183 158 33 domstols
1122 2184 170 39 domvärjo
1313 2186 61 32 och
1395 2186 74 32 med
1491 2187 216 39 tillämpning
1729 2200 42 20 av

272 2228 65 33 vad
354 2229 100 39 lagen
472 2229 12 33 i
504 2230 104 33 sådan
629 2234 68 30 stat
717 2232 138 38 stadgar
873 2245 52 20 om
944 2233 250 34 luftbefordran
1215 2247 68 20 som
1304 2236 12 31 i
1334 2236 242 33 konventionen
1598 2249 106 21 avses.

977 2336 41 32 33
1039 2335 28 39 $.

311 2396 301 36 Bestämmelserna
634 2400 12 31 i
672 2399 106 34 denna
801 2401 58 38 lag
882 2401 96 33 skola
1003 2407 64 33 äga
1092 2403 216 40 tillämpning
1332 2405 127 38 jämväl
1483 2406 19 32 å
1525 2406 247 34 internationell

267 2446 261 42 luftbefordran,
545 2450 66 32 vad
627 2450 12 32 i
659 2451 42 31 24
720 2450 19 40 $
759 2451 138 39 stadgas
917 2452 84 33 dock
1018 2453 142 33 allenast
1179 2454 60 32 där
1257 2455 105 39 enligt
1381 2456 12 31 i
1413 2456 183 33 allmänhet
1615 2457 156 39 gällande
