1880 2834
519 170 122 30 Första
659 170 238 36 lagutskottets
918 170 177 32 utlåtande
1113 171 49 31 Nr
1189 173 29 29 4.
1605 167 19 30 3

697 264 41 27 II.
781 265 262 33 Resgodsbevis.

834 326 70 40 48.

159 394 69 33 Vid
243 394 181 34 befordran
440 407 41 20 av
498 395 148 40 resgods,
664 407 69 21 som
747 407 242 28 passageraren
1006 396 129 33 lämnat
1152 396 12 33 i
1183 396 248 34 fraktförarens
1449 397 84 33 vård
1556 396 65 41 (in-

116 446 127 33 skrivet
265 446 170 41 resgods),
460 447 88 33 skall
572 448 104 33 denne
698 448 140 32 utfärda
863 447 242 40 resgodsbevis.

159 497 247 40 Resgodsbevis
428 499 87 33 skall
538 504 181 35 upprättas
740 501 12 32 i
773 501 57 32 två
853 501 179 39 exemplar,
1056 501 55 32 det
1131 513 61 20 ena
1215 500 53 33 för
1290 512 251 28 passageraren,
1567 500 55 33 det

115 548 104 33 andra
236 549 54 33 för
311 549 240 34 fraktföraren.
593 551 136 33 Beviset
749 551 88 33 skall
857 552 170 33 innehålla
1047 552 149 38 följande
1214 552 193 39 uppgifter:

183 625 6 7 .
214 603 52 29 ort
284 600 61 33 och
365 600 65 39 dag
449 601 53 32 för
519 601 237 40 utfärdandet;

183 676 6 7 .
214 651 207 38 avgångsort
440 652 60 32 och
517 652 300 40 bestämmelseort;

179 727 6 6 .
211 701 249 34 fraktförarens
478 702 81 33 eller
577 703 252 33 fraktförarnas
845 716 99 20 namn
962 704 60 32 och
1038 704 129 39 adress;

183 777 6 7 .
214 751 171 39 biljettens
407 765 163 27 nummer;

178 828 7 7 .
210 805 51 30 att
278 803 172 39 resgodset
466 804 170 33 utlämnas
656 804 54 33 till
727 804 224 34 innehavaren
969 817 42 21 av
1031 805 142 39 beviset;

177 878 7 7 .
208 852 146 34 kollinas
376 854 92 32 antal
488 854 61 33 och
568 854 90 40 vikt;

184 929 6 7 .
215 904 131 39 belopp,
367 916 69 21 som
454 905 177 39 uppgivits
649 906 12 32 i
680 906 147 39 enlighet
845 907 74 32 med
938 908 40 31 22
1000 907 18 39 8
1037 907 105 32 andra
1161 907 148 39 stycket;
1330 911 87 29 samt

183 980 6 6 .
214 958 51 29 att
285 955 238 39 befordringen
541 956 131 33 utföres
690 957 105 32 under
816 957 61 33 den
897 958 226 38 ansvarighet,
1144 969 69 21 som
1235 958 139 38 stadgas
1393 958 12 32 i
1428 958 106 33 denna
1551 958 69 39 lag.

156 1001 53 36 Är
226 1005 232 39 resgodsbevis
477 1006 30 39 ej
525 1006 167 40 utfärdat,
713 1007 62 33 har
792 1007 128 33 beviset
938 1008 30 38 ej
992 1008 201 33 föreskrivet
1214 1008 148 33 innehåll
1383 1008 81 33 eller
1481 1009 63 32 har
1565 1009 56 33 det

114 1054 204 40 förkommit,
342 1068 79 21 vare
444 1056 344 40 befordringsavtalet
813 1058 129 33 ändock
966 1058 157 39 gällande
1150 1059 60 32 och
1235 1059 221 33 underkastat
1478 1059 142 33 bestäm-

113 1106 162 32 melserna
297 1106 12 32 i
331 1106 105 33 denna
458 1107 68 39 lag.
570 1108 75 32 Har
666 1108 229 33 fraktföraren
917 1110 160 38 mottagit
1097 1109 172 39 resgodset
1289 1113 82 29 utan
1396 1114 51 29 att
1469 1110 150 39 resgods-

112 1156 92 33 bevis
222 1156 174 33 utfärdats
416 1157 80 33 eller
515 1158 186 33 innehåller
720 1158 127 34 beviset
865 1159 73 33 icke
958 1159 39 33 de
1016 1160 13 31 i
1047 1160 105 32 andra
1172 1160 133 39 stycket
1323 1160 105 33 under
1446 1161 42 39 d.,
1511 1161 26 33 f.
1559 1161 60 33 och

111 1206 33 33 h.
165 1206 213 34 föreskrivna
397 1208 188 40 uppgifter,
607 1213 62 35 äge
689 1209 66 33 han
776 1209 107 33 likväl
905 1210 30 38 ej
955 1210 145 39 åberopa
1121 1210 39 33 de
1181 1211 258 41 bestämmelser,
1461 1223 69 21 som
1549 1215 70 30 ute-

113 1257 89 32 sluta
221 1257 80 33 eller
317 1258 165 39 begränsa
499 1259 85 32 hans
604 1259 227 39 ansvarighet.

156 915 24 71 FR
158 814 17 70 hö
158 713 20 70 mo
158 611 21 71 Ir»

667 1366 59 27 III.
768 1366 294 33 Flygfraktsedel.

823 1426 22 36 5
867 1428 30 40 8.

154 1492 69 33 Vid
248 1493 181 33 befordran
453 1505 43 21 av
520 1494 83 38 gods
628 1499 63 34 äge
715 1495 230 33 fraktföraren
973 1495 126 40 fordra,
1128 1500 51 29 att
1206 1497 208 33 avsändaren
1438 1501 182 36 upprättar

110 1543 60 31 och
194 1543 175 33 avlämnar
389 1555 39 21 en
450 1544 388 40 befordringshandling,
863 1546 185 33 betecknad
1072 1546 277 39 flygfraktsedel.
1397 1548 221 33 Avsändaren

111 1597 62 34 äge
192 1593 126 39 fordra,
338 1597 51 29 att
408 1594 104 33 sådan
532 1594 164 40 handling
714 1599 164 35 mottages
896 1608 42 21 av
958 1596 242 34 fraktföraren.

154 1640 52 36 Är
226 1644 266 39 flygfraktsedel
515 1645 30 38 ej
567 1646 175 39 utfärdad,
764 1647 62 32 har
845 1647 61 32 den
927 1647 29 38 ej
979 1647 202 34 föreskrivet
1200 1648 149 33 innehåll
1371 1649 80 33 eller
1471 1650 62 32 har
1556 1650 62 33 den

112 1694 204 39 förkommit,
334 1707 79 21 vare
428 1695 344 40 befordringsavtalet
787 1697 129 33 ändock
933 1697 158 39 gällande
1109 1699 69 39 och,
1197 1699 74 33 med
1288 1700 55 32 det
1358 1700 174 40 undantag
1549 1713 68 21 som

111 1744 99 39 följer
233 1757 42 20 av
297 1746 18 32 9
339 1745 28 39 $,
391 1746 222 33 underkastat
636 1747 292 33 bestämmelserna
950 1748 12 32 i
985 1748 107 33 denna
1114 1749 68 39 lag.

826 1849 18 32 6
866 1848 29 40 8.

153 1912 303 38 Flygfraktsedeln
482 1913 88 32 skall
595 1918 180 35 upprättas
801 1927 42 20 av
868 1915 208 33 avsändaren
1102 1917 12 31 i
1140 1921 49 28 tre
1216 1917 316 40 originalexemplar
1556 1919 60 33 och

110 1962 172 33 avlämnas
299 1963 224 33 tillsammans
543 1964 74 32 med
634 1965 126 38 godset.
801 1965 67 33 Det
885 1966 109 32 första
1013 1967 204 38 exemplaret
1235 1967 88 33 skall
1342 1968 107 33 förses
1469 1970 74 32 med
1563 1970 52 32 be-

109 2012 200 39 teckningen
337 2013 75 32 »för
439 2013 252 34 fraktföraren»
718 2016 60 32 och
803 2016 244 33 undertecknas
1074 2029 43 20 av
1145 2018 218 33 avsändaren.
1415 2019 67 33 Det
1511 2020 105 32 andra

109 2063 204 38 exemplaret
331 2063 87 33 skall
437 2064 179 34 betecknas
639 2065 75 33 »för
735 2069 245 36 mottagaren»;
1004 2067 55 33 det
1078 2067 244 34 undertecknas
1344 2081 42 20 av
1407 2071 209 32 avsändaren

109 2113 60 32 och
197 2113 230 34 fraktföraren
457 2118 86 29 samt
572 2116 138 38 åtföljer
736 2117 127 38 godset.
911 2117 69 33 Det
1008 2118 107 38 tredje
1141 2119 204 39 exemplaret
1371 2120 244 34 undertecknas

108 2175 42 20 av
171 2163 230 34 fraktföraren
425 2165 59 32 och
506 2166 190 32 återställes
720 2179 41 20 av
784 2167 118 32 honom
926 2168 54 32 till
1002 2169 208 33 avsändaren
1231 2170 88 32 efter
1339 2171 134 38 godsets
1497 2175 117 29 motta-

108 2214 118 37 gande.

153 2264 260 33 Fraktförarens
433 2266 212 32 underskrift
665 2267 87 32 skall
770 2268 136 32 tecknas
925 2268 57 32 vid
999 2269 135 37 godsets
1155 2271 229 38 mottagande;
1404 2272 61 31 den
1483 2272 67 32 kan
1566 2284 48 21 er-

108 2317 106 28 sättas
237 2315 73 31 med
336 2315 151 38 stämpel.
535 2316 238 33 Avsändarens
797 2318 211 32 underskrift
1030 2319 67 31 kan
1120 2331 83 20 vara
1226 2320 116 38 tryckt
1366 2321 80 32 eller
1470 2326 143 28 ersättas

108 2364 73 32 med
199 2365 153 38 stämpel.

151 2414 72 33 Där
245 2415 230 33 fraktföraren
500 2417 44 38 på
566 2417 226 33 avsändarens
817 2418 145 38 begäran
988 2423 178 35 upprättat
1191 2420 300 41 flygfraktsedeln,
1517 2434 96 21 anses

106 2464 76 39 han,
206 2465 60 32 där
287 2465 30 38 ej
340 2469 101 29 annat
464 2466 144 39 styrkes,
631 2467 87 33 hava
740 2468 140 33 handlat
901 2469 53 32 för
977 2470 226 33 avsändarens
1224 2471 155 39 räkning.
