2236 2630
244 918 109 27 Motion

232 951 51 27 I1:
300 953 64 26 120.

404 183 37 29 14
872 187 329 39 Bevillningsutskottets
1223 189 178 29 betänkande
1422 190 48 29 Nr
1493 191 51 28 32.

401 263 177 46 styrelser
605 264 11 34 i
644 263 200 36 allmänhet
875 264 79 35 icke
981 265 107 35 torde
1115 278 85 22 vara
1228 268 38 32 så
1293 272 274 38 sammansatta,
1597 272 54 31 att
1678 268 45 36 de
1750 269 124 35 kunna
1901 282 105 23 anses

399 312 169 49 lämpade
609 318 53 31 att
701 313 211 36 handhafva
952 315 174 48 bolagens
1166 317 135 34 rörelse
1340 317 12 34 i
1393 317 71 35 den
1503 317 157 48 vidgade
1691 319 67 34 och
1786 318 220 38 förändrade

399 365 236 46 gestaltning,
664 377 77 22 som
769 369 53 31 ett
849 364 104 36 bifall
981 366 59 34 till
1068 366 248 36 motionärens
1344 366 138 49 förslag
1509 368 119 35 skulle
1656 368 175 37 medföra.
1880 369 126 37 Skulle

398 414 157 48 bolagen
595 415 13 34 i
648 414 44 35 de
731 420 116 30 större
883 415 171 36 städerna
1084 418 222 47 tillmötesgå
1333 418 328 36 konsumenternas
1688 419 181 37 växlande
1896 422 110 34 önsk-

399 464 133 48 ningar
558 466 12 33 i
599 463 103 50 fråga
728 478 60 23 om
816 478 27 23 s.
872 466 34 35 k.
934 466 120 36 bättre
1083 468 207 47 spirituosa,
1327 469 145 34 komme
1500 469 105 35 deras
1633 471 134 34 rörelse
1794 475 54 30 att
1874 477 132 41 antaga

399 528 46 22 en
485 515 109 47 högst
633 514 207 50 betydande
880 516 240 48 omfattning.
1173 517 125 37 Blefve
1339 518 165 36 däremot
1540 520 329 36 konsumenternas
1896 523 110 34 önsk-

399 566 134 45 ningar
568 565 209 45 åsidosatta,
815 567 145 35 komme
987 567 102 36 detta
1116 567 94 36 efter
1237 569 48 34 all
1304 569 235 35 sannolikhet
1558 576 55 29 att
1637 570 201 46 föranleda,
1865 577 52 30 att
1945 577 60 30 ut-

399 615 155 35 ländska
594 617 332 47 spirituosaaffärer
966 617 114 49 droge
1115 619 58 35 till
1209 620 57 47 sig
1301 632 46 22 en
1374 618 170 37 afsevärd
1571 620 59 35 del
1657 619 40 37 af
1719 622 285 48 omsättningen.

499 665 193 48 Härjämte
732 674 39 28 är
812 673 53 30 att
904 669 135 45 märka,
1081 674 54 30 att
1174 682 45 23 en
1255 669 103 49 dylik
1384 670 226 49 utvidgning
1637 670 39 36 af
1700 672 175 48 bolagens
1902 674 105 34 verk-

399 717 143 35 samhet
569 716 175 49 gifvetvis
771 719 119 35 skulle
918 718 167 36 medföra
1111 719 114 36 behof
1250 721 36 34 af
1313 733 46 23 en
1386 734 100 22 mera
1511 720 182 49 ingående
1720 723 161 35 kontroll
1904 722 103 36 öfver

399 767 157 47 bolagen
585 769 11 33 i
624 767 61 36 det
711 769 205 35 allmännas
944 771 167 42 intresse,
1140 783 84 23 men
1251 771 105 35 torde
1383 772 177 48 lämpliga
1587 771 275 37 bestämmelser
1880 772 127 37 härför

399 816 117 37 blifva
542 818 75 35 lika
645 821 104 33 svåra
776 824 54 31 att
857 820 144 36 utfinna
1028 833 78 23 som
1136 826 52 30 att
1214 820 162 37 därefter
1403 824 46 46 på
1472 827 53 30 ett
1548 821 170 37 effektivt
1736 828 72 31 sätt
1826 824 179 47 tillämpa.

502 918 16 35 I
545 926 89 28 nära
661 919 178 36 samband
865 921 84 35 med
976 921 71 35 den
1076 926 121 31 senast
1223 921 229 37 behandlade
1471 924 190 34 motionen
1681 926 76 33 står
1776 923 70 36 den
1865 923 40 36 af
1921 924 85 35 herr

401 968 169 37 Leander
605 983 48 21 m.
682 970 36 35 fl.
747 971 130 35 väckta
913 973 191 34 motionen
1132 972 44 35 II:
1209 974 81 42 120,
1319 973 104 35 hvari
1456 994 40 4 —
1529 973 118 35 under
1675 973 266 37 framhållande
1969 974 41 36 af

401 1018 70 36 den
501 1019 252 50 uppfattning,
782 1026 54 30 att
860 1021 45 35 då
930 1022 171 47 gällande
1129 1022 223 48 författning
1379 1024 31 46 ej
1433 1025 100 46 ålagt
1551 1024 159 48 bolagen
1730 1029 52 30 att
1801 1025 205 47 ombesörja

401 1070 47 34 all
476 1070 136 35 handel
640 1071 84 35 med
751 1072 210 47 spirituosa,
977 1072 63 36 det
1067 1073 80 35 icke
1174 1073 131 36 lönade
1332 1074 58 47 sig
1408 1079 54 30 att
1481 1073 114 36 redan
1613 1087 51 22 nu
1685 1075 144 47 påkalla
1847 1075 160 48 ändring

400 1121 12 33 i
440 1119 121 37 denna
602 1122 118 47 punkt
750 1144 40 3 —
823 1124 161 42 uttalats,
1026 1123 114 35 bland
1168 1128 132 40 annat,
1340 1129 53 30 att
1427 1124 63 35 vid
1526 1124 231 36 öfverlåtelse
1794 1124 40 36 af
1867 1126 140 35 minut-

400 1170 334 50 handelsrättighet
760 1173 74 35 lika
861 1174 58 34 väl
947 1185 77 23 som
1053 1173 62 35 vid
1142 1173 232 36 öfverlåtelse
1393 1173 40 36 af
1448 1179 75 30 rätt
1542 1176 58 34 till
1621 1176 252 48 utskänkning
1890 1176 115 35 borde

400 1233 86 23 vara
512 1221 139 36 fästadt
677 1223 132 35 villkor
837 1222 137 45 därom,
1003 1228 55 30 att
1077 1224 463 48 rättighetsinnehafvaren
1559 1225 119 35 skulle
1698 1226 65 35 hos
1782 1226 148 47 bolaget
1948 1228 59 33 in-

400 1272 94 47 köpa
521 1271 62 36 det
610 1272 58 36 för
694 1274 161 35 rörelsen
884 1273 243 49 erforderliga
1154 1276 187 46 egentliga
1368 1275 221 36 brännvinet
1616 1276 68 35 och
1712 1276 62 35 det
1792 1276 214 36 brännvin
1981 1267 27 59 i

400 1320 125 50 öfrigt,
554 1335 79 23 som
660 1324 147 47 bolaget
833 1325 12 34 i
873 1325 56 35 sin
957 1326 136 34 rörelse
1120 1325 289 36 tillhandahölle.

500 1373 204 36 Enahanda
738 1374 176 49 yrkande,
952 1387 79 23 som
1067 1375 169 36 bemälda
1264 1377 225 35 motionärer
1514 1377 14 35 i
1555 1377 217 48 anslutning
1800 1377 57 36 till
1885 1377 122 36 denna

401 1422 244 50 uppfattning
679 1437 62 31 nu,
780 1426 117 47 enligt
933 1425 96 36 hvad
1066 1425 110 36 ofvan
1212 1425 153 44 anförts,
1402 1426 211 45 framställt,
1642 1426 141 49 förelåg
1810 1426 107 37 äfven
1944 1428 63 35 vid

400 1473 161 36 sistlidet
596 1477 58 33 års
685 1474 164 49 Riksdag
875 1476 57 34 till
958 1476 175 48 yttrande
1160 1476 39 36 af
1224 1476 418 49 bevillningsutskottet,
1671 1478 67 35 och
1767 1476 150 38 anförde
1945 1484 61 29 ut-

400 1524 138 35 skottet
566 1524 47 36 då
640 1527 11 33 i
679 1526 131 35 sådant
837 1525 172 37 afseende
1036 1526 180 48 följande:

504 1574 210 37 >Utskottet
749 1577 66 34 vill
852 1578 121 34 erinra
1009 1577 140 44 därom,
1177 1582 53 31 att
1258 1577 140 49 förslag
1423 1579 13 34 i
1464 1591 141 23 samma
1632 1579 168 47 riktning
1827 1591 76 23 som
1932 1591 76 23 mo-

400 1625 211 36 tionärerna
637 1639 51 23 nu
716 1626 199 36 framställt
941 1628 12 34 i
982 1626 104 49 fråga
1112 1641 59 22 om
1201 1630 44 33 17
1275 1625 18 48 $
1322 1630 19 33 2
1372 1641 109 22 mom.
1509 1629 13 34 i
1549 1628 458 49 brännvinsförsäljnings-

399 1674 281 50 förordningen,
714 1678 141 46 jämväl
892 1676 139 49 förelåg
1058 1679 13 34 i
1099 1691 45 22 en
1171 1678 61 36 vid
1260 1678 122 36 denna
1410 1678 238 49 förordnings
1676 1685 144 30 senaste
1848 1680 159 35 revision

399 1725 61 35 vid
490 1728 95 34 1905
615 1726 58 36 års
701 1727 163 48 Riksdag
889 1729 106 34 väckt
1023 1730 151 38 motion,
1204 1729 79 35 däri
1312 1729 235 36 hemställdes
1575 1742 60 23 om
1662 1743 45 22 en
1736 1729 111 36 sådan
1875 1729 131 37 redak-

399 1777 80 34 tion
506 1776 41 35 af
571 1776 281 50 ifrågavarande
879 1783 175 40 moment,
1083 1784 53 30 att
1155 1778 147 49 Kungl.
1318 1779 123 48 Maj:ts
1455 1779 414 49 befallningshafvande
1889 1781 117 35 skulle

399 1825 215 47 bestämma,
652 1827 81 36 från
770 1829 140 35 hvilket
946 1830 89 34 eller
1070 1829 125 36 hvilka
1230 1830 316 47 brännvinsbolag
1573 1832 11 33 i
1611 1830 156 36 berörda
1793 1831 214 48 paragrafer

399 1877 224 36 omnämnda
649 1879 181 35 brännvin
859 1879 118 35 skulle
1004 1880 176 47 inköpas.”
1215 1880 72 36 Det
1304 1880 230 48 Riksdagens
1559 1881 179 36 särskilda
1757 1882 153 42 utskott,
1928 1894 77 23 som

400 1926 46 35 då
481 1927 229 37 behandlade
747 1929 130 48 frågan
905 1942 60 23 om
992 1943 52 36 ny
1073 1930 673 50 brännvinsförsäljningsförordning,
1775 1931 145 49 yttrade
1947 1932 59 35 be-

400 1976 183 37 träffande
610 1979 155 36 berörda
792 1979 148 47 förslag,
960 1985 55 31 att
1044 1981 178 35 utskottet
1250 1980 126 37 funnit
1394 1982 57 45 sig
1468 1983 90 34 böra
1576 1981 148 37 förorda
1742 1982 106 36 bifall
1867 1982 138 46 därtill,

400 2027 94 36 dock
530 2028 129 36 endast
686 2031 11 34 i
725 2029 104 49 fråga
866 2044 58 22 om
952 2030 234 37 öfverlåtelse
1213 2031 39 36 af
1276 2033 461 47 utskänkningsrättighet,
1766 2033 68 35 och
1861 2032 144 36 tillkom

400 2078 156 36 sålunda
584 2082 48 44 på
658 2081 196 35 utskottets
882 2080 137 49 förslag
1047 2081 62 36 det
1137 2081 202 49 stadgande
1367 2084 11 33 i
1405 2082 158 36 berörda
1590 2082 107 49 syfte,
1722 2095 78 23 som
1828 2095 52 22 nu
1907 2085 98 33 åter-

398 2129 118 36 finnes
543 2130 13 34 i
584 2131 89 34 sista
700 2132 141 47 stycket
869 2130 40 37 af
936 2133 42 33 17
1007 2128 19 49 $
1055 2134 19 33 2
1104 2145 109 23 mom.

500 2180 71 35 Det
598 2181 179 36 särskilda
804 2183 178 35 utskottet
1010 2182 152 37 anförde
1188 2184 13 34 i
1228 2183 121 35 denna
1376 2182 102 49 fråga
1504 2183 137 36 vidare:
