1918 2808
311 161 234 30 Sammansatta
563 160 99 30 andra
681 160 63 34 lag-
764 159 57 29 och
838 157 339 36 jordbruksutskottets
1197 155 159 30 memorial
1376 155 47 29 Nr
1442 159 27 30 3.
1622 162 8 21 [|

180 246 137 41 (Första
344 248 208 32 kammarens
693 243 135 40 (Andra
861 245 208 31 kammarens
1217 240 206 40 (Utskottets
1441 252 163 22 samman-

295 296 141 39 beslut.)
817 292 134 38 beslut.)
1228 290 350 42 jämkningsförslag.)

1175 393 114 32 vilken
1315 392 71 32 icke
1413 394 36 30 är
1479 391 158 32 mantals-

1175 444 134 31 skriven
1329 444 19 30 å
1370 442 203 38 fastigheten
1594 441 43 31 el-

1176 493 48 32 ler
1245 494 19 32 å
1286 492 171 39 fastighet,
1478 502 66 21 som
1567 493 37 29 är
1626 492 11 30 i

1175 543 158 32 sambruk
1382 543 74 31 med
1489 541 148 32 densam-

1176 605 63 28 ma,
1283 594 59 31 och
1377 592 260 38 uppenbarligen

1178 643 135 33 besitter
1345 642 203 40 fastigheten
1579 642 58 32 hu-

1177 694 222 38 vudsakligen
1434 695 12 29 i
1484 692 155 33 ändamål

1177 747 49 30 att
1247 745 103 31 därav
1378 744 116 32 bereda
1515 744 52 37 sig
1590 743 48 31 in-

1176 795 107 31 komst
1306 793 191 34 annorledes
1520 796 40 30 än
1583 804 52 27 ge-

1175 856 73 21 nom
1276 844 206 41 jordbruket:

332 967 16 31 1
372 962 32 51 $S.
1114 962 74 39 18.

186 1034 63 41 (=
277 1034 157 39 gällande
464 1031 85 42 lag.)
701 1031 245 34 Arrendeavtal
987 1050 21 5 —
1041 1049 28 5 —
1098 1050 33 4 —
1162 1050 33 4 —
1222 1049 37 4 —
1276 1029 134 33 verkan.

702 1083 135 33 Brukar
856 1083 109 38 någon
983 1085 68 29 mot
1070 1082 77 38 lega
1165 1081 83 39 jord,
1270 1092 69 20 som
1357 1080 12 32 i
1389 1080 105 32 denna
1510 1079 57 40 lag
1586 1090 55 20 av-

659 1146 61 27 ses,
744 1134 59 33 och
824 1134 63 32 har
909 1133 154 38 skriftlig
1085 1131 206 39 avhandling
1315 1131 111 32 därom
1452 1130 29 39 ej
1503 1133 137 35 upprät-

656 1188 79 35 tats,
758 1196 79 22 vare
861 1184 199 38 jordägaren
1085 1183 127 38 pliktig
1235 1186 60 34 att,
1320 1182 59 32 där
1401 1181 165 32 brukaren
1590 1181 50 31 så-

660 1235 81 32 dant
763 1234 111 38 äskar,
900 1245 115 28 genom
1039 1233 155 38 skriftlig
1216 1232 162 38 handling
1400 1231 156 32 bekräfta
1582 1231 61 31 den

659 1285 166 32 brukaren
860 1284 141 32 sålunda
1031 1283 251 32 tillkommande
1314 1281 216 33 arrenderätt.
1571 1280 74 32 Vill

659 1335 200 39 jordägaren
878 1335 29 37 ej
927 1334 119 39 utgiva
1063 1333 103 33 sådan
1183 1332 171 39 handling,
1371 1333 54 31 må
1441 1331 141 33 domstol
1600 1331 45 37 på

659 1385 150 39 yrkande
831 1397 42 20 av
893 1384 166 32 brukaren
1081 1383 171 33 stadfästa
1272 1382 247 33 arrenderätten
1540 1381 104 32 sådan

660 1435 200 38 densamma,
874 1434 106 39 enligt
993 1435 65 33 vad
1070 1446 51 20 om
1135 1433 128 33 avtalet
1274 1433 66 32 kan
1353 1432 133 33 utredas
1499 1432 59 32 och
1571 1431 74 31 med

662 1486 106 32 denna
789 1485 59 39 lag
868 1488 303 35 överensstämmer,
1195 1484 108 31 finnes
1326 1483 80 32 böra
1426 1482 146 39 lagligen
1591 1481 53 32 be-

662 1539 169 29 stämmas.
874 1535 126 33 Sådant
1018 1534 111 34 beslut
1147 1546 41 20 av
1210 1534 139 32 domstol
1370 1533 128 32 medför
1519 1544 128 21 samma

660 1587 127 32 verkan
806 1598 70 20 som
895 1586 171 38 skriftligt
1084 1584 307 33 arrendekontrakt.

185 1770 84 40 Den,
290 1783 68 20 som
403 1790 76 4 ——
502 1790 81 4 ——
586 1790 373 4 ——————
976 1770 78 33 slut.

186 1818 52 36 Är
254 1821 263 33 arrendeavtalet
534 1821 156 39 gällande
708 1822 54 33 för
778 1821 69 33 viss
863 1821 60 39 tid,
942 1826 61 34 äge
1019 1821 216 32 arrendatorn
1252 1824 154 35 uppsäga
1423 1819 151 32 arrendet
1593 1817 53 33 till

141 1873 218 38 upphörande
382 1873 74 32 med
480 1873 171 38 utgången
675 1884 41 21 av
740 1872 101 32 femte
865 1872 223 38 arrendeåret;
1110 1876 151 34 uppsäge
1284 1871 82 32 dock
1389 1870 124 32 avtalet
1535 1873 112 29 senast

142 1935 58 20 sex
222 1923 159 32 månader
401 1923 228 38 därförinnan,
651 1922 80 33 eller
751 1935 80 20 vare
853 1923 50 31 sin
928 1926 67 29 rätt
1019 1922 115 32 därtill
1157 1921 171 39 förlustig.
1373 1921 184 32 Enahanda
1578 1923 69 29 rätt

142 1973 186 33 tillkomme
355 1973 216 32 arrendatorn
595 1973 58 33 vid
680 1974 169 38 utgången
876 1985 43 20 av
943 1976 77 29 vart
1044 1973 102 31 femte
1172 1973 38 31 år
1236 1972 155 32 därefter.
1440 1971 73 32 Har
1537 1982 108 20 arren-

144 2024 117 32 datorn
295 2024 13 32 i
343 2024 127 32 avtalet
505 2024 196 32 förbehållit
737 2023 54 39 sig
826 2027 70 29 rätt
929 2027 50 29 att
1004 2023 95 39 eljest
1122 2028 157 33 uppsäga
1304 2022 160 38 arrendet,
1489 2034 79 20 vare
1592 2021 54 32 det

143 2074 167 40 gällande.

864 2177 18 31 5
902 2175 30 39 8.

189 2251 311 39 Lga————
543 2247 340 47 —————>—
898 2251 162 32 bestämd.

188 2298 145 42 Åligger
354 2302 216 32 arrendatorn
592 2301 105 39 enligt
720 2301 263 33 arrendeavtalet
1005 2305 51 28 att
1077 2305 120 34 utgöra
1219 2300 203 39 dagsverken
1446 2300 80 32 eller
1547 2303 101 28 annat

146 2352 121 38 arbete,
293 2351 88 33 skall
404 2352 101 32 lända
528 2352 54 32 till
607 2352 225 32 efterrättelse
855 2352 66 32 vad
943 2352 13 31 i
979 2352 18 31 2
1021 2351 79 38 kap.
1125 2353 17 30 7
1168 2351 18 38 $
1210 2351 96 38 lagen
1329 2362 51 21 om
1404 2350 245 38 nyttjanderätt

145 2401 55 33 till
222 2402 70 32 fast
313 2402 158 39 egendom
494 2402 149 39 stadgas.

188 2452 173 34 Inträffar
407 2472 78 4 —-—
513 2448 86 47 ———
623 2471 345 5 ————
874 2448 98 47 ——
986 2453 199 32 densamma.
