1870 2778
270 179 38 30 10
557 183 124 36 Tredje
707 184 245 35 lagutskottets
979 188 180 30 utlåtande
1184 198 42 20 nr
1253 191 40 28 16
1316 191 40 29 år
1383 193 83 29 1958

266 268 134 38 gången
418 279 40 20 av
474 271 104 30 målet
595 272 53 29 stå
664 272 55 29 för
734 275 216 35 motpartens
966 276 191 31 kostnader
1173 278 84 30 även
1274 279 10 29 i
1299 280 316 31 överinstanserna.
1631 281 123 30 Denna

266 313 244 32 bestämmelse
528 316 64 29 har
610 316 167 32 föranlett
796 320 49 28 att
863 321 48 28 ett
929 319 115 31 flertal
1063 321 70 30 mål
1152 323 130 36 dragits
1301 325 111 29 under
1430 325 324 30 överinstansernas

266 359 181 36 prövning.
473 360 50 28 En
548 361 149 37 ändring
721 371 41 20 av
785 363 113 30 denna
921 364 245 32 bestämmelse
1189 368 64 28 och
1275 369 42 29 de
1339 370 234 34 processuella
1597 371 157 36 reglerna

265 402 10 28 i
297 403 112 36 övrigt
431 404 61 29 bör
514 404 121 30 kunna
657 406 158 30 medföra
836 407 140 31 kortare
996 409 50 30 tid
1069 411 129 29 mellan
1219 412 169 31 tillträdet
1409 414 65 28 och
1496 415 257 37 ersättningens

265 446 141 38 slutliga
424 448 275 32 bestämmande.

309 491 169 38 Slutligen
514 493 61 29 bör
611 495 160 35 nämnas,
807 498 50 28 att
892 497 42 30 de
958 507 41 20 av
1022 500 262 31 motionärerna
1308 501 160 37 åsyftade
1493 503 262 37 svårigheterna

265 536 176 37 knappast
457 537 119 30 kunna
592 539 207 32 övervinnas
816 549 123 29 genom
955 552 41 20 en
1013 544 38 29 så
1067 545 100 29 enkel
1185 545 120 37 åtgärd
1322 556 74 20 som
1413 548 199 30 insättande
1628 550 10 28 i
1654 550 99 37 lagen

265 589 41 20 av
323 581 99 30 ordet
443 583 231 30 »realvärde».
693 585 102 30 Detta
813 587 140 36 uttryck
971 588 38 29 är
1026 589 177 37 nämligen
1221 591 10 28 i
1249 590 230 32 förevarande
1497 594 256 37 sammanhang

263 625 139 36 mycket
427 627 114 29 oklart
573 627 67 37 (jfr
666 629 169 30 Bexelius”
861 634 145 34 uppsats
1034 632 87 31 »Om
1147 634 382 38 tätbebyggelsevärde»
1557 639 11 28 i
1593 634 160 46 publika-

262 669 120 30 tionen
404 671 212 38 »Värdering
633 673 57 29 vid
710 676 279 35 expropriation»
1009 686 25 21 s.
1054 678 40 29 37
1114 678 57 35 f.).
1190 679 51 30 En
1259 680 100 30 oklar
1375 681 245 31 bestämmelse
1638 684 113 29 skulle

262 714 121 30 kunna
406 715 77 30 leda
503 717 52 28 till
578 718 202 37 ytterligare
801 719 223 39 förlängning
1047 731 41 20 av
1110 724 407 36 expropriationsmålen.

304 759 119 30 Under
441 760 219 38 åberopande
679 772 40 20 av
737 764 56 29 det
810 773 89 21 ovan
917 766 106 36 sagda
1041 768 182 36 avstyrker
1240 770 426 39 vattenkraftföreningen
1684 773 66 29 den

259 803 152 37 begärda
426 805 192 38 ändringen
634 807 10 29 i
660 808 390 39 expropriationslagen.

258 919 87 29 Svea
364 919 139 31 hovrått

303 990 215 36 Spörsmålet
538 1002 56 20 om
616 993 267 37 kompensation
905 996 54 31 för
979 998 128 31 förlust
1127 1007 123 29 genom
1271 1002 478 39 penningvärdeförsämring

259 1035 37 28 är
321 1034 55 30 för
401 1036 218 31 närvarande
644 1039 147 30 aktuellt
815 1041 10 28 i
848 1042 134 35 ganska
1005 1043 128 37 många
1155 1044 62 30 fall
1241 1046 65 29 och
1329 1046 95 30 inom
1448 1048 113 30 skilda
1586 1050 163 29 rättsom-

259 1078 117 31 råden.

302 1124 66 29 Det
386 1124 70 30 kan
475 1126 221 32 konstateras
715 1130 49 28 att
782 1129 10 29 i
810 1131 127 29 svensk
954 1132 221 38 lagstiftning
1192 1135 64 28 och
1273 1136 117 35 praxis
1408 1136 115 31 finnes
1541 1147 42 20 en
1601 1139 146 29 tendens

260 1169 48 28 att
329 1168 70 30 låta
419 1170 95 36 dylik
534 1171 269 37 kompensation
823 1175 92 36 utgå,
934 1177 64 28 när
1017 1177 176 31 särskilda
1211 1180 74 29 skäl
1306 1181 71 29 tala
1395 1181 130 31 därför.
1544 1183 75 29 Vad
1639 1183 108 37 angår

257 1213 279 31 motionärernas
554 1216 211 30 hemställan
782 1228 56 20 om
855 1221 65 28 vad
938 1229 81 21 man
1036 1221 70 30 kan
1124 1223 94 30 kalla
1234 1233 42 20 en
1295 1225 378 38 »realvärdesgaranti»
1692 1228 55 29 för

256 1265 177 28 personer,
457 1268 73 20 som
552 1260 144 36 jämlikt
718 1265 381 37 expropriationslagen
1120 1267 99 30 blivit
1240 1268 215 38 berättigade
1477 1271 51 30 till
1551 1272 196 37 ersättning

257 1302 106 29 sedan
383 1311 42 21 en
444 1305 293 36 exproprierande
754 1308 140 30 tillträtt
912 1309 78 30 dem
1007 1311 157 38 tillhörig
1183 1312 68 30 fast
1269 1315 168 35 egendom
1455 1316 82 29 eller
1555 1317 85 36 tagit
1658 1318 11 29 i
1686 1326 60 20 an-

257 1346 106 35 språk
382 1356 42 20 en
444 1349 68 29 rätt
530 1349 52 30 till
602 1350 110 30 sådan
732 1353 177 35 egendom,
928 1354 69 30 kan
1016 1355 116 30 såsom
1152 1358 142 30 särskilt
1313 1359 76 30 skäl
1408 1361 183 37 andragas,
1611 1363 50 29 att
1679 1363 66 28 den

255 1389 128 32 förlust
413 1401 74 21 som
516 1393 211 38 tillskyndas
755 1397 258 32 vederbörande
1041 1400 291 39 fastighetsägare
1360 1404 233 37 uppkommer
1620 1414 124 29 genom

256 1438 49 27 att
326 1439 49 28 ett
395 1437 178 38 offentligt
593 1440 149 37 reglerat
762 1441 204 32 förfarande
984 1444 83 30 drar
1086 1445 39 30 så
1144 1446 96 37 långt
1259 1449 38 28 ut
1316 1448 44 36 på
1379 1449 107 35 tiden,
1506 1451 50 29 att
1576 1451 169 37 penning-

253 1481 121 30 värdet
398 1482 175 31 därunder
597 1483 196 33 förändras.
817 1487 184 31 Förlusten
1023 1489 102 31 beror
1148 1491 101 30 alltså
1271 1492 45 37 på
1337 1494 310 37 omständigheter,
1668 1504 77 21 var-

254 1526 80 28 över
352 1526 67 29 den
438 1527 156 31 enskilde
612 1529 315 39 fastighetsägaren
944 1533 76 30 icke
1034 1551 46 4 —
1095 1535 84 29 eller
1195 1537 123 30 endast
1335 1538 10 28 i
1361 1538 138 30 mindre
1514 1539 82 30 mån
1612 1558 45 3 —
1673 1541 70 28 kan

255 1569 94 30 råda.
368 1571 78 29 Med
464 1572 136 37 hänsyn
619 1573 119 30 härtill
757 1584 101 28 synes
877 1577 57 30 det
950 1577 11 29 i
978 1579 65 28 och
1061 1578 55 31 för
1134 1580 51 37 sig
1202 1580 130 38 rimligt
1349 1583 66 28 och
1432 1583 128 37 skäligt
1578 1586 50 28 att
1646 1585 97 29 kom-

252 1615 185 35 pensation
451 1617 101 36 utgår
566 1618 10 28 i
591 1618 42 30 de
648 1619 62 29 fall
724 1620 260 31 motionärerna
1000 1632 89 21 avse.

296 1659 203 31 Emellertid
523 1664 95 28 möta
642 1664 11 28 i
677 1664 187 36 praktiken
887 1666 196 37 betydande
1107 1669 214 37 svårigheter
1345 1673 50 28 att
1418 1672 11 29 i
1453 1672 289 31 förekommande

252 1704 172 30 skadefall
450 1715 41 20 av
514 1707 93 30 olika
632 1709 74 36 slag
730 1711 134 29 utmäta
887 1719 42 21 en
953 1712 123 30 rättvis
1100 1713 269 37 kompensation
1393 1716 55 30 för
1471 1718 271 30 realvärdesför-

252 1748 118 30 luster.
396 1749 44 30 Så
464 1752 72 35 gott
560 1761 75 20 som
660 1754 239 38 regelmässigt
921 1756 132 30 brukar
1077 1758 57 30 det
1157 1759 56 29 vid
1238 1760 118 36 dylika
1379 1761 252 38 bedömningar
1655 1772 86 28 upp-

251 1795 142 30 komma
413 1797 127 29 tvekan
560 1798 66 29 och
645 1799 446 39 meningsskiljaktigheter
1110 1812 57 20 om
1187 1803 67 30 hur
1273 1806 73 28 stor
1366 1806 374 31 realvärdesförlusten

251 1840 10 28 i
283 1840 57 29 det
363 1841 174 30 särskilda
559 1842 99 31 fallet
680 1844 48 28 är.
750 1844 101 30 Detta
873 1845 64 29 har
958 1846 163 36 medfört,
1143 1850 50 28 att
1214 1849 239 31 domstolarna
1473 1869 45 3 —
1537 1852 87 29 även
1645 1853 11 29 i
1677 1852 62 29 fall

250 1884 43 29 då
314 1885 41 28 de
376 1885 11 28 i
407 1886 65 28 och
493 1886 54 29 för
566 1887 52 36 sig
639 1887 162 31 förefalla
822 1891 49 28 att
891 1889 45 30 ha
955 1891 155 37 godtagit
1130 1892 181 37 principen
1331 1903 56 20 om
1408 1895 269 36 kompensation
1696 1914 44 4 —-

251 1937 104 27 synas
377 1938 85 21 vara
485 1930 286 32 återhållsamma
792 1933 11 29 i
826 1933 53 30 sin
901 1935 212 38 bedömning
1136 1946 41 20 av
1199 1937 540 41 penningvärdeförsämringens

249 1975 171 29 inverkan
437 1975 44 36 på
498 1976 176 29 storleken
692 1986 41 20 av
749 1978 41 29 de
807 1978 370 39 skadeståndsbelopp,
1195 1991 74 20 som
1285 1983 42 29 de
1343 1983 99 30 skola
1458 1984 205 32 bestämma.
1681 1986 58 29 Ett

249 2020 241 29 matematiskt
529 2021 162 36 »riktigt>
730 2021 124 38 belopp
890 2024 99 29 torde
1025 2025 241 31 domstolarna
1291 2028 123 30 endast
1439 2029 10 29 i
1475 2026 264 45 undantagsfall

249 2064 121 29 kunna
385 2064 45 30 nå
446 2064 90 30 fram
551 2065 63 29 till.

292 2108 74 29 Vad
387 2108 173 30 beträffar
580 2110 208 37 stadgandet
808 2111 10 29 i
838 2111 40 30 33
901 2112 15 33 8
938 2114 382 39 expropriationslagen
1340 2117 39 29 är
1398 2120 50 28 att
1468 2119 122 30 märka
1611 2122 50 28 att
1681 2121 57 29 det

249 2152 226 32 formulerats
493 2154 37 29 så
547 2156 50 28 att
613 2155 68 34 det,
705 2155 3 29 i
724 2156 146 30 motsats
886 2157 52 29 till
955 2158 65 29 vad
1037 2167 74 21 som
1129 2160 39 28 är
1183 2161 130 36 vanligt
1329 2161 10 29 i
1357 2163 109 29 andra
1482 2163 166 31 liknande
1664 2165 73 34 fall,

248 2206 102 27 synes
373 2197 124 37 betaga
519 2199 259 30 vederbörande
800 2200 430 40 ersättningsberättigade
1251 2206 183 37 möjlighet
1455 2208 52 29 till
1530 2208 208 37 kompensa-

247 2241 74 29 tion
347 2241 57 30 för
429 2242 127 30 förlust
581 2251 125 29 genom
731 2245 486 40 penningvärdeförsämring.
1243 2249 43 30 Så
1310 2250 66 30 har
1400 2252 206 36 stadgandet
1631 2254 107 29 också

247 2286 194 36 tillämpats
466 2287 11 29 i
501 2288 41 29 de
567 2296 42 21 av
632 2288 262 31 motionärerna
918 2290 148 31 anförda
1091 2292 209 32 rättsfallen.
1324 2295 219 32 Framhållas
1567 2298 58 30 må
1648 2299 90 29 dock

245 2332 50 27 att
311 2330 11 29 i
339 2330 58 30 det
414 2340 122 21 senare
553 2341 41 20 av
610 2333 211 35 rättsfallen,
837 2334 81 30 NJA
937 2335 82 30 1957
1037 2345 26 21 s.
1083 2336 72 36 162,
1171 2338 123 36 högsta
1310 2339 196 32 domstolen
1521 2359 44 4 —
1581 2344 84 29 utan
1684 2345 50 28 att

247 2374 124 37 frångå
397 2375 181 37 principen
604 2377 58 29 vid
689 2377 324 39 lagtillämpningen
1038 2380 11 29 i
1075 2381 58 30 det
1158 2381 146 38 tidigare
1329 2384 190 32 rättsfallet
1543 2387 81 29 NJA
1653 2388 84 30 1954

246 2428 26 20 s,
288 2418 63 30 513
364 2436 45 4 —
424 2420 117 38 anlagt
555 2430 42 21 en
612 2421 222 39 bedömning,
848 2424 201 37 varigenom
1064 2426 263 37 expropriatens
1342 2430 154 36 anspråk
1511 2431 43 37 på
1569 2431 167 38 kompen-

247 2463 113 29 sation
380 2464 11 29 i
409 2464 31 37 ej
461 2464 174 39 obetydlig
653 2467 245 39 utsträckning
917 2468 135 31 kunnat
1071 2470 212 37 tillgodoses.
