1866 2788
271 137 20 29 4
395 135 118 30 Andra
535 135 205 30 kammarens
772 133 157 38 första
962 130 171 39 tillfälliga
1155 129 143 31 utskotts
1320 128 172 31 utlåtande
1513 138 43 20 nr
1578 130 48 28 10.

272 231 355 39 medborgarkunskap.
657 230 290 37 Undervisningen
975 228 160 31 omfattar
1164 226 203 38 orientering
1396 225 142 31 rörande
1566 225 43 31 bl.
1640 235 27 21 a.
1698 225 54 31 det

270 278 137 30 svenska
426 276 244 37 folkhushållet,
690 275 206 31 ekonomiska
914 274 60 30 och
993 273 106 31 andra
1117 271 347 38 sammanslutningar,
1483 271 81 30 våra
1584 269 168 31 folkrörel-

270 332 61 28 ser,
353 323 74 30 vårt
448 321 96 31 lands
566 320 173 31 statsskick
761 320 59 30 och
840 319 195 36 rättsväsen,
1059 317 133 37 statliga
1215 317 59 30 och
1295 315 210 32 kommunala
1527 313 226 32 institutioner

270 377 41 20 m.
328 377 41 20 m.
387 366 76 31 Som
478 366 110 30 lärare
602 365 188 38 tjänstgöra
803 362 334 39 kompaniofficerare
1153 362 60 30 och
1228 363 38 29 är
1283 360 148 31 avsikten
1447 363 50 28 att
1514 359 75 39 giva
1605 359 93 31 dessa
1714 368 40 20 en

271 411 54 31 för
340 411 180 38 uppgiften
536 409 198 38 erforderlig
750 408 104 38 saklig
869 408 59 31 och
944 406 201 40 pedagogisk
1160 405 203 38 orientering
1378 405 58 30 vid
1451 414 41 20 en
1507 404 89 37 kurs,
1613 403 140 31 centralt

271 455 171 31 anordnad
463 455 58 30 vid
541 453 449 38 kustartilleriinspektionen
1011 451 107 32 under
1139 461 41 21 en
1200 451 109 30 vecka.
1331 451 119 29 Denna
1471 448 192 38 utbildning
1684 449 38 29 är
1742 448 11 29 i

270 500 174 31 huvudsak
469 499 11 30 i
507 498 317 32 överensstämmelse
849 498 73 30 med
949 497 56 30 det
1031 495 124 39 förslag
1181 505 69 21 som
1275 495 233 38 sjöförsvarets
1533 492 221 37 utbildnings-

272 544 208 31 kommission
500 544 158 37 framlagt
676 543 12 30 i
706 542 59 31 sitt
784 541 215 32 betänkande.

314 608 75 31 Som
411 619 39 20 en
473 607 299 37 sammanfattning
793 617 40 20 av
855 606 71 31 sina
948 605 208 38 synpunkter
1178 605 12 30 i
1212 606 110 29 ämnet
1346 603 194 31 framhåller
1563 601 116 32 chefen
1702 602 52 30 för

273 661 158 38 marinen,

314 726 49 29 att
381 734 40 20 en
441 722 212 39 obligatorisk
671 721 285 39 medborgarskola
974 722 11 29 i
1005 721 65 31 den
1088 720 212 37 omfattning,
1321 730 67 20 som
1407 718 245 31 motionärerna
1670 718 84 30 före-

271 768 108 38 slagit,
400 768 70 30 icke
490 769 59 37 går
569 771 50 27 att
639 767 149 31 anordna
807 766 57 32 vid
883 766 124 39 flottan
1028 765 73 31 med
1121 765 129 31 mindre
1271 766 43 29 än
1334 767 50 28 att
1403 762 282 40 värnpliktstiden
1704 765 51 28 ut-

273 813 77 31 ökas
370 812 74 31 med
466 813 18 29 2
506 812 126 37 veckor,

315 864 49 27 att
386 869 40 21 en
449 858 142 39 frivillig
614 857 93 38 dylik
729 856 98 38 skola,
850 856 110 30 vilken
981 856 66 30 kan
1069 865 81 20 vara
1173 865 40 20 av
1235 854 102 30 värde
1361 854 53 30 för
1437 854 83 36 dem,
1543 852 90 31 vilka
1655 851 100 31 önska

275 904 134 32 studera
430 903 125 37 vidare,
578 902 69 31 icke
669 902 60 38 går
752 904 49 28 att
824 900 148 31 anordna
993 901 58 30 vid
1073 900 124 38 flottan
1218 899 108 31 under
1348 898 64 31 den
1433 898 97 30 korta
1552 897 51 32 tid
1625 907 69 21 som
1716 896 40 31 de

275 949 227 38 värnpliktiga
526 949 57 29 äro
609 946 153 39 förlagda
786 946 11 30 i
822 945 87 38 land,
936 945 115 30 varför
1076 944 104 31 sådan
1205 943 142 38 frivillig
1371 942 194 39 utbildning
1589 941 60 32 bör
1674 951 82 28 upp-

273 994 112 38 läggas
405 1003 68 21 som
494 989 501 40 korrespondensundervisning
1015 989 107 31 under
1143 989 73 31 hela
1237 988 291 37 utbildningsåret,

317 1043 49 27 att
389 1039 57 30 vid
471 1037 251 32 kustartilleriet
747 1034 288 40 specialiseringen
1060 1034 53 30 för
1137 1033 64 31 den
1226 1033 146 30 militära
1396 1033 151 37 tjänsten
1572 1032 37 30 är
1633 1032 35 30 så
1692 1040 64 21 om-

275 1084 161 37 fattande,
462 1087 50 27 att
537 1083 73 30 med
634 1080 193 32 nuvarande
851 1078 240 40 värnpliktstid
1114 1078 210 38 möjligheter
1349 1077 69 30 icke
1444 1076 113 30 finnas
1583 1078 49 28 att
1656 1075 100 31 utöka

274 1129 65 30 den
360 1127 261 38 medborgerliga
641 1125 282 37 undervisningen
944 1125 118 30 utöver
1083 1123 65 30 vad
1169 1132 69 21 som
1259 1122 62 30 här
1341 1131 85 21 ovan
1448 1121 183 30 relaterats.
1667 1119 89 31 Skall

274 1172 192 38 utbildning
488 1172 12 30 i
522 1169 279 33 allmänbildande
824 1170 117 29 ämnen
964 1178 41 20 m.
1029 1178 41 20 m.
1094 1167 127 31 införas
1243 1167 60 30 bör
1325 1166 109 31 denna
1456 1165 118 31 därför
1595 1174 81 21 vara
1698 1164 59 30 fri-

275 1218 94 38 villig
391 1217 59 31 och
472 1216 123 31 ordnas
616 1225 67 21 som
705 1211 510 41 korrespondensundervisning.

317 1263 49 31 Ur
392 1262 138 30 allmänt
558 1260 119 31 sociala
704 1258 207 39 synpunkter
937 1258 66 30 kan
1032 1267 40 21 en
1100 1257 83 30 ökad
1212 1255 241 38 medborgerlig
1480 1253 192 39 utbildning
1700 1253 56 30 vid

274 1306 198 39 ynglingens
495 1303 281 40 värnpliktsålder
799 1312 80 21 vara
903 1313 41 20 av
968 1304 84 29 stort
1077 1301 100 31 värde
1201 1300 125 38 varför,
1352 1310 68 21 som
1444 1299 206 31 motionären
1674 1298 84 31 före-

275 1351 107 39 slagit,
401 1361 40 21 en
458 1349 182 38 utredning
658 1349 58 30 bör
734 1348 129 30 komma
878 1347 54 30 till
948 1346 109 31 stånd.
1076 1346 118 30 Denna
1212 1344 181 39 utredning
1411 1345 60 30 bör
1489 1344 83 31 dock
1589 1343 85 31 hava
1690 1352 68 21 som

275 1395 253 39 utgångspunkt
550 1397 49 28 att
619 1392 222 32 kostnaderna
861 1392 54 30 för
936 1402 41 20 en
998 1390 201 38 utbildning,
1222 1400 68 21 som
1312 1391 37 29 är
1371 1388 178 32 föranledd
1570 1398 41 21 av
1631 1387 127 31 huvud-

275 1440 146 38 sakligen
440 1439 121 31 sociala
580 1438 78 38 skäl,
678 1437 71 31 icke
767 1437 80 31 böra
864 1439 134 36 uttagas
1017 1435 78 31 från
1114 1436 54 30 4:e
1186 1434 224 31 huvudtiteln.

319 1506 126 39 Chefen
469 1506 55 38 för
548 1506 197 38 flygvapnet
772 1504 201 36 framhåller,
1000 1505 50 28 att
1075 1512 40 21 en
1139 1501 242 38 undervisning
1405 1501 11 30 i
1442 1499 315 38 samhällskunskap,

276 1570 68 21 som
362 1560 61 30 har
442 1560 53 30 till
514 1558 271 32 huvudändamål
805 1560 49 28 att
873 1557 154 38 bibringa
1047 1556 40 31 de
1106 1555 227 38 värnpliktiga
1353 1565 41 20 en
1413 1554 104 38 riktig
1537 1552 221 40 uppfattning

277 1624 51 21 om
352 1613 59 31 och
434 1612 172 31 förståelse
631 1612 53 31 för
708 1612 40 31 de
771 1610 133 38 värden,
930 1620 68 21 som
1022 1610 33 30 vi
1080 1610 43 30 ha
1146 1612 49 29 att
1221 1609 160 36 försvara,
1407 1609 37 29 är
1468 1611 84 27 utan
1575 1607 121 31 tvekan
1719 1616 40 21 av

277 1668 91 30 såväl
391 1666 126 31 militär
541 1676 68 21 som
631 1665 204 38 samhällelig
857 1664 176 38 betydelse.
1058 1663 127 30 Värdet
1209 1673 41 21 av
1275 1672 40 20 en
1339 1661 93 38 dylik
1454 1661 241 38 undervisning
1719 1679 40 3 —

278 1722 68 29 rätt
369 1720 158 31 bedriven
549 1739 41 3 —
612 1719 94 31 torde
729 1718 74 31 med
827 1717 206 32 sannolikhet
1055 1716 89 31 bliva
1167 1719 78 34 stor,
1269 1716 62 30 när
1355 1716 76 31 fred
1454 1715 224 31 återinträder
1701 1714 59 30 och

278 1784 76 20 man
378 1774 65 30 kan
467 1773 165 37 förvänta,
658 1777 50 26 att
733 1773 55 30 det
812 1772 166 30 allmänna
1003 1769 302 32 försvarsintresset
1330 1769 169 38 slappnar.
1526 1769 16 30 I
1568 1767 192 38 anslutning

277 1827 115 31 härtill
410 1827 134 31 anföres
560 1826 130 31 vidare:

319 1890 62 31 Att
399 1889 183 32 emellertid
599 1908 41 3 —
657 1889 105 30 såsom
779 1888 94 31 också
891 1887 137 31 föreslås
1047 1887 11 30 i
1076 1886 165 31 motionen
1258 1904 42 4 —
1317 1884 219 38 komplettera
1554 1882 108 30 denna
1680 1891 80 21 sam-

278 1934 235 38 hällskunskap
538 1933 74 31 med
636 1932 232 39 obligatoriska
892 1931 311 39 repetitionskurser
1228 1930 10 30 i
1263 1929 147 37 historia,
1436 1927 159 39 geografi,
1621 1927 139 30 moders-

278 1980 65 30 mål
362 1979 59 31 och
440 1979 144 37 räkning
601 1978 145 31 kommer
766 1980 49 28 att
833 1977 150 30 medföra
1002 1976 129 37 mycket
1151 1979 88 27 stora
1259 1973 280 39 organisatoriska
1558 1971 202 38 svårigheter

279 2023 59 31 och
357 2023 186 31 kostnader.
565 2023 117 30 Denna
700 2021 192 38 utbildning
910 2021 146 30 kommer
1075 2020 95 30 också
1190 2022 49 28 att
1260 2019 115 30 alltför
1395 2018 129 38 mycket
1544 2017 154 30 inkräkta
1718 2016 43 38 på

280 2068 64 30 den
363 2067 146 31 militära
528 2066 234 38 utbildningen
783 2066 58 31 och
862 2066 62 30 den
946 2065 200 38 fredstjänst
1166 2064 58 31 vid
1245 2063 194 37 förbanden,
1462 2063 54 30 för
1536 2062 110 30 vilken
1666 2062 95 30 värn-

280 2111 343 39 pliktskontingenten
640 2112 38 29 är
695 2110 177 31 beräknad.

323 2179 16 29 I
364 2178 159 32 samband
548 2177 136 32 härmed
710 2178 95 38 säger
829 2177 49 38 sig
904 2177 117 30 chefen
1048 2176 52 31 för
1126 2176 197 38 flygvapnet
1349 2175 74 31 med
1449 2174 204 32 bestämdhet
1679 2174 83 37 vilja

281 2232 185 37 framhålla,
487 2235 50 28 att
555 2232 66 30 han
640 2241 96 21 anser
754 2231 55 31 det
828 2241 80 20 vara
925 2230 205 38 principiellt
1150 2229 138 38 oriktigt
1308 2232 49 27 att
1376 2229 135 38 inlägga
1529 2228 94 38 dylik
1642 2228 120 37 obliga-

279 2285 104 31 torisk
405 2284 279 31 allmänbildande
707 2283 240 39 undervisning
970 2283 107 31 under
1099 2282 474 39 värnpliktstjänstgöringen:

321 2345 48 32 Är
390 2346 55 31 det
467 2347 35 30 så
524 2350 50 27 att
594 2346 64 31 den
680 2346 166 31 allmänna
867 2345 269 39 kunskapsnivån
1157 2345 58 30 hos
1237 2345 75 30 vårt
1334 2345 96 31 lands
1452 2344 145 38 manliga
1618 2344 144 37 ungdom

283 2401 92 21 anses
398 2401 82 21 vara
506 2391 53 30 för
583 2390 63 38 låg,
672 2390 84 31 skall
781 2390 90 30 detta
896 2391 106 30 rättas
1026 2390 54 30 till
1104 2389 56 31 vid
1186 2389 40 31 de
1252 2389 237 37 institutioner,
1516 2399 69 21 som
1610 2388 153 37 bibringa

280 2435 64 31 den
364 2435 138 31 svenska
524 2434 188 38 ungdomen
734 2434 41 31 de
797 2434 260 38 grundäggande
1080 2434 278 31 allmänbildande
1381 2434 242 38 kunskaperna,
1647 2433 115 31 nämli-
