1872 2792
430 156 315 30 Bankoutskottets
772 155 180 30 utlåtande
977 163 42 20 nr
1043 155 20 29 3
1088 154 39 30 år
1155 155 82 29 1955
1539 152 41 30 29

89 249 64 33 tör,
170 250 51 28 att
238 248 188 28 härutöver
443 246 112 30 skulle
572 245 111 37 väljas
701 246 71 29 fem
788 245 225 37 suppleanter
1029 244 43 37 på
1089 244 38 30 så
1143 245 69 28 sätt
1228 245 51 29 att
1293 252 106 21 envar
1415 244 9 29 i
1439 243 139 29 banken

89 293 191 37 delägande
300 292 160 37 förening
478 292 96 29 bleve
592 291 263 36 representerad
873 290 165 36 antingen
1058 299 41 20 av
1116 298 42 20 en
1177 288 301 37 styrelseledamot
1496 288 82 29 eller

89 347 41 20 en
148 338 188 37 suppleant
353 338 90 28 samt
460 338 50 28 att
527 336 159 37 gällande
703 335 263 30 bestämmelser
982 344 57 20 om
1056 335 62 29 s.k.
1137 334 192 30 »förstärkt
1346 334 163 36 styrelse»
1529 342 50 21 er-

90 384 107 28 sattes
217 383 77 29 med
314 391 41 21 en
373 381 243 30 bestämmelse
633 382 50 28 att
701 381 10 29 i
728 380 132 37 viktiga
878 380 61 29 fall
959 380 162 36 samtliga
1139 379 226 36 suppleanter
1382 380 10 28 i
1409 379 170 36 styrelsen

90 427 113 29 skulle
226 427 162 29 inkallas.
411 426 121 30 Såsom
554 426 74 29 skäl
652 425 55 29 för
729 425 61 30 sitt
812 425 131 36 förslag
965 424 193 29 framförde
1181 424 205 36 föreningen
1408 424 65 28 den
1494 432 86 28 upp-

92 472 209 37 fattningen,
318 472 51 29 att
384 473 49 28 ett
449 471 83 30 ökat
548 470 93 30 antal
658 469 378 38 styrelsemedlemmar
1051 469 106 29 borde
1173 468 121 30 kunna
1310 468 132 30 tillföra
1459 468 121 36 styrel-

90 525 60 21 sen
174 526 42 20 en
240 517 124 36 vidgad
390 516 197 29 kännedom
610 524 55 20 om
690 516 41 28 de
755 514 169 30 växlande
949 513 269 30 förhållandena
1241 513 94 29 inom
1359 513 92 29 olika
1473 512 107 37 hypo-

91 562 282 37 teksföreningar
396 561 64 29 och
485 560 176 30 verksamt
686 559 131 36 främja
840 568 42 20 en
909 558 90 30 ökad
1024 558 149 29 kontakt
1196 558 72 28 dels
1292 557 127 29 mellan
1441 557 138 29 banken

91 607 64 29 och
174 606 249 37 föreningarna
441 605 65 30 och
523 605 72 29 dels
615 605 249 36 föreningarna
881 604 160 29 emellan.

134 651 54 29 Nu
207 651 148 29 berörda
375 650 259 36 framställning
653 649 204 30 föranledde
875 648 31 37 ej
927 648 114 37 någon
1061 648 286 37 bankstyrelsens
1366 648 132 37 åtgärd,
1516 648 65 29 och

92 697 170 36 styrelsen
286 696 193 36 åberopade
501 695 52 29 till
576 695 76 29 stöd
677 695 54 28 för
755 694 54 29 sin
831 693 220 37 ståndpunkt
1073 693 10 29 i
1105 693 187 29 huvudsak
1315 692 156 37 följande
1494 693 87 33 skäl,

93 741 175 37 nämligen
285 741 73 29 dels
376 742 50 28 att
442 749 42 20 en
501 741 110 28 större
628 740 146 36 styrelse
791 739 96 30 bleve
904 739 136 28 mindre
1055 737 148 30 effektiv
1219 738 64 29 och
1300 737 135 30 mindre
1452 737 129 29 arbets-

92 786 116 37 duglig
234 786 44 28 än
303 794 42 21 en
372 784 145 34 mindre,
543 784 172 36 varjämte
740 784 41 29 de
806 783 160 30 enskilda
990 783 443 36 styrelsemedlemmarnas
1459 782 123 29 känsla

93 840 42 20 av
152 839 128 21 ansvar
298 830 55 29 för
370 830 57 29 det
443 829 78 30 hela
540 829 115 30 kunde
673 829 140 29 befaras
831 829 46 29 bli
894 828 194 30 avtrubbad
1106 829 9 28 i
1132 836 43 21 en
1192 828 111 29 större
1319 827 106 34 krets,
1440 826 73 30 dels
1531 828 50 28 att

96 876 236 29 förhållandet
358 875 125 29 mellan
512 875 372 35 stalsrepresentanter
909 874 64 29 och
1002 874 462 35 föreningsrepresentanter
1488 871 96 30 bleve

94 920 126 30 rubbat
240 920 44 37 på
304 921 49 29 ett
373 921 69 29 sätt
463 929 74 20 som
558 919 174 37 knappast
754 919 116 29 kunde
890 919 167 36 godtagas
1079 928 41 20 av
1140 918 126 37 Kungl.
1287 918 106 36 Maj:t
1412 918 63 29 och
1496 918 86 29 riks-

93 966 122 37 dagen,
240 965 74 30 dels
338 967 51 28 att
411 966 64 28 när
499 965 87 29 flera
609 964 379 37 hypoteksföreningar
1010 964 96 28 bleve
1130 964 283 36 representerade
1437 964 66 28 den
1526 972 57 20 en-

95 1010 111 30 skilde
223 1011 231 28 medlemmen
472 1010 115 29 kunde
603 1009 141 29 komma
761 1010 51 28 att
827 1009 161 29 betrakta
1004 1008 60 30 sitt
1079 1009 159 36 uppdrag
1252 1008 237 37 övervägande
1505 1008 77 29 med

95 1055 136 37 hänsyn
252 1055 52 29 till
326 1055 192 29 ärendenas
538 1054 175 36 betydelse
733 1054 65 28 och
819 1053 169 29 innebörd
1008 1053 55 29 för
1083 1054 65 28 den
1167 1060 88 29 egna
1275 1053 215 36 föreningen,
1509 1052 74 30 dels

94 1101 49 28 att
165 1099 199 30 dåvarande
386 1101 130 35 system
537 1099 77 29 med
638 1098 193 30 »förstärkt
851 1098 165 37 styrelse»
1042 1107 80 20 vore
1144 1098 222 36 synnerligen
1388 1097 195 30 ändamåls-

96 1144 117 38 enligt,
230 1144 76 30 dels
326 1146 51 28 att
395 1144 128 37 frågor,
542 1153 74 20 som
635 1144 89 29 hade
743 1143 168 30 avseende
928 1143 44 37 på
991 1143 115 29 lokala
1125 1142 258 34 förhållanden,
1399 1143 23 28 t.
1441 1150 50 21 ex.
1508 1142 75 29 vär-

94 1189 340 37 deringstarifferna,
461 1188 181 37 avgjordes
669 1197 41 20 av
736 1189 187 36 delägarna
948 1188 56 29 vid
1030 1187 131 30 allmän
1186 1187 289 29 sammankomst.

138 1234 113 29 Sedan
277 1233 359 37 Mälarprovinsernas
660 1232 338 38 hypoteksförening
1020 1233 192 29 emellertid
1237 1232 141 38 förnyat
1401 1233 52 30 sin
1479 1232 105 30 fram-

96 1279 177 37 ställning,
296 1280 148 36 upptogs
468 1278 107 30 saken
597 1278 50 29 till
671 1278 213 37 behandling
904 1278 56 29 vid
984 1278 172 29 förstärkt
1177 1278 145 36 styrelse
1344 1279 65 28 den
1433 1277 39 30 27
1496 1278 87 36 april

99 1323 93 30 1944.
217 1324 176 29 Referatet
415 1333 42 20 av
480 1324 65 28 den
569 1323 119 29 därvid
715 1323 101 30 förda
838 1322 247 30 diskussionen
1108 1331 58 29 ger
1189 1322 56 30 vid
1269 1322 150 34 handen,
1442 1324 50 28 att
1514 1331 70 21 om-

97 1369 114 29 buden
230 1369 9 28 i
259 1368 191 29 allmänhet
468 1368 127 29 uttalat
615 1367 50 37 sig
683 1368 55 29 för
755 1376 42 20 en
817 1367 158 30 starkare
992 1367 209 30 samverkan
1219 1367 128 29 mellan
1364 1367 138 29 banken
1520 1367 63 29 och

99 1413 249 36 föreningarna
364 1420 123 29 genom
505 1414 49 28 att
571 1412 93 29 inom
681 1412 269 36 bankstyrelsen
967 1412 165 29 bereddes
1149 1412 92 36 plats
1258 1412 54 28 för
1327 1413 48 28 ett
1391 1412 82 28 ökat
1489 1411 94 29 antal

98 1457 462 37 föreningsrepresentanter
579 1465 78 20 men
678 1458 51 27 att
750 1456 229 37 meningarna
999 1456 89 28 varit
1108 1455 114 30 starkt
1241 1455 120 30 delade
1382 1455 10 29 i
1411 1455 99 37 fråga
1528 1465 56 20 om

97 1503 178 29 formerna
299 1502 64 29 och
387 1501 199 37 grunderna
608 1501 134 29 härför.

141 1546 113 30 Sedan
282 1546 268 36 bankstyrelsen
574 1546 10 29 i
609 1546 153 36 enlighet
786 1546 77 28 med
888 1545 66 28 den
979 1545 193 29 förstärkta
1196 1544 189 37 styrelsens
1408 1544 177 37 bemyndi-

97 1592 111 36 gande
228 1591 162 29 närmare
410 1591 162 36 Övervägt
591 1590 134 37 frågan,
745 1590 86 29 fann
850 1590 169 36 styrelsen
1039 1589 50 37 sig
1107 1589 84 30 böra
1210 1590 126 29 stanna
1355 1589 55 29 vid
1429 1590 50 28 att
1497 1589 88 29 före-

99 1636 49 29 slå
170 1645 42 20 en
234 1636 131 29 utökad
386 1635 222 37 tillämpning
630 1644 41 19 av
692 1636 167 35 systemet
879 1635 77 28 med
978 1634 171 29 förstärkt
1169 1634 161 36 styrelse;
1352 1633 107 30 sådan
1480 1633 106 29 borde

99 1684 176 29 anordnas
296 1682 107 29 minst
424 1691 41 20 en
485 1680 89 38 gång
592 1689 56 21 om
669 1680 84 32 året,
774 1679 187 37 lämpligen
981 1679 106 29 sedan
1106 1678 297 30 bokslutsarbetet
1421 1678 9 29 i
1448 1678 138 29 banken

97 1728 183 29 avslutats.
304 1727 179 36 Förslaget
507 1725 189 29 framlades
720 1724 51 30 till
797 1724 212 37 behandling
1031 1723 55 29 vid
1113 1723 82 29 1944
1218 1723 57 30 års
1298 1722 177 30 allmänna
1498 1731 89 21 sam-

99 1773 201 29 mankomst
323 1772 76 28 med
423 1770 295 36 bankdelägarna,
742 1769 93 29 vilka
859 1768 121 30 därvid
1003 1767 121 30 biföllo
1148 1768 177 36 förslaget.
1349 1767 46 30 På
1418 1767 76 30 sina
1516 1767 70 29 håll

100 1826 101 28 synes
226 1825 82 21 man
330 1816 88 29 dock
440 1816 45 29 ha
509 1815 176 29 betraktat
706 1814 151 29 beslutet
878 1822 74 20 som
974 1822 42 20 en
1039 1813 137 36 lösning
1197 1812 203 29 tillsvidare.

143 1887 256 30 Diskussionen
419 1887 10 28 i
450 1886 123 36 frågan
592 1885 88 29 hade
700 1884 192 30 emellertid
912 1883 144 30 fortsatt
1075 1884 85 28 även
1178 1882 89 30 efter
1287 1882 83 29 1944
1389 1882 56 30 års
1463 1882 123 29 beslut.

99 1942 129 29 Härom
253 1941 140 29 anföres
417 1939 166 36 följande.

143 2004 65 29 Det
234 2003 64 29 har
320 2002 202 37 ifrågasatts
545 2001 173 29 huruvida
740 2001 58 28 det
819 1999 79 30 från
921 1998 252 37 föreningshåll
1196 1998 149 29 sålunda
1368 1997 220 29 framställda

101 2047 217 31 önskemålet
336 2056 56 20 om
412 2047 112 29 bättre
544 2045 222 37 fortlöpande
786 2044 148 29 kontakt
952 2044 128 29 mellan
1101 2043 137 29 banken
1258 2043 63 29 och
1341 2042 247 36 föreningarna

100 2093 64 29 och
191 2092 128 30 mellan
347 2091 248 36 föreningarna
622 2090 163 29 inbördes
811 2089 98 29 blivit
936 2089 67 28 löst
1027 2088 43 36 på
1096 2090 48 28 ett
1169 2087 326 29 tillfredsställande
1521 2088 68 28 sätt

100 2145 123 28 genom
247 2137 83 28 1944
351 2136 56 29 års
428 2136 112 29 beslut
562 2144 40 20 av
623 2133 499 38 delägaresammankomsten.
1143 2132 129 29 Därvid
1292 2132 64 28 har
1377 2131 212 29 framhållits

102 2183 49 28 att
171 2183 66 28 den
259 2182 54 28 för
333 2179 419 38 hypoteksinstitutionen
774 2179 145 35 säregna
939 2178 147 30 instans,
1105 2186 74 19 som
1201 2176 110 29 kallas
1332 2175 169 29 förstärkt
1521 2177 68 34 sty-

104 2226 96 32 relse,
224 2225 79 29 från
327 2224 125 36 början
475 2224 90 29 varit
588 2224 126 29 avsedd
739 2222 115 30 såsom
876 2224 49 28 ett
948 2222 109 29 medel
1082 2221 54 29 för
1157 2221 266 35 bankstyrelsen
1448 2221 50 27 att
1522 2220 67 29 för-

103 2270 110 29 ankra
234 2270 76 28 sina
330 2269 113 29 beslut
463 2269 9 28 i
493 2268 159 36 speciella
674 2267 119 35 frågor
813 2275 40 20 av
872 2266 151 29 särskild
1044 2265 210 36 betydenhet
1274 2265 63 28 hos
1358 2263 232 37 delägareopi-

103 2315 139 31 nionen,
262 2314 64 29 och
350 2314 50 28 att
421 2312 183 36 meningen
625 2311 31 36 ej
678 2311 91 29 varit
788 2312 51 28 att
858 2311 64 28 den
944 2310 177 29 allmänna
1142 2308 108 37 årliga
1272 2308 256 35 förvaltningen
1549 2317 41 20 av

101 2359 158 29 bankens
288 2357 288 36 angelägenheter
602 2356 112 29 skulle
743 2354 343 37 förhandsgranskas
1114 2363 42 19 av
1181 2362 41 19 en
1251 2352 169 29 förstärkt
1446 2352 145 36 styrelse

104 2403 106 28 innan
230 2402 108 30 sådan
357 2401 216 37 granskning
591 2401 91 29 skett
699 2408 125 28 genom
844 2398 147 30 revision
1011 2398 63 29 och
1094 2396 452 37 delägaresammankomst.

148 2447 200 29 Emellertid
372 2446 102 36 hyser
496 2444 266 37 bankstyrelsen
786 2444 64 28 den
873 2442 271 37 uppfattningen
1166 2443 50 28 att
1238 2442 40 29 de
1300 2441 87 34 skäl,
1411 2451 73 20 som
1508 2442 82 29 1943

102 2492 64 29 och
190 2491 83 30 1944
295 2491 211 29 framfördes
528 2490 54 29 för
601 2491 50 28 att
671 2488 178 30 förstärka
871 2487 267 37 föreningarnas
1158 2487 276 36 representation
1455 2486 8 29 i
1484 2486 107 30 bank-
