2242 2620
723 173 259 32 Statsutskottets
1015 174 176 33 Utlåtande
1218 174 66 32 N:o
1313 177 28 29 5.
1703 175 69 32 143

338 252 91 37 Som
470 253 41 37 af
548 253 66 37 det
654 253 56 37 till
737 254 187 48 utgående
952 254 121 37 under
1100 254 315 37 nästkommande
1444 257 40 34 år
1511 255 222 48 ifrågasatta
1761 269 64 23 an-

234 304 84 49 slag
345 305 74 36 den
447 305 72 46 del,
551 319 82 23 som
661 305 133 49 afsåge
825 306 233 37 Karlskrona
1086 306 284 49 befästningars
1399 306 70 37 och
1489 307 251 36 batteriernas
1762 307 62 36 vid

233 357 196 36 Fårösund
469 357 265 50 bestyckning,
777 358 117 37 hörde
936 358 119 37 under
1097 359 204 36 statsrådet
1341 359 71 36 och
1453 359 155 36 chefens
1651 359 58 36 för
1750 360 75 48 sjö-

233 408 473 50 försvarsdepartementet
733 410 285 49 föredragning,
1046 410 178 37 tillhörde
1245 410 63 37 det
1328 410 173 37 bemälde
1522 411 301 49 departements-

234 460 89 37 chef
355 466 55 31 att
446 461 232 37 beträffande
707 461 124 37 denna
858 461 67 37 del
946 462 41 36 af
1013 462 174 49 anslaget
1213 467 95 43 göra
1335 462 235 37 hemställan.
1625 463 132 48 Enligt
1785 463 41 36 af

233 512 284 37 vederbörande
538 513 268 49 myndigheter
822 514 217 36 verkstälda
1054 514 375 49 detaljberäkningar
1444 514 123 37 skulle
1584 514 59 37 för
1658 515 164 36 nämnda

233 564 172 37 ändamål
446 565 100 37 afses
576 570 55 31 ett
658 565 139 49 belopp
827 565 40 36 af
893 567 164 45 800,000
1082 566 148 36 kronor.
1287 566 53 36 På
1367 566 275 49 föredragning
1668 567 42 36 af
1736 567 86 36 che-

234 617 64 35 fen
338 617 61 36 för
439 616 585 51 landtförsvarsdepartementet
1066 618 119 36 skulle
1219 618 148 37 således
1395 618 42 36 af
1460 618 219 49 Riksdagen
1709 618 112 37 äskas

232 668 217 37 återstoden
478 669 40 36 af
543 669 64 36 det
634 669 221 48 ifrågasatta
883 670 245 48 årsanslaget,
1157 669 91 37 eller
1277 672 202 45 2,200,000
1509 670 150 37 kronor.

335 977 141 48 Kongl.
506 978 127 48 Maj:ts
661 978 279 49 framställning
969 992 61 23 om
1062 979 267 49 medgifvande
1356 984 54 32 att
1428 980 120 36 under
1565 979 257 38 innevarande

232 1032 40 33 år
314 1030 172 36 använda
527 1030 74 36 den
630 1035 100 31 ännu
759 1031 33 48 ej
824 1030 251 50 disponerade
1105 1031 230 48 återstoden,
1368 1032 202 47 1,500,000
1599 1032 154 47 kronor,
1782 1032 43 36 af

232 1081 116 37 redan
379 1081 181 50 beviljadt
587 1082 134 49 anslag
748 1082 58 37 till
835 1082 203 38 stärkande
1067 1083 42 37 af
1132 1083 148 37 landets
1308 1083 219 37 nuvarande
1556 1083 96 37 fasta
1674 1083 149 38 försvar

232 1145 113 25 anser
372 1134 185 36 utskottet
585 1134 60 49 sig
673 1134 90 37 böra
791 1134 201 50 tillstyrka.

335 1185 110 37 Hvad
473 1186 179 37 beträffar
680 1186 332 49 framställningen
1042 1200 59 22 om
1132 1192 54 31 ett
1214 1192 106 31 extra
1349 1186 133 49 anslag
1509 1187 61 36 för
1599 1201 141 23 samma
1759 1192 64 31 än-

233 1236 123 37 damål
384 1240 20 33 å
433 1239 204 46 2,200,000
666 1238 151 46 kronor,
846 1238 153 36 hvilken
1029 1238 317 47 sammanhänger
1374 1239 86 36 med
1488 1252 46 23 en
1564 1239 118 36 under
1706 1239 118 36 femte

233 1288 252 37 hufvudtiteln
520 1289 113 48 gjord
661 1289 282 49 framställning
971 1303 60 23 om
1061 1295 54 31 ett
1144 1296 105 30 extra
1278 1289 132 48 anslag
1439 1293 20 33 å
1488 1292 165 45 800,000
1681 1290 142 37 kronor

232 1339 58 37 till
326 1340 255 49 bestyckning
618 1340 41 36 af
686 1340 263 49 fästningarna
977 1341 64 37 vid
1070 1341 237 37 Karlskrona
1336 1342 71 35 och
1435 1342 208 46 Fårösund,
1672 1342 65 36 vill
1766 1347 57 30 ut-

235 1391 143 37 skottet
419 1392 185 46 meddela,
634 1397 65 42 att,
737 1392 119 49 enligt
884 1393 212 36 detsamma
1124 1393 361 37 tillhandakommen
1514 1394 164 48 uppgift,
1709 1398 113 32 samt-

231 1443 77 48 liga
336 1444 46 36 de
419 1444 168 47 arbeten,
621 1458 80 22 som
729 1444 60 37 för
817 1444 161 37 berörda
1006 1458 145 24 summa
1179 1445 41 36 af
1245 1445 278 49 sammanlagdt
1550 1451 58 31 tre
1637 1445 186 37 millioner

232 1495 144 36 kronor
409 1509 90 23 vore
535 1496 157 36 afsedda
724 1501 56 32 att
807 1496 119 37 under
954 1500 40 33 år
1026 1499 97 35 1900
1152 1497 157 47 utföras,
1337 1497 91 49 ingå
1456 1497 53 36 uti
1538 1497 47 37 de
1614 1497 40 36 af
1679 1497 72 37 den
1782 1500 41 34 så

230 1546 148 37 kallade
408 1547 412 49 befästningskomitén
848 1548 187 49 enhälligt
1063 1548 203 37 förordade
1296 1548 357 49 försvarsåtgärder.

334 1650 17 35 I
392 1650 395 37 öfverensstämmelse
829 1651 85 36 med
956 1651 73 36 den
1058 1651 42 36 af
1124 1651 165 36 nämnda
1316 1651 142 36 komité
1486 1651 221 48 föreslagna
1735 1651 85 36 ord-

230 1700 93 48 ning
356 1714 109 23 anser
504 1702 184 36 utskottet
720 1702 64 36 det
825 1703 41 35 af
903 1702 139 48 Kongl.
1073 1703 107 47 Maj:t
1207 1702 57 36 till
1292 1703 203 36 stärkande
1527 1703 43 35 af
1593 1706 84 33 vårt
1704 1715 116 23 nuva-

230 1753 117 35 rande
376 1752 97 37 fasta
501 1753 149 36 försvar
678 1766 48 23 nu
755 1753 141 36 äskade
926 1754 179 48 beloppet
1135 1754 88 36 böra
1252 1755 150 36 anvisas
1431 1759 55 31 att
1516 1757 91 45 utgå
1634 1754 118 36 under
1780 1756 41 33 år

233 1799 108 58 1900.

333 1907 110 37 Hvad
485 1907 167 37 derefter
691 1907 236 37 vidkommer
956 1907 139 49 Kongl.
1125 1908 125 49 Maj:ts
1280 1908 283 49 framställning
1592 1922 60 23 om
1680 1913 140 32 använ-

230 1958 123 36 dande
382 1958 40 36 af
456 1972 45 23 en
530 1972 68 35 per
626 1958 100 37 mille
754 1959 141 36 fonden
925 1959 55 36 till
1010 1960 155 36 arbeten
1195 1960 59 36 för
1282 1960 189 36 försvaret
1499 1960 41 36 af
1565 1960 171 49 inloppet
1763 1959 58 37 till

231 2009 208 49 Göteborg,
468 2013 40 33 så
536 2015 91 31 enär
656 2010 123 37 denna
807 2011 93 35 fond
928 2015 41 31 är
996 2011 241 36 uteslutande
1267 2011 133 36 afsedd
1430 2011 58 36 för
1517 2011 218 48 Göteborgs
1755 2011 64 36 be-

229 2060 174 37 fästande
432 2062 70 35 och
531 2061 64 36 det
623 2075 50 22 nu
700 2062 41 35 af
765 2061 141 49 Kongl.
935 2061 108 47 Maj:t
1070 2062 167 47 begärda
1265 2062 181 48 beloppet
1484 2064 165 45 270,000
1677 2062 143 36 kronor

228 2113 11 35 i
270 2112 56 36 sin
367 2112 130 36 helhet
537 2113 190 35 erfordras
764 2113 61 36 för
852 2113 201 36 utförande
1083 2113 43 36 af
1150 2113 64 36 det
1240 2113 12 35 i
1280 2113 433 48 befästningskomiténs
1743 2113 76 36 för-

231 2164 83 48 slag
354 2168 196 44 upptagna
593 2163 459 49 minflankeringsbatteri,
1088 2164 55 36 får
1170 2164 199 46 utskottet,
1399 2164 118 36 under
1546 2164 274 47 förutsättning

230 2220 54 30 att
311 2215 148 37 medlen
489 2215 151 36 komma
668 2220 55 31 att
750 2215 57 36 till
836 2215 236 49 anläggning
1099 2215 41 36 af
1164 2215 163 36 nämnda
1354 2215 137 37 batteri
1520 2215 206 48 användas,
1745 2215 75 37 till-

230 2267 130 48 styrka
389 2266 102 37 bifall
521 2266 53 36 till
607 2266 139 49 Kongl.
778 2266 125 48 Maj:ts
932 2267 250 36 förevarande
1211 2266 155 49 förslag.
