2210 2618
461 197 39 30 28
911 193 263 31 Statsutskottets
1203 192 173 32 Utlåtande
1400 192 64 30 N:o
1488 195 27 27 5.

419 282 110 37 Hvad
568 280 349 49 hästersättningen
954 280 177 48 anginge,
1166 279 87 36 ville
1286 277 420 50 departementschefen
1736 277 133 46 erinra,
1898 277 111 35 huru-

420 347 82 23 som
542 334 59 36 för
640 332 234 37 närvarande
910 331 101 36 inom
1044 331 94 35 hvar
1167 331 71 35 och
1267 343 45 23 en
1340 330 41 36 af
1405 330 29 44 I,
1462 329 47 46 II,
1539 329 54 36 III
1622 329 70 36 och
1721 328 53 36 IV
1803 328 206 36 fördelnin-

419 399 137 35 garnas
598 385 127 36 staber
765 383 113 37 bland
920 382 442 38 ordonnansofficerarne
1400 381 136 36 funnes
1571 394 46 23 en
1654 380 142 46 officer,
1827 393 81 22 som
1936 379 72 36 till-

420 437 118 36 hörde
574 436 220 36 kavalleriet
827 435 70 36 och
925 435 42 36 af
992 434 116 36 sådan
1136 433 122 49 grund
1287 446 89 23 vore
1407 432 153 48 skyldig
1588 445 88 23 vara
1704 430 174 46 beriden;
1907 431 102 35 inom

419 489 95 36 hvar
555 488 69 36 och
666 501 48 23 en
748 487 40 36 af
813 486 52 36 IV
895 487 70 35 och
992 485 34 36 V
1053 485 329 48 fördelningarnas
1412 484 125 37 staber
1566 484 136 35 funnes
1730 483 113 36 bland
1873 482 137 36 ordon-

420 539 320 37 nansofficerarne
782 552 47 23 en
871 538 140 46 officer,
1054 550 82 23 som
1179 537 173 36 tillhörde
1387 535 195 37 artilleriet
1618 535 71 35 och
1718 534 146 37 således
1893 534 116 36 borde

420 592 125 35 kunna
572 595 115 45 göras
716 590 155 36 beriden
898 593 48 45 på
974 589 164 36 kronans
1167 589 102 43 häst;
1298 588 11 35 i
1337 587 52 36 VI
1418 587 266 48 fördelningen
1711 585 175 37 tillhörde
1907 585 103 36 såväl

423 643 220 49 adjulanten
672 655 82 23 som
784 640 438 37 ordonnansofficerarne
1241 639 229 46 infanteriet,
1491 652 97 33 men,
1610 641 126 33 såsom
1755 637 113 37 ofvan
1887 636 125 38 blifvit

421 695 167 45 nämndt,
631 693 251 48 disponerade
923 691 331 49 fördelningschef
1293 691 57 36 för
1377 689 288 48 ifrågavarande
1694 688 173 37 ändamål
1895 688 116 36 redan

422 746 107 37 öfver
570 746 45 36 de
655 745 13 36 i
710 750 121 31 staten
872 744 60 36 för
972 743 220 49 adjutanten
1232 748 194 43 upptagna
1466 741 224 48 lönetillägg
1719 741 70 36 och
1818 740 193 48 fourrage-

423 797 210 48 ersättning
673 797 60 36 för
761 799 20 33 2
821 796 279 49 tjenstehästar.
1159 794 429 49 Departementschefen
1617 795 141 45 ansåge
1787 792 141 47 derför,
1958 796 54 31 att

423 849 59 36 för
522 848 282 37 förhållandena
845 848 118 35 under
1004 847 83 35 fred
1121 847 63 35 det
1221 846 116 36 borde
1366 858 90 23 vara
1482 858 78 34 nog
1588 850 55 30 att
1670 844 56 36 till
1756 843 256 48 fördelnings-

424 900 107 37 chefs
559 899 226 48 förfogande
815 899 110 36 ställa
952 897 225 49 lönetillägg
1204 898 70 35 och
1303 896 391 49 fourrageersättning
1712 896 60 35 för
1790 895 221 49 ytterligare

425 965 48 23 en
514 952 238 48 tjenstehäst.
809 951 73 36 Det
923 950 249 48 erforderliga
1212 949 178 48 beloppet
1418 949 124 35 kunde
1572 948 147 36 således
1749 946 171 47 skäligen
1949 946 63 36 be-

424 1004 136 36 räknas
589 1003 173 36 sålunda:
792 1008 54 30 ett
874 1001 155 37 arfvode
1057 1001 12 35 i
1097 1001 52 36 IV
1178 1000 264 48 fördelningen
1472 1000 70 36 och
1569 1003 63 33 två
1651 998 181 37 arfvoden
1851 998 12 36 i
1883 996 129 49 hvarje

425 1055 41 36 af
504 1055 45 36 de
590 1055 122 47 öfriga
755 1053 90 37 eller
890 1056 42 33 11
976 1052 186 37 arfvoden
1191 1054 22 35 å
1247 1054 72 35 730
1347 1052 142 36 kronor
1517 1069 49 12 =
1595 1052 114 44 8,030
1736 1050 151 46 kronor,
1917 1054 96 31 samt

424 1106 223 49 lönetillägg
688 1106 73 36 och
800 1104 394 49 fourrageersättning
1225 1104 59 35 för
1320 1107 16 32 1
1367 1103 229 48 tjenstehäst
1633 1104 21 34 å
1684 1104 71 34 765
1784 1101 140 36 kronor
1951 1101 12 36 i
1991 1102 20 34 6

425 1158 258 48 fördelningar
711 1175 50 13 =
788 1159 114 45 4,590
930 1156 149 46 kronor,
1110 1156 94 36 eller
1232 1154 276 49 sammanlagdt
1538 1156 137 45 12,620
1704 1154 149 35 kronor.

529 1260 292 49 Ifrågavarande
859 1259 413 37 ordonnansofficerare
1314 1263 64 31 äro
1420 1257 82 36 icke
1543 1256 190 50 uppförda
1761 1259 20 33 å
1809 1258 127 46 någon
1978 1256 34 34 af

425 1313 217 47 Riksdagen
684 1316 164 44 antagen
892 1316 85 41 stat,
1016 1311 70 35 och
1114 1310 138 48 frågan
1281 1323 60 22 om
1370 1309 111 36 deras
1510 1308 235 36 anställande
1775 1308 62 35 vid
1865 1307 149 36 arméns

427 1365 126 35 staber
581 1364 68 35 har
677 1363 84 36 icke
789 1363 79 36 förr
897 1368 48 30 än
973 1376 49 21 nu
1041 1362 189 48 förelegat
1247 1360 56 37 till
1321 1361 237 47 Riksdagens
1579 1360 191 48 pröfning.
1825 1359 58 35 De
1902 1357 113 37 hafva

425 1415 218 36 tillkommit
684 1415 86 35 med
798 1414 207 48 anledning
1033 1413 40 36 af
1098 1416 20 33 å
1147 1412 183 37 särskilda
1360 1412 98 36 tider
1485 1412 84 35 utaf
1595 1411 140 48 Kongl.
1766 1410 105 47 Maj:t
1898 1409 117 36 utfär-

427 1467 96 36 dade
564 1466 279 49 generalorder.
901 1465 192 37 Utskottet
1135 1464 65 36 vill
1237 1464 205 48 ingalunda
1470 1463 177 45 bestrida,
1677 1468 54 30 att
1760 1461 115 37 sedan
1905 1466 111 44 göro-

427 1518 124 36 målen
578 1518 63 36 vid
670 1517 434 48 arméfördelningarnas
1142 1516 126 36 staber
1304 1527 168 34 numera,
1499 1513 320 48 hufvudsakligen
1846 1512 57 37 till
1921 1512 92 49 följd

428 1570 41 36 af
494 1570 72 36 den
594 1569 234 36 förbättrade
858 1568 302 48 härordningens
1189 1566 311 48 genomförande,
1520 1565 209 48 väsentligt
1748 1565 121 44 ökats,
1890 1567 125 45 någon

428 1621 203 48 tillökning
658 1621 13 35 i
699 1620 274 36 arbetskrafter
1008 1619 64 36 vid
1109 1619 112 36 dessa
1259 1618 125 36 staber
1421 1618 106 36 torde
1562 1629 91 24 vara
1681 1617 42 35 af
1747 1616 177 36 behofvet
1953 1618 63 46 på-

429 1672 139 37 kallad.
623 1672 222 36 Emellertid
886 1672 75 35 kan
1002 1671 186 36 utskottet
1228 1670 81 36 icke
1347 1670 102 35 finna
1491 1669 63 37 det
1596 1668 175 51 lämpligt
1811 1672 56 31 att
1895 1667 122 36 aflöna

429 1724 262 49 tjenstgöring
732 1723 40 36 af
809 1723 289 48 ifrågavarande
1141 1722 84 48 slag
1253 1722 84 35 med
1366 1721 193 45 arfvoden,
1588 1726 90 30 utan
1706 1719 118 37 håller
1851 1719 11 36 i
1893 1718 125 37 stället

429 1776 82 36 före
549 1780 65 41 att,
654 1775 122 48 enligt
810 1775 257 48 grundsatsen
1095 1779 56 31 att
1179 1774 11 35 i
1219 1773 204 36 allmänhet
1451 1773 131 47 hvarje
1611 1771 282 48 militärperson
1923 1769 93 37 skall

430 1827 120 36 under
577 1826 261 48 tjenstgöring
867 1825 144 48 åtnjuta
1040 1825 256 48 dagaflöning,
1326 1824 105 36 såväl
1451 1824 214 48 adjutanter
1685 1836 80 23 som
1784 1823 233 35 ordonnans-

431 1878 195 36 officerare
671 1878 92 36 böra
808 1879 60 35 för
913 1878 119 48 tjenst
1078 1877 64 36 vid
1184 1876 340 48 arméfördelnings
1571 1875 84 36 stab
1701 1874 179 48 tilläggas
1927 1873 91 49 dag-

431 1930 179 46 aflöning,
640 1930 98 36 dock
765 1929 83 36 icke
878 1932 52 44 så,
951 1934 66 40 att,
1038 1929 128 36 derest
1184 1928 46 36 de
1250 1928 150 36 tillhöra
1419 1926 294 50 garnisoneradt
1730 1924 288 50 truppförband,

433 1982 47 35 de
509 1981 119 36 skulle
657 1994 72 35 ega
757 1980 170 50 uppbära
956 1980 137 36 dubbel
1122 1980 104 48 dylik
1250 1979 178 47 aflöning.
1483 1978 16 36 I
1519 1977 395 37 öfverensstämmelse
1934 1976 85 36 med

432 2033 101 36 hvad
574 2032 121 37 under
735 2033 170 48 punkten
948 2035 60 33 4:o
1036 2031 35 46 b)
1101 2031 192 36 härnedan
1333 2030 218 36 hemställes
1591 2043 60 22 om
1693 2029 184 36 aflåtande
1906 2028 41 36 af
1972 2041 47 22 en

433 2084 198 36 skrifvelse
660 2084 59 36 till
750 2083 136 49 Kongl.
916 2083 106 49 Maj:t
1055 2083 5 35 i
1089 2082 172 37 ändamål
1290 2087 53 31 att
1371 2081 218 47 förenkling
1616 2081 12 36 1
1657 2081 138 36 härens
1814 2080 205 47 aflönings-

436 2140 144 44 system
622 2139 118 33 måtte
769 2135 291 44 åstadkommas,
1090 2147 112 23 anser
1231 2134 58 47 sig
1316 2133 186 36 utskottet
1530 2132 96 36 dock
1655 2132 83 36 icke
1767 2132 93 36 böra
1887 2144 51 23 nu
1966 2130 54 36 af-

432 2186 106 49 gifva
565 2191 118 44 något
711 2187 193 36 bestämdt
931 2186 146 48 förslag
1103 2186 55 36 uti
1186 2199 49 22 nu
1263 2184 288 49 ifrågavarande
1579 2183 191 46 afseende,
1791 2189 92 30 utan
1901 2181 120 37 håller

432 2239 83 36 före
557 2243 54 30 att
638 2239 125 35 denna
792 2238 127 48 frågas
949 2237 208 49 afgörande
1187 2237 68 36 bör
1282 2240 108 33 anstå
1417 2236 12 35 i
1458 2236 179 36 afvaktan
1667 2238 48 45 på
1743 2234 161 37 berörda
1932 2232 88 37 aflö-

433 2289 319 49 ningsreglering.
811 2289 222 36 Emellertid
1062 2289 74 36 kan
1164 2288 186 36 utskottet
1378 2288 33 48 ej
1442 2287 196 36 underlåta
1665 2292 55 31 att
1738 2284 208 47 framhålla,
1966 2289 53 32 att
