2216 2620
692 185 259 32 Statsutskottets
984 184 177 33 Utlåtande
1188 184 64 31 N:o
1282 187 28 28 5.
1674 181 68 32 105

308 266 194 38 Utskottet
530 266 216 37 hemställer
773 265 140 46 derför,

708 375 54 30 att
789 369 233 48 Riksdagen,
1050 367 86 37 med
1163 366 273 37 föranledande
1456 366 41 37 af
1513 366 131 36 herrar
1672 365 126 36 Lund-

607 426 137 31 ströms
773 421 72 36 och
874 420 241 37 Göranssons
1142 418 293 48 ifrågavarande
1463 418 155 45 motion,
1647 420 60 33 må
1734 417 63 36 be-

607 473 98 36 sluta
746 478 56 31 att
837 472 13 36 i
883 472 197 36 skrifvelse
1121 471 57 35 till
1221 470 138 48 Kongl.
1403 469 107 47 Maj:t
1550 469 162 47 anhålla,
1742 473 56 31 att

606 525 141 48 Kongl.
768 524 107 48 Maj:t
892 524 148 36 täcktes
1059 528 91 43 taga
1169 522 118 36 under
1308 522 178 49 förnyadt
1505 520 292 48 öfvervägande,

608 576 184 37 huruvida
826 576 70 36 och
923 575 13 36 i
963 575 100 36 hvad
1097 577 85 33 mån
1210 573 213 49 ersättning
1450 573 60 36 för
1536 572 263 49 inqvartering

607 628 42 37 af
685 627 163 50 tågande
889 632 155 44 trupper
1080 627 70 36 bör
1177 625 208 49 lämpligen
1415 624 158 37 beredas
1602 623 109 37 deraf
1735 624 64 36 be-

607 680 179 48 tungade,
825 684 96 32 samt
948 679 58 36 till
1033 678 219 47 Riksdagen
1279 677 111 36 aflåta
1419 677 72 36 den
1518 675 282 48 framställning

607 732 12 35 i
656 737 136 40 ämnet,
831 744 80 23 som
949 734 59 33 må
1044 730 121 36 finnas
1192 729 41 36 af
1256 729 288 36 förhållandena
1571 727 225 37 föranledas.

315 992 97 34 24:0.
467 989 240 37 Beträffande
735 988 123 48 öfriga
887 987 186 37 ordinarie
1102 987 133 47 anslag
1261 986 121 36 under
1405 985 122 48 fjerde
1546 983 254 37 hufvudtiteln

211 1042 68 36 har
315 1044 127 46 någon
478 1040 227 49 förändring
739 1040 83 36 icke
858 1039 126 37 blifvit
1010 1038 217 48 ifrågasatt;
1259 1038 70 36 och
1356 1036 221 38 hemställer
1604 1036 196 46 utskottet,

713 1148 54 31 att
804 1143 176 48 samtliga
1017 1143 45 36 de
1096 1141 187 37 ordinarie
1320 1141 187 48 anslagen
1534 1140 117 36 under
1679 1140 122 36 denna

610 1194 241 47 hufvudtitel,
871 1195 12 35 i
902 1194 176 36 afseende
1098 1197 21 32 å
1137 1193 129 36 hvilka
1291 1192 185 36 utskottet
1499 1192 83 36 icke
1601 1191 67 36 här
1688 1191 113 36 ofvan

609 1247 189 36 framstält
840 1246 186 36 särskilda
1065 1245 158 47 förslag,
1264 1247 61 33 må
1364 1244 13 35 1
1408 1245 96 34 1899
1547 1246 70 33 års:
1648 1243 154 35 riksstat

610 1298 180 49 uppföras
830 1297 58 36 till
930 1296 249 37 oförändrade
1219 1296 154 48 belopp;
1416 1295 97 36 dock
1545 1299 55 32 att
1628 1294 174 47 anslaget

610 1349 53 36 till
687 1348 322 38 skrifmaterialier
1030 1348 71 36 och
1121 1361 195 35 expenser,
1337 1346 73 37 ved
1431 1360 44 22 m.
1493 1360 47 22 m.
1557 1346 60 36 för
1633 1346 169 48 departe-

611 1406 141 31 mentet
780 1403 59 33 må
868 1401 36 35 få
927 1400 150 49 jemkas
1104 1399 12 36 i
1145 1399 69 36 den
1244 1402 99 43 mån,
1368 1411 81 23 som
1468 1398 59 35 för
1542 1397 203 48 jemnande
1765 1397 41 35 af

611 1452 275 37 hufvudtitelns
914 1452 221 36 slutsumma
1163 1451 74 36 kan
1264 1451 123 36 finnas
1416 1449 254 48 erforderligt.

303 2331 63 27 Bih.
391 2330 46 28 till
458 2330 94 27 Riksd.
576 2330 77 27 Prot.
683 2326 86 29 1899.
816 2326 18 28 4
859 2328 84 26 Saml.
991 2326 15 27 1
1029 2327 68 33 Afd.
1144 2325 19 27 5
1188 2325 82 35 Häift.
1727 2325 38 27 14
