2236 2616
467 184 46 32 48
905 184 260 35 Statsutskottets
1198 186 175 35 Utlåtande
1400 188 65 33 N:o
1494 191 28 30 5.

517 265 241 38 Beträffande
788 267 123 37 denna
939 268 157 47 motion,
1125 269 12 35 i
1165 269 97 37 hvad
1291 270 73 36 den
1392 270 100 36 afser
1521 270 285 37 förhållandena
1834 271 63 36 vid
1926 270 83 37 flot-

414 322 75 41 tan,
528 318 172 36 kommer
731 319 189 36 utskottet
947 325 55 31 att
1029 325 101 43 yttra
1161 320 59 48 sig
1247 321 11 35 i
1288 321 277 49 sammanhang
1593 322 85 36 med
1708 322 238 48 afgifvandet
1973 323 41 36 af

413 369 194 36 utlåtande
650 370 196 49 angående
888 371 244 49 regleringen
1173 373 41 36 af
1247 373 209 48 utgifterna
1490 374 119 35 under
1638 373 227 37 riksstatens
1894 375 116 36 femte

415 420 241 37 hufvudtitel.

517 576 240 37 Beträffande
800 577 140 49 Kongl.
980 578 127 48 Maj:ts
1150 579 281 49 framställning
1472 580 120 36 under
1633 586 208 31 momentet
1874 580 34 49 c)
1942 581 69 36 har

416 627 424 49 departementschefen
869 630 139 36 erinrat
1036 636 67 39 att,
1132 634 48 46 på
1208 636 74 32 sätt
1309 632 74 35 han
1414 632 59 36 vid
1504 632 170 48 punkten
1707 635 16 33 1
1745 633 121 36 under
1885 633 125 36 denna

414 679 231 37 hufvudtitel
674 685 206 43 omnämnt,
911 695 45 22 en
986 682 164 48 ändring
1174 683 12 36 i
1204 683 176 48 gällande
1402 689 74 31 stat
1498 684 57 36 för
1574 684 294 37 fortifikationen
1888 684 121 37 skulle

415 731 205 47 erfordras,
651 732 125 37 derest
804 733 65 36 det
896 733 52 36 uti
977 734 165 36 nämnda
1170 735 120 48 punkt
1319 735 220 37 framstälda
1568 736 145 48 förslag
1730 736 57 36 till
1808 736 202 37 förändrad

416 783 262 48 organisation
707 784 40 36 af
771 785 151 36 arméns
943 785 236 50 förvaltning
1198 786 125 37 blefve
1343 792 168 44 antaget,
1534 788 71 36 och
1624 788 68 36 har
1712 788 298 49 departements-

418 835 137 37 chefen
592 835 60 36 för
688 836 118 49 öfrigt
843 837 176 36 hänvisat
1046 837 58 36 till
1133 838 71 36 den
1232 839 207 48 utredning
1466 839 148 47 härom,
1645 852 81 23 som
1756 839 43 37 af
1822 840 139 36 honom
1991 843 20 33 å

414 886 156 49 angifna
599 887 107 37 ställe
734 888 175 37 lemnats.

516 990 242 37 Beträffande
789 991 74 36 den
892 991 144 49 ökning
1062 992 42 36 af
1128 993 159 48 utgifter
1315 994 119 36 under
1462 993 178 49 anslaget
1667 994 56 36 till
1751 994 169 48 aflöning
1939 995 69 35 och

414 1042 255 48 rekrytering,
707 1055 80 23 som
826 1042 120 37 skulle
982 1044 220 36 föranledas
1235 1044 42 36 af
1301 1045 106 36 bifall
1434 1045 57 36 till
1519 1045 101 37 hvad
1648 1046 68 35 här
1745 1045 115 37 ofvan
1889 1046 120 36 under

414 1093 48 49 a),
504 1093 38 48 b)
587 1094 70 36 och
697 1094 32 48 c)
772 1094 231 49 föreslagits,
1046 1095 170 37 erinrade
1257 1096 437 49 departementschefen,
1737 1103 56 31 att
1835 1097 174 49 anslaget

415 1145 120 37 skulle
579 1146 164 36 behöfva
783 1146 181 49 förhöjas,
1006 1146 64 36 vid
1107 1147 105 37 bifall
1247 1147 58 37 till
1341 1148 331 49 framställningen
1710 1149 119 36 under
1857 1149 35 49 a)
1923 1150 85 36 med

416 1199 139 45 75,154
597 1197 137 37 kronor
776 1198 72 36 och
889 1198 62 36 vid
989 1198 105 36 bifall
1122 1199 57 36 till
1208 1198 326 50 framställningen
1564 1200 119 37 under
1709 1200 39 49 b)
1778 1201 85 36 med
1890 1206 119 44 ytter-

417 1248 120 49 ligare
577 1251 161 45 262,957
778 1250 153 47 kronor,
969 1263 85 23 men
1094 1250 125 36 kunna
1247 1251 168 37 minskas
1443 1252 86 36 med
1558 1253 114 47 4,500
1700 1253 152 47 kronor,
1882 1253 128 36 derest

414 1300 101 37 hvad
552 1301 120 36 under
709 1300 32 49 c)
780 1301 220 49 föreslagits
1035 1315 126 23 vunne
1189 1303 288 47 godkännande.
1533 1304 188 48 Anslaget
1750 1304 121 36 skulle
1900 1304 109 37 alltså

415 1355 20 33 å
471 1366 73 23 ena
583 1352 107 37 sidan
722 1353 165 37 behöfva
915 1354 91 36 ökas
1035 1354 87 36 med
1152 1354 152 49 (75,154
1323 1366 22 25 +
1368 1355 178 48 262,957)
1576 1358 160 43 338,111
1768 1356 141 36 kronor
1937 1357 72 36 och

414 1406 21 33 å
474 1404 76 36 den
591 1404 115 37 andra
747 1405 128 36 kunna
915 1404 167 38 minskas
1115 1406 85 36 med
1228 1408 113 46 4,500
1370 1407 150 48 kronor,
1551 1407 148 37 hvadan
1727 1407 133 37 inalles
1890 1408 118 36 erfor-

414 1455 137 37 drades
582 1469 47 23 en
657 1456 144 49 ökning
829 1457 43 36 af
898 1459 161 45 333,611
1091 1458 150 36 kronor.

519 1662 139 50 Kongl.
688 1663 127 50 Maj:ts
850 1663 12 36 i
896 1669 209 31 momentet
1133 1663 34 49 a)
1196 1664 118 37 under
1343 1664 122 37 denna
1493 1665 122 49 punkt
1642 1665 135 49 gjorda
1805 1665 202 37 framställ-

414 1714 93 49 ning
544 1715 70 36 har
650 1720 107 43 synts
790 1715 186 37 utskottet
1008 1715 222 37 välbetänkt
1263 1721 97 32 samt
1388 1717 124 47 egnad
1540 1723 56 30 att
1625 1717 80 36 dels
1734 1717 175 37 befordra
1938 1717 69 37 lik-

416 1766 211 48 formighet
661 1768 12 35 i
710 1767 181 36 värfvade
928 1768 150 35 arméns
1116 1767 276 49 aflöningssätt,
1422 1768 79 36 dels
1531 1769 71 35 ock
1631 1769 11 35 i
1672 1769 58 36 sin
1758 1772 85 33 mån
1871 1769 136 37 under-

415 1817 91 37 lätta
553 1818 290 48 ifrågavarande
889 1819 299 49 truppförbands
1229 1819 174 37 hållande
1446 1820 63 36 vid
1550 1820 193 37 beräknad
1784 1821 223 49 manskaps-

416 1869 141 49 styrka.
613 1870 195 37 Utskottet
846 1870 56 36 får
936 1870 110 37 alltså
1080 1871 151 36 förorda
1259 1871 105 36 bifall
1393 1871 53 37 till
1477 1871 140 50 Kongl.
1647 1872 126 48 Maj:ts
1803 1872 203 37 framställ-

413 1921 94 48 ning
534 1921 13 36 i
576 1921 122 38 denna
726 1921 70 38 del.

517 2024 122 37 Innan
674 2025 188 36 utskottet
889 2028 69 45 går
986 2030 56 32 att
1070 2026 118 36 uttala
1216 2026 58 48 sig
1302 2025 234 38 beträffande
1565 2026 141 49 Kongl.
1736 2027 128 49 Maj:ts
1893 2027 113 36 fram-

416 2075 186 50 ställning
634 2076 118 37 under
779 2076 171 49 punkten
978 2079 22 34 4
1029 2077 51 48 b),
1111 2091 110 23 anser
1250 2078 60 47 sig
1337 2078 188 36 utskottet
1553 2078 91 36 böra
1671 2084 99 43 yttra
1802 2079 60 48 sig
1889 2082 116 45 angå-

417 2127 94 36 ende
555 2128 46 36 de
642 2128 12 36 i
695 2128 275 37 ofvanberörda
1007 2129 143 36 motion
1192 2129 216 36 framstälda
1442 2130 212 48 yrkanden,
1682 2130 12 35 i
1721 2130 100 37 hvad
1851 2131 45 36 de
1925 2130 81 36 afse

417 2179 101 37 vissa
547 2179 455 49 aflöningsförhållanden
1030 2180 64 36 vid
1122 2181 126 36 hären.

517 2230 198 38 Utskottet
743 2231 104 37 delar
875 2231 72 37 den
974 2231 42 37 af
1042 2232 234 37 motionären
1305 2232 195 49 uttryckta
1528 2232 147 37 önskan
1708 2245 61 24 om
1789 2232 218 49 förenkling

415 2283 12 35 i
454 2283 141 36 härens
624 2282 279 50 aflöningssätt,
931 2297 86 23 men
1046 2296 113 24 anser
1186 2284 61 48 sig
1273 2284 83 36 icke
1385 2284 125 37 kunna
1538 2284 171 48 bedöma,
1737 2284 185 37 huruvida
1949 2285 59 36 för
