1882 2784
303 182 19 30 2
611 181 122 32 Första
752 180 246 38 lagutskottets
1017 181 179 32 utlåtande
1214 192 42 21 nr
1275 183 39 29 14
1333 181 38 31 år
1392 183 82 30 1966

301 271 424 36 dovisningshandlingar,
749 280 74 20 som
848 270 249 37 förmyndaren
1121 271 63 29 har
1207 273 50 28 att
1280 271 121 37 avgiva
1423 271 52 30 till
1499 271 284 37 överförmynda-

302 333 71 25 ren,
400 324 87 29 skall
514 324 112 29 denne
650 323 152 37 granska
828 323 268 37 förmyndarens
1122 323 223 38 förvaltning.
1370 324 129 29 Därvid
1525 324 89 30 skall
1640 324 143 30 särskilt

302 377 110 29 tillses
432 377 50 29 att
500 376 233 37 tillgångarna
751 377 38 28 är
809 376 167 37 anbragta
995 377 76 29 med
1092 376 203 37 erforderlig
1313 376 160 37 trygghet
1490 377 64 29 och
1572 379 51 28 att
1640 377 40 30 de
1698 377 84 30 läm-

301 438 64 21 nar
387 429 110 37 skälig
519 429 209 37 avkastning
749 431 90 28 samt
862 431 49 28 att
932 429 190 37 utgifterna
1143 428 54 31 för
1218 428 65 30 den
1304 429 185 38 omyndige
1508 429 76 31 icke
1604 430 179 37 överstigit

302 483 66 29 vad
385 491 74 21 som
475 482 58 30 må
549 491 101 21 anses
667 482 136 38 skäligt.
820 482 340 37 Överförmyndaren
1176 483 79 36 äger
1270 482 170 37 genomgå
1454 482 53 30 till
1522 482 260 38 förvaltningen

300 536 156 30 hörande
476 535 248 37 räkenskaper,
743 535 294 37 betalningsbevis
1057 535 65 30 och
1141 536 109 29 andra
1269 535 265 31 verifikationer
1553 538 91 28 samt
1663 536 120 30 värde-

300 589 219 37 handlingar.
540 589 13 28 I
573 588 62 30 fall
656 588 61 30 där
736 588 151 37 särskild
907 588 228 37 sakkunskap
1154 588 176 31 erfordras
1350 589 80 37 äger
1448 589 334 38 överförmyndaren

301 643 109 29 anlita
433 651 117 21 annan
573 644 51 28 att
646 642 117 29 utföra
785 641 83 31 eller
889 641 137 30 biträda
1048 642 55 29 vid
1126 642 206 30 revisionen.
1354 641 66 30 Om
1442 643 260 37 granskningen
1724 650 58 30 ger

300 696 187 37 anledning
513 695 130 34 därtill,
670 695 87 29 skall
784 694 334 37 överförmyndaren
1142 694 126 30 bereda
1293 695 251 37 förmyndaren
1569 696 138 30 tillfälle
1732 696 51 29 att

300 748 157 30 förklara
488 749 50 36 sig
569 750 91 28 samt
689 748 11 29 i
730 747 140 31 svårare
900 747 61 29 fall
991 747 141 37 påkalla
1161 748 132 30 rättens
1323 748 207 36 ingripande
1558 751 73 27 mot
1660 749 122 29 denne.

300 801 107 37 Varje
428 801 37 29 år
488 800 88 30 skall
599 799 333 38 överförmyndaren
953 800 52 30 till
1026 800 114 29 rätten
1161 800 200 30 överlämna
1382 810 41 21 en
1445 801 138 38 uppgift
1608 801 174 35 (årsredo-

299 854 149 38 görelse)
473 854 150 30 rörande
641 853 164 37 tillsynen
824 854 80 28 över
922 852 271 38 förmyndarnas
1213 853 214 37 förvaltning
1445 854 110 30 under
1573 854 209 38 föregående

299 908 49 29 år.
371 906 340 37 Överförmyndaren
733 906 89 30 skall
845 906 174 36 därjämte
1039 905 77 31 föra
1137 905 67 30 bok
1226 906 182 37 angående
1425 907 43 30 de
1488 907 293 38 förmynderskap

300 969 76 22 som
393 960 182 30 inskrivits
591 959 64 30 hos
672 960 113 29 rätten
802 959 65 29 och
884 958 221 38 förteckning
1121 960 80 29 över
1216 960 153 30 ärenden
1386 961 148 30 rörande
1550 961 30 37 ej
1599 962 182 30 inskrivna

300 1012 304 39 förmynderskap.

344 1068 181 37 Möjlighet
550 1067 116 30 finnes
691 1067 54 30 för
771 1068 114 29 rätten
911 1069 50 28 att
984 1076 56 21 om
1065 1067 75 30 skäl
1166 1068 116 29 därtill
1306 1068 126 36 prövas
1456 1077 83 21 vara
1563 1068 55 30 för
1641 1068 140 30 handen

300 1121 175 37 förelägga
499 1120 249 38 förmyndaren
772 1122 51 28 att
847 1121 116 29 lämna
986 1120 201 37 inteckning
1209 1120 82 30 eller
1314 1130 116 20 annan
1454 1121 163 31 säkerhet
1638 1121 55 30 för
1715 1122 66 30 den

299 1174 203 37 omyndiges
523 1174 177 36 egendom.

344 1227 66 30 Gör
433 1227 226 37 förmyndare
681 1227 50 37 sig
754 1225 137 38 skyldig
913 1227 51 29 till
988 1227 177 29 missbruk
1187 1227 82 30 eller
1291 1229 246 30 försummelse
1558 1229 56 29 vid
1637 1230 144 29 utövan-

299 1281 58 30 det
378 1289 42 21 av
440 1281 54 29 sin
514 1279 208 37 befattning,
742 1279 83 30 eller
847 1279 157 30 kommer
1024 1280 69 29 han
1114 1280 43 37 på
1177 1280 223 31 ekonomiskt
1420 1281 179 35 obestånd,
1619 1282 65 29 och
1703 1283 78 36 prö-

299 1343 61 21 vas
380 1333 69 30 han
470 1333 43 37 på
534 1333 113 37 grund
667 1332 108 30 härav
794 1341 85 21 vara
898 1332 165 37 olämplig
1082 1332 115 30 såsom
1217 1332 237 38 förmyndare,
1474 1333 82 32 eller
1575 1334 115 31 finnes
1709 1335 71 30 han

299 1396 43 21 av
362 1395 116 22 annan
498 1385 106 31 orsak
624 1385 76 30 icke
721 1386 119 36 längre
860 1385 142 37 lämplig
1022 1387 50 28 att
1092 1385 127 30 inneha
1240 1386 340 38 förmynderskapet,
1600 1387 89 31 skall
1709 1388 70 30 han

299 1440 201 37 entledigas.

343 1496 74 30 Vad
442 1505 73 20 som
541 1495 148 30 sålunda
713 1494 211 30 föreskrives
947 1494 10 29 i
981 1493 99 38 fråga
1104 1503 55 20 om
1184 1494 293 37 förmynderskap
1500 1495 39 29 är
1560 1495 11 30 i
1593 1495 186 30 huvudsak

298 1549 202 37 tillämpligt
516 1548 86 29 även
621 1547 19 30 å
657 1547 251 37 godmanskap.

341 1603 227 30 Beträffande
594 1601 600 37 boutredningsmannaförvaltning
1219 1600 69 30 kan
1314 1601 154 29 kontroll
1494 1602 79 29 över
1599 1611 41 20 av
1665 1602 114 29 rätten

298 1656 190 30 förordnad
519 1655 337 37 boutredningsman
887 1654 175 30 anordnas
1093 1654 10 29 i
1133 1653 56 30 två
1219 1654 94 29 olika
1343 1653 142 35 former,
1515 1654 175 37 nämligen
1720 1663 59 21 an-

296 1710 120 37 tingen
440 1717 123 30 genom
588 1718 42 21 en
654 1710 206 36 permanent
883 1708 119 37 tillsyn
1026 1707 83 30 eller
1131 1714 123 30 genom
1278 1716 41 21 en
1343 1706 154 38 tillfällig
1520 1707 160 30 revision.
1703 1708 75 29 Den

298 1763 113 30 första
432 1762 136 30 formen
590 1762 122 29 utövas
734 1770 42 21 av
796 1761 66 37 god
883 1769 81 21 man
986 1769 74 21 som
1082 1769 42 21 av
1144 1760 124 35 rätten,
1288 1761 65 28 när
1373 1758 205 39 bodelägare
1598 1760 104 38 begär
1722 1760 57 30 det

297 1816 84 31 eller
401 1816 113 30 rätten
536 1815 102 36 eljest
657 1815 125 37 prövar
803 1814 168 37 lämpligt,
991 1813 70 30 kan
1082 1813 185 30 förordnas
1287 1815 51 28 att
1357 1813 64 29 öva
1440 1813 119 37 tillsyn
1579 1813 19 30 å
1617 1813 161 32 boutred-

295 1871 276 36 ningsmannens
600 1868 222 36 förvaltning.
851 1867 130 30 Sådant
1007 1866 237 30 förordnande
1269 1865 136 38 undgås
1431 1875 55 20 om
1512 1866 267 38 boutrednings-

297 1931 152 21 mannen
471 1922 118 29 ställer
611 1921 161 30 säkerhet
791 1920 55 30 för
867 1920 203 36 ersättning,
1091 1929 74 20 som
1184 1920 70 29 han
1273 1920 70 29 kan
1363 1920 117 30 finnas
1501 1920 136 37 skyldig
1656 1922 51 29 att
1725 1921 53 28 ut-

296 1976 88 37 giva.
407 1976 64 29 Det
493 1974 143 31 enklare
659 1973 375 30 kontrollförfarandet
1055 1973 177 37 tillämpas
1253 1973 65 29 när
1338 1973 66 36 god
1426 1982 81 20 man
1528 1973 31 36 ej
1583 1974 38 28 är
1643 1974 134 29 utsedd.

297 2029 126 29 Rätten
444 2029 79 36 äger
544 2027 44 29 då
608 2027 44 37 på
673 2026 157 30 ansökan
852 2035 42 20 av
914 2025 159 37 delägare
1093 2026 82 29 eller
1194 2025 102 37 eljest
1316 2025 176 37 förelägga
1511 2025 267 38 boutrednings-

296 2090 152 21 mannen
468 2082 51 29 att
539 2080 121 37 avgiva
679 2079 218 37 redogörelse
915 2078 54 30 för
989 2079 53 29 sin
1061 2078 214 37 förvaltning
1293 2078 83 30 eller
1394 2078 64 30 ock
1477 2078 168 31 förordna
1662 2079 115 37 någon

296 2136 52 29 att
362 2133 152 39 granska
530 2133 258 37 förvaltningen
805 2132 66 30 och
886 2132 145 29 däröver
1047 2132 120 36 avgiva
1182 2130 195 31 berättelse.

339 2187 14 29 I
378 2186 288 38 angelägenheter
690 2194 42 22 av
753 2185 75 30 vikt
853 2184 89 31 skall
965 2183 407 39 boutredningsmannen
1396 2185 157 31 inhämta
1576 2185 201 38 bodelägar-

295 2249 65 21 nas
380 2240 150 37 mening,
551 2239 63 29 där
635 2239 56 30 det
711 2238 188 37 lämpligen
919 2237 68 30 kan
1008 2238 71 30 ske.
1099 2237 83 31 Fast
1201 2238 168 37 egendom
1389 2238 82 31 eller
1490 2239 160 30 tomträtt
1669 2238 55 30 får
1743 2238 31 37 ej

294 2303 43 21 av
368 2292 405 37 boutredningsmannen
804 2291 172 30 överlåtas
1007 2292 85 28 utan
1124 2291 204 37 delägarnas
1360 2291 187 37 skriftliga,
1577 2291 200 31 bevittnade

295 2346 180 38 samtycke
489 2345 94 35 eller,
599 2345 62 29 där
677 2345 56 30 det
748 2344 30 36 ej
797 2344 70 30 kan
884 2343 160 35 erhållas,
1060 2344 133 30 rättens
1209 2343 169 30 tillstånd.

339 2399 342 36 Boutredningsman
703 2397 88 30 skall
814 2396 191 37 entledigas
1026 2405 57 21 om
1105 2396 69 30 han
1196 2395 31 37 ej
1251 2396 116 30 finnes
1389 2397 142 37 lämplig
1551 2397 83 30 eller
1654 2406 43 21 av
1717 2407 59 20 an-

294 2460 71 22 nan
384 2450 149 31 särskild
552 2450 106 31 orsak
675 2450 62 30 bör
755 2449 126 37 skiljas
900 2449 78 30 från
997 2449 202 37 uppdraget.
1217 2448 112 38 Fråga
1346 2458 57 21 om
1420 2449 355 38 boutredningsmans

294 2504 243 38 entledigande
561 2503 70 30 kan
655 2503 128 30 väckas
808 2511 43 21 av
875 2511 115 26 envar,
1015 2511 79 21 vars
1118 2502 70 30 rätt
1211 2502 38 29 är
1271 2501 173 31 beroende
1468 2511 41 20 av
1532 2503 242 38 utredningen.
