1924 2834
280 169 40 30 20
636 171 391 38 Bevillningsutskottets
1052 171 216 31 betänkande
1292 171 50 31 Nr
1368 172 48 29 41.

641 253 31 39 3)
703 256 78 31 med
806 255 116 37 avslag
948 255 20 31 å
992 254 176 31 motionen
1193 254 95 30 1:424
1311 264 42 21 av
1378 255 79 29 herr
1483 253 175 36 Stendahl,
1684 253 11 30 i
1722 251 65 32 vad

597 307 177 30 motionen
790 315 98 22 avser
903 305 96 37 fråga
1016 315 57 21 om
1091 305 198 37 tilläggstull
1303 305 54 31 för
1372 304 52 31 till
1440 304 183 31 tulltaxenr
1641 305 62 30 602
1721 304 65 30 och

596 358 64 30 603
680 356 197 37 hänförliga
894 356 168 36 varuslag,
1081 355 114 31 såsom
1213 355 195 37 ytterligare
1425 355 116 36 tillägg
1560 354 50 31 till
1629 354 159 37 gällande

596 408 143 30 tulltaxa
761 408 144 35 besluta,
926 410 49 28 att
995 406 56 31 vid
1073 406 141 31 införsel
1232 406 79 31 från
1331 405 155 31 utlandet
1507 415 42 21 av
1570 414 112 28 varor,
1702 405 84 30 hän-

596 458 122 38 förliga
739 459 52 30 till
811 458 154 30 nämnda
983 458 195 36 tulltaxenr,
1199 457 89 32 skall
1307 456 81 37 utgå
1407 456 198 36 tilläggstull
1625 456 46 36 på
1691 456 66 30 sätt
1777 455 10 30 i

597 510 122 36 Kungl.
741 508 120 38 Maj:ts
882 508 129 37 förslag
1031 509 90 36 sägs;

640 581 31 40 4)
701 584 166 36 förklara,
885 587 49 28 att
955 584 40 30 de
1015 592 67 28 nya
1102 582 304 32 bestämmelserna
1428 582 97 31 skola
1545 582 100 30 träda
1664 582 10 29 i
1694 580 93 31 kraft

596 635 21 31 å
636 636 75 36 dag,
730 644 76 21 som
826 634 122 37 Kungl.
966 634 101 37 Maj:t
1088 634 216 30 bestämmer.

328 736 201 31 Stockholm
547 736 68 31 den
633 737 42 30 28
694 735 70 38 maj
787 735 95 31 1936.

722 834 50 31 På
794 834 386 37 bevillningsutskottets
1204 834 142 36 vägnar:

871 934 96 31 JOH.
993 933 199 31 NILSSON.

321 1209 194 26 Närvarande:
534 1217 29 17 se
584 1209 89 24 under
693 1208 192 25 betänkandet
906 1216 34 16 nr
958 1208 43 25 40.

861 1515 349 36 Reservation

329 1633 42 24 av
391 1625 120 33 herrar
530 1625 175 37 Nylander
723 1625 11 30 i
752 1624 202 31 Stockholm
973 1624 65 30 och
1059 1624 157 37 Hagberg
1237 1622 11 32 i
1268 1622 129 32 Malmö
1418 1622 218 32 beträffande
1655 1623 129 31 utskot-

286 1679 62 29 tets
372 1677 130 37 förslag
520 1686 61 21 om
604 1675 146 37 ändring
775 1685 43 21 av
840 1675 107 31 tullen
972 1674 20 31 å
1017 1674 90 31 vissa
1130 1674 192 31 trikåvaror
1346 1678 89 27 samt
1460 1684 59 21 om
1543 1674 199 37 tilläggstull
1767 1673 20 31 å

285 1727 306 38 sidenklädningar
615 1737 44 20 m.
685 1736 44 21 m.

491 2492 108 22 367267.
638 2491 175 28 Stockholm,
833 2491 80 24 Isaac
931 2491 113 24 Marcus
1063 2491 376 31 Boktryckeri-Aktiebolag,
1461 2470 74 54 1936.
