2164 2602
374 168 39 28 40
844 164 326 32 Jordbruksutskottets
1197 164 155 30 utlåtande
1376 165 48 29 Nr
1450 167 46 29 31.

468 248 74 35 dels
563 250 46 40 (=
631 247 206 42 utskottet)

450 300 160 45 dels(=
712 312 16 23 >»
828 303 10 40 )

467 353 75 36 dels
560 357 59 32 att
639 355 57 34 för
713 357 147 32 statens
878 353 161 46 räkning
1058 354 83 34 från
1161 353 126 35 odlare
1304 352 105 36 inom
1425 352 131 36 landet
1574 352 142 49 inköpa
1734 354 46 36 de
1799 354 68 35 hos
1886 353 83 36 dem

374 409 55 33 för
452 418 40 24 år
519 405 94 39 1918
635 406 187 36 skördade
846 406 141 47 partier
1009 405 108 46 korn,
1144 405 102 36 vilka
1271 405 56 36 till
1351 410 127 31 staten
1501 405 227 48 hembjudas
1752 406 81 37 före
1856 405 73 37 den
1955 407 16 34 1

371 460 81 46 juni
471 460 104 45 1919,
594 459 57 36 till
669 464 56 32 ett
741 459 89 48 pris,
848 471 80 24 som
946 460 56 34 för
1018 459 107 45 korn,
1145 459 104 36 odlat
1264 459 104 36 inom
1387 458 263 46 Norrbottens,
1669 459 305 45 Västerbottens,

376 513 214 36 Jämtlands
612 514 69 35 och
704 510 334 39 Västernorrlands
1053 512 76 46 län,
1147 516 119 32 sättes
1288 512 57 36 till
1367 512 116 36 minst
1505 512 47 36 36
1573 511 138 37 kronor
1733 525 65 35 per
1823 512 69 38 100
1913 512 59 47 kg.

372 567 69 36 och
466 567 56 35 för
546 566 107 45 korn,
679 566 105 36 odlat
808 566 101 36 inom
935 566 129 46 övriga
1089 565 104 37 delar
1216 577 48 24 av
1288 565 142 45 landet,
1455 565 57 36 till
1536 565 117 36 minst
1677 565 46 36 33
1744 565 142 36 kronor
1909 578 65 36 per

374 618 68 38 100
464 620 59 47 kg.
554 620 86 37 fullt
664 619 270 47 marknadsgill
958 631 105 33 vara,
1090 619 86 36 med
1201 619 227 36 förbindelse
1453 619 56 36 för
1534 623 126 32 staten
1686 623 58 32 att
1770 618 206 37 verkställa

371 673 205 48 uppköpen
598 673 85 36 med
704 673 250 48 tillämpande
976 684 49 24 av
1046 684 45 24 en
1115 672 196 48 prisskala,
1333 684 81 24 som
1437 673 56 35 för
1514 684 93 24 vara
1629 684 48 24 av
1698 672 111 36 bästa
1831 672 145 36 kvalité

372 727 103 45 giver
496 731 57 32 ett
574 727 77 47 pris
674 727 20 35 2
716 727 141 36 kronor
876 726 114 47 högre
1011 726 88 35 eller
1120 726 144 36 således
1286 726 115 35 minst
1423 725 58 42 38,
1503 737 94 36 resp.
1623 726 45 35 35
1690 725 150 46 kronor;

466 780 75 37 dels
567 783 47 42 (=
644 780 206 45 utskottet)

467 834 76 36 dels
562 838 60 32 att
641 834 66 36 vid
726 833 118 48 inköp
865 834 78 35 före
961 834 72 35 den
1055 834 17 34 1
1093 833 82 47 juni
1197 834 93 36 1919
1308 834 56 35 för
1383 837 146 32 statens
1549 833 160 47 räkning
1728 845 48 24 av
1796 833 119 36 under
1934 834 40 34 år

378 888 88 36 1918
488 887 177 44 skördad,
691 887 61 35 väl
777 887 170 36 sorterad
972 887 156 47 potatis,
1155 886 142 36 avsedd
1321 886 56 36 till
1402 886 240 48 matpotatis,
1667 886 116 48 priset
1807 886 84 37 icke
1914 887 63 35 må

372 941 217 47 understiga
613 941 57 36 för
693 940 155 48 potatis,
874 939 111 37 odlad
1010 939 104 36 inom
1141 938 261 47 Norrbottens,
1428 940 303 45 Västerbottens,
1761 939 215 37 Jämtlands

371 994 69 37 och
460 994 335 37 Västernorrlands
814 994 75 45 län,
913 993 44 36 14
975 993 140 37 kronor
1135 1005 65 36 per
1222 993 70 36 100
1310 993 59 47 kg.
1394 993 68 35 och
1485 993 57 35 för
1561 993 156 47 potatis,
1739 992 113 36 odlad
1873 992 103 36 inom

371 1048 128 47 övriga
525 1048 103 36 delar
654 1060 48 23 av
726 1047 143 45 landet,
898 1047 43 35 12
966 1046 139 36 kronor
1130 1059 66 35 per
1224 1046 70 36 100
1319 1046 75 46 kg.;

465 1101 75 37 dels
574 1100 64 37 ock
664 1103 47 43 (=
741 1100 206 45 utskottet)

465 1155 37 46 2)
555 1158 46 38 (=
642 1154 206 46 utskottet)

465 1209 37 44 3)
555 1211 47 42 (=
729 1211 126 41 >»)

466 1263 36 44 4)
555 1266 46 42 (=
730 1276 16 20 »
847 1265 20 41 ).

558 1373 48 23 av
630 1360 153 36 friherre
807 1359 190 36 Hermelin
1025 1364 84 33 mot
1142 1359 105 37 vissa
1280 1358 109 38 delar
1418 1371 50 25 av
1489 1359 224 38 utskottets
1734 1358 242 48 motivering

558 1479 47 23 av
632 1467 84 36 herr
742 1466 131 39 Olsson
898 1466 10 36 i
939 1466 367 48 Kullenbergstorp.

781 2284 172 29 Stockholm
976 2286 82 29 1918,
1080 2282 148 29 Nordiska
1254 2280 192 29 Bokindustri
1467 2282 35 26 A.
1522 2282 34 26 B.
