2168 2608
634 138 336 31 Jordbruksutskottets
993 138 161 31 utlåtande
1177 138 52 31 Nr
1250 140 49 30 51.
1691 141 37 29 13

565 222 10 30 i
599 221 111 32 Skåne
733 222 50 31 för
806 221 192 48 vetejordar
1027 223 37 30 18
1088 222 48 31 kr.
1161 232 59 32 per
1244 222 69 31 har.

750 277 11 16 »
806 263 177 43 rågjordar
1026 266 38 29 10
1108 278 11 15 >
1272 278 12 15 >

567 307 11 29 i
601 305 283 43 Mellan-Sverige
1026 308 38 30 10
1272 321 11 14 >

901 420 139 26 Räntor.

296 489 50 32 De
370 492 125 36 räntor,
520 501 68 20 som
612 491 96 31 skola
731 490 168 31 debiteras
923 490 209 41 odlingarna,
1158 496 56 26 äro
1238 491 73 31 dels
1334 494 98 29 ränta
1452 493 44 40 på
1512 493 259 41 fastighetsvär-

164 532 56 30 det
253 531 76 31 med
362 532 177 41 undantag
572 532 52 30 för
657 531 122 32 värdet
803 543 43 19 av
870 532 39 30 de
934 532 206 41 byggnader,
1164 543 69 20 som
1258 533 109 41 enligt
1390 535 227 30 ovanstående
1640 536 131 40 påförts

162 573 118 40 övriga
303 572 135 38 konton,
463 572 71 32 dels
557 576 95 28 ränta
676 574 43 41 på
742 573 167 41 egentligt
932 573 271 43 rörelsekapital.
1237 574 136 31 Räntan
1391 576 42 40 på
1449 575 323 43 kreaturskapitalet

163 614 166 32 debiteras
363 614 153 32 däremot
548 615 235 41 djurkontona,
816 615 60 31 och
911 618 123 28 räntan
1068 617 44 40 på
1135 616 38 31 de
1197 615 87 32 döda
1306 618 254 30 inventarierna
1583 618 62 31 har
1668 618 102 32 redan

163 658 178 40 upptagits
366 656 11 31 i
401 656 399 41 kostnadsberäkningen
823 656 52 31 för
898 657 95 30 detta
1016 657 236 32 inventarium.

297 698 18 31 I
349 698 251 32 nedanstående
633 699 105 31 tabell
763 701 17 29 6
806 699 61 30 har
900 699 120 31 värdet
1054 710 42 20 av
1131 699 199 42 fastighets-
1356 700 59 32 och
1439 700 172 43 egentligt
1634 702 136 32 rörelse-

163 740 134 42 kapital
331 740 232 42 uppskattats.
609 740 135 32 Härvid
779 740 61 32 har
875 741 63 36 det,
974 740 107 33 delvis
1105 742 11 31 i
1140 744 140 30 motsats
1314 742 58 32 till
1406 743 94 31 förut
1533 746 43 39 på
1599 744 172 42 offentligt

164 783 153 41 uppdrag
350 782 139 31 utförda
523 782 559 43 produktionskostnadskalkyler,
1107 787 129 28 ansetts
1259 784 127 42 skäligt
1408 787 51 29 att
1482 785 107 32 räkna
1613 786 73 31 med
1710 786 61 32 den

161 824 151 32 faktiska
335 825 298 41 värdestegringen
655 836 43 20 av
711 825 289 41 jordegendomar,
1018 837 68 20 som
1104 826 102 32 sedan
1223 826 169 32 kristiden
1408 829 132 30 inträtt.
1573 827 198 33 Kristidens

161 866 243 41 långvarighet
427 877 100 32 synes
550 872 81 35 göra
654 867 95 32 detta
772 867 82 31 fullt
878 868 191 30 motiverat.

295 908 68 31 Vid
387 909 298 40 värdesättningen
709 919 42 21 av
774 908 246 42 egendomarna
1043 909 44 31 ha
1111 910 82 31 dock
1209 910 138 42 mycket
1364 911 159 40 måttliga
1539 912 230 31 medelvärden

161 950 91 41 lagts
276 950 56 31 till
355 950 112 40 grund
489 950 59 31 och
571 951 132 41 hänsyn
727 950 30 41 ej
781 951 111 41 tagits
914 950 57 31 till
995 951 39 31 de
1059 951 239 42 »uppjobbade»
1322 951 108 43 priser
1446 953 19 30 å
1481 953 289 41 egendomsmark-

162 992 117 38 naden,
304 1002 70 21 som
398 992 156 31 stundom
578 991 213 33 förekomma.

295 1033 68 32 För
398 1033 111 32 Skåne
543 1034 61 32 har
637 1035 58 31 vid
718 1034 250 43 uppskattning
1002 1045 42 21 av
1070 1035 308 42 fastighetsvärdet
1411 1036 108 43 gjorts
1555 1048 39 20 en
1618 1037 152 31 bestämd

163 1076 149 32 skillnad
347 1076 126 31 mellan
508 1079 100 29 »vete-
643 1077 60 32 och
727 1076 303 42 kornegendomar»
1054 1078 20 30 å
1098 1089 61 20 ena
1182 1078 60 31 och
1265 1079 78 41 »råg
1366 1078 58 32 och
1450 1079 320 41 havreegendomar»

161 1120 20 30 å
204 1119 105 31 andra
343 1118 107 32 sidan.
495 1118 120 32 Denna
649 1118 151 33 skillnad
823 1119 158 42 betingas
1005 1130 42 20 av
1071 1122 53 29 att
1148 1122 86 30 vete-
1260 1121 60 31 och
1345 1120 244 42 kornodlingen
1613 1121 12 31 i
1649 1121 120 38 Skåne,

161 1161 107 31 såsom
293 1161 93 31 förut
409 1161 218 39 frambållits,
650 1161 240 32 företrädesvis
914 1161 155 33 bedrives
1107 1163 20 31 å
1160 1163 63 31 den
1247 1162 143 42 bördiga
1413 1163 235 43 slättbygden,
1666 1164 105 31 under

161 1203 57 31 det
242 1205 52 29 att
317 1202 221 42 rågodlingen
562 1208 37 26 är
621 1203 136 42 förlagd
779 1204 57 31 till
859 1204 198 42 provinsens
1081 1215 154 31 magrare
1258 1205 140 42 bygder.
1434 1205 204 33 Skillnaden
1656 1206 112 42 ijord-

161 1245 102 32 värde
287 1244 124 32 mellan
435 1245 97 31 dessa
555 1245 160 32 områden
738 1250 38 27 är
792 1246 100 31 också
916 1246 219 42 synnerligen
1160 1247 204 42 betydande.
1398 1247 68 32 För
1486 1247 284 42 Mellan-Sverige

160 1287 62 32 har
245 1287 55 31 det
323 1287 28 41 ej
378 1289 130 30 ansetts
532 1288 185 41 berättigat
739 1291 54 28 att
815 1293 82 36 göra
922 1298 39 21 en
985 1288 98 42 dylik
1106 1289 151 31 bestämd
1281 1289 152 32 skillnad
1458 1290 121 31 mellan
1605 1293 88 28 vete-
1710 1290 60 32 och

160 1329 185 42 rågjordar,
370 1340 75 21 men
468 1330 13 30 i
503 1330 596 43 produktionskostnadskalkylerna
1122 1332 52 30 för
1196 1334 74 29 vete
1294 1331 59 32 och
1377 1332 84 30 korn
1484 1333 12 30 i
1520 1332 93 31 detta
1635 1331 134 33 område

161 1372 61 30 bar
245 1371 83 31 dock
351 1371 141 32 räknats
515 1372 74 31 med
613 1373 39 30 10
667 1378 22 30 Zz
713 1372 99 41 högre
834 1376 108 34 ränta,
968 1377 40 26 än
1033 1373 61 31 den
1118 1373 11 31 i
1153 1373 161 31 medeltal
1337 1373 52 32 för
1411 1373 284 42 Mellan-Sverige
1717 1374 54 31 be-

161 1413 157 31 räknade.

293 1455 365 43 Byggnadskapitalet
691 1456 63 31 har
788 1456 226 42 uppskattats
1048 1457 57 31 till
1128 1457 12 30 i
1162 1456 161 33 medeltal
1351 1458 59 31 700
1434 1457 48 32 kr.
1507 1468 58 32 per
1588 1457 63 32 har
1674 1459 55 40 (40
1751 1464 19 26 2

161 1498 101 40 högre
296 1502 43 26 än
364 1499 229 40 1912—1914).
639 1498 58 32 Av
731 1498 94 32 detta
857 1498 137 42 kapital
1017 1498 61 32 har
1100 1500 109 30 såsom
1232 1499 94 32 förut
1350 1500 39 31 70
1400 1505 22 31 x
1444 1500 151 41 antagits
1619 1499 29 43 ej
1674 1500 96 32 skola

160 1540 172 31 förräntas
356 1550 42 21 av
422 1540 210 42 odlingarna.
677 1540 78 32 Dei
773 1540 149 32 tabellen
940 1540 148 42 angivna
1103 1541 150 32 värdena
1269 1552 43 21 av
1328 1541 171 42 egentligt
1514 1542 255 42 rörelsekapital

160 1581 72 32 vila
265 1583 44 41 på
342 1586 91 27 ännu
465 1581 29 43 ej
530 1582 211 43 publicerade
780 1583 262 42 bearbetningar
1078 1595 43 20 av
1146 1583 369 43 räkenskapsmaterial
1537 1584 75 31 från
1636 1584 133 33 landets

166 1623 401 43 bokföringsföreningar.

455 1776 105 27 Tabell
577 1777 26 26 6.
636 1777 161 27 Beräknad
817 1778 93 26 ränta
928 1776 37 35 på
986 1777 176 34 fastighets-
1181 1778 55 27 och
1256 1778 226 34 driftskapital.

1134 1840 101 43 Skåne.
1471 1846 122 27 Mellan-
1604 1846 108 35 Sverige

360 1879 49 24 Per
428 1879 94 25 hektar
978 1878 172 35 Vetejordar.
1246 1879 178 35 Rågjordar.

260 1929 235 31 Fastighetsvärde.
543 1949 5 5 .
578 1949 3 4 .
612 1924 21 41 oo
644 1949 308 5 oo.oococoo0ccoo0ococ.
1002 1929 74 32 2,200
1095 1931 36 24 kr.
1270 1930 74 32 1,200
1362 1932 37 24 kr.
1540 1931 73 32 1,000
1632 1933 38 24 kr.

259 1980 90 31 Avgår
367 1980 217 31 byggnadsvärde
609 2000 3 4 .
642 2000 4 4 .
676 2000 274 4 .........
1024 1980 50 26 500
1103 1991 9 11 >
1290 1980 51 26 500
1370 1991 9 12 >
1559 1981 50 26 500
1638 1992 9 12 >

260 2039 236 31 Fastighetsvärde
514 2041 41 23 att
573 2040 131 24 förräntas
723 2047 32 17 av
769 2039 156 31 odlingarna
944 2059 5 5 .
999 2039 73 31 1,700
1090 2041 39 23 kr.
1292 2040 49 26 700
1359 2041 38 24 kr.
1561 2041 52 25 500
1631 2043 38 24 kr.

259 2090 192 31 Driftskapital
470 2090 40 24 d:o
543 2109 3 5 .
579 2109 34 4 oo
645 2109 36 5 cs
711 2109 239 5 sco
874 2086 79 39 cc
1026 2089 49 26 200
1105 2100 9 12 >
1291 2090 49 25 150
1369 2101 9 12 >
1560 2091 49 26 120
1639 2103 8 11 >

906 2149 45 25 S:a
998 2148 75 32 —1,900
1090 2150 38 24 kr.
1290 2149 51 26 850
1358 2152 32 23 kr
1559 2150 50 26 620
1627 2152 40 25 kr.

260 2200 86 24 Ränta
398 2198 44 30 A0Ö8
487 2219 58 4 oc
575 2219 375 5 ooo
739 2194 53 42 ss
809 2194 49 42 ss
875 2194 80 42 ss
1026 2199 47 25 114
1103 2209 9 12 >
1306 2200 30 25 51
1368 2210 10 13 >
1576 2200 32 27 37
1639 2211 8 13 >
