2236 2606
429 172 41 32 14
575 174 126 32 Första
724 175 240 33 Kommaårens
991 176 192 40 Tillfälliga
1213 176 143 32 Utskotts
1380 176 76 40 (N:o
1483 176 33 41 1)
1549 176 183 32 Utlåtande
1757 177 60 32 N:o
1843 179 49 29 15.

429 262 126 48 därpå
579 263 139 37 "vinna.
778 257 135 44 Äfven
943 264 48 37 de
1021 265 326 48 anmärkningar,
1379 276 86 25 som
1489 265 307 37 ämbetsverken
1816 265 107 38 rikta
1941 270 87 34 mot

429 316 275 38 motionärens
730 317 152 49 förslag
909 320 60 35 att
997 320 43 35 åt
1068 318 316 38 kommissionen
1413 318 255 38 öfverlämna
1695 319 258 48 utgifvandet
1976 320 52 38 af

428 381 67 26 en
486 366 16 59 .
521 370 199 37 statistisk
762 371 156 46 årsbok,
962 371 148 38 liksom
1153 374 57 35 att
1239 374 41 35 åt
1309 371 133 38 denna
1470 372 113 48 gifva
1611 374 126 36 större
1766 372 259 49 omfattning,

428 426 52 34 än
508 423 110 38 hvad
652 423 205 49 »Sveriges
885 425 189 38 officiella
1103 426 176 37 statistik
1307 425 14 37 i
1350 426 304 48 sammandrag»
1688 438 57 25 nu
1775 429 101 45 äger,
1908 438 119 37 synes

428 476 198 39 utskottet
654 477 87 38 icke
765 478 73 37 väl
865 479 220 47 grundade.
1146 480 59 47 Ty
1234 480 131 37 ehuru
1393 479 259 48 utgifvandet
1681 480 42 36 af
1750 480 179 37 nämnda
1948 482 78 35 års-

428 530 80 38 bok
537 531 204 38 anförtros
767 534 43 35 åt
829 532 337 46 kommissionen,
1180 533 196 37 behöfver
1396 532 139 38 därför
1554 533 88 37 icke
1658 533 89 38 dess
1762 534 265 37 utarbetande

428 584 70 37 ske
534 582 211 51 kollegialt
787 585 92 38 med
920 586 118 38 däraf
1079 586 180 49 följande
1294 589 84 35 stor
1405 586 261 46 tidsutdräkt,
1697 589 132 35 såsom
1859 588 167 37 ämhbets-

427 634 151 41 verken
607 650 120 37 synas
755 639 195 46 förmena,
981 642 101 35 utan
1111 640 80 38 kan
1220 641 75 37 och
1324 640 74 37 bör
1425 640 265 38 redaktionen
1720 641 43 37 af
1792 641 236 37 densamma

428 691 220 38 öfverlåtas
689 694 42 36 åt
773 704 49 25 en
859 693 95 38 eller
981 696 72 35 två
1082 695 42 36 af
1151 694 339 37 kommissionens
1519 694 201 37 ordinarie
1749 694 273 46 medlemmar,

428 745 123 37 sedan
581 745 317 39 kommissionen
927 747 208 38 samfälldt
1162 747 193 38 fastställt
1374 747 109 38 hvad
1503 747 136 38 däruti
1658 748 73 37 bör
1758 747 264 38 förekomma.

428 798 119 38 Icke
536 794 16 60 '
564 798 125 38 heller
728 812 121 25 anser
889 801 209 45 utskottet,
1144 804 57 34 att
1230 801 78 37 den
1337 803 161 46 utgång,
1530 813 89 26 som
1648 802 173 47 begäran
1851 813 66 25 om
1945 802 79 37 för-

427 852 120 48 höjdt
589 852 138 49 anslag
767 853 64 37 till
878 853 206 50 »Sveriges
1126 854 188 38 officiella
1356 855 178 37 statistik
1567 855 13 36 i
1610 855 302 48 sammandrag»
1948 856 79 37 fick

427 903 45 39 år
502 905 115 46 1899,
648 906 73 38 bör
749 907 213 38 afskräcka
988 908 95 37 från
1113 911 58 35 att
1199 911 106 46 ånyo
1325 908 135 37 vända
1478 909 61 48 sig
1558 908 63 37 till
1640 908 149 48 Kungl.
1812 908 119 48 Maj:t
1951 909 76 37 och

429 959 231 49 Riksdagen
690 960 93 38 med
807 972 54 26 -en
880 961 194 38 liknande
1094 962 201 37 anhållan.
1327 962 98 37 Man
1445 962 74 37 bör
1540 962 102 37 blott
1662 962 143 38 därvid
1824 961 116 47 tillse,
1968 965 59 35 att

427 1012 208 49 samtidigt
676 1014 165 48 uppgift
882 1015 206 37 meddelas
1130 1028 65 25 om
1233 1016 48 37 de
1311 1028 81 36 nya
1418 1015 169 38 tabeller
1607 1016 84 37 och
1719 1016 116 37 öfver
1862 1016 164 37 hufvud

429 1077 66 27 om
524 1066 79 38 den
631 1067 245 37 förändrade
904 1069 291 48 uppställning,
1225 1081 88 25 som
1343 1069 115 37 afses.
1504 1069 210 38 Utskottet
1743 1072 44 34 är
1806 1069 221 38 förvissadt

428 1132 77 33 om,
537 1123 70 43 att,
649 1123 75 34 när
750 1120 248 50 Riksdagen
1040 1125 53 45 på
1134 1125 44 35 så
1205 1125 81 35 sätt
1313 1122 65 37 får
1406 1134 41 25 se
1476 1122 77 38 och
1581 1122 78 38 blir
1688 1122 239 49 öfvertygad
1956 1135 67 25 om

427 1176 145 46 nyttan
602 1174 79 37 och
709 1174 296 49 behöfligheten
1035 1176 44 37 af
1106 1188 49 25 en
1183 1176 244 48 utvidgning
1455 1176 43 37 af
1525 1176 310 48 ifrågavarande
1864 1177 158 45 årsbok,

425 1227 81 38 den
535 1227 88 38 icke
649 1227 130 38 heller
806 1228 102 38 skall
936 1232 124 46 vägra
1089 1229 48 38 de
1166 1229 138 38 därför
1332 1229 149 49 nödiga
1508 1229 171 38 medlen.

589 1281 122 38 Hvad
757 1281 188 50 stluatligen
992 1283 193 38 beträffar
1230 1284 419 48 sammansättningen
1695 1284 90 37 utaf
1826 1284 78 37 den
1946 1296 81 36 nya

428 1333 442 40 tabellkommissionen
899 1339 105 35 samt
1034 1337 49 37 de
1112 1337 91 38 med
1230 1337 204 37 reformen
1463 1337 194 37 förenade
1677 1337 283 46 kostnaderna,
1982 1340 44 34 så

426 1400 122 26 anser
588 1389 61 48 sig
691 1388 196 38 utskottet
928 1390 88 37 icke
1059 1390 140 38 kunna
1239 1392 95 47 ingå
1376 1391 60 37 uti
1479 1390 180 49 detaljer.
1719 1391 208 38 Utskottet
1955 1391 73 37 vill

430 1440 104 40 blott
561 1442 14 37 i
614 1443 286 37 förstnämnda
934 1444 190 38 afseende
1151 1444 227 46 framhålla,
1410 1447 59 35 att
1497 1444 68 38 det
1594 1457 119 36 synes
1740 1444 196 49 lämpligt,
1968 1447 59 35 att

430 1496 144 37 chefen
616 1496 65 37 för
722 1496 222 38 statistiska
986 1498 282 49 centralbyrån
1310 1498 78 37 blir
1428 1500 134 35 såsom
1597 1498 145 37 hittills
1780 1498 245 37 ordförande

431 1549 65 37 för
524 1549 330 46 kommissionen,
884 1551 75 37 och
987 1551 140 37 vidare
1157 1554 58 35 att
1244 1551 135 37 däruti
1408 1552 94 47 ingå
1528 1553 135 35 såsom
1692 1551 202 37 ordinarie
1922 1551 104 38 leda-

430 1600 130 40 möter
598 1603 83 38 dels
715 1605 154 37 tvenne
894 1604 252 48 tjänstemän
1169 1604 97 38 med
1295 1605 277 45 fackinsikter,
1604 1617 49 25 en
1681 1604 93 38 från
1804 1605 224 38 statistiska

431 1656 281 50 centralbyrån.
755 1657 76 38 och
872 1670 50 25 en
964 1658 94 38 från
1101 1658 434 49 kommerskollegium,
1577 1658 137 38 vidare
1743 1671 61 34 en,
1835 1661 70 35 två
1933 1659 96 37 eller

430 1710 95 38 flere
567 1711 190 37 fackmän
799 1711 92 37 från
928 1712 296 38 universiteten
1259 1712 96 38 eller
1384 1713 71 37 där
1484 1712 117 49 eljest
1629 1712 152 38 sådana
1809 1713 131 37 finnas
1970 1715 59 35 att

423 1763 128 49 tillgå.
611 1764 79 37 Till
730 1764 118 38 dessa
889 1765 203 38 ordinarie
1135 1766 230 46 ledamöter,
1411 1778 87 25 som
1541 1767 98 36 böra
1681 1766 137 37 arbeta
1846 1766 84 37 dels
1959 1766 70 38 vid

430 1829 299 36 gemensamma
771 1819 340 46 sammanträden,
1143 1820 83 37 dels
1269 1820 103 37 efter
1412 1820 84 37 viss
1537 1819 233 48 fördelning
1806 1820 42 37 af
1876 1820 154 37 arbetet

424 1871 108 37 hvar
545 1867 16 59 :
572 1871 68 38 för
680 1872 71 48 sig,
796 1872 164 38 komma
988 1873 125 37 sedan
1142 1876 112 35 extra
1282 1873 201 38 ordinarie
1512 1873 163 46 sådana,
1706 1885 49 25 en
1784 1873 93 37 från
1906 1874 120 36 hvart

431 1925 75 37 och
534 1927 66 36 ett
621 1925 43 37 af
691 1925 49 38 de
772 1926 100 37 verk
900 1929 115 35 utom
1045 1926 49 38 de
1122 1927 188 46 nämnda,
1342 1939 87 25 som
1454 1927 164 48 utgifva
1647 1927 163 38 officiell
1838 1927 188 45 statistik,

429 1979 142 37 hvilka
615 1978 221 39 ledamöter
881 1979 125 38 likväl
1053 1980 127 39 kallas
1226 1983 60 35 att
1333 1981 157 47 deltaga
1532 1981 13 36 i
1590 1981 163 45 arbetet,
1785 1980 142 38 endast
1955 1984 75 33 när

429 2032 308 49 ifrågavarande
780 2033 176 38 statistik
998 2037 46 34 är
1086 2034 169 38 föremål
1293 2035 65 36 för
1386 2034 257 48 behandling.
1703 2033 211 49 Slutligen
1931 2035 99 36 böra

431 2086 122 37 äfven
596 2086 198 38 målsmän
829 2087 65 37 för
922 2088 245 48 näringarna
1195 2088 173 37 inkallas
1395 2088 62 37 till
1485 2087 268 49 rådplägning
1781 2088 170 37 rörande
1981 2087 49 38 de

430 2137 144 50 grenar
616 2140 42 37 af
675 2141 198 45 statistik,
904 2152 88 26 som
1021 2142 85 37 afse
1135 2141 291 48 näringslifvet,
1459 2141 467 38 arbetareförhållanden
1955 2141 76 37 och

430 2204 113 26 mera
588 2193 141 48 dylikt.
789 2194 122 37 Hvad
957 2197 87 35 åter
1086 2197 123 46 angår
1251 2195 276 38 kostnaderna
1569 2196 65 36 för
1671 2207 50 25 en
1750 2198 44 34 så
1822 2195 209 37 beskaffad

416 2246 243 49 «anordning
698 2248 49 36 af
792 2248 441 38 tabellkommissionen
1281 2250 76 36 och
1404 2249 90 37 dess
1537 2250 146 44 arbete,
1728 2249 71 36 vill
1834 2249 198 37 utskottet

431 2303 132 35 såsom
588 2300 66 38 'sin
676 2302 272 49 uppfattning
976 2303 140 45 uttala,
1148 2305 57 36 att
1233 2303 107 39 fasta
1368 2303 196 38 arfvoden
1581 2303 97 39 böra
1696 2302 173 39 tilldelas
1889 2302 143 39 endast
