<?xml version="1.0" encoding="UTF-8"?>
<alto xmlns="http://www.loc.gov/standards/alto/ns-v3#" xmlns:xlink="http://www.w3.org/1999/xlink" xmlns:xsi="http://www.w3.org/2001/XMLSchema-instance" xsi:schemaLocation="http://www.loc.gov/standards/alto/ns-v3# http://www.loc.gov/alto/v3/alto-3-0.xsd">
	<Description>
		<MeasurementUnit>pixel</MeasurementUnit>
		<sourceImageInformation>
			<fileName>/tmp/tess_js_fswq4_input.PNG</fileName>
		</sourceImageInformation>
		<OCRProcessing ID="OCR_0">
			<ocrProcessingStep>
				<processingSoftware>
					<softwareName>tesseract 5.3.0</softwareName>
				</processingSoftware>
			</ocrProcessingStep>
		</OCRProcessing>
	</Description>
	<Layout>
		<Page WIDTH="2154" HEIGHT="2516" PHYSICAL_IMG_NR="0" ID="page_0">
			<PrintSpace HPOS="0" VPOS="0" WIDTH="2154" HEIGHT="2516">
				<ComposedBlock ID="cblock_0" HPOS="673" VPOS="155" WIDTH="1087" HEIGHT="34">
					<TextBlock ID="block_0" HPOS="673" VPOS="155" WIDTH="1087" HEIGHT="34">
						<TextLine ID="line_0" HPOS="673" VPOS="155" WIDTH="1087" HEIGHT="34">
							<String ID="string_0" HPOS="673" VPOS="157" WIDTH="262" HEIGHT="32" WC="0.90" CONTENT="Statsutskottets"/><SP WIDTH="29" VPOS="157" HPOS="935"/>
							<String ID="string_1" HPOS="964" VPOS="156" WIDTH="173" HEIGHT="32" WC="0.96" CONTENT="Utlåtande"/><SP WIDTH="23" VPOS="156" HPOS="1137"/>
							<String ID="string_2" HPOS="1160" VPOS="155" WIDTH="61" HEIGHT="31" WC="0.96" CONTENT="N:o"/><SP WIDTH="24" VPOS="155" HPOS="1221"/>
							<String ID="string_3" HPOS="1245" VPOS="156" WIDTH="40" HEIGHT="29" WC="0.93" CONTENT="10"/><SP WIDTH="23" VPOS="156" HPOS="1285"/>
							<String ID="string_4" HPOS="1308" VPOS="165" WIDTH="28" HEIGHT="21" WC="0.93" CONTENT="a."/><SP WIDTH="387" VPOS="165" HPOS="1336"/>
							<String ID="string_5" HPOS="1723" VPOS="157" WIDTH="37" HEIGHT="27" WC="0.96" CONTENT="17"/>
						</TextLine>
					</TextBlock>
				</ComposedBlock>
				<ComposedBlock ID="cblock_1" HPOS="200" VPOS="239" WIDTH="1607" HEIGHT="2055">
					<TextBlock ID="block_1" HPOS="200" VPOS="239" WIDTH="1607" HEIGHT="650">
						<TextLine ID="line_1" HPOS="200" VPOS="239" WIDTH="1606" HEIGHT="49">
							<String ID="string_6" HPOS="200" VPOS="245" WIDTH="125" HEIGHT="35" WC="0.96" CONTENT="endast"/><SP WIDTH="40" VPOS="245" HPOS="325"/>
							<String ID="string_7" HPOS="365" VPOS="249" WIDTH="68" HEIGHT="29" WC="0.96" CONTENT="mot"/><SP WIDTH="41" VPOS="249" HPOS="433"/>
							<String ID="string_8" HPOS="474" VPOS="242" WIDTH="105" HEIGHT="46" WC="0.0" CONTENT="årligt"/><SP WIDTH="40" VPOS="242" HPOS="579"/>
							<String ID="string_9" HPOS="619" VPOS="243" WIDTH="145" HEIGHT="35" WC="0.92" CONTENT="arfvode"/><SP WIDTH="29" VPOS="243" HPOS="764"/>
							<String ID="string_10" HPOS="793" VPOS="243" WIDTH="84" HEIGHT="34" WC="0.93" CONTENT="eller"/><SP WIDTH="27" VPOS="243" HPOS="877"/>
							<String ID="string_11" HPOS="904" VPOS="241" WIDTH="225" HEIGHT="44" WC="0.91" CONTENT="dagaflöning"/><SP WIDTH="27" VPOS="241" HPOS="1129"/>
							<String ID="string_12" HPOS="1156" VPOS="243" WIDTH="89" HEIGHT="31" WC="0.96" CONTENT="samt"/><SP WIDTH="28" VPOS="243" HPOS="1245"/>
							<String ID="string_13" HPOS="1273" VPOS="240" WIDTH="58" HEIGHT="33" WC="0.96" CONTENT="vid"/><SP WIDTH="29" VPOS="240" HPOS="1331"/>
							<String ID="string_14" HPOS="1360" VPOS="239" WIDTH="219" HEIGHT="44" WC="0.96" CONTENT="antagandet"/><SP WIDTH="27" VPOS="239" HPOS="1579"/>
							<String ID="string_15" HPOS="1606" VPOS="239" WIDTH="77" HEIGHT="33" WC="0.96" CONTENT="icke"/><SP WIDTH="29" VPOS="239" HPOS="1683"/>
							<String ID="string_16" HPOS="1712" VPOS="239" WIDTH="94" HEIGHT="33" WC="0.96" CONTENT="varit"/>
						</TextLine>
						<TextLine ID="line_2" HPOS="200" VPOS="290" WIDTH="1605" HEIGHT="48">
							<String ID="string_17" HPOS="200" VPOS="295" WIDTH="179" HEIGHT="42" WC="0.96" CONTENT="okunniga"/><SP WIDTH="41" VPOS="295" HPOS="379"/>
							<String ID="string_18" HPOS="420" VPOS="296" WIDTH="128" HEIGHT="42" WC="0.96" CONTENT="derom,"/><SP WIDTH="42" VPOS="296" HPOS="548"/>
							<String ID="string_19" HPOS="590" VPOS="298" WIDTH="54" HEIGHT="30" WC="0.96" CONTENT="att"/><SP WIDTH="41" VPOS="298" HPOS="644"/>
							<String ID="string_20" HPOS="685" VPOS="295" WIDTH="101" HEIGHT="32" WC="0.96" CONTENT="deras"/><SP WIDTH="34" VPOS="295" HPOS="786"/>
							<String ID="string_21" HPOS="820" VPOS="292" WIDTH="231" HEIGHT="43" WC="0.93" CONTENT="anställnings"/><SP WIDTH="28" VPOS="292" HPOS="1051"/>
							<String ID="string_22" HPOS="1079" VPOS="291" WIDTH="158" HEIGHT="34" WC="0.92" CONTENT="fortvaro"/><SP WIDTH="28" VPOS="291" HPOS="1237"/>
							<String ID="string_23" HPOS="1265" VPOS="291" WIDTH="95" HEIGHT="34" WC="0.96" CONTENT="varit"/><SP WIDTH="28" VPOS="291" HPOS="1360"/>
							<String ID="string_24" HPOS="1388" VPOS="290" WIDTH="171" HEIGHT="34" WC="0.96" CONTENT="beroende"/><SP WIDTH="28" VPOS="290" HPOS="1559"/>
							<String ID="string_25" HPOS="1587" VPOS="290" WIDTH="39" HEIGHT="33" WC="0.93" CONTENT="af"/><SP WIDTH="24" VPOS="290" HPOS="1626"/>
							<String ID="string_26" HPOS="1650" VPOS="290" WIDTH="155" HEIGHT="33" WC="0.91" CONTENT="fortsätt-"/>
						</TextLine>
						<TextLine ID="line_3" HPOS="200" VPOS="338" WIDTH="1606" HEIGHT="50">
							<String ID="string_27" HPOS="200" VPOS="345" WIDTH="127" HEIGHT="43" WC="0.94" CONTENT="ningen"/><SP WIDTH="43" VPOS="345" HPOS="327"/>
							<String ID="string_28" HPOS="370" VPOS="346" WIDTH="39" HEIGHT="33" WC="0.94" CONTENT="af"/><SP WIDTH="24" VPOS="346" HPOS="409"/>
							<String ID="string_29" HPOS="433" VPOS="349" WIDTH="134" HEIGHT="30" WC="0.93" CONTENT="statens"/><SP WIDTH="29" VPOS="349" HPOS="567"/>
							<String ID="string_30" HPOS="596" VPOS="343" WIDTH="370" HEIGHT="45" WC="0.92" CONTENT="jernvägsbyggande,"/><SP WIDTH="30" VPOS="343" HPOS="966"/>
							<String ID="string_31" HPOS="996" VPOS="346" WIDTH="90" HEIGHT="30" WC="0.96" CONTENT="samt"/><SP WIDTH="27" VPOS="346" HPOS="1086"/>
							<String ID="string_32" HPOS="1113" VPOS="342" WIDTH="52" HEIGHT="42" WC="0.96" CONTENT="de,"/><SP WIDTH="29" VPOS="342" HPOS="1165"/>
							<String ID="string_33" HPOS="1194" VPOS="341" WIDTH="77" HEIGHT="33" WC="0.96" CONTENT="med"/><SP WIDTH="27" VPOS="341" HPOS="1271"/>
							<String ID="string_34" HPOS="1298" VPOS="342" WIDTH="104" HEIGHT="42" WC="0.96" CONTENT="högst"/><SP WIDTH="27" VPOS="342" HPOS="1402"/>
							<String ID="string_35" HPOS="1429" VPOS="338" WIDTH="36" HEIGHT="36" WC="0.96" CONTENT="få"/><SP WIDTH="28" VPOS="338" HPOS="1465"/>
							<String ID="string_36" HPOS="1493" VPOS="341" WIDTH="191" HEIGHT="42" WC="0.93" CONTENT="undantag,"/><SP WIDTH="29" VPOS="341" HPOS="1684"/>
							<String ID="string_37" HPOS="1713" VPOS="344" WIDTH="93" HEIGHT="30" WC="0.74" CONTENT="ännn"/>
						</TextLine>
						<TextLine ID="line_4" HPOS="201" VPOS="389" WIDTH="1604" HEIGHT="50">
							<String ID="string_38" HPOS="201" VPOS="395" WIDTH="30" HEIGHT="43" WC="0.96" CONTENT="ej"/><SP WIDTH="45" VPOS="395" HPOS="231"/>
							<String ID="string_39" HPOS="276" VPOS="394" WIDTH="149" HEIGHT="45" WC="0.69" CONTENT="uppnått"/><SP WIDTH="40" VPOS="394" HPOS="425"/>
							<String ID="string_40" HPOS="465" VPOS="396" WIDTH="65" HEIGHT="33" WC="0.89" CONTENT="den"/><SP WIDTH="41" VPOS="396" HPOS="530"/>
							<String ID="string_41" HPOS="571" VPOS="393" WIDTH="245" HEIGHT="44" WC="0.82" CONTENT="lefnadsålder,"/><SP WIDTH="42" VPOS="393" HPOS="816"/>
							<String ID="string_42" HPOS="858" VPOS="403" WIDTH="70" HEIGHT="24" WC="0.96" CONTENT="som"/><SP WIDTH="42" VPOS="403" HPOS="928"/>
							<String ID="string_43" HPOS="970" VPOS="393" WIDTH="11" HEIGHT="33" WC="0.95" CONTENT="i"/><SP WIDTH="41" VPOS="393" HPOS="981"/>
							<String ID="string_44" HPOS="1022" VPOS="392" WIDTH="162" HEIGHT="34" WC="0.93" CONTENT="afseende"/><SP WIDTH="33" VPOS="392" HPOS="1184"/>
							<String ID="string_45" HPOS="1217" VPOS="389" WIDTH="21" HEIGHT="36" WC="0.91" CONTENT="å"/><SP WIDTH="33" VPOS="389" HPOS="1238"/>
							<String ID="string_46" HPOS="1271" VPOS="392" WIDTH="105" HEIGHT="33" WC="0.93" CONTENT="civila"/><SP WIDTH="29" VPOS="392" HPOS="1376"/>
							<String ID="string_47" HPOS="1405" VPOS="390" WIDTH="400" HEIGHT="44" WC="0.91" CONTENT="tjensteinnehafvare"/><SP WIDTH="-21" VPOS="390" HPOS="1805"/>
							<String ID="string_48" HPOS="1784" VPOS="385" WIDTH="23" HEIGHT="58" WC="0.96" CONTENT="i"/>
						</TextLine>
						<TextLine ID="line_5" HPOS="201" VPOS="441" WIDTH="1604" HEIGHT="44">
							<String ID="string_49" HPOS="201" VPOS="446" WIDTH="192" HEIGHT="33" WC="0.96" CONTENT="allmänhet"/><SP WIDTH="28" VPOS="446" HPOS="393"/>
							<String ID="string_50" HPOS="421" VPOS="450" WIDTH="40" HEIGHT="29" WC="0.89" CONTENT="är"/><SP WIDTH="26" VPOS="450" HPOS="461"/>
							<String ID="string_51" HPOS="487" VPOS="445" WIDTH="235" HEIGHT="34" WC="0.89" CONTENT="föreskrifven"/><SP WIDTH="28" VPOS="445" HPOS="722"/>
							<String ID="string_52" HPOS="750" VPOS="445" WIDTH="55" HEIGHT="32" WC="0.96" CONTENT="för"/><SP WIDTH="28" VPOS="445" HPOS="805"/>
							<String ID="string_53" HPOS="833" VPOS="444" WIDTH="101" HEIGHT="33" WC="0.96" CONTENT="deras"/><SP WIDTH="27" VPOS="444" HPOS="934"/>
							<String ID="string_54" HPOS="961" VPOS="445" WIDTH="74" HEIGHT="31" WC="0.96" CONTENT="rätt"/><SP WIDTH="27" VPOS="445" HPOS="1035"/>
							<String ID="string_55" HPOS="1062" VPOS="442" WIDTH="54" HEIGHT="33" WC="0.96" CONTENT="till"/><SP WIDTH="26" VPOS="442" HPOS="1116"/>
							<String ID="string_56" HPOS="1142" VPOS="441" WIDTH="155" HEIGHT="44" WC="0.96" CONTENT="pension,"/><SP WIDTH="29" VPOS="441" HPOS="1297"/>
							<String ID="string_57" HPOS="1326" VPOS="441" WIDTH="66" HEIGHT="33" WC="0.96" CONTENT="har"/><SP WIDTH="26" VPOS="441" HPOS="1392"/>
							<String ID="string_58" HPOS="1418" VPOS="442" WIDTH="175" HEIGHT="33" WC="0.96" CONTENT="utskottet"/><SP WIDTH="27" VPOS="442" HPOS="1593"/>
							<String ID="string_59" HPOS="1620" VPOS="441" WIDTH="117" HEIGHT="32" WC="0.96" CONTENT="funnit"/><SP WIDTH="28" VPOS="441" HPOS="1737"/>
							<String ID="string_60" HPOS="1765" VPOS="441" WIDTH="40" HEIGHT="33" WC="0.96" CONTENT="de"/>
						</TextLine>
						<TextLine ID="line_6" HPOS="201" VPOS="489" WIDTH="1604" HEIGHT="50">
							<String ID="string_61" HPOS="201" VPOS="496" WIDTH="199" HEIGHT="43" WC="0.96" CONTENT="föreslagna"/><SP WIDTH="28" VPOS="496" HPOS="400"/>
							<String ID="string_62" HPOS="428" VPOS="495" WIDTH="230" HEIGHT="44" WC="0.96" CONTENT="pensionerna"/><SP WIDTH="27" VPOS="495" HPOS="658"/>
							<String ID="string_63" HPOS="685" VPOS="494" WIDTH="160" HEIGHT="42" WC="0.96" CONTENT="skäligen"/><SP WIDTH="27" VPOS="494" HPOS="845"/>
							<String ID="string_64" HPOS="872" VPOS="494" WIDTH="84" HEIGHT="32" WC="0.93" CONTENT="böra"/><SP WIDTH="28" VPOS="494" HPOS="956"/>
							<String ID="string_65" HPOS="984" VPOS="492" WIDTH="181" HEIGHT="34" WC="0.92" CONTENT="nedsättas"/><SP WIDTH="27" VPOS="492" HPOS="1165"/>
							<String ID="string_66" HPOS="1192" VPOS="491" WIDTH="54" HEIGHT="33" WC="0.96" CONTENT="till"/><SP WIDTH="28" VPOS="491" HPOS="1246"/>
							<String ID="string_67" HPOS="1274" VPOS="489" WIDTH="132" HEIGHT="36" WC="0.96" CONTENT="sådana"/><SP WIDTH="28" VPOS="489" HPOS="1406"/>
							<String ID="string_68" HPOS="1434" VPOS="492" WIDTH="134" HEIGHT="41" WC="0.96" CONTENT="belopp,"/><SP WIDTH="29" VPOS="492" HPOS="1568"/>
							<String ID="string_69" HPOS="1597" VPOS="500" WIDTH="68" HEIGHT="24" WC="0.97" CONTENT="som"/><SP WIDTH="31" VPOS="500" HPOS="1665"/>
							<String ID="string_70" HPOS="1696" VPOS="489" WIDTH="109" HEIGHT="35" WC="0.96" CONTENT="måste"/>
						</TextLine>
						<TextLine ID="line_7" HPOS="201" VPOS="541" WIDTH="1605" HEIGHT="47">
							<String ID="string_71" HPOS="201" VPOS="556" WIDTH="101" HEIGHT="30" WC="0.96" CONTENT="anses"/><SP WIDTH="42" VPOS="556" HPOS="302"/>
							<String ID="string_72" HPOS="344" VPOS="546" WIDTH="215" HEIGHT="42" WC="0.96" CONTENT="tillräckliga"/><SP WIDTH="40" VPOS="546" HPOS="559"/>
							<String ID="string_73" HPOS="599" VPOS="544" WIDTH="55" HEIGHT="34" WC="0.96" CONTENT="för"/><SP WIDTH="40" VPOS="544" HPOS="654"/>
							<String ID="string_74" HPOS="694" VPOS="547" WIDTH="54" HEIGHT="30" WC="0.96" CONTENT="att"/><SP WIDTH="33" VPOS="547" HPOS="748"/>
							<String ID="string_75" HPOS="781" VPOS="543" WIDTH="134" HEIGHT="42" WC="0.91" CONTENT="skydda"/><SP WIDTH="28" VPOS="543" HPOS="915"/>
							<String ID="string_76" HPOS="943" VPOS="541" WIDTH="273" HEIGHT="44" WC="0.89" CONTENT="ifrägavarande"/><SP WIDTH="28" VPOS="541" HPOS="1216"/>
							<String ID="string_77" HPOS="1244" VPOS="543" WIDTH="134" HEIGHT="31" WC="0.96" CONTENT="statens"/><SP WIDTH="27" VPOS="543" HPOS="1378"/>
							<String ID="string_78" HPOS="1405" VPOS="541" WIDTH="137" HEIGHT="43" WC="0.96" CONTENT="tjenare"/><SP WIDTH="28" VPOS="541" HPOS="1542"/>
							<String ID="string_79" HPOS="1570" VPOS="544" WIDTH="70" HEIGHT="29" WC="0.95" CONTENT="mot"/><SP WIDTH="28" VPOS="544" HPOS="1640"/>
							<String ID="string_80" HPOS="1668" VPOS="541" WIDTH="138" HEIGHT="42" WC="0.96" CONTENT="verklig"/>
						</TextLine>
						<TextLine ID="line_8" HPOS="201" VPOS="590" WIDTH="1605" HEIGHT="47">
							<String ID="string_81" HPOS="201" VPOS="597" WIDTH="66" HEIGHT="33" WC="0.93" CONTENT="nöd"/><SP WIDTH="29" VPOS="597" HPOS="267"/>
							<String ID="string_82" HPOS="296" VPOS="595" WIDTH="20" HEIGHT="35" WC="0.92" CONTENT="å"/><SP WIDTH="29" VPOS="595" HPOS="316"/>
							<String ID="string_83" HPOS="345" VPOS="595" WIDTH="232" HEIGHT="42" WC="0.23" CONTENT="ålderdomen,"/><SP WIDTH="29" VPOS="595" HPOS="577"/>
							<String ID="string_84" HPOS="606" VPOS="594" WIDTH="145" HEIGHT="34" WC="0.96" CONTENT="hvarför"/><SP WIDTH="27" VPOS="594" HPOS="751"/>
							<String ID="string_85" HPOS="778" VPOS="593" WIDTH="174" HEIGHT="44" WC="0.96" CONTENT="utskottet"/><SP WIDTH="28" VPOS="593" HPOS="952"/>
							<String ID="string_86" HPOS="980" VPOS="594" WIDTH="127" HEIGHT="39" WC="0.96" CONTENT="ansett,"/><SP WIDTH="29" VPOS="594" HPOS="1107"/>
							<String ID="string_87" HPOS="1136" VPOS="594" WIDTH="54" HEIGHT="31" WC="0.96" CONTENT="att"/><SP WIDTH="28" VPOS="594" HPOS="1190"/>
							<String ID="string_88" HPOS="1218" VPOS="591" WIDTH="100" HEIGHT="33" WC="0.96" CONTENT="dessa"/><SP WIDTH="27" VPOS="591" HPOS="1318"/>
							<String ID="string_89" HPOS="1345" VPOS="591" WIDTH="124" HEIGHT="42" WC="0.96" CONTENT="belopp"/><SP WIDTH="25" VPOS="591" HPOS="1469"/>
							<String ID="string_90" HPOS="1494" VPOS="592" WIDTH="82" HEIGHT="32" WC="0.96" CONTENT="böra"/><SP WIDTH="22" VPOS="592" HPOS="1576"/>
							<String ID="string_91" HPOS="1598" VPOS="590" WIDTH="208" HEIGHT="34" WC="0.96" CONTENT="bestämmas"/>
						</TextLine>
						<TextLine ID="line_9" HPOS="200" VPOS="640" WIDTH="1602" HEIGHT="49">
							<String ID="string_92" HPOS="200" VPOS="647" WIDTH="55" HEIGHT="33" WC="0.96" CONTENT="till"/><SP WIDTH="30" VPOS="647" HPOS="255"/>
							<String ID="string_93" HPOS="285" VPOS="649" WIDTH="47" HEIGHT="32" WC="0.95" CONTENT="80"/><SP WIDTH="27" VPOS="649" HPOS="332"/>
							<String ID="string_94" HPOS="359" VPOS="648" WIDTH="146" HEIGHT="41" WC="0.95" CONTENT="procent"/><SP WIDTH="26" VPOS="648" HPOS="505"/>
							<String ID="string_95" HPOS="531" VPOS="645" WIDTH="39" HEIGHT="33" WC="0.96" CONTENT="af"/><SP WIDTH="24" VPOS="645" HPOS="570"/>
							<String ID="string_96" HPOS="594" VPOS="645" WIDTH="41" HEIGHT="33" WC="0.96" CONTENT="de"/><SP WIDTH="27" VPOS="645" HPOS="635"/>
							<String ID="string_97" HPOS="662" VPOS="644" WIDTH="81" HEIGHT="34" WC="0.96" CONTENT="utaf"/><SP WIDTH="24" VPOS="644" HPOS="743"/>
							<String ID="string_98" HPOS="767" VPOS="642" WIDTH="129" HEIGHT="44" WC="0.94" CONTENT="Kongl."/><SP WIDTH="30" VPOS="642" HPOS="896"/>
							<String ID="string_99" HPOS="926" VPOS="641" WIDTH="109" HEIGHT="44" WC="0.96" CONTENT="Maj:t"/><SP WIDTH="28" VPOS="641" HPOS="1035"/>
							<String ID="string_100" HPOS="1063" VPOS="641" WIDTH="210" HEIGHT="43" WC="0.95" CONTENT="föreslagna,"/><SP WIDTH="30" VPOS="641" HPOS="1273"/>
							<String ID="string_101" HPOS="1303" VPOS="641" WIDTH="88" HEIGHT="34" WC="0.96" CONTENT="dock"/><SP WIDTH="30" VPOS="641" HPOS="1391"/>
							<String ID="string_102" HPOS="1421" VPOS="643" WIDTH="53" HEIGHT="31" WC="0.96" CONTENT="att"/><SP WIDTH="20" VPOS="643" HPOS="1474"/>
							<String ID="string_103" HPOS="1494" VPOS="641" WIDTH="63" HEIGHT="33" WC="0.96" CONTENT="den"/><SP WIDTH="21" VPOS="641" HPOS="1557"/>
							<String ID="string_104" HPOS="1578" VPOS="641" WIDTH="53" HEIGHT="33" WC="0.57" CONTENT="för"/><SP WIDTH="19" VPOS="641" HPOS="1631"/>
							<String ID="string_105" HPOS="1650" VPOS="640" WIDTH="152" HEIGHT="43" WC="0.96" CONTENT="majoren"/>
						</TextLine>
						<TextLine ID="line_10" HPOS="201" VPOS="689" WIDTH="1604" HEIGHT="49">
							<String ID="string_106" HPOS="201" VPOS="696" WIDTH="197" HEIGHT="35" WC="0.96" CONTENT="Edelsvärd"/><SP WIDTH="41" VPOS="696" HPOS="398"/>
							<String ID="string_107" HPOS="439" VPOS="696" WIDTH="198" HEIGHT="42" WC="0.96" CONTENT="föreslagna"/><SP WIDTH="33" VPOS="696" HPOS="637"/>
							<String ID="string_108" HPOS="670" VPOS="694" WIDTH="144" HEIGHT="43" WC="0.96" CONTENT="pension"/><SP WIDTH="28" VPOS="694" HPOS="814"/>
							<String ID="string_109" HPOS="842" VPOS="696" WIDTH="98" HEIGHT="40" WC="0.97" CONTENT="synts"/><SP WIDTH="27" VPOS="696" HPOS="940"/>
							<String ID="string_110" HPOS="967" VPOS="692" WIDTH="185" HEIGHT="42" WC="0.96" CONTENT="utskottet,"/><SP WIDTH="29" VPOS="692" HPOS="1152"/>
							<String ID="string_111" HPOS="1181" VPOS="692" WIDTH="74" HEIGHT="33" WC="0.96" CONTENT="med"/><SP WIDTH="31" VPOS="692" HPOS="1255"/>
							<String ID="string_112" HPOS="1286" VPOS="691" WIDTH="163" HEIGHT="33" WC="0.93" CONTENT="afseende"/><SP WIDTH="27" VPOS="691" HPOS="1449"/>
							<String ID="string_113" HPOS="1476" VPOS="689" WIDTH="20" HEIGHT="35" WC="0.86" CONTENT="å"/><SP WIDTH="28" VPOS="689" HPOS="1496"/>
							<String ID="string_114" HPOS="1524" VPOS="691" WIDTH="111" HEIGHT="33" WC="0.92" CONTENT="denna"/><SP WIDTH="29" VPOS="691" HPOS="1635"/>
							<String ID="string_115" HPOS="1664" VPOS="690" WIDTH="141" HEIGHT="44" WC="0.92" CONTENT="tjenste-"/>
						</TextLine>
						<TextLine ID="line_11" HPOS="203" VPOS="739" WIDTH="1604" HEIGHT="50">
							<String ID="string_116" HPOS="203" VPOS="757" WIDTH="99" HEIGHT="24" WC="0.95" CONTENT="mans"/><SP WIDTH="29" VPOS="757" HPOS="302"/>
							<String ID="string_117" HPOS="331" VPOS="747" WIDTH="89" HEIGHT="42" WC="0.93" CONTENT="höga"/><SP WIDTH="29" VPOS="747" HPOS="420"/>
							<String ID="string_118" HPOS="449" VPOS="742" WIDTH="234" HEIGHT="38" WC="0.82" CONTENT="lefnadsålder"/><SP WIDTH="29" VPOS="742" HPOS="683"/>
							<String ID="string_119" HPOS="712" VPOS="744" WIDTH="63" HEIGHT="34" WC="0.97" CONTENT="och"/><SP WIDTH="29" VPOS="744" HPOS="775"/>
							<String ID="string_120" HPOS="804" VPOS="744" WIDTH="158" HEIGHT="42" WC="0.96" CONTENT="ovanligt"/><SP WIDTH="26" VPOS="744" HPOS="962"/>
							<String ID="string_121" HPOS="988" VPOS="740" WIDTH="105" HEIGHT="46" WC="0.91" CONTENT="långa"/><SP WIDTH="28" VPOS="740" HPOS="1093"/>
							<String ID="string_122" HPOS="1121" VPOS="741" WIDTH="194" HEIGHT="44" WC="0.91" CONTENT="tjenstetid,"/><SP WIDTH="28" VPOS="741" HPOS="1315"/>
							<String ID="string_123" HPOS="1343" VPOS="741" WIDTH="84" HEIGHT="34" WC="0.96" CONTENT="böra"/><SP WIDTH="29" VPOS="741" HPOS="1427"/>
							<String ID="string_124" HPOS="1456" VPOS="739" WIDTH="191" HEIGHT="36" WC="0.93" CONTENT="bibehållas"/><SP WIDTH="24" VPOS="739" HPOS="1647"/>
							<String ID="string_125" HPOS="1671" VPOS="741" WIDTH="58" HEIGHT="33" WC="0.96" CONTENT="vid"/><SP WIDTH="20" VPOS="741" HPOS="1729"/>
							<String ID="string_126" HPOS="1749" VPOS="741" WIDTH="58" HEIGHT="34" WC="0.96" CONTENT="det"/>
						</TextLine>
						<TextLine ID="line_12" HPOS="200" VPOS="791" WIDTH="1605" HEIGHT="49">
							<String ID="string_127" HPOS="200" VPOS="797" WIDTH="39" HEIGHT="34" WC="0.96" CONTENT="af"/><SP WIDTH="39" VPOS="797" HPOS="239"/>
							<String ID="string_128" HPOS="278" VPOS="796" WIDTH="129" HEIGHT="43" WC="0.96" CONTENT="Kongl."/><SP WIDTH="43" VPOS="796" HPOS="407"/>
							<String ID="string_129" HPOS="450" VPOS="795" WIDTH="109" HEIGHT="45" WC="0.95" CONTENT="Maj:t"/><SP WIDTH="39" VPOS="795" HPOS="559"/>
							<String ID="string_130" HPOS="598" VPOS="795" WIDTH="200" HEIGHT="43" WC="0.95" CONTENT="föreslagna"/><SP WIDTH="27" VPOS="795" HPOS="798"/>
							<String ID="string_131" HPOS="825" VPOS="794" WIDTH="135" HEIGHT="42" WC="0.96" CONTENT="belopp,"/><SP WIDTH="29" VPOS="794" HPOS="960"/>
							<String ID="string_132" HPOS="989" VPOS="803" WIDTH="71" HEIGHT="23" WC="0.96" CONTENT="som"/><SP WIDTH="27" VPOS="803" HPOS="1060"/>
							<String ID="string_133" HPOS="1087" VPOS="795" WIDTH="104" HEIGHT="40" WC="0.96" CONTENT="utgör"/><SP WIDTH="28" VPOS="795" HPOS="1191"/>
							<String ID="string_134" HPOS="1219" VPOS="792" WIDTH="123" HEIGHT="33" WC="0.96" CONTENT="endast"/><SP WIDTH="27" VPOS="792" HPOS="1342"/>
							<String ID="string_135" HPOS="1369" VPOS="792" WIDTH="134" HEIGHT="33" WC="0.95" CONTENT="hälften"/><SP WIDTH="29" VPOS="792" HPOS="1503"/>
							<String ID="string_136" HPOS="1532" VPOS="793" WIDTH="37" HEIGHT="32" WC="0.96" CONTENT="af"/><SP WIDTH="27" VPOS="793" HPOS="1569"/>
							<String ID="string_137" HPOS="1596" VPOS="792" WIDTH="92" HEIGHT="33" WC="0.92" CONTENT="hvad"/><SP WIDTH="26" VPOS="792" HPOS="1688"/>
							<String ID="string_138" HPOS="1714" VPOS="791" WIDTH="91" HEIGHT="43" WC="0.91" CONTENT="jern-"/>
						</TextLine>
						<TextLine ID="line_13" HPOS="200" VPOS="841" WIDTH="903" HEIGHT="48">
							<String ID="string_139" HPOS="200" VPOS="848" WIDTH="263" HEIGHT="41" WC="0.91" CONTENT="vägsstyrelsen"/><SP WIDTH="29" VPOS="848" HPOS="463"/>
							<String ID="string_140" HPOS="492" VPOS="846" WIDTH="10" HEIGHT="33" WC="0.96" CONTENT="i"/><SP WIDTH="28" VPOS="846" HPOS="502"/>
							<String ID="string_141" HPOS="530" VPOS="846" WIDTH="96" HEIGHT="33" WC="0.96" CONTENT="detta"/><SP WIDTH="28" VPOS="846" HPOS="626"/>
							<String ID="string_142" HPOS="654" VPOS="845" WIDTH="196" HEIGHT="33" WC="0.96" CONTENT="hänseende"/><SP WIDTH="28" VPOS="845" HPOS="850"/>
							<String ID="string_143" HPOS="878" VPOS="841" WIDTH="225" HEIGHT="44" WC="0.93" CONTENT="ifrågasatt»."/>
						</TextLine>
					</TextBlock>
					<TextBlock ID="block_2" HPOS="200" VPOS="889" WIDTH="1606" HEIGHT="352">
						<TextLine ID="line_14" HPOS="335" VPOS="889" WIDTH="1469" HEIGHT="47">
							<String ID="string_144" HPOS="335" VPOS="896" WIDTH="18" HEIGHT="33" WC="0.92" CONTENT="I"/><SP WIDTH="39" VPOS="896" HPOS="353"/>
							<String ID="string_145" HPOS="392" VPOS="896" WIDTH="114" HEIGHT="33" WC="0.95" CONTENT="likhet"/><SP WIDTH="40" VPOS="896" HPOS="506"/>
							<String ID="string_146" HPOS="546" VPOS="895" WIDTH="76" HEIGHT="33" WC="0.96" CONTENT="med"/><SP WIDTH="32" VPOS="895" HPOS="622"/>
							<String ID="string_147" HPOS="654" VPOS="895" WIDTH="93" HEIGHT="33" WC="0.96" CONTENT="hvad"/><SP WIDTH="28" VPOS="895" HPOS="747"/>
							<String ID="string_148" HPOS="775" VPOS="893" WIDTH="129" HEIGHT="43" WC="0.95" CONTENT="Kongl."/><SP WIDTH="31" VPOS="893" HPOS="904"/>
							<String ID="string_149" HPOS="935" VPOS="892" WIDTH="108" HEIGHT="44" WC="0.96" CONTENT="Maj:t"/><SP WIDTH="28" VPOS="892" HPOS="1043"/>
							<String ID="string_150" HPOS="1071" VPOS="892" WIDTH="181" HEIGHT="43" WC="0.96" CONTENT="föreslagit"/><SP WIDTH="27" VPOS="892" HPOS="1252"/>
							<String ID="string_151" HPOS="1279" VPOS="891" WIDTH="218" HEIGHT="34" WC="0.96" CONTENT="beträffande"/><SP WIDTH="28" VPOS="891" HPOS="1497"/>
							<String ID="string_152" HPOS="1525" VPOS="892" WIDTH="41" HEIGHT="33" WC="0.96" CONTENT="de"/><SP WIDTH="27" VPOS="892" HPOS="1566"/>
							<String ID="string_153" HPOS="1593" VPOS="889" WIDTH="211" HEIGHT="45" WC="0.96" CONTENT="ifrågasatta"/>
						</TextLine>
						<TextLine ID="line_15" HPOS="203" VPOS="940" WIDTH="1589" HEIGHT="49">
							<String ID="string_154" HPOS="203" VPOS="947" WIDTH="231" HEIGHT="42" WC="0.96" CONTENT="pensionerna"/><SP WIDTH="28" VPOS="947" HPOS="434"/>
							<String ID="string_155" HPOS="462" VPOS="944" WIDTH="36" HEIGHT="35" WC="0.96" CONTENT="åt"/><SP WIDTH="29" VPOS="944" HPOS="498"/>
							<String ID="string_156" HPOS="527" VPOS="945" WIDTH="106" HEIGHT="33" WC="0.92" CONTENT="ofvan"/><SP WIDTH="34" VPOS="945" HPOS="633"/>
							<String ID="string_157" HPOS="667" VPOS="944" WIDTH="226" HEIGHT="33" WC="0.90" CONTENT="omförmälda"/><SP WIDTH="29" VPOS="944" HPOS="893"/>
							<String ID="string_158" HPOS="922" VPOS="940" WIDTH="38" HEIGHT="36" WC="0.95" CONTENT="så"/><SP WIDTH="19" VPOS="940" HPOS="960"/>
							<String ID="string_159" HPOS="979" VPOS="943" WIDTH="58" HEIGHT="33" WC="0.92" CONTENT="väl"/><SP WIDTH="30" VPOS="943" HPOS="1037"/>
							<String ID="string_160" HPOS="1067" VPOS="942" WIDTH="209" HEIGHT="43" WC="0.92" CONTENT="tjenstemän"/><SP WIDTH="29" VPOS="942" HPOS="1276"/>
							<String ID="string_161" HPOS="1305" VPOS="951" WIDTH="71" HEIGHT="24" WC="0.93" CONTENT="som"/><SP WIDTH="28" VPOS="951" HPOS="1376"/>
							<String ID="string_162" HPOS="1404" VPOS="941" WIDTH="200" HEIGHT="33" WC="0.91" CONTENT="underbefäl"/><SP WIDTH="23" VPOS="941" HPOS="1604"/>
							<String ID="string_163" HPOS="1627" VPOS="941" WIDTH="62" HEIGHT="34" WC="0.96" CONTENT="och"/><SP WIDTH="21" VPOS="941" HPOS="1689"/>
							<String ID="string_164" HPOS="1710" VPOS="942" WIDTH="82" HEIGHT="33" WC="0.93" CONTENT="arbe"/>
						</TextLine>
						<TextLine ID="line_16" HPOS="202" VPOS="992" WIDTH="1603" HEIGHT="44">
							<String ID="string_165" HPOS="202" VPOS="1001" WIDTH="77" HEIGHT="29" WC="0.96" CONTENT="tare"/><SP WIDTH="30" VPOS="1001" HPOS="279"/>
							<String ID="string_166" HPOS="309" VPOS="997" WIDTH="65" HEIGHT="33" WC="0.96" CONTENT="har"/><SP WIDTH="27" VPOS="997" HPOS="374"/>
							<String ID="string_167" HPOS="401" VPOS="996" WIDTH="174" HEIGHT="33" WC="0.96" CONTENT="utskottet"/><SP WIDTH="27" VPOS="996" HPOS="575"/>
							<String ID="string_168" HPOS="602" VPOS="997" WIDTH="117" HEIGHT="31" WC="0.96" CONTENT="ansett"/><SP WIDTH="28" VPOS="997" HPOS="719"/>
							<String ID="string_169" HPOS="747" VPOS="993" WIDTH="156" HEIGHT="43" WC="0.96" CONTENT="skäligen"/><SP WIDTH="31" VPOS="993" HPOS="903"/>
							<String ID="string_170" HPOS="934" VPOS="993" WIDTH="83" HEIGHT="33" WC="0.93" CONTENT="böra"/><SP WIDTH="20" VPOS="993" HPOS="1017"/>
							<String ID="string_171" HPOS="1037" VPOS="992" WIDTH="240" HEIGHT="39" WC="0.90" CONTENT="föreskrifvas,"/><SP WIDTH="22" VPOS="992" HPOS="1277"/>
							<String ID="string_172" HPOS="1299" VPOS="993" WIDTH="65" HEIGHT="41" WC="0.93" CONTENT="att,"/><SP WIDTH="20" VPOS="993" HPOS="1364"/>
							<String ID="string_173" HPOS="1384" VPOS="992" WIDTH="116" HEIGHT="32" WC="0.91" CONTENT="derest"/><SP WIDTH="19" VPOS="992" HPOS="1500"/>
							<String ID="string_174" HPOS="1519" VPOS="992" WIDTH="286" HEIGHT="42" WC="0.96" CONTENT="pensionstagare"/>
						</TextLine>
						<TextLine ID="line_17" HPOS="202" VPOS="1041" WIDTH="1603" HEIGHT="45">
							<String ID="string_175" HPOS="202" VPOS="1047" WIDTH="185" HEIGHT="33" WC="0.91" CONTENT="framdeles"/><SP WIDTH="28" VPOS="1047" HPOS="387"/>
							<String ID="string_176" HPOS="415" VPOS="1046" WIDTH="112" HEIGHT="33" WC="0.96" CONTENT="skulle"/><SP WIDTH="28" VPOS="1046" HPOS="527"/>
							<String ID="string_177" HPOS="555" VPOS="1042" WIDTH="134" HEIGHT="37" WC="0.96" CONTENT="erhålla"/><SP WIDTH="29" VPOS="1042" HPOS="689"/>
							<String ID="string_178" HPOS="718" VPOS="1043" WIDTH="215" HEIGHT="43" WC="0.96" CONTENT="anställning"/><SP WIDTH="27" VPOS="1043" HPOS="933"/>
							<String ID="string_179" HPOS="960" VPOS="1045" WIDTH="71" HEIGHT="30" WC="0.92" CONTENT="mot"/><SP WIDTH="27" VPOS="1045" HPOS="1031"/>
							<String ID="string_180" HPOS="1058" VPOS="1041" WIDTH="154" HEIGHT="44" WC="0.91" CONTENT="aflöning"/><SP WIDTH="27" VPOS="1041" HPOS="1212"/>
							<String ID="string_181" HPOS="1239" VPOS="1041" WIDTH="39" HEIGHT="34" WC="0.93" CONTENT="af"/><SP WIDTH="17" VPOS="1041" HPOS="1278"/>
							<String ID="string_182" HPOS="1295" VPOS="1042" WIDTH="212" HEIGHT="42" WC="0.91" CONTENT="statsmedel,"/><SP WIDTH="21" VPOS="1042" HPOS="1507"/>
							<String ID="string_183" HPOS="1528" VPOS="1042" WIDTH="86" HEIGHT="33" WC="0.93" CONTENT="hans"/><SP WIDTH="19" VPOS="1042" HPOS="1614"/>
							<String ID="string_184" HPOS="1633" VPOS="1042" WIDTH="172" HEIGHT="42" WC="0.91" CONTENT="pensions-"/>
						</TextLine>
						<TextLine ID="line_18" HPOS="203" VPOS="1092" WIDTH="1601" HEIGHT="47">
							<String ID="string_185" HPOS="203" VPOS="1097" WIDTH="123" HEIGHT="42" WC="0.96" CONTENT="belopp"/><SP WIDTH="41" VPOS="1097" HPOS="326"/>
							<String ID="string_186" HPOS="367" VPOS="1097" WIDTH="91" HEIGHT="33" WC="0.96" CONTENT="skall"/><SP WIDTH="41" VPOS="1097" HPOS="458"/>
							<String ID="string_187" HPOS="499" VPOS="1095" WIDTH="53" HEIGHT="34" WC="0.96" CONTENT="för"/><SP WIDTH="40" VPOS="1095" HPOS="552"/>
							<String ID="string_188" HPOS="592" VPOS="1096" WIDTH="65" HEIGHT="33" WC="0.96" CONTENT="den"/><SP WIDTH="41" VPOS="1096" HPOS="657"/>
							<String ID="string_189" HPOS="698" VPOS="1095" WIDTH="63" HEIGHT="41" WC="0.94" CONTENT="tid,"/><SP WIDTH="42" VPOS="1095" HPOS="761"/>
							<String ID="string_190" HPOS="803" VPOS="1094" WIDTH="88" HEIGHT="33" WC="0.96" CONTENT="hans"/><SP WIDTH="27" VPOS="1094" HPOS="891"/>
							<String ID="string_191" HPOS="918" VPOS="1093" WIDTH="215" HEIGHT="42" WC="0.96" CONTENT="anställning"/><SP WIDTH="26" VPOS="1093" HPOS="1133"/>
							<String ID="string_192" HPOS="1159" VPOS="1102" WIDTH="118" HEIGHT="32" WC="0.96" CONTENT="varar,"/><SP WIDTH="28" VPOS="1102" HPOS="1277"/>
							<String ID="string_193" HPOS="1305" VPOS="1092" WIDTH="156" HEIGHT="33" WC="0.96" CONTENT="minskas"/><SP WIDTH="27" VPOS="1092" HPOS="1461"/>
							<String ID="string_194" HPOS="1488" VPOS="1092" WIDTH="75" HEIGHT="33" WC="0.95" CONTENT="med"/><SP WIDTH="28" VPOS="1092" HPOS="1563"/>
							<String ID="string_195" HPOS="1591" VPOS="1095" WIDTH="52" HEIGHT="30" WC="0.90" CONTENT="ett"/><SP WIDTH="27" VPOS="1095" HPOS="1643"/>
							<String ID="string_196" HPOS="1670" VPOS="1092" WIDTH="134" HEIGHT="43" WC="0.96" CONTENT="belopp,"/>
						</TextLine>
						<TextLine ID="line_19" HPOS="202" VPOS="1142" WIDTH="1604" HEIGHT="46">
							<String ID="string_197" HPOS="202" VPOS="1146" WIDTH="248" HEIGHT="35" WC="0.96" CONTENT="motsvarande"/><SP WIDTH="42" VPOS="1146" HPOS="450"/>
							<String ID="string_198" HPOS="492" VPOS="1146" WIDTH="66" HEIGHT="33" WC="0.96" CONTENT="den"/><SP WIDTH="40" VPOS="1146" HPOS="558"/>
							<String ID="string_199" HPOS="598" VPOS="1156" WIDTH="69" HEIGHT="32" WC="0.92" CONTENT="nya"/><SP WIDTH="42" VPOS="1156" HPOS="667"/>
							<String ID="string_200" HPOS="709" VPOS="1144" WIDTH="209" HEIGHT="43" WC="0.91" CONTENT="aflöningen,"/><SP WIDTH="43" VPOS="1144" HPOS="918"/>
							<String ID="string_201" HPOS="961" VPOS="1143" WIDTH="95" HEIGHT="42" WC="0.95" CONTENT="eller,"/><SP WIDTH="42" VPOS="1143" HPOS="1056"/>
							<String ID="string_202" HPOS="1098" VPOS="1153" WIDTH="53" HEIGHT="23" WC="0.96" CONTENT="om"/><SP WIDTH="29" VPOS="1153" HPOS="1151"/>
							<String ID="string_203" HPOS="1180" VPOS="1142" WIDTH="113" HEIGHT="33" WC="0.92" CONTENT="denna"/><SP WIDTH="27" VPOS="1142" HPOS="1293"/>
							<String ID="string_204" HPOS="1320" VPOS="1152" WIDTH="136" HEIGHT="33" WC="0.91" CONTENT="uppgar"/><SP WIDTH="27" VPOS="1152" HPOS="1456"/>
							<String ID="string_205" HPOS="1483" VPOS="1142" WIDTH="51" HEIGHT="33" WC="0.96" CONTENT="till"/><SP WIDTH="30" VPOS="1142" HPOS="1534"/>
							<String ID="string_206" HPOS="1564" VPOS="1152" WIDTH="129" HEIGHT="23" WC="0.96" CONTENT="samma"/><SP WIDTH="30" VPOS="1152" HPOS="1693"/>
							<String ID="string_207" HPOS="1723" VPOS="1143" WIDTH="83" HEIGHT="33" WC="0.94" CONTENT="eller"/>
						</TextLine>
						<TextLine ID="line_20" HPOS="200" VPOS="1191" WIDTH="1285" HEIGHT="50">
							<String ID="string_208" HPOS="200" VPOS="1198" WIDTH="110" HEIGHT="42" WC="0.95" CONTENT="högre"/><SP WIDTH="28" VPOS="1198" HPOS="310"/>
							<String ID="string_209" HPOS="338" VPOS="1197" WIDTH="134" HEIGHT="42" WC="0.96" CONTENT="belopp,"/><SP WIDTH="29" VPOS="1197" HPOS="472"/>
							<String ID="string_210" HPOS="501" VPOS="1196" WIDTH="156" HEIGHT="43" WC="0.96" CONTENT="upphöra"/><SP WIDTH="30" VPOS="1196" HPOS="657"/>
							<String ID="string_211" HPOS="687" VPOS="1198" WIDTH="54" HEIGHT="30" WC="0.96" CONTENT="att"/><SP WIDTH="27" VPOS="1198" HPOS="741"/>
							<String ID="string_212" HPOS="768" VPOS="1191" WIDTH="95" HEIGHT="47" WC="0.86" CONTENT="utgå."/><SP WIDTH="615" VPOS="1191" HPOS="863"/>
							<String ID="string_213" HPOS="1478" VPOS="1234" WIDTH="7" HEIGHT="7" WC="0.21" CONTENT="."/>
						</TextLine>
					</TextBlock>
					<TextBlock ID="block_3" HPOS="201" VPOS="1240" WIDTH="1606" HEIGHT="801">
						<TextLine ID="line_21" HPOS="337" VPOS="1240" WIDTH="1469" HEIGHT="47">
							<String ID="string_214" HPOS="337" VPOS="1245" WIDTH="170" HEIGHT="35" WC="0.93" CONTENT="Deremot"/><SP WIDTH="40" VPOS="1245" HPOS="507"/>
							<String ID="string_215" HPOS="547" VPOS="1246" WIDTH="64" HEIGHT="33" WC="0.96" CONTENT="har"/><SP WIDTH="31" VPOS="1246" HPOS="611"/>
							<String ID="string_216" HPOS="642" VPOS="1246" WIDTH="174" HEIGHT="33" WC="0.96" CONTENT="utskottet"/><SP WIDTH="27" VPOS="1246" HPOS="816"/>
							<String ID="string_217" HPOS="843" VPOS="1244" WIDTH="76" HEIGHT="33" WC="0.96" CONTENT="icke"/><SP WIDTH="28" VPOS="1244" HPOS="919"/>
							<String ID="string_218" HPOS="947" VPOS="1246" WIDTH="116" HEIGHT="31" WC="0.96" CONTENT="ansett"/><SP WIDTH="27" VPOS="1246" HPOS="1063"/>
							<String ID="string_219" HPOS="1090" VPOS="1243" WIDTH="159" HEIGHT="43" WC="0.96" CONTENT="lämpligt"/><SP WIDTH="27" VPOS="1243" HPOS="1249"/>
							<String ID="string_220" HPOS="1276" VPOS="1245" WIDTH="65" HEIGHT="36" WC="0.96" CONTENT="att,"/><SP WIDTH="29" VPOS="1245" HPOS="1341"/>
							<String ID="string_221" HPOS="1370" VPOS="1240" WIDTH="44" HEIGHT="45" WC="0.96" CONTENT="på"/><SP WIDTH="28" VPOS="1240" HPOS="1414"/>
							<String ID="string_222" HPOS="1442" VPOS="1245" WIDTH="71" HEIGHT="31" WC="0.96" CONTENT="sätt"/><SP WIDTH="26" VPOS="1245" HPOS="1513"/>
							<String ID="string_223" HPOS="1539" VPOS="1241" WIDTH="128" HEIGHT="44" WC="0.95" CONTENT="Kongl."/><SP WIDTH="31" VPOS="1241" HPOS="1667"/>
							<String ID="string_224" HPOS="1698" VPOS="1242" WIDTH="108" HEIGHT="45" WC="0.96" CONTENT="Maj:t"/>
						</TextLine>
						<TextLine ID="line_22" HPOS="202" VPOS="1291" WIDTH="1601" HEIGHT="49">
							<String ID="string_225" HPOS="202" VPOS="1297" WIDTH="193" HEIGHT="43" WC="0.96" CONTENT="föreslagit,"/><SP WIDTH="42" VPOS="1297" HPOS="395"/>
							<String ID="string_226" HPOS="437" VPOS="1294" WIDTH="111" HEIGHT="36" WC="0.95" CONTENT="såsom"/><SP WIDTH="29" VPOS="1294" HPOS="548"/>
							<String ID="string_227" HPOS="577" VPOS="1296" WIDTH="115" HEIGHT="33" WC="0.95" CONTENT="vilkor"/><SP WIDTH="27" VPOS="1296" HPOS="692"/>
							<String ID="string_228" HPOS="719" VPOS="1295" WIDTH="55" HEIGHT="33" WC="0.96" CONTENT="för"/><SP WIDTH="26" VPOS="1295" HPOS="774"/>
							<String ID="string_229" HPOS="800" VPOS="1294" WIDTH="200" HEIGHT="43" WC="0.96" CONTENT="beviljande"/><SP WIDTH="28" VPOS="1294" HPOS="1000"/>
							<String ID="string_230" HPOS="1028" VPOS="1293" WIDTH="38" HEIGHT="34" WC="0.96" CONTENT="af"/><SP WIDTH="24" VPOS="1293" HPOS="1066"/>
							<String ID="string_231" HPOS="1090" VPOS="1294" WIDTH="183" HEIGHT="42" WC="0.96" CONTENT="pensioner"/><SP WIDTH="28" VPOS="1294" HPOS="1273"/>
							<String ID="string_232" HPOS="1301" VPOS="1293" WIDTH="54" HEIGHT="33" WC="0.96" CONTENT="till"/><SP WIDTH="28" VPOS="1293" HPOS="1355"/>
							<String ID="string_233" HPOS="1383" VPOS="1291" WIDTH="272" HEIGHT="45" WC="0.67" CONTENT="ifrågavarande"/><SP WIDTH="28" VPOS="1291" HPOS="1655"/>
							<String ID="string_234" HPOS="1683" VPOS="1293" WIDTH="120" HEIGHT="33" WC="0.92" CONTENT="under-"/>
						</TextLine>
						<TextLine ID="line_23" HPOS="201" VPOS="1343" WIDTH="1606" HEIGHT="44">
							<String ID="string_235" HPOS="201" VPOS="1347" WIDTH="93" HEIGHT="34" WC="0.96" CONTENT="befäl"/><SP WIDTH="28" VPOS="1347" HPOS="294"/>
							<String ID="string_236" HPOS="322" VPOS="1347" WIDTH="63" HEIGHT="34" WC="0.96" CONTENT="och"/><SP WIDTH="30" VPOS="1347" HPOS="385"/>
							<String ID="string_237" HPOS="415" VPOS="1347" WIDTH="162" HEIGHT="33" WC="0.92" CONTENT="arbetare"/><SP WIDTH="28" VPOS="1347" HPOS="577"/>
							<String ID="string_238" HPOS="605" VPOS="1345" WIDTH="224" HEIGHT="42" WC="0.92" CONTENT="föreskrifva,"/><SP WIDTH="30" VPOS="1345" HPOS="829"/>
							<String ID="string_239" HPOS="859" VPOS="1347" WIDTH="53" HEIGHT="30" WC="0.96" CONTENT="att"/><SP WIDTH="28" VPOS="1347" HPOS="912"/>
							<String ID="string_240" HPOS="940" VPOS="1344" WIDTH="41" HEIGHT="33" WC="0.96" CONTENT="de"/><SP WIDTH="20" VPOS="1344" HPOS="981"/>
							<String ID="string_241" HPOS="1001" VPOS="1344" WIDTH="97" HEIGHT="33" WC="0.96" CONTENT="skola"/><SP WIDTH="20" VPOS="1344" HPOS="1098"/>
							<String ID="string_242" HPOS="1118" VPOS="1353" WIDTH="87" HEIGHT="24" WC="0.93" CONTENT="vara"/><SP WIDTH="19" VPOS="1353" HPOS="1205"/>
							<String ID="string_243" HPOS="1224" VPOS="1343" WIDTH="150" HEIGHT="43" WC="0.92" CONTENT="pligtiga"/><SP WIDTH="20" VPOS="1343" HPOS="1374"/>
							<String ID="string_244" HPOS="1394" VPOS="1346" WIDTH="65" HEIGHT="38" WC="0.93" CONTENT="att,"/><SP WIDTH="17" VPOS="1346" HPOS="1459"/>
							<String ID="string_245" HPOS="1476" VPOS="1344" WIDTH="114" HEIGHT="32" WC="0.92" CONTENT="derest"/><SP WIDTH="15" VPOS="1344" HPOS="1590"/>
							<String ID="string_246" HPOS="1605" VPOS="1343" WIDTH="202" HEIGHT="43" WC="0.96" CONTENT="byggandet"/>
						</TextLine>
						<TextLine ID="line_24" HPOS="202" VPOS="1390" WIDTH="1603" HEIGHT="49">
							<String ID="string_247" HPOS="202" VPOS="1398" WIDTH="53" HEIGHT="33" WC="0.96" CONTENT="för"/><SP WIDTH="28" VPOS="1398" HPOS="255"/>
							<String ID="string_248" HPOS="283" VPOS="1400" WIDTH="135" HEIGHT="31" WC="0.96" CONTENT="statens"/><SP WIDTH="28" VPOS="1400" HPOS="418"/>
							<String ID="string_249" HPOS="446" VPOS="1396" WIDTH="152" HEIGHT="43" WC="0.96" CONTENT="räkning"/><SP WIDTH="28" VPOS="1396" HPOS="598"/>
							<String ID="string_250" HPOS="626" VPOS="1396" WIDTH="39" HEIGHT="33" WC="0.95" CONTENT="af"/><SP WIDTH="25" VPOS="1396" HPOS="665"/>
							<String ID="string_251" HPOS="690" VPOS="1405" WIDTH="40" HEIGHT="23" WC="0.93" CONTENT="en"/><SP WIDTH="27" VPOS="1405" HPOS="730"/>
							<String ID="string_252" HPOS="757" VPOS="1394" WIDTH="152" HEIGHT="45" WC="0.93" CONTENT="jernväg"/><SP WIDTH="26" VPOS="1394" HPOS="909"/>
							<String ID="string_253" HPOS="935" VPOS="1394" WIDTH="126" HEIGHT="33" WC="0.96" CONTENT="mellan"/><SP WIDTH="28" VPOS="1394" HPOS="1061"/>
							<String ID="string_254" HPOS="1089" VPOS="1392" WIDTH="148" HEIGHT="35" WC="0.96" CONTENT="Vännäs"/><SP WIDTH="28" VPOS="1392" HPOS="1237"/>
							<String ID="string_255" HPOS="1265" VPOS="1393" WIDTH="63" HEIGHT="33" WC="0.96" CONTENT="och"/><SP WIDTH="27" VPOS="1393" HPOS="1328"/>
							<String ID="string_256" HPOS="1355" VPOS="1390" WIDTH="115" HEIGHT="37" WC="0.96" CONTENT="Umeå"/><SP WIDTH="20" VPOS="1390" HPOS="1470"/>
							<String ID="string_257" HPOS="1490" VPOS="1393" WIDTH="108" HEIGHT="33" WC="0.96" CONTENT="under"/><SP WIDTH="14" VPOS="1393" HPOS="1598"/>
							<String ID="string_258" HPOS="1612" VPOS="1391" WIDTH="193" HEIGHT="45" WC="0.94" CONTENT="någotdera"/>
						</TextLine>
						<TextLine ID="line_25" HPOS="203" VPOS="1440" WIDTH="1603" HEIGHT="47">
							<String ID="string_259" HPOS="203" VPOS="1448" WIDTH="40" HEIGHT="33" WC="0.92" CONTENT="af"/><SP WIDTH="29" VPOS="1448" HPOS="243"/>
							<String ID="string_260" HPOS="272" VPOS="1445" WIDTH="85" HEIGHT="36" WC="0.96" CONTENT="åren"/><SP WIDTH="31" VPOS="1445" HPOS="357"/>
							<String ID="string_261" HPOS="388" VPOS="1448" WIDTH="94" HEIGHT="33" WC="0.96" CONTENT="1895"/><SP WIDTH="30" VPOS="1448" HPOS="482"/>
							<String ID="string_262" HPOS="512" VPOS="1447" WIDTH="84" HEIGHT="33" WC="0.96" CONTENT="eller"/><SP WIDTH="33" VPOS="1447" HPOS="596"/>
							<String ID="string_263" HPOS="629" VPOS="1447" WIDTH="92" HEIGHT="32" WC="0.96" CONTENT="1896"/><SP WIDTH="30" VPOS="1447" HPOS="721"/>
							<String ID="string_264" HPOS="751" VPOS="1445" WIDTH="112" HEIGHT="33" WC="0.96" CONTENT="skulle"/><SP WIDTH="27" VPOS="1445" HPOS="863"/>
							<String ID="string_265" HPOS="890" VPOS="1446" WIDTH="137" HEIGHT="32" WC="0.94" CONTENT="komma"/><SP WIDTH="28" VPOS="1446" HPOS="1027"/>
							<String ID="string_266" HPOS="1055" VPOS="1447" WIDTH="53" HEIGHT="30" WC="0.94" CONTENT="att"/><SP WIDTH="26" VPOS="1447" HPOS="1108"/>
							<String ID="string_267" HPOS="1134" VPOS="1441" WIDTH="174" HEIGHT="46" WC="0.92" CONTENT="påbörjas,"/><SP WIDTH="30" VPOS="1441" HPOS="1308"/>
							<String ID="string_268" HPOS="1338" VPOS="1440" WIDTH="20" HEIGHT="36" WC="0.89" CONTENT="å"/><SP WIDTH="27" VPOS="1440" HPOS="1358"/>
							<String ID="string_269" HPOS="1385" VPOS="1453" WIDTH="68" HEIGHT="33" WC="0.92" CONTENT="nyo"/><SP WIDTH="28" VPOS="1453" HPOS="1453"/>
							<String ID="string_270" HPOS="1481" VPOS="1447" WIDTH="83" HEIGHT="39" WC="0.95" CONTENT="taga"/><SP WIDTH="28" VPOS="1447" HPOS="1564"/>
							<String ID="string_271" HPOS="1592" VPOS="1444" WIDTH="214" HEIGHT="43" WC="0.96" CONTENT="anställning"/>
						</TextLine>
						<TextLine ID="line_26" HPOS="204" VPOS="1493" WIDTH="1601" HEIGHT="47">
							<String ID="string_272" HPOS="204" VPOS="1498" WIDTH="56" HEIGHT="34" WC="0.96" CONTENT="vid"/><SP WIDTH="43" VPOS="1498" HPOS="260"/>
							<String ID="string_273" HPOS="303" VPOS="1500" WIDTH="134" HEIGHT="31" WC="0.93" CONTENT="statens"/><SP WIDTH="38" VPOS="1500" HPOS="437"/>
							<String ID="string_274" HPOS="475" VPOS="1495" WIDTH="387" HEIGHT="45" WC="0.92" CONTENT="jernvägsbyggnader,"/><SP WIDTH="43" VPOS="1495" HPOS="862"/>
							<String ID="string_275" HPOS="905" VPOS="1505" WIDTH="51" HEIGHT="23" WC="0.92" CONTENT="om"/><SP WIDTH="39" VPOS="1505" HPOS="956"/>
							<String ID="string_276" HPOS="995" VPOS="1494" WIDTH="342" HEIGHT="43" WC="0.89" CONTENT="jernvägsstyrelsen"/><SP WIDTH="42" VPOS="1494" HPOS="1337"/>
							<String ID="string_277" HPOS="1379" VPOS="1494" WIDTH="123" HEIGHT="33" WC="0.82" CONTENT="sådant"/><SP WIDTH="42" VPOS="1494" HPOS="1502"/>
							<String ID="string_278" HPOS="1544" VPOS="1493" WIDTH="174" HEIGHT="42" WC="0.96" CONTENT="fordrade,"/><SP WIDTH="30" VPOS="1493" HPOS="1718"/>
							<String ID="string_279" HPOS="1748" VPOS="1494" WIDTH="57" HEIGHT="34" WC="0.96" CONTENT="vid"/>
						</TextLine>
						<TextLine ID="line_27" HPOS="202" VPOS="1542" WIDTH="1604" HEIGHT="49">
							<String ID="string_280" HPOS="202" VPOS="1547" WIDTH="133" HEIGHT="44" WC="0.96" CONTENT="påföljd"/><SP WIDTH="29" VPOS="1547" HPOS="335"/>
							<String ID="string_281" HPOS="364" VPOS="1550" WIDTH="54" HEIGHT="31" WC="0.96" CONTENT="att"/><SP WIDTH="28" VPOS="1550" HPOS="418"/>
							<String ID="string_282" HPOS="446" VPOS="1547" WIDTH="101" HEIGHT="43" WC="0.96" CONTENT="eljest"/><SP WIDTH="28" VPOS="1547" HPOS="547"/>
							<String ID="string_283" HPOS="575" VPOS="1547" WIDTH="130" HEIGHT="33" WC="0.95" CONTENT="förlora"/><SP WIDTH="28" VPOS="1547" HPOS="705"/>
							<String ID="string_284" HPOS="733" VPOS="1548" WIDTH="117" HEIGHT="32" WC="0.96" CONTENT="rätten"/><SP WIDTH="29" VPOS="1548" HPOS="850"/>
							<String ID="string_285" HPOS="879" VPOS="1548" WIDTH="53" HEIGHT="30" WC="0.96" CONTENT="att"/><SP WIDTH="27" VPOS="1548" HPOS="932"/>
							<String ID="string_286" HPOS="959" VPOS="1542" WIDTH="139" HEIGHT="45" WC="0.96" CONTENT="åtnjuta"/><SP WIDTH="29" VPOS="1542" HPOS="1098"/>
							<String ID="string_287" HPOS="1127" VPOS="1544" WIDTH="186" HEIGHT="42" WC="0.96" CONTENT="pensionen"/><SP WIDTH="29" VPOS="1544" HPOS="1313"/>
							<String ID="string_288" HPOS="1342" VPOS="1543" WIDTH="54" HEIGHT="34" WC="0.96" CONTENT="för"/><SP WIDTH="28" VPOS="1543" HPOS="1396"/>
							<String ID="string_289" HPOS="1424" VPOS="1544" WIDTH="66" HEIGHT="33" WC="0.96" CONTENT="den"/><SP WIDTH="28" VPOS="1544" HPOS="1490"/>
							<String ID="string_290" HPOS="1518" VPOS="1544" WIDTH="61" HEIGHT="41" WC="0.93" CONTENT="tid,"/><SP WIDTH="26" VPOS="1544" HPOS="1579"/>
							<String ID="string_291" HPOS="1605" VPOS="1544" WIDTH="201" HEIGHT="34" WC="0.91" CONTENT="hvarunder"/>
						</TextLine>
						<TextLine ID="line_28" HPOS="202" VPOS="1593" WIDTH="1603" HEIGHT="46">
							<String ID="string_292" HPOS="202" VPOS="1599" WIDTH="169" HEIGHT="32" WC="0.96" CONTENT="arbetena"/><SP WIDTH="41" VPOS="1599" HPOS="371"/>
							<String ID="string_293" HPOS="412" VPOS="1608" WIDTH="21" HEIGHT="23" WC="0.54" CONTENT="åa"/><SP WIDTH="41" VPOS="1608" HPOS="433"/>
							<String ID="string_294" HPOS="474" VPOS="1598" WIDTH="112" HEIGHT="33" WC="0.96" CONTENT="denna"/><SP WIDTH="41" VPOS="1598" HPOS="586"/>
							<String ID="string_295" HPOS="627" VPOS="1597" WIDTH="91" HEIGHT="33" WC="0.93" CONTENT="bana"/><SP WIDTH="28" VPOS="1597" HPOS="718"/>
							<String ID="string_296" HPOS="746" VPOS="1593" WIDTH="160" HEIGHT="46" WC="0.89" CONTENT="påginge."/><SP WIDTH="56" VPOS="1593" HPOS="906"/>
							<String ID="string_297" HPOS="962" VPOS="1593" WIDTH="84" HEIGHT="35" WC="0.95" CONTENT="Icke"/><SP WIDTH="28" VPOS="1593" HPOS="1046"/>
							<String ID="string_298" HPOS="1074" VPOS="1594" WIDTH="109" HEIGHT="33" WC="0.96" CONTENT="heller"/><SP WIDTH="27" VPOS="1594" HPOS="1183"/>
							<String ID="string_299" HPOS="1210" VPOS="1594" WIDTH="65" HEIGHT="33" WC="0.96" CONTENT="har"/><SP WIDTH="27" VPOS="1594" HPOS="1275"/>
							<String ID="string_300" HPOS="1302" VPOS="1594" WIDTH="175" HEIGHT="33" WC="0.96" CONTENT="utskottet"/><SP WIDTH="27" VPOS="1594" HPOS="1477"/>
							<String ID="string_301" HPOS="1504" VPOS="1594" WIDTH="94" HEIGHT="33" WC="0.96" CONTENT="velat"/><SP WIDTH="28" VPOS="1594" HPOS="1598"/>
							<String ID="string_302" HPOS="1626" VPOS="1595" WIDTH="179" HEIGHT="42" WC="0.96" CONTENT="tillstyrka"/>
						</TextLine>
						<TextLine ID="line_29" HPOS="202" VPOS="1644" WIDTH="1602" HEIGHT="46">
							<String ID="string_303" HPOS="202" VPOS="1648" WIDTH="65" HEIGHT="33" WC="0.96" CONTENT="den"/><SP WIDTH="35" VPOS="1648" HPOS="267"/>
							<String ID="string_304" HPOS="302" VPOS="1649" WIDTH="38" HEIGHT="32" WC="0.96" CONTENT="af"/><SP WIDTH="25" VPOS="1649" HPOS="340"/>
							<String ID="string_305" HPOS="365" VPOS="1648" WIDTH="82" HEIGHT="33" WC="0.96" CONTENT="herr"/><SP WIDTH="27" VPOS="1648" HPOS="447"/>
							<String ID="string_306" HPOS="474" VPOS="1647" WIDTH="143" HEIGHT="43" WC="0.96" CONTENT="Ryding"/><SP WIDTH="26" VPOS="1647" HPOS="617"/>
							<String ID="string_307" HPOS="643" VPOS="1647" WIDTH="11" HEIGHT="33" WC="0.96" CONTENT="i"/><SP WIDTH="27" VPOS="1647" HPOS="654"/>
							<String ID="string_308" HPOS="681" VPOS="1646" WIDTH="88" HEIGHT="34" WC="0.92" CONTENT="hans"/><SP WIDTH="28" VPOS="1646" HPOS="769"/>
							<String ID="string_309" HPOS="797" VPOS="1645" WIDTH="226" HEIGHT="34" WC="0.92" CONTENT="omförmälda"/><SP WIDTH="28" VPOS="1645" HPOS="1023"/>
							<String ID="string_310" HPOS="1051" VPOS="1644" WIDTH="127" HEIGHT="34" WC="0.95" CONTENT="motion"/><SP WIDTH="30" VPOS="1644" HPOS="1178"/>
							<String ID="string_311" HPOS="1208" VPOS="1644" WIDTH="51" HEIGHT="33" WC="0.96" CONTENT="uti"/><SP WIDTH="28" VPOS="1644" HPOS="1259"/>
							<String ID="string_312" HPOS="1287" VPOS="1645" WIDTH="148" HEIGHT="32" WC="0.95" CONTENT="nämnda"/><SP WIDTH="29" VPOS="1645" HPOS="1435"/>
							<String ID="string_313" HPOS="1464" VPOS="1644" WIDTH="114" HEIGHT="33" WC="0.95" CONTENT="vilkor"/><SP WIDTH="27" VPOS="1644" HPOS="1578"/>
							<String ID="string_314" HPOS="1605" VPOS="1645" WIDTH="199" HEIGHT="43" WC="0.95" CONTENT="föreslagna"/>
						</TextLine>
						<TextLine ID="line_30" HPOS="202" VPOS="1694" WIDTH="1601" HEIGHT="46">
							<String ID="string_315" HPOS="202" VPOS="1698" WIDTH="217" HEIGHT="42" WC="0.96" CONTENT="förändring,"/><SP WIDTH="44" VPOS="1698" HPOS="419"/>
							<String ID="string_316" HPOS="463" VPOS="1698" WIDTH="163" HEIGHT="33" WC="0.96" CONTENT="afseende"/><SP WIDTH="40" VPOS="1698" HPOS="626"/>
							<String ID="string_317" HPOS="666" VPOS="1700" WIDTH="54" HEIGHT="30" WC="0.96" CONTENT="att"/><SP WIDTH="41" VPOS="1700" HPOS="720"/>
							<String ID="string_318" HPOS="761" VPOS="1706" WIDTH="131" HEIGHT="24" WC="0.92" CONTENT="samma"/><SP WIDTH="40" VPOS="1706" HPOS="892"/>
							<String ID="string_319" HPOS="932" VPOS="1695" WIDTH="215" HEIGHT="43" WC="0.86" CONTENT="förpligtelse"/><SP WIDTH="37" VPOS="1695" HPOS="1147"/>
							<String ID="string_320" HPOS="1184" VPOS="1694" WIDTH="53" HEIGHT="33" WC="0.96" CONTENT="till"/><SP WIDTH="27" VPOS="1694" HPOS="1237"/>
							<String ID="string_321" HPOS="1264" VPOS="1704" WIDTH="47" HEIGHT="32" WC="0.96" CONTENT="ny"/><SP WIDTH="28" VPOS="1704" HPOS="1311"/>
							<String ID="string_322" HPOS="1339" VPOS="1695" WIDTH="214" HEIGHT="42" WC="0.96" CONTENT="anställning"/><SP WIDTH="27" VPOS="1695" HPOS="1553"/>
							<String ID="string_323" HPOS="1580" VPOS="1695" WIDTH="111" HEIGHT="33" WC="0.93" CONTENT="skulle"/><SP WIDTH="28" VPOS="1695" HPOS="1691"/>
							<String ID="string_324" HPOS="1719" VPOS="1695" WIDTH="84" HEIGHT="33" WC="0.92" CONTENT="före-"/>
						</TextLine>
						<TextLine ID="line_31" HPOS="202" VPOS="1744" WIDTH="1602" HEIGHT="45">
							<String ID="string_325" HPOS="202" VPOS="1748" WIDTH="155" HEIGHT="34" WC="0.91" CONTENT="skrifvas"/><SP WIDTH="43" VPOS="1748" HPOS="357"/>
							<String ID="string_326" HPOS="400" VPOS="1748" WIDTH="106" HEIGHT="34" WC="0.96" CONTENT="äfven"/><SP WIDTH="40" VPOS="1748" HPOS="506"/>
							<String ID="string_327" HPOS="546" VPOS="1747" WIDTH="76" HEIGHT="34" WC="0.96" CONTENT="med"/><SP WIDTH="40" VPOS="1747" HPOS="622"/>
							<String ID="string_328" HPOS="662" VPOS="1747" WIDTH="137" HEIGHT="42" WC="0.96" CONTENT="hänsyn"/><SP WIDTH="40" VPOS="1747" HPOS="799"/>
							<String ID="string_329" HPOS="839" VPOS="1746" WIDTH="54" HEIGHT="33" WC="0.95" CONTENT="till"/><SP WIDTH="28" VPOS="1746" HPOS="893"/>
							<String ID="string_330" HPOS="921" VPOS="1755" WIDTH="115" HEIGHT="24" WC="0.96" CONTENT="annan"/><SP WIDTH="29" VPOS="1755" HPOS="1036"/>
							<String ID="string_331" HPOS="1065" VPOS="1748" WIDTH="132" HEIGHT="30" WC="0.93" CONTENT="statens"/><SP WIDTH="24" VPOS="1748" HPOS="1197"/>
							<String ID="string_332" HPOS="1221" VPOS="1744" WIDTH="334" HEIGHT="44" WC="0.91" CONTENT="jernvägsbyggnad"/><SP WIDTH="30" VPOS="1744" HPOS="1555"/>
							<String ID="string_333" HPOS="1585" VPOS="1745" WIDTH="109" HEIGHT="33" WC="0.96" CONTENT="under"/><SP WIDTH="27" VPOS="1745" HPOS="1694"/>
							<String ID="string_334" HPOS="1721" VPOS="1744" WIDTH="83" HEIGHT="35" WC="0.91" CONTENT="åren"/>
						</TextLine>
						<TextLine ID="line_32" HPOS="206" VPOS="1793" WIDTH="1600" HEIGHT="46">
							<String ID="string_335" HPOS="206" VPOS="1800" WIDTH="93" HEIGHT="32" WC="0.96" CONTENT="1895"/><SP WIDTH="42" VPOS="1800" HPOS="299"/>
							<String ID="string_336" HPOS="341" VPOS="1798" WIDTH="63" HEIGHT="34" WC="0.96" CONTENT="och"/><SP WIDTH="45" VPOS="1798" HPOS="404"/>
							<String ID="string_337" HPOS="449" VPOS="1799" WIDTH="93" HEIGHT="32" WC="0.96" CONTENT="1896"/><SP WIDTH="42" VPOS="1799" HPOS="542"/>
							<String ID="string_338" HPOS="584" VPOS="1801" WIDTH="44" HEIGHT="30" WC="0.95" CONTENT="än"/><SP WIDTH="41" VPOS="1801" HPOS="628"/>
							<String ID="string_339" HPOS="669" VPOS="1797" WIDTH="65" HEIGHT="33" WC="0.95" CONTENT="den"/><SP WIDTH="41" VPOS="1797" HPOS="734"/>
							<String ID="string_340" HPOS="775" VPOS="1793" WIDTH="212" HEIGHT="46" WC="0.96" CONTENT="ifrågasatta"/><SP WIDTH="33" VPOS="1793" HPOS="987"/>
							<String ID="string_341" HPOS="1020" VPOS="1795" WIDTH="126" HEIGHT="33" WC="0.95" CONTENT="mellan"/><SP WIDTH="27" VPOS="1795" HPOS="1146"/>
							<String ID="string_342" HPOS="1173" VPOS="1793" WIDTH="148" HEIGHT="35" WC="0.96" CONTENT="Vännäs"/><SP WIDTH="28" VPOS="1793" HPOS="1321"/>
							<String ID="string_343" HPOS="1349" VPOS="1795" WIDTH="63" HEIGHT="33" WC="0.96" CONTENT="och"/><SP WIDTH="28" VPOS="1795" HPOS="1412"/>
							<String ID="string_344" HPOS="1440" VPOS="1794" WIDTH="123" HEIGHT="35" WC="0.89" CONTENT="Umeå."/><SP WIDTH="55" VPOS="1794" HPOS="1563"/>
							<String ID="string_345" HPOS="1618" VPOS="1794" WIDTH="188" HEIGHT="35" WC="0.94" CONTENT="Utskottet"/>
						</TextLine>
						<TextLine ID="line_33" HPOS="202" VPOS="1844" WIDTH="1603" HEIGHT="47">
							<String ID="string_346" HPOS="202" VPOS="1848" WIDTH="198" HEIGHT="34" WC="0.96" CONTENT="föreställer"/><SP WIDTH="44" VPOS="1848" HPOS="400"/>
							<String ID="string_347" HPOS="444" VPOS="1848" WIDTH="53" HEIGHT="43" WC="0.92" CONTENT="sig"/><SP WIDTH="40" VPOS="1848" HPOS="497"/>
							<String ID="string_348" HPOS="537" VPOS="1847" WIDTH="185" HEIGHT="43" WC="0.85" CONTENT="nemligen,"/><SP WIDTH="43" VPOS="1847" HPOS="722"/>
							<String ID="string_349" HPOS="765" VPOS="1849" WIDTH="52" HEIGHT="31" WC="0.96" CONTENT="att"/><SP WIDTH="42" VPOS="1849" HPOS="817"/>
							<String ID="string_350" HPOS="859" VPOS="1846" WIDTH="98" HEIGHT="42" WC="0.94" CONTENT="dylik"/><SP WIDTH="39" VPOS="1846" HPOS="957"/>
							<String ID="string_351" HPOS="996" VPOS="1844" WIDTH="181" HEIGHT="35" WC="0.94" CONTENT="föreskrift"/><SP WIDTH="39" VPOS="1844" HPOS="1177"/>
							<String ID="string_352" HPOS="1216" VPOS="1845" WIDTH="112" HEIGHT="33" WC="0.96" CONTENT="skulle"/><SP WIDTH="40" VPOS="1845" HPOS="1328"/>
							<String ID="string_353" HPOS="1368" VPOS="1846" WIDTH="109" HEIGHT="33" WC="0.93" CONTENT="verka"/><SP WIDTH="41" VPOS="1846" HPOS="1477"/>
							<String ID="string_354" HPOS="1518" VPOS="1846" WIDTH="193" HEIGHT="33" WC="0.89" CONTENT="hindrande"/><SP WIDTH="40" VPOS="1846" HPOS="1711"/>
							<String ID="string_355" HPOS="1751" VPOS="1845" WIDTH="54" HEIGHT="34" WC="0.95" CONTENT="för"/>
						</TextLine>
						<TextLine ID="line_34" HPOS="202" VPOS="1893" WIDTH="1602" HEIGHT="49">
							<String ID="string_356" HPOS="202" VPOS="1896" WIDTH="275" HEIGHT="46" WC="0.91" CONTENT="ifrågavarande"/><SP WIDTH="40" VPOS="1896" HPOS="477"/>
							<String ID="string_357" HPOS="517" VPOS="1897" WIDTH="205" HEIGHT="34" WC="0.91" CONTENT="underbefäl"/><SP WIDTH="41" VPOS="1897" HPOS="722"/>
							<String ID="string_358" HPOS="763" VPOS="1897" WIDTH="63" HEIGHT="34" WC="0.96" CONTENT="och"/><SP WIDTH="41" VPOS="1897" HPOS="826"/>
							<String ID="string_359" HPOS="867" VPOS="1896" WIDTH="162" HEIGHT="33" WC="0.96" CONTENT="arbetare"/><SP WIDTH="40" VPOS="1896" HPOS="1029"/>
							<String ID="string_360" HPOS="1069" VPOS="1898" WIDTH="54" HEIGHT="30" WC="0.93" CONTENT="att"/><SP WIDTH="39" VPOS="1898" HPOS="1123"/>
							<String ID="string_361" HPOS="1162" VPOS="1894" WIDTH="21" HEIGHT="34" WC="0.77" CONTENT="å"/><SP WIDTH="40" VPOS="1894" HPOS="1183"/>
							<String ID="string_362" HPOS="1223" VPOS="1905" WIDTH="116" HEIGHT="24" WC="0.95" CONTENT="annan"/><SP WIDTH="28" VPOS="1905" HPOS="1339"/>
							<String ID="string_363" HPOS="1367" VPOS="1893" WIDTH="173" HEIGHT="36" WC="0.93" CONTENT="måhända"/><SP WIDTH="28" VPOS="1893" HPOS="1540"/>
							<String ID="string_364" HPOS="1568" VPOS="1895" WIDTH="154" HEIGHT="44" WC="0.92" CONTENT="aflägsen"/><SP WIDTH="29" VPOS="1895" HPOS="1722"/>
							<String ID="string_365" HPOS="1751" VPOS="1902" WIDTH="53" HEIGHT="27" WC="0.96" CONTENT="ort"/>
						</TextLine>
						<TextLine ID="line_35" HPOS="203" VPOS="1944" WIDTH="1602" HEIGHT="47">
							<String ID="string_366" HPOS="203" VPOS="1947" WIDTH="133" HEIGHT="35" WC="0.95" CONTENT="erhålla"/><SP WIDTH="34" VPOS="1947" HPOS="336"/>
							<String ID="string_367" HPOS="370" VPOS="1958" WIDTH="47" HEIGHT="33" WC="0.96" CONTENT="ny"/><SP WIDTH="28" VPOS="1958" HPOS="417"/>
							<String ID="string_368" HPOS="445" VPOS="1948" WIDTH="223" HEIGHT="42" WC="0.96" CONTENT="anställning."/><SP WIDTH="57" VPOS="1948" HPOS="668"/>
							<String ID="string_369" HPOS="725" VPOS="1946" WIDTH="77" HEIGHT="35" WC="0.90" CONTENT="Och"/><SP WIDTH="28" VPOS="1946" HPOS="802"/>
							<String ID="string_370" HPOS="830" VPOS="1947" WIDTH="95" HEIGHT="41" WC="0.96" CONTENT="böra,"/><SP WIDTH="29" VPOS="1947" HPOS="925"/>
							<String ID="string_371" HPOS="954" VPOS="1956" WIDTH="54" HEIGHT="24" WC="0.96" CONTENT="om"/><SP WIDTH="28" VPOS="1956" HPOS="1008"/>
							<String ID="string_372" HPOS="1036" VPOS="1944" WIDTH="109" HEIGHT="35" WC="0.96" CONTENT="sådan"/><SP WIDTH="28" VPOS="1944" HPOS="1145"/>
							<String ID="string_373" HPOS="1173" VPOS="1945" WIDTH="159" HEIGHT="43" WC="0.94" CONTENT="eftergift"/><SP WIDTH="26" VPOS="1945" HPOS="1332"/>
							<String ID="string_374" HPOS="1358" VPOS="1948" WIDTH="113" HEIGHT="40" WC="0.95" CONTENT="göres,"/><SP WIDTH="30" VPOS="1948" HPOS="1471"/>
							<String ID="string_375" HPOS="1501" VPOS="1946" WIDTH="39" HEIGHT="33" WC="0.96" CONTENT="de"/><SP WIDTH="29" VPOS="1946" HPOS="1540"/>
							<String ID="string_376" HPOS="1569" VPOS="1946" WIDTH="39" HEIGHT="33" WC="0.96" CONTENT="af"/><SP WIDTH="24" VPOS="1946" HPOS="1608"/>
							<String ID="string_377" HPOS="1632" VPOS="1947" WIDTH="173" HEIGHT="33" WC="0.0" CONTENT="utskottet"/>
						</TextLine>
						<TextLine ID="line_36" HPOS="202" VPOS="1995" WIDTH="1170" HEIGHT="46">
							<String ID="string_378" HPOS="202" VPOS="1998" WIDTH="185" HEIGHT="34" WC="0.93" CONTENT="förordade"/><SP WIDTH="28" VPOS="1998" HPOS="387"/>
							<String ID="string_379" HPOS="415" VPOS="1998" WIDTH="330" HEIGHT="43" WC="0.91" CONTENT="pensionsbeloppen"/><SP WIDTH="29" VPOS="1998" HPOS="745"/>
							<String ID="string_380" HPOS="774" VPOS="1997" WIDTH="118" HEIGHT="33" WC="0.96" CONTENT="kunna"/><SP WIDTH="29" VPOS="1997" HPOS="892"/>
							<String ID="string_381" HPOS="921" VPOS="2006" WIDTH="101" HEIGHT="23" WC="0.96" CONTENT="anses"/><SP WIDTH="27" VPOS="2006" HPOS="1022"/>
							<String ID="string_382" HPOS="1049" VPOS="2005" WIDTH="72" HEIGHT="24" WC="0.94" CONTENT="mer"/><SP WIDTH="27" VPOS="2005" HPOS="1121"/>
							<String ID="string_383" HPOS="1148" VPOS="1995" WIDTH="224" HEIGHT="43" WC="0.95" CONTENT="tillräckliga."/>
						</TextLine>
					</TextBlock>
					<TextBlock ID="block_4" HPOS="201" VPOS="2045" WIDTH="1604" HEIGHT="195">
						<TextLine ID="line_37" HPOS="340" VPOS="2045" WIDTH="1465" HEIGHT="46">
							<String ID="string_384" HPOS="340" VPOS="2047" WIDTH="55" HEIGHT="34" WC="0.96" CONTENT="De"/><SP WIDTH="42" VPOS="2047" HPOS="395"/>
							<String ID="string_385" HPOS="437" VPOS="2049" WIDTH="39" HEIGHT="33" WC="0.95" CONTENT="af"/><SP WIDTH="36" VPOS="2049" HPOS="476"/>
							<String ID="string_386" HPOS="512" VPOS="2047" WIDTH="128" HEIGHT="44" WC="0.90" CONTENT="Kongl."/><SP WIDTH="43" VPOS="2047" HPOS="640"/>
							<String ID="string_387" HPOS="683" VPOS="2047" WIDTH="109" HEIGHT="43" WC="0.95" CONTENT="Maj:t"/><SP WIDTH="39" VPOS="2047" HPOS="792"/>
							<String ID="string_388" HPOS="831" VPOS="2047" WIDTH="199" HEIGHT="42" WC="0.93" CONTENT="föreslagna"/><SP WIDTH="39" VPOS="2047" HPOS="1030"/>
							<String ID="string_389" HPOS="1069" VPOS="2045" WIDTH="428" HEIGHT="44" WC="0.90" CONTENT="gratifikationsbeloppen"/><SP WIDTH="41" VPOS="2045" HPOS="1497"/>
							<String ID="string_390" HPOS="1538" VPOS="2046" WIDTH="63" HEIGHT="33" WC="0.96" CONTENT="har"/><SP WIDTH="32" VPOS="2046" HPOS="1601"/>
							<String ID="string_391" HPOS="1633" VPOS="2047" WIDTH="172" HEIGHT="33" WC="0.95" CONTENT="utskottet"/>
						</TextLine>
						<TextLine ID="line_38" HPOS="202" VPOS="2093" WIDTH="1603" HEIGHT="47">
							<String ID="string_392" HPOS="202" VPOS="2102" WIDTH="117" HEIGHT="31" WC="0.96" CONTENT="ansett"/><SP WIDTH="27" VPOS="2102" HPOS="319"/>
							<String ID="string_393" HPOS="346" VPOS="2099" WIDTH="85" HEIGHT="33" WC="0.96" CONTENT="böra"/><SP WIDTH="28" VPOS="2099" HPOS="431"/>
							<String ID="string_394" HPOS="459" VPOS="2098" WIDTH="153" HEIGHT="34" WC="0.96" CONTENT="minskas"/><SP WIDTH="27" VPOS="2098" HPOS="612"/>
							<String ID="string_395" HPOS="639" VPOS="2098" WIDTH="78" HEIGHT="33" WC="0.96" CONTENT="med"/><SP WIDTH="30" VPOS="2098" HPOS="717"/>
							<String ID="string_396" HPOS="747" VPOS="2099" WIDTH="45" HEIGHT="32" WC="0.96" CONTENT="50"/><SP WIDTH="20" VPOS="2099" HPOS="792"/>
							<String ID="string_397" HPOS="812" VPOS="2100" WIDTH="153" HEIGHT="40" WC="0.96" CONTENT="procent,"/><SP WIDTH="22" VPOS="2100" HPOS="965"/>
							<String ID="string_398" HPOS="987" VPOS="2100" WIDTH="84" HEIGHT="30" WC="0.96" CONTENT="enär"/><SP WIDTH="19" VPOS="2100" HPOS="1071"/>
							<String ID="string_399" HPOS="1090" VPOS="2096" WIDTH="178" HEIGHT="42" WC="0.96" CONTENT="beloppen,"/><SP WIDTH="21" VPOS="2096" HPOS="1268"/>
							<String ID="string_400" HPOS="1289" VPOS="2093" WIDTH="145" HEIGHT="36" WC="0.96" CONTENT="sålunda"/><SP WIDTH="19" VPOS="2093" HPOS="1434"/>
							<String ID="string_401" HPOS="1453" VPOS="2096" WIDTH="226" HEIGHT="43" WC="0.96" CONTENT="begränsade,"/><SP WIDTH="18" VPOS="2096" HPOS="1679"/>
							<String ID="string_402" HPOS="1697" VPOS="2097" WIDTH="108" HEIGHT="43" WC="0.96" CONTENT="enligt"/>
						</TextLine>
						<TextLine ID="line_39" HPOS="202" VPOS="2143" WIDTH="1603" HEIGHT="49">
							<String ID="string_403" HPOS="202" VPOS="2150" WIDTH="193" HEIGHT="33" WC="0.93" CONTENT="utskottets"/><SP WIDTH="34" VPOS="2150" HPOS="395"/>
							<String ID="string_404" HPOS="429" VPOS="2145" WIDTH="92" HEIGHT="47" WC="0.91" CONTENT="åsigt"/><SP WIDTH="26" VPOS="2145" HPOS="521"/>
							<String ID="string_405" HPOS="547" VPOS="2149" WIDTH="83" HEIGHT="33" WC="0.96" CONTENT="böra"/><SP WIDTH="33" VPOS="2149" HPOS="630"/>
							<String ID="string_406" HPOS="663" VPOS="2158" WIDTH="88" HEIGHT="24" WC="0.95" CONTENT="vara"/><SP WIDTH="28" VPOS="2158" HPOS="751"/>
							<String ID="string_407" HPOS="779" VPOS="2147" WIDTH="211" HEIGHT="43" WC="0.95" CONTENT="tillräckliga"/><SP WIDTH="31" VPOS="2147" HPOS="990"/>
							<String ID="string_408" HPOS="1021" VPOS="2146" WIDTH="54" HEIGHT="33" WC="0.96" CONTENT="för"/><SP WIDTH="27" VPOS="2146" HPOS="1075"/>
							<String ID="string_409" HPOS="1102" VPOS="2143" WIDTH="272" HEIGHT="46" WC="0.96" CONTENT="ifrågavarande"/><SP WIDTH="29" VPOS="2143" HPOS="1374"/>
							<String ID="string_410" HPOS="1403" VPOS="2156" WIDTH="180" HEIGHT="33" WC="0.96" CONTENT="personers"/><SP WIDTH="27" VPOS="2156" HPOS="1583"/>
							<String ID="string_411" HPOS="1610" VPOS="2147" WIDTH="195" HEIGHT="42" WC="0.95" CONTENT="uppehälle,"/>
						</TextLine>
						<TextLine ID="line_40" HPOS="201" VPOS="2194" WIDTH="1603" HEIGHT="46">
							<String ID="string_412" HPOS="201" VPOS="2199" WIDTH="53" HEIGHT="34" WC="0.91" CONTENT="till"/><SP WIDTH="43" VPOS="2199" HPOS="254"/>
							<String ID="string_413" HPOS="297" VPOS="2200" WIDTH="76" HEIGHT="33" WC="0.96" CONTENT="dess"/><SP WIDTH="40" VPOS="2200" HPOS="373"/>
							<String ID="string_414" HPOS="413" VPOS="2200" WIDTH="41" HEIGHT="32" WC="0.96" CONTENT="de"/><SP WIDTH="40" VPOS="2200" HPOS="454"/>
							<String ID="string_415" HPOS="494" VPOS="2199" WIDTH="119" HEIGHT="33" WC="0.93" CONTENT="kunna"/><SP WIDTH="32" VPOS="2199" HPOS="613"/>
							<String ID="string_416" HPOS="645" VPOS="2197" WIDTH="169" HEIGHT="34" WC="0.92" CONTENT="förskaffa"/><SP WIDTH="33" VPOS="2197" HPOS="814"/>
							<String ID="string_417" HPOS="847" VPOS="2197" WIDTH="53" HEIGHT="43" WC="0.95" CONTENT="sig"/><SP WIDTH="32" VPOS="2197" HPOS="900"/>
							<String ID="string_418" HPOS="932" VPOS="2206" WIDTH="116" HEIGHT="24" WC="0.96" CONTENT="annan"/><SP WIDTH="35" VPOS="2206" HPOS="1048"/>
							<String ID="string_419" HPOS="1083" VPOS="2197" WIDTH="164" HEIGHT="33" WC="0.95" CONTENT="utkomst."/><SP WIDTH="54" VPOS="2197" HPOS="1247"/>
							<String ID="string_420" HPOS="1301" VPOS="2194" WIDTH="103" HEIGHT="36" WC="0.94" CONTENT="Dock"/><SP WIDTH="33" VPOS="2194" HPOS="1404"/>
							<String ID="string_421" HPOS="1437" VPOS="2197" WIDTH="65" HEIGHT="33" WC="0.96" CONTENT="har"/><SP WIDTH="26" VPOS="2197" HPOS="1502"/>
							<String ID="string_422" HPOS="1528" VPOS="2197" WIDTH="63" HEIGHT="33" WC="0.96" CONTENT="den"/><SP WIDTH="29" VPOS="2197" HPOS="1591"/>
							<String ID="string_423" HPOS="1620" VPOS="2197" WIDTH="53" HEIGHT="33" WC="0.92" CONTENT="för"/><SP WIDTH="28" VPOS="2197" HPOS="1673"/>
							<String ID="string_424" HPOS="1701" VPOS="2197" WIDTH="103" HEIGHT="34" WC="0.91" CONTENT="afdel-"/>
						</TextLine>
					</TextBlock>
					<TextBlock ID="block_5" HPOS="295" VPOS="2252" WIDTH="1427" HEIGHT="42">
						<TextLine ID="line_41" HPOS="295" VPOS="2252" WIDTH="1427" HEIGHT="42">
							<String ID="string_425" HPOS="295" VPOS="2255" WIDTH="71" HEIGHT="33" WC="0.73" CONTENT="Bih,"/><SP WIDTH="26" VPOS="2255" HPOS="366"/>
							<String ID="string_426" HPOS="392" VPOS="2255" WIDTH="51" HEIGHT="31" WC="0.89" CONTENT="till"/><SP WIDTH="23" VPOS="2255" HPOS="443"/>
							<String ID="string_427" HPOS="466" VPOS="2254" WIDTH="115" HEIGHT="34" WC="0.47" CONTENT="Riksd."/><SP WIDTH="24" VPOS="2254" HPOS="581"/>
							<String ID="string_428" HPOS="605" VPOS="2254" WIDTH="88" HEIGHT="32" WC="0.88" CONTENT="Prot."/><SP WIDTH="25" VPOS="2254" HPOS="693"/>
							<String ID="string_429" HPOS="718" VPOS="2255" WIDTH="90" HEIGHT="30" WC="0.92" CONTENT="1894."/><SP WIDTH="45" VPOS="2255" HPOS="808"/>
							<String ID="string_430" HPOS="853" VPOS="2256" WIDTH="20" HEIGHT="28" WC="0.93" CONTENT="4"/><SP WIDTH="23" VPOS="2256" HPOS="873"/>
							<String ID="string_431" HPOS="896" VPOS="2253" WIDTH="101" HEIGHT="34" WC="0.42" CONTENT="Saml,"/><SP WIDTH="43" VPOS="2253" HPOS="997"/>
							<String ID="string_432" HPOS="1040" VPOS="2256" WIDTH="17" HEIGHT="28" WC="0.93" CONTENT="1"/><SP WIDTH="25" VPOS="2256" HPOS="1057"/>
							<String ID="string_433" HPOS="1082" VPOS="2252" WIDTH="79" HEIGHT="41" WC="0.87" CONTENT="Afd."/><SP WIDTH="45" VPOS="2252" HPOS="1161"/>
							<String ID="string_434" HPOS="1206" VPOS="2254" WIDTH="20" HEIGHT="28" WC="0.91" CONTENT="8"/><SP WIDTH="21" VPOS="2254" HPOS="1226"/>
							<String ID="string_435" HPOS="1247" VPOS="2263" WIDTH="21" HEIGHT="20" WC="0.91" CONTENT="a"/><SP WIDTH="22" VPOS="2263" HPOS="1268"/>
							<String ID="string_436" HPOS="1290" VPOS="2252" WIDTH="97" HEIGHT="42" WC="0.91" CONTENT="Häft."/><SP WIDTH="318" VPOS="2252" HPOS="1387"/>
							<String ID="string_437" HPOS="1705" VPOS="2256" WIDTH="17" HEIGHT="27" WC="0.96" CONTENT="3"/>
						</TextLine>
					</TextBlock>
				</ComposedBlock>
			</PrintSpace>
		</Page>
	</Layout>
</alto>
