2200 2636
740 147 255 28 Bankoutskottets
1019 147 151 28 utlåtande
1194 147 46 28 Nr
1264 148 49 29 18.
1726 146 53 31 171

229 224 151 35 täcktes
421 224 138 35 föreslå
600 225 219 46 Biksdagen
861 225 205 46 medgifva,
1110 228 59 32 att
1211 226 248 34 Nordendahl
1492 228 122 32 måtte
1642 226 86 34 från
1757 225 71 36 och

229 276 88 34 med
344 276 189 35 månaden
562 279 86 32 näst
677 276 97 36 efter
802 277 84 44 den,
917 277 49 34 då
994 277 143 35 hennes
1166 277 237 43 anställning
1431 280 122 32 såsom
1575 276 252 36 skrifbiträde

229 327 70 35 hos
336 327 184 46 styrelsen
549 327 129 35 kunde
707 328 156 35 komma
891 331 60 32 att
979 329 188 45 upphöra,
1198 329 123 35 under
1348 329 57 34 sin
1434 329 244 35 återstående
1706 328 120 36 lifstid

230 383 22 29 å
281 379 193 35 allmänna
515 379 382 46 indragningsstaten
939 381 175 45 uppbära
1151 380 158 46 pension
1339 380 83 34 med
1458 382 107 42 1,000
1594 380 148 34 kronor
1769 380 59 34 för

230 432 42 32 är
300 430 178 35 räknadt.

359 481 289 35 Statskontoret
689 482 71 34 har
801 483 73 34 den
919 485 44 32 10
1008 483 166 34 oktober
1213 485 95 32 1910
1339 482 152 45 afgifvit
1519 482 219 35 infordradt
1766 486 61 31 ut-

229 532 156 35 låtande
412 532 13 34 i
454 536 129 31 ämnet
625 533 71 34 och
739 533 145 44 därvid,
928 534 121 34 under
1082 534 243 45 åberopande
1355 533 40 35 af
1422 532 252 36 omförmälda
1701 533 126 35 beslut

230 583 198 45 angående
469 583 204 46 pensioner
714 586 41 33 åt
795 586 67 32 två
904 584 119 35 andra
1064 585 70 34 hos
1162 585 172 34 centrala
1362 584 244 36 ämbetsverk
1635 584 192 35 anställda

229 633 288 45 skrifbiträden,
547 634 193 46 tillstyrkt
767 635 104 35 bifall
903 635 61 35 till
994 636 345 45 domänstyrelsens
1368 636 263 35 hemställan.»

358 737 51 34 På
449 737 125 45 grund
603 737 42 35 af
668 738 103 34 hvad
799 738 12 34 i
840 739 159 34 ärendet
1027 738 161 35 sålunda
1217 738 129 35 blifvit
1366 738 167 46 anfördt,
1553 738 59 35 får
1631 738 195 36 utskottet

228 788 214 46 hemställa,

758 894 61 33 att
861 893 220 45 Riksdagen
1121 895 63 32 må
1217 892 204 46 medgifva,
1452 895 59 33 att
1553 892 273 35 skrifbiträdet

628 943 199 35 Elisabeth
868 943 234 35 Vilhelmina
1136 943 246 35 Nordendahl
1424 946 63 32 må
1526 943 86 35 från
1643 944 73 35 och
1739 944 88 35 med

627 995 190 34 månaden
844 998 89 32 näst
960 994 98 36 efter
1086 996 84 42 den,
1201 996 48 34 då
1276 996 142 34 hennes
1447 995 236 47 anställning
1702 998 124 32 såsom

627 1045 251 36 skrifbiträde
897 1047 70 35 hos
994 1047 330 46 domänstyrelsen
1351 1047 79 35 kan
1457 1047 156 35 komma
1642 1051 60 31 att
1730 1059 95 34 upp-

627 1097 107 46 höra,
769 1098 122 35 under
918 1098 58 35 sin
1005 1099 243 35 återstående
1274 1098 121 36 lifstid
1415 1101 21 32 å
1456 1099 195 35 allmänna
1670 1099 155 45 indrag-

626 1149 243 47 ningsstaten
897 1150 178 46 uppbära
1117 1162 46 23 en
1205 1150 99 46 årlig
1340 1150 159 46 pension
1528 1150 61 35 till
1616 1151 143 46 belopp
1788 1150 42 35 af

629 1204 152 32 ettusen
807 1202 157 35 kronor.

333 1302 99 44 58:0)
485 1304 65 35 Uti
592 1304 129 46 punkt
764 1307 45 32 29
844 1305 123 35 under
994 1305 132 35 tionde
1154 1304 263 36 hufvudtiteln
1445 1305 71 35 har
1543 1305 140 46 Kungl.
1714 1305 111 46 Maj:t
1888 1303 131 57 MN

227 1354 201 47 föreslagit
456 1355 220 46 Riksdagen
708 1356 205 46 medgifva,
943 1359 60 33 att
1044 1368 257 23 amanuensen
1341 1356 161 36 friherre
1538 1356 117 36 Johan
1694 1356 135 47 Gustaf
1865 1345 161 50 amanuensen

230 1405 247 47 Bidderstolpe
503 1409 62 33 må
593 1406 85 35 från
707 1407 73 35 och
808 1408 87 34 med
923 1408 189 35 månaden
1140 1411 87 32 näst
1256 1408 97 35 efter
1381 1408 83 45 den,
1500 1408 220 35 hvarunder
1747 1408 78 36 han
1843 1407 112 58 free
1955 1403 97 71 döge

227 1457 214 47 entledigas
469 1457 85 36 från
582 1458 57 35 sin
659 1459 238 46 anställning
915 1459 70 36 hos
1004 1460 339 46 domänstyrelsen,
1365 1460 121 35 under
1505 1460 58 35 sin
1583 1461 242 34 återstående
1903 1476 94 47 [29]
2021 1459 13 5 |

225 1509 121 35 lifstid
374 1513 22 32 å
425 1509 194 36 allmänna
646 1510 383 47 indragningsstaten
1058 1512 176 46 uppbära
1262 1524 46 23 en
1337 1512 99 47 årlig
1462 1512 161 46 pension
1652 1511 42 36 af
1713 1515 111 42 2,000

225 1561 158 36 kronor.

355 1611 72 37 Det
467 1612 119 36 under
626 1613 315 49 nästföregående
982 1614 165 48 punkter
1181 1614 209 49 åberopade
1419 1615 408 48 statsrådsprotokollet

226 1663 208 36 innehåller
453 1664 195 48 angående
668 1664 103 36 detta
790 1665 138 36 ärende
952 1665 167 48 följande
1137 1666 178 48 yttrande
1335 1666 40 35 af
1393 1665 431 49 departementschefen:

357 1714 38 36 »I
423 1728 46 23 en
498 1714 56 36 till
583 1715 119 37 Eders
731 1715 142 50 Kungl.
903 1716 108 49 Maj:t
1039 1717 174 48 ingifven
1241 1717 111 36 skrift
1380 1717 67 36 har
1476 1730 257 24 amanuensen
1757 1718 69 36 hos

225 1766 329 48 domänstyrelsen
591 1767 159 36 friherre
781 1767 127 37 Johan
937 1768 142 37 Gustaf
1103 1768 276 50 Ridderstolpe,
1409 1769 119 36 under
1554 1769 186 36 förmälan
1771 1775 55 31 att

225 1818 75 35 han
327 1818 12 35 i
367 1822 90 31 nära
486 1819 48 35 30
563 1821 40 33 år
631 1819 223 48 tjänstgjort
881 1820 65 36 vid
974 1825 145 31 statens
1147 1821 252 45 ämbetsverk,
1429 1820 155 36 anhållit
1612 1826 55 30 att
1691 1821 63 36 vid
1775 1835 50 22 nu

225 1869 118 49 fyllda
386 1872 46 34 70
465 1872 52 45 år,
551 1870 70 36 och
654 1870 47 36 då
729 1870 75 37 han
832 1873 90 35 vore
951 1871 12 36 i
991 1872 144 36 saknad
1165 1872 41 36 af
1230 1872 117 36 andra
1376 1872 120 36 medel
1524 1872 58 36 till
1609 1872 215 49 uppehälle,

223 1921 119 36 blifva
370 1921 270 48 ihågkommen
669 1922 86 36 med
784 1922 160 49 pension
973 1924 86 35 från
1087 1924 70 36 och
1186 1924 86 36 med
1302 1924 70 36 den
1405 1927 17 33 1
1448 1924 152 48 januari
1632 1926 111 45 1912,
1763 1939 61 22 om

224 1973 150 48 möjligt
415 1973 57 36 till
512 1973 76 36 lika
625 1974 139 49 belopp
800 1988 82 23 som
925 1975 73 36 den
1028 1975 179 48 aflöning,
1236 1976 75 36 han
1339 1989 49 23 nu
1418 1976 144 48 åtnjöte
1592 1976 90 36 eller
1711 1978 112 45 2,700

224 2025 139 35 kronor
391 2024 156 49 årligen.

353 2076 72 36 Vid
454 2078 55 34 sin
541 2077 112 36 skrift
680 2077 70 36 har
779 2078 194 36 sökanden
1004 2079 107 48 fogat
1139 2079 81 36 dels
1247 2078 178 50 behörigt
1455 2079 218 50 frejdbetyg
1692 2080 135 36 hvaraf

224 2129 177 46 framgår,
432 2134 53 30 att
514 2128 194 37 sökanden
737 2134 40 31 är
805 2129 90 37 född
924 2130 72 36 den
1029 2132 45 34 12
1103 2130 165 37 februari
1300 2132 109 46 1840,
1439 2130 78 37 dels
1546 2136 53 31 ett
1627 2132 140 48 utdrag
1786 2133 41 34 at

223 2179 328 49 kammarkollegii
580 2180 190 49 protokoll
799 2181 71 36 den
900 2182 21 35 6
951 2181 73 49 maj
1059 2183 110 41 1881,
1198 2182 199 37 utvisande
1425 2188 53 30 att
1506 2182 206 46 sökanden,
1742 2196 79 23 som

223 2231 73 37 den
325 2233 47 34 26
397 2231 151 48 januari
579 2233 98 35 1860
706 2232 118 49 aflagt
852 2246 157 24 examen
1038 2233 55 36 till
1122 2234 117 36 rikets
1268 2234 188 36 kammar-
1481 2234 69 37 och
1570 2235 252 49 räkenskaps-
