2202 2638
730 149 255 29 Bankoutskottets
1010 151 149 28 utläitande
1182 151 46 28 Nr
1256 152 45 29 18.
1730 152 40 30 49

349 222 247 39 Direktionen
638 225 68 36 har
741 226 105 48 gjort
875 227 280 50 framställning
1183 241 60 24 om
1273 229 205 36 anvisande
1508 229 41 36 af
1574 230 73 35 500
1677 230 138 37 kronor

221 273 55 35 till
318 273 240 39 bestridande
601 276 41 36 af
679 279 500 47 organisationskostnader;
1228 280 69 37 och
1340 281 106 35 torde
1488 281 98 36 hvad
1628 282 10 35 i
1680 282 134 36 sådant

222 325 174 37 afseende
425 326 71 37 kan
528 329 115 36 varda
670 329 244 49 erforderligt
943 331 138 48 kunna,
1110 334 48 46 på
1187 337 74 31 sätt
1290 345 81 23 som
1401 333 119 48 enligt
1540 333 132 47 nådigt
1692 334 122 35 beslut

221 376 72 37 den
336 379 47 34 28
422 378 83 48 juni
550 382 95 34 1907
683 386 67 43 ägt
777 395 82 22 rum
891 382 234 37 beträffande
1155 384 127 47 dylika
1311 384 203 36 kostnader
1542 384 62 36 vid
1635 384 178 49 folkhög-

221 428 251 37 skollärarnas
514 431 222 48 anslutning
767 433 56 35 till
852 433 335 37 döfstumlärarnas
1216 435 332 48 pensionsanstalt,
1580 437 151 35 anvisas
1761 442 51 30 att

220 482 91 44 utgå
338 480 41 35 af
403 481 46 36 de
477 482 57 35 till
564 483 186 36 anstalten
779 483 210 50 inflytande
1017 486 239 47 afgifterna.»

375 583 126 36 Sedan
517 585 191 48 åtskilliga
724 588 40 33 år
779 586 156 37 tillbaka
951 587 67 36 har
1029 592 123 31 staten
1165 594 123 31 ansett
1300 589 60 48 sig
1371 589 91 36 böra
1475 590 124 35 lämna
1612 589 134 49 bidrag
1758 590 54 36 till

221 634 444 49 nppfostringsanstalter
706 637 59 36 för
797 638 211 37 sinnesslöa
1043 638 89 37 barn
1162 640 70 36 och
1260 640 213 36 arbetshem
1503 640 57 37 för
1588 641 222 37 sinnesslöa.

220 684 128 37 Under
374 686 226 37 riksstatens
628 689 154 36 åttonde
811 689 227 38 hufvudtitel
1068 691 118 37 finnes
1205 692 191 48 nämligen
1426 693 64 35 allt
1518 693 115 36 sedan
1653 696 39 33 år
1716 695 96 34 1885

223 737 178 48 uppfördt
416 743 54 31 ett
487 738 300 51 förslagsanslag
802 741 55 35 till
868 742 444 49 uppfostringsanstalter
1323 745 58 35 för
1393 743 206 38 sinnesslöa
1611 745 106 48 barn,
1730 746 81 35 från

220 787 141 38 hvilket
389 789 136 50 bidrag
549 791 119 49 enligt
687 792 101 36 vissa
807 793 170 47 grunder
996 797 93 45 utgå
1108 795 55 35 till
1183 795 42 36 af
1240 795 207 48 landsting,
1468 796 344 50 stadsfullmäktige

219 839 90 37 eller
350 841 172 36 enskilda
561 843 188 36 inrättade
781 845 140 36 sådana
950 846 180 36 anstalter
1158 846 71 36 och
1258 847 216 36 arbetshem
1504 848 58 35 för
1591 847 219 38 sinnesslöa.

219 891 199 37 Likaledes
438 892 118 37 finnes
577 894 118 36 under
714 895 225 37 riksstatens
960 897 110 47 sjätte
1089 897 228 37 hufvudtitel
1336 898 182 49 uppfördt
1539 905 54 30 ett
1610 900 133 48 anslag
1757 901 56 35 till

218 943 205 36 understöd
458 947 37 33 åt
528 945 181 37 anstalter
743 946 59 37 för
830 947 192 37 obildbara
1050 948 220 37 sinnesslöa.
1328 949 152 37 Samma
1508 951 92 48 skäl,
1630 964 80 23 som
1740 952 72 36 för-

219 994 124 36 anledt
381 1001 124 31 staten
547 1002 54 31 att
641 998 203 37 medverka
886 999 56 36 till
983 1000 291 49 uppehållandet
1317 1002 41 35 af
1382 1002 72 36 alla
1483 1002 107 37 dessa
1620 1004 191 46 anstalter,

219 1045 106 37 torde
367 1047 208 38 emellertid
617 1049 75 36 tala
734 1049 69 49 för,
847 1056 53 31 att
929 1051 73 37 den
1031 1052 63 36 vid
1123 1052 84 37 dem
1237 1053 185 37 anställda
1450 1054 321 49 lärarpersonalen
1800 1056 11 35 i

218 1097 116 37 likhet
359 1099 84 37 med
472 1100 147 36 lärarna
645 1101 64 37 vid
738 1101 301 39 döfstumskolor
1065 1117 138 35 genom
1234 1111 143 31 statens
1405 1106 228 36 medverkan
1653 1107 160 37 erhåller

219 1162 45 23 en
292 1150 144 37 ordnad
465 1153 272 49 pensionering
765 1154 70 36 och
864 1154 220 50 därigenom
1114 1170 46 23 en
1190 1157 184 49 trygghet
1402 1158 59 36 för
1489 1163 55 31 att
1571 1159 65 36 vid
1664 1172 46 23 en
1745 1160 66 45 tid,

219 1201 46 36 då
293 1202 102 37 ålder
423 1203 70 36 och
522 1204 227 50 försvagade
777 1206 285 49 kroppskrafter
1087 1208 116 49 lägga
1231 1209 134 37 hinder
1392 1210 11 35 i
1432 1215 124 42 vägen
1584 1211 57 35 för
1661 1211 151 36 fortsatt

218 1253 129 48 tjänst,
376 1254 82 37 icke
487 1258 58 33 stå
573 1256 239 37 ekonomiskt
840 1258 245 37 blottställda.
1128 1260 73 36 Det
1228 1261 147 49 förslag
1399 1262 54 35 till
1474 1263 152 47 frågans
1646 1263 164 49 lösning,

218 1317 79 23 som
338 1306 132 36 väckts
513 1307 41 36 af
590 1308 288 38 kommitterade
919 1310 64 36 vid
1013 1310 62 37 det
1102 1312 119 49 tredje
1250 1317 117 31 mötet
1396 1313 58 35 för
1483 1313 328 38 sinnesslövården

218 1356 69 36 och
323 1369 80 24 som
433 1358 10 35 i
473 1358 65 36 allt
565 1360 206 48 väsentligt
799 1362 136 36 vunnit
963 1363 336 48 myndigheternas
1328 1365 177 48 gillande,
1534 1365 194 49 nämligen
1757 1373 55 30 att

216 1407 290 49 ifrågavarande
563 1412 180 36 anstalter
798 1413 120 36 skulle
960 1414 137 36 erhålla
1147 1415 232 48 delaktighet
1424 1417 12 35 i
1478 1417 333 38 döfstumlärarnas

217 1460 334 49 pensionsanstalt,
593 1463 120 37 finner
753 1464 113 37 äfven
902 1465 73 49 jag
1014 1466 106 36 klokt
1157 1466 71 37 och
1261 1467 219 38 tilltalande.
1536 1467 131 38 Såsom
1696 1470 116 36 redan

217 1511 100 37 förut
359 1513 220 38 framhållits
620 1515 70 36 har
723 1516 115 36 sådan
872 1517 238 49 delaktighet
1143 1521 40 34 år
1214 1520 96 35 1907
1341 1520 218 49 medgifvits
1587 1521 225 50 lärarperso-

216 1563 110 37 nalen
367 1565 64 36 vid
473 1579 46 23 en
559 1567 83 36 med
685 1567 109 38 dessa
836 1569 184 37 anstalter
1048 1570 264 37 närbesläktad
1341 1572 150 47 anstalt,
1521 1573 289 37 skolhemmet
1788 1559 24 64 i

216 1615 242 51 Vänersborg
485 1618 59 36 för
572 1618 127 37 blinda
727 1620 240 37 döfstumma.
1023 1621 134 38 Därest
1190 1622 238 49 delaktighet
1447 1623 12 36 i
1478 1624 333 39 döfstumlärarnas

217 1668 320 48 pensionsanstalt
565 1670 154 38 beredes
749 1672 108 36 dessa
886 1673 380 49 sinnesslöanstalter,
1301 1688 113 36 synas
1448 1676 57 47 de,
1527 1680 124 33 såsom
1667 1678 143 48 jämväl

216 1719 315 50 myndigheterna
574 1729 133 41 ansett,
751 1724 91 37 böra
883 1725 120 36 under
1036 1726 196 36 enahanda
1259 1727 146 47 villkor,
1435 1741 78 23 som
1544 1729 182 37 bestämts
1755 1730 56 36 för

216 1770 355 51 döfstumskolorna,
586 1774 57 36 för
658 1775 58 36 sin
731 1775 275 50 lärarpersonal
1021 1777 38 36 få
1074 1777 234 49 delaktighet
1322 1779 12 35 i
1351 1779 330 38 folkskollärarnas
1697 1781 113 37 änke-

216 1822 67 36 och
312 1823 244 50 pupillkassa,
586 1826 117 36 ehuru
733 1827 103 37 detta
863 1828 83 37 icke
974 1829 255 50 uttryckligen
1258 1830 12 36 i
1299 1830 264 50 ansökningen
1592 1832 164 49 begärts.

344 1875 95 37 Lika
473 1877 85 36 med
591 1878 274 38 statskontoret
894 1893 115 24 anser
1032 1881 70 49 jag
1130 1881 208 49 obehöfligt
1367 1888 54 31 att
1450 1884 172 37 meddela
1649 1886 161 36 särskild

217 1926 194 37 föreskrift
440 1940 62 24 om
529 1929 100 37 hvad
658 1930 86 37 med
771 1931 86 37 fullt
885 1932 162 48 tjänstår
1076 1933 94 36 skall
1198 1934 151 37 förstås.

343 1979 16 36 I
401 1980 110 49 fråga
545 1995 59 23 om
637 1982 186 37 villkoren
852 1984 71 36 och
950 1984 334 38 bestämmelserna
1313 1986 58 37 för
1400 1987 301 50 delaktighetens
1730 1990 80 37 vin-

214 2030 123 37 nande
367 2032 166 37 ansluter
556 2034 69 48 jag
653 2035 80 47 mig
760 2038 48 45 på
832 2035 46 37 de
896 2037 179 48 grunder,
1097 2037 235 37 direktionen
1353 2039 106 36 öfver
1478 2040 332 40 folkskollärarnas

213 2083 395 51 pensionsinrättning
651 2087 136 47 anfört,
821 2088 56 35 till
905 2088 102 36 hvad
1036 2089 235 37 direktionen
1299 2091 12 34 i
1340 2090 101 37 detta
1471 2092 213 38 hänseende
1713 2094 97 37 före-

215 2134 123 48 slagit.
403 2135 78 49 Jag
512 2137 65 36 vill
604 2137 12 36 i
644 2138 105 36 detta
776 2140 278 49 sammanhang
1081 2140 134 48 erinra,
1246 2148 54 30 att
1328 2142 45 37 de
1402 2142 218 51 föreslagna
1648 2146 162 36 bestäm-

215 2187 183 36 melserna
440 2189 238 49 väsentligen
713 2195 189 33 motsvara
937 2192 96 48 dem,
1063 2206 78 23 som
1170 2206 139 35 genom
1338 2194 117 50 nådig
1483 2196 228 49 kungörelse
1739 2198 71 37 den

303 2298 126 44 Bihang
452 2300 49 32 till
529 2301 106 33 Riksd.
656 2306 86 38 prot.
770 2304 92 31 1911.
910 2306 21 30 6
954 2304 97 33 Saml.
1102 2307 15 30 1
1145 2306 76 40 Afd.
1269 2307 41 31 13
1334 2307 93 41 Häft.
1748 2311 17 32 7

1832 598 204 32 Departements-

1892 634 98 30 chefen.
