2218 2642
773 176 255 30 Bankoutskoltets
1052 180 152 28 utlatande
1227 181 46 28 Nr
1301 183 46 27 18.
1777 187 34 30 11

261 249 167 44 tagande
470 250 11 34 i
523 251 234 48 tillämpliga
797 255 107 35 delar
946 256 43 35 af
1025 256 292 39 föreskrifterna
1346 261 11 34 i
1386 262 255 46 reglementet
1668 265 60 35 för
1755 266 99 35 folk-

260 299 258 38 skollärarnas
546 303 117 35 änke-
693 305 71 35 och
792 307 250 46 pupillkassa,
1072 309 147 36 erhålla
1247 311 243 48 delaktighet
1518 314 9 35 i
1556 317 167 35 nämnda
1743 317 111 36 kassa

258 352 86 34 med
379 352 65 36 det
472 353 139 47 högsta
638 355 242 48 lönebelopp,
908 358 140 36 hvaraf
1072 360 76 35 han
1177 365 50 42 på
1254 364 126 44 grund
1410 364 41 35 af
1475 365 230 45 tjänstålder
1733 369 121 46 enligt

257 403 179 44 gällande
465 405 233 48 författning
725 413 93 40 äger
845 412 60 33 att
933 410 156 37 komma
1117 413 12 34 i
1159 412 241 47 åtnjutande,

383 454 74 37 dels
483 456 240 47 föreskrifva,

386 509 60 32 att
473 507 338 48 pensionsafgifter
838 510 60 36 för
926 512 107 35 dessa
1061 513 165 45 tjänster
1253 516 109 35 skola
1391 517 41 35 af
1448 518 45 34 de
1512 518 61 35 för
1591 519 132 47 hvarje
1743 522 109 34 semi-

256 556 151 35 narium
436 558 181 35 anvisade
645 560 134 46 anslag
806 573 138 34 genom
973 563 309 39 föreståndarens
1301 567 150 48 försorg
1471 569 12 35 i
1503 569 244 49 vederbörlig
1766 574 84 34 ord-

255 607 94 46 ning
390 608 189 36 inbetalas
620 610 62 35 till
723 613 459 50 pensionsinrättningen,
1224 619 88 34 med
1354 623 81 32 rätt
1472 620 61 35 för
1560 621 291 38 föreståndaren

255 661 138 43 uttaga
422 660 169 36 lärarens
619 661 159 47 afgifter
803 676 141 34 genom
973 666 136 47 afdrag
1137 671 22 32 å
1187 668 95 37 hans
1310 670 186 48 aflöning;

385 713 60 33 att
473 713 247 36 examinerad
748 714 307 50 folkskollärare,
1085 731 81 24 som
1195 720 97 36 efter
1311 722 263 48 vederbörligt
1592 724 259 38 förordnande

253 761 168 36 bestridt
461 762 93 37 eller
594 764 228 38 hädanefter
849 767 177 38 kommer
1054 773 60 33 att
1141 772 170 36 bestrida
1339 773 239 47 lärartjänst,
1608 776 161 36 hvarom
1797 791 53 22 nu

253 818 43 29 är
330 812 121 47 fråga,
481 818 63 31 må
572 815 60 36 för
660 817 229 46 åtnjutande
918 820 42 35 af
982 822 161 45 pension
1170 823 85 36 från
1283 824 345 38 folkskollärarnas
1656 829 194 45 Pensions-

251 864 219 48 inrättning
510 867 123 35 räkna
674 868 87 36 hela
802 871 73 34 den
916 872 69 45 tid,
1029 873 76 35 han
1147 874 227 48 tjänstgjort
1407 878 13 33 i
1449 879 167 34 nämnda
1643 881 205 46 egenskap,

252 918 122 32 såsom
405 917 191 36 ordinarie
625 918 181 48 tjänstår;

381 971 59 32 att
467 970 88 34 med
583 970 178 37 afseende
789 975 50 43 på
868 973 221 47 skyldighet
1118 977 72 35 och
1218 979 192 46 rättighet
1439 982 59 33 att
1517 981 91 46 ingå
1628 985 122 33 såsom
1771 984 78 35 del-

251 1023 115 41 ägare
396 1019 13 35 i
437 1019 342 39 folkskollärarnas
808 1024 114 36 änke-
952 1026 71 35 och
1052 1028 238 46 pupillkassa
1318 1030 99 36 skall
1445 1032 113 46 gälla,
1585 1033 101 36 hvad
1707 1046 80 23 som
1807 1041 43 30 är

249 1069 245 38 föreskrifvet
523 1075 198 44 angående
750 1074 311 49 folkskollärare;

379 1125 61 34 att
479 1125 389 48 pensionsafgifterna
900 1129 61 35 till
989 1132 168 35 nämnda
1185 1133 112 35 kassa
1325 1134 148 47 årligen
1502 1136 110 36 skola
1640 1137 105 36 inom
1774 1139 73 34 den

248 1173 12 34 i
288 1175 256 45 reglementet
571 1176 61 36 för
659 1177 140 37 kassan
827 1179 230 38 föreskrifna
1085 1183 59 36 tid
1174 1184 41 35 af
1238 1186 238 37 seminariets
1505 1187 265 38 föreståndare
1788 1190 58 35 in-

248 1225 136 35 sändas
412 1226 61 36 till
502 1228 262 47 direktionen;
794 1235 99 32 samt

377 1280 60 33 att
478 1279 65 35 det
586 1280 100 35 skall
719 1282 127 46 åligga
875 1283 292 39 föreståndaren
1195 1291 59 32 att
1281 1288 241 38 beträffande
1549 1290 297 48 ifrågavarande

246 1327 165 46 tjänster
439 1329 71 36 och
538 1331 111 36 deras
668 1332 248 38 innehafvare
941 1336 129 36 lämna
1089 1338 245 37 direktionen
1354 1340 252 48 erforderliga
1627 1344 218 45 uppgifter
1827 1336 22 57 ;

374 1380 75 36 dels
490 1382 61 35 ock
592 1383 76 35 öka
711 1385 66 35 det
813 1387 122 35 under
968 1388 231 37 riksstatens
1227 1391 132 35 tionde
1387 1392 238 37 hufvudtitel
1653 1395 192 46 uppförda

245 1431 175 46 anslaget
452 1433 164 48 »Bidrag
643 1435 62 35 till
729 1436 313 39 folkskollärares
1062 1442 292 48 pensionering»
1379 1445 87 34 med
1487 1447 73 34 800
1581 1446 146 36 kronor
1746 1450 99 33 samt

243 1482 67 36 det
349 1484 122 35 under
499 1497 145 24 samma
672 1487 236 38 hufvudtitel
936 1491 193 47 uppförda
1158 1494 173 46 anslaget
1365 1492 18 57 >»
1386 1496 143 47 Bidrag
1564 1498 62 35 till
1658 1498 185 37 folkskol-

243 1533 173 38 lärarnas
445 1537 115 35 änke-
590 1538 73 36 och
691 1540 259 46 pupillkassa>
983 1544 88 35 med
1101 1547 72 34 200
1203 1546 155 36 kronor.

373 1586 72 36 Till
474 1587 62 36 det
564 1588 12 35 i
604 1590 155 36 ärendet
787 1591 210 50 åberopade
1026 1596 414 49 statsrådsprotokollet
1464 1599 106 37 öfver
1590 1601 253 36 ecklesiastik-

243 1637 163 37 ärenden
444 1638 71 37 den
545 1642 47 34 23
623 1640 196 39 december
849 1645 97 36 1910
974 1646 68 36 har
1069 1646 415 50 departementschefen
1511 1657 120 42 yttrat
1660 1652 179 49 följande:

374 1688 148 38 »Sedan
554 1693 95 35 1897
681 1696 60 34 års
768 1693 184 51 Riksdag,
982 1698 86 36 med
1096 1698 106 37 bifall
1230 1700 55 36 till
1306 1700 131 37 därom
1457 1702 113 49 gjord
1591 1703 119 49 nådig
1728 1704 113 36 fram-

242 1740 193 49 ställning,
478 1742 60 36 för
577 1746 299 45 genomförande
917 1748 42 35 af
993 1750 271 49 pensionering
1305 1752 42 36 af
1379 1752 123 38 lärare
1530 1754 72 36 och
1630 1755 210 38 lärarinnor

241 1791 62 36 vid
345 1792 124 37 finska
510 1795 406 40 småskoleseminariet
956 1800 12 36 i
1006 1801 227 49 Haparanda
1262 1804 70 35 och
1361 1804 63 37 det
1452 1805 47 37 då
1527 1806 11 35 i
1569 1806 268 49 Mattisudden,

242 1856 153 24 numera
435 1845 12 36 i
487 1846 149 47 Murjek
669 1848 174 49 förlagda
884 1850 134 50 lapska
1059 1853 410 40 småskoleseminariet
1497 1857 123 49 enligt
1648 1859 41 36 af
1714 1859 123 36 direk-

240 1894 130 37 tionen
412 1897 107 36 öfver
558 1899 333 39 folkskollärarnas
932 1904 394 51 pensionsinrättning
1368 1908 158 49 angifna
1553 1911 171 47 grunder
1752 1911 84 36 med

238 1945 103 38 vissa
369 1947 137 51 belopp
535 1949 83 50 höjt
646 1952 174 49 anslaget
849 1954 56 36 till
934 1954 311 40 folkskollärares
1264 1959 273 50 pensionering
1557 1962 84 36 från
1661 1962 70 37 och
1751 1963 87 36 med

239 2000 40 33 är
310 2000 110 47 1898,
449 2001 247 38 förordnades
725 2017 139 35 genom
893 2007 183 37 särskilda
1103 2009 140 49 nådiga
1262 2010 87 37 bref
1365 2011 72 37 den
1459 2015 17 33 1
1494 2013 72 48 juli
1590 2015 111 46 1897,
1722 2019 54 31 att
1791 2014 46 37 de

237 2050 64 36 vid
330 2050 286 49 ifrågavarande
636 2055 220 38 seminarier
875 2057 47 37 då
941 2059 71 36 och
1032 2060 200 37 framdeles
1252 2063 187 36 anställda
1459 2065 261 37 examinerade
1740 2066 96 36 folk-

238 2101 207 38 skollärare
474 2104 90 37 eller
591 2106 229 38 -lärarinnor
848 2109 122 37 skulle
998 2111 143 37 erhålla
1168 2112 237 51 delaktighet
1423 2116 56 36 uti
1499 2116 335 38 folkskollärarnas

235 2153 393 53 pensionsinrättning
668 2158 69 36 och
779 2159 332 41 folkskollärarnas
1154 2164 115 37 änke-
1304 2166 70 36 och
1402 2167 243 50 pupillkassa,
1675 2169 157 36 hvarvid

237 2204 61 37 det
341 2205 122 38 skulle
503 2208 203 38 ankomma
733 2213 49 46 på
810 2211 238 40 direktionen
1076 2220 55 31 att
1158 2217 146 48 pröfva,
1334 2218 56 36 till
1418 2219 145 37 hvilket
1590 2220 138 50 belopp
1757 2221 77 36 del-

236 2256 172 50 aktighet
436 2259 121 37 skulle
586 2260 160 50 beviljas
767 2262 58 37 för
853 2264 46 37 de
918 2266 185 37 särskilda
1122 2268 223 48 tjänsterna.
1374 2266 457 60 Delaktighetsbeloppen
