1876 2764
257 169 17 27 2
640 168 251 26 Statsutskottets
916 169 160 26 utlåtande
1099 178 39 17 nr
1160 171 37 25 33
1219 170 36 27 år
1278 171 75 27 1962

259 245 72 29 Den
359 245 323 31 militärhistoriska
710 248 266 30 verksamheten
1005 250 103 28 borde
1137 250 274 30 sammanhållas
1439 252 8 28 i
1477 254 47 27 ett
1552 251 189 30 fristående

260 298 314 31 militärhistoriskt
595 301 139 29 institut
756 301 8 28 i
787 302 105 29 vilket
915 303 237 29 arméstabens
1174 303 164 30 bibliotek
1363 305 111 28 skulle
1497 305 177 29 inordnas.

313 352 78 29 Med
426 353 165 29 skrivelse
626 354 64 29 den
716 354 39 29 20
780 355 195 39 september
1000 356 78 29 1961
1106 357 63 28 har
1204 357 331 30 överbefälhavaren
1568 358 173 30 redovisat

259 405 190 30 resultaten
471 415 40 20 av
531 407 190 29 verkställd
742 408 200 39 ytterligare
965 410 185 38 utredning
1172 411 147 29 rörande
1341 411 66 29 den
1430 412 95 28 inom
1548 411 194 40 krigsmak-

261 461 53 26 ten
334 459 167 29 bedrivna
521 460 287 38 krigshistoriska
828 462 286 30 verksamhetens
1137 464 175 38 uppgifter
1334 465 63 28 och
1420 465 236 38 organisation
1678 465 63 29 och

258 512 120 29 därvid
405 513 188 39 föreslagit,
621 516 50 27 att
698 515 296 29 försvarsstabens
1023 517 285 37 krigshistoriska
1336 518 185 38 avdelning
1548 519 194 39 omorgani-

258 574 93 20 seras
377 566 51 29 till
455 568 47 27 ett
528 567 190 30 fristående
744 568 316 30 militärhistoriskt
1087 570 147 29 institut.

312 620 394 38 Departementschefen
724 621 62 29 har
806 621 117 30 anfört
944 622 165 39 följande.

314 674 83 28 »Det
418 674 38 29 är
475 674 193 38 uppenbart
688 677 49 26 att
756 676 85 28 även
861 676 54 28 för
935 676 65 29 den
1021 677 147 28 svenska
1187 677 259 39 krigsmaktens
1467 679 53 28 del
1539 679 129 30 behövs
1691 682 50 27 ut-

258 726 187 39 redningar
470 727 62 29 och
561 727 133 29 studier
720 728 147 30 rörande
893 729 298 39 militärpolitiska
1217 731 64 28 och
1309 730 431 40 militärorganisatoriska

258 779 245 30 förhållanden
533 784 89 26 samt
651 781 147 29 rörande
828 781 237 39 krigföringen
1098 783 7 28 i
1136 782 169 30 förfluten
1335 784 61 29 tid.
1439 784 126 39 Dylika
1595 785 145 30 militär-

258 832 190 30 historiska
473 833 228 39 utredningar
725 834 63 29 och
814 834 134 30 studier
973 836 168 29 avseende
1167 836 247 39 näraliggande
1441 838 49 29 tid
1517 840 38 28 är
1580 848 41 20 av
1646 839 94 38 bety-

257 885 112 30 dande
399 886 105 30 värde
534 886 54 30 för
617 887 41 29 de
688 887 104 39 högre
822 888 154 29 militära
1007 889 161 29 staberna
1198 890 64 29 och
1294 890 445 39 utbildningsanstalterna.

258 938 48 29 De
324 939 213 30 verkställda
556 940 275 39 utredningarna
850 949 59 31 ger
928 942 105 39 enligt
1053 943 71 28 min
1145 944 140 38 mening
1303 944 122 40 belägg
1444 944 54 30 för
1518 946 50 28 att
1588 945 152 29 fördelar

257 992 148 30 erhålles
428 1002 56 19 om
507 1002 42 20 en
572 993 151 30 särskild
745 994 363 38 organisationsenhet
1131 996 115 30 finnes
1270 997 54 29 för
1348 998 327 30 sammanhållande
1698 1008 42 20 av

257 1045 66 29 den
344 1045 325 31 militärhistoriska
691 1047 277 30 verksamheten.
1001 1049 63 38 Jag
1084 1049 58 29 vill
1166 1049 88 30 dock
1275 1051 113 29 starkt
1410 1051 235 40 understryka
1667 1052 73 29 vik-

258 1100 56 27 ten
336 1108 41 19 av
399 1101 50 27 att
470 1108 42 19 en
535 1099 108 29 sådan
666 1100 101 29 enhet
789 1101 9 28 i
822 1100 112 30 första
956 1101 93 30 hand
1072 1102 130 39 sysslar
1225 1103 78 29 med
1326 1103 118 39 frågor
1468 1113 74 20 som
1565 1105 70 29 kan
1657 1114 82 20 vara

258 1151 50 29 till
337 1154 99 36 nytta
466 1152 55 29 för
549 1153 40 29 de
620 1153 151 29 militära
802 1154 163 29 staberna
995 1155 60 29 och
1088 1155 446 40 utbildningsanstalterna.
1575 1158 165 29 Däremot

257 1205 38 29 är
313 1205 59 39 jag
393 1205 77 29 icke
490 1205 127 30 beredd
640 1206 174 39 tillstyrka
837 1206 194 31 framförda
1055 1209 130 39 förslag
1207 1218 57 20 om
1286 1211 50 28 att
1358 1220 43 19 en
1423 1211 317 39 organisationsen-

257 1257 58 30 het
331 1258 78 29 med
427 1258 70 30 fast
513 1259 151 30 anställd
681 1261 159 37 personal
859 1260 90 30 skall
965 1261 147 30 inrättas
1130 1262 54 30 för
1202 1262 303 31 militärhistorisk
1523 1264 217 40 forsknings-

257 1311 63 29 och
343 1311 391 31 författarverksamhet
759 1314 170 29 avseende
954 1314 232 41 krigsföretag
1211 1325 45 20 m.
1281 1325 45 21 m.
1352 1317 112 29 under
1489 1318 95 29 äldre
1610 1318 129 29 skeden

257 1364 10 28 i
293 1363 155 40 Sveriges
473 1364 63 30 och
563 1365 220 30 främmande
808 1366 141 30 länders
975 1367 155 30 historia.
1167 1369 104 38 Dylik
1296 1370 225 31 verksamhet
1546 1372 62 29 bör
1634 1371 106 38 enligt

257 1417 72 29 min
354 1418 141 39 mening
519 1418 121 29 kunna
665 1419 9 28 i
699 1419 186 29 huvudsak
910 1420 216 39 ombesörjas
1151 1421 57 30 vid
1233 1422 205 31 universitet
1464 1425 65 29 och
1554 1425 187 38 högskolor

258 1473 89 27 samt
368 1480 42 20 av
432 1471 159 29 enskilda
614 1472 158 29 forskare
795 1482 74 20 som
892 1481 124 31 genom
1040 1475 189 38 stipendier
1252 1476 64 29 och
1337 1476 123 40 bidrag
1483 1477 54 30 för
1559 1478 181 30 bestämda

258 1524 383 39 forskningsuppgifter
675 1525 205 30 intresseras
916 1526 55 30 för
1007 1527 321 32 militärhistoriska
1364 1530 183 39 spörsmål.
1583 1532 13 28 I
1630 1531 110 30 likhet

258 1577 77 29 med
358 1577 89 29 flera
470 1577 368 40 remissmyndigheter
862 1579 162 30 förordar
1045 1581 59 39 jag
1128 1581 144 35 således,
1296 1585 51 27 att
1371 1584 66 28 den
1462 1592 96 21 mera
1582 1584 158 29 historie-

257 1630 261 39 vetenskapliga
553 1638 127 32 grenen
718 1641 41 20 av
792 1633 269 29 verksamheten
1096 1635 188 30 framdeles
1324 1637 8 28 i
1371 1636 111 30 första
1519 1638 94 29 hand
1651 1638 88 29 skall

258 1684 140 28 komma
420 1683 51 30 till
493 1683 187 31 utförande
701 1685 44 39 på
766 1694 46 20 nu
835 1686 139 38 angivet
996 1688 77 28 sätt.
1107 1688 211 39 Härigenom
1341 1698 103 30 synes
1468 1691 130 29 kraven
1620 1692 45 39 på
1686 1700 54 20 ve-

259 1736 195 40 tenskaplig
470 1737 154 29 metodik
641 1738 64 29 och
723 1738 227 40 samordning
967 1741 76 29 med
1061 1741 66 29 den
1145 1742 189 30 historiska
1353 1743 229 39 forskningen
1600 1745 10 29 i
1629 1744 111 40 övrigt

256 1790 45 31 bli
326 1788 77 32 bäst
427 1790 262 39 tillgodosedda.

312 1845 64 39 Jag
399 1846 58 29 vill
482 1846 89 39 ånyo
594 1847 116 29 erinra
734 1857 54 19 om
813 1850 49 27 att
887 1848 108 38 enligt
1022 1849 76 28 1961
1127 1849 56 29 års
1208 1850 277 38 riksdagsbeslut
1515 1852 114 38 (prop.
1657 1852 77 31 109)

257 1898 177 39 angående
467 1899 259 39 krigsmaktens
759 1901 121 37 högsta
915 1901 139 39 ledning
1086 1902 196 34 förutsatts,
1315 1905 51 28 att
1400 1904 66 29 den
1500 1904 240 30 militärhisto-

257 1951 93 30 riska
367 1952 270 30 verksamheten
655 1953 186 29 framdeles
860 1955 72 28 inte
951 1955 87 28 skall
1056 1964 82 20 vara
1156 1964 43 20 en
1217 1956 138 39 uppgift
1375 1956 55 30 för
1448 1957 290 30 försvarsstaben.

257 2004 79 29 Som
355 2005 60 39 jag
436 2015 83 29 nyss
540 2005 118 30 anfört
679 2007 62 29 bör
761 2007 194 29 emellertid
976 2008 95 29 inom
1093 2008 241 38 krigsmakten
1357 2010 118 29 finnas
1499 2020 42 20 en
1563 2011 176 39 organisa-

256 2058 198 30 tionsenhet
480 2058 53 30 för
559 2059 324 30 militärhistoriska
909 2061 133 29 studier
1067 2061 65 29 och
1159 2062 237 39 utredningar.
1434 2064 66 29 Det
1526 2074 42 20 av
1595 2064 145 30 militär-

255 2111 190 30 historiska
475 2112 232 39 utredningen
736 2113 63 29 och
827 2113 331 30 överbefälhavaren
1188 2115 196 31 framförda
1414 2117 166 38 förslaget
1609 2120 51 28 att
1688 2118 51 28 in-

256 2165 89 28 rätta
367 2165 48 28 ett
438 2164 190 30 fristående
651 2166 318 30 militärhistoriskt
991 2167 138 30 institut
1152 2178 102 20 anser
1275 2169 59 39 jag
1357 2170 70 39 mig
1450 2170 89 30 dock
1560 2170 72 30 inte
1655 2172 84 29 böra

255 2217 146 30 biträda.
419 2217 243 40 Anledningen
680 2219 116 29 härtill
816 2221 38 28 är
872 2219 128 31 främst
1017 2223 49 27 att
1083 2221 59 39 jag
1160 2222 72 29 inte
1248 2222 165 30 bedömer
1432 2223 41 30 de
1491 2224 55 29 för
1564 2224 67 29 den
1650 2224 88 30 mili-

255 2270 246 30 tärhistoriska
524 2271 268 30 verksamheten
816 2273 151 38 angivna
992 2274 224 39 uppgifterna
1240 2276 169 30 motivera
1434 2279 50 27 att
1509 2286 42 20 en
1576 2277 161 33 särskild,

255 2323 190 30 fristående
472 2324 204 39 myndighet
702 2325 157 34 inrättas,
886 2326 106 30 bland
1018 2330 107 27 annat
1152 2329 78 29 med
1257 2329 138 39 hänsyn
1422 2330 52 29 till
1501 2330 238 30 kostnaderna

256 2376 53 30 för
326 2386 43 20 en
388 2377 151 30 särskild
558 2377 295 31 administration.
883 2379 230 40 Uppgifterna
1132 2381 62 29 bör
1212 2383 10 28 i
1243 2382 115 30 stället
1377 2383 108 38 enligt
1504 2383 73 30 min
1597 2384 141 38 mening

254 2429 138 40 åläggas
418 2430 144 40 lämplig
586 2429 160 40 befintlig
771 2432 214 39 myndighet.

308 2485 48 30 De
378 2486 77 30 skäl
478 2495 74 20 som
576 2486 183 30 framförts
782 2489 71 28 mot
876 2489 51 28 att
950 2487 67 30 den
1040 2488 325 31 militärhistoriska
1386 2490 270 30 verksamheten
1678 2500 59 21 an-
