1908 2810
273 144 17 28 4
645 138 140 42 "Första
805 150 238 35 lagutskottets
1064 151 177 31 utlåtande
1265 152 49 30 Nr
1341 154 50 30 32.

275 232 133 36 hänsyn
426 233 131 35 jämväl
576 233 49 29 till
644 234 43 29 de
705 233 244 31 förhållanden
968 236 110 29 under
1096 236 93 30 vilka
1209 237 153 30 kvinnan
1381 239 38 28 är
1438 238 168 31 hänvisad
1626 243 49 27 att
1694 241 83 35 leva,

275 282 70 31 hon
368 281 75 31 icke
465 283 70 29 kan
557 286 84 27 utan
663 284 157 36 allvarlig
842 284 64 30 och
931 284 150 38 påtaglig
1103 285 77 31 fara
1204 286 56 31 för
1282 287 123 31 hälsan
1430 288 91 31 utstå
1543 290 65 29 den
1632 289 145 36 påfrest-

276 332 89 36 ning,
394 342 74 20 som
496 333 108 31 skulle
631 333 198 31 föranledas
857 344 42 20 av
924 335 284 37 havandeskapet
1235 337 64 29 och
1325 337 255 38 förlossningen
1606 343 90 26 samt
1723 341 56 29 det

277 383 105 34 späda
403 383 139 30 barnets
564 383 93 30 vård.
682 384 117 30 Under
820 385 113 30 denna
955 385 195 31 indikation
1170 386 165 31 hänföras
1358 391 22 26 t.
1403 398 50 20 ex.
1478 389 41 30 de
1541 389 61 30 fall
1626 399 75 20 som
1723 391 54 29 be-

277 433 151 30 tecknats
445 433 114 30 såsom
579 435 200 35 »utsläpade
797 436 171 29 mödrar».
988 436 63 29 Vid
1068 440 74 26 rent
1162 437 128 30 sociala
1308 438 233 30 indikationer
1564 439 216 38 (ekonomisk

276 484 77 34 nöd,
373 482 105 31 social
499 485 127 29 vanära
646 494 29 21 o.
698 484 80 39 dyl.)
805 486 173 35 medgives
998 487 155 30 däremot
1174 487 76 30 icke
1270 488 106 32 abort.
1399 483 127 42 Övriga
1546 490 233 31 indikationer

277 543 72 20 som
374 533 105 37 enligt
505 535 98 35 lagen
628 536 123 29 kunna
776 536 181 30 föranleda
984 537 99 30 abort
1109 538 61 29 äro
1197 538 72 30 dels
1296 539 222 30 humanitära
1545 541 75 29 skäl
1646 558 46 3 —
1717 542 63 29 när

277 584 279 36 havandeskapet
577 586 222 35 uppkommit
818 595 124 27 genom
961 587 155 30 våldtäkt
1139 588 84 29 eller
1241 588 89 31 vissa
1350 590 110 29 andra
1480 590 239 36 kränkningar
1738 601 43 20 av

276 634 170 30 kvinnans
467 635 292 36 handlingsfrihet
781 637 81 29 eller
881 647 43 20 av
947 637 260 37 könsumgänge
1229 640 125 29 mellan
1376 641 86 29 nära
1483 640 201 31 besläktade
1704 651 74 26 per-

277 693 107 28 soner,
401 685 84 30 eller
502 687 63 28 när
581 686 156 31 kvinnan
754 687 57 30 vid
828 687 199 31 hävdandet
1045 688 30 36 ej
1094 688 77 37 fyllt
1192 689 39 29 15
1250 688 38 30 år
1304 690 80 29 eller
1403 700 61 19 var
1482 689 197 38 sinnessjuk
1699 692 81 29 eller

277 734 164 31 sinnesslö
462 752 44 3 —
526 736 64 29 och
611 736 71 30 dels
703 737 163 35 eugenisk
887 737 204 38 indikation,
1113 739 32 29 d.
1167 748 30 19 v.
1220 748 25 20 s.
1266 740 63 29 när
1349 740 79 29 med
1450 740 75 30 skäl
1545 741 70 31 kan
1636 745 143 32 antagas

277 787 47 27 att
343 785 155 30 kvinnan
519 786 80 29 eller
619 787 56 29 det
696 788 148 29 väntade
862 787 140 31 barnets
1023 788 99 30 fader
1140 797 126 28 genom
1286 790 182 36 arvsanlag
1489 790 157 31 kommer
1666 794 50 27 att
1736 791 44 36 på

276 835 238 37 avkomlingar
535 836 158 30 överföra
715 837 291 37 sinnessjukdom,
1031 839 228 30 sinnesslöhet
1281 840 81 29 eller
1383 839 78 31 svår
1484 840 178 37 kroppslig
1684 841 93 36 sjuk-

277 885 88 32 dom.

318 935 63 30 Vid
409 936 117 36 lagens
555 937 166 30 tillkomst
751 937 237 31 diskuterades
1017 938 168 37 ingående
1213 939 123 37 frågan
1363 950 58 20 om
1450 940 260 37 utformningen
1738 951 41 20 av

275 986 96 29 dessa
391 986 241 36 indikationer,
655 988 66 29 och
744 988 67 29 den
831 988 10 29 i
863 989 100 35 lagen
983 989 122 36 gjorda
1128 990 319 35 gränsdragningen
1469 990 122 36 ansågs
1612 991 168 30 innebära

275 1046 40 20 en
340 1038 78 29 med
443 1037 137 36 hänsyn
603 1037 51 30 till
681 1037 154 31 rådande
859 1038 294 37 omständigheter
1178 1040 143 36 lämplig
1347 1040 193 37 avvägning
1566 1040 20 31 å
1612 1040 166 31 området.

275 1085 113 36 Lagen
404 1087 124 30 trädde
545 1087 10 30 i
574 1087 93 30 kraft
686 1088 68 30 den
775 1089 13 28 1
810 1088 138 36 januari
972 1090 92 34 1939,
1086 1090 65 29 och
1172 1090 68 30 den
1258 1090 64 30 har
1341 1089 132 31 således
1493 1091 87 30 varit
1600 1091 10 29 i
1630 1091 148 36 tillämp-

275 1134 81 38 ning
374 1137 121 30 endast
515 1136 102 37 något
636 1139 83 29 över
737 1137 57 31 två
813 1137 47 31 år.
882 1138 79 30 Med
982 1139 136 36 hänsyn
1137 1140 118 29 härtill
1274 1149 101 21 anser
1393 1141 174 35 utskottet,
1588 1144 48 27 att
1656 1140 123 37 frågan

274 1186 57 30 vid
357 1186 90 31 vilka
475 1187 233 31 indikationer
736 1188 349 37 abortframkallning
1111 1189 89 30 skall
1228 1199 83 20 vara
1335 1189 134 31 tillåten
1495 1190 74 30 icke
1597 1191 109 31 redan
1733 1201 46 20 nu

273 1237 63 29 hör
353 1240 170 34 upptagas
541 1238 50 29 till
609 1238 239 37 omprövning.
869 1238 64 31 Det
951 1238 155 31 rådande
1123 1238 164 37 krisläget
1304 1240 63 30 bör
1385 1240 106 36 enligt
1509 1241 183 30 utskottets
1711 1251 67 20 me-

274 1287 81 36 ning
373 1288 76 29 icke
466 1287 179 31 föranleda
664 1298 42 20 en
724 1288 203 37 utvidgning
945 1299 43 20 av
1005 1290 115 35 lagens
1139 1289 260 30 bestämmelser
1416 1299 58 21 om
1492 1290 228 37 medgivande
1738 1301 42 20 av

274 1337 106 37 abort,
405 1340 85 28 utan
514 1338 10 29 i
550 1339 109 29 stället
683 1340 102 34 utgör
808 1339 115 31 krisen
948 1348 44 22 en
1015 1339 187 37 anledning
1226 1342 49 27 att
1298 1340 88 35 ägna
1409 1341 314 35 uppmärksamhet
1746 1340 33 31 åt

276 1388 65 29 den
363 1388 127 30 sociala
512 1388 260 30 omvårdnaden
796 1390 62 28 och
883 1389 76 30 vårt
979 1390 99 29 lands
1100 1389 322 37 befolkningsfråga
1444 1390 10 29 i
1478 1391 75 29 dess
1575 1391 124 30 helhet.
1724 1391 56 30 Ut-

276 1439 122 30 skottet
417 1438 57 30 får
493 1438 119 30 därför
630 1439 193 34 hemställa,

626 1525 50 28 att
707 1524 44 29 de
782 1522 229 31 förevarande
1041 1524 227 35 motionerna,
1302 1524 104 30 I:162
1441 1525 64 29 och
1539 1524 43 30 II:
1598 1526 73 34 212,
1706 1526 74 30 icke

582 1572 106 31 måtte
706 1572 51 31 till
777 1572 114 37 någon
910 1573 202 36 riksdagens
1134 1573 122 36 åtgärd
1276 1574 189 31 föranleda.

322 1657 198 29 Stockholm
545 1657 64 29 den
633 1657 39 29 18
693 1657 89 35 april
809 1657 91 31 1941.

714 1738 49 31 På
787 1739 110 30 första
923 1740 245 35 lagutskottets
1193 1741 143 35 vägnar:

870 1824 36 29 K.
931 1824 242 31 SCHLYTER.

320 1990 53 24 Vid
393 1990 76 24 detta
492 1990 118 24 ärendes
631 1990 175 31 behandling
826 1990 37 24 ha
886 1990 137 24 närvarit:

320 2039 63 25 från
402 2039 137 25 första
558 2040 178 24 kammaren:
757 2040 99 24 herrar
870 2040 139 31 Schlyter,
1028 2040 97 30 Gärde,
1149 2040 166 31 Wagnsson,
1333 2041 145 31 Branting,
1499 2042 130 24 Theodor
1649 2042 132 31 Magnus-

277 2082 77 30 son",
374 2081 116 31 Brandt,
513 2081 165 25 Ekströmer
699 2082 54 24 och
776 2082 92 24 Anton
890 2082 156 30 Svensson;

321 2131 63 25 från
410 2133 126 23 andra
564 2132 179 24 kammaren:
771 2132 98 24 herrar
896 2133 135 24 Hedlund
1057 2133 7 24 i
1091 2129 166 33 Östersund,
1286 2133 157 32 Landgren,
1470 2134 146 31 Lindahl",
1642 2135 102 24 Nilson
1775 2135 6 24 i

278 2173 188 30 Eskilstuna",
503 2174 134 24 Hansson
675 2175 8 23 i
718 2174 155 32 Vännäsby
899 2175 55 24 och
980 2174 163 25 Andersson
1169 2175 7 24 i
1204 2174 134 30 Mölndal,
1366 2175 102 25 fröken
1497 2173 90 34 Öberg
1616 2179 73 22 samt
1717 2178 66 23 herr

278 2215 167 31 Gustafsson
466 2217 8 23 i
483 2209 127 32 Lekåsa.

322 2274 13 14 +
356 2274 33 31 Ej
410 2275 179 24 närvarande
607 2274 47 24 vid
672 2274 174 24 utlåtandets
864 2274 147 32 justering.

494 2437 105 52 417615.
641 2441 176 46 Stockholm,
838 2441 79 42 Isaac
937 2438 113 55 Marcus
1070 2438 378 55 Boktryckeri-Aktiebolag,
1471 2460 73 24 1941.
