2254 2789
554 143 38 31 16
916 145 208 43 Bevillnings-
1138 141 170 51 Utskottets
1320 147 200 33 Betänkande
1546 149 62 31 N:o
1637 149 30 31 9.

500 235 101 26 större
642 230 147 32 säkerhet
832 231 125 32 kunnat
985 231 145 39 bedöma,
1160 244 50 20 om
1242 233 59 32 och
1331 234 47 31 till
1406 234 129 33 hvilken
1563 236 79 42 grad
1674 236 60 32 den
1765 237 125 33 direkta
1918 238 77 32 eller
2022 239 61 31 den

499 282 162 49 indirekta
688 282 248 45 beskattningen
967 284 71 32 bort
1068 285 76 32 eller
1172 285 109 32 behöft
1309 287 124 31 anlitas.

628 334 175 45 Asigterna
843 336 111 32 kunna
982 349 75 19 vara
1086 338 113 31 delade
1228 338 6 30 i
1264 339 151 31 afseende
1444 342 41 40 på
1513 341 173 31 företrädet
1713 342 32 31 af
1774 342 53 32 det
1855 342 126 32 direkta
2008 343 76 32 eller

500 389 31 31 af
572 388 52 31 det
667 388 163 32 indirekta
858 389 332 42 beskattningssättet,
1221 391 40 30 då
1288 391 90 42 fråga
1405 398 35 24 är
1468 404 49 20 om
1547 394 206 42 tillämpning
1781 396 32 30 af
1841 395 53 32 det
1921 407 59 19 ena
2008 396 76 31 eller

498 441 31 31 af
557 440 53 31 det
639 441 102 30 andra
768 442 106 31 under
902 454 37 19 en
970 442 79 42 följd
1079 444 32 29 af
1138 444 44 29 år.
1236 442 53 32 Då
1317 443 96 31 likväl
1453 445 91 42 fråga
1571 452 34 24 är
1633 457 51 19 om
1715 447 144 41 fyllande
1887 448 31 30 af
1944 454 44 25 ett
2016 448 64 31 till-

497 492 103 43 fälligt
640 492 187 41 statsbehof,
870 494 90 32 torde
1005 494 59 31 den
1095 495 125 31 direkta
1250 495 246 44 beskattningen
1527 496 94 33 hafva
1651 505 43 24 ett
1722 498 162 32 bestämdt
1911 500 170 39 företräde,

497 551 77 26 enär
615 545 186 43 derigenom
844 546 160 31 undvikas
1046 546 61 32 alla
1149 548 39 31 de
1229 547 214 43 rubbningar,
1472 561 68 19 som
1570 556 55 26 äro
1654 562 37 20 en
1722 551 191 44 oundviklig
1942 552 80 42 följd
2051 553 31 30 af

498 598 59 32 den
586 597 161 32 indirekta
776 598 267 44 beskattningens
1073 599 213 44 tillämpning.

623 648 64 34 Om
728 650 98 32 likväl
869 652 60 31 den
971 652 161 31 indirekta
1161 652 246 44 beskattningen
1439 656 99 29 måste
1567 655 168 44 tillgripas,
1766 656 91 32 torde
1885 668 37 20 en
1953 656 126 32 tullför-

496 703 132 43 höjning
657 705 18 29 å
701 703 366 44 nödvändighetsvaror,
1098 705 46 31 till
1171 704 108 32 hvilka
1309 705 84 32 kaffe
1421 706 58 31 och
1508 707 114 33 socker
1651 709 70 32 med
1751 709 74 32 fullt
1860 708 69 33 skäl
1971 709 110 32 kunna

496 756 159 38 hänföras,
686 755 80 33 blott
794 757 10 30 i
831 762 135 36 yttersta
994 757 121 31 nödfall
1145 757 77 32 böra
1251 758 123 31 anlitas.

621 808 48 32 På
699 809 107 41 grund
834 809 92 31 häraf
952 810 32 30 få
1011 810 30 30 vi
1072 810 163 31 vördsamt
1263 811 124 37 föreslå,
1417 818 47 23 att
1483 812 187 41 Riksdagen
1693 816 95 28 måtte
1809 823 117 32 antaga
1946 814 38 30 de
2005 814 74 30 tull-

498 866 110 32 satser,
648 871 67 19 som
754 860 113 31 hittills
896 860 83 31 varit
1008 860 168 32 bestämda
1204 862 49 29 för
1282 861 82 31 kaffe
1393 861 59 31 och
1481 863 123 38 socker,
1636 864 69 31 med
1738 864 196 32 förbehållen
1965 865 112 42 rättig-

494 911 51 32 het
586 918 54 33 att,
684 911 100 32 sedan
814 912 61 32 den
906 912 158 42 beviljade
1091 913 335 43 skatteförhöjningen
1459 913 105 33 blifvit
1593 915 97 39 känd,
1720 924 117 36 antaga
1866 917 60 32 den
1958 917 119 41 förhöj-

494 964 76 42 ning
611 965 11 30 i
663 964 98 30 tullen
804 966 17 28 å
862 965 92 30 dessa
983 976 104 27 voror,
1117 977 67 19 som
1214 976 92 20 anses
1336 965 139 43 behöflig
1504 966 48 31 till
1583 968 143 41 fyllande
1755 971 32 30 af
1815 970 61 30 den
1905 968 172 37 statsbrist,

494 1027 67 19 som
590 1015 70 32 icke
688 1015 174 43 lämpligen
892 1019 41 39 på
960 1024 97 23 annat
1086 1023 62 25 sätt
1177 1018 61 30 kan
1269 1017 162 38 betäckas,
1462 1018 60 32 och
1551 1019 130 31 hvarom
1717 1021 359 43 Bevillnings-Utskot-

492 1074 43 25 tet
564 1067 58 32 bör
649 1068 156 31 anmodas
834 1068 126 43 afgifva
988 1069 120 42 förslag
1136 1069 167 42 samtidigt
1330 1071 73 31 med
1432 1071 152 42 förslaget
1613 1083 51 20 om
1694 1072 379 44 bevillningsbeloppet."”

620 1121 54 30 4:0
712 1120 32 31 af
779 1119 86 32 Herr
901 1120 41 30 4.
970 1120 35 31 J.
1045 1119 184 34 Sandstedt:
1287 1121 93 33 "Den
1410 1123 187 43 sorgfälliga
1625 1123 198 45 behandling
1851 1125 31 32 af
1909 1125 166 36 tulltaxan,

493 1183 70 20 som
605 1172 85 31 såväl
731 1172 88 31 inom
865 1171 183 44 Afdelning
1090 1185 66 20 som
1186 1173 360 44 Bevillnings-Utskott
1586 1176 89 31 alltid
1705 1184 53 34 egt
1785 1189 82 27 rum,
1896 1177 57 31 har
1972 1178 105 31 denna

493 1223 132 43 riksdag
652 1223 175 32 uteblifvit.
884 1223 229 44 Anledningen
1143 1231 34 25 är
1205 1226 65 31 helt
1298 1226 109 32 enkelt
1435 1232 46 26 att
1508 1227 79 31 söka
1607 1228 45 31 uti
1672 1228 404 43 Bevillnings-Utskottets

492 1276 303 42 sammansättning,
822 1276 56 31 der
898 1283 66 25 stor
983 1276 162 43 pluralitet
1186 1278 93 31 råder
1320 1279 50 30 för
1410 1278 344 34 frihandels-idéernas
1784 1282 205 41 tillämpning
2016 1280 58 31 och

496 1327 122 31 således
656 1328 202 42 vanmägtigt
885 1334 46 24 att
958 1333 76 37 göra
1065 1329 100 30 andra
1194 1329 160 31 tänkesätt
1381 1330 160 43 gällande.
1594 1331 64 43 Jag
1686 1331 166 44 begagnar
1879 1344 42 20 nu
1951 1333 125 31 derföre

492 1379 65 31 min
599 1379 155 43 rättighet
799 1386 45 24 att
871 1391 163 21 reservera
1075 1381 65 41 mig
1181 1389 67 23 mot
1289 1381 183 33 Utskottets
1513 1383 193 39 förfarande,
1748 1391 46 25 att
1834 1385 70 31 icke
1954 1384 122 32 besluta

493 1430 148 44 behörigt
668 1431 77 32 eller
773 1431 170 43 likställigt
970 1432 105 42 skydd
1105 1435 31 28 åt
1163 1433 142 32 hvarken
1331 1434 196 41 jordbruket
1555 1435 76 31 eller
1659 1436 101 31 andra
1788 1437 172 42 näringar;
1997 1443 75 24 utan

491 1483 161 43 förgäfves
693 1483 116 43 klagar
847 1483 230 32 landtmannen
1120 1485 89 32 öfver
1249 1485 48 31 sin
1340 1485 169 43 betryckta
1549 1487 164 43 ställning,
1756 1488 57 32 hos
1855 1488 217 42 Bevillnings-

491 1533 185 34 Utskottets
705 1535 163 43 pluralitet
897 1535 103 32 finner
1027 1536 61 31 han
1118 1537 94 42 ingen
1241 1537 218 33 skonsamhet.

618 1587 66 32 Vid
724 1587 276 43 framställningar
1041 1600 50 19 om
1135 1589 152 42 förhöjdt.
1329 1589 101 33 ehuru
1459 1590 104 43 billigt
1590 1591 107 42 skydd
1726 1593 48 30 för
1802 1593 150 42 näringar
1979 1592 9 30 i
2017 1591 53 31 all:

491 1639 132 32 mänhet
650 1639 98 32 hafva
777 1639 395 33 frihandels-förfäktarne
1200 1641 91 32 alltid
1327 1642 173 31 framhållit
1528 1643 283 43 nödvändigheten
1842 1646 32 30 af
1899 1645 72 41 låga
1998 1644 77 31 eller

488 1691 78 42 inga
608 1691 173 41 tullsatser,
823 1692 134 31 emedan
1001 1698 172 26 motsatsen
1215 1693 102 32 skulle
1352 1694 114 31 endast
1493 1695 88 42 gifva
1609 1695 178 43 anledning
1815 1697 45 30 till
1889 1695 184 43 smuggling

491 1742 60 31 och
595 1743 286 42 tullförsnillning;
924 1755 44 19 nu
1011 1743 102 32 finner
1153 1745 84 31 dock
1265 1746 101 42 sagda
1393 1745 141 32 fraktion
1563 1746 8 31 i
1601 1747 55 31 sitt
1683 1748 135 31 intresse
1846 1748 49 31 för
1922 1747 79 43 godt
2029 1753 45 25 att

490 1794 81 41 yrka
612 1795 148 42 förhöjda
802 1795 96 31 tullar
937 1798 19 28 å
996 1798 99 39 några
1136 1797 39 31 de
1204 1803 79 25 mest
1319 1797 162 43 behöfliga
1510 1798 394 32 förnödenhets-artiklar.
1957 1798 116 32 Denna

491 1845 242 43 inkonseqvens
776 1847 9 31 i
827 1846 157 44 bandling
1025 1847 161 32 förefaller
1226 1848 219 43 besynnerlig,
1488 1861 71 19 men
1588 1855 35 25 är
1650 1850 83 32 dock
1762 1857 43 25 ett
1833 1851 134 31 faktum.
2021 1850 51 31 De

491 1897 152 43 förhöjda
673 1898 97 32 tullar
797 1900 18 29 å
843 1898 92 42 kaffe,
966 1898 124 39 socker,
1119 1900 107 39 tobak,
1255 1912 67 20 som
1350 1900 391 43 Bevillnings-Utskottet
1769 1903 173 42 föreslagit,
1973 1904 98 31 måste

489 1950 57 41 Jag
573 1952 42 40 på
643 1950 54 31 det
731 1950 114 43 högsta
872 1950 153 32 bestrida.
1079 1951 92 32 Hvar
1198 1952 59 32 och
1285 1964 38 20 en
1353 1961 50 23 vet
1430 1953 123 41 ganska
1582 1954 60 40 väl,
1672 1960 44 25 att
1745 1954 82 31 kaffe
1856 1965 133 21 numera
2017 1960 49 25 ut-

488 2006 60 36 gör
575 2013 40 20 en
653 2002 346 42 nödvändighetsvara,
1029 2003 59 31 och
1117 2010 45 25 att
1189 2005 131 41 fördyra
1350 2005 49 31 för
1427 2005 61 30 den
1518 2004 174 33 arbetande
1723 2006 126 31 klassen
1880 2007 90 30 dessa
1998 2006 68 31 lifs-

489 2053 249 33 förnödenheter
780 2056 65 30 står
872 2054 71 32 icke
971 2055 50 31 väl
1050 2054 209 33 tillsammans
1289 2057 74 31 med
1384 2057 39 31 de
1443 2056 319 45 tullnedsättningar,
1786 2070 70 19 man
1879 2058 190 42 föregående

491 2104 134 44 riksdag
662 2105 138 33 beslutat
840 2106 60 32 och
941 2107 93 31 äfven
1078 2119 42 20 nu
1162 2108 79 31 låter
1282 2108 187 43 opåkalladt
1497 2109 131 31 fortfara
1658 2109 49 32 för
1733 2110 65 41 lyx,
1827 2109 153 32 öfverflöd
2009 2109 58 32 och

486 2156 198 33 läckerheter
723 2159 50 30 för
815 2158 39 31 de
895 2159 205 41 förmögnare
1140 2160 327 31 samhällsklasserna.
1519 2160 65 43 Jag
1625 2160 97 44 begär
1762 2167 46 26 att
1849 2173 43 19 nu
1919 2161 149 42 gällande

486 2208 96 31 tullar
622 2211 18 29 å
679 2209 95 40 kaffe,
804 2209 124 39 socker,
958 2210 98 31 tobak
1085 2213 97 29 måtte
1210 2211 99 31 blifva
1337 2212 234 38 oförändrade;
1600 2213 140 31 varande
1769 2213 87 32 detta
1883 2213 113 31 endast
2024 2219 43 25 ett

485 2261 41 41 på
554 2261 133 31 rättvisa
715 2262 58 31 och
803 2261 147 43 billighet
978 2262 87 32 stödt
1091 2262 148 43 yrkande
1267 2264 49 31 för
1345 2264 39 32 de
1412 2263 174 33 arbetande
1614 2264 178 33 klassernas
1822 2264 127 33 behof."

1796 2377 135 41 Förslag
