1902 2836
536 177 276 33 Statsutskottets
838 177 175 33 utlåtande
1037 178 50 32 Nr
1110 180 69 31 115.
1585 176 38 32 17

779 517 60 40 Nr
867 517 84 41 1135.

662 630 110 23 Ankom
792 630 41 23 till
853 630 154 29 riksdagens
1025 630 89 23 kansli
1133 630 52 23 den
1205 627 31 26 15
1256 630 53 29 maj
1331 627 64 26 1936
1414 630 36 23 kl.
1469 627 16 26 3
1504 637 20 16 e.
1545 637 34 16 m.

335 731 182 32 Utlåtande
542 734 10 28 i
574 732 186 38 anledning
785 742 42 21 av
854 732 121 32 väckta
999 734 171 30 motioner
1196 742 56 21 om
1276 733 120 37 anslag
1422 733 50 30 till
1497 733 123 38 uppfö-

555 782 109 32 rande
688 784 64 30 och
779 784 193 37 utrustning
997 793 42 21 av
1065 793 42 22 en
1134 783 258 32 centralanstalt
1418 785 10 29 i
1452 783 169 38 Göteborg

555 835 57 38 för
635 834 210 38 radioterapi
871 836 57 31 vid
951 835 126 39 kräfta.

1395 899 68 41 (3:e
1479 899 90 41 avd.)

157 1003 13 29 I
192 1002 57 31 två
270 1003 223 37 likalydande
516 1004 181 37 motioner,
720 1004 124 30 väckta
867 1003 66 31 den
955 1013 75 28 ena,
1050 1013 44 21 nr
1120 1004 71 36 120,
1214 1004 95 31 inom
1333 1003 108 32 första
1462 1004 157 30 kamma-

112 1063 60 21 ren
190 1063 43 21 av
251 1054 79 31 herr
353 1053 78 32 Otto
449 1054 38 31 R.
507 1054 176 38 Wangson
701 1064 44 21 m.
764 1054 36 32 fl.
820 1055 66 30 och
905 1055 65 31 den
988 1055 121 36 andra,
1128 1065 42 20 nr
1188 1055 73 36 298,
1279 1055 98 30 inom
1394 1055 110 30 andra
1521 1055 97 30 kom-

112 1114 119 21 maren
251 1115 41 20 av
310 1105 81 30 herr
409 1105 103 39 Adolf
533 1106 182 30 Wallerius
734 1116 45 21 m.
799 1106 47 36 fl.,
866 1107 63 30 har
948 1106 203 36 hemställts,
1172 1109 49 27 att
1237 1106 185 36 riksdagen
1441 1105 106 32 måtte
1567 1105 51 30 så-

112 1165 75 21 som
205 1155 121 37 bidrag
343 1156 52 30 till
413 1156 219 36 uppförande
650 1158 65 29 och
735 1157 195 36 utrustning
950 1166 42 21 av
1008 1166 45 21 en
1071 1156 260 31 centralanstalt
1349 1156 12 31 i
1380 1156 168 37 Göteborg
1565 1156 54 31 för

111 1206 209 37 radioterapi
343 1207 57 30 vid
421 1207 114 31 kräfta
557 1207 55 31 för
633 1207 201 37 budgetåret
857 1202 182 42 1936/1937
1062 1207 121 31 anvisa
1205 1211 45 28 ett
1271 1207 120 37 anslag
1414 1216 42 21 av
1477 1207 142 37 200,000

111 1259 139 30 kronor.

156 1309 14 30 I
188 1309 97 37 fråga
305 1318 57 22 om
382 1310 41 30 de
443 1309 85 37 skäl,
549 1319 75 21 som
644 1309 256 31 motionärerna
921 1309 115 31 anfört
1054 1309 52 31 till
1127 1310 75 31 stöd
1224 1310 54 31 för
1300 1309 58 31 sitt
1378 1309 165 38 yrkande,
1565 1308 55 32 får

110 1360 165 31 utskottet
297 1360 147 31 hänvisa
464 1360 51 31 till
536 1360 177 31 motionen
737 1360 25 31 I:
782 1361 71 30 120.

155 1461 75 30 Den
249 1461 11 30 i
280 1460 216 31 motionerna
516 1461 196 37 föreslagna
734 1461 301 31 centralanstalten
1056 1460 99 37 ingår
1177 1470 75 21 som
1273 1464 47 27 ett
1340 1461 55 30 led
1415 1461 12 30 i
1449 1461 66 30 den
1535 1461 84 37 plan

110 1511 54 31 för
183 1512 243 36 bekämpande
445 1520 42 22 av
507 1511 348 37 kräftsjukdomarna
874 1512 11 30 i
905 1512 98 36 riket,
1025 1521 75 21 som
1121 1512 38 30 år
1184 1512 82 30 1929
1286 1511 180 37 framlagts
1487 1521 42 21 av
1548 1512 69 29 sär-

111 1562 112 31 skilda
246 1562 221 37 sakkunniga
493 1562 55 32 för
574 1563 183 36 utredning
782 1563 148 30 rörande
957 1562 267 37 användningen
1250 1572 41 20 av
1320 1562 149 37 Konung
1497 1561 122 32 Gustaf

109 1614 61 29 V:s
187 1613 285 37 jubileumsfond.
514 1613 133 31 Planen
664 1613 164 31 omfattar
849 1613 219 37 uppförande
1088 1622 43 22 av
1150 1616 51 28 tre
1221 1612 307 37 centralanstalter,
1549 1612 68 31 för-

109 1665 102 36 lagda
236 1664 53 31 till
314 1664 212 37 Stockholm,
554 1664 170 37 Göteborg
748 1665 67 30 och
842 1664 110 31 Lund.
1002 1663 53 31 Då
1081 1667 112 28 staten
1219 1664 134 30 lämnat
1380 1664 90 30 vissa
1496 1663 121 37 bidrag

108 1716 53 30 till
183 1716 220 36 uppförande
426 1726 41 20 av
490 1716 296 30 centralanstalter
808 1716 10 30 i
842 1715 201 31 Stockholm
1067 1716 66 30 och
1157 1715 110 37 Lund,
1292 1723 100 29 synes
1417 1715 56 31 det
1495 1714 121 31 motio-

108 1768 149 30 närerna
281 1766 111 37 billigt
416 1767 64 30 och
503 1767 146 36 rättvist,
674 1770 48 27 att
746 1769 111 28 staten
879 1767 136 30 lämnar
1040 1766 85 31 visst
1148 1766 144 31 tillskott
1315 1765 132 37 jämväl
1470 1765 54 32 för
1548 1766 68 30 för-

109 1818 221 36 verkligande
355 1827 43 21 av
424 1818 68 30 den
516 1817 187 37 planerade
730 1817 303 31 centralanstalten
1058 1817 12 30 i
1098 1817 179 36 Göteborg.

153 1869 121 31 Ehuru
301 1869 215 30 sistnämnda
541 1868 126 31 anstalt
693 1868 75 31 icke
795 1869 38 29 är
860 1868 127 31 avsedd
1012 1871 49 27 att
1085 1867 84 37 fylla
1193 1876 136 22 samma
1354 1867 138 37 uppgift
1517 1867 11 31 i
1555 1876 60 21 un-

109 1920 393 36 dervisningshänsende
529 1928 75 21 som
631 1920 41 29 de
699 1918 91 31 båda
817 1918 117 36 övriga
960 1918 223 37 anstalterna,
1210 1917 114 31 finner
1349 1918 165 30 utskottet
1542 1917 75 30 skäl

108 1971 70 31 tala
197 1970 54 31 för
270 1971 66 30 den
356 1979 42 21 av
417 1969 257 31 motionärerna
694 1969 152 31 uttalade
865 1968 277 37 uppfattningen,
1161 1968 76 31 icke
1255 1968 106 30 minst
1382 1969 78 30 med
1480 1968 137 37 hänsyn

108 2022 51 30 till
186 2021 117 31 vikten
328 2030 42 21 av
396 2023 50 28 att
472 2020 265 37 ifrågavarande
762 2019 260 37 betydelsefulla
1048 2019 335 37 vårdangelägenhet
1407 2018 66 31 blir
1499 2018 47 37 på
1571 2021 46 28 ett

107 2072 318 31 tillfredsställande
442 2061 71 41 sätt
534 2071 134 31 ordnad
692 2071 54 30 för
768 2071 116 31 landet
904 2071 10 30 i
938 2071 75 30 dess
1036 2070 126 31 helhet.
1210 2069 173 32 Utskottet
1405 2070 37 31 är
1463 2069 152 31 emeller-

108 2124 48 31 tid
177 2124 78 30 icke
278 2124 108 30 berett
410 2126 48 27 att
480 2122 44 37 på
546 2122 170 37 grundval
740 2131 42 21 av
806 2122 66 30 den
894 2122 10 29 i
929 2121 216 31 motionerna
1169 2120 196 37 förebragta
1388 2120 228 36 utredningen

109 2179 77 32 taga
226 2174 214 36 ståndpunkt
475 2173 51 31 till
565 2174 57 30 det
659 2173 128 30 äskade
825 2172 251 37 statsbidraget.
1128 2171 136 37 Frågan
1303 2172 123 29 härom
1466 2180 100 27 synes
1606 2170 10 30 i

108 2226 108 30 första
244 2225 94 30 hand
367 2225 85 29 böra
479 2224 228 30 underställas
737 2223 121 36 Kungl.
887 2223 117 37 Maj:ts
1032 2222 181 36 prövning.
1265 2222 117 30 Skulle
1411 2221 121 31 därvid
1559 2222 55 29 be-

108 2276 125 35 finnas,
256 2278 48 27 att
327 2274 216 36 möjligheter
563 2274 76 30 icke
659 2273 165 36 föreligga
847 2276 49 27 att
918 2273 10 29 i
949 2282 118 21 annan
1089 2272 147 36 ordning
1256 2271 181 37 tillgodose
1459 2272 56 30 det
1537 2271 78 30 med

109 2326 214 30 motionerna
359 2324 149 30 avsedda
544 2324 113 37 syftet,
694 2324 88 29 lärer
816 2323 122 36 Kungl.
975 2322 102 37 Maj:t
1113 2323 141 30 komma
1280 2325 50 28 att
1354 2321 53 31 för
1432 2321 183 37 riksdagen

107 2377 192 35 framlägga
321 2376 57 30 det
399 2375 136 36 förslag,
558 2375 113 30 vartill
694 2374 214 36 prövningen
930 2372 57 31 må
1008 2373 191 30 föranleda.

153 2427 116 30 Under
295 2425 219 37 åberopande
539 2425 110 30 härav
677 2424 53 31 får
756 2424 165 30 utskottet
948 2423 193 36 hemställa,

141 2500 102 28 Bihang
262 2499 39 23 till
320 2498 150 30 riksdagens
488 2498 127 30 protokoll
634 2498 71 24 1936.
742 2498 14 23 6
775 2497 74 23 saml.
888 2497 37 22 Nr
943 2496 140 24 111—116.
1569 2494 15 23 2

1658 1464 129 25 Utskottet.
