1896 2848
599 183 229 30 Statsutskottets
850 181 150 29 utlåtande
1021 173 49 35 Nr
1092 181 49 28 46.
1612 166 15 39 1

798 473 66 47 Nr
894 477 68 42 46.

505 592 125 27 Ankom
653 591 50 28 till
727 590 188 37 riksdagens
938 589 105 28 kansli
1067 588 62 28 den
1155 588 36 27 17
1216 596 85 19 mars
1327 587 76 28 1931
1429 586 42 29 kl.
1498 587 13 28 1
1538 596 25 20 e.
1588 594 41 22 m,

443 684 196 37 Utlåtande
665 684 15 35 i
707 683 195 48 anledning
931 695 45 23 av
1005 681 135 49 Kungl.
1171 681 128 49 Maj:ts
1318 681 228 47 proposition
1566 693 66 23 an-

534 736 137 49 gående
699 735 223 48 tillbyggnad
949 734 57 36 till
1034 734 65 36 den
1124 746 44 23 av
1189 733 265 49 telegrafverket
1472 732 161 48 dispone-

537 789 89 35 rade
659 788 220 49 fastigheten
919 800 44 22 nr
999 786 26 35 3
1059 786 14 35 i
1110 785 173 36 kvarteret
1322 784 258 49 Fyrmörsaren
1621 785 14 35 i

540 840 209 37 Stockholm.

1420 895 61 42 (4:e
1504 894 87 42 avd.)

179 1004 63 33 Uti
265 1015 42 20 en
330 1004 53 31 till
406 1003 182 41 riksdagen
611 1002 144 38 avlåten,
773 1001 65 32 den
856 1001 41 32 20
912 1000 150 32 februari
1079 999 79 32 1931
1177 998 212 42 dagtecknad
1404 997 229 42 proposition,

127 1067 40 20 nr
199 1055 68 38 113,
292 1054 112 32 vilken
438 1054 176 32 hänvisats
637 1053 54 31 till
715 1052 278 32 statsutskottets
1015 1049 248 33 förberedande
1287 1048 262 42 handläggning,
1573 1048 63 31 har

127 1106 127 40 Kungl.
279 1105 107 42 Maj:t,
410 1105 110 31 under
542 1103 218 42 åberopande
784 1114 41 20 av
840 1102 108 42 bilagt
964 1101 122 42 utdrag
1101 1112 41 20 av
1159 1098 381 43 statsrådsprotokollet
1556 1100 81 30 över

126 1155 468 33 kommunikationsärenden
627 1154 52 32 för
714 1165 129 20 samma
876 1153 74 41 dag,
985 1151 176 42 föreslagit
1190 1150 183 42 riksdagen
1396 1149 166 42 medgiva,
1587 1151 50 29 att

127 1207 53 32 för
212 1206 216 43 tillbyggnad
461 1206 53 32 till
548 1206 65 31 den
647 1204 280 42 telegrafverkets
956 1201 251 43 pensionsfond
1232 1200 174 42 tillhöriga
1428 1200 207 41 fastigheten

127 1269 41 20 nr
201 1258 19 31 3
254 1258 11 30 i
298 1258 171 31 kvarteret
502 1256 245 42 Fyrmörsaren
780 1255 13 31 i
824 1253 198 33 Stockholm
1047 1255 54 29 må
1123 1264 41 20 av
1187 1251 315 43 pensionsfondens
1525 1250 112 32 medel

129 1308 173 32 användas
326 1310 49 30 ett
398 1308 127 41 belopp
549 1318 40 20 av
610 1307 104 41 högst
736 1306 138 39 530,000
895 1305 135 31 kronor.

181 1359 221 32 Beträffande
436 1358 227 41 utredningen
696 1357 12 31 i
742 1356 142 32 ärendet
916 1356 51 31 får
999 1355 170 32 utskottet
1202 1353 143 32 hänvisa
1367 1353 54 31 till
1443 1352 194 42 åberopade

129 1409 390 43 statsrådsprotokollet.

183 1511 347 43 Telegrafstyrelsens
549 1509 259 43 tjänstelokaler
823 1511 58 29 äro
896 1509 54 31 för
964 1507 210 32 närvarande
1190 1505 273 42 huvudsakligen
1479 1504 158 43 inrymda

129 1564 12 31 i
174 1563 209 41 fastigheten
416 1573 41 20 nr
490 1562 19 31 3
542 1561 12 31 i
587 1561 171 31 kvarteret
791 1559 245 42 Fyrmörsaren
1059 1558 78 31 med
1160 1557 120 32 adress
1303 1568 40 20 nr
1365 1557 19 31 ?
1407 1556 57 32 vid
1487 1556 150 31 Brunke-

130 1613 180 42 bergstorg
332 1612 11 32 i
368 1612 210 32 Stockholm.
623 1611 123 31 Denna
769 1609 163 43 fastighet
954 1609 162 41 inköptes
1139 1610 37 29 år
1200 1608 81 32 1918
1304 1618 40 20 av
1359 1606 277 42 telegrafverkets

132 1663 192 33 dåvarande
348 1661 367 43 pensionsinrättning,
731 1661 115 31 vilken
869 1660 73 31 från
966 1659 64 32 och
1053 1658 78 32 med
1154 1658 67 32 den
1246 1659 16 30 1
1286 1657 64 42 juli
1373 1658 83 31 1920
1478 1659 159 39 övertogs

131 1725 39 21 av
205 1714 205 32 statsverket
444 1713 64 32 och
541 1723 76 21 vars
651 1712 182 41 tillgångar
865 1711 73 31 från
973 1710 63 32 och
1068 1709 78 32 med
1169 1708 149 33 nämnda
1340 1708 163 42 tidpunkt
1525 1708 114 42 ingå
1620 1704 21 53 i

132 1765 279 42 telegrafverkets
433 1763 261 43 pensionsfond.
733 1762 124 32 Denna
879 1761 92 38 fond,
989 1772 73 20 som
1079 1760 162 32 förvaltas
1258 1771 40 20 av
1313 1758 323 42 telegrafstyrelsen,

132 1818 36 29 är
201 1816 101 31 alltså
331 1827 47 20 nu
401 1817 98 40 ägare
523 1814 53 31 till
598 1813 217 42 fastigheten.
861 1812 120 32 Redan
1004 1811 43 31 då
1069 1809 402 43 pensionsinrättningen
1494 1808 142 42 inköpte

131 1866 217 41 fastigheten,
365 1877 59 20 var
446 1865 154 32 avsikten
623 1866 50 30 att
696 1863 312 42 telegrafstyrelsen
1033 1861 110 32 skulle
1166 1861 51 31 dit
1241 1861 150 41 förlägga
1408 1860 75 31 sina
1497 1859 139 38 lokaler,

133 1919 37 29 så
204 1919 95 29 snart
333 1916 115 31 därför
481 1915 215 40 erforderligt
729 1916 169 39 utrymme
931 1913 93 30 inom
1052 1911 199 32 densamma
1274 1910 114 32 kunde
1411 1910 93 31 bliva
1526 1910 113 41 dispo-

132 1967 119 31 nibelt.
299 1966 114 32 Sedan
437 1966 94 31 detta
554 1965 99 38 skett,
670 1964 180 42 inflyttade
874 1963 168 41 styrelsen
1065 1962 12 31 i
1099 1961 209 42 fastigheten
1332 1971 192 21 sommaren
1546 1961 90 31 1924.

132 2017 250 32 Dessförinnan
418 2016 88 31 hade
540 2015 107 32 ökade
681 2017 194 39 utrymmen
909 2013 60 31 där
992 2012 130 32 beretts
1146 2022 121 31 genom
1292 2011 92 31 vissa
1406 2010 234 42 påbyggnads-

133 2068 150 38 arbeten,
301 2067 53 32 till
377 2067 89 31 vilka
489 2066 125 41 Kungl.
639 2065 98 41 Maj:t
759 2075 122 31 genom
905 2063 116 32 beslut
1043 2062 66 32 den
1135 2063 38 30 11
1197 2061 65 41 maj
1283 2061 79 32 1923
1378 2060 133 32 anvisat
1527 2060 112 32 medel

133 2130 40 20 av
207 2117 279 43 telegrafverkets
519 2115 270 43 pensionsfonds
823 2114 188 42 tillgångar.
1057 2113 18 31 I
1097 2112 221 32 förevarande
1341 2111 164 42 fastighet
1528 2111 112 42 dispo-

134 2179 101 21 neras
258 2170 85 30 även
367 2167 184 32 avsevärda
573 2169 193 39 utrymmen
791 2176 39 21 av
854 2165 65 31 den
943 2164 109 31 under
1067 2162 327 33 telefondirektören
1410 2162 11 31 i
1439 2161 201 33 Stockholm

134 2219 149 42 lydande
306 2218 319 41 rikstelefonbyrån.

187 2288 18 31 I
240 2287 164 31 skrivelse
439 2286 65 31 den
539 2286 40 31 20
612 2285 145 31 oktober
782 2285 81 31 1930
884 2283 62 32 har
970 2282 285 41 telegrafstyrelsen
1277 2281 90 41 gjort
1389 2280 252 42 framställning

136 2349 55 20 om
221 2337 196 31 beredande
440 2347 40 20 av
503 2335 110 31 medel
637 2346 40 20 ur
699 2333 296 43 pensionsfonden
1019 2333 52 30 för
1094 2330 181 33 utförande
1298 2341 40 20 av
1362 2342 41 20 en
1428 2330 213 41 tillbyggnad

137 2388 52 32 till
213 2386 224 33 omförmälda
452 2385 163 42 fastighet
630 2385 11 31 i
658 2385 64 31 och
747 2385 51 30 för
821 2382 219 33 anskaffande
1064 2393 39 19 av
1127 2381 108 32 ökade
1258 2380 129 32 lokaler
1402 2381 53 30 för
1472 2380 168 41 styrelsen

138 2441 88 29 samt
248 2438 53 31 för
323 2436 318 41 rikstelefonbyrån.

193 2499 110 37 Bihang
328 2498 44 28 till
395 2498 169 36 riksdagens
583 2496 145 39 protokoll
754 2493 90 30 1931.
880 2492 16 30 6
910 2495 80 28 saml.
1026 2491 42 30 25
1079 2492 73 38 häft,
1187 2491 63 39 (Nr
1262 2488 152 41 46—48.)
1458 2499 77 20 ses
1585 2493 12 27 1
