2248 2670
740 180 229 32 Statsutskottets
995 181 160 33 Utlåtande
1179 182 61 31 N:o
1262 184 50 30 61.
1808 189 17 27 3

230 259 57 36 till
328 259 98 45 kom,
468 265 56 30 att
565 260 45 36 de
651 261 122 48 gamla
810 261 300 48 grundmurarne
1146 263 70 35 och
1245 264 187 35 källrarne
1463 265 9 34 i
1501 265 204 36 allmänhet
1733 279 91 22 voro

230 310 150 48 mycket
421 311 254 48 djupgående,
719 311 80 37 blef
833 312 142 48 följden
1005 314 84 45 den,
1120 320 56 30 att
1204 315 45 35 de
1278 328 72 36 nya
1378 316 300 47 grundmurarne
1708 320 117 33 måste

229 369 111 39 göras
382 362 190 48 betydligt
600 363 95 36 både
724 363 157 36 bredare
910 365 62 35 vid
1001 365 111 36 basen
1143 366 69 36 och
1242 366 158 47 djupare
1430 375 45 27 än
1504 380 79 23 som
1613 367 124 36 blifvit
1767 368 59 35 be-

228 413 172 36 räknadt.
454 413 84 36 Med
568 414 142 36 visshet
738 415 126 35 kunde
892 415 206 37 Hallström
1127 417 128 35 derför
1274 422 100 43 säga,
1395 424 55 29 att
1470 419 355 48 grundläggningen

227 464 58 35 för
326 465 285 35 universitetets
651 478 73 35 nya
765 466 70 35 hus
876 466 57 35 till
970 466 91 47 följd
1091 467 40 36 af
1156 468 107 35 dessa
1291 468 155 36 alldeles
1474 469 248 36 oförutsedda
1751 483 75 22 om-

227 515 263 48 ständigheter
519 516 156 36 kostade
704 529 79 23 mer
812 524 45 28 än
885 522 57 31 tre
971 521 142 45 gånger
1141 519 71 36 den
1241 519 214 37 beräknade
1483 533 183 23 summan.

329 580 75 48 2:0)
434 583 73 36 Vid
528 584 441 48 entreprenadanbudets
991 588 251 46 uppsättande
1262 587 137 37 funnos
1420 588 129 36 endast
1571 589 113 48 plan-,
1706 588 120 37 fasad-

227 634 70 35 och
327 634 372 49 sektionsritningar;
730 636 70 35 och
829 636 207 48 detaljerna
1064 638 58 35 till
1142 638 45 35 de
1207 639 220 36 dekorativa
1447 640 202 47 partierna,
1671 640 154 36 hvartill

226 686 188 46 ritningar
443 686 119 35 under
590 686 167 36 arbetets
784 686 179 49 fortgång
990 689 203 43 lemnades,
1224 690 94 35 hade
1348 689 124 37 blifvit
1500 691 85 35 vida
1614 704 80 22 mer
1723 692 103 35 kom-

228 736 189 48 plicerade
446 737 70 35 och
544 737 204 48 rikhaltiga
777 745 45 28 än
852 742 20 31 å
901 738 379 50 hufvudritningarna
1310 742 163 48 antydts.

329 802 75 44 3:o)
433 804 129 48 Enligt
590 804 72 36 den
691 807 268 47 ursprungliga
987 807 288 37 bestämmelsen
1304 810 121 35 skulle
1454 810 244 47 byggnadens
1722 811 103 47 jord-

227 855 139 47 våning
393 855 180 36 beklädas
602 856 85 35 med
716 856 183 37 kalksten.
953 858 84 36 Men
1066 859 104 36 detta
1200 861 169 35 material
1399 860 171 49 utbyttes
1591 867 78 30 mot
1689 863 135 45 granit,

227 906 70 35 och
327 907 71 34 den
428 906 222 49 mellangift,
682 908 133 43 10,000
844 909 151 45 kronor,
1024 909 205 37 Hallström
1259 911 130 36 dervid
1420 912 132 44 erhöll,
1581 925 65 23 var
1670 912 155 36 alldeles

224 956 59 36 för
311 957 72 35 låg.

326 986 75 67 4:0)
431 1007 485 49 Entreprenadkontraktet
943 1006 196 46 föreskref,
1169 1014 54 30 att
1250 1009 228 48 byggnaden
1503 1010 121 35 skulle
1645 1010 180 36 beklädas

226 1059 79 35 dels
333 1059 86 35 med
449 1059 172 36 kalksten
651 1060 70 35 och
751 1060 79 35 dels
863 1059 84 35 med
968 1058 216 49 fogstruket
1203 1060 112 47 tegel.
1369 1060 231 36 Kalkstenen
1620 1062 128 35 visade
1767 1063 57 45 sig

226 1110 211 36 emellertid
467 1110 81 35 icke
578 1111 145 35 hållbar
751 1117 90 29 utan
871 1123 137 34 sprang
1037 1111 137 34 sönder
1193 1111 59 35 vid
1276 1111 135 36 minsta
1431 1112 193 47 ojemnhet
1644 1113 10 34 i
1674 1113 151 47 trycket

225 1161 69 35 och
325 1164 118 32 måste
473 1167 160 30 ersättas
662 1162 84 35 med
775 1175 73 36 nya
878 1161 116 44 delar,
1023 1161 144 36 hvilket
1195 1161 145 36 vållade
1369 1169 78 29 stor
1476 1162 146 37 förlust.

326 1226 75 48 5:0)
431 1228 72 36 Till
525 1229 244 49 byggnadens
789 1229 207 47 utvändiga
1016 1229 212 36 beklädnad
1256 1229 107 45 hade,
1384 1237 79 29 mot
1481 1231 222 48 beräkning,
1724 1232 100 47 tegel

225 1280 85 35 med
339 1286 81 29 stor
449 1280 160 36 kostnad
639 1284 95 32 måst
762 1281 158 47 inköpas
949 1280 68 35 och
1049 1284 19 31 å
1092 1281 159 47 jernväg
1279 1280 142 37 fraktas
1448 1281 82 36 från
1559 1282 200 36 Danmark.

326 1329 75 47 6:0)
431 1330 129 37 Under
588 1332 166 36 arbetets
782 1331 177 48 fortgång
980 1331 222 45 bestämdes,
1225 1338 54 29 att
1299 1333 97 35 vissa
1417 1332 105 36 delar
1542 1333 38 35 af
1597 1333 226 48 byggnaden

224 1381 121 36 skulle
387 1381 180 37 beklädas
610 1383 83 36 med
731 1383 172 35 kalksten
933 1383 11 34 i
972 1382 126 35 stället
1125 1381 59 36 för
1213 1383 111 47 tegel.
1378 1383 131 36 Ehuru
1537 1384 60 35 vid
1629 1385 195 35 kostnads-

222 1432 202 48 förslagets
465 1434 249 47 uppgörande
756 1432 141 49 angafs,
941 1439 55 29 att
1037 1433 147 35 arbetet
1226 1434 120 35 skulle
1376 1434 116 36 blifva
1520 1438 40 32 så
1589 1436 127 35 enkelt
1743 1449 79 22 som

224 1484 157 47 möjligt,
410 1483 125 37 blefvo
565 1484 96 36 dock
691 1485 207 47 detaljerna
927 1485 61 34 vid
1018 1483 217 37 utförandet
1262 1485 122 35 rikare
1414 1493 45 27 än
1488 1485 180 37 förutsatt
1697 1500 75 21 var.

325 1533 74 48 7:0)
440 1534 217 37 Femtiosex
699 1536 184 35 kolonner
924 1535 63 36 vid
1028 1534 464 47 fönsteromfattningarna
1535 1537 9 34 i
1582 1537 129 36 husets
1745 1537 79 36 öfre

224 1585 138 48 våning
390 1599 91 22 voro
512 1586 152 36 utförda
693 1586 39 36 af
758 1586 154 48 polerad
940 1586 70 35 röd
1036 1586 125 47 granit
1189 1587 11 35 i
1228 1587 128 35 stället
1383 1587 57 35 för
1468 1588 183 36 kalksten.

325 1634 74 47 8:o)
441 1636 174 49 Kupolen
657 1636 107 37 öfver
805 1637 109 35 aulan
956 1637 120 35 skulle
1119 1637 118 46 enligt
1270 1637 70 36 den
1369 1639 266 47 ursprungliga
1663 1639 162 35 bestäm-

225 1687 141 35 melsen
396 1688 190 47 uppbäras
615 1688 39 35 af
680 1690 45 34 18
754 1688 157 48 stycken
936 1688 282 47 jerntakstolar,
1247 1702 84 21 men
1360 1689 61 34 vid
1452 1689 373 49 detaljritningarnas

224 1739 256 46 upprättande
510 1739 139 36 ökades
678 1739 142 36 antalet
847 1739 57 35 till
935 1741 43 33 25
1008 1739 117 35 stolar
1154 1739 83 35 med
1268 1739 204 48 bågform
1448 1735 25 56 i
1500 1741 126 35 stället
1653 1740 59 36 för
1740 1741 83 35 med

223 1788 96 36 först
359 1788 132 37 afsedd
531 1790 67 35 rak
637 1789 109 44 form,
785 1796 96 29 samt
908 1789 86 36 med
1022 1789 126 48 gröfre
1177 1790 93 47 gods
1299 1798 45 27 än
1373 1791 45 35 de
1446 1790 118 37 första
1592 1792 233 47 ritningarna

223 1839 173 48 angåfvo.

324 1888 75 48 9:0)
441 1890 71 36 För
553 1891 191 49 åtskilliga
785 1891 353 47 orneringsarbeten
1178 1891 94 36 hade
1305 1892 252 36 kostnaderna
1590 1894 106 35 ökats
1729 1894 96 35 deri-

221 1954 150 35 genom,
413 1947 56 30 att
505 1942 203 48 ändringar
736 1941 243 37 förekommit
1007 1942 70 36 och
1106 1947 55 31 att
1188 1943 98 36 vissa
1314 1942 40 37 af
1379 1944 83 35 dem
1492 1948 96 32 måst
1617 1944 145 36 utföras
1789 1944 40 36 af

222 1993 85 35 zink
336 1993 10 35 i
375 1993 129 36 stället
530 1992 58 36 för
616 1995 94 46 gips.

327 2042 100 47 10:0)
468 2044 101 36 Enär
612 2045 89 35 flera
741 2044 143 36 lokaler
922 2050 110 42 togos
1065 2045 11 35 i
1105 2045 208 49 besittning
1340 2045 59 36 för
1427 2047 257 44 användande,
1714 2048 111 35 innan

216 2093 234 48 byggnaden
479 2096 10 34 i
519 2095 85 36 dess
633 2096 129 35 helhet
788 2108 66 23 var
881 2094 135 50 färdig,
1045 2095 238 37 erfordrades
1310 2096 80 36 före
1419 2097 71 36 den
1513 2098 154 47 slutliga
1686 2098 138 48 besigt-

223 2146 138 47 ningen
391 2146 31 46 ej
453 2146 219 48 obetydliga
700 2147 267 35 renovationer
995 2146 40 36 af
1059 2147 166 48 målning
1245 2160 46 23 m.
1312 2161 47 22 m.
1401 2148 200 49 Betydliga
1621 2150 204 35 kostnader

224 2196 96 36 hade
363 2198 70 34 ock
473 2197 136 36 vållats
646 2197 39 36 af
711 2197 45 36 de
785 2196 335 50 efterputsningar,
1149 2211 79 23 som
1257 2199 337 49 nödvändiggjorts
1623 2200 117 44 deraf,
1769 2206 55 31 att

222 2260 82 36 gas-
333 2248 70 35 och
433 2248 391 49 vattenledningarna,
854 2249 125 36 hvilka
1008 2249 31 48 ej
1070 2249 226 49 inbegrepos
1324 2251 11 35 i
1365 2252 299 47 entreprenaden
1693 2252 70 35 och
1789 2252 39 36 af
