2222 2628
720 202 278 32 Bankoutskottets
1021 201 164 32 memorial
1208 202 52 30 Nr
1282 205 49 27 50.
1806 202 7 28 1

939 553 66 38 Nr
1033 553 76 38 50.

741 660 123 26 Ankom
889 659 49 27 till
963 659 187 35 riksdagens
1173 658 104 27 kansli
1302 659 60 26 den
1387 659 16 25 9
1429 659 63 36 maj
1521 658 76 27 1919
1623 659 40 26 kl.
1689 659 17 26 3
1730 667 25 19 e.
1779 668 40 17 m.

532 751 192 36 Memorial
765 751 77 35 med
871 751 147 49 förslag
1060 750 181 48 angdende
1282 751 356 48 arvodesförhöjning
1660 751 64 48 för
1751 751 71 35 viss

635 812 61 35 hos
723 811 191 47 riksdagen
942 811 160 36 anställd
1125 811 179 47 personal.

326 913 17 36 I
380 927 45 22 en
463 913 57 35 till
556 913 315 36 bankoutskottet
899 913 159 46 avlåten,
1089 913 71 36 den
1190 915 21 33 2
1240 912 190 36 nästlidna
1459 912 94 49 april
1581 912 240 49 dagtecknad

224 965 178 37 skrivelse
430 965 98 36 hava
556 965 215 36 kamrarnas
799 966 128 35 herrar
954 965 140 36 talmän
1122 964 123 36 anfört
1275 964 179 49 följande:

332 1049 84 32 »Vid
450 1049 112 31 denna
595 1049 65 42 dag
692 1049 106 31 hållet
831 1049 398 31 talmanssammanträde
1263 1048 12 31 1
1298 1050 141 29 närvaro
1464 1059 40 20 av
1527 1049 41 30 de
1593 1048 156 42 ständiga
1771 1050 49 29 ut-

224 1092 155 31 skottens
414 1091 205 32 ordförande
653 1091 64 32 och
743 1091 201 42 riksdagens
966 1090 323 43 kanslideputerade
1312 1091 234 31 behandlades
1570 1091 251 41 kanslidepute-

222 1134 100 32 rades
344 1134 159 41 bifogade
527 1136 56 29 två
605 1134 132 42 tryckta
760 1134 183 31 skrivelser
965 1145 41 20 av
1029 1134 65 31 den
1111 1134 39 31 25
1165 1133 133 41 januari
1315 1133 63 31 och
1395 1134 66 30 den
1479 1134 37 30 21
1538 1133 149 31 februari
1705 1133 115 41 1919!)

222 1178 161 30 ävensom
407 1176 73 32 däri
504 1176 223 31 omförmälda
749 1176 298 42 framställningar.
1091 1176 175 41 Därjämte
1288 1175 181 32 förehades
1485 1177 56 30 två
1556 1176 52 30 till
1624 1176 196 31 talmännen

222 1218 137 42 ingivna
382 1218 238 42 ansökningar,
645 1219 67 31 den
735 1229 63 21 ena
820 1230 41 20 av
883 1219 216 31 kamreraren
1122 1218 63 31 hos
1209 1218 259 31 statsutskottet
1491 1218 64 31 och
1578 1218 66 31 den
1660 1218 105 31 andra
1781 1229 40 20 av

222 1261 194 31 notarierna
439 1261 178 31 därstädes
639 1261 174 41 angående
837 1261 387 41 avlöningsförbättring
1245 1262 45 39 på
1312 1260 112 41 grund
1447 1271 40 20 av
1510 1260 99 32 deras
1630 1260 191 41 besvärliga

223 1303 64 31 och
321 1303 170 31 krävande
525 1303 125 31 arbete.
698 1303 89 32 Över
819 1303 103 31 dessa
955 1303 229 41 ansökningar
1217 1303 88 31 hade
1338 1302 322 42 kanslideputerade
1692 1302 65 31 den
1783 1302 38 31 12

222 1345 150 32 februari
396 1345 81 31 1919
500 1345 124 41 avgivit
646 1345 168 31 infordrat
835 1345 169 41 yttrande.

327 1387 68 32 Vid
418 1387 265 32 sammanträdet
706 1389 122 39 ansågs
852 1386 209 42 dagarvodet
1082 1387 52 31 för
1153 1386 215 32 kamreraren
1384 1386 64 32 hos
1465 1387 257 31 statsutskottet
1737 1386 84 32 böra

222 1429 99 42 höjas
354 1429 53 31 till
434 1430 41 31 22
498 1429 134 32 kronor.
677 1429 70 32 För
769 1429 110 42 övrigt
902 1429 198 42 godkändes
1122 1429 12 31 i
1157 1429 60 31 allt
1239 1429 184 41 väsentligt
1445 1429 341 42 kanslideputerades
1809 1429 11 31 i

222 1471 147 32 berörda
402 1472 164 31 skrivelse
600 1472 119 41 gjorda
742 1472 210 37 uttalanden,
976 1471 117 32 varvid
1116 1471 191 32 emellertid
1330 1471 190 42 uttrycktes
1544 1471 66 32 den
1632 1471 187 39 förväntan,

222 1516 50 30 att
294 1514 181 31 framdeles
499 1514 109 32 skulle
631 1514 136 31 komma
789 1516 49 29 att
861 1516 19 29 å
903 1514 42 31 de
969 1514 157 38 arvoden,
1151 1525 74 20 som
1247 1525 48 20 nu
1317 1514 98 31 bleve
1435 1513 187 40 bestämda,
1640 1514 181 31 därutöver

222 1556 143 42 beviljas
389 1556 255 42 dyrtidstillägg
666 1557 79 30 med
767 1557 40 30 66
820 1556 38 40 ?/;
882 1558 152 40 procent.

327 1599 82 31 Med
433 1599 261 31 överlämnande
717 1610 40 20 av
780 1599 42 31 de
846 1598 52 31 till
922 1599 95 31 detta
1041 1598 123 32 ärende
1188 1598 142 39 hörande
1347 1598 204 42 handlingar
1566 1599 33 30 få
1613 1598 205 39 talmännen,

222 1641 109 31 under
364 1641 191 41 antagande
589 1643 49 29 att
670 1641 182 31 framdeles
887 1641 109 31 under
1029 1641 199 41 riksdagens
1261 1641 84 41 lopp
1378 1640 137 32 komma
1543 1642 51 30 att
1615 1641 54 31 för
1691 1641 41 31 de
1755 1641 64 31 hos

222 1684 186 37 kamrarna,
433 1684 42 31 de
500 1683 156 42 ständiga
679 1683 63 32 och
766 1683 169 42 tillfälliga
957 1683 177 32 utskotten
1159 1685 88 29 samt
1268 1683 12 31 i
1302 1683 202 41 riksdagens
1524 1683 111 32 kansli
1651 1683 170 32 anställda

222 1726 206 41 tjänstemän
462 1726 65 32 och
559 1726 231 41 vaktbetjänte
820 1726 52 31 för
896 1728 36 29 år
956 1726 81 31 1919
1060 1726 207 31 bestämmas
1291 1725 255 42 dyrtidstillägg
1568 1726 82 31 eller
1672 1726 149 41 tillfällig

222 1768 343 42 arvodesförhöjning
598 1768 78 32 med
709 1768 105 32 minst
847 1770 56 30 två
936 1768 206 41 tredjedelar
1164 1779 40 20 av
1227 1768 62 31 här
1311 1767 112 32 nedan
1446 1768 192 42 föreslagna
1661 1768 158 38 arvoden,

221 1810 188 38 hemställa,

329 1852 27 42 1)
384 1854 57 37 att,
466 1852 79 32 med
567 1853 218 31 uteslutande
809 1864 40 20 av
871 1852 164 32 rubriken
1062 1852 216 32 »motläsare»
1303 1852 12 31 i
1339 1852 482 42 avlöningsbestämmelserna

222 1895 53 31 för
296 1895 202 41 riksdagens
521 1895 120 38 kansli,
665 1895 53 31 för
739 1895 95 31 tiden
857 1895 75 31 från
955 1895 65 31 och
1042 1895 79 31 med
1144 1897 36 29 år
1204 1895 81 31 1919
1308 1894 71 32 tills
1395 1895 125 38 vidare,
1537 1895 91 31 intill
1644 1895 80 32 dess
1740 1895 81 32 riks-

223 1937 108 40 dagen
354 1938 215 31 annorlunda
591 1938 161 37 beslutar,
776 1937 151 41 följande
950 1937 198 41 avlöningar
1170 1939 104 29 måtte
1290 1937 187 32 fastställas
1493 1937 52 32 för
1561 1937 261 32 nedannämnda

222 1980 58 30 vid
302 1979 139 42 lagtima
463 1980 139 41 riksdag
624 1979 169 32 anställda
816 1980 207 41 tjänstemän
1047 1980 63 31 och
1133 1979 233 42 vaktbetjänte

884 2073 56 33 hos
963 2074 194 32 kamrarna:

225 2150 224 39 Sekreterare,
474 2150 268 32 månadsarvode
773 2174 717 6 :=:+s:ssssssasessssivssssenesssnss
1233 2143 67 50 sidas
1314 2143 36 50 mmm
1361 2143 132 50 sven.
1517 2151 126 32 kronor
1668 2152 154 39 1,000:
1795 2147 30 48 —

223 2193 122 31 Förste
368 2195 141 36 notarie,
535 2193 190 42 CagarvOde
741 2217 94 5 seems
855 2188 349 51 seresesssssserrseeresssenrersr
1223 2188 200 51 sesersrirnenrerner
1432 2218 60 4 enes
1575 2207 12 15 »
1719 2195 103 31 PT

221 2231 150 47 Notarie,
617 2248 12 16 3
742 2260 73 5 drrreee
834 2234 14 40 ro
857 2259 636 6 sreeaseserrerrenerrs
1085 2234 53 40 reser
1143 2234 43 40 rrrr
1190 2234 28 40 skr
1225 2234 18 40 kr
1248 2234 5 40 r
1260 2234 28 40 ser
1300 2234 13 40 r
1315 2234 31 40 rss
1350 2234 6 40 r
1363 2234 28 40 rss
1398 2234 45 40 sens
1453 2234 18 40 ss
1475 2234 21 40 aa
1575 2249 12 15 >
1720 2237 101 31 18:=—

325 2322 20 32 1)
353 2323 94 25 Avser
461 2322 104 32 frågan
579 2330 46 17 om
639 2322 277 32 riksdagsregistret,
930 2330 99 17 varom
1043 2321 116 25 särskilt
1172 2321 148 26 utlåtande
1334 2322 154 25 framdeles
1502 2323 127 25 kommer
1642 2325 43 23 att
1696 2324 126 31 avgivas.

265 2367 116 37 Bihang
404 2367 45 29 till
471 2367 170 37 riksdagens
662 2367 141 36 protokoll
827 2367 90 28 1919.
963 2367 20 27 8
1005 2367 81 28 saml.
1132 2367 41 28 35
1194 2367 73 35 häft.
1312 2365 58 38 (Nr
1392 2364 67 41 50.)
1587 2373 127 22 136519
1764 2369 12 27 1

1859 1055 165 23 Kamrarnas

1900 1090 92 22 herrar

1889 1124 109 24 talmän.
