1878 2756
263 177 38 30 10
461 176 186 30 Allmänna
667 176 397 40 beredningsutskottets
1084 177 178 30 utlåtande
1280 186 43 20 nr
1343 178 40 29 18
1400 177 41 31 år
1460 178 84 29 1962

936 464 64 41 Nr
1022 466 54 40 18

460 574 183 30 Utlåtande
675 574 12 30 i
716 575 187 39 anledning
933 584 43 21 av
1006 575 122 29 väckta
1159 575 172 30 motioner
1361 584 56 21 om
1450 575 200 39 utbyggnad
1680 575 63 29 och

653 636 277 40 effektivisering
949 647 42 20 av
1010 636 395 31 industrihälsovården.

301 743 12 29 I
333 742 41 30 de
394 743 233 39 likalydande,
647 743 53 30 till
720 744 176 29 allmänna
915 744 380 39 beredningsutskottet
1315 744 190 30 hänvisade
1525 744 220 30 motionerna

257 796 29 29 1:
302 796 39 29 37
359 805 42 20 av
416 796 121 29 herrar
554 796 135 30 Öhman
708 797 62 29 och
787 797 110 39 Lager
913 799 91 28 samt
1018 798 48 28 II:
1080 798 42 29 65
1138 806 43 21 av
1196 798 80 29 herr
1291 798 160 38 Hagberg
1468 807 45 20 m.
1530 797 38 39 fl.
1586 796 157 34 föreslås,

257 851 49 27 att
328 849 189 39 riksdagen
537 850 108 29 måtte
668 850 145 34 besluta,
835 852 50 28 att
907 850 12 29 i
942 850 164 30 skrivelse
1128 850 53 29 till
1204 850 124 39 Kungl.
1351 850 106 39 Maj:t
1479 850 187 29 hemställa
1687 858 57 21 om

256 902 189 39 utredning
468 903 64 29 och
554 902 132 40 förslag
711 905 136 27 snarast
870 912 58 20 om
951 912 44 21 en
1017 903 199 39 utbyggnad
1240 904 63 29 och
1327 903 278 39 effektivisering
1628 912 43 20 av
1692 902 53 29 in-

256 955 358 30 dustrihälsovården.

301 1008 12 29 I
338 1008 218 30 motionerna
579 1008 152 35 anföres,
754 1011 50 28 att
826 1009 385 30 industrihälsovården
1233 1010 89 29 varit
1346 1009 143 39 sorgligt
1513 1008 230 30 försummad.

257 1061 65 29 Det
336 1061 97 30 finns
448 1062 152 39 alltjämt
616 1062 119 30 alltför
751 1062 34 30 få
798 1062 274 30 industriläkare
1086 1063 64 29 och
1166 1062 41 30 de
1221 1063 66 29 har
1301 1062 120 30 alltför
1435 1062 84 30 liten
1534 1062 50 30 tid
1599 1062 144 30 tillmätt

256 1114 54 30 för
332 1115 55 29 sin
407 1115 234 30 verksamhet.
665 1115 387 30 Industrihälsovården
1073 1115 169 30 omfattar
1263 1117 88 29 även
1372 1115 261 39 sjukvårdande
1658 1124 86 30 upp-

256 1167 114 39 gifter,
389 1176 76 21 som
484 1168 74 29 icke
577 1177 100 21 avser
694 1170 50 28 att
763 1176 38 31 ge
820 1177 42 20 en
880 1168 178 40 långvarig
1076 1169 64 29 och
1159 1168 249 30 tidskrävande
1426 1168 212 39 behandling
1657 1170 85 28 utan

256 1222 50 28 att
328 1230 86 20 vara
437 1230 43 20 en
504 1220 319 40 vardagssjukvård
848 1220 56 31 för
928 1223 50 28 att
1002 1223 35 28 ta
1061 1222 94 29 hand
1180 1231 56 20 om
1262 1221 244 40 förkylningar
1529 1221 64 29 och
1618 1221 124 29 lättare

256 1273 177 40 krämpor.

298 1327 138 39 Frågan
454 1328 39 29 är
509 1336 56 21 om
582 1337 83 20 man
681 1328 71 29 kan
769 1327 161 30 förvänta
946 1329 51 28 att
1013 1327 179 40 företagen
1209 1328 113 39 själva
1337 1328 161 29 kommer
1514 1329 51 28 att
1582 1327 161 30 utveckla

256 1380 396 30 industrihälsovården.
688 1381 147 30 Särskilt
870 1381 257 39 småföretagen
1161 1382 101 38 utgör
1295 1380 182 40 härvidlag
1511 1382 48 28 ett
1593 1380 149 30 svårlöst

254 1433 167 39 problem.
444 1433 74 29 Den
539 1433 192 30 kollektiva
750 1434 114 29 hälso-
885 1435 64 28 och
972 1434 213 39 sjukvården
1207 1435 62 29 bör
1291 1434 53 30 stå
1367 1434 112 29 under
1499 1434 152 39 enhetlig
1672 1433 70 30 led-

254 1486 92 39 ning.
370 1486 388 30 Industrihälsovården
780 1487 62 30 bör
863 1487 121 30 därför
1005 1487 233 30 underställas
1261 1487 240 39 landstingens
1522 1486 221 30 huvudman-

255 1539 145 40 naskap.
426 1539 126 30 Vidare
577 1540 63 29 bör
664 1540 186 39 övervägas
876 1542 50 28 att
950 1540 209 39 exempelvis
1184 1540 57 30 vid
1265 1540 321 39 regionsjukhusen
1610 1540 132 29 inrätta

253 1592 154 30 kliniker
434 1592 56 30 för
515 1592 324 40 yrkessjukdomar.
867 1593 103 30 Vissa
995 1593 279 30 miniminormer
1301 1594 64 29 bör
1392 1593 193 30 fastställas
1612 1592 129 30 beträf-

254 1645 104 30 fande
383 1646 175 29 storleken
582 1655 42 20 av
648 1646 134 39 företag
803 1647 65 29 där
889 1646 273 31 industriläkare
1187 1646 87 30 skall
1299 1656 84 20 vara
1406 1646 161 34 anställd,
1592 1646 150 29 bestäm-

253 1698 126 30 melser
404 1699 64 29 bör
492 1699 132 30 införas
650 1709 58 20 om
733 1702 215 36 gemensamt
974 1700 223 39 utnyttjande
1224 1709 42 20 av
1291 1700 134 29 sådana
1449 1699 118 30 läkare
1593 1700 64 29 och
1684 1708 56 21 om

253 1751 146 31 behovet
423 1761 43 20 av
490 1752 391 40 sjukvårdssakkunnig
905 1753 161 39 personal
1090 1755 92 28 samt
1207 1762 56 20 om
1288 1752 191 30 elementär
1503 1753 202 38 utrustning
1729 1752 11 29 i

253 1804 253 40 mottagnings-
521 1805 65 30 och
602 1805 323 39 behandlingsrum.

296 1857 228 31 Beträffande
543 1858 252 39 motiveringen
814 1859 11 29 i
844 1859 111 39 övrigt
975 1858 54 30 får
1048 1858 169 31 utskottet
1236 1859 148 30 hänvisa
1402 1859 51 29 till
1474 1858 132 30 motion
1626 1858 45 30 II:
1688 1858 51 30 65.

296 1911 177 30 Utskottet
493 1911 64 30 har
577 1911 175 31 inhämtat
771 1912 163 39 yttrande
955 1913 80 29 över
1055 1912 220 29 motionerna
1295 1911 81 30 från
1397 1911 343 40 arbetarskyddssty-

252 1963 124 35 relsen,
405 1965 133 29 statens
565 1964 142 30 institut
736 1964 54 30 för
818 1964 211 35 folkhälsan,
1058 1964 369 39 medicinalstyrelsen,
1456 1964 283 39 Landstingsför-

251 2016 141 34 bundet,
414 2017 431 40 Arbetsgivarföreningen
871 2018 116 34 (SAF)
1012 2019 64 29 och
1097 2017 404 40 Landsorganisationen
1525 2018 108 33 (LO).

294 2069 455 41 Arbetarskyddsstyrelsen
770 2071 154 39 påpekar
945 2073 51 28 att
1014 2071 58 30 det
1099 2071 4 29 i
1124 2071 219 30 motionerna
1363 2071 148 30 berörda
1531 2071 208 39 spörsmålet

250 2123 193 30 behandlas
468 2124 11 29 i
503 2123 283 30 internationella
812 2123 417 40 arbetsorganisationens
1256 2123 326 30 rekommendation
1607 2133 43 20 nr
1677 2124 61 29 112

251 2176 39 29 år
312 2176 83 30 1959
416 2176 177 39 angående
615 2176 352 39 företagshälsovård.
988 2177 13 29 I
1021 2186 97 30 prop.
1139 2186 41 20 nr
1201 2177 40 30 22
1261 2177 53 29 till
1337 2177 82 30 1960
1440 2177 57 30 års
1517 2176 142 40 riksdag
1680 2185 59 21 an-

251 2229 71 29 höll
348 2229 128 39 Kungl.
502 2229 105 39 Maj:t
634 2239 57 20 om
718 2229 205 39 riksdagens
948 2230 162 39 yttrande
1136 2230 176 39 angående
1339 2230 156 30 nämnda
1518 2229 221 30 rekommen-

251 2282 129 29 dation.
406 2283 13 29 I
442 2283 262 39 propositionen
729 2282 214 35 förordades,
968 2285 49 28 att
1040 2283 371 30 rekommendationen
1435 2283 112 29 skulle
1571 2283 168 29 överläm-

251 2344 63 21 nas
336 2335 52 29 till
412 2335 444 40 arbetarskyddsstyrelsen
879 2338 52 28 att
952 2345 42 21 av
1016 2336 113 29 denna
1151 2336 125 39 prövas
1300 2336 10 29 i
1334 2336 140 29 samråd
1497 2336 79 29 med
1599 2336 140 30 medici-

251 2388 232 39 nalstyrelsen
503 2389 63 29 och
588 2388 354 31 arbetsmarknadens
963 2391 126 37 parter.
1110 2389 199 39 Riksdagen
1329 2389 116 30 anslöt
1464 2388 54 40 sig
1538 2389 53 29 till
1611 2389 126 38 Kungl.

250 2441 124 39 Maj:ts
398 2441 131 40 förslag
552 2442 64 29 och
640 2441 371 31 rekommendationen
1034 2442 64 29 har
1121 2442 107 29 sedan
1251 2442 235 30 överlämnats
1510 2442 51 29 till
1586 2442 152 29 arbetar-

250 2495 315 39 skyddsstyrelsen.
593 2495 124 30 Denna
742 2495 64 30 har
831 2495 101 30 inlett
959 2495 285 39 överläggningar
1271 2495 79 29 med
1376 2497 280 37 representanter
1684 2495 54 29 för
