1888 2822
470 158 416 37 Bevillningsutskottets
908 160 222 34 betänkande
1150 163 53 31 Nr
1229 163 51 30 21.
1553 165 18 30 7

112 233 177 30 melserna.
335 232 17 31 I
377 233 121 31 sådant
529 234 191 32 hänseende
752 236 175 31 erinrades
959 247 55 21 om
1046 238 128 32 kraven
1207 241 44 35 på
1274 250 42 21 en
1339 241 186 37 smidigare
1548 243 69 30 till-

110 286 181 36 lämpning
329 296 44 21 av
408 287 41 31 de
472 287 12 30 i
507 286 235 37 stadgandena
776 289 146 31 rörande
956 290 350 34 industrirestitution
1339 293 277 33 förekommande

109 338 171 32 särskilda
322 339 173 31 villkoren
537 339 55 31 för
634 340 199 32 erhållande
875 352 45 20 av
962 343 196 31 restitution
1196 345 62 30 och
1296 345 40 31 de
1373 346 139 32 därmed
1551 348 66 30 för-

108 390 142 31 bundna
286 391 421 31 kontrollföreskrifterna.
754 393 221 32 Beträffande
1008 395 342 33 handelsrestitution
1384 398 100 31 borde
1518 400 97 35 tagas

108 442 110 31 under
250 443 232 35 omprövning
505 443 40 30 de
568 443 177 31 allmänna
769 445 182 35 principer,
976 456 71 21 som
1072 447 92 36 legat
1187 448 55 30 till
1267 450 113 34 grund
1405 450 53 30 för
1481 451 135 30 urvalet

109 504 46 21 av
186 494 40 31 de
257 494 174 36 varuslag,
466 504 71 21 som
560 496 176 35 upptagits
759 496 13 30 i
796 496 262 38 förteckningen
1081 501 81 29 över
1186 501 430 37 restitutionsberättigade

109 557 114 26 varor,
246 547 13 31 1
282 547 91 37 syfte
396 548 52 30 att
470 549 134 35 utröna,
621 548 175 32 huruvida
811 550 115 36 någon
942 551 200 37 ytterligare
1158 553 171 37 utökning
1347 554 12 30 i
1375 554 111 31 denna
1501 555 115 31 kunde

109 600 67 36 ske,
210 601 86 30 utan
326 601 53 29 att
410 600 210 36 berättigade
643 601 168 31 intressen
834 603 137 31 träddes
993 604 54 30 för
1069 607 96 29 nära.
1212 606 173 37 Slutligen
1408 607 103 31 borde
1533 618 83 26 upp-

109 653 253 30 märksammas
386 652 41 31 de
449 652 281 32 administrativa
757 654 174 32 formerna
958 656 54 30 för
1038 656 264 39 handläggning
1330 670 44 19 av
1390 660 225 30 restitutions-

109 704 182 31 ärendena.
337 703 154 31 Sålunda
513 704 104 31 borde
640 705 219 37 undersökas,
883 707 174 32 huruvida
1080 709 76 31 icke
1179 710 306 37 handläggningen
1500 712 115 31 kunde

109 756 174 31 förenklas
316 755 107 31 bland
458 758 106 29 annat
597 765 123 28 genom
755 758 74 31 dess
864 760 246 37 överflyttning
1134 762 12 30 i
1171 762 87 31 ökad
1294 763 208 37 omfattning
1536 765 80 30 från

109 809 132 36 Kungl.
275 808 102 37 Maj:t
408 808 56 31 till
492 809 376 38 generaltullstyrelsen
900 812 62 31 och
985 814 189 31 eventuellt
1198 815 79 30 från
1301 816 151 31 nämnda
1475 817 140 36 styrelse

108 861 57 31 till
188 861 255 31 vederbörande
466 861 430 39 lokaltullförvaltningar.

153 913 79 31 Med
256 913 168 31 skrivelse
446 913 65 31 den
535 914 41 30 27
599 914 79 36 juni
702 915 84 31 1928
811 916 242 33 överlämnade
1076 918 41 31 de
1139 920 219 37 sakkunniga
1377 921 238 32 »Betänkande

108 966 77 30 med
224 966 130 35 förslag
392 965 56 31 till
485 966 151 31 ändrade
673 967 256 32 bestämmelser
967 970 143 31 rörande
1147 972 283 31 tullrestitution»
1468 973 147 38 (Statens

108 1018 180 36 offentliga
311 1017 226 37 utredningar
561 1019 99 30 1928:
686 1020 63 37 15).

152 1124 75 30 Den
259 1123 228 31 förevarande
519 1125 253 35 propositionen
805 1128 39 28 är
876 1126 115 37 byggd
1014 1128 43 35 på
1081 1128 39 31 de
1143 1129 233 37 sakkunnigas
1399 1131 215 32 betänkande

108 1176 62 30 och
194 1176 140 36 förslag.

151 1227 119 32 Under
293 1228 212 35 hänvisning
527 1228 55 31 till
605 1229 246 36 föredragande
874 1230 385 36 departementschefens
1283 1235 185 31 anförande
1488 1236 54 30 till
1558 1237 57 30 det

108 1279 60 31 vid
202 1280 256 35 propositionen
492 1280 121 36 fogade
648 1282 369 36 statsrådsprotokollet
1055 1284 205 32 inskränker
1296 1287 52 35 sig
1371 1287 164 31 utskottet
1558 1289 56 30 till

107 1333 52 29 att
182 1331 63 31 här
269 1332 12 30 i
305 1331 138 31 korthet
464 1333 128 35 angiva
617 1332 40 31 de
680 1334 175 36 viktigare
879 1335 188 37 ändringar
1090 1337 12 30 i
1124 1338 202 31 nuvarande
1350 1339 263 37 bestämmelser,

107 1393 72 21 som
202 1384 57 30 det
281 1384 78 30 med
383 1385 252 35 propositionen
658 1385 196 37 framlagda
877 1387 163 37 förslaget
1061 1389 200 31 innefattar.

151 1436 84 30 Rätt
266 1436 56 30 till
354 1436 263 31 tullrestitution
650 1438 110 36 enligt
788 1439 17 37 $
829 1438 40 31 13
894 1449 101 21 mom.
1022 1440 18 30 5
1063 1441 394 38 tulltaxeförordningen
1480 1444 134 31 lämnas

107 1488 55 30 för
192 1488 219 31 närvarande
443 1488 119 32 endast
593 1490 37 30 åt
661 1491 275 37 näringsidkare,
971 1502 72 21 som
1078 1495 39 28 är
1149 1494 92 30 känd
1275 1496 109 29 såsom
1408 1495 120 31 redbar
1551 1497 62 30 och

106 1540 13 30 1
153 1541 116 35 övrigt
303 1543 123 33 prövas
460 1541 155 36 lämplig.
661 1542 195 32 Enahanda
890 1546 39 28 är
963 1545 230 32 förhållandet
1226 1546 212 32 beträffande
1465 1550 70 29 rätt
1557 1549 56 31 till

107 1592 349 31 handelsrestitution.
503 1593 162 32 Däremot
688 1596 40 29 är
751 1596 115 35 någon
889 1597 173 36 prövning
1086 1608 46 20 av
1154 1598 65 31 den
1236 1600 378 32 restitutionssökandes

106 1644 282 31 kvalifikationer
412 1645 72 30 icke
508 1646 212 31 föreskriven
744 1647 211 32 beträffande
978 1649 41 31 de
1042 1650 482 39 restitutionsmedgivanden,
1541 1663 72 21 som

106 1706 98 21 avses
228 1697 12 30 i
264 1697 17 38 $
305 1698 40 29 12
380 1698 90 30 samt
493 1698 17 38 $
534 1698 39 30 13
610 1708 102 22 mom.
749 1700 84 30 1—3
858 1710 44 21 av
925 1702 150 30 nämnda
1099 1703 215 36 förordning.
1361 1705 88 30 Häri
1473 1706 141 31 föreslås

106 1758 49 21 nu
189 1749 66 30 den
289 1749 204 36 ändringen,
527 1751 52 30 att
601 1753 88 28 även
712 1752 215 31 sistnämnda
949 1753 250 37 medgivanden
1226 1756 94 30 skola
1344 1767 83 20 vara
1450 1757 164 32 beroende

106 1802 44 35 på
173 1802 172 36 prövning
369 1812 44 20 av
437 1802 269 32 vederbörandes
730 1804 181 32 redbarhet
935 1806 61 30 och
1020 1806 206 38 lämplighet
1249 1809 12 30 i
1285 1810 123 35 övrigt.

150 1854 50 30 De
232 1854 255 32 bestämmelser
515 1856 12 29 i
550 1856 17 38 $
591 1856 40 30 13
657 1866 100 21 mom.
784 1858 18 29 5
826 1858 409 38 tulltaxeförordningen,
1260 1862 108 35 enligt
1391 1862 96 31 vilka
1510 1863 11 30 i
1545 1873 69 20 mo-

106 1908 129 29 mentet
269 1906 198 31 avhandlad
501 1908 350 32 industrirestitution
885 1912 39 28 är
956 1911 163 31 beroende
1153 1923 45 19 av
1233 1914 171 36 prövning
1439 1915 60 30 och
1525 1915 88 31 med-

106 1958 159 36 givande,
300 1959 92 30 hava
425 1959 143 31 särskilt
601 1960 56 30 till
691 1961 92 36 syfte
817 1963 52 29 att
904 1963 281 32 restitutionsrätt
1221 1965 88 30 skall
1337 1966 117 30 kunna
1478 1969 134 34 vägras,

107 2009 113 32 därest
252 2010 39 31 de
319 2011 218 37 materialier,
572 2012 55 30 för
649 2013 98 31 vilka
770 2014 263 32 tullrestitution
1056 2016 232 37 ifrågasättes,
1312 2020 59 28 äro
1394 2019 142 30 föremål
1560 2020 54 30 för

106 2062 228 37 tillverkning
358 2063 94 31 inom
476 2064 125 31 landet.
647 2065 123 37 Enligt
793 2067 165 36 förslaget
980 2070 39 28 är
1042 2070 91 29 även
1157 2069 97 37 dylik
1278 2071 70 30 rätt
1371 2071 54 30 till
1449 2071 165 32 tullresti-

104 2115 115 30 tution
242 2116 212 36 ovillkorlig,
479 2116 112 31 därest
614 2117 65 31 den
702 2118 149 31 sökande
875 2120 103 36 fyller
1001 2121 131 30 kraven
1156 2123 44 34 på
1223 2123 179 31 redbarhet
1425 2124 62 30 och
1507 2124 107 36 lämp-

106 2166 118 36 lighet.
264 2167 121 31 Denna
409 2168 149 36 ändring
581 2169 146 31 innebär
750 2180 44 20 en
816 2172 166 36 återgång
1006 2173 55 30 till
1085 2173 69 31 vad
1178 2184 73 21 som
1275 2175 113 36 gällde
1404 2176 106 30 innan
1528 2177 83 30 1911

105 2219 56 29 års
184 2218 352 37 tulltaxeförordning
559 2221 118 31 trädde
700 2222 13 30 i
736 2222 106 31 kraft.

149 2270 18 30 I
190 2271 100 35 fråga
313 2281 55 20 om
393 2271 304 37 handläggningen
719 2284 46 20 av
788 2275 149 30 ärenden
960 2277 144 30 rörande
1119 2277 131 31 allmän
1267 2279 346 31 industrirestitution

106 2321 152 37 föreslås,
291 2324 51 29 att
369 2324 216 36 prövningen
608 2335 44 20 av
676 2326 236 36 ansökningar
934 2337 55 21 om
1012 2330 69 29 rätt
1104 2329 56 30 till
1184 2330 97 35 dylik
1305 2332 195 30 restitution
1523 2332 89 30 skall

105 2374 187 31 ankomma
315 2376 43 35 på
381 2376 375 38 generaltullstyrelsen
779 2379 86 31 efter
888 2380 135 31 samråd
1046 2381 76 31 med
1146 2382 372 38 kommerskollegium,
1535 2385 78 30 från

106 2426 96 31 vilka
236 2427 89 31 båda
359 2428 218 32 ämbetsverk
612 2430 133 37 Kungl.
781 2431 101 37 Maj:t
917 2432 107 31 under
1058 2433 64 31 den
1157 2445 48 20 nu
1239 2436 159 35 gällande
1421 2437 191 36 ordningen

104 2479 117 36 plägat
256 2480 157 31 inhämta
447 2481 187 32 utlåtande.
682 2483 121 32 Denna
837 2485 195 37 anordning
1058 2487 90 30 skall
1171 2490 87 28 även
1282 2489 94 35 gälla
1399 2490 11 29 i
1434 2489 100 36 fråga
1557 2500 55 20 om

1632 1145 207 30 Propositionen.
