<?xml version="1.0" encoding="UTF-8"?>
<alto xmlns="http://www.loc.gov/standards/alto/ns-v3#" xmlns:xlink="http://www.w3.org/1999/xlink" xmlns:xsi="http://www.w3.org/2001/XMLSchema-instance" xsi:schemaLocation="http://www.loc.gov/standards/alto/ns-v3# http://www.loc.gov/alto/v3/alto-3-0.xsd">
	<Description>
		<MeasurementUnit>pixel</MeasurementUnit>
		<sourceImageInformation>
			<fileName>/tmp/tess_dgu3p8_5_input.PNG</fileName>
		</sourceImageInformation>
		<OCRProcessing ID="OCR_0">
			<ocrProcessingStep>
				<processingSoftware>
					<softwareName>tesseract 5.3.0</softwareName>
				</processingSoftware>
			</ocrProcessingStep>
		</OCRProcessing>
	</Description>
	<Layout>
		<Page WIDTH="2194" HEIGHT="2628" PHYSICAL_IMG_NR="0" ID="page_0">
			<PrintSpace HPOS="0" VPOS="0" WIDTH="2194" HEIGHT="2628">
				<ComposedBlock ID="cblock_0" HPOS="619" VPOS="187" WIDTH="715" HEIGHT="39">
					<TextBlock ID="block_0" HPOS="619" VPOS="187" WIDTH="715" HEIGHT="39">
						<TextLine ID="line_0" HPOS="619" VPOS="187" WIDTH="715" HEIGHT="39">
							<String ID="string_0" HPOS="619" VPOS="190" WIDTH="395" HEIGHT="36" WC="0.90" CONTENT="Konstitutionsutskottets"/><SP WIDTH="24" VPOS="190" HPOS="1014"/>
							<String ID="string_1" HPOS="1038" VPOS="188" WIDTH="165" HEIGHT="34" WC="0.96" CONTENT="utlåtande"/><SP WIDTH="23" VPOS="188" HPOS="1203"/>
							<String ID="string_2" HPOS="1226" VPOS="187" WIDTH="53" HEIGHT="33" WC="0.89" CONTENT="Nr"/><SP WIDTH="26" VPOS="187" HPOS="1279"/>
							<String ID="string_3" HPOS="1305" VPOS="189" WIDTH="29" HEIGHT="30" WC="0.81" CONTENT="”."/>
						</TextLine>
					</TextBlock>
				</ComposedBlock>
				<ComposedBlock ID="cblock_1" HPOS="908" VPOS="653" WIDTH="126" HEIGHT="41">
					<TextBlock ID="block_1" HPOS="908" VPOS="653" WIDTH="126" HEIGHT="41">
						<TextLine ID="line_1" HPOS="908" VPOS="653" WIDTH="126" HEIGHT="41">
							<String ID="string_4" HPOS="908" VPOS="653" WIDTH="60" HEIGHT="41" WC="0.96" CONTENT="Nr"/><SP WIDTH="29" VPOS="653" HPOS="968"/>
							<String ID="string_5" HPOS="997" VPOS="653" WIDTH="37" HEIGHT="41" WC="0.79" CONTENT="7."/>
						</TextLine>
					</TextBlock>
				</ComposedBlock>
				<ComposedBlock ID="cblock_2" HPOS="621" VPOS="811" WIDTH="1047" HEIGHT="38">
					<TextBlock ID="block_2" HPOS="621" VPOS="811" WIDTH="1047" HEIGHT="38">
						<TextLine ID="line_2" HPOS="621" VPOS="811" WIDTH="1047" HEIGHT="38">
							<String ID="string_6" HPOS="621" VPOS="818" WIDTH="113" HEIGHT="26" WC="0.94" CONTENT="Ankom"/><SP WIDTH="20" VPOS="818" HPOS="734"/>
							<String ID="string_7" HPOS="754" VPOS="816" WIDTH="42" HEIGHT="27" WC="0.94" CONTENT="till"/><SP WIDTH="20" VPOS="816" HPOS="796"/>
							<String ID="string_8" HPOS="816" VPOS="816" WIDTH="169" HEIGHT="33" WC="0.95" CONTENT="riksdagens"/><SP WIDTH="20" VPOS="816" HPOS="985"/>
							<String ID="string_9" HPOS="1005" VPOS="815" WIDTH="94" HEIGHT="27" WC="0.96" CONTENT="kansli"/><SP WIDTH="19" VPOS="815" HPOS="1099"/>
							<String ID="string_10" HPOS="1118" VPOS="815" WIDTH="56" HEIGHT="27" WC="0.97" CONTENT="den"/><SP WIDTH="19" VPOS="815" HPOS="1174"/>
							<String ID="string_11" HPOS="1193" VPOS="814" WIDTH="34" HEIGHT="26" WC="0.96" CONTENT="29"/><SP WIDTH="21" VPOS="814" HPOS="1227"/>
							<String ID="string_12" HPOS="1248" VPOS="814" WIDTH="124" HEIGHT="27" WC="0.96" CONTENT="februari"/><SP WIDTH="22" VPOS="814" HPOS="1372"/>
							<String ID="string_13" HPOS="1394" VPOS="812" WIDTH="78" HEIGHT="32" WC="0.96" CONTENT="1916,"/><SP WIDTH="21" VPOS="812" HPOS="1472"/>
							<String ID="string_14" HPOS="1493" VPOS="812" WIDTH="37" HEIGHT="26" WC="0.95" CONTENT="kl."/><SP WIDTH="21" VPOS="812" HPOS="1530"/>
							<String ID="string_15" HPOS="1551" VPOS="811" WIDTH="16" HEIGHT="26" WC="0.93" CONTENT="4"/><SP WIDTH="20" VPOS="811" HPOS="1567"/>
							<String ID="string_16" HPOS="1587" VPOS="819" WIDTH="23" HEIGHT="19" WC="0.88" CONTENT="e."/><SP WIDTH="21" VPOS="819" HPOS="1610"/>
							<String ID="string_17" HPOS="1631" VPOS="819" WIDTH="37" HEIGHT="18" WC="0.88" CONTENT="m."/>
						</TextLine>
					</TextBlock>
				</ComposedBlock>
				<ComposedBlock ID="cblock_3" HPOS="386" VPOS="956" WIDTH="1392" HEIGHT="115">
					<TextBlock ID="block_3" HPOS="386" VPOS="956" WIDTH="1392" HEIGHT="115">
						<TextLine ID="line_3" HPOS="386" VPOS="956" WIDTH="1392" HEIGHT="48">
							<String ID="string_18" HPOS="386" VPOS="964" WIDTH="440" HEIGHT="38" WC="0.91" CONTENT="Konstitutionsutskottets"/><SP WIDTH="41" VPOS="964" HPOS="826"/>
							<String ID="string_19" HPOS="867" VPOS="961" WIDTH="191" HEIGHT="43" WC="0.95" CONTENT="utlåtande,"/><SP WIDTH="38" VPOS="961" HPOS="1058"/>
							<String ID="string_20" HPOS="1096" VPOS="961" WIDTH="6" HEIGHT="34" WC="0.95" CONTENT="i"/><SP WIDTH="43" VPOS="961" HPOS="1102"/>
							<String ID="string_21" HPOS="1145" VPOS="959" WIDTH="187" HEIGHT="44" WC="0.94" CONTENT="anledning"/><SP WIDTH="34" VPOS="959" HPOS="1332"/>
							<String ID="string_22" HPOS="1366" VPOS="969" WIDTH="45" HEIGHT="24" WC="0.96" CONTENT="av"/><SP WIDTH="26" VPOS="969" HPOS="1411"/>
							<String ID="string_23" HPOS="1437" VPOS="958" WIDTH="104" HEIGHT="35" WC="0.96" CONTENT="väckt"/><SP WIDTH="26" VPOS="958" HPOS="1541"/>
							<String ID="string_24" HPOS="1567" VPOS="956" WIDTH="129" HEIGHT="35" WC="0.96" CONTENT="motion"/><SP WIDTH="28" VPOS="956" HPOS="1696"/>
							<String ID="string_25" HPOS="1724" VPOS="966" WIDTH="54" HEIGHT="25" WC="0.96" CONTENT="om"/>
						</TextLine>
						<TextLine ID="line_4" HPOS="602" VPOS="1019" WIDTH="1176" HEIGHT="52">
							<String ID="string_26" HPOS="602" VPOS="1026" WIDTH="142" HEIGHT="36" WC="0.96" CONTENT="ändrad"/><SP WIDTH="26" VPOS="1026" HPOS="744"/>
							<String ID="string_27" HPOS="770" VPOS="1024" WIDTH="127" HEIGHT="47" WC="0.93" CONTENT="lydelse"/><SP WIDTH="29" VPOS="1024" HPOS="897"/>
							<String ID="string_28" HPOS="926" VPOS="1035" WIDTH="44" HEIGHT="24" WC="0.97" CONTENT="av"/><SP WIDTH="27" VPOS="1035" HPOS="970"/>
							<String ID="string_29" HPOS="997" VPOS="1024" WIDTH="50" HEIGHT="34" WC="0.95" CONTENT="12"/><SP WIDTH="27" VPOS="1024" HPOS="1047"/>
							<String ID="string_30" HPOS="1074" VPOS="1023" WIDTH="59" HEIGHT="47" WC="0.60" CONTENT="$i"/><SP WIDTH="16" VPOS="1023" HPOS="1133"/>
							<String ID="string_31" HPOS="1149" VPOS="1021" WIDTH="258" HEIGHT="45" WC="0.96" CONTENT="förordningen"/><SP WIDTH="29" VPOS="1021" HPOS="1407"/>
							<String ID="string_32" HPOS="1436" VPOS="1030" WIDTH="54" HEIGHT="25" WC="0.91" CONTENT="om"/><SP WIDTH="29" VPOS="1030" HPOS="1490"/>
							<String ID="string_33" HPOS="1519" VPOS="1019" WIDTH="259" HEIGHT="46" WC="0.91" CONTENT="kyrkostämma"/>
						</TextLine>
					</TextBlock>
				</ComposedBlock>
				<ComposedBlock ID="cblock_4" HPOS="603" VPOS="1085" WIDTH="562" HEIGHT="49">
					<TextBlock ID="block_4" HPOS="603" VPOS="1085" WIDTH="562" HEIGHT="49">
						<TextLine ID="line_5" HPOS="603" VPOS="1085" WIDTH="562" HEIGHT="49">
							<String ID="string_34" HPOS="603" VPOS="1093" WIDTH="91" HEIGHT="32" WC="0.96" CONTENT="samt"/><SP WIDTH="28" VPOS="1093" HPOS="694"/>
							<String ID="string_35" HPOS="722" VPOS="1088" WIDTH="177" HEIGHT="46" WC="0.96" CONTENT="kyrkoråd"/><SP WIDTH="26" VPOS="1088" HPOS="899"/>
							<String ID="string_36" HPOS="925" VPOS="1087" WIDTH="61" HEIGHT="36" WC="0.93" CONTENT="och"/><SP WIDTH="28" VPOS="1087" HPOS="986"/>
							<String ID="string_37" HPOS="1014" VPOS="1085" WIDTH="151" HEIGHT="37" WC="0.91" CONTENT="skolråd."/>
						</TextLine>
					</TextBlock>
				</ComposedBlock>
				<ComposedBlock ID="cblock_5" HPOS="388" VPOS="1240" WIDTH="1394" HEIGHT="147">
					<TextBlock ID="block_5" HPOS="388" VPOS="1240" WIDTH="1394" HEIGHT="147">
						<TextLine ID="line_6" HPOS="388" VPOS="1240" WIDTH="1391" HEIGHT="39">
							<String ID="string_38" HPOS="388" VPOS="1249" WIDTH="200" HEIGHT="30" WC="0.96" CONTENT="Närvarande:"/><SP WIDTH="19" VPOS="1249" HPOS="588"/>
							<String ID="string_39" HPOS="607" VPOS="1250" WIDTH="100" HEIGHT="25" WC="0.96" CONTENT="herrar"/><SP WIDTH="27" VPOS="1250" HPOS="707"/>
							<String ID="string_40" HPOS="734" VPOS="1247" WIDTH="89" HEIGHT="32" WC="0.96" CONTENT="Edén,"/><SP WIDTH="29" VPOS="1247" HPOS="823"/>
							<String ID="string_41" HPOS="852" VPOS="1246" WIDTH="113" HEIGHT="31" WC="0.37" CONTENT="Clason,"/><SP WIDTH="20" VPOS="1246" HPOS="965"/>
							<String ID="string_42" HPOS="985" VPOS="1244" WIDTH="154" HEIGHT="32" WC="0.91" CONTENT="Bellinder,"/><SP WIDTH="27" VPOS="1244" HPOS="1139"/>
							<String ID="string_43" HPOS="1166" VPOS="1244" WIDTH="35" HEIGHT="25" WC="0.92" CONTENT="K."/><SP WIDTH="25" VPOS="1244" HPOS="1201"/>
							<String ID="string_44" HPOS="1226" VPOS="1243" WIDTH="26" HEIGHT="26" WC="0.92" CONTENT="J."/><SP WIDTH="20" VPOS="1243" HPOS="1252"/>
							<String ID="string_45" HPOS="1272" VPOS="1242" WIDTH="135" HEIGHT="30" WC="0.95" CONTENT="Ekman”,"/><SP WIDTH="21" VPOS="1242" HPOS="1407"/>
							<String ID="string_46" HPOS="1428" VPOS="1249" WIDTH="57" HEIGHT="19" WC="0.96" CONTENT="von"/><SP WIDTH="20" VPOS="1249" HPOS="1485"/>
							<String ID="string_47" HPOS="1505" VPOS="1240" WIDTH="106" HEIGHT="34" WC="0.93" CONTENT="Geijer,"/><SP WIDTH="21" VPOS="1240" HPOS="1611"/>
							<String ID="string_48" HPOS="1632" VPOS="1240" WIDTH="147" HEIGHT="30" WC="0.91" CONTENT="Stadener,"/>
						</TextLine>
						<TextLine ID="line_7" HPOS="604" VPOS="1275" WIDTH="1177" HEIGHT="40">
							<String ID="string_49" HPOS="604" VPOS="1291" WIDTH="57" HEIGHT="20" WC="0.96" CONTENT="von"/><SP WIDTH="19" VPOS="1291" HPOS="661"/>
							<String ID="string_50" HPOS="680" VPOS="1284" WIDTH="87" HEIGHT="31" WC="0.96" CONTENT="Bahr,"/><SP WIDTH="20" VPOS="1284" HPOS="767"/>
							<String ID="string_51" HPOS="787" VPOS="1291" WIDTH="57" HEIGHT="18" WC="0.96" CONTENT="von"/><SP WIDTH="21" VPOS="1291" HPOS="844"/>
							<String ID="string_52" HPOS="865" VPOS="1281" WIDTH="192" HEIGHT="33" WC="0.96" CONTENT="Zweigbergk,"/><SP WIDTH="26" VPOS="1281" HPOS="1057"/>
							<String ID="string_53" HPOS="1083" VPOS="1287" WIDTH="85" HEIGHT="25" WC="0.96" CONTENT="greve"/><SP WIDTH="19" VPOS="1287" HPOS="1168"/>
							<String ID="string_54" HPOS="1187" VPOS="1279" WIDTH="164" HEIGHT="26" WC="0.96" CONTENT="Alexander"/><SP WIDTH="18" VPOS="1279" HPOS="1351"/>
							<String ID="string_55" HPOS="1369" VPOS="1277" WIDTH="159" HEIGHT="31" WC="0.96" CONTENT="Hamilton,"/><SP WIDTH="19" VPOS="1277" HPOS="1528"/>
							<String ID="string_56" HPOS="1547" VPOS="1277" WIDTH="113" HEIGHT="31" WC="0.94" CONTENT="August"/><SP WIDTH="17" VPOS="1277" HPOS="1660"/>
							<String ID="string_57" HPOS="1677" VPOS="1275" WIDTH="104" HEIGHT="33" WC="0.55" CONTENT="Ljung:"/>
						</TextLine>
						<TextLine ID="line_8" HPOS="606" VPOS="1310" WIDTH="1176" HEIGHT="44">
							<String ID="string_58" HPOS="606" VPOS="1328" WIDTH="80" HEIGHT="26" WC="0.93" CONTENT="gren,"/><SP WIDTH="28" VPOS="1328" HPOS="686"/>
							<String ID="string_59" HPOS="714" VPOS="1318" WIDTH="151" HEIGHT="30" WC="0.91" CONTENT="Klefbeck,"/><SP WIDTH="30" VPOS="1318" HPOS="865"/>
							<String ID="string_60" HPOS="895" VPOS="1318" WIDTH="125" HEIGHT="25" WC="0.96" CONTENT="Larsson"/><SP WIDTH="19" VPOS="1318" HPOS="1020"/>
							<String ID="string_61" HPOS="1039" VPOS="1316" WIDTH="10" HEIGHT="26" WC="0.96" CONTENT="i"/><SP WIDTH="18" VPOS="1316" HPOS="1049"/>
							<String ID="string_62" HPOS="1067" VPOS="1315" WIDTH="147" HEIGHT="30" WC="0.96" CONTENT="Västerås,"/><SP WIDTH="19" VPOS="1315" HPOS="1214"/>
							<String ID="string_63" HPOS="1233" VPOS="1314" WIDTH="178" HEIGHT="33" WC="0.96" CONTENT="Magnusson"/><SP WIDTH="18" VPOS="1314" HPOS="1411"/>
							<String ID="string_64" HPOS="1429" VPOS="1313" WIDTH="10" HEIGHT="26" WC="0.96" CONTENT="i"/><SP WIDTH="19" VPOS="1313" HPOS="1439"/>
							<String ID="string_65" HPOS="1458" VPOS="1312" WIDTH="145" HEIGHT="32" WC="0.86" CONTENT="Tumhult,"/><SP WIDTH="27" VPOS="1312" HPOS="1603"/>
							<String ID="string_66" HPOS="1630" VPOS="1312" WIDTH="123" HEIGHT="25" WC="0.96" CONTENT="Persson"/><SP WIDTH="19" VPOS="1312" HPOS="1753"/>
							<String ID="string_67" HPOS="1772" VPOS="1310" WIDTH="10" HEIGHT="26" WC="0.96" CONTENT="i"/>
						</TextLine>
						<TextLine ID="line_9" HPOS="605" VPOS="1342" WIDTH="1176" HEIGHT="45">
							<String ID="string_68" HPOS="605" VPOS="1355" WIDTH="130" HEIGHT="32" WC="0.95" CONTENT="Malmö”,"/><SP WIDTH="19" VPOS="1355" HPOS="735"/>
							<String ID="string_69" HPOS="754" VPOS="1355" WIDTH="64" HEIGHT="31" WC="0.93" CONTENT="Räf,"/><SP WIDTH="22" VPOS="1355" HPOS="818"/>
							<String ID="string_70" HPOS="840" VPOS="1353" WIDTH="143" HEIGHT="32" WC="0.26" CONTENT="Waldén”,"/><SP WIDTH="21" VPOS="1353" HPOS="983"/>
							<String ID="string_71" HPOS="1004" VPOS="1352" WIDTH="133" HEIGHT="26" WC="0.92" CONTENT="Ericsson"/><SP WIDTH="19" VPOS="1352" HPOS="1137"/>
							<String ID="string_72" HPOS="1156" VPOS="1351" WIDTH="10" HEIGHT="25" WC="0.96" CONTENT="i"/><SP WIDTH="19" VPOS="1351" HPOS="1166"/>
							<String ID="string_73" HPOS="1185" VPOS="1351" WIDTH="118" HEIGHT="30" WC="0.96" CONTENT="Vallsta,"/><SP WIDTH="21" VPOS="1351" HPOS="1303"/>
							<String ID="string_74" HPOS="1324" VPOS="1349" WIDTH="113" HEIGHT="32" WC="0.95" CONTENT="Hallén,"/><SP WIDTH="20" VPOS="1349" HPOS="1437"/>
							<String ID="string_75" HPOS="1457" VPOS="1347" WIDTH="182" HEIGHT="28" WC="0.96" CONTENT="Hildebrand"/><SP WIDTH="12" VPOS="1347" HPOS="1639"/>
							<String ID="string_76" HPOS="1651" VPOS="1347" WIDTH="54" HEIGHT="26" WC="0.95" CONTENT="och"/><SP WIDTH="11" VPOS="1347" HPOS="1705"/>
							<String ID="string_77" HPOS="1716" VPOS="1342" WIDTH="65" HEIGHT="41" WC="0.90" CONTENT="Hal-"/>
						</TextLine>
					</TextBlock>
				</ComposedBlock>
				<ComposedBlock ID="cblock_6" HPOS="605" VPOS="1391" WIDTH="151" HEIGHT="27">
					<TextBlock ID="block_6" HPOS="605" VPOS="1391" WIDTH="151" HEIGHT="27">
						<TextLine ID="line_10" HPOS="605" VPOS="1391" WIDTH="151" HEIGHT="27">
							<String ID="string_78" HPOS="605" VPOS="1391" WIDTH="151" HEIGHT="27" WC="0.70" CONTENT="lendorff”."/>
						</TextLine>
					</TextBlock>
				</ComposedBlock>
				<ComposedBlock ID="cblock_7" HPOS="642" VPOS="1457" WIDTH="701" HEIGHT="40">
					<TextBlock ID="block_7" HPOS="642" VPOS="1457" WIDTH="701" HEIGHT="40">
						<TextLine ID="line_11" HPOS="642" VPOS="1457" WIDTH="701" HEIGHT="40">
							<String ID="string_79" HPOS="642" VPOS="1465" WIDTH="15" HEIGHT="16" WC="0.83" CONTENT="+"/><SP WIDTH="19" VPOS="1465" HPOS="657"/>
							<String ID="string_80" HPOS="676" VPOS="1463" WIDTH="35" HEIGHT="34" WC="0.96" CONTENT="Ej"/><SP WIDTH="21" VPOS="1463" HPOS="711"/>
							<String ID="string_81" HPOS="732" VPOS="1461" WIDTH="179" HEIGHT="29" WC="0.96" CONTENT="närvarande"/><SP WIDTH="19" VPOS="1461" HPOS="911"/>
							<String ID="string_82" HPOS="930" VPOS="1461" WIDTH="49" HEIGHT="26" WC="0.93" CONTENT="vid"/><SP WIDTH="19" VPOS="1461" HPOS="979"/>
							<String ID="string_83" HPOS="998" VPOS="1459" WIDTH="176" HEIGHT="27" WC="0.92" CONTENT="utlåtandets"/><SP WIDTH="18" VPOS="1459" HPOS="1174"/>
							<String ID="string_84" HPOS="1192" VPOS="1457" WIDTH="151" HEIGHT="35" WC="0.96" CONTENT="justering."/>
						</TextLine>
					</TextBlock>
				</ComposedBlock>
				<ComposedBlock ID="cblock_8" HPOS="182" VPOS="1599" WIDTH="1602" HEIGHT="167">
					<TextBlock ID="block_8" HPOS="182" VPOS="1599" WIDTH="1602" HEIGHT="167">
						<TextLine ID="line_12" HPOS="287" VPOS="1599" WIDTH="1497" HEIGHT="50">
							<String ID="string_85" HPOS="287" VPOS="1614" WIDTH="18" HEIGHT="35" WC="0.96" CONTENT="I"/><SP WIDTH="28" VPOS="1614" HPOS="305"/>
							<String ID="string_86" HPOS="333" VPOS="1625" WIDTH="46" HEIGHT="23" WC="0.96" CONTENT="en"/><SP WIDTH="28" VPOS="1625" HPOS="379"/>
							<String ID="string_87" HPOS="407" VPOS="1612" WIDTH="98" HEIGHT="36" WC="0.96" CONTENT="inom"/><SP WIDTH="30" VPOS="1612" HPOS="505"/>
							<String ID="string_88" HPOS="535" VPOS="1610" WIDTH="112" HEIGHT="36" WC="0.96" CONTENT="andra"/><SP WIDTH="21" VPOS="1610" HPOS="647"/>
							<String ID="string_89" HPOS="668" VPOS="1608" WIDTH="210" HEIGHT="36" WC="0.96" CONTENT="kammaren"/><SP WIDTH="25" VPOS="1608" HPOS="878"/>
							<String ID="string_90" HPOS="903" VPOS="1605" WIDTH="119" HEIGHT="44" WC="0.96" CONTENT="väckt,"/><SP WIDTH="27" VPOS="1605" HPOS="1022"/>
							<String ID="string_91" HPOS="1049" VPOS="1604" WIDTH="57" HEIGHT="36" WC="0.93" CONTENT="till"/><SP WIDTH="29" VPOS="1604" HPOS="1106"/>
							<String ID="string_92" HPOS="1135" VPOS="1601" WIDTH="442" HEIGHT="39" WC="0.92" CONTENT="konstitutionsutskottet"/><SP WIDTH="29" VPOS="1601" HPOS="1577"/>
							<String ID="string_93" HPOS="1606" VPOS="1599" WIDTH="178" HEIGHT="37" WC="0.96" CONTENT="hänvisad"/>
						</TextLine>
						<TextLine ID="line_13" HPOS="182" VPOS="1652" WIDTH="1599" HEIGHT="58">
							<String ID="string_94" HPOS="182" VPOS="1667" WIDTH="146" HEIGHT="43" WC="0.96" CONTENT="motion,"/><SP WIDTH="39" VPOS="1667" HPOS="328"/>
							<String ID="string_95" HPOS="367" VPOS="1679" WIDTH="45" HEIGHT="22" WC="0.96" CONTENT="nr"/><SP WIDTH="35" VPOS="1679" HPOS="412"/>
							<String ID="string_96" HPOS="447" VPOS="1667" WIDTH="61" HEIGHT="41" WC="0.96" CONTENT="56,"/><SP WIDTH="41" VPOS="1667" HPOS="508"/>
							<String ID="string_97" HPOS="549" VPOS="1664" WIDTH="66" HEIGHT="35" WC="0.96" CONTENT="har"/><SP WIDTH="27" VPOS="1664" HPOS="615"/>
							<String ID="string_98" HPOS="642" VPOS="1663" WIDTH="85" HEIGHT="35" WC="0.93" CONTENT="herr"/><SP WIDTH="35" VPOS="1663" HPOS="727"/>
							<String ID="string_99" HPOS="762" VPOS="1661" WIDTH="242" HEIGHT="36" WC="0.77" CONTENT="Vennerström"/><SP WIDTH="19" VPOS="1661" HPOS="1004"/>
							<String ID="string_100" HPOS="1023" VPOS="1658" WIDTH="194" HEIGHT="44" WC="0.91" CONTENT="hemställt,"/><SP WIDTH="31" VPOS="1658" HPOS="1217"/>
							<String ID="string_101" HPOS="1248" VPOS="1659" WIDTH="54" HEIGHT="33" WC="0.96" CONTENT="att"/><SP WIDTH="27" VPOS="1659" HPOS="1302"/>
							<String ID="string_102" HPOS="1329" VPOS="1655" WIDTH="198" HEIGHT="47" WC="0.96" CONTENT="riksdagen"/><SP WIDTH="28" VPOS="1655" HPOS="1527"/>
							<String ID="string_103" HPOS="1555" VPOS="1654" WIDTH="57" HEIGHT="36" WC="0.96" CONTENT="för"/><SP WIDTH="23" VPOS="1654" HPOS="1612"/>
							<String ID="string_104" HPOS="1635" VPOS="1653" WIDTH="57" HEIGHT="36" WC="0.96" CONTENT="sin"/><SP WIDTH="30" VPOS="1653" HPOS="1692"/>
							<String ID="string_105" HPOS="1722" VPOS="1652" WIDTH="59" HEIGHT="36" WC="0.96" CONTENT="del"/>
						</TextLine>
						<TextLine ID="line_14" HPOS="183" VPOS="1706" WIDTH="1599" HEIGHT="60">
							<String ID="string_106" HPOS="183" VPOS="1723" WIDTH="110" HEIGHT="34" WC="0.96" CONTENT="måtte"/><SP WIDTH="29" VPOS="1723" HPOS="293"/>
							<String ID="string_107" HPOS="322" VPOS="1720" WIDTH="143" HEIGHT="35" WC="0.96" CONTENT="besluta"/><SP WIDTH="29" VPOS="1720" HPOS="465"/>
							<String ID="string_108" HPOS="494" VPOS="1716" WIDTH="159" HEIGHT="50" WC="0.95" CONTENT="följande"/><SP WIDTH="28" VPOS="1716" HPOS="653"/>
							<String ID="string_109" HPOS="681" VPOS="1714" WIDTH="216" HEIGHT="37" WC="0.96" CONTENT="förändrade"/><SP WIDTH="28" VPOS="1714" HPOS="897"/>
							<String ID="string_110" HPOS="925" VPOS="1712" WIDTH="138" HEIGHT="48" WC="0.96" CONTENT="lydelse"/><SP WIDTH="28" VPOS="1712" HPOS="1063"/>
							<String ID="string_111" HPOS="1091" VPOS="1723" WIDTH="44" HEIGHT="24" WC="0.93" CONTENT="av"/><SP WIDTH="20" VPOS="1723" HPOS="1135"/>
							<String ID="string_112" HPOS="1155" VPOS="1711" WIDTH="23" HEIGHT="46" WC="0.92" CONTENT="$"/><SP WIDTH="33" VPOS="1711" HPOS="1178"/>
							<String ID="string_113" HPOS="1211" VPOS="1712" WIDTH="46" HEIGHT="34" WC="0.96" CONTENT="12"/><SP WIDTH="28" VPOS="1712" HPOS="1257"/>
							<String ID="string_114" HPOS="1285" VPOS="1709" WIDTH="13" HEIGHT="36" WC="0.96" CONTENT="i"/><SP WIDTH="19" VPOS="1709" HPOS="1298"/>
							<String ID="string_115" HPOS="1317" VPOS="1708" WIDTH="178" HEIGHT="48" WC="0.96" CONTENT="kungliga"/><SP WIDTH="26" VPOS="1708" HPOS="1495"/>
							<String ID="string_116" HPOS="1521" VPOS="1706" WIDTH="261" HEIGHT="47" WC="0.96" CONTENT="förordningen"/>
						</TextLine>
					</TextBlock>
				</ComposedBlock>
				<ComposedBlock ID="cblock_9" HPOS="182" VPOS="1767" WIDTH="952" HEIGHT="49">
					<TextBlock ID="block_9" HPOS="182" VPOS="1767" WIDTH="952" HEIGHT="49">
						<TextLine ID="line_15" HPOS="182" VPOS="1767" WIDTH="952" HEIGHT="49">
							<String ID="string_117" HPOS="182" VPOS="1776" WIDTH="70" HEIGHT="35" WC="0.96" CONTENT="den"/><SP WIDTH="32" VPOS="1776" HPOS="252"/>
							<String ID="string_118" HPOS="284" VPOS="1776" WIDTH="45" HEIGHT="33" WC="0.96" CONTENT="31"/><SP WIDTH="36" VPOS="1776" HPOS="329"/>
							<String ID="string_119" HPOS="365" VPOS="1784" WIDTH="96" HEIGHT="24" WC="0.95" CONTENT="mars"/><SP WIDTH="32" VPOS="1784" HPOS="461"/>
							<String ID="string_120" HPOS="493" VPOS="1772" WIDTH="100" HEIGHT="34" WC="0.96" CONTENT="1862"/><SP WIDTH="30" VPOS="1772" HPOS="593"/>
							<String ID="string_121" HPOS="623" VPOS="1782" WIDTH="57" HEIGHT="23" WC="0.93" CONTENT="om"/><SP WIDTH="28" VPOS="1782" HPOS="680"/>
							<String ID="string_122" HPOS="708" VPOS="1767" WIDTH="275" HEIGHT="49" WC="0.91" CONTENT="kyrkostämma"/><SP WIDTH="28" VPOS="1767" HPOS="983"/>
							<String ID="string_123" HPOS="1011" VPOS="1777" WIDTH="46" HEIGHT="23" WC="0.90" CONTENT="m."/><SP WIDTH="32" VPOS="1777" HPOS="1057"/>
							<String ID="string_124" HPOS="1089" VPOS="1777" WIDTH="45" HEIGHT="23" WC="0.91" CONTENT="m."/>
						</TextLine>
					</TextBlock>
				</ComposedBlock>
				<ComposedBlock ID="cblock_10" HPOS="184" VPOS="1896" WIDTH="745" HEIGHT="199">
					<TextBlock ID="block_10" HPOS="184" VPOS="1896" WIDTH="745" HEIGHT="199">
						<TextLine ID="line_16" HPOS="188" VPOS="1896" WIDTH="741" HEIGHT="48">
							<String ID="string_125" HPOS="188" VPOS="1919" WIDTH="16" HEIGHT="17" WC="0.89" CONTENT="»"/><SP WIDTH="7" VPOS="1919" HPOS="204"/>
							<String ID="string_126" HPOS="211" VPOS="1899" WIDTH="159" HEIGHT="37" WC="0.96" CONTENT="Kallelse"/><SP WIDTH="29" VPOS="1899" HPOS="370"/>
							<String ID="string_127" HPOS="399" VPOS="1897" WIDTH="57" HEIGHT="37" WC="0.93" CONTENT="till"/><SP WIDTH="28" VPOS="1897" HPOS="456"/>
							<String ID="string_128" HPOS="484" VPOS="1896" WIDTH="273" HEIGHT="48" WC="0.91" CONTENT="kyrkostämma"/><SP WIDTH="36" VPOS="1896" HPOS="757"/>
							<String ID="string_129" HPOS="793" VPOS="1914" WIDTH="48" HEIGHT="4" WC="0.88" CONTENT="—"/><SP WIDTH="38" VPOS="1914" HPOS="841"/>
							<String ID="string_130" HPOS="879" VPOS="1914" WIDTH="50" HEIGHT="3" WC="0.79" CONTENT="—"/>
						</TextLine>
						<TextLine ID="line_17" HPOS="184" VPOS="1950" WIDTH="745" HEIGHT="49">
							<String ID="string_131" HPOS="184" VPOS="1953" WIDTH="81" HEIGHT="36" WC="0.96" CONTENT="Har"/><SP WIDTH="20" VPOS="1953" HPOS="265"/>
							<String ID="string_132" HPOS="285" VPOS="1950" WIDTH="240" HEIGHT="49" WC="0.93" CONTENT="domkapitlet"/><SP WIDTH="54" VPOS="1950" HPOS="525"/>
							<String ID="string_133" HPOS="579" VPOS="1971" WIDTH="22" HEIGHT="4" WC="0.91" CONTENT="—"/><SP WIDTH="42" VPOS="1971" HPOS="601"/>
							<String ID="string_134" HPOS="643" VPOS="1970" WIDTH="36" HEIGHT="4" WC="0.88" CONTENT="—"/><SP WIDTH="35" VPOS="1970" HPOS="679"/>
							<String ID="string_135" HPOS="714" VPOS="1969" WIDTH="40" HEIGHT="4" WC="0.73" CONTENT="—"/><SP WIDTH="38" VPOS="1969" HPOS="754"/>
							<String ID="string_136" HPOS="792" VPOS="1968" WIDTH="50" HEIGHT="4" WC="0.47" CONTENT="—"/><SP WIDTH="37" VPOS="1968" HPOS="842"/>
							<String ID="string_137" HPOS="879" VPOS="1967" WIDTH="50" HEIGHT="4" WC="0.41" CONTENT="—"/>
						</TextLine>
						<TextLine ID="line_18" HPOS="185" VPOS="2003" WIDTH="738" HEIGHT="50">
							<String ID="string_138" HPOS="185" VPOS="2005" WIDTH="254" HEIGHT="48" WC="0.91" CONTENT="Kungörelsen"/><SP WIDTH="37" VPOS="2005" HPOS="439"/>
							<String ID="string_139" HPOS="476" VPOS="2003" WIDTH="170" HEIGHT="48" WC="0.86" CONTENT="uppläses"/><SP WIDTH="57" VPOS="2003" HPOS="646"/>
							<String ID="string_140" HPOS="703" VPOS="2022" WIDTH="48" HEIGHT="5" WC="0.13" CONTENT="-—"/><SP WIDTH="38" VPOS="2022" HPOS="751"/>
							<String ID="string_141" HPOS="789" VPOS="2022" WIDTH="48" HEIGHT="3" WC="0.91" CONTENT="—"/><SP WIDTH="40" VPOS="2022" HPOS="837"/>
							<String ID="string_142" HPOS="877" VPOS="2021" WIDTH="46" HEIGHT="4" WC="0.89" CONTENT="—"/>
						</TextLine>
						<TextLine ID="line_19" HPOS="186" VPOS="2059" WIDTH="742" HEIGHT="36">
							<String ID="string_143" HPOS="186" VPOS="2060" WIDTH="69" HEIGHT="35" WC="0.96" CONTENT="För"/><SP WIDTH="29" VPOS="2060" HPOS="255"/>
							<String ID="string_144" HPOS="284" VPOS="2059" WIDTH="133" HEIGHT="35" WC="0.91" CONTENT="ärende"/><SP WIDTH="30" VPOS="2059" HPOS="417"/>
							<String ID="string_145" HPOS="447" VPOS="2079" WIDTH="49" HEIGHT="3" WC="0.89" CONTENT="—"/><SP WIDTH="32" VPOS="2079" HPOS="496"/>
							<String ID="string_146" HPOS="528" VPOS="2079" WIDTH="47" HEIGHT="3" WC="0.88" CONTENT="—"/><SP WIDTH="40" VPOS="2079" HPOS="575"/>
							<String ID="string_147" HPOS="615" VPOS="2076" WIDTH="49" HEIGHT="5" WC="0.77" CONTENT="—"/><SP WIDTH="38" VPOS="2076" HPOS="664"/>
							<String ID="string_148" HPOS="702" VPOS="2075" WIDTH="46" HEIGHT="5" WC="0.73" CONTENT="—"/><SP WIDTH="42" VPOS="2075" HPOS="748"/>
							<String ID="string_149" HPOS="790" VPOS="2074" WIDTH="47" HEIGHT="5" WC="0.74" CONTENT="—"/><SP WIDTH="41" VPOS="2074" HPOS="837"/>
							<String ID="string_150" HPOS="878" VPOS="2074" WIDTH="50" HEIGHT="5" WC="0.84" CONTENT="—"/>
						</TextLine>
					</TextBlock>
				</ComposedBlock>
				<ComposedBlock ID="cblock_11" HPOS="293" VPOS="2104" WIDTH="915" HEIGHT="53">
					<TextBlock ID="block_11" HPOS="293" VPOS="2104" WIDTH="915" HEIGHT="53">
						<TextLine ID="line_20" HPOS="293" VPOS="2104" WIDTH="915" HEIGHT="53">
							<String ID="string_151" HPOS="293" VPOS="2112" WIDTH="169" HEIGHT="36" WC="0.93" CONTENT="Beslutar"/><SP WIDTH="37" VPOS="2112" HPOS="462"/>
							<String ID="string_152" HPOS="499" VPOS="2109" WIDTH="284" HEIGHT="48" WC="0.91" CONTENT="kyrkostämma,"/><SP WIDTH="35" VPOS="2109" HPOS="783"/>
							<String ID="string_153" HPOS="818" VPOS="2109" WIDTH="53" HEIGHT="33" WC="0.96" CONTENT="att"/><SP WIDTH="35" VPOS="2109" HPOS="871"/>
							<String ID="string_154" HPOS="906" VPOS="2104" WIDTH="217" HEIGHT="47" WC="0.96" CONTENT="kungörelse"/><SP WIDTH="28" VPOS="2104" HPOS="1123"/>
							<String ID="string_155" HPOS="1151" VPOS="2115" WIDTH="57" HEIGHT="23" WC="0.97" CONTENT="om"/>
						</TextLine>
					</TextBlock>
				</ComposedBlock>
				<ComposedBlock ID="cblock_12" HPOS="188" VPOS="2219" WIDTH="269" HEIGHT="36">
					<TextBlock ID="block_12" HPOS="188" VPOS="2219" WIDTH="269" HEIGHT="36">
						<TextLine ID="line_21" HPOS="188" VPOS="2219" WIDTH="269" HEIGHT="36">
							<String ID="string_156" HPOS="188" VPOS="2219" WIDTH="107" HEIGHT="36" WC="0.92" CONTENT="stalta"/><SP WIDTH="28" VPOS="2219" HPOS="295"/>
							<String ID="string_157" HPOS="323" VPOS="2219" WIDTH="134" HEIGHT="35" WC="0.95" CONTENT="därom."/>
						</TextLine>
					</TextBlock>
				</ComposedBlock>
				<ComposedBlock ID="cblock_13" HPOS="188" VPOS="2099" WIDTH="1601" HEIGHT="113">
					<TextBlock ID="block_13" HPOS="188" VPOS="2099" WIDTH="1601" HEIGHT="113">
						<TextLine ID="line_22" HPOS="1237" VPOS="2099" WIDTH="552" HEIGHT="50">
							<String ID="string_158" HPOS="1237" VPOS="2107" WIDTH="152" HEIGHT="30" WC="0.95" CONTENT="stämma"/><SP WIDTH="24" VPOS="2107" HPOS="1389"/>
							<String ID="string_159" HPOS="1413" VPOS="2100" WIDTH="136" HEIGHT="49" WC="0.96" CONTENT="jämväl"/><SP WIDTH="28" VPOS="2100" HPOS="1549"/>
							<String ID="string_160" HPOS="1577" VPOS="2100" WIDTH="65" HEIGHT="35" WC="0.96" CONTENT="bör"/><SP WIDTH="28" VPOS="2100" HPOS="1642"/>
							<String ID="string_161" HPOS="1670" VPOS="2099" WIDTH="119" HEIGHT="35" WC="0.96" CONTENT="anslås"/>
						</TextLine>
						<TextLine ID="line_23" HPOS="188" VPOS="2152" WIDTH="1595" HEIGHT="60">
							<String ID="string_162" HPOS="188" VPOS="2169" WIDTH="21" HEIGHT="32" WC="0.92" CONTENT="å"/><SP WIDTH="30" VPOS="2169" HPOS="209"/>
							<String ID="string_163" HPOS="239" VPOS="2166" WIDTH="74" HEIGHT="36" WC="0.96" CONTENT="viss"/><SP WIDTH="29" VPOS="2166" HPOS="313"/>
							<String ID="string_164" HPOS="342" VPOS="2165" WIDTH="94" HEIGHT="47" WC="0.96" CONTENT="plats"/><SP WIDTH="29" VPOS="2165" HPOS="436"/>
							<String ID="string_165" HPOS="465" VPOS="2163" WIDTH="97" HEIGHT="36" WC="0.96" CONTENT="inom"/><SP WIDTH="31" VPOS="2163" HPOS="562"/>
							<String ID="string_166" HPOS="593" VPOS="2160" WIDTH="268" HEIGHT="47" WC="0.96" CONTENT="församlingen,"/><SP WIDTH="37" VPOS="2160" HPOS="861"/>
							<String ID="string_167" HPOS="898" VPOS="2158" WIDTH="95" HEIGHT="36" WC="0.96" CONTENT="skall"/><SP WIDTH="28" VPOS="2158" HPOS="993"/>
							<String ID="string_168" HPOS="1021" VPOS="2156" WIDTH="251" HEIGHT="43" WC="0.96" CONTENT="ordföranden,"/><SP WIDTH="31" VPOS="2156" HPOS="1272"/>
							<String ID="string_169" HPOS="1303" VPOS="2155" WIDTH="65" HEIGHT="35" WC="0.96" CONTENT="där"/><SP WIDTH="28" VPOS="2155" HPOS="1368"/>
							<String ID="string_170" HPOS="1396" VPOS="2157" WIDTH="39" HEIGHT="32" WC="0.96" CONTENT="så"/><SP WIDTH="29" VPOS="2157" HPOS="1435"/>
							<String ID="string_171" HPOS="1464" VPOS="2153" WIDTH="65" HEIGHT="36" WC="0.96" CONTENT="ske"/><SP WIDTH="29" VPOS="2153" HPOS="1529"/>
							<String ID="string_172" HPOS="1558" VPOS="2153" WIDTH="83" HEIGHT="44" WC="0.92" CONTENT="kan,"/><SP WIDTH="32" VPOS="2153" HPOS="1641"/>
							<String ID="string_173" HPOS="1673" VPOS="2152" WIDTH="110" HEIGHT="36" WC="0.89" CONTENT="föran:"/>
						</TextLine>
					</TextBlock>
				</ComposedBlock>
				<ComposedBlock ID="cblock_14" HPOS="295" VPOS="2258" WIDTH="1494" HEIGHT="60">
					<TextBlock ID="block_14" HPOS="295" VPOS="2258" WIDTH="1494" HEIGHT="60">
						<TextLine ID="line_24" HPOS="295" VPOS="2258" WIDTH="1494" HEIGHT="60">
							<String ID="string_174" HPOS="295" VPOS="2269" WIDTH="353" HEIGHT="49" WC="0.90" CONTENT="Tillkännagivande"/><SP WIDTH="28" VPOS="2269" HPOS="648"/>
							<String ID="string_175" HPOS="676" VPOS="2280" WIDTH="57" HEIGHT="24" WC="0.96" CONTENT="om"/><SP WIDTH="29" VPOS="2280" HPOS="733"/>
							<String ID="string_176" HPOS="762" VPOS="2267" WIDTH="54" HEIGHT="36" WC="0.96" CONTENT="tid"/><SP WIDTH="29" VPOS="2267" HPOS="816"/>
							<String ID="string_177" HPOS="845" VPOS="2266" WIDTH="67" HEIGHT="37" WC="0.95" CONTENT="och"/><SP WIDTH="43" VPOS="2266" HPOS="912"/>
							<String ID="string_178" HPOS="955" VPOS="2264" WIDTH="103" HEIGHT="37" WC="0.92" CONTENT="ställe"/><SP WIDTH="28" VPOS="2264" HPOS="1058"/>
							<String ID="string_179" HPOS="1086" VPOS="2263" WIDTH="55" HEIGHT="37" WC="0.92" CONTENT="för"/><SP WIDTH="29" VPOS="2263" HPOS="1141"/>
							<String ID="string_180" HPOS="1170" VPOS="2262" WIDTH="273" HEIGHT="49" WC="0.91" CONTENT="kyrkostämma"/><SP WIDTH="28" VPOS="2262" HPOS="1443"/>
							<String ID="string_181" HPOS="1471" VPOS="2260" WIDTH="74" HEIGHT="46" WC="0.96" CONTENT="bör,"/><SP WIDTH="23" VPOS="2260" HPOS="1545"/>
							<String ID="string_182" HPOS="1568" VPOS="2260" WIDTH="64" HEIGHT="36" WC="0.93" CONTENT="där"/><SP WIDTH="26" VPOS="2260" HPOS="1632"/>
							<String ID="string_183" HPOS="1658" VPOS="2258" WIDTH="131" HEIGHT="49" WC="0.92" CONTENT="kyrko-"/>
						</TextLine>
					</TextBlock>
				</ComposedBlock>
			</PrintSpace>
		</Page>
	</Layout>
</alto>
