1894 2786
259 119 18 29 2
648 113 329 31 Utrikesutskottets
1002 112 178 29 utlåtande
1204 121 43 20 nr
1271 111 49 30 18.

261 202 126 29 tänkas
411 201 118 29 lämna
555 200 59 29 sitt
639 200 86 29 stöd.
751 199 97 29 Efter
872 197 253 30 förberedande
1150 195 287 39 överläggningar
1466 194 223 29 sinsemellan
1714 195 52 27 in-

260 252 107 38 bjödo
388 251 40 29 de
451 250 164 29 brittiska
636 249 64 29 och
725 249 146 28 franska
896 247 366 30 utrikesministrarna
1285 247 67 28 den
1375 245 218 39 sovjetryske
1616 244 149 29 utrikes-

263 303 184 29 ministern
472 302 52 28 till
552 301 99 29 Paris
677 300 54 29 för
758 301 49 28 att
835 301 216 37 gemensamt
1077 298 199 29 undersöka
1302 296 270 39 möjligheterna
1598 295 45 39 på
1668 304 98 20 euro-

260 353 100 39 peisk
381 352 73 29 sida
472 353 50 27 att
540 350 211 38 förverkliga
771 350 67 28 den
856 349 249 29 amerikanska
1123 347 340 30 utrikesministerns
1483 346 116 29 tanke.
1620 345 145 29 Diskus-

263 403 120 29 sionen
401 401 199 30 avslutades
617 401 66 29 den
701 400 18 30 3
738 400 66 39 juli
825 402 85 26 utan
929 399 158 29 resultat.
1107 398 168 39 Följande
1296 398 66 38 dag
1380 396 186 30 utfärdade
1589 396 40 28 de
1651 395 114 29 frans-

263 455 45 28 ka
333 454 64 29 och
420 453 164 30 brittiska
608 451 365 30 utrikesministrarna
998 458 42 20 en
1064 449 173 38 inbjudan
1262 448 52 29 till
1340 447 160 38 samtliga
1526 446 118 39 övriga
1668 454 98 21 euro-

262 504 121 40 peiska
400 503 120 29 länder
544 502 96 33 (med
659 502 180 37 undantag
857 510 41 19 av
917 500 167 39 Spanien)
1111 501 49 27 att
1181 498 129 29 samlas
1332 497 52 29 till
1402 506 42 20 en
1464 496 190 29 konferens
1671 496 11 28 i
1703 496 62 29 Pa-

262 555 49 29 ris
337 554 54 29 för
416 556 49 27 att
489 552 161 30 utarbeta
673 554 48 27 ett
745 551 199 39 europeiskt
971 549 505 40 återuppbyggnadsprogram.
1504 546 175 39 Inbjudan
1706 555 59 20 an-

262 607 77 37 togs
358 614 41 20 av
415 603 150 39 Belgien,
584 602 190 33 Danmark,
795 601 205 33 Frankrike,
1019 600 184 34 Grekland,
1226 599 127 33 Irland,
1376 598 126 33 Island,
1523 597 133 33 Italien,
1677 597 89 28 Lux-

261 655 153 37 emburg,
440 652 293 34 Nederländerna,
758 652 122 38 Norge,
909 650 175 39 Portugal,
1112 649 160 34 Schweiz,
1300 647 290 34 Storbritannien,
1618 646 146 39 Sverige,

262 705 145 30 Turkiet
427 705 64 29 och
511 704 176 29 Österrike
706 703 126 29 medan
851 702 181 33 Albanien,
1052 700 196 39 Bulgarien,
1269 699 159 33 Finland,
1448 697 234 39 Jugoslavien,
1703 697 62 28 Po-

262 757 66 32 len,
359 755 205 33 Rumänien,
593 753 282 39 Sovjetunionen,
905 751 313 40 Tjeckoslovakien
1250 750 64 30 och
1342 750 139 37 Ungern
1510 747 146 39 avböjde
1685 747 81 29 den-

265 816 144 20 samma.

308 857 240 30 Konferensen
573 854 283 31 sammanträdde
880 854 67 29 den
975 854 38 28 12
1037 852 66 39 juli
1127 852 64 29 och
1213 851 145 30 tillsatte
1383 849 122 30 därvid
1529 849 107 29 bland
1660 848 107 28 annat

263 918 43 19 en
330 907 182 30 kommitté
538 907 55 28 för
616 905 200 39 europeiskt
840 903 223 30 ekonomiskt
1088 901 204 31 samarbete.
1318 900 97 29 Efter
1440 899 102 39 drygt
1566 899 59 29 två
1648 897 120 29 måna-

262 958 80 29 ders
362 957 115 30 arbete
499 956 172 29 framlade
692 954 209 30 kommittén
923 954 67 29 den
1012 954 40 28 22
1076 952 194 39 september
1293 960 43 20 en
1359 951 144 38 rapport
1526 966 45 3 —
1590 948 67 29 den
1681 956 26 20 s.
1731 947 33 29 k.

262 1008 432 38 Parisrapporten
717 1023 44 2 —
788 1014 73 19 som
889 1003 263 30 överlämnades
1175 1002 52 29 till
1255 1002 66 28 den
1347 999 245 30 amerikanske
1618 998 149 28 utrikes-

262 1059 185 29 ministern
465 1057 113 29 under
596 1056 211 38 hänvisning
826 1055 52 29 till
897 1055 132 29 dennes
1047 1053 150 30 initiativ
1217 1053 11 29 i
1245 1052 85 29 talet
1351 1051 57 30 vid
1429 1049 169 31 Harvard.

308 1109 288 38 Parisrapporten
613 1107 193 29 innehåller
822 1115 42 19 en
881 1105 226 37 beskrivning
1123 1104 63 28 och
1205 1112 42 20 en
1265 1102 120 35 analys
1402 1110 41 20 av
1461 1100 40 29 de
1521 1098 150 30 rådande
1688 1098 79 29 eko-

262 1160 162 29 nomiska
446 1158 261 38 svårigheterna
725 1157 10 29 i
755 1157 149 38 Europa,
924 1156 95 29 vilka
1038 1155 161 29 befinnas
1220 1162 84 21 vara
1327 1162 42 20 av
1387 1152 67 29 den
1473 1152 64 32 art,
1558 1151 49 29 att
1628 1149 40 29 de
1689 1148 77 29 icke

263 1211 122 29 kunna
411 1209 209 30 övervinnas
645 1208 95 29 inom
767 1207 115 38 rimlig
906 1206 51 29 tid
984 1207 86 27 utan
1096 1205 97 38 hjälp
1220 1203 146 30 utifrån.
1395 1200 156 31 Särskild
1578 1197 190 42 uppmärk-

265 1261 135 29 samhet
426 1261 107 37 ägnas
559 1259 35 29 åt
619 1258 192 39 problemet
837 1266 56 20 om
920 1257 41 28 de
987 1254 207 39 europeiska
1221 1253 188 29 ländernas
1437 1253 93 27 stora
1557 1248 211 38 betalnings-

263 1311 208 29 underskott
499 1310 11 28 i
535 1308 220 30 förhållande
780 1307 51 29 till
858 1307 66 28 den
950 1304 248 31 amerikanska
1222 1303 232 29 kontinenten
1479 1301 64 29 och
1569 1300 67 29 den
1660 1299 107 29 därav

263 1361 193 38 betingade,
477 1360 11 29 i
507 1359 128 38 många
655 1358 62 29 fall
737 1358 107 28 akuta
864 1356 133 29 bristen
1017 1355 45 39 på
1082 1352 311 40 betalningsmedel
1414 1351 56 30 för
1490 1351 175 37 importen
1687 1348 80 31 från

263 1412 115 29 denna
395 1410 186 29 kontinent
599 1419 42 20 av
658 1407 198 38 livsviktiga
873 1406 215 30 födoämnen
1106 1405 63 28 och
1187 1403 153 30 råvaror.
1360 1402 71 29 Mot
1450 1401 115 29 denna
1583 1398 184 39 bakgrund

264 1462 210 37 framlägges
497 1460 11 28 i
532 1460 189 38 rapporten
747 1459 48 28 ett
819 1456 201 39 europeiskt
1046 1453 504 39 återuppbyggnadsprogram,
1581 1452 110 27 avsett
1718 1450 49 27 att

265 1511 222 39 genomföras
511 1510 96 29 inom
633 1509 116 39 loppet
775 1516 42 21 av
841 1507 78 38 fyra
945 1506 48 29 år.
1019 1505 240 38 Programmet
1284 1503 127 39 bygger
1436 1502 45 38 på
1506 1500 158 39 följande
1689 1499 78 38 fyra

264 1560 313 40 huvudprinciper:

311 1612 33 33 1)
374 1611 183 38 energiska
576 1606 530 42 produktionsansträngningar
1127 1614 41 21 av
1190 1605 76 28 vart
1286 1603 64 29 och
1369 1605 48 27 ett
1439 1612 42 20 av
1500 1601 41 30 de
1561 1599 206 39 deltagande

263 1662 184 33 länderna;

310 1712 33 30 2)
374 1711 178 39 skapande
572 1719 42 20 av
631 1709 115 29 intern
765 1706 177 30 finansiell
963 1705 164 30 stabilitet
1147 1705 11 28 i
1176 1704 41 29 de
1237 1702 205 39 deltagande
1462 1701 170 29 länderna
1653 1700 114 29 såsom

264 1772 43 20 en
327 1761 198 38 nödvändig
542 1758 254 38 förutsättning
813 1757 55 29 för
889 1757 100 28 bästa
1008 1755 143 38 möjliga
1169 1753 226 39 utnyttjande
1415 1761 41 21 av
1475 1752 159 37 Europas
1654 1758 115 21 resur-

265 1822 69 25 ser;

310 1863 36 33 3)
376 1861 200 39 främjande
601 1869 41 20 av
665 1857 222 31 ekonomiskt
912 1855 194 30 samarbete
1130 1854 129 29 mellan
1284 1853 40 29 de
1349 1851 208 40 europeiska
1582 1850 184 33 länderna;

266 1915 90 28 samt

309 1963 35 30 4)
374 1960 234 40 avhjälpande
633 1969 41 20 av
696 1958 186 30 ländernas
903 1956 163 29 handels-
1088 1955 63 29 och
1174 1952 408 39 betalningsunderskott
1605 1951 11 29 i
1638 1949 131 31 förhål-

265 2013 102 30 lande
387 2012 52 30 till
459 2012 67 29 den
547 2009 248 30 amerikanska
814 2007 242 30 kontinenten.

309 2063 66 29 Till
397 2060 281 39 förverkligande
704 2068 41 20 av
767 2058 101 29 dessa
888 2056 177 40 principer
1087 2056 81 37 göra
1190 2054 41 29 de
1254 2052 206 39 deltagande
1483 2051 170 30 länderna
1675 2050 92 30 vissa

264 2113 179 30 allmänna
465 2110 213 33 utfästelser,
701 2109 94 29 vilka
818 2107 138 38 framgå
978 2116 43 20 av
1043 2106 207 38 rapportens
1278 2103 15 36 $
1319 2103 51 29 32.

307 2173 66 28 För
403 2173 50 28 att
484 2168 207 31 säkerställa
722 2165 289 41 genomförandet
1042 2174 42 20 av
1114 2161 568 40 återuppbyggnadsprogrammet
1713 2160 53 28 ut-

262 2215 93 29 fästa
378 2214 50 38 sig
449 2213 41 29 de
516 2212 38 29 16
578 2210 205 38 deltagande
806 2208 169 29 länderna
998 2208 49 28 att
1071 2206 121 29 förena
1220 2205 76 28 sina
1320 2203 295 38 ansträngningar
1638 2201 11 29 i
1672 2201 94 29 detta

263 2257 90 39 syfte
375 2256 64 29 och
463 2254 98 30 skola
585 2254 41 29 de
648 2252 148 38 inbjuda
818 2250 109 30 andra
950 2248 207 39 europeiska
1179 2247 121 28 länder
1324 2247 49 28 att
1397 2245 139 29 ansluta
1560 2243 51 39 sig
1633 2243 52 29 till
1709 2243 56 29 det

264 2306 259 32 gemensamma
549 2296 142 29 arbetet.
716 2294 122 29 Denna
862 2291 183 30 utfästelse
1071 2291 97 37 göres
1193 2298 42 20 av
1263 2287 96 39 varje
1385 2287 82 29 land
1492 2286 80 29 med
1597 2285 169 30 avseende

261 2342 47 38 på
327 2341 78 29 dess
424 2338 191 30 nationella
634 2344 162 32 program
815 2343 81 20 men
916 2333 111 29 under
1049 2330 176 38 samtidigt
1246 2328 308 40 hänsynstagande
1575 2327 52 29 till
1649 2327 118 37 övriga

262 2382 206 39 deltagande
485 2381 141 29 länders
643 2377 245 31 motsvarande
905 2374 212 30 utfästelser.
1136 2372 105 39 Varje
1261 2372 82 29 land
1361 2372 118 37 åtager
1498 2370 51 38 sig
1567 2370 50 29 att
1634 2369 131 29 inrikta

262 2426 68 30 alla
350 2425 74 30 sina
442 2422 295 39 ansträngningar
753 2420 46 39 på
