2188 2636
638 136 357 43 Bevillningsutskottets
1016 139 204 32 Betänkande
1243 140 64 31 N:o
1335 142 25 30 7.
1744 145 19 29 3

328 220 133 48 Många
501 222 107 36 hafva
649 224 170 48 beklagat
859 226 58 46 sig
956 225 104 36 öfver
1098 228 215 35 nuvarande
1346 228 257 41 förhållandet,
1632 231 67 34 och
1727 231 78 48 mig

193 281 120 37 synes,
354 276 55 30 att
448 272 70 36 den
559 273 290 48 lagförändring,
888 277 65 46 jag
994 289 49 23 nu
1085 277 165 45 föreslår,
1293 279 68 35 bör
1392 279 107 36 äfven
1529 279 40 37 af
1594 280 209 50 Riksdagen

194 320 125 36 kunna
347 334 105 24 anses
481 323 106 36 hafva
616 324 63 47 fog
706 325 59 35 för
792 327 85 47 sig.»

325 419 257 52 Grannskapet
623 425 56 35 till
712 430 54 30 ett
793 426 552 50 brännvinsförsäljningsställe
1372 430 104 35 torde
1505 431 295 37 understundom
1834 445 147 28 ttskottet.

190 470 125 37 kunna
355 472 188 36 föranleda
584 474 143 47 obehag
767 475 40 35 af
844 477 70 35 den
954 485 69 35 art,
1065 480 232 34 motionären
1338 480 134 36 anfört.
1528 481 12 35 I
1575 481 44 35 de
1651 481 75 45 fall,
1756 483 46 36 då

190 520 127 48 dylika
344 522 143 49 obehag
514 531 63 27 äro
605 530 53 29 att
688 525 154 36 hänföra
868 527 56 34 till
954 528 171 34 störande
1153 528 39 35 af
1217 530 137 34 allmän
1382 530 160 44 ordning
1568 534 21 32 å
1616 540 80 39 väg,
1715 539 87 39 gata

188 571 92 34 eller
306 577 94 40 torg,
430 585 109 35 synas
568 574 186 46 obehagen
783 575 92 36 dock
905 577 81 34 med
1007 578 239 48 tillämpning
1264 579 41 35 af
1321 579 112 36 redan
1453 580 170 47 gällande
1643 582 158 36 bestäm-

190 622 134 34 melser
351 622 126 35 kunna
504 623 223 48 undanröjas
754 638 133 35 genom
915 627 347 44 ordningsmaktens
1290 630 229 48 ingripande.

322 671 108 36 Hvad
470 676 78 33 åter
589 674 174 36 beträffar
803 676 71 35 den
915 678 195 35 moraliska
1149 678 90 43 fara,
1282 692 77 23 som
1402 681 69 35 kan
1505 685 134 44 uppstå
1664 694 134 34 genom

186 723 210 47 grannskap
429 724 58 34 till
514 729 53 30 ett
595 724 561 52 brännvinsförsäljningsställe,
1186 730 106 36 torde
1320 729 64 37 fall
1413 730 108 37 hafva
1551 732 245 45 förekommit,

186 771 47 35 då
273 773 114 47 nödig
426 775 207 36 varsamhet
674 777 79 35 icke
785 777 190 48 iakttagits
1007 779 62 35 vid
1096 781 97 34 valet
1221 780 42 36 af
1288 782 93 46 plats
1409 781 58 36 för
1494 782 129 36 sådant
1651 782 146 49 försälj-

185 821 230 48 ningsställe,
458 827 117 33 såsom
615 825 46 36 då
701 827 122 48 dylikt
863 828 171 37 inrättats
1071 831 12 34 i
1124 831 177 35 närheten
1343 831 41 36 af
1421 833 114 48 kyrka
1567 834 89 35 eller
1683 835 112 35 skola.

184 870 84 37 Med
309 873 62 35 det
411 875 159 46 alltjämt
611 877 169 45 stegrade
819 878 166 44 intresse,
1032 892 79 22 som
1156 887 112 41 ägnas
1309 882 354 49 nykterhetsfrågor,
1691 885 105 35 torde

186 934 83 23 man
310 925 204 34 emellertid
556 926 124 35 kunna
711 926 210 46 förutsätta,
949 934 56 30 att
1033 928 57 36 för
1117 929 203 37 framtiden
1346 932 63 35 vid
1438 932 293 38 bestämmandet
1758 935 41 35 af

184 971 574 51 brännvinsförsäljningsställes
802 979 82 47 läge
923 979 272 36 vederbörande
1226 980 110 37 hafva
1375 983 55 35 sin
1470 984 324 47 uppmärksamhet

182 1023 122 35 riktad
333 1023 124 49 därpå,
486 1030 54 31 att
568 1027 237 47 olägenheter
828 1028 136 37 sådana
991 1043 79 23 som
1097 1030 45 36 de
1169 1044 50 23 nu
1248 1033 194 35 anmärkta
1469 1034 78 36 icke
1577 1038 143 44 uppstå.

316 1074 412 50 Bevillningsutskottet
754 1079 65 35 vill
846 1080 13 35 i
886 1079 101 37 detta
1014 1082 265 49 sammanhang
1306 1084 131 44 erinra,
1466 1090 55 30 att
1547 1086 115 46 enligt
1693 1088 42 33 11
1769 1085 24 46 $

181 1124 12 35 i
221 1123 714 55 brännvinsförsäljningsförordningen
969 1131 338 51 stadsfullmäktige
1335 1135 89 35 eller
1450 1135 138 36 allmän
1615 1136 177 48 rådstuga

181 1180 68 41 äga
275 1181 56 30 att
357 1176 63 36 vid
447 1176 167 38 fattande
641 1178 42 36 af
707 1180 120 36 beslut
854 1182 157 35 rörande
1038 1188 73 31 rätt
1139 1184 57 34 till
1223 1184 248 48 detaljhandel
1492 1186 83 36 med
1594 1186 196 45 brännvin,

180 1224 68 35 där
287 1229 39 32 så
366 1239 104 24 anses
511 1229 140 46 nödigt,
685 1230 204 37 bestämma
918 1232 13 35 i
963 1233 148 36 hvilken
1140 1235 101 35 trakt
1268 1234 41 36 af
1334 1235 127 36 staden
1490 1237 125 46 hvarje
1642 1237 148 49 försälj-

179 1274 220 48 ningsställe
428 1281 58 33 må
511 1279 131 36 finnas.

313 1326 193 38 Utskottet
536 1330 121 36 finner
687 1331 57 47 sig
771 1332 126 36 vidare
924 1333 89 36 böra
1039 1333 207 45 framhålla,
1275 1341 55 30 att
1356 1349 44 23 en
1428 1337 217 49 anordning,
1674 1338 114 37 sådan
1948 1354 10 10 5

177 1387 77 23 som
284 1376 72 36 den
384 1379 229 36 motionären
641 1380 202 50 föreslagit,
871 1383 116 36 skulle
1015 1384 78 36 visa
1119 1386 58 47 sig
1204 1387 239 47 synnerligen
1471 1391 83 33 svår
1576 1394 55 29 att
1648 1389 13 35 i
1680 1390 108 46 prak-

177 1426 102 35 tiken
306 1428 178 48 tillämpa.

311 1477 51 37 På
388 1479 122 48 grund
537 1480 41 36 af
602 1481 96 36 hvad
727 1483 155 36 sålunda
909 1483 153 46 anförts,
1091 1485 213 37 hemställer
1330 1487 416 49 bevillningsutskottet,

715 1581 72 47 1:0)
827 1589 55 31 att
908 1584 242 39 förevarande
1179 1588 143 36 motion
1349 1602 60 22 om
1437 1589 159 49 ändring
1622 1590 41 36 af
1687 1592 45 36 26
1761 1590 24 45 8

579 1635 17 33 1
628 1646 109 23 mom.
767 1634 709 53 brännvinsförsäljningsförordningen
1494 1641 79 36 icke
1593 1644 113 33 måtte
1725 1643 59 35 till

576 1686 123 46 någon
726 1684 231 49 Riksdagens
984 1688 131 48 åtgärd
1142 1688 202 37 föranleda.

306 1930 17 36 I
364 1934 189 35 motionen
581 1934 44 36 II:
657 1937 69 35 183
756 1935 152 38 föreslås
935 1937 41 36 af
1000 1939 86 36 herr
1112 1940 170 48 Byström
1306 1942 115 47 jämte
1448 1944 324 48 medmotionärer,
1786 1968 114 29 yotion
1918 1970 49 28 IT:

169 1985 53 31 att
261 1980 209 52 Riksdagen
510 1985 86 35 ville
635 1985 155 46 besluta,
819 1993 54 30 att
902 1990 45 34 29
976 1988 23 45 $
1027 1991 22 34 4
1077 2004 110 22 mom.
1215 1992 13 36 i
1256 1993 518 52 brännvinsförsäljningsför-
1803 1989 19 60 —
1851 2004 58 27 183.

169 2031 208 49 ordningen
406 2037 111 33 måtte
545 2034 37 37 få
609 2034 162 49 följande
798 2038 156 48 lydelse:

302 2083 92 36 »Där
433 2086 178 35 särskilda
649 2088 315 49 omständigheter
994 2089 189 39 föranleda
1209 2092 116 37 behof
1349 2094 42 36 af
1415 2094 361 51 försäljningstidens

167 2132 269 50 inskränkning
462 2136 89 35 eller
579 2139 258 49 utsträckning
863 2147 87 41 äger
978 2141 227 49 Konungens
1233 2143 406 50 befallningshafvande
1658 2154 53 31 att
1729 2153 47 44 på

167 2182 275 52 framställning
480 2186 40 36 af
544 2187 371 52 kommunalstyrelse
942 2197 96 31 samt
1065 2192 94 37 efter
1187 2196 212 47 magistrats
1426 2197 90 36 eller
1543 2198 232 38 kommunal-
