1890 2832
532 167 307 31 Bankoutskottets
865 167 176 31 utlåtande
1066 167 49 30 Nr
1146 170 48 29 36.
1597 164 18 29 5

154 252 13 29 I
192 251 97 36 fråga
312 262 57 20 om
392 253 240 30 anordnandet
656 262 41 21 av
742 262 90 27 nya
876 263 100 20 rum
1012 253 10 29 i
1058 252 417 37 vindsvåningen,
1520 253 93 31 vilka

108 303 105 35 enligt
230 303 163 35 förslaget
410 303 110 30 skulle
536 304 100 29 kosta
653 304 141 34 332,000
813 304 139 35 kronor,
971 304 163 30 hänvisas
1150 304 50 29 till
1219 304 65 30 den
1302 304 215 36 redogörelse
1534 304 77 30 här-

110 353 65 37 för,
201 363 74 21 som
302 353 136 31 lämnas
464 354 9 29 i
499 354 55 30 det
580 353 154 37 följande
760 354 110 30 under
896 354 163 30 rubriken
1085 354 36 30 B.
1149 354 268 36 Förändringar,
1446 365 75 20 som
1545 355 67 30 öka

106 408 189 33 utrymmet
315 405 65 30 och
400 404 170 31 förbättra
591 405 400 30 kommunikationerna.

154 455 230 37 Fullmäktige
404 456 91 30 hava
514 456 53 30 för
587 464 84 28 egen
693 456 53 30 del
768 455 116 31 anfört
904 456 277 36 huvudsakligen
1202 455 167 37 följande:

150 515 230 36 Fullmäktige
405 515 109 31 funne
538 525 112 27 snara,
678 516 294 36 genomgripande
998 516 368 36 förbättringsarbeten
1393 516 220 30 beträffande

106 558 93 30 taket
223 558 235 37 oundvikliga,
488 568 56 20 om
570 559 31 36 ej
627 559 205 36 byggnaden
860 560 112 29 skulle
997 562 79 33 taga
1101 558 108 31 sådan
1237 559 120 36 skada,
1383 562 49 28 att
1456 562 46 27 ett
1527 568 85 27 upp-

105 601 86 30 skov
211 602 85 29 blott
316 601 141 30 komme
477 604 48 27 att
546 603 156 29 avsevärt
722 602 143 36 fördyra
886 603 66 29 den
972 602 51 30 till
1046 602 59 30 sist
1125 602 220 37 nödvändiga
1361 603 252 36 reparationen.

105 643 67 30 För
199 646 48 27 att
266 643 184 31 förhindra
477 644 95 30 fukts
597 645 230 35 inträngande
851 645 8 30 i
886 654 166 21 murarna
1078 644 110 31 måste
1216 646 90 30 vissa
1333 646 96 30 delar
1454 655 42 21 av
1520 646 94 30 taket

104 687 113 29 bättre
238 687 150 30 isoleras.
409 687 74 30 Den
505 686 200 38 ifrågasatta
726 697 67 27 nya
813 687 292 37 vindsvåningens
1120 689 59 29 tak
1198 689 116 35 borde,
1336 687 209 32 åtminstone
1562 689 51 30 till

104 730 87 29 allra
213 731 125 29 största
361 730 109 35 delen,
494 730 93 36 givas
611 729 109 31 sådan
742 731 134 36 lutning
899 734 49 27 att
972 731 114 36 vanlig
1109 730 282 38 plåtbetäckning
1416 732 117 30 kunde
1554 741 59 21 an-

104 773 143 29 vändas.
290 773 13 29 I
335 773 56 29 det
423 782 120 21 senare
571 774 211 29 hänseendet
814 773 109 31 funne
955 774 218 36 fullmäktige
1205 774 67 30 den
1301 775 205 36 anordning,
1539 784 73 21 som

107 814 181 37 framlagts
311 815 10 29 i
344 815 278 36 byggnadsrådet
647 815 154 31 Nilssons
827 816 140 36 förslag,
993 826 82 20 vara
1102 817 64 29 den
1191 817 226 36 lämpligaste.

149 858 177 37 Frågorna
350 868 58 21 om
431 859 160 36 isolering
615 860 109 29 under
749 860 219 30 barriärerna
992 860 65 30 och
1081 869 57 20 om
1162 860 289 36 utsmyckningen
1475 860 20 31 å
1522 861 92 30 taket

104 911 81 20 vore
208 902 138 29 särskilt
369 901 100 31 svåra
490 905 48 27 att
560 903 157 29 bedöma.
753 902 230 36 Fullmäktige
1004 902 109 31 funne
1135 903 67 30 den
1224 913 41 20 av
1288 903 324 36 riksdagshuskom-

104 944 121 30 mittén
247 944 187 30 förordade
457 945 238 36 anordningen
717 946 78 29 med
818 946 157 30 sadeltak
998 946 65 30 och
1085 946 235 30 barriärernas
1338 947 65 29 och
1425 946 187 36 Sveagrup-

105 995 84 27 pens
218 987 228 35 borttagande
472 987 231 36 betryggande
731 997 42 20 ur
798 988 137 29 teknisk
963 989 187 36 synpunkt.
1205 989 151 30 Därmed
1385 990 111 30 skulle
1520 990 93 29 taket

105 1030 190 29 emellertid
322 1029 37 30 få
386 1039 41 20 en
455 1033 91 27 emot
572 1031 66 29 den
666 1031 202 30 nuvarande
896 1030 38 31 så
959 1031 178 36 skiljaktig
1165 1032 126 36 prägel,
1320 1035 50 27 att
1396 1032 218 36 fullmäktige

104 1072 30 36 ej
154 1072 116 30 kunde
291 1072 143 30 förorda
459 1073 65 29 det.
560 1073 67 30 För
648 1073 148 30 flertalet
821 1083 43 21 av
886 1074 202 36 riksdagens
1110 1075 190 30 ledamöter
1322 1076 112 29 skulle
1454 1078 46 27 ett
1522 1076 90 30 bort-

104 1116 149 35 tagande
278 1124 43 21 av
345 1115 220 30 barriärerna
592 1116 65 30 och
685 1115 244 38 Sveagruppen
958 1117 167 30 innebära
1150 1120 46 27 ett
1224 1118 204 30 omotiverat
1456 1119 65 30 och
1547 1119 65 30 stö-

104 1158 104 30 tande
232 1157 228 31 våldförande
483 1168 41 20 av
546 1159 92 29 Aron
663 1159 214 31 Johanssons
901 1160 82 30 verk
1008 1161 65 29 och
1097 1161 109 30 ändra
1229 1161 66 29 den
1317 1161 295 30 traditionsbund-

104 1210 45 21 na
168 1201 210 30 karaktären
398 1211 42 20 av
461 1201 276 36 riksdagshusets
756 1203 156 29 exteriör.
935 1203 164 30 Däremot
1119 1204 97 29 torde
1234 1204 68 29 alla
1316 1204 121 30 kunna
1454 1213 82 22 enas
1557 1214 55 20 om

104 1246 49 27 att
174 1244 158 35 borttaga
351 1244 217 30 obeliskerna
590 1245 65 29 och
675 1245 117 36 övriga
814 1246 180 30 krönande
1013 1246 137 36 partier.
1183 1241 27 35 Å
1230 1248 92 29 östra
1342 1246 145 31 fasaden
1507 1247 106 31 borde

105 1286 89 30 dock
223 1287 41 29 de
289 1285 58 31 två
374 1287 301 36 vapensköldarna
701 1286 20 31 å
746 1288 269 37 hörnpartierna
1042 1289 64 30 och
1135 1290 41 29 de
1202 1289 76 36 fyra
1299 1290 196 30 kulkrönen
1520 1291 92 29 bibe-

104 1327 123 31 hållas.

149 1371 230 36 Fullmäktige
400 1371 135 37 ansåge,
558 1375 49 27 att
628 1372 85 31 efter
737 1374 65 30 alla
824 1374 43 30 de
889 1374 231 36 misslyckade
1140 1375 283 36 tätningsförsök,
1442 1386 74 20 som
1537 1376 75 31 tidi-

107 1421 80 28 gare
204 1413 117 36 gjorts,
341 1415 126 29 största
485 1414 141 37 möjliga
645 1416 157 35 trygghet
820 1426 48 19 nu
885 1419 110 27 måste
1012 1417 221 30 eftersträvas
1252 1418 65 29 och
1335 1418 186 30 förordade
1539 1419 76 29 där-

103 1456 65 34 för,
191 1460 49 27 att
259 1457 220 30 barriärerna
500 1458 161 36 nedtoges
685 1459 65 29 och
771 1459 135 36 tätning
927 1460 145 29 medelst
1095 1459 267 38 asfaltisolering
1383 1462 65 29 och
1465 1462 147 36 koppar-

104 1498 72 37 plåt
200 1499 155 30 utfördes
381 1500 76 30 före
480 1500 98 30 deras
605 1501 224 37 uppsättning
854 1502 87 36 igen.
979 1501 53 31 Då
1055 1503 259 36 nedträngande
1340 1513 43 21 av
1407 1504 172 36 fuktighet
1604 1504 9 30 i

106 1541 273 36 underliggande
404 1552 121 20 murar
550 1543 197 35 uppträdde
774 1544 106 29 minst
907 1544 20 30 å
954 1544 214 36 mittpartiet,
1198 1549 114 32 syntes
1343 1546 56 29 det
1426 1546 189 30 emellertid

104 1594 82 20 vara
208 1585 134 36 möjligt
366 1588 49 27 att
437 1585 65 30 här
522 1588 124 27 stanna
669 1586 58 30 vid
748 1587 41 29 de
810 1596 42 21 av
874 1586 175 37 professor
1071 1587 147 32 Forssell
1240 1588 187 31 förordade
1447 1589 165 36 tätnings-

103 1626 207 36 åtgärderna
335 1628 66 29 och
428 1626 100 32 alltså
553 1628 30 36 ej
612 1629 108 29 heller
745 1630 207 36 söndertaga
979 1630 65 30 och
1069 1630 170 37 nedflytta
1261 1634 88 27 samt
1376 1631 236 38 återuppsätta

107 1668 255 37 Sveagruppen.
418 1669 152 31 Härmed
599 1671 112 30 skulle
739 1672 158 30 riskerna
928 1672 55 30 för
1011 1676 49 26 att
1092 1673 262 36 Sveagruppens
1384 1677 107 33 tunga
1520 1675 96 30 delar

106 1712 58 30 vid
188 1713 289 36 nedtransporten
501 1714 65 29 och
591 1713 323 37 återuppsättandet
939 1716 171 30 skadades
1136 1716 172 30 undvikas
1335 1720 89 26 samt
1449 1720 46 26 ett
1522 1726 92 21 avse-

106 1755 76 30 värt
201 1755 244 36 förbilligande
464 1756 109 30 ernås.

154 1799 46 29 Ur
219 1798 126 36 många
367 1800 215 34 synpunkter
602 1809 81 20 vore
702 1799 142 36 givetvis
866 1800 175 35 önskvärt,
1063 1803 48 27 att
1132 1800 57 30 vid
1210 1801 196 29 ersättande
1428 1811 42 20 av
1491 1801 40 30 de
1552 1811 62 20 nu-

104 1842 153 29 varande
284 1841 358 31 kalkstensdockorna
667 1842 9 29 i
701 1842 295 31 sidobarriärerna
1021 1852 68 27 nya
1115 1843 129 30 dockor
1269 1853 42 20 av
1337 1844 112 36 granit
1474 1844 139 30 komme

107 1883 49 30 till
180 1883 234 36 användning.
463 1883 136 31 Sådana
624 1884 131 30 dockor
778 1885 103 35 droge
905 1885 188 31 emellertid
1121 1885 10 29 i
1156 1885 200 35 jämförelse
1381 1886 80 29 med
1485 1886 126 30 dockor

107 1935 42 20 av
169 1926 179 29 konststen
367 1935 42 20 en
427 1926 225 30 merkostnad
669 1935 42 21 av
732 1927 138 34 111,000
888 1927 140 29 kronor.
1059 1926 79 31 Med
1156 1928 136 35 hänsyn
1310 1928 117 29 härtill
1446 1928 169 35 föresloge

106 1967 219 36 fullmäktige
345 1971 49 26 att
414 1968 58 29 vid
491 1968 195 30 ersättande
706 1978 41 20 av
768 1969 359 30 kalkstensdockorna
1148 1969 10 29 i
1179 1970 220 29 barriärerna
1419 1970 78 30 hela
1517 1970 97 30 kalk-

107 2011 226 29 stensdockor
353 2010 278 30 sammanfördes
652 2010 19 30 å
690 2010 203 36 mittpartiet
912 2012 66 29 och
998 2011 56 29 för
1071 2011 297 30 sidobarriärerna
1388 2011 227 31 anskaffades

107 2063 68 26 nya
194 2053 131 30 dockor
345 2062 41 21 av
405 2053 188 30 konststen.

152 2095 78 31 Med
264 2095 223 36 iakttagande
519 2105 41 21 av
592 2096 42 29 de
668 2094 148 32 sålunda
849 2096 198 35 föreslagna
1082 2095 204 36 åtgärderna
1320 2095 57 30 för
1406 2096 136 36 tätning
1572 2105 41 21 av

106 2138 220 30 barriärerna
354 2148 45 20 m.
428 2148 44 19 m.
502 2137 109 30 skulle
638 2138 163 30 arbetena
829 2138 81 30 med
937 2139 103 34 taket,
1069 2137 146 31 frånsett
1243 2138 204 30 inredandet
1475 2148 42 21 av
1545 2148 70 27 nya

107 2190 78 20 rum
215 2180 10 29 i
255 2180 273 35 vindsvåningen
558 2180 55 29 för
640 2190 42 19 en
711 2181 179 29 beräknad
921 2181 149 29 kostnad
1099 2190 42 20 av
1170 2181 141 34 332,000
1341 2181 138 35 kronor,
1510 2181 104 35 enligt

106 2222 236 36 fullmäktiges
363 2222 130 36 förslag
512 2239 44 4 —
576 2222 130 37 förslag
727 2223 28 29 E
836 2222 107 36 draga
963 2221 156 37 följande
1140 2222 198 30 kostnader:

105 2281 217 37 Förändring
348 2282 65 29 och
440 2281 160 36 isolering
626 2290 42 20 av
695 2281 269 36 sidopartiernas
991 2280 172 30 barriärer
1190 2281 64 29 och
1283 2281 75 29 krö-

150 2324 113 29 nande
293 2323 128 36 Partier
484 2346 870 6 o.oossoscrrseseseerrerersere
992 2318 69 45 res
1085 2318 32 45 rr
1127 2318 35 45 rr
1183 2318 86 45 rss
1279 2318 80 45 ses
1386 2323 50 28 kr.
1462 2323 141 34 330,000

106 2366 155 36 Fogning
289 2365 78 30 med
396 2365 142 36 Igaskitt
567 2374 42 20 av
637 2365 220 36 mittpartiets
886 2364 173 30 barriärer
1087 2365 64 28 och
1181 2365 179 29 krönande

151 2407 126 37 partier
303 2410 88 27 samt
418 2407 220 36 omläggning
663 2416 42 20 av
731 2407 199 29 asfalttaket
956 2405 19 31 å
1002 2406 201 36 miltpartiet
1236 2430 117 6 ......
1399 2417 12 14 >
1465 2408 149 41 115,000

1218 2465 142 30 Summa
1386 2466 50 29 kr.
1462 2466 150 35 445,000.
