1914 2810
248 199 20 31 6
734 197 232 29 Statsutskottets
988 196 149 27 utlåtande
1159 196 48 27 Nr
1229 193 28 30 3.

571 272 66 32 dels
664 271 54 32 ock
739 271 81 41 höja
843 270 58 32 det
924 269 171 33 ordinarie
1117 268 303 42 förslagsanslaget
1442 268 54 31 till
1517 266 237 43 yrkesinspek-

518 323 128 38 tionen,
664 333 46 21 nu
727 322 136 38 291,500
878 321 135 38 kronor,
1031 320 78 32 med
1126 320 114 39 74,800
1255 320 127 31 kronor
1398 319 52 31 till
1465 319 137 38 366,300
1617 319 136 30 kronor.

302 425 221 32 Beträffande
556 424 229 41 utredningen
818 424 12 30 i
864 425 115 30 ämnet
1001 423 51 31 får
1074 422 170 32 utskottet
1266 421 143 32 hänvisa
1431 421 54 31 till
1508 421 63 31 sid.
1598 421 122 30 11—13
1743 420 12 31 i

251 475 386 43 statsrådsprotokollet.

303 579 19 31 I
354 578 186 32 riksstaten
574 577 53 31 för
659 576 230 32 innevarande
919 575 167 41 budgetår
1119 577 37 29 är
1178 574 59 32 det
1260 573 171 32 ordinarie
1454 573 302 41 förslagsanslaget

250 628 54 32 till
326 627 347 43 yrkesinspektionen
696 626 142 41 uppfört
860 625 79 32 med
961 625 137 37 291,500
1117 625 135 37 kronor,
1269 623 240 32 motsvarande
1525 623 230 31 slutsumman

248 678 12 31 i
283 678 67 32 den
373 678 53 31 för
447 676 347 43 yrkesinspektionen
817 675 158 42 gällande
998 676 122 30 staten.
1155 674 154 31 Berörda
1331 675 77 36 stat,
1430 672 160 42 godkänd
1612 684 41 20 av
1674 672 82 31 1925

249 731 56 29 års
323 728 140 42 riksdag
485 727 64 33 och
573 738 41 21 av
636 727 127 41 Kungl.
787 726 99 42 Maj:t
908 725 172 33 fastställd
1102 736 124 30 genom
1248 724 83 32 brev
1354 724 67 32 den
1445 724 39 31 12
1505 723 75 43 juni
1605 723 90 39 1925,
1720 725 37 29 är

250 791 40 21 av
312 779 151 42 följande
485 778 146 43 lydelse:

958 852 90 51 Stat.
1633 861 123 24 Kronor.

255 905 211 42 Avlöningar
488 905 53 31 till
565 904 171 32 ordinarie
760 904 216 41 tjänstemän,
1000 902 267 42 förslagsanslag
1292 925 303 5 -.eeeeee-eeewMwwewwwew
1621 902 137 38 272,400

252 947 414 41 Vikariatsersättningar,
690 945 267 42 förslagsanslag
979 969 200 5 ......e.e-e-+e
1198 967 397 6 sees
1686 969 5 13 ;

250 989 344 33 Kontorskostnader
616 1000 43 20 mM.
676 999 43 21 IM.
740 1010 855 8 ..ssmnusrosrerrrsreresrrererererrrer
1157 980 21 46 rr
1189 980 58 46 reser
1260 980 27 46 tRR
1292 980 30 46 ARE
1327 980 23 46 RR
1364 980 27 46 ARR
1396 980 29 46 ARR
1433 980 27 46 SAR
1467 980 21 46 RR
1502 980 21 46 RR
1536 980 62 46 benen
1644 986 114 36 17,100

1309 1045 141 32 Summa
1472 1045 128 31 kronor
1622 1045 137 37 291,500

307 1158 133 32 Utöver
469 1158 59 31 det
552 1157 174 32 ordinarie
750 1157 153 41 anslaget
926 1156 70 38 har,
1020 1156 169 31 alltsedan
1213 1155 67 31 den
1302 1154 197 32 nuvarande
1521 1154 237 42 yrkesinspek-

252 1208 138 33 tionens
405 1208 170 32 tillkomst
597 1208 84 31 eller
699 1208 74 31 från
784 1207 64 31 och
858 1207 79 31 med
949 1209 37 29 år
997 1206 90 38 1913,
1099 1206 53 31 för
1160 1206 92 41 varje
1262 1205 253 42 budgetperiod
1527 1205 86 31 varit
1625 1205 133 31 anvisat

251 1261 50 30 ett
323 1261 94 30 extra
432 1259 119 42 anslag
573 1258 54 32 till
649 1257 302 43 upprätthållande
974 1268 41 20 av
1029 1255 364 44 yrkesinspektionens
1409 1255 226 32 verksamhet.
1675 1255 84 33 Sist-

252 1310 149 31 nämnda
420 1310 119 41 anslag
560 1309 80 32 blev
662 1309 11 31 i
690 1308 166 32 samband
872 1308 78 32 med
967 1308 66 31 den
1050 1310 36 29 år
1103 1308 81 31 1923
1199 1307 181 32 beslutade
1395 1306 296 42 löneregleringen
1706 1307 54 31 för

251 1361 93 31 vissa
358 1360 262 41 inspektionens
636 1359 336 41 befattningshavare
987 1359 142 40 uppfört
1144 1357 79 32 med
1239 1358 114 37 77,900
1364 1357 135 38 kronor,
1512 1357 107 31 vilket
1630 1357 129 41 belopp

257 1411 53 31 för
332 1410 193 32 ändamålet
547 1409 182 32 anvisades
752 1411 85 30 även
860 1409 52 31 för
933 1409 204 41 budgetåret
1162 1408 216 31 1924—1925.
1407 1407 49 31 På
1479 1407 111 41 grund
1614 1418 40 20 av
1678 1407 82 31 1925

254 1462 55 30 års
343 1460 157 41 riksdags
533 1459 116 32 beslut
682 1459 146 32 rörande
850 1458 252 42 lönereglering
1123 1458 53 31 för
1197 1457 366 42 yrkesinspektionens
1585 1457 175 41 kvinnliga

259 1510 336 42 befattningshavare
630 1511 89 30 samt
751 1510 12 30 i
790 1510 93 40 fråga
906 1520 55 21 om
986 1508 192 32 ordnandet
1200 1519 40 20 av
1262 1508 174 41 kvinnliga
1458 1508 228 40 tjänstemäns
1709 1519 51 20 av-

256 1560 377 42 löningsförhållanden
669 1560 12 31 i
714 1559 187 32 allmänhet
926 1559 123 41 höjdes
1072 1559 155 41 anslaget
1248 1558 53 31 för
1323 1558 204 41 budgetåret
1552 1558 207 31 1925—1926

255 1611 53 31 till
342 1610 115 38 78,500
488 1610 136 31 kronor.
672 1609 222 32 Sistnämnda
927 1609 128 41 belopp
1089 1610 37 30 är
1147 1609 53 31 för
1223 1608 193 31 ändamålet
1439 1608 141 40 uppfört
1600 1608 125 41 jämväl
1748 1607 12 31 i

254 1672 48 20 nu
324 1660 157 42 gällande
503 1660 152 32 riksstat.

310 1710 70 32 För
413 1710 263 42 användningen
710 1721 40 20 av
773 1709 58 33 det
854 1711 94 30 extra
970 1709 155 42 anslaget
1147 1709 53 31 för
1221 1708 302 42 upprätthållande
1547 1719 41 20 av
1609 1707 151 42 yrkesin-

259 1761 224 42 spektionens
519 1761 218 32 verksamhet
771 1760 109 32 under
912 1760 204 42 budgetåret
1154 1759 207 32 1926—1927
1399 1759 62 31 har
1497 1759 127 41 Kungl.
1662 1758 98 42 Maj:t

256 1823 123 31 genom
402 1812 83 32 brev
507 1811 68 32 den
598 1812 40 31 26
659 1811 76 42 juni
759 1811 81 31 1926
863 1811 164 31 fastställt
1049 1810 150 42 följande
1224 1812 80 29 stat:

256 1887 199 41 avlöningar
488 1889 88 29 samt
608 1886 175 32 vikariats-
816 1886 65 31 och
904 1885 383 40 övertidsersättningar
1308 1885 54 31 till
1384 1884 86 31 icke-

309 1929 172 32 ordinarie
504 1928 340 42 befattningshavare
868 1930 162 30 ävensom
1043 1927 191 42 ersättning
1246 1927 53 32 till
1311 1928 158 40 experter

309 1971 64 32 och
395 1971 53 32 för
469 1971 151 41 tillfällig
642 1970 197 48 skrivhjälp,
863 1971 103 31 högst
991 1992 477 7 ...eeeeemesuanccvväväväva
1486 1969 127 31 kronor
1635 1969 116 38 59,040

257 2013 232 42 förstärkning
522 2024 40 21 av
585 2013 67 32 den
675 2013 12 31 i
709 2012 367 43 yrkesinspektionens
1100 2011 171 33 ordinarie
1295 2013 69 30 stat
1386 2022 83 31 upp-

309 2058 102 39 tagna
443 2056 264 41 anslagsposten
740 2055 54 31 till
815 2054 331 33 kontorskostnader
1169 2066 42 20 m.
1235 2065 54 27 m.,
1312 2054 157 40 förslags-

308 2098 52 32 VÅR
366 2122 26 4 eos
400 2120 1064 7 ensonsnruvnronrornnnrnsnnnNnn
747 2090 20 51 ar
769 2090 61 51 kunie
839 2090 30 51 BER
874 2090 39 51 kas
931 2090 52 51 MNKR
998 2090 59 51 NANO
1072 2090 33 51 ANA
1116 2090 4 51 A
1126 2090 65 51 NANNA
1196 2090 20 51 NN
1218 2090 91 51 Nano
1336 2090 132 51 FANSEN
1557 2108 12 15 »
1637 2095 114 36 -19,460

1323 2154 141 32 Summa
1486 2154 128 31 kronor
1636 2154 123 38 78,500.

312 2240 90 32 Från
425 2239 264 43 anslagsposten
713 2239 53 32 till
789 2239 199 43 avlöningar
1011 2241 88 30 samt
1114 2239 173 32 vikariats-
1300 2238 64 32 och
1377 2238 385 41 övertidsersättningar

258 2290 54 32 till
343 2290 259 32 icke-ordinarie
636 2290 336 42 befattningshavare
1006 2301 42 20 m.
1073 2301 42 20 m.
1150 2289 140 32 avlönas
1324 2288 150 42 följande
1501 2288 260 32 icke-ordinarie

258 2341 336 42 befattningshavare
617 2341 12 31 i
652 2340 262 33 nedannämnda
936 2340 211 42 lönegrader,
1172 2340 173 41 nämligen
