1908 2810
629 177 229 31 Statsutskottets
883 181 146 28 utlåtande
1051 182 48 27 Nr
1122 180 27 29 3.
1617 184 35 30 17

1515 259 123 31 Kronor?

418 293 12 31 i
453 293 185 44 anledning
658 307 40 21 av
724 296 353 44 fastighetsbelåning,
1106 299 171 42 förvaring
1299 311 40 20 av
1362 301 144 31 fondens

418 344 317 44 värdehandlingar,
760 348 388 42 tryckningskostnader
1172 350 64 31 och
1260 351 105 31 andra
1387 362 119 30 expen-

419 404 64 29 Ser,
507 395 200 42 fÖrSÅAgSVIS
717 422 785 9 mnssssssrsreresrersrssnesesr
1097 391 30 52 ses
1133 391 62 52 seranr
1204 391 24 52 se
1237 391 30 52 er
1273 391 30 52 era
1305 391 27 52 ser
1341 391 27 52 ena
1383 391 17 52 er
1409 391 63 52 ennen
1477 391 27 52 oa
1529 403 115 37 30,000

471 445 203 43 Ersättning
695 447 54 32 till
772 449 205 32 statsverket
1000 450 52 31 för
1073 451 357 41 pensionsstyrelsens
1454 453 52 30 be-

418 506 73 20 styr
513 496 78 31 med
614 497 579 43 fondförvaltningen.....................
1203 526 2 2 pr
1212 525 268 6 drrrrrere
1339 495 40 45 rese
1384 495 18 45 es
1407 525 73 6 sanna
1487 526 15 5 -.
1527 504 116 34 50,000

1217 560 140 33 Summa
1379 562 125 31 kronor
1527 564 123 37 88,000.

201 646 82 41 18:o)
305 646 128 43 Kungl.
458 648 98 42 Maj:t
578 649 62 32 har
662 650 178 43 föreslagit
862 652 183 43 riksdagen
1067 655 123 40 (punkt
1212 656 50 40 20)
1286 659 49 28 att

198 696 66 32 dels
286 697 146 40 besluta,
457 701 50 29 att
530 702 113 29 såsom
667 701 122 42 bidrag
812 703 53 30 till
888 703 221 32 bestridande
1132 717 41 19 av
1197 708 131 29 statens
1344 707 146 31 kostnad
1507 708 51 31 för
1574 720 77 30 pen-

145 746 217 43 sionstillägg
397 749 64 31 och
496 750 189 32 understöd
719 752 108 42 enligt
860 753 98 42 lagen
993 765 54 20 om
1071 756 125 31 allmän
1220 757 357 43 pensionsförsäkring
1599 759 52 31 för

144 796 204 42 budgetåret
373 799 207 33 1927—1928
606 801 85 32 skall
715 814 40 19 ur
778 803 506 43 pensionsförsäkringsfonden
1307 810 110 28 såsom
1436 809 145 31 förskott
1598 810 51 30 till

146 849 111 29 staten
274 848 172 33 utbetalas
470 852 49 30 ett
541 851 128 42 belopp
693 864 40 20 av
755 853 138 38 550,000
915 854 138 39 kronor;

195 898 67 31 dels
294 899 53 31 "för
381 899 221 34 bestridande
625 913 41 20 av
689 904 197 31 återstoden
910 916 39 19 av
974 906 103 40 sagda
1099 906 148 32 kostnad
1271 908 51 31 för
1344 908 201 41 budgetåret
1571 911 77 30 1927

143 948 126 31 —1928
292 950 119 31 anvisa
434 953 49 29 ett
506 954 93 29 extra
622 952 268 43 förslagsanslag
912 967 40 19 av
975 956 189 38 34,800,000
1187 958 137 38 kronor;

194 999 67 31 dels
293 1000 55 31 ock
381 1001 164 42 medgiva,
570 1005 51 29 att
643 1014 40 21 av
706 1004 149 32 nämnda
876 1005 268 43 förslagsanslag
1167 1010 52 28 må
1244 1009 117 40 gildas
1384 1009 189 32 kostnaden
1598 1012 52 29 för

143 1050 131 31 statens
308 1050 122 43 bidrag
465 1052 52 31 till
552 1053 65 31 den
640 1054 134 41 jämlikt
797 1056 479 43 pensionsförsäkringslagen
1301 1060 204 39 anordnade,
1531 1063 41 39 på
1597 1062 51 30 fri-

142 1099 116 42 villiga
281 1101 144 42 avgifter
447 1104 176 40 grundade
646 1105 246 43 försäkringen.

192 1150 18 31 I
243 1151 94 41 fråga
371 1164 55 19 om
462 1154 227 42 utredningen
725 1156 11 31 i
759 1158 115 30 ämnet
897 1159 50 30 får
970 1159 168 31 utskottet
1161 1160 141 32 hänvisa
1327 1162 52 31 till
1404 1162 60 31 sid.
1489 1164 125 30 54—063
1637 1164 9 30 i

142 1201 391 42 statsrådsprotokollet.

192 1302 119 43 Enligt
347 1305 39 31 10
407 1304 21 42 $
454 1305 11 31 i
489 1306 98 42 lagen
611 1318 55 20 om
690 1308 125 32 allmän
846 1310 361 43 pensionsförsäkring
1241 1312 65 32 den
1329 1314 41 31 30
1390 1314 74 40 juni
1490 1316 79 30 1913
1593 1315 52 32 be-

139 1353 126 32 strides
295 1354 193 33 kostnaden
515 1356 53 32 för
591 1358 42 31 de
654 1359 135 40 jämlikt
812 1371 130 21 samma
963 1361 55 41 lag
1039 1363 170 40 utgående
1243 1364 327 42 pensionstilläggen
1595 1366 51 31 till

138 1403 41 41 "a
203 1415 41 21 av
272 1406 113 31 staten
409 1406 65 31 och
497 1407 53 31 till
574 1407 39 42 !/,
636 1419 41 21 av
699 1409 220 43 landstingen
943 1412 64 31 och
1030 1412 254 33 kommunerna.
1320 1414 199 32 Detsamma
1541 1416 106 41 gäller

137 1454 11 31 i
172 1454 93 42 fråga
288 1466 55 21 om
367 1457 201 39 understöd,
594 1470 73 20 som
692 1462 80 39 utgå
794 1460 12 31 i
830 1461 152 42 enlighet
1004 1463 77 31 med
1105 1464 40 31 33
1167 1463 21 42 8
1211 1464 11 31 i
1245 1465 147 31 nämnda
1414 1466 61 41 lag.

190 1505 135 32 Genom
352 1507 56 41 lag
441 1507 67 32 den
543 1509 18 31 8
592 1509 76 41 juni
704 1511 82 31 1915
813 1522 55 21 om
893 1513 449 41 övergångsbestämmelser
1364 1516 11 30 i
1398 1516 185 42 anledning
1606 1529 39 19 av

137 1555 100 42 lagen
261 1556 67 32 den
351 1557 42 32 30
413 1557 75 42 juni
514 1559 80 32 1913
616 1560 208 43 inbegrepos
847 1562 12 31 i
881 1565 112 29 rätten
1016 1563 53 32 till
1093 1564 190 32 understöd
1306 1566 104 41 enligt
1432 1567 41 31 33
1495 1566 21 42 8
1538 1568 11 30 i
1570 1568 75 31 sist-

137 1607 150 31 nämnda
319 1608 56 41 lag
407 1608 94 33 vissa
523 1610 191 42 kategorier
736 1623 40 20 av
799 1624 174 30 personer,
999 1625 73 21 som
1097 1615 28 42 ej
1151 1615 199 33 innefattats
1373 1617 109 31 under
1505 1618 64 31 den
1594 1630 49 19 ur-

137 1658 201 41 sprungliga
360 1659 108 41 lagen.
515 1651 30 40 Å
568 1662 106 30 andra
698 1662 98 32 sidan
820 1664 137 41 gjordes
980 1676 122 30 genom
1128 1667 81 30 1915
1232 1669 55 29 års
1310 1667 55 41 lag
1387 1668 65 31 den
1469 1668 174 33 inskränk-

135 1707 126 42 ningen
275 1708 11 31 i
299 1709 280 41 pensionsrätten
592 1712 107 41 enligt
710 1713 100 41 lagen
827 1714 66 32 den
910 1715 41 31 30
964 1715 75 42 juni
1057 1717 90 37 1913,
1161 1719 50 29 att
1227 1717 163 42 beloppet
1412 1730 39 19 av
1468 1720 176 40 pensions-

137 1757 126 43 tillägg,
288 1759 192 33 understöd
502 1761 64 32 och
590 1762 128 42 ökning
741 1763 102 32 därav
865 1765 124 41 jämväl
1011 1766 53 31 för
1087 1766 87 39 dem,
1189 1778 73 21 som
1285 1768 109 31 under
1417 1771 78 29 åren
1521 1770 122 31 1919—

139 1808 81 31 1929
236 1809 170 32 förvärvat
429 1811 106 31 sådan
558 1814 76 37 rätt,
658 1813 198 33 bestämdes
880 1815 52 31 till
953 1816 40 31 90
1014 1816 12 31 i
1049 1817 115 32 stället
1186 1818 53 31 för
1253 1819 60 31 100
1328 1822 141 38 procent
1485 1831 39 20 av
1540 1821 11 30 i
1569 1821 73 31 sist-

136 1859 149 31 nämnda
306 1860 56 41 lag
385 1861 100 41 eljest
508 1863 135 41 stadgat
665 1863 138 43 belopp.

192 1909 246 33 Kostnaderna
471 1912 53 31 för
556 1913 43 31 de
632 1914 12 30 i
668 1915 82 31 1915
777 1917 55 30 års
855 1916 55 41 lag
933 1917 149 32 avsedda
1104 1918 432 43 befolkningsgruppernas
1559 1921 83 32 infö-

134 1959 105 32 rande
262 1960 12 31 i
297 1960 66 32 den
384 1962 172 32 allmänna
578 1964 405 44 pensionsförsäkringen
1006 1967 213 34 beräknades
1240 1972 170 30 motsvara
1433 1974 48 28 ett
1503 1968 138 51 kapital-

135 2009 103 32 värde
261 2011 67 31 den
353 2013 15 29 1
391 2012 135 41 januari
551 2014 80 31 1916
654 2025 41 21 av
717 2016 191 38 53,686,000
930 2017 135 33 kronor.
1110 2019 114 32 Dessa
1246 2020 185 32 kostnader
1454 2022 109 32 skulle
1588 2034 52 20 en-

133 2059 64 42 ligt
218 2061 173 42 uppgjord
413 2063 82 40 plan
518 2063 48 41 (se
589 2065 203 42 riksdagens
816 2067 165 32 skrivelse
1004 2080 40 19 nr
1068 2069 57 31 191
1151 2072 36 29 år
1212 2071 91 40 1915)
1327 2072 114 31 täckas
1465 2072 74 32 dels
1556 2073 84 31 däri-

133 2121 133 30 genom,
301 2113 51 31 att
384 2124 41 20 ur
452 2114 477 44 arbetarförsäkringsfonden
952 2119 52 31 för
1026 2119 255 42 ifrågavarande
1304 2122 155 32 ändamål
1483 2123 157 42 dispone-

132 2161 100 32 rades
266 2164 51 30 ett
344 2163 129 42 belopp
496 2176 40 20 av
559 2166 190 38 27,462,000
771 2168 136 40 kronor,
932 2168 74 32 dels
1029 2181 122 30 genom
1176 2171 66 31 den
1265 2172 184 42 besparing
1471 2174 10 30 i
1505 2174 133 31 kostna-

131 2211 106 32 derna
270 2213 53 31 för
357 2214 286 44 pensionstillägg
669 2218 65 31 och
767 2218 199 40 understöd,
991 2231 74 21 som
1090 2222 207 41 uppkomme
1319 2234 121 30 genom
1464 2236 83 30 nyss
1571 2236 66 20 om-

131 2262 167 33 förmälda
332 2265 238 43 utsträckning
602 2278 41 21 av
677 2269 295 41 övergångstiden,
1007 2271 74 31 dels
1116 2272 161 42 slutligen
1312 2285 120 30 genom
1467 2277 49 29 ett
1538 2276 99 41 årligt

132 2314 209 41 statsanslag
374 2315 111 32 under
517 2318 80 30 åren
629 2318 209 33 1917—1950
860 2331 41 21 av
923 2321 137 38 548,000
1081 2322 136 32 kronor.
1263 2324 200 42 Utjämning
1485 2337 40 20 av
1547 2326 90 32 kost-

130 2363 152 32 naderna
304 2383 41 4 —
368 2376 75 21 som
466 2366 53 32 till
543 2378 41 20 en
607 2368 123 41 början
755 2370 110 32 skulle
888 2371 91 31 bliva
1006 2372 134 42 mycket
1162 2373 88 42 höga
1273 2374 53 31 för
1348 2377 48 29 att
1420 2376 104 31 sedan
1553 2380 82 28 små-

130 2413 139 42 ningom
305 2415 124 41 sjunka
461 2435 41 4 —
536 2417 110 32 skulle
680 2420 256 33 åstadkommas
969 2424 44 39 på
1047 2423 59 31 det
1134 2426 77 36 sätt,
1236 2427 49 29 att
1308 2426 108 31 under
1439 2426 65 32 den
1527 2427 108 32 första

129 2463 101 33 delen
264 2475 41 21 av
339 2465 215 34 sistnämnda
581 2468 51 32 tid
655 2469 111 33 skulle
790 2482 41 20 ur
852 2472 508 44 pensionsförsäkringsfonden
1382 2477 186 41 förskjutas
1592 2478 41 32 de

128 2514 138 42 belopp,
301 2526 74 22 som
410 2519 121 31 utöver
564 2519 224 33 omförmälda
821 2522 106 41 årliga
950 2525 207 41 statsanslag
1190 2526 213 32 erfordrades
1427 2527 52 32 för
1501 2528 133 32 kostna-

180 2567 110 39 Bihang
308 2569 45 28 till
369 2571 170 36 riksdagens
551 2573 146 36 protokoll
720 2571 90 32 1927.
848 2573 21 29 6
889 2577 79 28 saml.
1004 2575 20 29 5
1046 2577 69 37 häft.
1152 2576 63 36 (Nr
1238 2577 43 40 2.)
1452 2590 37 18 B47
1505 2591 23 18 27
1576 2585 16 26 2

1680 669 103 23 Statens
1798 670 65 23 kost-

1679 704 52 22 nad
1749 704 43 29 för
1801 713 63 21 pen:

1691 740 164 27 sionstillägg

1697 767 10 20 I.
1780 774 6 7 å
1824 766 31 15 a

1670 782 41 14 och
1735 776 137 21 understöd

1686 808 79 30 enligt
1787 809 71 29 lagen

1698 851 36 14 om
1757 843 96 23 allmän

1701 877 136 29 pensions-

1696 912 158 30 försäkring.

1726 954 93 45 [20.]
