2210 2620
420 192 38 30 18
561 190 114 31 Andra
699 188 212 32 Kammarens
938 185 175 41 Tillfälliga
1144 183 137 32 Utskotts
1303 181 76 40 (N:o
1404 183 32 38 1)
1466 180 166 32 Utlåtande
1655 179 62 32 N:o
1743 182 48 30 19.

375 269 96 31 äfven
506 267 35 32 åt
576 265 222 33 underbefälet
830 263 60 32 och
926 261 229 42 värnpliktige,
1186 261 4 31 i
1215 261 61 31 den
1311 260 74 31 mån
1419 259 38 31 de
1492 257 144 32 befinnas
1671 256 112 32 härför
1807 255 165 42 lämpliga,

374 312 164 31 anförtros
562 312 50 30 att
635 309 89 32 hålla
747 307 153 40 föredrag
923 306 52 31 för
999 308 167 39 truppen.»

1160 347 136 41 (Chefen
1317 347 54 40 för
1391 345 95 41 femte
1509 343 332 41 arméfördelningen).

512 439 127 33 »Skulle
667 437 182 33 emellertid
872 436 102 32 Eders
998 435 118 41 Kungl.
1141 434 96 41 Maj:t
1261 444 87 27 anse,
1373 434 51 30 att
1448 431 205 40 Riksdagens
1676 429 175 32 skrifvelse
1874 427 101 32 borde

377 484 168 33 föranleda
568 483 49 32 till
642 484 51 30 att
717 482 39 31 de
780 480 221 42 värnpliktige
1030 478 207 41 bibringades
1261 488 40 21 en
1324 475 219 33 humanistisk
1559 473 154 41 bildning,
1730 471 178 33 närmande
1925 470 50 41 sig

376 538 90 22 mera
500 526 272 41 folkhögskolans
807 525 74 37 mål,
918 523 103 37 torde,
1058 522 41 32 då
1133 521 145 32 flertalet
1302 520 169 32 officerare
1500 519 60 31 har
1583 518 103 40 ringa,
1711 527 53 21 om
1788 526 56 22 ens
1868 515 107 40 någon

376 582 85 22 vana
485 570 61 32 och
569 569 167 40 färdighet
760 570 51 31 att
835 567 147 32 meddela
1005 565 92 41 dylik
1119 563 232 42 undervisning
1374 565 87 30 samt
1484 562 93 32 torde
1601 561 101 32 hafva
1725 560 103 40 glömt
1849 569 40 21 en
1905 560 71 30 stor

377 616 50 31 del
462 614 37 32 af
531 614 86 31 hvad
652 613 39 31 de
715 612 47 32 uti
794 612 72 32 icke
889 610 146 32 militära
1058 613 115 28 ämnen
1197 609 11 31 i
1231 608 117 32 skolan
1371 607 172 37 inhämtat,
1568 615 81 21 vara
1671 602 226 41 fördelaktigt,
1923 612 50 21 om

377 669 39 21 en
440 657 199 33 instruktion
663 656 48 40 (P.
737 656 67 40 M-.),
830 654 134 41 lämplig
987 655 52 30 att
1062 653 115 41 läggas
1202 652 51 32 till
1276 651 104 41 grund
1403 650 55 31 vid
1482 650 39 31 de
1544 647 239 43 värnpliktiges
1807 645 168 32 undervis-

378 702 76 40 ning
488 702 10 31 i
532 700 200 37 humaniora,
758 698 108 33 blefve
891 696 184 33 utarbetad.
1121 697 115 31 Denna
1259 695 35 31 P.
1318 695 43 31 M.
1386 693 105 32 skulle
1516 693 101 39 enligt
1640 691 67 32 min
1731 690 130 40 mening
1885 689 90 31 inne-

377 746 89 31 hålla
501 744 85 32 efter
619 748 95 28 ämne
749 743 61 31 och
845 741 141 33 innehåll
1021 740 141 32 ordnade
1194 739 124 42 frågor.
1365 738 123 31 Svaren
1515 737 42 40 på
1580 736 95 31 dessa
1698 734 105 32 skulle
1827 733 149 32 däremot

377 789 115 40 hvarje
515 787 281 33 subalternofficer
824 785 79 41 själf
924 785 109 32 lämna
1057 783 61 32 och
1141 782 156 33 utveckla
1320 781 52 32 för
1394 781 50 31 sin
1468 779 179 40 afdelning:
1672 779 185 31 sedermera
1880 776 96 31 faller

378 833 37 31 af
446 832 50 41 sig
532 831 101 41 själft,
669 832 52 30 att
755 830 66 32 han
854 830 105 30 mäste
994 838 117 30 genom
1146 828 51 30 att
1231 835 146 32 upprepa
1400 824 154 40 frågorna
1578 822 142 32 förvissa
1743 821 51 40 sig
1817 831 52 20 om
1893 820 82 30 huru

378 876 134 41 mycket
536 875 36 31 af
593 875 55 31 det
670 873 190 33 meddelade
883 883 70 21 som
977 872 126 31 fastnat
1126 869 10 32 i
1160 870 214 40 manskapets
1397 868 116 31 minne.

509 918 198 32 Fördelarna
739 917 10 31 i
782 916 93 32 detta
906 914 319 40 undervisningssätt
1257 913 109 31 blefve
1393 911 72 32 icke
1489 911 139 31 allenast
1651 908 99 32 enhet
1772 907 8 31 i
1806 905 169 33 undervis-

379 963 117 41 ningen
531 964 80 30 utan
644 961 63 32 ock
742 960 70 38 den,
842 961 50 30 att
916 969 75 21 man
1014 959 38 31 så
1074 959 52 30 att
1149 961 81 37 säga
1253 955 242 41 frampressade
1519 953 208 32 officerarnes
1751 950 149 40 förmåga
1924 951 52 30 att

379 1005 184 38 undervisa,
597 1005 41 41 på
671 1014 127 22 samma
830 1003 86 40 gång
948 1013 38 20 en
1021 1003 69 30 stor
1113 1001 52 31 del
1200 1000 109 31 blefve
1332 1001 147 37 tvungna
1502 1000 51 29 att
1576 996 121 41 själfva
1720 995 85 39 ånyo
1829 994 148 31 inhämta

379 1050 87 32 hvad
494 1060 69 21 som
586 1048 101 32 under
724 1048 145 31 tidernas
903 1046 76 40 lopp
1014 1044 153 41 möjligen
1202 1044 126 30 kunnat
1362 1042 42 40 gå
1437 1040 160 32 förloradt
1631 1040 52 30 för
1715 1038 138 32 minnet:
1877 1037 99 31 hvar-

379 1095 143 30 förutom
550 1092 54 32 det
633 1101 118 31 genom
775 1101 38 21 en
838 1089 90 40 dylik
952 1088 34 31 P.
1012 1088 42 31 M.
1080 1087 92 32 torde
1196 1086 104 32 blifva
1324 1084 162 41 betydligt
1515 1084 120 31 lättare
1659 1083 52 30 för
1735 1080 242 32 vederbörande

379 1139 51 30 att
454 1136 203 32 kontrollera
679 1133 290 40 undervisningens
993 1131 115 41 gång.»

1185 1171 386 41 (Militärbefälhafvaren
1589 1168 47 42 på
1665 1167 178 37 Gottland).

848 1325 28 30 5.
925 1320 175 42 Angående
1125 1318 223 42 erforderliga
1373 1316 138 34 lokaler.

516 1412 218 32 »Lokalernas
769 1409 224 33 beskaffenhet
1029 1407 92 33 torde
1157 1407 98 32 äfven
1289 1406 97 40 lägga
1422 1404 113 31 hinder
1568 1402 10 32 i
1611 1405 106 37 vägen
1739 1401 52 31 för
1815 1410 37 21 en
1877 1399 102 32 sadan

383 1456 239 40 undervisning,
646 1466 70 20 som
741 1454 60 31 här
824 1457 37 28 är
884 1453 9 31 i
917 1452 125 40 fråga.»

1342 1491 133 41 (Chefen
1496 1490 54 40 för
1571 1488 275 41 fortifikationen).

515 1587 87 31 »Där
625 1585 123 32 bristen
773 1584 42 41 på
838 1582 138 41 tjänliga
999 1581 134 38 lokaler,
1159 1580 93 32 såväl
1274 1564 72 47 som
1370 1578 74 31 hela
1460 1575 274 43 organisationen,
1752 1573 170 32 försvårar
1938 1592 40 2 —

384 1631 48 31 för
467 1632 50 30 att
550 1630 71 31 icke
657 1632 80 37 säga
772 1626 214 42 omöjliggöra
1010 1644 40 4 —
1075 1626 49 30 ett
1147 1625 177 40 angenämt
1352 1620 230 42 tillbringande
1605 1618 150 32 inomhus
1778 1618 36 31 af
1835 1617 143 36 fritiden,

381 1674 63 32 och
474 1674 59 31 där
562 1673 127 31 således
714 1671 139 32 befälets
878 1673 160 37 umgänge
1062 1668 73 32 med
1159 1668 39 31 de
1222 1665 221 42 värnpliktige
1467 1664 8 32 i
1501 1663 186 32 hufvudsak
1710 1661 197 32 inskränker
1929 1660 51 40 sig

383 1718 49 31 till
456 1717 60 32 den
542 1717 128 31 direkta
694 1716 154 40 tjänsten,
873 1714 58 32 där
955 1715 101 29 finnes
1079 1711 96 42 ingen
1199 1709 259 37 koncentration,
1479 1708 96 40 ingen
1591 1705 209 41 allmännelig
1816 1714 164 22 samman-

383 1761 175 31 hallning.>

508 1787 19 14 ”
1272 1796 133 40 (Chefen
1426 1795 55 41 för
1506 1794 152 40 Blekinge
1682 1791 166 41 bataljon).

517 1890 65 31 »En
607 1888 185 41 nödvändig
815 1886 237 41 förutsättning
1076 1886 50 31 för
1150 1885 106 32 denna
1272 1881 248 40 undervisnings
1534 1879 163 33 ordnande
1714 1882 37 28 är
1767 1877 154 41 slutligen
1939 1896 40 2 -—

384 1934 156 41 kimpliga
563 1933 135 32 lokaler.

515 1977 63 31 För
605 1976 113 41 hvarje
743 1974 162 33 skvadron
930 1974 59 31 bör
1012 1974 102 30 finnas
1137 1973 50 31 ett
1211 1970 156 37 skolrum,
1392 1969 57 31 där
1472 1966 232 40 undervisning
1727 1965 65 31 kan
1815 1963 165 32 meddelas

384 2021 8 31 i
417 2020 137 41 läsning,
587 2019 162 41 skrifning
777 2018 61 32 och
866 2017 138 41 räkning
1036 2018 86 30 samt
1147 2014 108 41 öfriga
1277 2018 126 33 ämnen,
1428 2013 10 30 i
1461 2011 114 32 hvilka
1597 2007 273 41 undervisningen
1894 2007 87 31 med-

384 2064 89 32 delas
508 2064 242 32 skvadronsvis.
797 2062 74 31 Men
906 2061 165 31 dessutom
1106 2060 59 31 bör
1200 2059 104 31 finnas
1332 2068 40 20 en
1395 2058 106 30 större
1525 2054 48 31 sal
1596 2054 52 31 för
1671 2053 122 32 sådana
1816 2051 163 39 föredrag,

384 2118 70 21 som
477 2108 74 31 med
574 2108 126 39 hänsyn
723 2106 52 32 till
799 2104 178 41 tillgången
1001 2103 42 41 på
1066 2102 238 33 lärarekrafter
1327 2100 106 32 måste
1456 2098 161 32 anordnas
1637 2098 203 39 gemensamt
1856 2094 51 32 för
1923 2094 59 31 två

384 2151 80 32 eller
495 2152 81 30 flera
607 2150 211 32 skvadroner.
865 2149 49 30 En
945 2147 103 32 sådan
1080 2147 48 32 sal
1152 2156 78 21 vore
1255 2145 166 32 dessutom
1443 2140 142 40 behöflig
1608 2139 109 32 såsom
1740 2139 240 40 samlingsrum,

385 2195 58 31 där
467 2194 39 31 de
529 2194 221 41 värnpliktige
775 2193 41 40 på
840 2191 107 40 lediga
970 2190 134 33 stunder
1127 2189 107 32 kunde
1258 2188 121 32 samlas
1403 2187 60 31 och
1483 2182 160 35 fördrifva
1658 2183 90 31 tiden
1766 2182 72 31 med
1855 2181 127 40 läsning

383 2238 81 33 eller
488 2236 101 32 andra
617 2237 131 40 nyttiga
771 2235 236 32 förströelser.»
1628 2259 3 4 .

1147 2274 135 42 (Chefen
1304 2274 54 40 för
1381 2271 137 33 skånska
1542 2270 310 41 husarregementet.)
