1872 2842
339 146 40 30 12
671 148 396 34 Jordbruksutskottets
1093 150 188 32 utlåtande
1303 152 52 32 Nr
1379 154 53 29 53.

294 223 219 31 strävanden
542 224 53 31 att
625 225 12 30 i
668 226 131 30 största
828 226 152 37 möjliga
1008 227 221 38 omfattning
1259 228 177 32 behärska
1467 231 325 33 fruktmarknaden

293 274 97 31 inom
423 274 121 32 landet
575 277 81 30 med
691 277 128 31 svensk
851 278 113 31 frukt.
1009 279 55 30 En
1098 280 246 37 oundgänglig
1379 281 262 38 förutsättning
1667 283 124 32 härför

294 326 99 31 torde
421 327 181 37 nämligen
632 338 98 26 vara,
757 330 54 30 att
838 329 413 39 försäljningssäsongen
1280 332 56 31 för
1366 333 69 31 den
1463 334 151 31 svenska
1643 335 148 32 frukten

293 377 71 31 kan
381 378 204 32 utsträckas
606 381 84 29 över
711 390 43 21 en
774 381 39 30 så
832 380 87 38 lång
939 381 53 32 tid
1011 392 75 21 som
1105 383 153 37 möjligt,
1279 384 112 31 vilket
1411 385 181 32 önskemål
1612 382 179 46 knappast

294 429 94 30 lärer
411 429 122 31 kunna
556 430 191 32 realiseras
771 433 89 30 utan
883 433 251 37 kylteknikens
1159 434 111 38 hjälp.
1313 435 176 37 Möjligen
1511 440 41 28 är
1576 437 114 38 enligt
1714 448 78 27 pro-

292 480 202 37 positionen
513 483 115 31 avsett
647 484 55 30 att
720 483 59 31 lån
798 484 101 31 skola
917 479 123 37 kunna
1059 486 88 36 utgå
1167 486 57 31 för
1243 487 207 32 inrättande
1471 498 44 22 av
1535 489 255 37 kylanordnin-

294 541 65 28 gar
383 532 14 31 i
422 533 172 32 samband
618 534 83 32 med
725 535 193 32 utförande
944 537 64 30 och
1030 537 348 37 iordningställande
1405 550 45 21 av
1476 540 315 38 fruktlagringslo-

293 583 110 32 kaler.
442 585 54 31 Då
515 585 198 33 emellertid
732 596 42 21 en
794 587 74 31 viss
888 587 132 32 tvekan
1037 588 73 31 kan
1127 590 90 30 råda
1234 589 232 39 härutinnan,
1484 601 104 22 anser
1608 593 184 36 utskottet,

293 635 54 31 att
365 635 136 37 Kungl.
521 637 127 36 Maj:ts
667 638 136 37 förslag
823 639 63 31 bör
905 640 13 31 i
937 640 98 31 detta
1054 641 174 32 avseende
1248 643 161 36 undergå
1430 653 44 21 en
1491 644 72 31 viss
1584 640 206 46 komplette-

293 687 92 36 ring.
427 687 77 32 Lån
525 688 54 32 för
600 689 311 38 kylanordningar
933 701 104 27 synes
1057 693 176 31 utskottet
1253 694 85 31 böra
1360 695 39 31 få
1418 695 12 30 i
1453 695 218 38 tillämpliga
1693 697 99 32 delar

293 740 88 35 utgå
405 739 93 32 efter
521 749 138 22 samma
682 742 155 35 grunder
861 753 76 21 som
962 743 205 37 föreslagits
1189 744 229 34 beträffande
1443 747 62 31 lån
1528 747 56 32 för
1609 748 183 37 lordning-

292 791 178 31 ställande
496 802 45 20 av
567 792 449 38 fruktförvaringslokaler
1044 805 44 21 m.
1115 805 46 22 m.
1210 796 181 33 Utskottet
1420 798 213 33 förutsätter
1662 800 127 37 tillika,

293 843 54 30 att
370 843 43 31 de
435 852 45 22 av
503 843 174 32 utskottet
699 845 13 30 i
735 845 118 37 övrigt
876 846 68 31 här
967 856 92 21 ovan
1082 848 154 31 anförda
1258 849 273 37 synpunkterna
1555 851 110 31 vinna
1689 851 102 32 beak-

293 885 107 40 tande
423 894 63 31 vid
510 895 416 34 lånebestämmelsernas
951 898 148 38 slutliga
1124 900 235 37 utformning.

331 945 126 37 Enligt
480 946 132 37 Kungl.
636 947 129 37 Maj:ts
787 948 137 38 förslag
947 950 92 31 skall
1059 951 134 30 räntan
1213 953 22 30 å
1257 952 61 31 lån
1341 953 86 31 från
1450 954 339 37 fruktodlingslåne-

292 997 134 31 fonden
446 997 214 33 bestämmas
680 999 57 31 till
756 1000 41 31 4.5
817 1003 157 34 procent.
1014 1002 77 31 Den
1111 1002 131 32 väckta
1259 1005 181 30 motionen
1461 1015 102 22 avser
1583 1008 55 30 att
1658 1008 133 31 räntan

291 1050 21 31 å
341 1049 283 36 ifrågavarande
652 1050 88 33 fond
767 1051 93 32 skall
889 1054 88 35 utgå
1003 1053 91 31 efter
1124 1054 235 33 riksbankens
1390 1057 281 38 växeldiskonto,
1702 1059 89 32 dock

291 1100 104 36 högst
416 1101 81 32 med
515 1102 18 30 4
551 1103 157 35 procent.
749 1103 70 31 För
839 1112 90 28 egen
950 1105 56 31 del
1026 1105 120 32 finner
1168 1106 56 37 sig
1245 1107 172 32 utskottet
1440 1109 12 30 i
1473 1109 236 33 förevarande
1731 1121 58 21 av-

291 1152 127 31 seende
440 1152 77 32 icke
539 1153 87 31 böra
649 1154 185 37 tillstyrka
856 1158 52 29 ett
933 1156 220 37 frångående
1178 1168 47 20 av
1246 1159 134 36 Kungl.
1405 1159 128 38 Maj:ts
1554 1161 147 38 förslag,
1726 1163 63 31 vil-

291 1203 58 31 ket
373 1204 272 32 sammanfaller
668 1206 81 32 med
774 1207 67 31 den
866 1208 223 37 ståndpunkt
1113 1209 172 33 utskottet
1311 1211 135 37 intagit
1472 1212 56 31 till
1552 1213 98 31 vissa
1675 1214 114 32 andra

290 1254 63 33 vid
381 1254 245 34 innevarande
654 1257 147 37 riksdag
831 1259 210 32 motionsvis
1069 1260 230 33 framställda
1327 1262 138 38 förslag
1495 1274 56 21 om
1581 1266 208 31 räntesänk-

290 1306 88 37 ning
397 1307 229 33 beträffande
649 1309 97 31 vissa
766 1310 137 32 statens
925 1311 323 38 utlåningsfonder,
1271 1313 61 32 vid
1354 1314 99 31 vilka
1474 1316 112 36 gäller
1607 1327 45 21 en
1672 1319 117 30 ränte-

290 1359 74 30 sats
386 1368 47 22 av
455 1359 43 31 4.5
519 1362 156 34 procent.
719 1361 182 32 Utskottet
922 1362 72 32 kan
1016 1363 153 33 sålunda
1193 1364 77 32 icke
1291 1365 145 32 biträda
1458 1367 189 32 motionen.

329 1409 124 33 Under
477 1411 223 37 åberopande
722 1423 46 20 av
789 1413 58 31 det
872 1414 154 32 anförda
1048 1415 206 32 hemställer
1278 1417 185 37 utskottet,

732 1518 53 30 att
807 1517 195 38 riksdagen
1022 1520 68 35 må,
1112 1520 82 31 med
1216 1520 195 38 anledning
1434 1533 47 20 av
1502 1524 135 36 Kungl.
1660 1524 130 37 Maj:ts

693 1568 237 32 förevarande
960 1570 271 37 framställning
1259 1572 64 31 och
1352 1574 82 31 med
1463 1574 125 37 avslag
1616 1577 21 29 å
1666 1576 123 32 motio-

691 1629 69 22 nen
780 1620 52 31 IT:
847 1620 69 37 381,

731 1670 32 36 1)
787 1671 142 32 besluta
960 1673 208 33 inrättande
1200 1685 46 21 av
1278 1677 136 30 statens
1448 1677 340 38 fruktodlingslåne-

686 1722 95 37 fond,
802 1733 76 22 som
895 1724 93 32 skall
1007 1725 175 33 förvaltas
1201 1737 46 21 av
1263 1728 257 33 statskontoret
1538 1730 65 32 och
1621 1731 167 32 varifrån

690 1774 61 31 lån
773 1775 60 31 må
856 1775 14 31 i
894 1777 85 30 mån
1002 1786 45 22 av
1072 1777 156 38 tillgång
1253 1779 182 32 utlämnas
1460 1781 74 31 dels
1560 1781 56 32 för
1642 1781 146 38 anlägg-

689 1825 87 38 ning
799 1837 48 21 av
868 1829 116 31 större
1007 1829 227 38 fruktodling
1258 1831 56 31 för
1337 1831 207 33 ekonomisk
1568 1833 92 32 drift
1683 1836 104 29 även-

690 1887 74 22 som
793 1879 56 31 för
879 1880 218 37 utvidgning
1126 1880 86 33 eller
1242 1882 221 38 förbättring
1492 1884 13 31 i
1533 1885 130 32 sådant
1691 1886 96 37 syfte

689 1940 46 21 av
756 1931 112 31 redan
890 1931 169 38 befintlig
1082 1932 237 39 fruktodling,
1342 1934 76 32 dels
1440 1935 56 32 för
1518 1936 108 38 inköp
1647 1947 47 22 av
1715 1948 71 21 ma-

689 1981 214 33 skindrivna
954 1983 350 39 fruktträdssprutor
1346 1987 66 31 och
1445 1987 151 38 redskap
1630 1989 57 32 för
1717 1989 68 37 jor-

689 2033 84 31 dens
792 2034 245 38 bearbetning,
1055 2036 76 31 dels
1151 2036 57 32 för
1227 2038 232 32 anordnande
1478 2050 45 21 av
1542 2040 243 38 bevattnings-

688 2085 266 37 anläggningar
990 2087 56 31 för
1081 2088 237 38 fruktodling,
1355 2090 76 31 dels
1468 2091 56 32 för
1560 2093 225 36 uppförande

688 2137 64 31 och
777 2137 349 38 iordningställande
1151 2150 46 21 av
1221 2140 344 38 förvaringslokaler
1591 2144 57 32 för
1675 2144 110 38 frukt,

688 2188 74 32 dels
780 2190 65 30 ock
866 2189 57 32 för
945 2190 191 33 utförande
1156 2202 46 21 av
1223 2193 245 38 anordningar
1490 2195 55 31 för
1566 2195 153 38 kylning
1739 2208 46 20 av

688 2240 115 37 frukt;

726 2291 32 36 2)
782 2292 218 38 bemyndiga
1020 2294 134 37 Kungl.
1175 2295 111 37 Maj:t
1306 2298 64 35 att,
1401 2298 2 30 i
1424 2298 242 38 huvudsaklig
1687 2303 98 29 över-

687 2345 267 30 ensstämmelse
976 2346 79 31 med
1075 2357 47 20 av
1145 2347 392 36 departementschefen
1559 2350 12 31 i
1595 2352 189 32 statsråds-

686 2395 215 36 protokollet
924 2396 202 37 tillstyrkta
1150 2399 155 36 grunder
1329 2401 82 31 med
1436 2401 78 31 däri
1538 2413 47 21 av
1608 2404 176 33 utskottet

683 2446 146 36 angivet
882 2447 140 38 tillägg,
1073 2450 151 32 wutfärda
1277 2451 237 38 erforderliga
1565 2454 221 34 bestämmel-
