1874 2848
444 149 399 37 Jordbruksutskottets
866 143 189 35 utlåtande
1079 144 54 32 NT
1159 143 52 31 53.
1500 137 41 31 17

117 236 19 32 I
157 235 115 32 likhet
295 233 81 32 med
399 227 395 41 departementschefen
817 234 105 22 anser
945 224 55 36 sig
1023 222 176 31 utskottet
1223 219 89 32 böra
1336 217 80 32 med
1439 217 145 35 hänsyn

77 288 109 31 bland
212 287 113 31 annat
348 284 56 31 till
431 281 215 33 hithörande
671 277 246 33 verksamhets
944 274 180 36 betydelse
1149 273 56 30 för
1230 269 200 33 beredande
1456 278 46 21 av
1529 276 56 22 ar-

77 337 250 34 betstillfällen
356 334 185 37 tillstyrka
568 342 43 22 en
638 330 150 37 höjning
816 339 45 21 av
888 328 59 31 det
972 325 136 36 belopp,
1134 333 74 22 som
1235 324 59 29 må
1319 321 123 31 kunna
1467 319 117 32 under

77 392 107 31 nästa
204 388 176 38 budgetår
398 387 183 31 utlämnas
599 384 12 31 i
630 381 220 36 statsbidrag
870 380 83 31 från
972 376 236 33 förevarande
1227 374 138 36 anslag,
1384 372 56 32 till
1458 371 132 37 150,000

77 443 143 32 kronor.
263 440 184 33 Utskottet
467 436 207 33 hemställer
695 437 12 30 i
732 432 210 36 anslutning
966 428 137 38 härtill,

521 507 55 31 att
594 505 194 36 riksdagen
805 503 58 31 må
882 502 56 31 för
957 497 234 35 utlämnande
1209 507 46 21 av
1274 495 128 36 bidrag
1422 493 57 32 till
1497 494 87 36 byg-

481 558 117 37 gande
624 568 45 20 av
692 556 302 36 nybyggesvägar
1018 550 127 32 anvisa
1172 550 55 31 för
1255 547 212 37 budgetåret
1492 543 93 37 1934/

482 610 78 32 1935
583 610 52 31 ett
656 605 370 35 reservationsanslag
1050 613 45 21 av
1117 601 128 37 150,000
1267 601 141 31 kronor.

120 700 238 32 Beträffande
382 698 109 31 sättet
517 697 55 31 för
599 692 240 34 anskaffande
861 702 45 21 av
927 690 105 32 dessa
1055 687 114 33 medel
1192 687 101 31 torde
1318 684 267 33 statsutskottet

80 752 193 32 framdeles
295 750 114 32 under
430 748 195 36 riksdagen
647 745 134 37 avgiva
803 743 146 36 förslag.

120 880 91 38 13:0)
234 882 95 36 Väg-
349 880 65 32 och
434 875 375 39 flottledsbyggnader
829 874 21 31 å
869 873 131 37 skogar
1021 873 13 30 i
1056 870 139 33 enskild
1215 870 78 36 ägo.
1324 867 122 32 Under
1467 865 118 38 punkt

81 935 39 31 18
142 935 66 30 har
227 932 136 36 Kungl.
384 930 110 37 Maj:t
516 928 187 36 föreslagit
723 926 194 35 riksdagen
938 925 55 30 att
1014 924 115 30 såsom
1152 921 128 35 bidrag
1304 919 55 32 till
1381 918 97 32 vissa
1500 919 86 34 väg-

80 987 65 30 och
167 982 371 38 flottledsbyggnader
558 982 21 30 å
601 980 129 36 skogar
753 978 13 31 i
788 976 138 33 enskild
946 978 68 34 ägo
1033 974 127 32 anvisa
1181 973 56 31 för
1261 971 212 36 budgetåret
1493 967 93 37 1934/

81 1038 79 31 1935
179 1038 51 30 ett
247 1032 370 37 reservationsanslag
637 1042 44 21 av
701 1030 128 36 500,000
847 1029 140 31 kronor.

123 1115 18 31 I
160 1113 173 33 samband
352 1111 147 32 härmed
517 1110 67 30 har
605 1108 174 32 utskottet
798 1106 56 31 till
875 1103 219 37 behandling
1115 1101 159 33 förehaft
1292 1111 43 21 en
1354 1100 95 31 inom
1470 1098 118 32 andra

81 1166 212 31 kammaren
316 1163 118 36 väckt,
459 1162 57 31 till
539 1160 174 32 utskottet
736 1158 177 31 hänvisad
936 1155 144 37 motion,
1105 1165 42 20 nr
1172 1154 47 36 74,
1244 1164 46 20 av
1316 1152 82 31 herr
1423 1151 126 32 Olsson
1574 1149 13 31 i

82 1216 187 37 Blädinge,
290 1215 81 32 vari
391 1213 211 36 hemställts,
624 1212 54 31 att
705 1211 5 31 i
730 1209 122 37 kungl.
874 1207 238 38 kungörelsen
1133 1207 69 31 den
1222 1205 39 31 16
1279 1204 196 37 september
1497 1202 90 36 1983,

82 1269 185 36 angående
288 1266 220 36 statsbidrag
528 1264 58 31 till
607 1263 96 32 vissa
720 1264 86 34 väg-
826 1261 64 31 och
910 1257 372 38 ilottledsbyggnader
1304 1258 21 29 å
1345 1256 128 36 skogar
1496 1255 12 31 1
1529 1263 58 22 en-

81 1320 96 32 skild
194 1322 78 34 ägo,
290 1319 59 32 det
374 1318 2 31 i
392 1327 103 22 mom.
512 1317 18 30 6
547 1316 13 31 i
578 1315 157 32 nämnda
753 1312 211 37 kungörelse
979 1310 184 33 bestämda
1179 1308 267 36 statsbidraget,
1466 1307 121 36 tjugu-

83 1372 70 31 fem
173 1371 157 37 procent,
346 1370 111 31 måtte
475 1367 103 38 höjas
598 1367 56 32 till
672 1367 110 31 minst
802 1364 111 38 fyrtio
932 1363 147 38 procent
1098 1372 45 21 av
1163 1362 68 31 den
1250 1361 88 30 utav
1356 1359 231 37 skogsvårds-

82 1423 176 37 styrelsen
280 1421 189 37 godkända
489 1419 199 31 kostnaden
711 1418 55 31 för
788 1417 186 35 företaget.

124 1473 238 33 Beträffande
383 1473 41 31 de
444 1470 88 37 skäl,
550 1480 75 21 som
644 1469 139 31 anförts
801 1468 57 31 till
877 1468 78 31 stöd
974 1466 137 36 härför,
1129 1464 171 32 hänvisas
1321 1463 56 31 till
1396 1462 192 32 motionen.

123 1525 18 31 I
164 1524 195 37 anledning
382 1534 44 21 av
447 1522 133 32 väckta
600 1520 174 31 motioner
796 1518 171 33 anvisade
988 1517 79 31 1933
1087 1518 59 30 års
1167 1516 149 36 riksdag
1341 1514 132 36 (Särsk.
1494 1513 94 32 utsk.

82 1577 66 32 utl.
167 1587 43 21 nr
232 1577 38 31 17
291 1587 26 21 s.
337 1575 52 37 83;
412 1575 41 31 R.
472 1574 71 31 skr.
564 1583 43 21 nr
628 1572 70 36 356)
723 1572 56 31 för
800 1570 211 36 budgetåret
1032 1568 171 35 1933/1934
1225 1568 113 30 under
1358 1565 152 37 utgifter
1532 1565 57 31 för

82 1627 288 38 kapitalökning,
390 1626 132 31 fonden
544 1625 56 31 för
623 1624 117 35 förlag
759 1622 57 32 till
836 1621 226 36 statsverket,
1082 1621 52 30 ett
1152 1617 369 37 reservationsanslag
1542 1625 48 23 av

83 1680 129 37 500,000
231 1680 132 31 kronor
381 1679 54 30 att
454 1678 88 35 utgå
562 1677 115 31 såsom
697 1673 220 37 statsbidrag
936 1672 57 32 till
1011 1672 97 32 vissa
1127 1674 84 34 väg-
1231 1671 65 31 och
1317 1665 273 45 flottledsbygg-

83 1733 113 31 nader
213 1733 22 30 å
252 1731 130 36 skogar
400 1730 12 31 i
428 1728 140 32 enskild
587 1730 77 34 ägo.
700 1727 51 31 De
770 1726 80 32 med
869 1725 163 36 anslaget
1049 1723 156 32 avsedda
1223 1723 170 31 arbetena
1409 1721 86 37 ingå
1514 1730 76 22 som

84 1785 52 30 ett
159 1783 56 32 led
237 1783 12 31 i
275 1781 218 37 åtgärderna
518 1779 58 32 till
599 1777 297 33 arbetslöshetens
919 1775 267 32 motverkande.
1228 1775 71 31 För
1324 1773 181 37 anslagets
1528 1782 62 22 an-

86 1834 185 36 vändning
295 1834 67 30 har
385 1832 135 36 Kungl.
547 1830 111 37 Maj:t
681 1828 180 33 meddelat
886 1828 267 31 bestämmelser
1179 1827 13 31 i
1218 1825 212 37 kungörelse
1458 1826 68 31 den
1552 1825 40 31 16

84 1886 198 37 september
302 1884 77 32 1933
403 1883 56 37 (nr
481 1882 73 36 549)
576 1883 93 31 samt
689 1882 12 31 i
720 1881 160 31 cirkulär
900 1889 137 22 samma
1058 1880 69 35 dag
1152 1877 56 37 (nr
1227 1877 85 36 550).

128 1946 123 36 Enligt
274 1944 230 36 kungörelsen
527 1942 152 31 beslutar
702 1941 134 36 Kungl.
860 1939 99 36 Maj:t
975 1940 43 35 på
1035 1938 263 36 framställning
1314 1948 44 20 av
1373 1936 222 37 skogsvårds-

83 1990 154 37 styrelse,
271 1989 89 31 efter
392 1986 152 32 hörande
578 1996 45 20 av
657 1984 231 32 centralrådet
912 1984 52 30 för
987 1982 432 37 skogsvårdsstyrelsernas
1442 1980 153 31 förbund

84 2034 63 31 och
180 2034 131 30 statens
344 2029 480 35 arbetslöshetskommission,
858 2037 56 21 om
948 2026 191 31 anvisande
1172 2026 56 30 till
1264 2025 166 36 styrelsen
1453 2035 44 20 av
1521 2024 74 31 dels

84 2077 111 31 medel
230 2078 53 30 att
317 2086 45 20 av
386 2074 166 37 styrelsen
576 2073 133 31 utdelas
731 2073 113 29 såsom
867 2070 219 36 statsbidrag,
1111 2069 69 32 dels
1203 2069 61 31 ock
1289 2069 141 30 särskilt
1452 2068 144 31 förvalt-

85 2121 241 36 ningsbidrag.
372 2118 217 35 Statsbidrag
613 2117 67 30 kan
704 2117 85 35 utgå
817 2115 146 31 allenast
985 2114 55 31 till
1065 2114 143 35 företag,
1233 2123 70 20 som
1325 2122 99 21 avser
1439 2112 157 36 nybygg-

85 2165 68 31 nad
177 2174 44 21 av
245 2166 69 34 väg
338 2163 85 30 eller
445 2161 131 31 flottled
601 2160 84 31 eller
708 2159 109 31 sådan
840 2158 226 36 omläggning
1090 2157 84 31 eller
1197 2156 212 36 förbättring
1432 2165 42 21 av
1500 2156 96 30 förut

86 2208 156 36 befintlig
277 2209 69 34 väg
380 2206 84 30 eller
496 2204 143 35 flottled,
674 2205 52 29 att
748 2203 114 30 denna
885 2202 86 30 först
993 2211 123 26 genom
1139 2200 106 36 sagda
1268 2199 122 36 åtgärd
1414 2199 68 30 kan
1508 2199 88 36 fylla

85 2252 57 31 det
165 2251 75 31 med
265 2253 111 33 vägen
399 2249 83 31 eller
506 2247 174 31 flottleden
703 2245 150 32 avsedda
873 2245 172 35 ändamål,
1061 2244 62 31 och
1141 2254 70 20 som
1230 2243 117 31 tillika
1363 2243 109 30 finnes
1488 2243 107 35 ägnat

85 2297 53 29 att
171 2294 116 31 lindra
320 2293 84 31 eller
430 2291 181 31 motverka
633 2289 265 32 arbetslösheten
922 2289 95 30 inom
1041 2289 107 29 orten.
1194 2286 217 36 Statsbidrag
1434 2287 104 34 utgår
1561 2285 33 36 ej

85 2339 57 30 till
166 2338 145 35 företag,
334 2345 72 21 som
430 2336 68 29 kan
522 2335 179 29 förväntas
723 2335 90 28 även
837 2334 85 28 utan
945 2331 209 35 statsbidrag
1178 2330 139 30 komma
1339 2329 56 31 till
1412 2328 184 31 utförande

85 2383 45 36 på
163 2381 65 31 den
262 2382 114 33 öppna
406 2376 327 33 arbetsmarknaden
756 2376 96 30 inom
875 2375 65 31 den
963 2376 175 29 närmaste
1161 2373 196 35 framtiden,
1380 2372 60 31 och
1464 2373 12 29 i
1501 2371 94 36 regel

86 2425 33 36 ej
153 2424 107 31 heller
288 2423 56 30 till
368 2422 123 30 sådant
514 2421 143 35 företag,
681 2419 123 31 vartill
828 2420 108 29 annat
958 2417 271 31 statsunderstöd
1253 2417 11 30 i
1289 2416 90 30 form
1402 2425 44 21 av
1469 2415 126 36 bidrag

86 2468 84 31 eller
204 2468 58 30 lån
284 2466 85 31 eller
392 2465 121 36 bidrag
537 2464 80 31 från
640 2462 308 36 skogsvårdskassa
970 2461 94 31 förut
1087 2461 114 36 utgått
1223 2460 85 31 eller
1330 2460 112 35 utgår.
1488 2458 108 31 Stats-

90 2531 111 31 Bihavg
221 2530 42 25 till
285 2528 167 32 riksdagens
473 2526 147 33 protokoll
643 2525 74 25 1934.
759 2527 32 24 10
810 2527 80 23 saml.
929 2525 40 24 Nr
988 2525 42 25 53,
1544 2519 17 24 2

1642 222 141 24 Utskottet.
