1916 2820
500 161 416 37 Bevillningsutskottets
937 162 222 32 betänkande
1180 163 108 31 Nr16.
1586 165 17 28 1

825 514 57 39 Nr
912 515 60 39 16.

652 640 111 24 Ankom
783 640 43 24 till
847 640 161 32 riksdagens
1027 640 91 24 kansli
1139 641 54 23 den
1214 643 29 22 11
1266 642 70 30 april
1358 643 65 23 1929
1443 643 37 23 kl.
1503 644 9 22 I
1535 650 21 16 e.
1577 651 35 15 m.

251 740 418 38 Bevillningsutskottets
700 742 231 36 betänkande,
956 744 12 29 i
991 744 191 36 anledning
1206 754 44 21 av
1275 744 128 37 Kungl.
1428 744 120 37 Maj:ts
1572 755 76 26 pro-

454 795 155 34 position
633 794 182 36 angående
838 795 257 35 godkännande
1118 806 44 20 av
1180 797 67 30 den
1263 798 286 30 internationella
1565 797 83 31 kon-

453 847 190 29 ventionen
669 848 67 29 den
758 849 18 28 8
793 847 190 31 november
1008 849 82 29 1927
1116 858 56 20 om
1196 848 234 36 upphävande
1453 859 44 21 av
1520 850 129 34 förbud

453 897 64 31 och
540 898 299 36 inskränkningar
861 900 13 29 i
897 900 173 30 avseende
1085 899 21 31 å
1122 900 148 35 införsel
1294 900 64 31 och
1379 901 145 35 utförsel
1540 912 45 20 m.
1603 912 44 20 m.

187 1009 128 31 Genom
339 1020 41 20 en
404 1010 65 31 den
494 1011 40 30 15
558 1011 152 31 februari
735 1012 84 30 1929
845 1012 221 36 dagtecknad,
1091 1013 55 31 till
1169 1013 378 37 bevillningsutskottet
1568 1015 81 30 hän-

142 1062 99 30 visad
275 1062 220 36 proposition,
527 1073 43 20 nr
593 1064 73 35 158,
702 1064 63 30 har
799 1064 132 37 Kungl.
967 1064 110 37 Maj:t,
1103 1065 108 31 under
1234 1066 210 36 åberopande
1467 1077 44 20 av
1534 1078 115 26 propo-

142 1114 148 30 sitionen
314 1114 109 36 bilagt
445 1115 125 36 utdrag
593 1125 45 21 av
655 1116 370 36 statsrådsprotokollet
1041 1119 80 28 över
1138 1118 293 31 handelsärenden
1448 1119 53 30 för
1516 1129 132 21 samma

143 1165 67 37 dag
242 1168 89 28 samt
354 1166 77 31 med
455 1167 267 31 överlämnande
745 1178 46 20 av
814 1168 65 30 den
903 1169 12 29 i
939 1168 132 31 Geneve
1094 1169 64 30 den
1182 1170 18 29 8
1224 1171 184 30 november
1424 1171 84 31 1927
1528 1172 120 30 under-

142 1217 164 31 tecknade
328 1218 257 31 konventionen
608 1229 56 20 om
688 1220 231 35 upphävande
942 1230 44 20 av
1010 1221 122 30 förbud
1159 1222 62 29 och
1244 1222 295 36 inskränkningar
1564 1224 11 29 i
1591 1234 57 20 av-

142 1270 121 30 seende
285 1271 21 29 å
328 1270 142 31 införsel
505 1271 61 31 och
600 1271 141 32 utförsel
775 1272 76 31 med
883 1273 351 36 tilläggskonvention
1267 1284 44 20 av
1334 1274 65 31 den
1419 1276 39 29 11
1479 1275 67 36 juli
1563 1276 84 30 1928

143 1324 163 29 ävensom
330 1333 45 20 av
399 1325 125 29 tvenne
548 1324 281 31 internationella
852 1325 348 32 överenskommelser
1222 1327 175 36 angående
1419 1328 167 31 utförseln
1603 1338 44 21 av

142 1374 113 31 hudar
278 1375 63 30 och
365 1375 103 31 skinn
491 1377 89 29 samt
602 1376 176 36 angående
801 1377 168 31 utförseln
992 1388 45 20 av
1062 1378 72 35 ben,
1159 1379 90 30 båda
1271 1389 44 20 av
1332 1379 64 31 den
1413 1381 37 29 11
1467 1380 67 36 juli
1551 1381 95 35 1928,

143 1427 100 30 äskat
276 1427 203 36 riksdagens
508 1428 250 36 godkännande
782 1439 44 20 av
850 1430 266 35 ifrågavarande
1139 1431 247 31 konventioner
1409 1433 62 29 och
1494 1435 153 28 överens-

142 1479 214 31 kommaelser.

186 1584 222 31 Beträffande
442 1585 191 31 innehållet
662 1586 5 30 i
691 1586 227 31 omförmälda
947 1587 245 31 konventioner
1220 1588 61 31 och
1304 1589 343 31 överenskommelser

143 1638 162 28 ävensom
330 1637 212 31 beträffande
565 1637 39 31 de
627 1638 86 36 skäl,
737 1648 72 21 som
833 1639 95 36 ligga
948 1639 56 31 till
1021 1640 111 35 grund
1149 1641 53 30 för
1218 1641 180 36 desamma,
1415 1641 55 30 får
1485 1642 162 31 utskottet

142 1688 148 31 hänvisa
313 1689 55 30 till
391 1690 252 35 propositionen
666 1690 108 36 jämte
802 1691 123 31 därvid
949 1691 120 36 fogade
1092 1694 110 29 texter
1225 1693 62 30 och
1309 1694 337 37 protokollsutdrag.!

186 1784 176 31 Utskottet
385 1785 64 30 har
472 1785 74 31 icke
570 1786 119 30 funnit
712 1786 190 36 anledning
930 1787 55 30 till
1014 1788 141 30 erinran
1184 1791 70 28 mot
1277 1789 265 36 ifrågavarande
1566 1791 80 29 kon-

145 1836 178 31 ventioner
357 1836 61 31 och
453 1838 347 31 överenskommelser
835 1839 62 30 och
932 1839 55 31 får
1010 1840 111 35 alltså,
1146 1840 109 30 under
1278 1841 208 36 åberopande
1510 1852 44 20 av
1578 1843 68 30 vad

143 1888 56 30 till
223 1889 246 31 ovannämnda
493 1890 335 36 statsrådsprotokoll
852 1891 142 36 anförts,
1019 1892 191 36 hemställa,

588 1970 50 29 att
673 1969 185 36 riksdagen
893 1971 106 30 måtte
1024 1970 152 31 meddela
1200 1982 43 19 av
1268 1972 131 36 IKungl.
1424 1972 100 36 Maj:t
1547 1973 98 30 äskat

545 2021 249 36 godkännande
817 2033 45 19 av
887 2022 63 31 den
967 2023 76 30 med
1060 2024 225 31 förevarande
1301 2026 207 34 proposition
1524 2036 42 20 nr
1584 2026 61 30 158

545 2074 243 30 överlämnade
823 2075 252 30 konventionen
1111 2086 55 20 om
1200 2077 225 35 upphävande
1453 2088 44 20 av
1521 2078 124 30 förbud

544 2125 62 30 och
640 2126 297 36 inskränkningar
971 2127 13 30 i
1018 2128 165 30 avseende
1211 2140 21 18 a
1256 2129 140 30 införsel
1419 2130 61 30 och
1504 2130 141 30 utförsel

545 2178 77 30 med
645 2178 354 36 tilläggskonvention
1023 2182 162 28 ävensom
1210 2191 45 20 av
1278 2181 39 30 de
1332 2181 76 31 med
1425 2192 132 20 samma
1572 2192 73 26 pro-

545 2230 146 35 position
726 2230 243 32 överlämnade
1008 2233 126 29 tvenne
1173 2233 279 31 internationella
1491 2236 155 30 överens-

187 2356 8 14 !
217 2360 149 31 Exemplar
385 2368 32 16 av
437 2362 210 30 propositionen
667 2364 93 23 finnas
779 2366 42 22 att
839 2361 78 33 tillgå
936 2365 53 23 hos
1009 2364 163 25 kamrarnas
1192 2365 193 25 vaktmästare.

145 2489 110 32 Bihang
276 2491 41 24 till
337 2491 167 32 riksdagens
525 2494 144 30 protokoll
691 2495 75 24 1929.
805 2495 13 24 7
839 2497 80 23 saml.
942 2497 32 23 12
994 2496 68 31 häft.
1104 2497 49 23 /Nr
1176 2499 50 22 16./
1599 2497 6 22 ]

1704 1793 134 24 Utskottet.
