2180 2612
194 1180 170 35 Åndringsar-

176 1221 78 22 beten
268 1221 43 22 vid
324 1228 55 21 gar-

193 1254 160 30 nisonssjuk-

178 1290 77 22 huset
268 1290 9 22 i
291 1290 88 22 Stock-

240 1325 76 22 holm.

235 1367 92 46 [16.]

202 1523 148 22 Utskottets

211 1558 129 28 yttrande.

405 179 40 37 i0
894 179 254 40 Statsutskottets
1170 188 167 31 utlåtande
1359 189 52 31 Nr
1432 192 21 29 4
1467 189 41 32 B.

403 269 144 37 lokaler
577 270 101 36 inom
712 283 141 24 samma
872 271 185 49 byggnad
1086 275 20 33 å
1143 277 106 32 extra
1279 278 76 31 stat
1383 274 58 36 för
1469 278 40 33 år
1540 276 95 35 1913
1665 275 179 38 anvisade
1872 276 125 37 ansla-

402 327 78 42 get,
510 321 79 36 dels
618 322 68 36 ock
719 324 135 47 17,205
884 322 142 37 kronor
1046 336 46 24 av
1111 324 121 48 fjärde
1252 324 260 39 huvudtitelns
1533 326 187 37 allmänna
1736 327 259 50 besparingar.

507 372 121 38 Sedan
658 374 102 37 vissa
788 388 46 23 av
861 374 291 49 ifrågavarande
1182 376 159 37 arbeten
1370 377 158 37 kommit
1554 378 58 37 till
1639 379 201 36 utförande
1870 380 59 36 för
1949 394 48 23 en

403 425 258 49 sammanlagd
703 426 289 48 utgiftssumma
1032 440 46 23 av
1120 429 113 47 9,974
1266 428 139 37 kronor
1432 432 47 33 27
1510 434 76 45 öre,
1615 431 98 36 hava
1742 431 255 37 kostnaderna

403 476 59 37 för
503 478 238 37 återstående
782 478 156 37 arbeten
979 482 47 45 på
1066 480 124 48 grund
1232 493 47 24 av
1320 481 176 49 dyrtiden
1537 482 206 37 beräknats
1783 486 128 46 uppgå
1939 484 57 35 till

406 530 135 46 72,030
568 530 142 36 kronor
740 532 45 34 73
815 534 74 32 öre.

504 580 86 37 Med
618 581 148 49 hänsyn
795 582 54 36 till
876 582 162 36 behovet
1067 596 45 22 av
1139 583 46 37 de
1213 583 194 38 beslutade
1435 584 324 50 anordningarnas
1787 599 109 23 snara
1915 587 81 36 vid-

402 633 179 49 tagande
606 633 97 36 hava
744 634 118 36 medel
895 634 58 36 för
981 634 209 37 ändamålet
1218 641 144 31 ansetts
1390 636 90 37 böra
1509 637 146 36 anvisas
1685 640 20 33 å
1734 637 261 50 tilläggstaten

401 684 59 36 för
487 687 39 33 år
555 686 109 35 1918.

504 736 205 49 Utskottet,
739 751 80 23 som
848 738 125 36 funnit
1001 738 59 48 sig
1087 738 91 37 böra
1206 739 148 37 biträda
1381 740 140 48 Kungl.
1551 741 126 48 Maj:ts
1708 741 142 49 förslag
1877 742 120 36 under

403 788 120 36 denna
550 790 131 48 punkt,
711 790 227 47 hemställer,

901 872 56 31 att
997 867 204 48 riksdagen
1243 871 61 33 må
1345 869 59 36 för
1445 868 243 38 bestridande
1728 883 46 23 av
1810 871 185 49 uppkom-

800 919 134 36 mande
954 920 263 36 merkostnader
1239 922 65 46 för
1332 922 234 36 anordnande
1584 935 44 22 av
1648 923 265 48 värmeledning
1933 925 62 35 och

800 972 275 36 vattenklosetter
1106 972 94 36 inom
1226 974 284 47 generalstabens
1535 975 165 48 byggnad
1720 978 20 33 å
1760 974 235 49 tilläggsstat

800 1023 60 36 för
900 1025 41 34 år
985 1025 95 34 1918
1119 1023 133 37 anvisa
1280 1029 54 32 ett
1362 1025 391 50 reservationsanslag
1780 1040 45 23 av
1853 1029 141 46 48,600

798 1074 152 37 kronor.

505 1175 97 50 17:0)
658 1176 128 37 Under
825 1178 121 48 punkt
990 1180 44 34 16
1076 1178 67 36 har
1180 1178 141 50 Kungl.
1351 1179 107 49 Maj:t
1486 1180 193 49 föreslagit
1706 1181 204 49 riksdagen
1939 1187 55 31 att

399 1229 56 35 för
483 1229 274 36 verkställande
787 1243 45 22 av
859 1230 100 36 vissa
979 1230 336 49 ändringsarbeten
1335 1232 62 35 vid
1416 1233 398 48 garnisonssjukhuset
1833 1234 11 35 i
1861 1233 132 37 Stock-

398 1280 102 36 holm
528 1283 21 33 å
575 1280 234 49 tilläggsstat
847 1282 56 36 för
931 1285 40 33 år
1002 1284 96 34 1918
1128 1283 129 36 anvisa
1286 1289 51 30 ett
1364 1285 385 49 reservationsanslag
1778 1299 45 22 av
1853 1287 138 46 91,025

399 1328 148 58 kronor.
2005 1352 6 6 :

503 1383 262 50 Utredningen
793 1386 157 36 rörande
980 1386 120 37 denna
1127 1386 123 49 punkt
1278 1387 197 37 återfinnes
1504 1391 20 33 å
1552 1388 66 36 sid.
1641 1390 152 35 56—062
1814 1402 46 23 av
1880 1395 112 30 stats-

398 1435 323 50 rådsprotokollet.

501 1514 59 35 Av
587 1513 62 36 det
678 1514 156 36 sålunda
862 1514 167 48 begärda
1055 1515 332 48 anslagsbeloppet
1416 1516 118 36 skulle
1563 1518 191 36 användas

502 1565 57 36 till
587 1565 241 37 anordnande
856 1579 48 22 av
931 1566 220 48 lämpligare
1180 1567 101 35 lokal
1301 1567 58 36 för
1377 1567 71 36 den
1468 1581 110 23 vene-

398 1617 99 35 riska
525 1617 245 48 polikliniken
799 1617 69 36 och
896 1618 245 49 polikliniken
1162 1618 57 36 för
1239 1624 110 31 öron-
1369 1619 71 36 och
1460 1624 118 44 ögon-

394 1664 90 58 [SYRE
510 1664 87 58 [655525
659 1701 917 6 sr
1607 1672 139 36 kronor
1775 1674 147 47 25,000:
1941 1696 47 2 —

500 1721 57 35 till
586 1721 246 49 ombyggnad
862 1735 46 22 av
928 1722 328 49 stenpaviljongen
1276 1723 69 35 och
1365 1722 139 38 dennas
1524 1724 55 35 in-

397 1772 160 48 redning
583 1773 55 35 till
666 1773 189 48 logement
883 1773 58 37 för
969 1774 180 48 manskap
1178 1788 49 21 m.
1257 1788 47 21 Ms
1348 1806 229 5 esssmmnsnnn
1662 1789 16 22 »
1774 1778 147 46 33,000:
1943 1799 41 5 —

500 1825 56 35 till
586 1824 223 49 omändring
838 1839 45 22 av
911 1826 278 36 chefsläkarens
1218 1826 70 36 och
1317 1826 260 49 sjukhusläka-

396 1889 85 23 rens
510 1876 174 36 bostäder
711 1877 57 35 till
797 1877 173 36 bostäder
998 1878 69 35 och
1094 1877 133 36 matsal
1258 1878 58 36 för
1335 1878 243 37 sköterskor...
1617 1872 19 57 —
1661 1892 17 22 »
1799 1882 122 45 2,000:
1941 1903 47 3 —

500 1928 55 36 till
595 1928 241 37 anordnande
877 1942 47 23 av
958 1929 283 37 sköterskornas
1270 1931 133 35 matsal
1432 1931 54 35 till
1516 1930 61 37 bo-

398 1979 81 37 stad
509 1983 36 33 åt
572 1980 135 36 VÄbGlD
730 2012 334 5 =osssnsnssrersssrsr
1084 2014 220 3 srssssisrrsrssrrnsn
1315 2014 24 3 sis
1349 2014 35 3 rrrr
1393 2014 48 3 rasa
1452 2015 24 3 srr
1485 2015 93 3 rinna
1663 1996 18 22 »
1837 1985 84 35 300:
1939 2004 48 5 —

500 2032 54 36 till
583 2032 252 49 omläggning
862 2047 47 21 av
937 2033 71 36 den
1038 2033 199 37 elektriska
1251 2033 252 50 belysningen
1518 2066 2 3 .
1528 2066 48 3 ...
1662 2047 17 23 »
1799 2036 122 46 5,050:
1940 2058 47 3 —

499 2084 57 36 till
584 2083 240 38 anordnande
844 2098 45 23 av
908 2085 309 37 vattenklosetter
1236 2085 11 36 i
1268 2091 101 30 stora
1388 2086 194 47 sjukhuset
1663 2099 17 22 »
1721 2079 27 60 —
1776 2089 145 46 17,400:
1938 2110 50 3 —

1289 2155 89 36 eller
1405 2155 168 50 tillhopa,
1602 2155 141 37 kronor
1771 2158 149 42 82,750:
1939 2180 47 2 —

499 2221 181 48 varjämte
700 2222 84 37 med
800 2223 146 48 hänsyn
962 2223 57 35 till
1039 2223 181 49 möjligen
1239 2223 223 37 inträffande
1481 2224 95 49 pris-

397 2273 215 49 stegringar
630 2274 201 37 beräknats
851 2288 45 23 en
915 2275 402 49 kostnadsförhöjning
1334 2279 19 33 å
1376 2277 45 34 10
1434 2275 42 48 2,
1493 2276 84 36 med
1609 2269 20 59 =
1660 2289 17 22 »
1797 2277 122 46 3,275:
1937 2298 44 6 —

1193 2344 107 37 alltså
1328 2346 249 48 sammanlagt
1604 2345 138 37 kronor
1771 2347 148 46 91,025:
1939 2369 46 3 —
