1886 2778
281 179 20 30 8
660 174 128 35 Första
809 173 257 43 lagutskottets
1086 173 187 35 utlåtande
1293 185 43 22 nr
1357 176 53 31 25.

280 257 135 33 lämnas
438 256 127 34 endast
586 255 112 35 under
719 254 271 43 förutsättning,
1012 258 57 30 att
1090 253 260 35 skoldistriktet
1372 253 174 35 omfattar
1567 258 55 30 ett
1643 252 136 35 mindre

281 309 97 34 antal
411 308 325 43 läraravdelningar
769 308 67 34 och
869 312 57 30 att
959 306 273 36 veckotimtalet
1263 305 56 35 för
1341 306 68 34 den
1431 305 349 44 kyrkomusikaliska

281 362 273 35 verksamheten
569 365 38 31 är
619 361 277 34 förhållandevis
910 361 75 43 lågt
999 365 95 30 samt
1108 365 57 30 att
1177 359 328 43 kantorstjänstens
1520 358 262 44 uppehållande

283 416 80 34 med
384 415 176 35 ordinarie
580 414 217 38 innehavare
817 414 78 35 icke
914 413 74 35 kan
1010 414 128 33 ordnas
1160 414 48 42 på
1230 417 111 30 annat
1362 411 165 44 lämpligt
1549 416 85 31 sätt.
1656 412 59 34 Då
1738 424 43 22 en

282 469 98 43 dylik
399 468 141 43 speciell
559 467 249 35 kombination
829 480 46 21 av
896 479 44 23 en
959 466 266 43 kantorstjänst
1245 466 68 34 och
1333 478 44 22 en
1398 465 384 43 överlärarbefattning

281 522 77 35 icke
377 522 102 34 torde
499 523 57 33 stå
576 521 74 34 helt
669 522 12 34 i
702 519 353 36 överensstämmelse
1076 520 81 34 med
1178 519 200 43 grunderna
1398 518 55 34 för
1474 530 86 23 vare
1581 518 52 43 sig
1652 518 129 43 kyrko-

280 575 310 42 musikerstadgan
612 574 82 34 eller
716 573 340 42 folkskolestadgan,
1079 584 103 31 synes
1205 572 69 34 den
1297 584 49 22 nu
1369 571 189 35 förordade
1580 571 208 43 prövnings-

281 631 119 30 rätten
423 627 56 34 för
501 627 134 43 Kungl.
658 626 114 43 Maj:t
795 638 87 22 vara
905 626 176 34 beroende
1105 638 46 21 av
1175 625 205 43 riksdagens
1404 624 269 43 medgivande.»

925 733 217 34 Utskottet.

328 815 191 35 Utskottet
535 815 66 33 har
617 814 78 34 icke
712 814 121 34 funnit
849 813 193 43 anledning
1058 813 54 34 till
1130 813 139 34 erinran
1286 817 78 30 mot
1381 812 135 43 Kungl.
1534 811 130 43 Maj:ts
1682 811 106 34 fram-

283 869 167 42 ställning
469 868 68 35 och
557 868 55 34 får
632 867 120 35 därför
771 867 200 40 hemställa,

649 926 57 29 att
732 921 188 42 riksdagen
946 920 118 34 måtte
1089 919 123 35 bifalla
1238 919 134 43 Kungl.
1399 918 131 43 Maj:ts
1556 918 233 34 förevarande

603 974 232 43 proposition,
853 986 43 21 nr
915 977 79 37 203,
1013 973 111 34 såvitt
1143 973 69 34 den
1230 972 186 34 hänvisats
1436 972 54 33 till
1509 971 217 43 behandling
1744 983 46 21 av

603 1027 212 44 lagutskott.

330 1099 207 35 Stockholm
557 1098 68 34 den
648 1103 19 30 6
688 1098 72 43 maj
784 1101 100 31 1952.

725 1188 53 33 På
795 1187 112 34 första
923 1187 256 42 lagutskottets
1197 1188 145 40 vägnar:

789 1257 206 36 VERNER
1021 1256 259 36 HEDLUND.

591 1553 66 35 Vid
674 1554 101 33 detta
793 1553 148 34 ärendes
956 1550 288 43 slutbehandling
1261 1551 46 34 ha
1322 1550 161 34 närvarit

331 1624 78 34 från
436 1624 171 34 första
633 1624 220 33 kammaren:
870 1623 121 33 herrar
1008 1621 185 43 Branting,
1209 1621 179 40 Ahlkvist,
1405 1619 177 41 Olofsson,
1598 1618 189 40 Lodenius,

284 1669 202 40 Lindblom,
505 1669 57 34 fru
582 1668 393 42 Sjöström-Bengtsson
995 1667 67 34 och
1081 1666 79 34 herr
1177 1665 95 35 John
1291 1665 213 40 Johansson;

331 1731 78 34 från
444 1731 158 34 andra
634 1731 220 33 kammaren:
878 1729 121 34 herrar
1020 1728 170 34 Hedlund
1213 1728 11 33 i
1247 1726 208 41 Östersund,
1480 1726 126 35 Olsson
1630 1727 11 33 i
1664 1726 123 34 Melle-

286 1777 77 39 rud,
380 1776 190 42 Lindberg,
588 1774 164 40 Östlund,
770 1774 197 34 Jacobsson
984 1773 12 34 i
1017 1773 81 34 Sala
1116 1773 66 34 och
1200 1772 125 34 fröken
1343 1771 188 42 Liljedahl.

702 2487 133 21 Stockholm
847 2487 48 20 1952
912 2486 54 21 Ivar
979 2486 155 24 Heggströms
1149 2484 149 26 Boktryckeri
1308 2485 26 20 A.
1345 2484 25 21 B.

1002 2521 73 15 521214
1335 2535 3 3 Å
