1878 2784
439 141 124 39 Tredje
582 140 247 41 lagutskottets
849 139 179 32 utlåtande
1046 149 44 20 nr
1108 140 42 30 28
1168 139 41 30 år
1228 139 84 30 1963

814 428 52 36 Nr
892 428 50 36 28

352 529 184 30 Utlåtande
566 528 11 30 i
605 528 190 40 anledning
823 537 43 21 av
894 527 126 40 Kungl.
1049 527 126 39 Maj:ts
1205 526 217 40 proposition
1452 525 178 40 angående

568 578 258 41 godkännande
850 587 43 21 av
919 577 90 31 vissa
1035 577 191 40 ändringar
1251 578 11 30 i
1288 577 84 30 1954
1396 576 57 31 års
1478 576 153 29 interna-

571 628 141 31 tionella
735 628 214 30 konvention
974 627 52 31 till
1047 627 255 41 förhindrande
1326 636 43 21 av
1390 626 241 30 havsvattnets

568 678 205 41 förorening
791 687 124 31 genom
935 678 73 39 olja
1027 687 47 21 m.
1094 687 47 21 m.

174 782 131 30 Genom
326 791 43 21 en
390 781 68 30 den
481 781 40 30 19
541 780 89 40 april
654 780 84 31 1963
759 779 218 40 dagtecknad
998 778 228 41 proposition,
1249 788 44 21 nr
1315 779 72 35 161,
1408 778 117 30 vilken
1546 778 87 30 hän-

129 831 109 32 visats
255 832 53 31 till
325 831 193 41 lagutskott
535 832 65 29 och
617 830 209 31 behandlats
842 839 43 21 av
901 830 113 40 tredje
1032 830 239 39 lagutskottet,
1289 830 65 29 har
1371 829 125 40 Kungl.
1515 828 117 41 Maj:t,

130 882 113 29 under
264 881 219 41 åberopande
507 890 42 22 av
570 879 263 41 propositionen
856 880 139 40 bilagda
1017 880 12 30 i
1052 880 188 30 statsrådet
1264 880 65 30 och
1352 879 156 41 lagrådet
1531 879 103 30 förda

130 931 185 39 protokoll,

174 982 75 30 dels
268 982 120 40 begärt
407 982 205 39 riksdagens
634 981 257 40 godkännande
910 990 43 22 av
971 980 166 41 vidtagna
1156 980 191 40 ändringar
1366 981 11 29 i
1400 979 83 32 1954
1503 980 57 31 års
1581 980 52 30 in-

130 1032 244 31 ternationella
392 1032 213 30 konvention
624 1032 53 30 till
696 1031 254 30 förhindrande
968 1040 43 21 av
1028 1032 243 30 havsvattnets
1289 1030 202 41 förorening
1509 1038 124 33 genom

131 1082 82 38 olja,

175 1132 74 31 dels
272 1133 66 30 ock
360 1132 178 40 föreslagit
560 1131 188 40 riksdagen
772 1134 50 28 att
845 1133 127 39 antaga
994 1131 158 41 följande

811 1287 146 44 Förslag

854 1359 55 31 till

848 1429 74 44 Lag

225 1513 182 44 angående
421 1513 150 44 ändring
584 1513 14 33 i
611 1513 105 45 lagen
730 1513 68 33 den
813 1513 22 33 6
849 1512 89 44 april
953 1512 90 34 1956
1059 1512 61 44 (nr
1135 1513 63 44 86)
1215 1524 61 21 om
1290 1512 161 46 åtgärder
1465 1519 77 26 mot

608 1579 325 45 vattenförorening
947 1580 81 34 från
1041 1579 118 45 fartyg

179 1678 211 38 Härigenom
411 1677 196 36 förordnas,
628 1677 74 30 dels
723 1678 50 29 att
796 1677 27 35 1,
846 1677 29 35 2,
897 1676 86 32 4—6
1003 1677 66 30 och
1089 1677 20 30 9
1131 1677 38 37 $$
1191 1677 100 40 lagen
1312 1677 68 30 den
1400 1677 19 31 6
1440 1676 89 40 april
1552 1676 84 31 1956

133 1730 57 21 om
213 1721 161 39 åtgärder
394 1722 74 28 mot
488 1720 324 39 vattenförorening
834 1720 80 30 från
936 1719 116 40 fartyg
1074 1720 99 30 skola
1195 1720 133 30 erhålla
1349 1719 135 30 ändrad
1506 1718 130 41 lydelse

135 1763 46 37 på
200 1762 69 31 sätt
287 1762 114 29 nedan
420 1761 150 40 angives,
591 1761 74 30 dels
684 1761 65 29 ock
768 1763 52 28 att
837 1761 53 30 till
910 1761 99 39 lagen
1030 1761 90 30 skall
1141 1761 98 40 fogas
1259 1770 42 21 en
1321 1770 47 30 ny
1386 1760 175 41 paragraf,
1581 1760 57 30 be-

135 1804 151 30 tecknad
310 1804 39 30 10
374 1804 27 37 8,
424 1812 42 22 av
487 1803 115 30 nedan
624 1803 149 39 angiven
794 1802 141 40 lydelse.

316 1895 184 33 (Gällande
525 1895 148 39 lydelse)

182 2023 12 29 I
221 2021 272 34 vattenområde,

182 2063 281 30 Vidkommande
483 2065 108 27 annat
609 2061 263 31 vattenområde

138 2106 81 39 äger
247 2106 195 38 Konungen
469 2105 195 30 bestämma
691 2106 50 28 att
768 2104 67 30 vad
862 2103 10 29 i

139 2147 112 30 första
272 2147 134 39 stycket
426 2147 78 39 sägs
525 2146 88 30 skall
634 2146 91 40 gälla
743 2146 11 29 i
775 2145 98 40 fråga

140 2198 57 20 om
229 2189 149 29 svenska
409 2188 116 39 fartyg
555 2188 81 29 med
667 2196 42 21 en
743 2187 130 30 brutto-

139 2230 201 39 dräktighet
367 2238 43 21 av
438 2230 109 29 minst
575 2230 63 29 500
666 2229 206 38 registerton

140 2272 83 30 eller
247 2271 221 30 beträffande
492 2271 93 30 vissa
611 2271 74 39 slag
708 2280 43 21 av
776 2270 97 30 såda-

141 2323 45 21 na
212 2314 125 39 fartyg.

188 2439 78 29 Med
285 2439 72 39 olja
373 2456 44 4 —
433 2456 44 4 —

1081 1895 225 39 (Föreslagen
1332 1894 147 40 lydelse)

1058 2021 139 39 möjligt
1223 2020 213 30 förhindras.

952 2061 282 31 Vidkommande
1253 2064 108 28 annat
1379 2061 264 31 vattenområde

909 2103 81 39 äger
1017 2104 196 39 Konungen
1240 2103 194 31 bestämma
1461 2105 50 28 att
1538 2103 67 30 vad
1632 2103 11 29 i

910 2145 110 30 första
1041 2146 136 39 stycket
1196 2146 79 39 sägs
1295 2146 89 30 skall
1403 2146 91 39 gälla
1512 2145 12 30 i
1544 2145 100 39 fråga

907 2193 56 23 om
983 2187 150 30 svenska
1155 2187 203 39 tankfartyg
1377 2187 81 29 med
1479 2196 41 20 en
1542 2186 96 30 brut-

913 2228 236 40 todräktighet
1179 2236 43 22 av
1252 2228 109 30 minst
1393 2228 61 30 150
1485 2228 161 39 register-

912 2270 58 28 ton
989 2270 64 29 och
1072 2270 111 29 andra
1201 2270 150 29 svenska
1369 2270 116 39 fartyg
1503 2269 81 30 med
1602 2277 42 21 en

912 2311 319 40 bruttodräktighet
1255 2321 42 20 av
1320 2311 109 30 minst
1453 2311 62 30 500
1540 2311 106 39 regis-

910 2356 111 27 terton
1044 2354 82 30 eller
1147 2353 222 31 beträffande
1391 2353 93 31 vissa
1506 2353 73 40 slag
1602 2362 42 21 av

914 2395 131 30 sådana
1065 2395 126 40 fartyg.

917 2446 84 30 nyss
1020 2439 105 37 sagts.

173 2499 12 26 1
228 2497 111 31 Bihang
355 2496 48 25 till
417 2496 170 31 riksdagens
603 2495 148 32 protokoll
767 2495 75 26 1963.
858 2496 16 24 9
888 2495 84 25 saml.
988 2496 15 24 3
1019 2495 64 24 avd.
1099 2496 40 23 Nr
1172 2495 32 25 28
