1892 2786
567 172 266 30 Statsutskottets
856 173 168 28 utlåtande
1047 183 39 18 nr
1115 173 69 27 113.
1598 169 37 30 15

176 248 122 30 Såsom
319 248 110 30 motiv
450 248 56 30 för
527 249 175 38 yrkandet
724 249 113 29 under
859 248 117 30 denna
997 248 116 39 punkt
1135 248 64 28 har
1222 247 196 39 åberopats,
1442 246 52 28 att
1516 244 119 29 veder-

117 290 155 30 börande
298 289 75 31 ofta
397 290 165 39 fullgjort
587 290 248 39 tjänstgöring,
862 299 76 20 som
965 290 161 29 avsevärt
1151 288 191 39 överstiger
1369 288 68 29 den
1463 287 172 39 tjänstgö-

119 332 78 39 ring
224 341 43 20 en
295 332 274 30 reservanställd
597 331 246 30 reservofficer
871 332 154 29 normalt
1053 331 141 39 fullgör,
1224 331 92 29 samt
1343 331 51 28 att
1422 329 73 29 han
1524 329 112 29 under

120 374 238 39 tjänstgöring
386 373 142 30 erhållit
558 383 136 20 samma
724 374 173 29 kontanta
927 374 60 29 lön
1018 382 76 20 som
1124 381 44 21 en
1198 371 364 39 beställningshavare
1592 369 45 41 på

121 416 97 30 aktiv
239 418 69 27 stat
329 416 66 29 och
417 415 152 30 sålunda
589 416 141 29 realiter
751 415 167 30 vidkänts
940 415 72 30 viss
1035 413 291 41 pensionsavgift.

174 458 128 29 Härtill
325 457 58 30 må
407 458 147 33 erinras,
580 459 51 28 alt
654 457 275 30 reservanställd
952 457 247 29 reservofficer
1223 457 11 29 i
1258 456 93 39 regel
1376 455 163 39 fullgjort
1565 456 72 28 sär-

120 500 92 30 skild
231 499 469 39 reservofficersutbildning
721 499 65 29 och
807 499 163 30 anställts
990 499 11 29 i
1022 508 164 20 reserven
1206 498 59 30 vid
1286 498 140 29 relativt
1446 505 73 31 ung
1540 497 96 29 ålder

120 544 92 28 samt
230 544 51 27 att
298 542 89 29 hans
406 541 351 39 författningsenliga
775 541 239 39 tjänstgöring
1031 541 12 29 i
1062 541 78 29 fred
1159 540 154 30 därefter
1332 540 150 29 allenast
1501 539 136 39 åsyftar

119 586 51 28 att
195 583 258 30 vidmakthålla
479 584 66 29 och
572 583 174 30 förbättra
772 584 91 29 hans
890 583 307 39 tjänstduglighet.
1226 582 328 40 Reservpensionen
1581 581 56 29 för

120 626 273 29 reservanställd
415 625 247 30 reservofficer
686 626 37 29 är
748 626 161 29 närmast
932 627 52 28 att
1007 625 164 29 betrakta
1194 633 76 21 som
1294 625 49 29 ett
1367 624 115 29 medel
1506 623 56 30 för
1587 625 50 27 att

121 668 201 29 underlätta
351 667 349 40 reservpersonalens
730 667 222 39 rekrytering
982 667 66 29 och
1078 667 236 39 kompensera
1344 666 208 30 densamma
1583 665 54 29 för

120 711 41 29 de
187 710 176 30 särskilda
386 709 193 30 kostnader
604 709 66 30 och
695 709 235 38 olägenheter,
958 718 76 20 som
1058 708 405 39 reservtjänstgöringen
1488 707 148 30 medför.

121 753 74 29 Vad
213 752 108 39 gäller
338 751 127 39 frågan
483 760 58 20 om
559 750 281 40 pensionsavgift
857 750 59 29 må
934 750 221 34 framhållas,
1175 752 50 27 att
1242 750 316 29 bestämmelserna
1577 758 58 20 om

120 795 157 29 nettolön
298 793 35 30 åt
354 793 161 39 frivilligt
535 793 269 39 tjänstgörande
826 793 284 39 reservpersonal
1138 792 93 33 (icke
1253 792 149 29 allenast
1422 791 215 40 värnplikts-

122 836 197 39 avgången)
348 836 67 29 vad
440 844 100 21 avser
566 835 51 30 tid
642 835 75 30 före
742 835 68 29 den
837 835 15 28 1
879 834 67 39 juli
975 833 83 30 1947
1086 834 99 30 torde
1210 835 91 28 hava
1327 834 55 29 sin
1408 834 115 39 grund
1549 834 87 33 däri,

121 880 50 28 att
200 879 58 29 det
288 879 133 28 ansetts
451 877 194 39 olämpligt,
676 878 50 28 att
754 876 263 30 vederbörande
1048 877 87 38 ägde
1166 876 141 39 åtnjuta
1336 876 108 39 högre
1474 875 163 30 behållen

121 921 158 29 inkomst
303 921 46 28 än
373 920 78 33 den,
479 928 77 20 som
581 919 197 29 tillkomme
804 918 249 29 motsvarande
1079 918 364 39 beställningshavare
1471 918 45 39 på
1542 918 96 29 aktiv

122 964 78 28 stat.
219 962 125 29 Denna
362 961 94 29 åsikt
474 961 65 29 har
557 961 108 29 bland
684 961 110 29 annat
812 960 151 29 kommit
982 960 53 29 till
1054 960 142 38 uttryck
1215 960 11 29 i
1245 960 316 29 bestämmelserna
1580 969 57 20 om

122 1005 58 29 lön
198 1004 53 29 till
269 1003 215 30 innehavare
504 1012 43 20 av
566 1002 55 30 för
641 1002 235 40 pensionerad
896 1003 165 38 personal
1080 1002 59 29 vid
1159 1002 328 29 försvarsväsendet
1507 1002 130 29 avsedd

120 1045 348 38 arvodesbefattning
499 1044 237 40 (proposition
765 1044 181 29 1942:210
974 1053 26 20 s.
1027 1043 42 30 46
1096 1043 74 34 ff.).
1197 1044 76 29 Vad
1299 1053 100 20 avser
1425 1044 98 29 tiden
1549 1044 88 29 efter

122 1089 67 29 den
206 1087 41 30 30
265 1087 79 39 juni
364 1086 83 30 1947
466 1086 65 29 har
548 1086 12 29 i
580 1087 133 28 statens
732 1086 181 29 allmänna
932 1085 399 39 avlöningsreglemente
1350 1085 176 40 övergång
1545 1086 93 29 skett

121 1130 52 29 till
199 1129 360 38 nettolönesystemet,
586 1127 124 30 därvid
737 1129 99 28 extra
862 1127 220 38 tjänstemän
1108 1127 66 29 och
1201 1127 195 30 arvodister
1424 1127 215 40 principiellt

121 1173 134 28 ansetts
279 1171 100 29 skola
400 1170 143 39 åtnjuta
566 1170 165 38 avlöning
760 1169 162 33 (arvode)
951 1169 80 29 med
1055 1169 126 40 belopp
1205 1170 250 29 motsvarande
1480 1169 158 30 nettolön

121 1213 55 30 för
195 1212 368 41 pensionsberättigad
582 1211 361 39 befattningshavare.

177 1256 76 29 Vad
282 1254 108 39 angår
419 1253 128 39 frågan
575 1262 58 21 om
662 1255 51 28 att
742 1253 128 30 bereda
899 1253 369 39 anställningshavare
1296 1253 12 29 i
1338 1263 174 26 reserven,
1543 1254 96 30 vilka

120 1298 91 29 varit
228 1297 179 29 inkallade
425 1296 11 29 i
456 1295 249 39 militärtjänst
724 1304 44 20 en
787 1296 120 38 längre
928 1295 61 34 tid,
1011 1295 153 30 särskild
1184 1295 313 40 pensionsförmån
1516 1297 122 29 utöver

121 1341 68 28 den
211 1339 109 38 enligt
341 1337 540 38 reservbefälsförfattningarna
905 1337 185 39 utgående,
1115 1337 55 29 får
1195 1337 192 30 försvarets
1413 1338 226 30 civilförvalt-

122 1382 84 37 ning
229 1380 149 30 hänvisa
401 1380 53 29 till
477 1380 67 29 vad
569 1379 259 30 ämbetsverket
850 1379 11 29 i
886 1379 127 29 sådant
1036 1379 202 29 hänseende
1263 1379 119 30 anfört
1404 1380 11 28 i
1442 1380 61 29 sitt
1526 1380 68 29 den
1619 1380 19 29 9

123 1423 89 39 april
234 1421 84 30 1948
338 1421 159 39 avgivna,
517 1420 126 30 härvid
662 1421 11 29 i
694 1420 152 30 avskrift
867 1420 125 38 fogade
1012 1420 196 30 utlåtande!
1230 1421 81 29 över
1332 1430 43 20 en
1397 1430 42 20 av
1460 1421 178 39 kaptenen

122 1466 10 28 i
156 1465 222 39 flygvapnets
401 1471 118 21 reserv
543 1462 41 29 H.
608 1462 40 30 N.
672 1462 189 38 Engström
887 1462 102 39 gjord
1014 1462 200 39 ansökning
1238 1471 57 20 om
1320 1463 318 39 pensionsförbätt-

122 1514 88 30 ring.

177 1548 122 30 Såsom
325 1548 11 28 i
362 1546 200 30 utlåtandet
587 1545 215 30 framhållits
829 1545 109 39 ansåg
964 1546 257 38 föredragande
1248 1547 391 38 departementschefen

122 1590 56 30 vid
208 1589 168 30 anmälan
405 1597 42 21 av
475 1587 222 40 proposition
728 1586 180 30 1943:143
939 1587 181 39 angående
1150 1588 263 39 krigsmaktens
1443 1598 197 31 reservper-

123 1633 98 29 sonal
241 1632 52 38 sig
311 1631 77 29 icke
407 1631 55 29 för
482 1631 58 29 det
559 1629 201 31 dåvarande
779 1630 85 29 böra
885 1629 144 30 förorda
1049 1630 110 38 några
1179 1630 174 39 generella
1372 1631 267 30 bestämmelser

123 1683 57 20 om
209 1673 196 39 ersättning
434 1672 54 30 till
518 1671 307 39 långtidsinkallat
854 1671 215 30 reservbefäl
1099 1671 89 30 efter
1218 1672 303 40 tjänstgöringens
1552 1682 87 31 upp-

122 1716 167 29 hörande.
311 1715 124 29 Denna
457 1714 101 39 fråga
578 1714 107 29 borde
705 1714 11 28 i
738 1713 151 30 avbidan
911 1713 45 40 på
978 1713 144 30 säkrare
1145 1713 240 31 erfarenheter
1407 1716 128 38 prövas
1557 1715 82 30 från

123 1757 62 30 fall
206 1757 53 29 till
280 1757 74 29 fall.
376 1756 170 30 Häremot
566 1755 91 30 hade
678 1755 191 38 riksdagen
889 1755 90 29 intet
1001 1757 51 27 att
1073 1756 128 29 erinra.

177 1798 184 30 Huruvida
385 1796 457 40 beredskapstjänstgöring
866 1797 74 29 helt
965 1797 83 29 eller
1074 1797 110 30 delvis
1209 1798 63 29 bör
1298 1797 37 30 få
1360 1798 279 40 tillgodoräknas

122 1841 57 29 vid
197 1840 243 29 beräknandet
460 1848 43 20 av
522 1839 185 38 tjänstetid
727 1839 55 28 för
803 1838 205 30 erhållande
1029 1848 43 20 av
1093 1838 111 30 sådan
1225 1840 153 29 särskild
1398 1841 242 38 pensionsför-

121 1882 94 33 mån,
240 1890 76 20 som
339 1880 150 30 sålunda
511 1880 216 38 ifrågasatts,
752 1880 180 29 förefaller
957 1880 345 40 civilförvaltningen
1327 1882 187 29 tveksamt.
1539 1883 101 28 Erin-

122 1932 58 21 ras
202 1923 68 33 må,
294 1924 51 28 att
368 1922 133 38 förslag
524 1931 58 20 om
605 1921 299 39 tillgodoräkning
928 1922 11 28 i
964 1922 372 38 pensionshänseende
1360 1933 43 19 av
1425 1924 134 30 militär
1583 1924 57 29 be-

122 1964 413 40 redskapstjänstgöring
556 1964 64 28 har
642 1963 185 39 framlagts
849 1964 10 28 i
883 1965 50 27 ett
954 1965 68 28 den
1045 1964 41 29 20
1108 1964 183 29 december
1317 1964 83 30 1943
1424 1965 137 39 avgivet
1583 1966 57 29 be-

125 2007 176 30 länkande
330 2006 150 29 rörande
509 2005 302 38 meritberäkning
840 2014 46 20 in.
916 2014 45 20 m.
991 2005 55 29 för
1075 2005 297 31 befälsutbildade
1400 2007 237 40 värnpliktiga

127 2048 102 30 (SOU
250 2047 99 29 1943:
366 2047 40 29 47
426 2056 26 20 s.
473 2046 96 34 174).
588 2046 115 39 Några
721 2046 267 30 bestämmelser
1007 2047 10 28 i
1037 2047 149 30 berörda
1205 2048 201 30 hänseende
1425 2049 91 30 hava
1536 2050 103 29 emel-

123 2090 102 29 lertid
249 2089 105 30 såvitt
377 2088 345 39 civilförvaltningen
744 2088 65 29 har
833 2088 51 38 sig
906 2088 133 30 bekant
1062 2089 77 29 icke
1162 2089 99 29 blivit
1285 2090 198 30 utfärdade.

177 2132 13 28 I
215 2131 222 29 motionerna
462 2130 65 29 har
552 2129 163 40 påtalats,
742 2131 51 27 att
818 2130 297 29 reservanställda
1141 2131 197 34 officerare,
1366 2141 75 20 som
1468 2133 89 29 efter
1583 2143 57 19 av-

123 2173 85 29 sked
234 2172 74 30 åter
332 2173 126 28 inträtt
482 2172 11 28 i
519 2180 173 25 reserven,
719 2172 10 28 i
754 2172 95 29 vissa
875 2171 62 29 fall
963 2173 89 28 irots
1078 2172 181 39 långvarig
1285 2173 238 40 tjänstgöring
1550 2175 89 29 efter

122 2214 230 30 återinträdet
377 2214 76 28 icke
479 2213 140 29 kunnat
645 2213 137 38 grunda
807 2214 70 28 rätt
902 2213 53 29 till
981 2214 279 39 reservpension.
1288 2215 351 39 Civilförvaltningen

122 2256 60 29 vill
198 2255 200 33 framhålla,
415 2256 51 28 att
482 2254 262 30 vederbörande
759 2254 11 28 i
787 2255 103 28 dessa
907 2255 63 28 fall
988 2255 240 29 återanställts
1246 2256 10 28 i
1273 2265 163 20 reserven
1452 2258 58 29 vid
1529 2258 110 29 sådan

123 2296 242 30 levnadsålder
390 2297 51 28 att
465 2295 461 39 tjänstgöringsskyldighet
950 2296 10 28 i
987 2296 77 29 fred
1090 2296 76 29 icke
1193 2297 169 39 förelegat
1387 2298 109 38 enligt
1520 2300 119 28 veder-

122 2339 132 37 börliga
272 2337 511 29 reservbefälsbestämmelser.
801 2337 12 28 I
831 2338 111 28 andra
960 2337 62 29 fall
1040 2337 65 29 har
1123 2338 126 38 Kungl.
1269 2339 106 38 Maj:t
1392 2341 178 37 medgivit,
1589 2343 47 27 at

122 2379 259 30 vederbörande
407 2379 54 28 för
487 2379 67 28 rätt
583 2378 48 29 till
658 2378 264 39 reservpension
950 2379 95 37 finge
1070 2379 89 29 efter
1184 2379 229 31 ålerinträdet
1442 2382 7 28 i
1475 2391 161 20 reserven

174 2469 7 13 1
204 2469 56 23 Här
279 2469 22 30 ej
325 2468 109 30 intaget.
