1898 2794
480 137 117 31 Andra
616 137 238 37 lagutskottets
876 137 177 32 utlåtande
1075 148 41 21 nr
1140 138 50 31 35.
1580 134 14 29 1

766 375 60 41 Nr
852 375 62 41 35.

310 531 182 31 Utlåtande
512 533 11 29 i
541 531 186 39 anledning
748 542 41 21 av
809 533 123 36 Kungl.
955 533 120 36 Maj:ts
1095 534 214 36 proposition
1330 533 80 31 med
1428 533 165 31 anhållan

531 593 56 20 om
610 583 201 37 riksdagens
834 583 161 37 yttrande
1014 583 178 37 angående
1213 585 92 29 vissa
1324 594 42 20 av
1389 584 204 30 Internatio-

530 632 91 32 nella
661 634 412 37 arbetsorganisationens
1116 635 179 30 allmänna
1335 635 187 38 konferens
1556 635 39 31 år

532 685 84 29 1946
644 685 59 30 vid
730 684 77 31 dess
835 685 225 37 tjugonionde
1088 686 258 31 sammanträde
1377 686 134 38 fattade
1539 686 54 31 be-

531 734 76 33 slut.

132 836 131 30 Genom
283 846 42 21 en
346 836 67 30 den
440 837 36 29 11
500 836 88 37 april
613 837 81 30 1947
718 837 217 36 dagtecknad
957 836 225 37 proposition,
1207 847 43 21 nr
1274 838 74 36 240,
1372 838 114 31 vilken
1509 839 84 29 hän-

87 886 105 31 visats
213 887 49 30 till
284 887 189 36 lagutskott
495 888 66 30 och
580 887 206 31 behandlats
806 897 44 21 av
872 888 112 31 andra
1002 888 233 36 lagutskottet,
1259 888 66 31 bar
1345 889 123 37 Kungl.
1493 888 102 37 Maj:t

90 936 110 30 under
217 935 220 37 åberopande
453 947 43 21 av
516 937 259 36 propositionen
794 938 107 36 bilagt
918 939 125 36 utdrag
1059 948 43 21 av
1121 938 377 38 statsrådsprotokollet
1517 942 81 29 över

88 988 258 31 socialärenden
375 987 146 32 anhållit
548 998 58 21 om
632 988 201 37 riksdagens
859 989 162 37 yttrande
1046 988 178 38 angående
1252 989 158 37 följande
1434 991 12 29 i
1471 991 121 30 nämn-

90 1037 44 31 da
156 1039 172 35 protokoll
349 1039 244 36 omförmäklda,
613 1048 46 22 av
678 1040 281 30 Internationella
980 1041 414 36 arbetsorganisationens
1419 1042 177 30 allmänna

88 1089 185 31 konferens
297 1089 41 31 år
363 1091 83 29 1946
471 1090 57 30 vid
554 1091 76 30 dess
656 1090 226 37 tjugonionde
906 1091 258 30 sammanträde
1187 1091 133 33 fattade
1344 1092 123 36 beslut,
1495 1094 99 29 näm-

88 1140 88 37 ligen

134 1190 29 39 1)
194 1191 211 30 konvention
433 1191 54 39 (nr
513 1191 52 40 77)
593 1191 178 37 angående
795 1192 360 38 läkarundersökning
1179 1203 43 21 av
1244 1194 90 30 barn
1354 1194 67 30 och
1444 1193 149 31 minder-

87 1240 97 38 åriga
204 1241 56 31 för
278 1243 196 30 utrönande
492 1252 43 21 av
556 1243 99 32 deras
676 1243 203 36 lämplighet
901 1243 56 31 för
977 1243 210 32 industriellt
1205 1245 131 35 arbete;

131 1291 32 40 2)
194 1292 210 32 konvention
433 1292 53 40 (nr
512 1292 52 41 78)
591 1293 179 37 angående
794 1294 360 38 läkarundersökning
1176 1304 44 22 av
1245 1296 88 30 barn
1355 1296 66 30 och
1445 1296 148 30 minder-

87 1341 96 38 åriga
201 1343 57 30 för
276 1344 195 30 utrönande
491 1353 42 21 av
556 1345 98 29 deras
674 1345 203 36 lämplighet
898 1345 57 30 för
974 1345 301 33 icke-industriellt
1292 1347 130 36 arbete;

132 1393 31 39 3)
194 1394 322 31 rekommendation
555 1395 52 39 (nr
641 1394 52 40 79)
732 1395 181 36 angående
943 1396 359 37 läkarundersökning
1333 1406 44 21 av
1408 1398 87 30 barn
1527 1398 66 30 och

87 1443 232 38 minderåriga
341 1444 57 31 för
418 1446 193 29 utrönande
632 1455 43 20 av
698 1446 99 30 deras
819 1446 202 36 lämplighet
1045 1447 55 30 för
1121 1448 339 37 arbetsanställning;

131 1493 32 40 4)
193 1495 210 30 konvention
433 1495 54 39 (nr
511 1495 52 40 79)
593 1495 178 37 angående
793 1496 232 37 begränsning
1049 1506 43 21 av
1118 1499 192 31 nattarbete
1333 1499 57 31 för
1414 1500 88 30 barn
1528 1499 65 31 och

87 1544 231 38 minderåriga
339 1545 11 30 i
371 1545 288 32 icke-industriell
680 1547 233 36 verksamhet;
937 1551 90 27 samt

132 1595 30 39 5)
192 1596 323 31 rekommendation
544 1597 53 39 (nr
620 1597 54 39 80)
702 1597 179 37 angående
904 1599 233 37 begränsning
1158 1608 43 21 av
1223 1600 105 31 barns
1354 1601 66 30 och
1445 1600 147 32 minder-

87 1644 111 38 årigas
222 1647 192 30 nattarbete
434 1648 12 29 i
471 1647 283 31 icke-industriell
777 1649 229 30 verksamhet.

134 1696 170 33 Texterna
324 1697 51 31 till
394 1698 99 30 dessa
516 1699 250 31 konventioner
784 1700 66 30 och
870 1700 364 32 rekommendationer
1253 1702 9 30 i
1286 1703 125 30 svensk
1432 1704 161 31 översätt-

89 1747 84 37 ning
190 1748 45 31 ha
255 1748 112 36 fogats
386 1748 117 31 såsom
519 1749 134 36 bilagor
668 1749 139 38 (Bilaga
824 1751 120 38 A—E)
965 1751 59 31 vid
1042 1752 261 36 propositionen
1326 1753 48 39 (se
1392 1764 25 21 s.
1437 1754 157 39 22—A43),

88 1799 112 30 vartill
218 1799 165 31 utskottet
400 1799 56 31 får
474 1800 155 30 hänvisa.

130 1898 284 31 Internationella
433 1899 364 38 arbetskonferensens
819 1902 224 35 tjugonionde
1063 1903 258 30 sammanträde
1342 1904 89 31 hölls
1456 1905 5 31 i
1484 1905 108 30 Mont-

86 1950 70 29 real
181 1949 10 30 i
219 1948 139 32 Canada
382 1950 111 30 under
516 1950 93 30 tiden
639 1951 39 29 19
705 1952 259 35 september—9
989 1953 146 30 oktober
1162 1954 93 30 1946.
1288 1954 7 29 I
1321 1956 272 30 sammanträdet

87 1999 135 37 deltogo
238 2003 276 33 representanter
531 2001 56 30 för
605 2001 42 30 46
665 2002 282 37 medlemsstater,
967 2012 43 21 av
1028 2003 93 32 vilka
1139 2004 41 30 35
1201 2005 76 30 sänt
1294 2004 225 39 fullständiga
1537 2007 55 30 de-

90 2049 195 38 legationer,
305 2051 31 30 d.
360 2060 29 21 v.
409 2060 25 21 s.
453 2050 56 31 två
527 2051 306 37 regeringsombud
850 2058 90 26 samt
959 2058 47 27 ett
1024 2055 132 30 ombud
1176 2054 80 32 från
1274 2057 145 30 vardera
1438 2066 43 21 av
1499 2058 95 30 arbe-

87 2102 85 28 tare-
199 2101 65 29 och
289 2102 383 36 arbetsgivaresidorna.
702 2103 136 37 Sverige
864 2104 114 37 deltog
1002 2104 11 30 i
1040 2106 272 31 sammanträdet
1339 2108 79 30 med
1443 2117 45 21 en
1514 2108 78 30 full-

87 2151 135 36 ständig
247 2152 202 36 delegation.

132 2201 266 37 Dagordningen
426 2202 56 30 för
504 2203 93 30 detta
623 2203 447 33 konferenssammanträde
1096 2206 191 31 omfattade
1315 2207 157 37 följande
1498 2210 94 29 över-

88 2251 315 36 läggningsämnen.

131 2301 24 30 I.
193 2301 222 31 Direktörens
433 2302 56 30 för
508 2303 278 30 Internationella
807 2304 226 37 arbetsbyrån
1052 2310 143 32 rapport
1219 2306 91 39 (med
1332 2308 138 31 särskilt
1488 2309 104 30 beak-

86 2352 104 30 tande
210 2361 42 21 av
268 2352 296 37 efterkrigstidens
583 2354 464 39 sysselsättningsproblem).

132 2401 40 30 IH.
208 2401 160 31 Revision
395 2412 43 20 av
467 2403 288 31 Internationella
796 2406 425 36 arbetsorganisationens
1262 2409 121 36 stadga
1427 2410 166 31 ävensom

88 2452 90 31 vissa
198 2453 143 30 därmed
361 2454 345 36 sammanhängande
725 2456 179 35 spörsmål.

128 2516 111 33 Bihang
250 2517 42 25 till
302 2517 169 33 riksdagens
482 2519 145 31 protokoll
639 2520 75 25 1947.
728 2520 16 23 9
756 2520 75 24 saml.
845 2520 15 24 2
873 2521 57 24 avd.
945 2521 39 23 Nr
995 2521 39 24 35.
1551 2524 11 24 1
