2246 2618
767 169 250 32 Stutsutskottets
1040 169 163 32 utlåtende
1227 170 52 31 Nr
1303 173 50 29 12.
1779 171 39 31 37

263 246 14 30 1
315 245 139 32 oktober
483 246 83 31 1912
597 245 50 32 till
677 246 60 32 den
763 248 15 30 1
801 246 61 41 juli
888 247 93 39 1913,
1007 247 109 32 vilken
1140 258 114 21 senare
1278 247 154 42 tidpunkt
1455 252 82 28 även
1562 248 61 31 den
1646 248 96 32 blivit
1765 248 103 41 några

259 288 157 32 månader
440 288 221 33 överskriden.

391 331 260 33 Vidkommande
687 332 157 32 arbetena
882 333 20 32 å
939 333 160 32 bandelen
1142 324 582 51 Enstaberga—Åby—Norrköping
1761 335 106 32 skulle

259 374 96 33 dessa
389 375 194 41 visserligen
617 376 126 32 kunnat
770 376 145 32 forceras
942 376 47 39 så,
1013 378 53 31 att
1088 377 105 32 banan
1217 377 96 32 blivit
1335 377 108 41 färdig
1466 377 10 32 i
1499 378 50 31 sin
1572 378 111 32 helhet
1706 379 100 31 under
1829 379 38 31 år

261 419 94 38 1914,
390 418 161 34 förutsatt
581 422 52 30 att
660 420 105 33 medel
788 420 10 32 i
823 420 111 33 därför
956 420 194 42 erforderlig
1173 421 198 41 omfattning
1393 422 112 32 ställts
1527 422 52 32 till
1601 423 179 40 styrelsens
1803 424 61 30 för-

259 462 150 41 fogande,
443 473 74 22 men
545 464 162 40 styrelsen
735 464 106 32 håller
863 465 80 38 före,
967 467 53 30 att
1042 464 94 33 detta
1158 464 74 33 icke
1255 465 87 32 varit
1365 466 96 32 klokt
1484 466 73 31 med
1580 466 127 40 hänsyn
1731 466 50 33 till
1804 467 62 32 den

259 505 148 42 stegring
440 517 44 21 av
519 507 343 40 arbetskostnaderna,
891 519 69 21 som
985 508 41 32 då
1049 508 236 41 otvivelaktigt
1308 509 152 41 uppstått
1483 509 73 32 icke
1580 510 116 32 endast
1719 510 19 31 å
1761 510 106 32 denna

259 548 117 32 bandel
410 551 80 30 utan
524 553 84 29 även
641 550 53 32 för
727 553 252 39 entreprenören
1013 551 20 31 å
1066 552 125 31 banans
1224 562 98 21 norra
1356 552 60 32 del.
1463 552 166 32 Arbetena
1659 553 19 31 å
1707 553 157 32 bandelen

258 591 464 44 Enstaberga--Norrköping
756 594 87 32 hava
876 594 135 32 sålunda
1043 594 159 32 bedrivits
1225 595 42 41 på
1296 595 117 32 sådant
1437 598 77 35 sätt,
1540 597 51 31 att
1614 596 60 31 den
1698 596 122 41 årligen
1845 597 20 31 å

259 635 40 32 de
321 635 85 32 båda
429 636 199 32 bandelarna
657 637 218 33 tillsammans
898 638 151 32 använda
1072 638 250 41 arbetsstyrkan
1345 639 126 32 kunnat
1494 639 105 32 hållas
1623 640 101 40 något
1747 640 37 32 så
1807 644 59 27 när

258 678 168 39 konstant,
451 679 105 33 vilket
578 680 148 42 framgår
748 692 42 21 av
814 681 241 33 nedanstående
1078 682 105 32 tablå:

749 777 270 41 Arbetsstyrkans
1042 778 116 31 storlek
1180 779 13 30 i
1215 778 161 31 medeltal:

841 872 2 12 |
1046 889 268 28 Bandelen
1596 890 73 27 Hela
1687 891 93 27 banan

526 949 65 35 År.
858 967 86 27 Järna
956 968 202 37 —Enstaberga
1178 956 14 53 |
1213 960 273 44 Enstaberga—Åby
1596 961 184 44 Järna—Åby

971 1015 73 42 man.
1180 1055 2 15 |
1313 1015 72 42 man.
1656 1031 71 17 man.

1857 1067 4 25 ||

279 1121 83 31 1909.
398 1146 122 5 sonen
573 1147 255 6 surr
791 1102 40 64 on
1003 1125 62 31 332
1364 1144 40 4 =
1682 1127 62 30 332
1857 1112 3 7 |

275 1161 39 44 SIG
321 1161 40 44 DEA(0)
398 1189 408 7 FRANS
1003 1164 62 45 2815
1365 1188 38 4 —
1683 1170 61 31 815
1857 1167 4 32 I

279 1208 81 31 1911
418 1233 190 5 ns
672 1235 58 4 sn
750 1235 56 4 saa
971 1212 94 38 1,040
1179 1211 3 68 |
1367 1213 37 30 15
1651 1213 93 35 1,055

279 1251 83 31 1912
398 1276 430 7 snnnlnosdenAseossomsssssibesa
1002 1256 63 30 660
1342 1256 62 31 365
1652 1257 92 37 1,025

261 1295 101 40 [19018
397 1291 124 48 ooeeesress
539 1291 246 48 serseesrerrreesorsneren
793 1323 35 4 rna
1002 1299 63 31 456
1342 1300 62 31 592
1652 1301 92 38 1,048

389 1397 52 33 Av
475 1398 64 32 vad
575 1409 83 21 ovan
693 1399 126 33 anförts
852 1401 94 32 torde
969 1401 129 40 framgå
1121 1401 40 32 de
1184 1401 238 42 huvudsakliga
1445 1402 114 32 skälen
1583 1402 60 39 till,
1668 1404 50 30 att
1741 1402 123 32 banans

257 1441 282 42 färdigbyggande
562 1442 96 32 blivit
680 1442 149 42 fördröjt.

389 1485 208 33 Beträffande
637 1486 60 32 den
739 1487 182 32 avsevärda
955 1487 163 41 ökningen
1152 1498 42 21 av
1229 1488 123 32 banans
1386 1488 392 42 anläggningskostnader
1812 1488 52 32 får

257 1528 160 40 styrelsen
442 1529 10 31 i
475 1529 259 41 underdånighet
757 1530 107 33 erinra
887 1541 62 28 om,
975 1532 51 31 att
1048 1531 162 41 styrelsen
1233 1532 100 31 redan
1356 1531 10 32 i
1389 1532 50 32 sin
1463 1533 225 31 ovannämnda
1704 1532 159 32 skrivelse

256 1571 52 32 till
342 1572 103 32 Eders
479 1572 118 42 Kungl.
622 1572 95 42 Maj:t
751 1574 61 32 den
838 1577 14 29 1
879 1585 87 21 mars
993 1576 92 37 1909,
1110 1575 127 32 således
1260 1575 97 32 innan
1381 1576 156 32 arbetena
1560 1576 94 32 blivit
1677 1576 184 41 påbörjade,

257 1615 103 41 ansåg
394 1616 51 40 sig
477 1616 81 32 böra
593 1617 156 39 meddela,
785 1619 50 31 att
869 1618 39 32 de
942 1618 193 41 ytterligare
1163 1619 279 41 undersökningar
1464 1620 61 32 och
1549 1619 219 41 utredningar,
1792 1629 71 22 som

256 1658 195 33 verkställts
486 1660 100 32 under
619 1660 274 42 nästföregående
927 1661 46 38 år,
1004 1664 113 38 syntes
1140 1662 78 41 giva
1241 1662 54 32 vid
1318 1663 136 38 handen,
1479 1665 51 30 att
1553 1664 39 31 de
1614 1663 248 41 ursprungligen

255 1702 188 33 beräknade
466 1703 222 33 kostnaderna
711 1704 73 32 icke
808 1705 105 32 skulle
936 1705 133 32 komma
1092 1707 52 31 att
1167 1706 72 32 visa
1262 1706 50 41 sig
1334 1706 210 42 tillräckliga.
1591 1706 104 33 Sedan
1719 1707 144 31 därefter

256 1745 40 32 de
320 1746 201 41 detaljerade
544 1747 415 41 undersökningsarbetena
982 1749 52 31 för
1056 1749 75 32 hela
1153 1749 107 32 banan
1283 1750 171 39 avslutats,
1479 1750 61 32 och
1563 1750 112 32 vidare
1690 1750 173 32 resultatet

256 1799 43 22 av
322 1790 175 32 arbetenas
518 1790 200 41 utbjudande
733 1791 43 42 på
791 1792 351 42 generalentreprenad
1158 1792 20 32 å
1193 1793 123 32 banans
1332 1804 97 21 norra
1445 1794 50 31 del
1513 1794 96 38 visat,
1627 1795 50 30 att
1693 1793 39 32 de
1747 1793 113 41 å-pris,

256 1833 135 31 varmed
413 1833 137 32 räknats
574 1834 10 31 i
608 1834 39 32 de
669 1835 141 40 tidigare
834 1835 333 42 kostnadsförslagen,
1192 1836 105 32 måste
1321 1839 155 30 avsevärt
1500 1837 102 41 höjas,
1620 1848 106 30 avgav
1743 1837 119 40 styrel-

256 1886 58 22 sen
345 1876 51 33 till
431 1877 103 32 Eders
569 1877 118 42 Kungl.
712 1878 95 41 Maj:t
830 1879 60 32 den
917 1880 37 32 15
979 1880 139 32 oktober
1144 1882 83 30 1910
1250 1880 192 41 fullständig
1465 1881 176 40 utredning
1663 1880 199 33 beträffande

256 1920 62 31 den
341 1920 282 42 kostnadsökning
647 1922 51 32 för
721 1922 74 33 hela
818 1923 115 37 banan,
958 1934 69 21 som
1050 1935 61 21 var
1127 1925 50 31 att
1193 1924 134 39 förutse,
1346 1925 59 31 och
1421 1925 187 31 föreställer
1623 1924 51 41 sig
1689 1925 171 40 styrelsen,

256 1965 51 31 att
341 1964 55 32 det
419 1964 11 31 i
453 1964 92 33 detta
572 1966 237 41 sammanhang
832 1970 38 28 är
892 1967 196 41 tillräckligt
1111 1969 51 31 att
1185 1967 137 32 hänvisa
1345 1968 51 32 till
1419 1968 104 32 denna
1546 1968 181 40 utredning,
1752 1968 109 32 vilken

256 2010 84 29 även
374 2007 176 33 återfinnes
573 2008 11 32 i
607 2008 110 42 bilaga
739 2009 16 32 I
777 2010 102 32 under
913 2010 139 41 utgifter
1087 2011 51 32 för
1172 2011 249 41 kapitalökning
1444 2012 10 31 i
1480 2013 80 31 1911
1588 2012 53 31 års
1665 2012 197 31 statsverks-

255 2050 212 42 proposition.

387 2094 118 41 Någon
539 2095 173 42 anledning
747 2098 130 39 antaga,
913 2099 51 30 att
987 2097 39 32 de
1049 2097 11 32 i
1084 2098 104 32 denna
1210 2097 173 42 utredning
1406 2098 142 41 angivna
1570 2098 218 32 kostnaderna
1811 2098 51 31 för

254 2137 260 41 banbyggnaden
537 2139 106 32 skulle
665 2139 133 32 komma
821 2142 52 30 att
895 2141 217 38 överskridas,
1138 2141 176 41 föreligger
1337 2142 82 31 icke.

386 2181 75 32 Med
496 2182 173 41 anledning
703 2193 43 21 av
780 2183 310 33 statsrevisorernas
1122 2185 169 31 uttalande
1323 2186 51 30 att
1404 2195 39 21 en
1467 2184 199 41 bidragande
1689 2184 98 32 orsak
1810 2184 52 32 till

255 2224 211 32 statsbanans
500 2225 102 32 Järna
635 2226 224 42 Norrköping
892 2227 87 41 höga
1013 2227 179 32 kostnader
1219 2230 114 38 syntes
1355 2228 89 41 ligga
1467 2228 11 31 i
1501 2228 61 32 allt
1585 2229 50 31 för
1658 2228 204 32 kostsamma

254 2266 262 43 husbyggnader,
540 2269 126 32 tillåter
689 2269 51 42 sig
763 2270 162 41 styrelsen
948 2271 10 31 1
982 2271 260 41 underdånighet
1265 2271 115 33 anföra
1403 2271 153 41 följande.
