2200 2614
150 571 63 28 Ayll
234 571 97 31 anslag.

144 1113 189 31 Förstärkning

134 1156 32 14 av
174 1149 117 30 anslaget
299 1149 41 23 till

132 1183 182 29 reparalioner
323 1183 16 23 å

159 1217 157 24 Stockholms

133 1253 60 22 slott
203 1254 57 22 med
272 1254 65 29 flera

135 1288 43 28 för
201 1288 30 22 de
254 1288 88 30 kungl.

157 1323 80 22 hoven
257 1331 53 22 wpp

153 1357 74 23 låtna
246 1358 75 30 bygg-

194 1394 90 21 nader.

222 1432 18 16 2

138 1572 192 33 Förstärkning

153 1615 31 15 av
203 1608 119 32 anslaget

135 1642 40 23 till
189 1643 86 29 polis-,
290 1643 49 30 lys-

149 1679 45 21 och
215 1678 100 23 renhåli

179 1712 62 31 ning
261 1714 44 22 vid

162 1748 158 23 Stockholms

198 1783 71 24 siott.

217 1819 51 45 3.

171 1938 137 24 Utskoltets

172 1974 134 27 yttrande.

411 148 19 30 2
868 150 250 32 Statsutskottets
1143 152 161 31 utlåtande
1328 153 52 30 Nr
1404 155 18 29 1
1434 156 39 29 A.

368 226 148 36 slotten.
574 226 56 36 Då
657 240 156 23 numera
841 228 81 36 icke
951 241 68 23 ens
1048 228 45 37 de
1121 229 169 49 utgifter,
1321 231 99 36 vilka
1440 232 236 37 erfordrades
1695 233 59 36 för
1775 233 63 37 det
1853 235 116 36 ound-

367 278 245 48 gängligaste
654 279 246 47 underhållet,
942 279 127 37 kunde
1112 294 44 22 av
1197 281 172 49 anslaget
1396 282 78 37 helt
1502 282 199 48 bestridas,
1730 284 69 36 har
1825 285 142 49 Kungl.

368 328 106 49 Maj:t
514 329 204 47 hemställt,
762 335 55 31 att
849 330 206 49 riksdagen
1088 335 114 33 måtte
1230 332 140 49 bevilja
1398 334 120 36 medel
1548 335 57 36 till
1633 335 261 50 förstärkning
1921 351 48 22 av

367 380 288 48 ifrågavarande
683 381 136 49 anslag
846 382 103 36 såväl
978 383 59 36 för
1065 387 40 32 år
1135 385 94 35 1921
1260 397 82 23 som
1371 385 58 35 för
1456 385 253 38 innevarande
1738 389 50 34 år.

496 431 208 45 Utskottet,
747 446 80 23 som
857 440 134 41 ansett,
1035 440 55 31 att
1118 448 46 23 en
1192 435 263 50 förstärkning
1483 450 47 22 av
1558 438 170 47 anslaget
1757 443 41 31 är
1827 453 46 21 av
1904 440 62 36 be-

366 483 113 35 hovet
508 483 181 48 påkallat,
722 484 53 36 får
802 484 233 38 beträffande
1067 488 93 34 1921
1192 489 59 33 års
1281 493 76 31 stat
1384 488 210 42 hemställa,

893 577 55 30 att
974 572 204 49 riksdagen
1207 576 59 33 må
1295 574 56 35 till
1373 576 258 44 förstärkning
1660 588 43 23 av
1723 577 163 45 anslaget
1900 579 68 42 för

767 624 192 34 underhåll
1001 625 63 34 och
1105 626 91 35 vård
1236 638 44 23 av
1322 627 131 35 möbler
1483 630 94 32 samt
1604 628 114 35 andra
1746 631 118 33 staten
1893 629 72 35 till-

763 675 123 43 höriga
911 677 221 35 inventarier
1158 678 12 33 i
1198 678 42 35 de
1268 679 122 43 kungl.
1419 679 130 35 slotten
1577 680 20 33 å
1627 683 107 32 extra
1753 684 74 31 stat
1849 679 58 36 för
1926 682 40 33 år

770 727 92 34 1921
899 726 139 47 bevilja
1068 731 53 32 ett
1150 727 310 50 förslagsanslag,
1489 729 126 48 högst,
1646 731 137 46 28.200
1813 730 151 37 kronor.

892 949 37 35 B.
987 948 138 50 Kungl.
1154 950 278 40 slottsstaten.

490 1101 73 49 2:0)
603 1102 16 35 I
658 1103 169 47 enlighet
871 1104 83 36 med
1002 1104 142 48 Kungl.
1191 1105 126 48 Maj:ts
1364 1105 126 36 därom
1541 1107 232 36 framställda
1820 1108 143 49 förslag

360 1154 135 48 ,punkt
526 1153 35 36 2)
592 1155 56 35 får
677 1154 184 37 utskottet
889 1155 210 47 hemställa,

890 1246 55 30 att
985 1242 205 48 riksdagen
1234 1247 70 42 må,
1347 1244 10 34 i
1392 1243 120 36 likhet
1554 1245 83 36 med
1680 1245 72 36 vad
1794 1259 81 23 som
1906 1246 56 36 för

762 1293 256 36 innevarande
1060 1295 41 34 år
1141 1298 66 43 ägt
1234 1307 96 33 rum,
1360 1294 55 36 till
1440 1296 258 46 förstärkning
1728 1310 43 23 av
1800 1299 162 45 anslaget

763 1346 58 34 till
860 1349 253 41 reparationer
1148 1348 20 32 å
1210 1347 221 36 Stockholms
1471 1348 84 35 slott
1586 1349 79 36 med
1702 1350 98 43 flera
1828 1350 63 41 för
1919 1351 43 33 de

762 1397 120 43 kungl.
924 1397 113 35 hoven
1080 1398 177 45 wupplåtna
1299 1399 208 45 byggnader
1549 1401 20 33 å
1604 1404 103 31 extra
1734 1405 75 31 stat
1837 1400 57 36 för
1921 1404 40 32 år

767 1449 87 34 1921
897 1447 141 48 bevilja
1071 1454 53 30 ett
1151 1448 310 49 förslagsanslag,
1491 1450 125 47 högst,
1642 1453 138 42 31,500
1810 1451 148 37 kronor.

490 1567 73 48 3:0)
608 1568 140 48 Kungl.
792 1568 106 47 Maj:t
938 1568 67 35 har
1034 1568 195 48 föreslagit
1256 1570 205 48 riksdagen
1491 1572 134 47 (punkt
1653 1571 36 48 3)
1719 1578 54 30 att
1801 1572 57 36 till
1887 1573 73 35 för-

360 1619 203 48 stärkning
604 1633 46 22 av
692 1620 173 47 anslaget
906 1620 55 35 till
1002 1620 127 48 polis-,
1158 1621 72 48 lys-
1259 1621 71 36 och
1357 1622 242 49 renhållning
1625 1623 63 36 vid
1718 1623 241 37 Stockholms

359 1670 90 36 slott
491 1674 20 33 å
553 1677 105 30 extra
686 1676 75 31 stat
788 1671 58 36 för
874 1674 39 33 år
945 1673 92 34 1921
1072 1671 138 49 bevilja
1239 1678 52 30 ett
1320 1673 312 49 förslagsanslag,
1661 1674 128 49 högst,
1819 1676 139 47 22,500

360 1722 147 36 kronor.

491 1774 260 48 Utredningen
782 1774 10 35 i
820 1774 152 36 ärendet
1000 1776 251 35 törekommer
1279 1780 19 31 å
1328 1776 68 36 sid.
1428 1779 123 33 8—11
1578 1777 10 35 i
1610 1778 210 48 åberopade
1849 1783 109 31 stats-

361 1825 329 49 rådsprotokollet.

490 1929 73 36 Det
592 1929 186 36 ordinarie
797 1929 170 48 anslaget
986 1930 57 35 till
1063 1930 124 48 polis-,
1202 1930 75 48 lys-
1294 1931 71 36 och
1380 1932 242 48 renhållning
1636 1933 61 35 vid
1714 1932 242 37 Stockholms

362 1980 101 47 slott,
493 1980 231 36 fastställdes
756 1980 60 36 vid
848 1982 251 35 1856—1858
1130 1984 57 33 års
1219 1982 158 48 riksdag
1408 1983 55 35 till
1482 1984 67 35 sitt
1568 1984 217 36 nuvarande
1806 1984 148 49 belopp,

362 2033 137 45 22,500
542 2032 150 36 kronor.
748 2033 197 48 Anslaget,
987 2046 81 22 som
1110 2033 82 36 från
1232 2033 135 49 början
1408 2048 67 22 var
1517 2041 122 30 avsett
1665 2035 82 37 icke
1776 2035 95 37 blott
1898 2036 59 36 för

361 2083 164 36 nämnda
558 2084 90 35 slott
674 2089 90 30 utan
793 2088 96 32 även
917 2084 58 36 för
1003 2084 246 37 Arvfurstens
1277 2086 135 48 palats,
1441 2086 189 37 befriades
1659 2088 82 34 från
1770 2087 71 36 och
1870 2088 85 35 med

360 2142 39 28 år
444 2136 96 35 1906
583 2135 86 36 från
709 2136 209 47 utgifterna
959 2136 58 35 för
1059 2136 168 48 palatset,
1270 2150 86 23 men
1385 2137 103 36 detta
1517 2138 130 36 oaktat
1673 2139 126 35 kunde
1827 2142 128 45 någon

360 2186 244 49 nedsättning
645 2200 46 22 av
719 2187 332 49 anslagsbeloppet
1079 2188 81 36 icke
1188 2194 72 42 äga
1288 2202 96 32 rum,
1413 2194 88 31 enär
1528 2189 84 37 hela
1640 2190 171 49 anslaget
1838 2190 117 36 redan

359 2238 46 36 då
445 2240 121 34 måste
608 2238 220 49 disponeras
872 2239 54 36 för
968 2238 240 38 Stockholms
1250 2240 100 36 slott.
1407 2240 51 36 På
1499 2242 123 47 grund
1660 2255 47 22 av
1735 2242 70 36 den
1836 2242 119 36 under
