2214 2632
423 215 43 31 24
927 217 226 31 Statsutskottets
1176 218 156 30 Memorial
1354 219 58 30 N:o
1438 220 74 29 106.

1153 307 24 47 8
1208 308 88 36 115.

554 395 80 35 Den
662 395 213 47 tjänsteman
904 395 85 36 eller
1017 396 246 44 vaktmästare,
1291 409 77 23 som
1402 398 91 35 efter
1511 396 215 49 ådagalagdt
1739 395 279 38 välförhållande

420 447 161 36 anhåller
608 461 58 22 om
694 448 135 46 afsked,
859 452 48 42 är,
938 449 120 36 såvida
1084 450 69 35 han
1182 450 87 48 fyllt
1296 450 111 36 sextio
1435 451 39 35 år
1502 451 66 35 och
1596 451 92 36 varit
1715 451 13 35 i
1753 451 129 36 allmän
1907 452 112 47 tjänst

420 501 192 36 trettiofem
656 500 48 44 år,
733 502 199 48 berättigad
961 504 54 35 att
1045 504 114 35 såsom
1187 504 148 48 pension
1368 504 56 35 för
1451 504 161 36 lifstiden
1641 505 141 47 åtnjuta
1809 507 52 34 tre
1888 504 130 47 fjärde-

419 554 99 36 delar
557 556 37 35 af
629 555 261 37 innehafvande
918 556 73 36 lön.
1039 557 89 35 Före
1157 557 192 48 uppnådda
1377 558 112 35 sextio
1518 558 181 36 lefnadsår
1726 559 66 35 och
1820 558 197 36 trettiofem

418 608 152 47 tjänstår
609 609 69 35 kan
707 609 298 37 afskedssökande
1034 611 122 35 endast
1184 611 13 35 i
1226 611 165 36 händelse
1420 612 37 35 af
1485 612 150 47 bevislig
1663 612 272 48 oförmögenhet
1961 612 57 35 till

418 662 119 36 vidare
576 663 241 48 tjänstgöring
863 663 133 36 erhålla
1029 664 158 48 pension.
1246 665 343 48 Pensionsbeloppet
1616 666 211 36 bestämmes
1856 665 44 35 då
1928 666 90 35 efter

416 716 197 46 tjänståren
642 717 114 36 allena
783 717 149 36 medelst
958 717 126 48 afdrag
1110 716 20 37 å
1157 720 54 34 tre
1239 718 231 48 fjärdedelars
1498 719 58 35 lön
1585 719 37 35 af
1654 732 44 23 en
1725 719 293 36 trettiofemtedel

416 769 58 36 för
502 770 124 52 hvarje
652 771 182 36 bristande
860 771 161 49 tjänstår.

551 817 203 55 Öfverstiga
791 825 159 36 däremot
990 825 197 47 tjänståren
1220 826 198 36 trettiofem
1452 826 68 36 och
1548 824 201 37 åldersåren
1778 826 124 45 sextio,
1931 827 86 35 ökas

418 877 62 36 det
508 878 106 35 ofvan
643 878 183 36 bestämda
853 878 334 49 pensionsbeloppet
1216 879 81 35 med
1325 892 43 23 en
1388 879 292 37 trettiofemtedel
1698 880 56 35 för
1766 880 123 47 hvarje
1904 880 112 36 öfver-

416 931 191 47 skjutande
645 932 153 47 tjänstår
839 932 83 36 eller
963 932 67 36 ock
1071 933 80 35 med
1179 945 43 23 en
1251 933 241 36 sextiondedel
1521 933 55 36 för
1603 933 120 48 hvarje
1752 934 263 47 öfverstigande

416 983 164 47 åldersår,
623 986 117 36 därest
776 986 96 36 detta
907 986 219 36 sistnämnda
1154 986 287 49 beräkningssätt
1463 987 114 36 skulle
1605 987 56 35 för
1689 987 325 36 afskedssökanden

416 1039 128 36 utfalla
571 1039 261 49 förmånligare.

1148 1129 23 47 8
1203 1131 87 36 116.

551 1219 56 35 Då
647 1218 127 36 sådant
800 1219 56 35 för
883 1218 223 48 göromålens
1135 1219 101 35 säkra
1264 1217 65 37 och
1358 1218 255 48 skyndsamma
1640 1217 97 50 gång
1764 1219 114 36 finnes
1906 1221 107 35 erfor-

416 1271 139 46 derligt,
599 1272 124 35 kunna
756 1272 223 47 fullmäktige
1014 1271 45 49 på
1082 1273 235 48 pensionsstat
1343 1272 162 48 förflytta
1532 1273 374 47 tjänsteinnehafvare,
1936 1286 76 23 som

415 1326 38 35 af
494 1326 166 47 sjukdom
703 1326 84 36 eller
828 1326 165 35 minskad
1037 1326 279 48 arbetsförmåga
1357 1329 38 32 är
1427 1326 209 36 förhindrad
1663 1329 54 33 att
1745 1327 118 36 vidare
1891 1328 45 48 på
1960 1330 53 33 ett

414 1379 326 36 tillfredsställande
769 1381 69 34 sätt
864 1393 118 35 gagna
1009 1379 352 49 riksgäldskontoret,
1392 1380 147 36 oaktadt
1566 1380 70 36 han
1665 1381 56 48 sig
1748 1381 32 47 ej
1810 1394 57 22 om
1888 1381 124 36 afsked

414 1433 146 36 anmält.
617 1433 21 35 I
665 1434 126 35 sådant
830 1431 63 38 fall
935 1440 67 41 äga
1034 1433 227 48 fullmäktige
1289 1435 53 34 att
1369 1434 91 35 efter
1487 1434 348 48 omständigheterna
1862 1434 150 49 tillägga

414 1487 387 47 tjänsteinnehafvaren
829 1486 115 37 såsom
972 1487 148 48 pension
1148 1487 170 48 antingen
1346 1487 81 36 hela
1454 1487 118 46 lönen,
1602 1488 114 36 ehvad
1736 1487 43 37 de
1799 1488 212 36 föreskrifna

413 1540 153 37 lefnads-
604 1541 66 36 och
698 1541 195 47 tjänståren
927 1544 60 33 äro
1017 1541 190 49 uppnådda
1235 1541 84 35 eller
1345 1541 89 45 icke,
1465 1541 84 36 eller
1576 1541 67 36 ock
1672 1554 43 23 en
1744 1542 56 35 del
1827 1542 37 36 af
1890 1542 118 45 lönen,

414 1593 94 37 dock
547 1595 32 47 ej
616 1595 139 36 mindre
787 1598 45 32 än
871 1595 94 35 hvad
1007 1595 82 36 med
1130 1595 229 48 tillämpning
1400 1594 40 36 af
1464 1595 310 36 bestämmelserna
1801 1595 12 35 i
1841 1596 168 36 nästföre-

413 1648 137 47 gående
578 1649 164 47 parägraf
768 1649 153 48 belöper.
