2222 2640
704 219 226 30 Statsulskottels
952 220 157 29 Memorial
1132 220 61 30 N:o
1217 221 73 29 106.
1768 218 39 32 13

213 307 249 47 begagnandet
489 309 36 34 af
555 308 153 36 krediter
735 309 47 48 på
809 308 142 45 villkor,
981 321 78 23 som
1086 305 226 52 fullmäktige
1340 311 65 45 äga
1433 309 213 46 bestämma;
1673 309 136 48 ägande

213 360 223 49 fullmäktige
465 361 170 48 därjämte
664 363 64 43 att,
757 362 57 36 för
842 361 200 37 beredande
1070 362 38 36 af
1134 362 157 49 tillgång
1319 361 55 37 till
1402 362 209 49 erforderlig
1638 362 171 36 kassaför-

214 414 186 49 stärkning
427 416 37 35 åt
491 415 270 44 statskontoret,
796 416 5 35 i
830 416 82 35 mån
941 416 37 35 af
1005 416 111 35 behof
1143 416 158 48 upplåna
1319 415 118 37 medel
1456 418 79 34 mot
1553 429 80 23 vare
1650 416 55 47 sig
1722 416 85 35 riks-

214 467 287 48 gäldskontorets
529 469 341 36 skuldförbindelser
898 469 83 36 eller
1008 469 239 47 obligationer
1273 469 13 36 i
1314 469 146 36 svenskt
1478 472 116 46 mynt,
1611 469 126 36 ställda
1756 470 54 35 till

213 521 137 36 inlösen
391 522 171 48 antingen
604 522 89 36 efter
733 523 72 35 viss
832 522 198 37 förfallotid
1058 523 85 36 eller
1175 523 91 36 efter
1298 523 230 48 föregången,
1558 524 38 34 af
1622 523 187 48 riksgälds-

214 575 167 36 kontoret
407 575 192 36 verkställd
626 576 242 48 uppsägning;
886 576 152 36 varande
1058 577 38 35 åt
1114 576 230 48 fullmäktige
1363 576 263 36 öfverlämnadt
1645 578 64 42 att,
1730 577 81 35 med

214 629 147 35 hänsikt
401 629 54 36 till
497 629 43 36 de
574 629 64 36 vid
665 630 245 48 upplåningen
940 630 55 47 sig
1018 629 205 37 företeende
1252 630 306 48 omständigheter
1586 630 66 36 och
1680 630 130 36 förhål-

214 682 140 45 landen,
383 683 196 35 bestämma
597 683 276 36 räntevillkoren
894 686 93 33 samt
1005 682 174 38 fastställa
1197 683 423 49 betalningsterminerna
1638 684 56 35 för
1712 684 99 35 dessa

215 736 246 48 obligationer.

346 790 21 35 I
398 790 164 36 afseende
596 792 46 47 på
670 790 92 47 öfrig
791 790 202 49 upplåning
1021 792 78 34 mot
1126 791 141 48 tryckta
1296 790 84 37 eller
1407 791 190 47 graverade
1626 791 185 48 obligatio-

215 856 61 23 ner
304 843 137 36 lämnar
467 844 207 48 Riksdagen
701 843 178 37 särskilda
908 842 234 38 föreskrifter.

334 1125 239 51 Angående
603 1127 351 50 redovisningen
984 1126 52 41 af
1060 1127 54 41 de
1144 1127 77 40 till
1250 1127 440 51 riksgäldskontoret

804 1188 220 51 ingående
1053 1189 163 42 medel.

955 1289 23 47 8
1008 1290 62 36 63.

348 1369 111 44 Öfver
499 1377 359 48 riksgäldskontorets
899 1378 165 48 samtliga
1104 1378 196 48 tillgångar
1342 1379 65 35 och
1448 1378 146 36 skulder
1627 1381 93 33 samt
1762 1378 49 36 in-

215 1430 158 36 komster
414 1431 66 36 och
519 1431 163 48 utgifter,
723 1438 181 42 uppgöres
943 1432 66 36 och
1037 1430 152 37 afslutas
1217 1430 56 37 för
1300 1432 126 48 hvarje
1454 1430 43 37 år
1525 1445 41 23 en
1598 1430 214 50 fullständig

215 1483 227 46 hufvudbok,
485 1484 146 37 hvaruti
672 1484 90 37 skall
802 1483 87 50 ingå
932 1485 227 48 redovisning
1200 1486 56 35 för
1292 1484 45 37 de
1373 1484 198 37 fonderade
1599 1483 214 38 statslånens

215 1537 244 37 likvidations-
487 1539 67 35 och
573 1539 440 36 amortissementsfonder.
1062 1539 277 36 Hufvudboken
1358 1539 91 36 skall
1468 1539 101 36 inom
1589 1539 67 36 den
1681 1540 16 34 1
1720 1539 92 48 april

215 1589 74 38 året
316 1594 80 34 näst
422 1592 90 36 efter
540 1591 71 44 det,
641 1592 139 36 hvilket
802 1592 207 36 densamma
1037 1593 182 44 omfattar,
1244 1605 83 23 vara
1353 1592 155 37 afslutad
1531 1595 93 34 samt
1646 1593 78 35 före
1744 1592 68 36 den

218 1645 17 35 1
267 1643 111 51 därpå
405 1645 157 47 följande
588 1646 84 47 juni
699 1646 193 47 behörigen
921 1646 189 48 granskad.

346 1698 378 48 Riksgäldskontorets
762 1699 213 36 hufvudbok
1016 1699 65 36 bör
1121 1699 62 35 vid
1221 1699 172 48 lämpliga
1428 1699 92 36 tider
1563 1699 110 35 hållas
1714 1701 99 34 stats-

216 1751 167 37 kontoret
408 1752 56 35 till
491 1752 128 44 handa,
649 1753 46 47 på
726 1752 61 36 det
814 1754 54 33 att
899 1752 361 47 riksgäldskontorets
1292 1753 235 47 räkenskaper
1559 1753 58 35 må
1650 1752 123 35 kunna
1800 1753 13 35 i

215 1805 130 48 nödiga
365 1805 93 36 delar
486 1805 140 48 intagas
653 1806 13 34 i
693 1806 344 36 rikshufvudboken.

960 1966 24 46 8
1014 1967 61 35 64.

350 2053 123 36 Under
500 2054 123 47 loppet
653 2054 37 35 af
719 2055 80 45 juni
831 2054 130 35 månad
989 2055 121 46 hvarje
1139 2055 39 34 år
1206 2054 95 43 böra,
1332 2053 56 37 till
1416 2054 222 48 upplysning
1665 2054 56 35 för
1748 2054 64 35 all-

217 2105 190 37 mänheten
446 2119 59 23 om
547 2106 360 48 riksgäldskontorets
944 2107 181 47 ställning,
1174 2107 183 43 särskilda,
1386 2105 90 37 efter
1504 2107 61 35 det
1592 2107 144 35 därmed
1764 2107 49 35 af-

216 2158 105 37 sedda
349 2159 166 36 ändamål
543 2159 162 48 lämpade
734 2159 130 47 utdrag
892 2160 37 35 af
957 2159 98 36 detta
1082 2160 106 36 verks
1210 2160 239 48 räkenskaper
1472 2160 57 35 för
1547 2160 61 36 det
1626 2163 80 32 näst
1724 2160 88 36 före-

216 2211 136 48 gående
393 2213 75 35 året
509 2225 131 34 genom
677 2212 142 47 trycket
861 2212 271 48 offentliggöras
1170 2213 66 36 och
1265 2212 84 37 med
1378 2212 179 37 allmänna
1585 2212 227 48 tidningarna

217 2265 147 36 utdelas.
