1896 2822
468 139 124 28 Första
608 138 244 39 lagutskottets
869 138 178 29 utlåtande
1061 147 43 19 nr
1120 139 39 28 19
1174 138 39 29 år
1229 139 83 28 1969
1612 141 19 28 9

147 218 107 40 slaget
278 219 112 30 skulle
413 219 160 30 medföra
594 219 112 30 bättre
730 219 246 30 förhållanden
998 220 45 29 än
1066 219 24 30 f.
1114 229 32 20 n.
1171 219 54 30 för
1249 219 41 31 de
1312 219 152 31 häktade
1488 219 142 41 exspek-

145 274 123 33 tanter,
289 273 44 40 på
352 273 96 30 vilka
466 273 269 30 bestämmelsen
756 273 112 30 skulle
887 273 122 30 kunna
1028 273 188 40 tillämpas.
1236 273 197 40 Förslagets
1454 273 177 40 genomfö-

145 326 107 30 rande
275 327 113 30 skulle
410 327 106 30 också
537 327 140 29 minska
700 327 333 40 överbeläggningen
1054 327 45 39 på
1120 327 200 30 klinikerna
1342 327 64 29 och
1429 327 202 40 därigenom

145 380 100 30 bidra
268 381 53 29 till
346 382 49 28 att
421 381 110 40 skapa
555 381 193 39 drägligare
773 380 245 30 förhållanden
1043 381 55 30 för
1123 380 77 30 dem
1227 390 74 21 som
1327 382 37 29 är
1389 381 144 40 intagna
1557 380 73 31 där.

146 435 65 29 Det
228 435 38 29 är
284 434 93 30 svårt
395 436 49 28 att
462 435 112 29 uttala
590 434 104 40 något
712 435 160 29 närmare
890 435 11 29 i
918 434 99 40 fråga
1034 443 56 21 om
1108 434 67 30 hur
1192 434 128 40 många
1335 434 153 30 häktade
1505 434 126 30 under-

147 488 233 40 sökningsfall
401 497 74 21 som
496 488 112 30 skulle
628 488 37 30 få
684 488 113 30 direkt
817 490 99 38 nytta
935 498 42 20 av
997 488 66 30 den
1083 488 199 40 föreslagna
1301 488 204 40 ordningen.
1525 488 106 30 Anta-

145 542 47 29 let
212 542 293 40 sammanhänger
522 542 45 29 bl.
587 552 29 19 a.
633 542 79 30 med
729 541 67 30 hur
814 542 127 40 många
958 541 152 30 häktade
1129 551 74 21 som
1220 543 124 29 väntar
1362 542 45 40 på
1425 544 50 28 att
1493 550 138 32 genom-

147 596 42 39 gå
205 596 264 39 undersökning
485 596 65 29 och
565 596 67 29 hur
648 596 103 39 långa
766 595 242 30 väntetiderna
1023 596 48 29 är.
1087 596 94 29 även
1197 605 56 20 om
1270 596 56 29 det
1342 596 66 29 blir
1425 598 47 28 ett
1487 596 145 39 begrän-

150 652 51 27 sat
228 650 94 29 antal
349 659 73 20 som
448 649 54 30 får
527 651 100 38 nytta
652 658 41 20 av
718 658 67 30 nya
810 649 262 29 bestämmelser
1098 658 41 20 av
1165 649 194 39 föreslagen
1387 652 63 31 art,
1477 650 36 29 är
1540 649 93 30 detta

148 704 71 29 inte
235 704 75 29 skäl
326 705 49 28 att
390 703 97 30 avstå
502 703 79 30 från
597 712 41 20 en
652 703 141 29 reform.

191 758 70 29 När
283 757 56 30 det
361 757 106 40 gäller
488 757 41 30 de
551 758 75 29 skäl
649 766 73 21 som
744 757 70 30 kan
835 757 71 30 tala
927 759 91 28 emot
1040 757 66 29 den
1128 757 197 40 föreslagna
1347 757 202 40 ordningen,
1572 757 60 30 vill

146 811 60 40 jag
230 811 88 30 först
342 811 116 30 erinra
480 820 56 20 om
561 812 60 32 att,
646 820 73 20 som
743 811 64 29 har
831 810 212 30 framhållits
1067 811 11 29 i
1102 810 528 40 departementspromemorian,

148 864 57 31 det
228 865 106 39 gäller
359 873 73 22 som
456 873 43 21 en
522 865 130 29 allmän
675 864 136 40 princip
835 866 49 28 att
906 864 153 30 häktade
1083 864 88 30 skall
1195 864 158 30 förvaras
1377 864 153 30 åtskilda
1551 864 81 30 från

149 918 138 31 dömda.
314 918 451 40 Kriminalvårdsstyrelsen
792 918 64 29 har
882 918 141 30 betonat
1049 918 119 29 vikten
1195 927 42 21 av
1263 917 154 31 nämnda
1444 917 188 41 grundsats

147 973 65 29 och
227 973 152 39 påpekat
395 973 50 28 att
462 972 233 39 grundsatsen
711 972 63 28 har
791 972 148 29 kommit
956 972 53 29 till
1026 972 142 38 uttryck
1184 972 10 29 i
1212 972 111 38 regler
1341 980 56 20 om
1416 971 142 39 fångars
1575 972 56 29 be-

146 1026 179 39 handling,
347 1025 95 30 vilka
463 1026 64 29 har
551 1025 171 40 godkänts
747 1034 42 20 av
810 1025 151 30 Förenta
983 1025 231 30 Nationernas
1239 1025 229 30 ekonomiska
1489 1025 66 29 och
1580 1034 51 20 so-

148 1080 87 29 ciala
251 1079 73 30 råd.
340 1080 65 39 Jag
420 1080 60 29 vill
496 1079 189 29 framhålla
701 1081 49 27 att
768 1080 232 38 grundsatsen
1018 1079 105 29 också
1140 1079 38 29 är
1196 1081 175 37 upptagen
1389 1079 11 29 i
1419 1089 41 19 en
1479 1080 152 28 konven-

147 1133 73 29 tion
242 1142 57 19 om
320 1133 275 39 medborgerliga
616 1133 65 29 och
702 1132 166 40 politiska
889 1133 214 39 rättigheter,
1128 1141 73 21 som
1223 1133 64 28 har
1310 1133 151 39 antagits
1486 1142 41 20 av
1549 1133 82 29 För-

148 1189 80 27 enta
245 1187 232 29 Nationernas
495 1186 357 40 generalförsamling.

193 1240 241 30 Grundsatsen
456 1242 50 28 att
527 1240 71 30 inte
619 1240 129 30 blanda
768 1240 153 30 häktade
943 1240 64 29 och
1029 1240 127 30 dömda
1177 1240 80 30 bärs
1280 1249 70 31 upp
1374 1250 41 20 av
1436 1242 52 28 tre
1508 1241 125 29 intres-

151 1302 74 21 sen:
247 1295 49 29 att
314 1293 152 31 häktade
485 1294 89 30 skall
591 1293 46 31 ha
655 1293 247 40 förmånligare
919 1313 44 2 —
979 1294 11 29 i
1006 1294 98 39 varje
1122 1294 61 30 fall
1202 1294 71 29 inte
1292 1294 112 30 sämre
1420 1312 45 3 —
1480 1293 153 31 behand-

148 1347 73 40 ling
246 1348 44 29 än
314 1347 41 30 de
379 1347 137 35 dömda,
542 1349 50 28 att
616 1347 41 30 de
682 1348 88 29 skall
796 1347 153 40 skyddas
973 1349 72 28 mot
1069 1348 180 39 olämpligt
1274 1347 196 40 inflytande
1494 1347 66 30 och
1583 1349 50 28 att

150 1401 41 29 de
209 1401 71 30 inte
299 1401 89 30 skall
405 1401 192 30 behandlas
617 1410 73 21 som
710 1401 174 30 sakfällda
901 1402 108 29 innan
1028 1401 80 29 dom
1127 1400 192 40 föreligger.
1338 1401 117 40 Enligt
1472 1401 75 30 min
1564 1410 70 21 me-

149 1455 85 39 ning
252 1455 63 30 bör
334 1456 118 39 avsteg
471 1454 80 31 från
571 1454 233 40 grundsatsen
824 1455 121 29 kunna
965 1454 121 40 godtas
1106 1454 38 30 så
1163 1455 100 39 länge
1282 1464 83 20 man
1384 1455 72 30 inte
1475 1454 159 31 kommer

149 1509 12 29 i
179 1509 154 29 konflikt
351 1508 80 30 med
449 1508 41 31 de
508 1509 173 29 intressen
700 1517 74 21 som
794 1508 105 40 enligt
918 1508 57 30 det
995 1508 106 40 sagda
1118 1508 107 40 ligger
1242 1508 128 30 bakom
1390 1508 243 40 grundsatsen.

150 1563 82 29 Man
250 1563 71 29 kan
339 1562 107 30 också
463 1562 147 40 anlägga
628 1562 225 40 synpunkten
872 1564 49 28 att
940 1562 104 39 något
1063 1571 42 20 av
1121 1562 148 30 berörda
1287 1562 173 30 intressen
1478 1562 71 30 kan
1568 1562 66 30 off-

149 1625 57 21 ras
226 1625 55 20 om
302 1618 47 27 ett
369 1617 95 28 ännu
485 1616 158 29 starkare
661 1616 149 29 intresse
829 1616 187 29 motiverar
1037 1615 95 30 detta
1157 1615 39 35 (t.
1212 1624 49 21 ex.
1283 1616 64 29 när
1430 1624 74 21 som
1525 1615 108 30 redan

149 1679 48 20 nu
220 1669 236 30 förekommer
476 1687 44 3 —
542 1669 137 34 dömda,
704 1678 74 20 som
800 1669 39 29 är
861 1670 11 28 1
894 1669 111 30 behov
1029 1678 42 20 av
1092 1669 217 40 psykiatrisk
1332 1669 96 34 vård,
1452 1671 53 27 tas
1528 1669 38 30 in
1588 1669 46 40 på

150 1723 330 39 rättspsykiatriska
501 1723 162 34 kliniker,
686 1723 61 29 där
767 1723 10 29 i
800 1723 110 39 övrigt
931 1723 153 29 häktade
1106 1722 189 34 förvaras).
1319 1723 72 29 Mot
1414 1723 66 29 den
1504 1732 47 20 nu
1575 1732 58 20 an-

151 1776 101 30 förda
267 1777 230 38 bakgrunden
513 1776 61 29 vill
590 1776 60 39 jag
666 1776 125 30 anföra
808 1776 166 39 följande.

193 1830 179 39 Förslaget
397 1830 145 29 innebär
568 1831 49 28 att
643 1830 40 29 de
709 1830 151 29 häktade
887 1830 243 39 exspektanter
1156 1829 44 40 på
1225 1829 94 30 vilka
1345 1830 66 29 den
1438 1830 197 39 föreslagna

149 1884 269 30 bestämmelsen
440 1884 160 30 kommer
623 1884 49 29 att
695 1883 176 40 tillämpas
896 1883 53 30 får
971 1884 112 29 bättre
1107 1883 243 30 förhållanden
1374 1884 44 29 än
1442 1884 41 29 de
1506 1892 128 21 annars

153 1937 112 30 skulle
286 1938 46 29 ha
352 1937 65 30 och
438 1937 185 40 förslagets
646 1937 89 40 syfte
757 1937 38 29 är
815 1937 74 40 just
911 1938 49 29 att
982 1937 120 40 uppnå
1123 1946 42 21 en
1188 1937 109 30 sådan
1319 1937 220 40 förbättring.
1561 1938 73 30 Den

152 1991 199 40 föreslagna
373 1991 229 39 möjligheten
625 1991 90 29 skall
738 1991 71 30 inte
832 1991 122 30 kunna
976 1991 177 40 tillämpas
1176 1991 45 39 på
1245 1991 114 39 någon
1382 1993 87 28 utan
1493 1993 49 28 att
1564 1991 72 30 han

152 2046 63 28 har
234 2045 174 39 samtyckt
425 2045 54 29 till
496 2045 57 30 det
571 2044 65 30 och
652 2045 90 28 hans
761 2044 196 30 försvarare
975 2044 63 29 har
1058 2043 67 30 fått
1143 2043 138 31 tillfälle
1300 2046 50 27 att
1368 2047 95 37 yttra
1482 2045 51 39 sig
1551 2045 11 29 i
1584 2054 51 20 sa-

153 2099 78 30 ken.
250 2098 129 30 Kravet
396 2098 46 40 på
461 2098 179 39 samtycke
659 2107 42 20 av
720 2097 67 31 den
805 2097 152 30 häktade
977 2098 65 29 och
1060 2097 155 31 hörande
1236 2107 41 20 av
1296 2097 222 31 försvararen
1537 2099 100 39 utgör

151 2161 42 20 en
217 2153 134 38 garanti
375 2153 73 28 mot
471 2153 50 28 att
545 2151 67 30 den
633 2151 170 30 häktades
827 2151 245 30 förhållanden
1097 2150 201 31 försämras.
1326 2151 80 30 Som
1429 2151 60 40 jag
1515 2160 120 21 senare

152 2206 89 28 skall
258 2206 123 28 beröra
399 2206 163 28 närmare
580 2205 38 28 är
637 2205 159 29 avsikten
815 2207 50 26 att
885 2205 41 29 de
944 2205 153 29 häktade
1117 2205 244 39 exspektanter
1383 2214 73 20 som
1477 2206 158 28 kommer

151 2261 50 27 att
220 2258 157 30 förvaras
395 2259 10 29 i
425 2258 321 39 fångvårdsanstalt
766 2258 104 39 enligt
891 2258 66 29 den
978 2257 197 40 föreslagna
1193 2258 269 30 bestämmelsen
1484 2258 151 37 alltjämt

153 2312 88 29 skall
263 2321 83 20 vara
369 2312 260 29 underkastade
652 2311 268 30 föreskrifterna
942 2312 9 29 i
979 2311 83 30 1958
1087 2311 56 30 års
1167 2312 288 39 behandlingslag
1480 2312 64 29 och
1570 2312 65 30 den

152 2366 117 28 därtill
287 2365 210 30 anslutande
513 2365 488 39 tillämpningskungörelsen.
1020 2364 90 30 Bara
1127 2366 10 28 i
1158 2365 98 39 fråga
1275 2374 55 20 om
1351 2366 116 29 arbete
1486 2366 64 29 och
1570 2366 66 29 till-

152 2419 191 39 bringande
365 2428 41 20 av
427 2418 99 30 fritid
549 2419 89 29 skall
660 2418 89 40 gälla
771 2419 66 29 vad
860 2427 74 21 som
957 2418 190 30 föreskrivs
1170 2419 10 29 i
1206 2418 83 31 1964
1313 2418 56 31 års
1391 2419 245 40 behandlings-

152 2473 64 39 lag.
241 2472 66 30 För
333 2473 42 29 de
395 2473 154 29 häktade
574 2473 291 38 exspektanterna
890 2473 10 28 i
927 2472 320 39 fångvårdsanstalt
1274 2473 157 29 kommer
1458 2473 102 30 alltså
1586 2475 49 27 att
