1912 2788
456 142 389 31 Jordbruksutskottets
861 139 179 30 utlåtande
1054 146 42 21 nr
1113 139 36 28 11
1166 137 40 30 år
1223 137 82 29 1966
1610 138 13 27 1

815 383 52 36 Nr
896 383 49 35 11

360 490 184 31 Utlåtande
575 490 10 29 i
611 488 189 39 anledning
827 496 43 21 av
896 485 127 40 Kungl.
1051 485 125 39 Maj:ts
1204 481 216 42 proposition
1449 479 178 41 angående

580 541 171 41 reglering
792 550 43 20 av
874 539 159 41 priserna
1074 538 45 39 på
1159 536 72 41 fisk
1273 535 110 30 under
1426 533 203 40 budgetåret

583 597 81 29 1966
672 591 71 50 /67.

185 707 13 29 I
219 716 42 20 en
281 706 53 30 till
354 705 188 39 riksdagen
563 704 68 29 den
651 702 20 30 4
692 711 94 21 mars
811 701 82 30 1966
914 700 148 33 avlåten,
1084 699 53 29 till
1157 696 366 42 jordbruksutskottet
1544 695 85 29 hän-

141 761 98 29 visad
256 759 226 40 proposition,
501 767 42 19 nr
563 757 51 34 56,
632 757 64 29 har
715 755 126 39 Kungl.
860 754 115 39 Maj:t,
995 753 111 30 under
1125 751 219 40 åberopande
1364 759 42 21 av
1423 748 206 41 propositio-

141 823 68 20 nen
226 814 107 38 bilagt
351 813 126 38 utdrag
494 821 43 20 av
555 809 384 40 statsrådsprotokollet
957 808 81 29 över
1055 804 348 41 jordbruksärenden
1422 803 54 29 för
1496 811 135 21 samma

141 869 76 38 dag,
232 866 179 40 föreslagit
424 865 189 39 riksdagen
627 865 51 29 att

186 921 72 30 dels
280 922 83 28 anta
384 919 131 38 förslag
537 919 53 29 till
612 916 205 39 förordning
838 914 179 40 angående
1040 913 134 30 ändrad
1196 912 129 39 lydelse
1347 920 43 21 av
1411 909 220 39 förordning-

143 984 43 20 en
204 975 66 29 den
289 974 39 30 30
348 973 70 39 maj
443 972 82 30 1952
550 972 59 33 (nr
628 970 80 34 320)
731 979 57 20 om
805 969 71 29 viss
894 968 172 39 reglering
1085 976 42 20 av
1145 966 153 29 handeln
1317 965 79 29 med
1415 963 81 34 fisk,
1516 972 45 20 m.
1574 972 56 24 m.,

143 1029 65 29 och
221 1027 179 40 angående
415 1026 142 29 fortsatt
571 1024 157 40 giltighet
742 1032 43 21 av
798 1031 135 21 samma
948 1020 216 39 förordning,

186 1081 73 30 dels
281 1082 83 28 anta
385 1079 131 39 förslag
537 1079 53 29 till
612 1077 206 38 förordning
840 1075 178 39 angående
1042 1073 133 30 ändrad
1198 1072 129 40 lydelse
1349 1081 42 20 av
1415 1071 15 29 1
1457 1070 15 37 8
1497 1069 135 30 förord-

143 1136 128 38 ningen
292 1134 67 30 den
384 1133 37 29 19
443 1132 157 30 februari
623 1130 82 30 1954
733 1131 58 33 (nr
815 1130 57 33 71)
899 1138 57 20 om
977 1128 70 29 rätt
1069 1129 51 28 att
1141 1126 58 30 vid
1221 1125 157 39 taxering
1401 1124 54 30 för
1477 1124 155 29 inkomst

144 1189 102 39 njuta
265 1188 128 38 avdrag
413 1186 54 30 för
486 1186 136 39 belopp,
643 1193 75 21 som
736 1183 144 30 tillförts
899 1182 94 29 vissa
1012 1181 54 29 för
1086 1179 246 41 prisreglering
1351 1178 138 30 bildade
1509 1176 123 30 stiftel-

144 1252 64 25 ser,
223 1252 44 19 m.
281 1251 55 25 m.,

190 1296 72 29 dels
280 1294 209 39 bemyndiga
507 1293 126 38 Kungl.
652 1291 105 39 Maj:t
775 1292 51 28 att
843 1292 23 27 t.
886 1299 29 20 o.
934 1298 45 20 m.
999 1289 67 29 den
1086 1288 39 29 30
1144 1287 79 40 juni
1244 1286 80 30 1967
1345 1285 160 38 förlänga
1523 1284 110 39 giltig-

144 1349 216 30 hetstiderna
382 1347 53 29 för
457 1346 252 38 förordningen
731 1345 66 29 den
820 1344 18 29 5
860 1343 79 39 juni
963 1342 83 29 1953
1074 1342 58 33 (nr
1155 1341 80 33 372)
1262 1339 178 39 angående
1462 1337 171 40 reglering

147 1413 42 21 av
204 1402 169 30 införseln
391 1411 42 19 av
448 1401 93 29 vissa
559 1400 74 38 slag
649 1408 41 20 av
708 1398 70 29 fisk
794 1397 65 29 och
877 1396 162 38 skaldjur
1058 1396 90 28 samt
1166 1393 251 38 förordningen
1434 1392 67 29 den
1520 1391 18 29 5
1557 1390 79 40 juni

148 1456 82 29 1953
260 1456 58 32 (nr
344 1453 80 34 374)
454 1452 179 39 angående
658 1451 171 39 reglering
855 1459 42 20 av
922 1448 174 30 utförseln
1121 1457 43 20 av
1187 1447 93 29 vissa
1306 1446 73 38 slag
1405 1454 42 20 av
1472 1444 72 29 fisk
1569 1444 65 29 och

146 1509 160 39 skaldjur
321 1518 44 19 m.
379 1517 56 24 m.,

190 1562 72 30 dels
285 1561 120 38 medge
427 1561 50 28 att
500 1559 55 29 för
577 1559 95 29 tiden
693 1560 23 27 t.
739 1566 29 20 o.
792 1566 45 20 m.
860 1557 67 28 den
949 1555 40 30 30
1011 1555 79 39 juni
1115 1554 80 29 1967
1219 1552 171 40 reglering
1412 1560 43 21 av
1476 1551 159 39 priserna

148 1617 43 39 på
209 1616 70 29 fisk
296 1615 166 29 ävensom
479 1613 175 39 importen
672 1612 64 28 och
754 1612 166 37 exporten
938 1618 42 20 av
999 1608 71 29 fisk
1088 1617 42 20 av
1146 1607 93 29 vissa
1258 1607 72 38 slag
1347 1606 109 39 jämte
1474 1605 66 29 vad
1559 1604 76 29 där-

148 1671 76 29 med
251 1668 286 36 sammanhänger
564 1666 174 30 anordnas
764 1664 105 37 enligt
895 1663 40 29 de
963 1662 150 38 grunder
1141 1670 74 20 som
1242 1660 174 29 förordats
1443 1659 11 29 i
1481 1657 156 38 proposi-

149 1724 128 32 tionen,

192 1775 72 30 dels
286 1775 64 29 ock
370 1773 209 39 bemyndiga
600 1771 221 38 fullmäktige
840 1771 12 28 i
871 1769 340 39 riksgäldskontoret
1231 1769 49 27 att
1301 1766 110 29 under
1431 1764 206 39 budgetåret

152 1829 147 36 1966/67
322 1830 54 29 för
397 1828 58 29 lån
475 1827 11 29 i
507 1826 156 38 Sveriges
684 1824 209 30 kreditbank
915 1824 72 28 mot
1010 1822 128 38 gängse
1158 1821 103 29 ränta
1282 1819 102 30 ställa
1406 1818 137 39 garanti
1565 1817 73 30 dels

149 1883 35 29 åt
200 1880 236 41 Sydkustfisk,
453 1879 161 38 förening
630 1887 32 20 u.
675 1887 31 30 p.
720 1887 40 24 a.,
777 1876 90 30 intill
883 1877 48 28 ett
947 1875 124 38 belopp
1088 1884 42 19 av
1145 1874 18 29 2
1177 1873 62 29 000
1252 1872 62 30 000
1332 1873 51 28 kr.
1398 1872 111 39 jämte
1525 1871 111 32 ränta,

150 1937 72 29 dels
241 1936 34 28 åt
294 1933 253 33 Västkustfisk,
567 1931 161 38 förening
747 1939 32 20 u.
794 1939 32 30 p.
841 1939 40 24 a.,
901 1929 91 29 intill
1012 1929 47 28 ett
1079 1927 124 39 belopp
1224 1936 41 20 av
1284 1925 18 30 3
1317 1925 62 29 000
1395 1924 62 30 000
1479 1924 51 29 kr.
1550 1924 89 39 jäm-

151 1991 31 28 te
206 1989 111 29 ränta.

192 2038 394 41 Departementschefen
601 2038 63 29 har
679 2036 118 30 anfört
812 2035 167 40 följande.

196 2095 157 29 »Statens
379 2091 327 41 jordbruksnämnd
734 2091 63 28 har
824 2089 88 29 efter
939 2087 287 39 överläggningar
1253 2085 79 30 med
1359 2084 280 39 representanter

153 2149 52 29 för
224 2144 448 41 fiskarorganisationerna,
693 2142 225 30 fiskhandeln
936 2141 65 30 och
1020 2139 178 31 industrin
1216 2139 119 29 funnit
1353 2140 49 27 att
1420 2137 112 29 behov
1551 2136 88 29 före-

152 2202 105 38 ligger
279 2210 41 20 av
342 2199 141 29 fortsatt
504 2197 247 40 prisreglering
771 2197 46 37 på
838 2194 125 40 fiskets
986 2193 152 30 område.
1160 2192 94 30 även
1273 2192 60 39 jag
1355 2200 104 20 anser
1480 2192 51 27 att
1553 2189 86 40 pris-

151 2251 461 42 regleringsverksamheten
629 2250 62 28 bör
709 2247 257 41 upprätthållas
986 2247 111 28 under
1116 2247 102 28 nästa
1235 2244 178 39 budgetår.
1433 2244 12 29 I
1466 2243 172 29 avvaktan

154 2307 41 38 på
216 2306 181 29 resultatet
415 2314 44 20 av
480 2304 57 29 det
559 2303 158 39 uppdrag
739 2303 49 28 att
809 2300 123 30 utreda
953 2298 264 39 utformningen
1238 2307 43 20 av
1300 2296 340 40 prisregleringssys-

154 2361 114 32 temet,
285 2367 75 21 som
375 2355 372 42 jordbruksnämnden
764 2353 148 36 erhållit,
929 2353 61 29 bör
1008 2351 293 40 prisregleringen
1316 2350 45 39 på
1375 2351 91 28 väst-
1482 2349 64 29 och
1564 2348 77 39 syd-

155 2413 126 28 kusten
301 2411 160 30 handhas
482 2410 44 39 på
546 2417 136 22 samma
702 2410 68 28 sätt
790 2417 74 20 som
885 2406 135 34 hittills,
1041 2405 73 29 dvs.
1135 2405 9 29 i
1166 2405 86 29 stort
1274 2405 66 28 sett
1358 2403 11 29 i
1389 2402 154 39 enlighet
1563 2401 77 29 med

156 2466 39 29 de
221 2464 205 30 uttalanden
451 2464 10 29 i
488 2463 118 29 ämnet
633 2470 76 21 som
734 2461 110 39 gjorts
871 2469 41 20 av
939 2457 253 40 föredragande
1219 2455 385 41 departementschefen
1631 2454 10 29 i

188 2539 15 24 1
241 2536 111 29 Bihang
371 2535 46 23 till
434 2533 170 30 riksdagens
621 2532 147 31 protokoll
787 2531 75 24 1966.
881 2531 31 22 10
930 2530 83 23 saml.
1030 2529 40 23 Nr
1090 2532 29 21 11
