1848 2776
228 182 42 29 26

227 259 66 30 kar
314 261 134 29 mindre
468 262 45 28 än
534 271 45 20 en
599 262 167 40 tredjedel
788 263 172 31 behandla
980 265 88 29 även
1090 266 179 30 motioner.
1293 267 80 30 Man
1395 268 116 30 finner
1532 269 117 30 vidare
1672 279 41 20 av

227 312 114 40 bilaga
357 313 30 34 2,
403 316 50 27 att
470 315 259 30 statsutskottet
746 316 127 30 mellan
890 317 82 30 åren
993 318 82 29 1952
1093 320 65 28 och
1176 319 82 30 1956
1275 320 187 40 nedbragte
1480 322 131 30 antalet
1629 322 84 29 bud-

226 366 303 38 getbetänkanden
551 368 111 30 under
679 369 241 30 vårsessionen
941 371 79 29 från
1043 372 61 29 124
1123 373 51 29 till
1196 372 39 29 97
1257 374 64 28 och
1341 376 50 28 att
1411 374 128 30 siffran
1560 375 153 30 därefter

226 419 150 30 varierat
393 421 162 39 omkring
575 421 70 30 100.
664 423 51 28 En
733 423 399 42 arbetsrationalisering
1148 426 65 29 har
1230 426 102 34 skett,
1351 428 64 28 och
1433 427 169 31 siffrorna
1620 429 92 30 visar

225 474 51 27 att
300 473 66 29 den
389 473 69 30 kan
482 473 138 31 dateras
644 475 51 29 till
720 485 136 21 samma
877 476 37 30 år
939 486 76 21 som
1039 478 302 39 departementens
1365 481 282 40 rationalisering
1670 492 42 19 av

223 526 496 39 propositionsavlämnandet.

269 583 226 31 Beträffande
510 586 280 30 statsutskottets
805 587 226 40 avdelningar
1046 589 176 30 redovisas
1238 590 10 29 i
1264 590 113 40 bilaga
1394 591 18 29 2
1429 592 209 39 ytterligare,
1657 593 55 29 för

224 644 137 22 samma
381 637 39 29 år
438 646 76 21 som
534 639 95 29 förut
651 641 102 37 sagts,
775 640 73 29 dels
868 642 94 28 antal
982 641 246 31 betänkanden
1249 653 43 20 av
1313 644 92 29 olika
1426 647 98 36 typer
1545 646 79 29 med
1645 646 65 29 och

224 691 85 28 utan
326 691 180 34 motioner,
523 691 74 30 dels
614 693 94 29 antal
725 694 172 29 motioner
912 703 76 20 som
1003 695 206 30 behandlats
1226 696 10 29 i
1254 696 102 30 dessa
1371 697 256 31 betänkanden.
1645 699 64 29 Det

221 742 41 29 är
279 743 213 40 nödvändigt
509 747 51 27 att
578 746 263 30 sammanställa
859 747 68 30 alla
944 747 102 30 dessa
1065 749 184 39 uppgifter,
1268 758 59 20 om
1344 759 43 20 en
1404 751 216 30 rättvisande
1637 752 71 29 bild

221 804 44 20 av
282 796 291 40 avdelningarnas
594 798 312 41 arbetsbelastning
926 800 88 30 skall
1035 802 160 29 erhållas.

266 848 131 31 Genom
415 852 50 28 att
484 851 142 30 studera
644 852 296 31 siffermaterialet
957 854 11 29 i
986 854 114 39 bilaga
1118 855 19 29 2
1155 855 64 30 når
1237 865 82 20 man
1338 856 157 40 följande
1514 858 193 30 slutsatser.

220 902 302 40 Avdelningarnas
539 904 314 42 arbetsbelastning
868 907 38 29 är
923 907 139 39 mycket
1080 908 103 29 olika.
1200 909 118 30 Andra
1336 910 230 40 avdelningen
1584 912 40 28 är
1641 912 65 29 den

220 955 93 30 klart
334 959 88 27 mest
442 957 257 40 arbetstyngda,
721 959 144 30 därnäst
886 960 66 29 den
974 961 110 39 tredje
1107 971 74 19 som
1202 962 167 30 likaledes
1390 963 65 30 har
1475 973 42 20 en
1539 965 168 38 ojämför-

220 1008 62 39 ligt
300 1009 110 30 större
427 1010 227 31 arbetsbörda
672 1012 45 28 än
735 1012 41 30 de
795 1012 117 40 övriga
929 1015 62 28 tre.
1010 1014 119 30 Femte
1148 1015 228 40 avdelningen
1396 1017 64 29 har
1477 1017 78 29 haft
1573 1027 43 20 en
1636 1018 70 29 sär-

218 1061 94 30 skild
333 1063 175 40 ställning.
529 1064 76 29 Den
625 1073 60 21 var
706 1065 147 30 sålunda
874 1066 11 29 i
905 1067 187 38 periodens
1111 1067 125 40 början
1256 1069 11 29 i
1288 1069 184 40 väsentligt
1495 1070 136 31 mindre
1653 1073 53 28 ut-

219 1115 204 40 sträckning
437 1116 45 29 än
499 1116 41 30 de
558 1117 110 30 andra
685 1119 191 38 engagerad
893 1120 11 28 i
921 1120 56 29 det
994 1120 165 30 ordinära
1175 1121 262 40 budgetarbetet
1455 1125 85 28 utan
1558 1123 146 31 beredde

216 1167 11 29 i
251 1168 116 30 stället
389 1169 151 31 flertalet
562 1180 44 20 av
626 1170 42 30 de
690 1171 52 30 till
765 1172 259 31 statsutskottet
1047 1174 190 30 hänvisade
1261 1175 190 30 fristående
1475 1177 228 30 motionerna.

217 1221 118 30 Under
354 1222 243 31 vårsessionen
621 1224 81 29 1952
723 1233 108 31 avgav
851 1226 229 39 avdelningen
1103 1227 147 31 sålunda
1271 1228 71 30 inte
1365 1229 136 30 mindre
1522 1230 44 29 än
1588 1230 42 29 24
1652 1233 52 27 ut-

216 1274 167 30 låtanden
399 1276 80 29 över
494 1277 125 29 endast
635 1278 181 34 motioner,
833 1288 41 20 en
892 1279 103 30 siffra
1012 1289 75 20 som
1104 1281 191 29 emellertid
1312 1282 105 39 sjönk
1433 1283 52 29 till
1507 1283 38 29 14
1563 1283 39 30 år
1621 1284 82 29 1956

216 1328 66 29 och
297 1328 51 29 till
365 1328 18 30 8
399 1328 39 30 år
455 1329 81 30 1960
554 1330 55 29 för
624 1333 50 28 att
689 1331 152 30 därefter
857 1333 147 38 ungefär
1018 1336 176 28 motsvara
1210 1334 41 30 de
1267 1335 117 39 övriga
1400 1336 302 40 avdelningarnas.

214 1380 135 30 Genom
369 1382 295 40 överflyttningen
687 1384 50 30 dit
759 1394 43 20 av
822 1386 117 29 tionde
961 1386 223 30 huvudtiteln
1207 1387 39 30 år
1271 1388 83 29 1964
1377 1389 72 29 fick
1472 1390 230 40 avdelningen

214 1443 43 20 en
281 1434 235 36 arbetsbörda,
541 1446 75 19 som
639 1438 166 29 närmade
829 1438 65 30 den
918 1439 51 30 till
990 1440 117 39 fjärde
1130 1440 239 40 avdelningen,
1392 1442 117 30 vilken
1533 1443 11 29 i
1567 1443 54 30 sin
1645 1446 57 27 tur

215 1496 103 30 synes
336 1488 44 30 ha
398 1489 240 40 ungefärligen
657 1491 72 29 lika
746 1493 73 27 stor
836 1492 225 30 arbetsbörda
1081 1502 74 21 som
1174 1494 66 30 den
1258 1495 121 38 första.
1398 1495 66 31 Det
1481 1496 63 29 bör
1562 1497 140 30 anteck-

213 1549 75 26 nas,
311 1543 50 28 att
383 1542 105 30 femte
510 1543 230 40 avdelningen
761 1545 51 29 till
835 1545 89 39 följd
944 1555 43 20 av
1008 1546 42 29 de
1074 1547 138 39 nyligen
1235 1548 227 39 genomförda
1484 1550 217 31 reformerna

212 1593 151 31 rörande
384 1596 376 39 statstjänstemännen
781 1598 159 30 kommer
960 1601 51 28 att
1032 1600 43 28 fr.
1090 1609 29 20 o.
1134 1610 44 19 m.
1204 1601 81 29 1966
1308 1601 56 29 års
1386 1602 143 40 riksdag
1550 1603 149 40 avlyftas

212 1647 130 30 största
361 1648 98 30 delen
478 1658 43 21 av
538 1649 255 40 lönefrågorna,
812 1652 93 29 vilka
924 1653 133 39 utgjort
1076 1662 43 20 en
1138 1653 109 40 viktig
1265 1654 54 30 del
1338 1664 43 20 av
1399 1655 78 30 dess
1496 1656 204 40 arbetsupp-

212 1700 115 38 gifter.

255 1754 60 29 Att
353 1755 173 39 övriga
564 1757 238 39 ständiga
840 1759 198 29 utskott
1077 1760 166 39 tilldragit
1270 1761 52 39 sig
1349 1762 135 29 mindre
1512 1762 148 31 intresse
1688 1763 11 29 i

210 1806 229 31 förevarande
459 1810 256 39 sammanhang
733 1811 65 29 har
816 1811 107 30 redan
943 1812 193 30 anmärkts.
1157 1813 236 40 Utredningen
1414 1815 70 29 kan
1504 1815 195 31 inskränka

212 1860 51 39 sig
278 1860 51 29 till
346 1861 106 39 några
467 1861 215 31 kortfattade
699 1864 131 29 notiser
844 1874 42 20 av
900 1865 131 29 allmän
1048 1866 168 30 karaktär
1230 1867 148 30 rörande
1396 1868 244 31 förhållanden
1656 1879 42 20 av

208 1912 176 40 betydelse
404 1914 54 29 för
476 1915 66 29 den
563 1916 248 39 efterföljande
830 1917 316 40 framställningen.

252 1966 93 30 Från
366 1967 41 29 de
427 1968 65 29 här
511 1968 156 30 aktuella
687 1970 275 38 synpunkterna,
984 1972 206 39 riksdagens
1212 1973 116 30 arbete
1350 1975 65 28 och
1437 1975 258 35 arbetsformer,

207 2019 41 29 är
269 2020 308 31 utrikesutskottet
596 2031 43 20 av
658 2023 98 39 ringa
776 2023 148 31 intresse
944 2025 67 29 och
1030 2025 72 30 kan
1122 2025 120 30 därför
1262 2026 164 40 förbigås.
1447 2028 140 30 Antalet
1608 2029 89 30 utlå-

208 2073 131 29 tanden
355 2074 64 29 har
434 2075 151 30 varierat
602 2076 127 29 mellan
748 2076 38 29 17
804 2078 64 28 och
885 2077 29 29 5.

250 2135 435 32 Konstitutionsutskottet
704 2139 65 29 har
789 2149 43 19 en
854 2140 150 29 särskild
1027 2141 165 39 ställning
1213 2150 124 31 genom
1360 2143 52 29 sin
1434 2144 261 40 handläggning

204 2196 42 20 av
267 2189 368 40 statsrådsdechargen
657 2192 63 28 och
742 2192 53 29 sin
816 2193 221 30 initiativrätt
1059 2194 44 38 på
1124 2194 55 30 det
1200 2195 303 31 konstitutionella
1525 2198 167 30 området.

206 2241 65 29 Det
292 2241 63 30 bör
375 2243 202 34 antecknas,
599 2246 50 27 att
669 2245 106 39 enligt
795 2246 66 28 vad
883 2254 74 21 som
979 2247 160 38 upplysts
1162 2248 168 30 utskottet
1352 2249 164 39 planerar
1536 2252 50 28 att
1608 2260 86 30 upp-

204 2295 80 38 taga
306 2295 455 40 dechargeverksamhetens
785 2298 130 30 former
935 2300 65 29 och
1022 2300 178 30 allmänna
1223 2302 236 40 uppläggning
1480 2303 51 29 till
1554 2304 139 30 övervä-

205 2348 111 38 gande
338 2348 78 29 med
438 2349 143 30 särskilt
602 2350 195 31 beaktande
819 2361 42 20 av
881 2352 66 29 den
968 2353 114 29 under
1103 2362 120 22 senare
1245 2354 39 29 år
1305 2355 61 29 allt
1389 2356 157 29 starkare
1568 2357 124 30 inrikt-

204 2400 129 40 ningen
353 2401 44 38 på
417 2403 217 39 granskning
654 2413 41 20 av
717 2404 302 39 departementens
1041 2406 280 31 administrativa
1343 2408 127 39 praxis.
1493 2408 120 31 Redan
1635 2410 57 30 vid

203 2453 236 31 innevarande
464 2455 216 30 höstsession
705 2457 65 29 har
794 2458 65 29 den
885 2458 251 40 förändringen
1162 2461 225 38 genomförts,
1414 2463 50 28 att
1490 2462 131 30 arbetet
1647 2463 45 38 på

203 2507 102 30 nästa
323 2507 56 30 års
397 2507 391 41 dechargebetänkande
807 2511 190 39 igångsatts
1017 2512 107 29 redan
1144 2513 10 28 i
1172 2513 125 39 början
1316 2523 43 20 av
1376 2515 187 29 november
1567 2503 17 53 i
1610 2516 81 29 stäl-
