1878 2812
286 188 39 29 10
743 188 259 27 Bankoutskottets
1026 186 151 28 utlåtande
1200 195 35 18 nr
1258 186 47 26 42.

95 269 150 48 Utskottet.
327 270 122 30 Såsom
474 279 41 20 av
538 269 67 30 den
631 268 162 31 lämnade
818 267 245 39 redogörelsen
1086 265 167 40 framgår,
1277 266 64 30 har
1363 265 200 30 Andersson
1586 265 151 30 kommit
1761 265 10 29 i

283 323 207 39 åtnjutande
513 332 42 20 av
582 321 148 40 pension
755 321 107 38 enligt
888 321 42 30 de
957 320 161 39 grunder,
1146 329 74 20 som
1247 318 184 31 fastställts
1462 318 5 30 i
1494 318 173 30 samband
1690 318 81 30 med

282 376 263 31 domänverkets
572 374 319 40 skogsindustriella
919 374 142 30 rörelses
1088 372 221 31 överlåtande
1335 371 20 31 å
1382 371 235 39 Aktiebolaget
1644 374 126 27 statens

282 429 298 39 skogsindustrier.
615 428 169 31 Utskottet
804 427 115 30 finner
940 427 49 38 sig
1010 426 57 30 vid
1087 425 125 31 sådant
1230 425 219 30 förhållande
1469 425 75 30 icke
1565 424 121 31 kunna
1706 424 64 30 till-

282 483 117 39 styrka
419 482 114 39 någon
552 481 122 40 åtgärd
693 482 9 30 i
724 482 41 29 de
782 481 124 29 väckta
926 480 233 30 motionernas
1180 479 97 38 syfte.
1310 479 13 29 I
1345 478 185 39 anledning
1548 487 44 21 av
1611 478 69 30 vad
1696 486 73 21 mo-

280 536 197 30 tionärerna
499 535 116 30 anfört
636 535 130 35 därom,
789 538 48 27 att
858 534 213 29 Anderssons
1094 533 290 29 arbetskamrater
1405 530 65 31 fått
1492 531 74 30 sina
1589 530 183 40 pensioner

283 590 173 38 reglerade
475 589 103 38 enligt
601 589 82 29 1942
705 587 54 31 års
779 586 516 39 arbetarpensionsreglemente,
1316 584 56 31 får
1390 585 165 30 utskottet
1575 583 195 36 framhålla,

282 645 50 28 att
352 643 94 30 detta
468 642 296 37 sammanhänger
783 640 156 35 därmed,
959 643 50 27 att
1031 639 107 30 sedan
1160 638 171 30 Granviks
1352 637 59 40 såg
1432 637 39 31 år
1492 638 83 30 1943
1596 637 175 30 nedbrun-

283 696 62 36 nit,
365 696 91 30 vissa
475 705 42 20 av
536 695 188 30 arbetarna
743 693 165 31 återförts
927 693 10 30 i
957 693 108 39 tjänst
1085 693 64 29 hos
1169 691 262 31 domänverket.

326 744 225 44 Åberopande
573 748 56 30 det
649 747 146 31 anförda
817 747 196 30 hemställer
1033 746 175 35 utskottet,

635 859 49 27 att
712 854 227 30 förevarande
968 852 169 31 motioner
1167 852 84 29 I:58
1282 852 64 29 och
1377 851 45 30 II:
1440 852 58 29 107
1528 850 77 31 icke
1633 850 57 31 må
1720 850 50 30 till

590 907 116 40 någon
730 907 200 38 riksdagens
954 905 121 40 åtgärd
1098 905 190 30 föranleda.

325 998 200 31 Stockholm
551 998 66 29 den
643 998 20 29 9
689 996 70 39 maj
788 997 93 29 1946.

760 1084 48 31 På
825 1084 300 31 bankoutskottets
1145 1083 142 38 vägnar:

797 1155 182 31 HARALD
1004 1149 249 35 ÅKERBERG.

320 1434 57 28 Vid
399 1433 186 28 förestående
605 1432 124 28 ärendes
748 1431 239 34 slutbehandling
1009 1431 81 27 inom
1111 1430 139 27 utskottet
1271 1429 76 29 hava
1368 1429 131 28 närvarit

320 1487 71 28 från
426 1486 148 28 första
608 1486 194 26 kammaren:
829 1484 109 27 herrar
964 1484 179 32 Carlström,
1169 1480 170 35 Sundvik",
1365 1481 231 36 Friggerdkert,
1623 1480 148 34 Leander,

281 1532 90 34 Edin,
390 1531 174 33 Lindblom,
583 1529 196 29 Fahlander"
800 1529 59 27 och
878 1529 177 27 Andersson
1075 1528 9 27 i
1103 1524 199 35 Tidaholm”;

320 1594 69 28 från
419 1594 131 27 andra
579 1593 187 27 kammaren:
796 1592 105 26 herrar
929 1591 158 33 Svedman,
1117 1590 137 33 Paulsen,
1283 1589 169 27 Andersson
1481 1589 7 27 i
1520 1587 251 35 Munkaljungby,

281 1638 182 34 Mattsson",
480 1638 159 27 Johnsson
658 1637 9 27 i
687 1634 294 37 Kastanjegården”,
999 1634 171 35 Sundberg,
1191 1642 60 19 von
1268 1631 92 29 Seth"
1379 1633 59 27 och
1458 1633 135 27 Gavelin.

318 1726 13 15 +
352 1726 36 33 Ej
405 1725 181 26 närvarande
603 1725 48 25 vid
667 1723 175 27 utlåtandets
860 1723 150 33 justering.

708 2500 237 28 Centraltryckeriet,
968 2499 90 25 Esselte
1078 2502 37 21 ab.
1137 2502 138 21 Stockholm
1295 2497 51 26 1946

976 2541 102 22 642028
