1876 2834
313 183 19 31 4
475 181 119 31 Andra
615 181 204 31 kammarens
839 180 134 31 andra
994 178 169 39 tillfälliga
1182 178 142 30 utskotts
1344 177 171 30 utlåtande
1535 176 49 30 Nr
1603 178 28 28 5.

398 272 122 31 Genom
543 271 112 30 remiss
677 270 64 30 den
765 270 38 29 13
826 268 147 31 februari
998 269 79 29 1942
1100 268 61 30 har
1181 271 126 27 statens
1329 264 387 32 livsmedelskommission.
1740 274 53 20 an-

313 317 125 30 modats
456 316 118 38 avgiva
593 315 170 31 utlåtande
783 316 76 29 över
877 325 37 20 en
932 314 88 30 inom
1040 313 189 37 riksdagens
1247 311 106 31 andra
1368 311 165 30 kammare
1549 310 97 31 väckt
1663 309 131 36 motion,

313 372 41 20 nr
377 362 46 39 92,
448 361 169 38 angående
641 359 187 31 inrättande
851 360 87 29 inom
960 358 336 37 kristidsstyrelserna
1317 366 42 20 av
1380 356 67 31 s.k.
1471 353 325 40 produktionsavdel-

314 407 124 37 ningar.
474 407 15 28 I
513 405 178 37 anledning
713 405 103 30 härav
838 404 54 30 får
913 402 443 37 livsmedelskommissionen,
1379 411 67 20 som
1468 402 77 28 över
1566 399 163 31 motionen
1750 399 46 30 in-

314 451 128 32 fordrat
469 450 353 38 kristidsstyrelsernas
848 448 185 39 yttranden,
1062 449 102 29 såsom
1193 446 171 31 utlåtande
1391 446 10 30 i
1430 445 134 31 ärendet
1591 444 117 30 anföra
1736 444 60 29 föl-

312 492 108 46 jande.
1469 530 3 4 |

399 553 46 30 På
460 553 110 32 grund
584 563 40 20 av
640 553 83 30 olika
739 551 284 38 omständigheter,
1040 552 10 29 i
1066 552 137 29 främsta
1219 554 141 27 rummet
1373 549 39 31 de
1427 549 55 30 två
1496 551 81 28 sista
1592 548 93 30 årens
1700 556 97 28 svaga

315 598 214 30 skördeutfall
545 597 74 31 med
637 597 101 31 därav
754 597 148 37 följande
918 596 104 31 behov
1039 606 40 20 av
1095 606 38 20 en
1150 605 89 20 mera
1255 593 276 39 genomgripande
1548 592 248 38 jordbruksreg-

317 642 111 38 lering,
450 642 43 31 ha
513 641 336 38 jordbruksfrågorna
869 641 228 37 otvivelaktigt
1116 640 135 30 kommit
1271 643 50 27 att
1340 642 106 34 uppta
1465 639 105 30 större
1589 637 88 37 plats
1696 636 100 30 bland

316 687 349 37 kristidsstyrelsernas
687 686 281 37 arbetsuppgifter
988 687 42 28 än
1052 686 63 30 vad
1135 694 76 20 man
1232 684 56 30 vid
1309 683 91 31 tiden
1421 683 55 30 för
1494 681 303 38 kristidsstyrelser-

315 741 58 21 nas
392 731 202 31 tillsättande
611 731 101 37 ansåg
729 730 50 38 sig
796 730 42 30 ha
853 730 180 37 anledning
1050 733 128 34 antaga.
1208 729 92 30 Inom
1318 728 82 31 vissa
1417 727 292 37 kristidsstyrelser
1724 725 74 31 blev

316 776 359 37 jordbrukareinslaget
695 776 117 30 därför
832 776 76 29 från
928 774 120 38 början
1068 775 67 30 icke
1156 774 34 30 så
1209 774 114 36 starkt,
1344 783 68 20 som
1431 782 41 21 av
1491 781 113 21 senare
1622 770 175 31 inträffade

316 821 229 30 förhållanden
563 821 161 30 måhända
745 824 123 26 ansetts
886 820 156 37 påkallat.
1072 817 449 32 Livsmedelskommissionen
1539 817 61 29 har
1618 815 180 31 emellertid

314 866 157 37 begagnat
494 866 148 31 tillfället
663 869 50 26 att
733 865 57 30 vid
812 864 264 39 uppkommande
1096 864 157 30 vakanser
1271 863 99 31 utöka
1391 862 123 31 antalet
1534 864 264 35 representanter

317 912 53 29 för
390 910 194 38 jordbruket
604 911 86 29 inom
710 910 40 31 de
770 910 300 38 kristidsstyrelser,
1091 910 60 30 där
1169 908 103 31 behov
1292 919 40 20 av
1352 918 39 20 en
1410 906 102 32 sådan
1533 906 122 36 ökning
1674 908 123 27 ansetts

316 955 167 38 föreligga.
520 955 64 30 Det
609 954 59 31 bör
692 954 181 31 emellertid
896 954 180 37 bemärkas,
1102 957 49 27 att
1174 952 333 38 kristidsstyrelserna
1532 969 42 5 —
1597 952 115 29 utöver
1736 949 62 31 den

316 999 204 38 sakkunskap
537 1009 68 21 som
621 999 110 30 finnes
746 999 88 30 inom
849 999 198 37 styrelserna
1062 1018 41 3 —
1118 998 130 38 jämlikt
1264 998 38 29 12
1319 995 18 38 $
1354 996 112 38 fjärde
1480 996 128 37 stycket
1623 995 10 30 i
1649 994 149 39 gällande

318 1043 192 38 kungörelse
531 1054 53 20 om
606 1044 290 37 kristidsstyrelser
916 1044 62 37 äga
998 1046 51 27 att
1071 1043 54 30 för
1145 1043 128 30 kortare
1294 1041 51 32 tid
1367 1042 78 30 eller
1465 1041 55 30 för
1541 1041 82 30 visst
1644 1039 155 38 uppdrag

317 1089 103 30 anlita
441 1089 139 30 utanför
600 1089 196 37 styrelserna
816 1088 132 31 stående
968 1087 215 38 sakkunniga.
1205 1088 119 29 Denna
1343 1085 173 38 möjlighet
1537 1085 43 30 ha
1599 1084 200 37 kristidssty-

317 1133 142 31 relserna
474 1133 160 38 begagnat
649 1133 49 38 sig
712 1143 41 20 av
769 1133 143 29 framför
925 1132 61 31 allt
999 1131 59 31 vid
1071 1131 179 38 beredning
1265 1141 39 21 av
1319 1131 161 37 viktigare
1495 1129 303 39 jordbruksfrågor,

317 1178 41 30 då
374 1177 159 31 särskilda
550 1177 203 38 sakkunniga
769 1177 72 30 ofta
855 1176 180 31 tillkallats.
1053 1175 446 31 Livsmedelskommissionen
1513 1175 64 30 har
1590 1175 91 35 även,
1697 1174 100 30 såsom

317 1223 52 30 till
387 1222 146 38 exempel
551 1224 62 29 när
631 1223 56 30 det
705 1222 93 31 förra
816 1222 69 30 året
903 1221 107 38 gällde
1029 1225 50 27 att
1096 1221 175 31 bestämma
1289 1220 221 37 uttagningen
1528 1229 40 20 av
1587 1218 212 38 foderspann-

317 1266 73 38 mål,
422 1266 156 31 anmodat
608 1266 332 38 kristidsstyrelserna
971 1269 50 28 att
1051 1266 134 30 rådföra
1205 1265 50 38 sig
1274 1265 75 30 med
1369 1263 430 38 hushållningssällskapens

317 1311 198 38 tjänstemän
534 1312 60 30 och
612 1311 105 31 andra
732 1311 207 38 sakkunniga
955 1321 164 27 personer.
1140 1311 15 29 I
1174 1310 91 31 detta
1282 1309 232 37 sammanhang
1532 1309 53 29 må
1603 1309 82 29 även
1703 1308 96 37 påpe-

317 1356 65 36 kas,
402 1359 49 27 att
470 1355 342 38 jordbruksärendena
828 1374 41 3 —
884 1355 102 31 sedan
1003 1355 55 32 det
1075 1364 112 28 genom
1206 1354 123 37 Kungl.
1348 1353 215 38 kungörelsen
1582 1353 10 30 i
1610 1353 108 30 ämnet
1736 1351 61 31 den

318 1401 39 29 28
377 1400 73 37 juni
472 1401 90 37 1940,
583 1410 40 20 nr
642 1401 68 37 643,
731 1400 122 31 beretts
872 1400 173 38 möjlighet
1064 1400 54 30 för
1135 1399 331 37 kristidsstyrelserna
1487 1401 50 28 att
1556 1397 10 30 i
1584 1397 66 30 viss
1669 1396 130 31 omfatt-

318 1445 77 37 ning
417 1445 144 31 överlåta
581 1445 289 37 handläggningen
892 1454 41 20 av
954 1444 143 31 ärenden
1120 1444 51 30 till
1193 1443 219 38 delegationer
1433 1444 85 29 inom
1540 1442 198 38 styrelserna
1758 1460 42 4 -—

318 1490 86 30 inom
428 1490 55 30 det
504 1493 90 27 stora
618 1490 144 31 flertalet
784 1489 292 38 kristidsstyrelser
1097 1489 9 29 i
1129 1488 176 31 allmänhet
1326 1487 203 38 handläggas
1551 1497 40 20 av
1614 1497 23 20 s.
1659 1487 30 29 k.
1713 1485 87 38 jord-

319 1533 328 38 bruksdelegationer,
674 1535 50 30 uti
748 1534 88 30 vilka
860 1534 213 36 styrelsernas
1097 1533 443 37 jordbruksrepresentanter
1563 1532 78 33 ingå
1665 1531 58 31 och
1748 1531 52 30 till

317 1578 88 30 vilka
421 1578 165 31 dessutom
603 1579 68 31 ofta
686 1579 127 30 knutits
829 1579 105 31 andra
949 1578 140 31 rörande
1106 1577 295 39 jordbruksfrågor
1416 1576 206 37 sakkunniga
1635 1585 164 29 personer,

317 1622 11 30 i
348 1623 138 30 främsta
505 1628 140 26 rummet
665 1626 261 34 representanter
944 1624 54 29 för
1016 1622 422 38 hushållningssällskapen.
1459 1622 16 29 I
1496 1620 304 39 jordbruksdelega-

318 1667 164 31 tionernas
521 1667 263 31 sammanträden
820 1667 129 38 deltaga
988 1667 164 31 dessutom
1189 1667 224 38 regelmässigt
1449 1665 351 38 kristidsstyrelsernas

318 1711 318 40 spannmålsombud,
654 1712 89 30 vilka
761 1722 114 27 genom
891 1712 70 31 sina
977 1721 90 21 resor
1084 1712 10 29 i
1111 1711 88 31 länet
1215 1711 43 30 ha
1272 1711 133 31 tillfälle
1421 1714 49 28 att
1486 1710 86 38 följa
1587 1709 213 38 jordbrukar-

317 1766 58 21 nas
400 1756 193 39 inställning
619 1757 52 30 till
698 1757 38 31 de
763 1757 144 30 aktuella
932 1756 345 38 jordbruksfrågorna,
1304 1756 96 30 Vissa
1423 1754 292 38 kristidsstyrelser
1739 1755 61 37 äga

318 1801 163 31 dessutom
499 1801 141 38 tillgång
657 1802 51 31 till
725 1801 383 38 jordbrukssakkunniga
1125 1801 209 38 tjänstemän.

401 1859 52 29 Av
476 1858 66 31 vad
565 1869 82 20 ovan
670 1860 127 30 anförts
820 1859 91 32 torde
933 1860 41 31 ha
998 1859 169 38 framgått,
1191 1863 51 27 att
1265 1858 64 31 vad
1351 1858 204 31 motionären
1579 1857 126 38 åsyftat
1727 1856 74 31 med

318 1903 58 30 sitt
397 1903 124 38 förslag
541 1913 51 20 om
612 1903 188 31 inrättande
820 1913 39 21 av
878 1903 433 39 produktionsavdelningar
1329 1904 84 30 inom
1433 1902 337 38 kristidsstyrelserna
1790 1901 11 30 i

317 1951 82 27 stort
419 1951 63 27 sett
503 1947 100 31 redan
621 1947 96 32 blivit
738 1948 184 38 genomfört
941 1949 79 30 eller
1039 1949 91 31 torde
1148 1948 114 30 kunna
1281 1948 208 38 genomföras
1508 1948 88 30 inom
1616 1956 111 21 ramen
1747 1946 54 30 för

318 1991 63 31 den
399 1991 192 31 nuvarande
611 1992 263 37 organisationen
891 2002 41 21 av
950 1992 343 39 kristidsstyrelserna.
1313 1993 74 31 Vad
1404 1992 133 31 särskilt
1556 1991 102 39 gäller
1676 1991 61 31 den
1755 2000 46 21 nu

318 2035 141 31 aktuella
480 2036 122 37 frågan
623 2046 50 20 om
694 2036 437 39 jordbruksproduktionens
1149 2037 164 37 utökning
1332 2037 59 30 och
1410 2042 81 27 mest
1511 2036 158 38 lämpliga
1687 2035 115 31 inrikt-

318 2083 80 38 ning
412 2084 37 30 är
464 2083 11 31 i
492 2084 106 30 första
615 2084 88 30 hand
720 2087 48 28 ett
784 2084 111 30 intimt
910 2083 182 31 samarbete
1106 2083 73 30 med
1194 2081 416 39 hushållningssällskapen
1626 2090 41 21 av
1682 2081 119 30 största

317 2127 174 38 betydelse,
513 2129 80 29 enär
613 2128 415 38 hushållningssällskapen
1047 2127 69 31 icke
1134 2127 82 31 blott
1235 2128 62 37 äga
1316 2137 39 21 en
1374 2126 160 38 ingående
1550 2125 181 31 kännedom
1751 2134 50 21 om

318 2171 194 38 jordbruket
527 2172 87 31 inom
629 2172 71 31 sina
715 2171 379 32 verksamhetsområden
1107 2175 80 27 utan
1203 2171 164 38 därjämte
1381 2180 114 28 genom
1511 2170 71 31 sina
1597 2168 204 39 sakkunniga

318 2215 200 38 tjänstemän
540 2216 112 31 kunna
675 2217 110 30 lämna
807 2216 332 39 kristidsstyrelserna
1161 2220 47 27 ett
1230 2216 182 31 värdefullt
1432 2215 130 31 biträde
1583 2214 57 31 vid
1662 2213 140 32 förbere-

319 2263 105 32 dande
445 2264 59 30 och
524 2263 243 31 verkställande
787 2273 40 21 av
845 2262 85 31 olika
949 2259 450 40 produktionsbefrämjande
1417 2259 164 38 åtgärder.
1602 2258 116 38 Enligt
1737 2257 65 31 vad

319 2308 54 30 för
389 2308 251 30 kommissionen
659 2307 93 30 förut
770 2308 38 29 är
825 2307 79 30 känt
922 2307 59 30 och
999 2316 68 21 som
1085 2305 123 38 jämväl
1227 2305 149 37 framgår
1394 2314 41 21 av
1451 2303 352 38 kristidsstyrelsernas

318 2352 178 38 yttranden
518 2353 75 29 över
614 2351 172 38 motionen,
808 2351 60 30 har
888 2354 46 28 ett
955 2354 70 34 gott
1046 2349 178 32 samarbete
1244 2349 120 31 mellan
1384 2348 337 38 kristidsstyrelserna
1742 2347 59 30 och

318 2396 412 38 hushållningssällskapen
751 2395 241 38 genomgående
1011 2394 135 31 kommit
1165 2394 52 30 till
1236 2393 107 31 stånd.
1364 2393 122 31 Genom
1507 2392 88 32 detta
1614 2391 187 38 samarbete,

318 2451 66 21 som
407 2441 42 38 på
471 2441 73 31 sina
566 2441 67 30 håll
655 2440 93 31 torde
770 2440 112 30 kunna
902 2439 193 38 ytterligare
1117 2438 174 37 utvecklas,
1315 2438 61 30 har
1395 2447 78 20 man
1493 2437 184 37 säkerligen
1698 2437 103 30 större

318 2485 170 40 möjlighet
512 2488 50 29 att
587 2484 121 39 främja
732 2483 420 41 jordbruksproduktionen
1175 2482 106 33 under
1302 2482 119 32 kristid
1442 2483 42 31 än
1506 2491 116 30 genom
1643 2484 50 30 att
1714 2482 88 31 över-
