1878 2832
270 179 18 33 2
436 179 117 32 Andra
573 178 204 32 kammarens
796 176 137 32 andra
953 172 168 42 tillfälliga
1140 173 142 32 utskotts
1302 172 171 32 utlåtande
1493 171 49 31 Nr
1561 173 28 29 5.

351 268 165 32 Utskottet
538 268 54 30 får
612 267 115 32 därför
748 265 175 39 hemställa,

649 350 49 29 att
720 346 119 32 motion
861 355 43 22 nr
926 345 103 31 II:92
1054 344 29 39 ej
1106 345 99 31 måtte
1227 343 51 32 till
1301 343 105 38 någon
1429 341 104 33 andra
1553 341 200 32 kammarens

586 401 117 39 åtgärd
724 399 174 33 föranleda.

352 499 180 33 Stockholm
548 498 62 32 den
628 499 39 30 16
686 498 84 39 april
789 497 90 31 1942.

811 595 49 31 På
880 594 171 31 utskottets
1071 594 137 38 vägnar:

800 674 205 32 TORSTEN
1025 672 195 33 NILSSON.

355 890 232 33 Närvarande:
608 891 79 30 herr
707 889 133 31 Nilsson
861 889 12 31 i
894 888 198 38 Stockholm,
1115 887 58 31 fru
1194 887 97 30 Ebon
1312 886 200 36 Andersson,
1535 884 116 31 herrar
1672 883 84 31 Nis-

266 947 57 21 son
352 937 12 30 i
393 935 251 40 Göingegården,
673 934 184 31 Andersson
885 934 13 30 i
925 932 214 37 Alfredshem,
1168 931 139 31 Jansson
1334 931 11 30 i
1373 929 133 38 Kalix”,
1535 929 181 31 Johansson
1743 928 12 30 i

266 981 145 38 Kalmar,
436 979 156 40 Stattin”,
617 980 149 30 Hansson
791 980 11 29 i
827 977 147 39 Skediga,
999 977 56 31 fru
1079 975 214 32 Ronnebäck"
1320 975 57 31 och
1401 975 77 30 herr
1500 984 63 21 von
1587 972 166 32 Friesen".

357 1069 14 12 +
393 1068 36 32 Ej
448 1067 172 26 närvarande
635 1067 47 25 vid
697 1066 173 25 utlåtandets
885 1064 147 33 justering.

353 1276 111 33 Såsom
491 1275 162 32 infordrat
682 1274 150 39 yttrande
860 1274 74 31 över
960 1273 62 32 den
1049 1273 11 30 i
1089 1272 184 38 riksdagens
1301 1271 103 31 andra
1431 1271 161 30 kammare
1620 1269 137 38 avgivna

269 1322 163 31 motionen
453 1330 41 22 nr
516 1321 38 30 92
577 1330 39 22 av
638 1320 75 30 herr
735 1319 145 38 Staxäng
901 1318 54 31 får
977 1317 131 33 Statens
1129 1315 475 33 arbetsmarknadskommission
1625 1313 132 32 härmed

270 1367 116 30 anföra
408 1365 154 39 följande.

353 1410 254 32 Kommissionen
636 1409 186 31 inskränker
849 1408 58 31 sitt
935 1407 153 39 yttrande
1115 1407 50 30 till
1194 1409 50 29 att
1271 1406 86 38 gälla
1386 1405 111 32 endast
1527 1404 40 31 de
1596 1404 120 31 avsnitt
1745 1403 11 30 i

269 1456 173 36 motionen,
466 1465 66 21 som
553 1454 113 32 beröra
688 1452 257 33 kommissionens
967 1450 349 38 verksamhetsområde,
1340 1450 59 31 och
1422 1450 106 30 finner
1551 1449 49 38 sig
1622 1446 135 33 sålunda

269 1501 66 31 icke
359 1501 43 30 ha
423 1499 173 38 anledning
619 1502 48 28 att
688 1501 76 35 taga
784 1497 156 38 ställning
962 1497 51 31 till
1037 1495 190 39 exempelvis
1249 1495 119 38 frågan
1391 1503 51 22 om
1466 1494 58 30 och
1546 1494 13 30 i
1580 1492 105 31 vilken
1707 1495 49 28 ut-

268 1545 190 38 sträckning
486 1542 504 41 jordbrukarerepresentationen
1018 1541 86 31 inom
1132 1540 325 38 kristidsstyrelserna
1484 1540 37 29 är
1549 1538 12 30 i
1589 1537 101 31 behov
1717 1547 39 21 av

267 1590 230 37 förstärkning.

352 1634 219 45 Uppgifterna
591 1633 53 31 för
665 1632 61 32 den
745 1633 12 31 i
777 1632 160 31 motionen
958 1630 181 39 föreslagna
1158 1628 423 40 produktionsavdelningen
1601 1627 57 31 hos
1677 1626 78 31 kris-

268 1678 221 39 tidsstyrelsen
511 1678 128 38 angives
661 1677 153 31 sålunda:
848 1676 136 31 ”Denna
1006 1674 170 39 avdelning
1198 1674 59 31 bör
1277 1673 99 32 bland
1400 1677 100 27 annat
1521 1672 170 31 handhava
1713 1690 43 4 —

269 1719 126 46 SRA
469 1719 116 46 SRS
641 1740 170 5 Re
893 1720 131 38 ledning
1043 1730 41 21 av
1104 1718 236 32 arbetsblocken
1362 1721 82 28 samt
1465 1717 63 31 den
1549 1715 206 38 verksamhet,

270 1779 66 22 som
358 1769 66 30 kan
445 1768 85 31 bliva
553 1766 191 39 erforderlig
767 1767 52 30 för
841 1764 444 40 produktionsinriktningens
1309 1761 173 33 ordnande.
1519 1761 54 31 En
1597 1761 52 30 för
1671 1760 85 38 jord-

269 1814 132 31 brukets
425 1812 194 39 produktion
643 1810 266 40 grundläggande
934 1809 108 31 faktor
1065 1810 38 30 är
1126 1808 110 31 vidare
1259 1808 70 31 dess
1353 1806 168 32 förseende
1544 1805 73 31 med
1639 1804 117 32 arbets-

269 1859 100 37 kraft,
397 1857 59 32 och
481 1857 88 32 detta
595 1856 141 31 framför
761 1856 58 31 allt
845 1855 56 31 vid
925 1854 65 32 den
1016 1853 154 39 tidpunkt
1197 1853 41 31 då
1264 1852 62 31 den
1352 1851 128 32 särskilt
1507 1850 123 31 behövs.
1669 1849 87 32 Skall

269 1903 90 32 detta
384 1902 145 32 effektivt
552 1902 110 30 kunna
686 1899 117 33 ordnas
827 1899 58 31 bör
908 1899 106 32 denna
1039 1898 93 38 fråga
1156 1897 110 31 kunna
1290 1896 96 38 följas
1412 1896 57 31 och
1495 1895 198 39 organiseras
1716 1904 40 20 av

269 1948 53 32 det
345 1957 109 29 organ,
479 1956 65 22 som
565 1945 57 32 vid
646 1945 142 32 tillfället
810 1945 12 30 i
844 1944 96 31 länen
963 1943 96 38 följer
1082 1941 203 39 jordbrukets
1307 1939 288 33 kristidsbetonade
1617 1939 138 39 produk-

268 1991 321 33 tionsförhållanden.
621 1990 55 31 En
694 1987 378 41 produktionsavdelning
1090 1988 86 29 inom
1193 1985 325 38 kristidsstyrelserna
1535 1984 93 31 torde
1645 1984 12 30 i
1674 1993 81 21 sam-

268 2037 107 31 arbete
411 2036 74 32 med
519 2035 159 31 försvaret
713 2033 58 32 och
805 2031 373 33 länsarbetsnämnderna
1211 2031 42 31 ha
1288 2030 270 37 förutsättningar
1592 2032 50 27 att
1676 2029 79 30 även

267 2082 102 32 ordna
390 2082 103 31 denna
516 2077 52 34 för
591 2079 187 39 jordbruket
798 2078 36 31 så
855 2077 123 39 viktiga
1001 2076 122 39 fråga.”

351 2126 17 30 I
395 2125 95 35 tider,
517 2125 42 31 då
583 2124 57 33 det
664 2122 270 40 utrikespolitiska
959 2122 85 38 läget
1070 2120 181 32 förorsakar
1277 2119 198 31 omfattande
1500 2118 178 31 inkallelser
1702 2116 52 32 till

266 2170 235 39 militärtjänst,
521 2170 141 30 kommer
680 2171 50 29 ett
748 2177 40 22 av
807 2167 39 32 de
864 2170 81 28 mest
965 2166 153 31 svårlösta
1137 2164 182 39 problemen
1338 2167 51 28 att
1407 2163 84 31 bliva
1511 2162 243 38 anskaffningen

266 2216 57 32 och
342 2215 225 38 fördelningen
586 2223 41 21 av
645 2213 53 31 för
716 2211 332 40 jordbruksnäringen
1067 2209 189 39 erforderlig
1274 2207 400 39 ersättningsarbetskraft.
1704 2206 50 31 De

265 2261 77 31 sista
367 2260 214 31 decennierna
606 2258 42 31 ha
674 2257 55 31 för
753 2255 209 41 jordbrukets
986 2253 242 33 vidkommande
1251 2253 42 31 bl.
1320 2263 28 22 a.
1375 2252 244 31 kännetecknats
1643 2262 39 21 av
1708 2254 45 28 ett

267 2305 58 31 allt
352 2304 214 38 besvärligare
592 2300 361 39 arbetskraftsproblem.
992 2300 96 30 Dessa
1112 2298 197 38 svårigheter
1334 2298 42 30 ha
1403 2298 11 30 i
1439 2301 68 27 stor
1533 2296 220 38 utsträckning

271 2350 101 32 redan
389 2349 99 32 utlöst
505 2345 430 39 rationaliseringsåtgärder,
953 2344 41 32 bl.
1014 2354 28 21 a.
1066 2344 6 30 i
1090 2344 86 30 form
1194 2352 40 21 av
1251 2342 82 31 ökad
1351 2342 158 38 övergång
1524 2341 52 31 till
1593 2340 165 32 maskinell

270 2395 85 32 drift
374 2394 73 31 med
467 2403 39 22 en
526 2392 172 39 fåtaligare
717 2400 72 22 men
808 2390 98 38 högre
924 2387 209 33 kvalificerad
1153 2386 204 33 arbetskraft.
1390 2386 115 31 Denna
1525 2384 233 38 omständighet

263 2441 39 30 är
317 2438 136 40 givetvis
467 2437 105 39 ägnad
588 2439 50 29 att
654 2436 58 31 öka
727 2434 239 39 svårigheterna
981 2433 54 31 vid
1052 2432 53 32 det
1121 2432 137 37 tillfälle,
1277 2431 40 31 då
1334 2431 64 32 den
1414 2429 338 40 krigstjänstskyldiga

265 2483 236 33 arbetskraften
523 2481 221 39 undanryckes
768 2479 167 38 näringen.
972 2478 52 31 Av
1048 2476 156 39 väsentlig
1226 2475 159 39 betydelse
1410 2475 64 31 blir
1497 2474 114 32 därför
1635 2474 117 39 frågan
