2200 2628
664 182 265 32 Statsutskottets
953 181 172 32 Memoriul
1148 180 65 32 N:o
1239 182 48 29 41.
1727 181 17 28 5

308 271 131 37 Under
478 270 172 49 punkten
681 272 17 33 7
730 268 41 37 af
810 268 126 37 denna
977 266 233 38 hufvudtitel
1251 265 98 38 hade
1382 265 143 49 Kungl.
1554 264 106 48 Maj:t
1688 265 99 36 före-

174 321 117 50 slagit
318 321 220 48 Riksdagen
569 320 82 37 dels
680 320 55 37 att
763 319 207 48 medgifva,
1000 323 54 32 att
1082 319 84 36 från
1195 317 71 37 och
1295 317 85 36 med
1410 320 40 33 år
1471 317 96 36 1904
1588 315 62 37 vid
1671 315 116 37 inten-

174 373 258 37 denturkåren
459 373 103 47 finge
589 371 161 37 inrättas
779 384 46 23 en
853 384 51 35 ny
930 368 458 49 intendentsbeställning
1408 368 42 36 af
1469 369 31 35 1.
1519 367 166 46 klassen,
1707 367 76 36 fem

175 438 75 34 nya
278 421 627 49 underintendentsbeställningar
932 421 71 36 och
1031 434 68 23 sex
1126 433 75 36 nya
1230 417 500 49 förvaltarebeställningar,

310 474 82 36 dels
434 474 71 36 ock
546 478 66 41 att,
654 472 63 37 vid
755 472 108 36 bifall
891 471 127 37 härtill
1046 471 71 36 och
1143 470 58 36 till
1230 470 100 36 hvad
1359 468 142 49 Kungl.
1530 469 108 47 Maj:t
1665 468 122 37 under

176 525 173 49 punkten
392 527 20 34 6
455 523 200 49 föreslagit
684 523 237 36 beträffande
949 521 175 49 förhöjda
1153 520 395 49 aflöningsförmåner,
1578 519 85 36 med
1692 519 95 48 god-

175 575 204 37 kännande
408 575 41 37 af
474 575 73 36 den
576 573 216 50 åberopade
821 571 423 50 statsrådsprotokollet
1271 570 182 48 bifogade
1481 575 77 31 stat
1585 570 58 36 för
1662 570 123 35 inten-

177 627 269 46 denturkåren,
475 625 74 37 öka
576 625 176 48 anslaget
779 624 57 37 till
863 623 379 46 intendenturkåren,
1271 635 49 23 nu
1350 623 160 45 552,679
1531 621 152 47 kronor,
1699 619 87 37 med

177 679 135 45 37,628
341 677 141 37 kronor
509 676 57 36 till
595 677 159 46 590,307
784 675 150 37 kronor.

310 727 244 38 Beträffande
596 727 126 36 denna
750 725 286 49 framställning
1063 724 99 37 hade
1190 724 189 37 utskottet
1406 723 55 36 uti
1483 722 156 45 punkten
1668 722 54 34 7:o
1746 720 42 37 af

177 779 65 37 sitt
271 778 246 38 merberörda
544 777 197 37 utlåtande
770 776 207 47 hemställt,
1006 781 55 31 att
1087 775 224 49 Riksdagen
1338 777 118 33 måtte

311 829 74 35 dels
424 828 209 49 medgifva,
676 834 55 30 att
771 828 84 36 från
889 826 71 38 och
989 826 85 37 med
1104 829 40 34 år
1175 827 95 35 1904
1298 825 102 49 finge
1429 824 64 37 vid
1520 822 265 38 intendentur-

176 881 119 36 kåren
322 880 161 36 inrättas
512 892 47 24 en
586 892 52 36 ny
664 876 460 49 intendentsbeställning
1152 877 41 36 af
1216 879 32 34 1.
1269 876 167 46 klassen,
1455 875 76 37 fem
1552 887 77 36 nya
1647 873 140 36 under-

176 929 504 49 intendentsbeställningar
709 929 71 37 och
809 942 67 23 sex
903 941 76 36 nya
1005 926 505 49 förvaltarebeställningar;

311 981 75 35 dels
424 981 66 43 ock,
533 980 64 37 vid
637 979 108 38 bifall
778 979 58 37 till
864 979 101 37 hvad
992 979 189 36 utskottet
1208 977 123 37 under
1358 977 123 49 punkt
1509 978 59 35 6:0
1596 975 11 36 i
1635 987 150 24 samma

177 1032 198 38 utlåtande
415 1031 201 49 föreslagit
654 1030 239 38 beträffande
933 1029 176 49 förhöjda
1146 1028 396 48 aflöningsförmåner,
1572 1031 100 32 samt
1699 1024 88 37 med

177 1082 285 51 godkännande
491 1082 42 37 af
557 1082 65 36 det
649 1081 64 37 vid
732 1081 215 37 utlåtandet
966 1080 141 49 fogade
1122 1079 148 49 förslag
1285 1078 57 37 till
1358 1083 76 32 stat
1449 1078 61 37 för
1523 1077 265 37 intendentur-

177 1136 118 35 kåren
333 1133 77 42 (bil.
452 1131 49 49 2),
543 1133 72 36 öka
655 1132 177 48 anslaget
869 1131 58 37 till
954 1130 380 47 intendenturkåren,
1362 1143 51 23 nu
1443 1130 159 46 552,679
1631 1128 155 45 kronor,

178 1185 88 37 med
295 1186 135 45 35,460
458 1184 141 36 kronor
627 1183 56 36 till
713 1185 159 45 588,139
901 1183 153 36 kronor.

311 1235 135 36 Denna
485 1233 231 37 hemställan
757 1233 69 37 har
867 1233 42 37 af
945 1233 132 36 Andra
1117 1232 233 37 Kammaren
1387 1230 172 46 bifallits,
1587 1229 202 37 hvaremot

178 1287 139 36 Första
345 1285 234 37 Kammaren
607 1284 148 49 antagit
782 1284 64 36 det
866 1283 157 48 förslag,
1040 1296 81 23 som
1137 1281 257 38 innefattades
1416 1281 10 36 i
1448 1281 74 36 den
1534 1280 64 36 vid
1614 1279 173 49 punkten

180 1337 150 48 afgifna
370 1335 249 44 reservation,
660 1334 126 37 däruti
828 1334 42 37 af
904 1334 89 36 herr
1034 1333 88 37 Chr.
1156 1332 234 48 Lundeberg
1417 1345 48 23 m.
1494 1331 36 36 fl.
1559 1330 145 49 yrkats,
1733 1334 56 32 att

179 1387 223 48 Riksdagen
427 1389 116 33 måtte

313 1437 73 34 dels
426 1436 208 49 medgifva,
677 1441 55 31 att
772 1436 84 36 från
897 1435 71 36 och
997 1434 87 37 med
1112 1437 40 33 år
1183 1435 96 36 1904
1307 1434 102 47 finge
1434 1432 63 36 vid
1525 1431 266 37 intendentur-

179 1489 118 36 kåren
325 1487 160 37 inrättas
515 1500 47 23 en
591 1500 50 35 ny
668 1484 458 49 intendentsbeställning
1153 1485 42 36 af
1221 1487 30 34 1.
1274 1484 167 45 klassen,
1461 1483 77 36 fem
1559 1496 75 35 nya
1651 1482 142 37 under-

179 1537 503 48 intendentsbeställningar
711 1537 71 36 och
810 1550 69 23 sex
906 1550 76 35 nya
1009 1534 505 48 förvaltarebeställningar;

315 1589 73 34 dels
415 1589 66 41 ock,
510 1588 63 37 vid
600 1587 109 37 bifall
736 1587 57 36 till
822 1587 64 36 det
912 1586 12 36 i
949 1587 73 36 den
1050 1586 63 36 vid
1141 1586 174 48 punkten
1344 1587 57 34 6:o
1431 1584 41 37 af
1496 1584 208 36 utskottets
1732 1587 58 31 ut-

180 1640 153 36 låtande
362 1639 141 48 fogade
531 1638 236 37 reservation
797 1637 148 49 afgifna
973 1636 147 49 förslag
1138 1636 239 37 beträffande
1392 1634 177 49 förhöjda
1583 1633 208 49 aflönings-

181 1691 193 36 förmåner
414 1694 98 31 samt
553 1689 86 36 med
668 1688 285 49 godkännande
982 1688 41 35 af
1049 1687 64 36 det
1139 1687 64 36 vid
1232 1685 424 49 statsrådsprotokollet
1684 1684 108 36 öfver

179 1739 454 38 landtförsvarsärenden
675 1739 75 35 den
781 1741 44 33 12
850 1738 152 47 januari
1029 1737 261 37 innevarande
1320 1740 39 33 år
1387 1735 142 49 fogade
1557 1735 148 47 förslag
1732 1734 58 35 till

180 1797 76 30 stat
297 1791 60 36 för
401 1789 369 37 intendenturkåren
811 1788 80 42 (bil.
922 1791 45 33 62
997 1787 63 36 vid
1089 1787 163 37 berörda
1280 1785 410 49 statsrådsprotokoll),
1719 1784 73 37 öka

181 1841 177 48 anslaget
395 1840 57 36 till
489 1839 380 46 intendenturkåren,
908 1852 51 23 nu
992 1840 160 43 552,679
1188 1838 153 46 kronor,
1369 1836 86 37 med
1485 1838 136 44 37,628
1649 1835 142 36 kronor

179 1892 58 37 till
266 1893 161 45 590,307
457 1891 151 36 kronor.

318 1993 127 36 Sedan
483 1991 141 49 Kungl.
654 1991 108 48 Maj:t
790 1991 122 36 under
939 1990 169 48 punkten
1139 1991 21 34 8
1191 1989 41 36 af
1252 1989 123 47 fjärde
1403 1987 259 37 hufvudtiteln
1691 1987 99 36 före-

182 2042 117 48 slagit
340 2043 222 45 Riksdagen
591 2046 54 31 att
673 2041 73 36 öka
775 2041 176 48 anslaget
980 2040 57 35 till
1065 2039 100 37 ökad
1191 2039 168 48 aflöning
1386 2039 59 36 för
1473 2038 46 36 de
1547 2037 56 36 till
1632 2037 159 48 tjänste-

182 2091 131 37 åldern
343 2092 122 36 äldste
494 2091 362 48 bataljonsläkarne,
885 2104 50 22 nu
966 2092 133 44 68,592
1130 2090 152 45 kronor,
1311 2089 87 35 med
1427 2090 109 44 2,949
1567 2088 140 35 kronor
1734 2087 57 35 till

182 2144 133 44 71,541
347 2142 151 45 kronor,

313 2193 98 36 hade
452 2192 188 36 utskottet
681 2191 196 36 hemställt
918 2190 11 36 i
965 2190 154 44 punkten
1161 2191 57 33 S:o
1252 2189 41 36 af
1318 2188 65 37 sitt
1410 2187 295 49 ifrågavarande
1734 2191 59 31 ut-

178 2242 168 44 låtande,
376 2249 53 31 att
457 2242 221 48 Riksdagen
707 2246 117 32 måtte
845 2241 85 36 med
952 2239 209 49 anledning
1177 2240 40 36 af
1231 2239 140 48 Kungl.
1394 2239 126 47 Maj:ts
1537 2237 255 37 förevarande
