1876 2788
390 184 127 34 Första
533 180 255 44 lagutskottets
803 176 186 37 utlåtande
1005 188 43 22 nr
1063 178 21 31 9
1102 175 39 33 år
1157 175 85 33 1961
1521 172 38 30 11

73 266 231 37 förevarande
329 263 258 41 sammanhang
611 264 37 31 är
673 258 125 36 därvid
824 270 45 21 av
894 255 148 37 särskild
1068 253 192 43 betydelse,
1285 255 55 30 att
1365 248 198 36 stadsdom-

75 310 320 42 stolsutredningen
416 308 108 42 enligt
546 307 76 33 sma
642 304 153 35 direktiv
817 303 64 33 har
902 306 55 29 att
978 301 177 39 överväga
1175 308 72 32 nya
1269 296 128 34 former
1418 293 54 34 för
1492 292 71 35 lek-

75 361 100 31 mäns
193 354 210 43 deltagande
421 353 11 33 i
449 350 302 43 rättsskipningen
769 353 27 28 t.
809 359 52 24 ex.
879 347 116 33 såsom
1012 343 226 35 meddomare
1255 341 126 34 liksom
1400 341 90 31 även
1509 341 56 29 att

76 400 197 37 undersöka
287 397 269 48 möjligheterna
570 400 55 29 att
639 406 40 30 ge
694 392 114 36 skilda
822 391 108 42 regler
945 389 54 34 för
1013 386 216 36 domstolens
1244 381 322 42 sammansättning

77 447 10 34 i
107 446 93 34 olika
218 450 104 37 typer
340 454 45 23 av
403 441 83 35 mål.
506 446 100 28 Även
625 450 58 22 om
702 448 85 23 man
806 435 113 34 finner
938 434 67 34 den
1026 444 45 22 av
1090 431 262 34 motionärerna
1371 425 196 36 framförda

77 490 132 34 tanken
229 489 46 42 på
294 485 303 41 lekmannainslag
615 484 10 34 i
644 483 243 36 hovrätterna,
907 478 118 34 vilken
1045 476 93 34 varit
1157 474 145 34 föremål
1322 472 54 34 för
1395 469 171 44 ingående

77 533 270 43 överväganden
369 531 60 34 vid
450 526 397 45 rättegångsreformens
869 520 286 46 genomförande,
1176 518 151 42 förtjänt
1349 528 45 22 av
1415 513 152 43 förnyad

78 579 174 44 prövning
266 597 46 5 —
326 587 122 23 varom
465 574 91 34 dock
571 573 95 33 inom
681 570 179 35 utskottet
874 568 87 34 råda
976 565 124 36 delade
1115 563 181 42 meningar
1309 582 46 5 —
1370 571 103 32 synes
1489 559 78 33 där-

79 625 53 33 för
148 624 115 34 denna
279 621 98 42 fråga
392 619 30 42 ej
440 619 88 33 böra
543 621 141 38 upptas,
699 615 117 33 förrän
833 607 505 42 stadsdomstolsutredningen
1354 604 135 43 avgivit
1505 602 64 34 sitt

80 668 128 42 förslag
223 667 66 34 och
306 664 118 42 slutlig
440 662 167 42 ställning
622 659 108 44 tagits
746 658 130 34 härtill.

125 740 18 33 I
164 751 43 22 en
228 737 60 34 vid
309 734 204 37 utlåtandet
534 732 105 43 fogad
661 729 216 36 reservation
899 725 176 40 anfördes,
1096 729 56 29 att
1172 723 179 34 utskottet
1372 720 81 33 bort
1473 718 96 34 hem-

81 793 114 40 ställa,
210 796 55 29 att
279 789 186 42 riksdagen
480 788 113 33 måtte
608 785 11 34 i
634 784 165 35 skrivelse
815 782 51 34 till
880 780 134 43 Kungl.
1028 778 112 43 Maj:t
1154 775 141 36 anhålla
1309 786 57 23 om
1381 770 190 43 utredning

81 847 66 34 och
171 845 129 42 förslag
323 843 53 34 för
400 838 318 38 åstadkommande
744 849 45 21 av
813 839 55 30 att
891 830 363 39 lekmannanämnder
1277 829 150 33 inrättas
1451 826 11 34 i
1485 825 86 34 hov-

82 903 159 31 rätterna
261 897 60 34 vid
342 894 215 42 behandling
577 905 45 21 av
642 890 171 35 brottmål
834 893 93 29 samt
947 891 57 30 att
1022 885 242 35 ledamöterna
1285 882 10 34 i
1315 879 258 36 domstolarnas

83 949 362 39 lekmannanämnder
474 945 231 36 tillförsäkras
735 941 205 36 individuell
970 942 151 32 rösträtt
1149 937 81 34 eller
1258 936 11 33 i
1299 939 80 29 vart
1409 933 60 34 fall
1500 932 73 34 oin-

85 1006 147 35 skränkt
251 1002 321 36 reservationsrätt.

388 1155 605 43 Stadsdomstolsutredningens
1021 1149 252 37 betänkande

133 1263 87 35 Med
239 1260 165 36 skrivelse
424 1259 68 34 den
513 1261 41 30 12
573 1256 139 43 januari
734 1257 84 31 1961
840 1253 52 33 till
913 1249 194 37 statsrådet
1126 1247 65 35 och
1210 1245 123 35 chefen
1353 1244 53 34 för
1425 1241 151 45 justitie-

89 1317 282 43 departementet
398 1313 64 34 har
490 1305 505 42 stadsdomstolsutredningen
1025 1302 135 43 avgivit
1188 1301 63 34 sitt
1280 1296 297 37 slutbetänkande

88 1370 281 34 Underrätterna
388 1365 104 45 (SOU
510 1367 99 31 1961:
624 1363 49 42 6).
688 1362 18 33 I
722 1359 255 38 betänkandet,
993 1357 60 34 vid
1069 1355 110 34 vilket
1194 1353 116 42 fogats
1325 1349 254 36 reservationer

89 1424 67 34 och
174 1422 171 34 särskilda
362 1418 206 45 yttranden,
587 1415 142 34 föreslås
749 1414 73 33 inte
841 1413 108 41 några
969 1409 188 42 ändringar
1175 1407 10 34 i
1204 1405 205 35 nuvarande
1428 1402 151 44 grunder

89 1476 54 34 för
157 1475 201 34 underrätts
374 1468 331 42 sammansättning.
719 1468 114 33 Detta
847 1465 146 34 innebär
1008 1463 114 39 alltså,
1136 1466 55 29 att
1206 1460 59 34 vid
1281 1457 146 36 särskild
1441 1455 139 35 huvud-

91 1527 224 43 förhandling
330 1527 10 34 i
358 1524 180 36 tvistemål
556 1522 194 35 skillnaden
767 1518 164 35 kvarstår
947 1517 128 34 mellan
1093 1514 219 34 häradsrätts
1330 1512 251 33 sammansätt-

92 1583 94 42 ning,
200 1581 156 43 lagfaren
370 1577 211 36 ordförande
596 1575 66 35 och
676 1573 145 40 nämnd,
836 1577 93 30 samt
943 1570 224 34 rådhusrätts
1183 1563 330 42 sammansättning,
1529 1567 52 28 tre

93 1637 80 33 eller
191 1636 79 43 fyra
286 1633 160 43 lagfarna
465 1631 153 34 domare.
636 1629 101 34 Vissa
755 1626 129 42 förslag
901 1624 209 41 framlägges
1129 1620 147 35 rörande
1293 1617 190 35 nämnden.
1501 1616 81 33 Den

94 1688 205 36 nuvarande
323 1686 193 41 ordningen
542 1683 79 34 med
646 1695 42 21 en
714 1686 73 29 stor
812 1679 66 34 och
902 1691 43 21 en
969 1677 87 34 liten
1081 1673 132 36 nämnd
1239 1671 202 39 bibehålles;
1467 1669 115 42 någon

95 1742 148 43 ändring
260 1742 11 34 i
289 1740 98 42 fråga
406 1751 58 21 om
484 1736 271 41 användningen
775 1746 44 21 av
839 1733 41 34 de
900 1731 94 34 båda
1011 1728 218 35 nämnderna
1248 1725 143 35 föreslås
1410 1724 84 33 inte.
1514 1723 69 33 An-

95 1796 89 34 talet
206 1794 238 35 nämndemän
469 1792 10 33 i
504 1791 67 34 den
596 1794 95 29 stora
714 1786 179 35 nämnden
915 1805 46 5 —
984 1783 54 34 för
1062 1780 220 36 närvarande
1306 1778 108 34 minst
1439 1776 55 42 sju
1518 1775 66 34 och

97 1850 103 41 högst
219 1848 57 34 nio
296 1868 46 4 —
361 1844 156 36 minskas
538 1843 52 33 till
611 1842 108 33 minst
740 1853 57 21 sex
818 1839 64 34 och
902 1838 105 41 högst
1028 1836 66 42 sju.
1115 1832 182 41 Inträffar,
1318 1832 107 34 sedan
1446 1828 139 35 huvud-

96 1900 224 42 förhandling
340 1897 196 44 påbörjats,
556 1894 115 35 förfall
692 1894 54 33 för
767 1891 250 38 nämndeman,
1038 1892 38 30 är
1097 1887 90 34 dock
1207 1889 117 31 rätten
1346 1882 139 36 domför
1505 1881 81 34 med

98 1956 125 33 endast
242 1953 71 34 fem
334 1953 10 34 i
363 1950 190 35 nämnden.
573 1948 88 34 Med
682 1945 172 35 avseende
876 1945 20 33 å
915 1942 196 35 nämndens
1132 1942 148 31 rösträtt
1300 1937 145 34 innebär
1466 1935 121 34 försla-

98 2013 70 38 get,
184 2013 55 28 att
255 2019 58 22 om
329 2005 71 34 fem
416 2003 238 35 nämndemän
671 2000 140 34 förenar
827 1998 50 43 sig
892 2009 59 22 om
968 2007 117 22 annan
1103 1993 141 41 mening
1260 1994 44 31 än
1322 1990 66 34 den
1406 1987 181 36 ordföran-

100 2062 66 33 den
183 2060 205 38 företräder,
405 2056 197 35 nämndens
619 2053 142 43 mening
778 2052 86 34 skall
882 2050 103 44 gälla;
1004 2048 101 42 eljest
1122 2047 213 33 bestämmer
1353 2041 235 36 ordföranden

101 2114 187 42 utgången.
309 2112 126 34 Vidare
455 2109 144 34 föreslås
618 2106 237 35 nämndeman
875 2103 131 35 erhålla
1027 2104 72 31 rätt
1120 2104 54 30 att
1194 2099 36 33 få
1249 2096 181 44 skiljaktig
1449 2094 141 42 mening

101 2166 199 35 antecknad
319 2166 10 33 i
348 2168 136 30 rättens
503 2160 185 45 protokoll.

573 2302 295 35 Hovrätternas
891 2296 229 36 domförhet

152 2409 87 31 1958
258 2405 55 33 års
332 2397 393 48 besparingsutredning
746 2396 104 43 (SOU
871 2397 99 31 1959:
986 2394 58 40 28)
1065 2393 64 32 har
1147 2391 197 41 ifrågasatt,
1362 2400 57 22 om
1439 2387 76 34 icke
1533 2386 61 34 det

105 2461 54 33 för
180 2460 163 33 hovrätts
366 2454 202 35 domförhet
590 2450 218 35 föreskrivna
831 2448 135 34 antalet
988 2446 195 34 ledamöter
1205 2443 110 34 skulle
1338 2441 155 34 minskas
1516 2439 79 33 från

107 2511 203 35 nuvarande
330 2509 76 43 fyra
427 2508 51 33 till
499 2512 64 28 tre.
582 2503 242 42 Utredningen
844 2502 62 33 har
926 2504 129 35 ansett,
1075 2502 56 30 att
1149 2509 41 22 en
1211 2497 108 33 sådan
1340 2494 128 34 reform
1488 2492 108 34 borde
