2219 2759
405 247 19 27 6
882 246 86 42 Lag-
977 246 157 31 Utskottets
1164 245 163 32 Utlåtande
1350 245 63 32 N:o
1437 245 31 31 5.

364 326 109 31 handa
496 325 139 39 förmån,
660 324 60 34 vill
742 324 122 42 Kongl.
889 323 94 43 Maj:t
1005 323 107 39 alltså,
1135 323 76 33 med
1229 323 271 33 öfverlemnande
1517 323 36 32 af
1566 323 39 32 de
1628 323 4 32 i
1648 323 129 43 Högsta
1792 323 202 33 Domstolen

366 369 62 31 och
451 368 189 33 Statsrådet
663 368 170 41 angående
859 367 109 33 denna
991 368 93 41 fråga
1106 368 113 31 hållna
1241 367 179 42 protokoll,
1445 367 106 42 enligt
1573 367 39 32 87
1637 368 14 41 $
1674 368 320 42 Regeringsformen

362 412 122 32 föreslå
505 411 197 42 Riksdagen
725 411 185 41 antagande
934 411 36 31 af
989 410 159 41 följande:

517 455 234 41 «Författning
785 454 170 42 angående
988 454 237 41 upphäfvande
1261 454 35 32 af
1325 453 201 33 frälsemäns
1560 453 62 32 och
1656 453 97 32 deras
1782 453 210 34 vederlikars

363 502 69 29 rätt
454 498 53 32 till
531 499 163 32 särskildt
716 499 109 31 forum
848 499 11 30 i
883 498 169 32 brottmål.

512 541 80 32 Med
626 542 143 41 ändring
802 542 36 31 af
867 542 89 31 hvad
979 541 20 31 6
1022 542 14 40 $
1060 541 36 31 af
1125 540 251 41 Ridderskapet
1412 540 61 32 och
1495 541 129 31 Adelns
1646 540 195 42 privilegier
1865 541 65 32 den
1953 541 41 32 16

361 585 155 33 Oktober
540 585 82 32 1723
646 589 86 28 samt
754 586 20 30 9
796 596 100 21 mom.
921 585 37 31 af
977 584 19 32 2
1020 585 48 41 $i
1090 584 20 32 8
1133 584 154 41 Kapitlet
1309 584 350 42 Rättegångs-balken
1682 584 169 33 innehålla
1867 584 126 38 derom,

361 633 51 28 att
433 629 94 32 vissa
550 629 159 32 brottmål
732 628 141 32 rörande
897 628 183 32 frälsemän
1105 628 61 31 och
1190 628 95 31 deras
1309 628 194 32 vederlikar
1526 628 96 31 skola
1639 628 205 32 omedelbart
1860 628 36 31 af
1907 627 85 32 Hof-

360 676 69 29 rätt
452 671 167 38 bedömas,
643 672 174 31 förordnas
841 676 49 27 att
914 672 96 31 dessa
1032 671 67 32 mål
1120 671 199 32 hädanefter
1336 671 97 31 skola
1448 671 136 31 tillhöra
1600 671 252 32 vederbörande
1870 671 124 32 under-

363 715 183 32 domstolar
580 715 61 32 och
675 716 85 31 efter
793 715 169 32 allmänna
985 715 413 41 Rättegångs-ordningen
1421 714 197 39 behandlas;
1642 714 210 32 Kommande
1876 715 11 30 i
1911 714 82 41 följd

361 758 101 32 häraf
491 758 123 41 Kongl.
649 759 150 32 Brefven
833 759 64 31 den
930 759 42 31 26
1007 757 153 33 Oktober
1195 759 82 30 1748
1312 759 61 30 och
1404 758 64 31 den
1491 758 18 31 7
1534 758 100 40 April
1658 759 91 37 1805,
1773 759 221 40 hvarigenom

361 801 160 31 utlänske
556 801 182 37 adelsmän,
771 812 71 20 som
865 802 51 30 hit
951 801 51 30 till
1025 801 91 31 riket
1138 801 190 37 inkommit,
1361 805 86 27 samt
1471 800 155 32 Svenska
1649 801 230 31 Akademiens
1902 801 89 31 leda-

360 849 109 27 möter
501 844 112 32 blifvit
634 843 185 33 förunnade
844 843 172 32 enahanda
1038 844 169 31 förmåner
1230 844 11 31 1
1264 844 274 41 rättegångsmål,
1562 854 72 21 som
1656 844 252 41 Ridderskapet
1931 843 62 32 och

360 887 125 39 Adeln,
509 891 49 27 att
581 887 10 31 i
615 887 155 32 afseende
794 890 19 29 å
835 887 160 32 brottmål
1018 888 52 30 till
1093 887 44 31 all
1162 887 129 31 verkan
1314 887 160 40 upphöra.

513 930 52 31 De
603 930 67 32 mål
704 930 36 31 af
771 930 219 31 omförmälda
1024 930 241 38 beskaffenhet,
1302 941 71 21 som
1407 930 58 32 vid
1499 930 65 31 den
1586 929 50 32 tid
1661 929 108 32 denna
1791 929 201 41 författning

359 972 115 32 träder
507 973 11 31 i
551 973 261 42 verkställighet
845 976 43 38 på
921 973 157 32 Hofrätts
1112 973 157 42 pröfning
1304 974 88 37 bero,
1427 973 95 31 skola
1556 973 36 32 af
1618 973 183 31 Hofrätten
1824 973 77 31 med
1924 973 69 31 slut

357 1016 192 41 afhjelpas."

511 1223 180 32 Utskottet
720 1223 103 42 hyser
845 1222 205 32 fortfarande
1075 1223 39 31 de
1138 1222 125 42 åsigter
1284 1222 12 32 i
1321 1222 109 33 denna
1452 1223 104 41 fråga,
1579 1232 70 22 som
1674 1221 108 33 finnas
1805 1222 151 32 uttalade
1980 1223 11 31 i

357 1266 285 41 Lag-Utskottets
665 1266 57 32 vid
755 1267 82 31 1868
861 1269 53 28 års
938 1265 138 41 riksdag
1098 1265 125 41 afgifna
1245 1266 181 32 Utlåtande
1450 1266 60 32 N:o
1534 1267 20 30 8
1578 1266 61 31 och
1662 1265 117 32 hvilka
1804 1266 41 31 då
1862 1266 130 41 jemväl

358 1310 37 31 af
421 1309 198 41 Riksdagen
649 1309 199 31 omfattades
871 1308 78 31 med
974 1308 64 31 den
1061 1309 81 40 följd
1165 1313 49 27 att
1237 1309 243 32 ofvanberörda
1501 1308 230 41 underdåniga
1755 1308 179 32 skrifvelse
1958 1309 37 31 af

359 1352 65 32 den
446 1352 20 31 8
489 1352 99 41 April
611 1363 126 20 samma
761 1356 37 28 år
820 1351 73 33 blef
912 1352 52 31 till
987 1351 123 41 Kongl.
1134 1352 94 41 Maj:t
1252 1352 139 39 aflåten;
1416 1352 61 31 och
1501 1362 71 21 som
1596 1351 63 31 den
1677 1352 249 41 omständighet
1941 1356 50 27 att

358 1394 120 33 hinder
510 1399 86 27 mött
628 1395 53 32 för
714 1395 260 41 genomförande
1009 1394 36 32 af
1076 1395 203 32 reformen
1262 1390 23 51 i
1313 1395 64 31 den
1412 1400 106 26 större
1543 1395 211 41 omfattning,
1778 1405 71 21 som
1882 1395 110 31 denna

358 1438 231 41 underdåniga
613 1438 179 32 skrifvelse
825 1438 171 37 inehåller,
1022 1439 27 39 ej
1075 1439 94 31 torde
1193 1444 120 35 utgöra
1336 1438 182 42 anledning
1540 1438 52 32 för
1615 1438 197 41 Riksdagen
1835 1442 50 28 att
1907 1439 86 31 afslå

358 1480 90 33 hvad
471 1492 71 21 som
564 1492 46 20 nu
633 1481 202 41 föreslagits,
859 1481 52 31 får
934 1480 179 32 Utskottet
1136 1482 174 31 vördsamt
1332 1482 188 37 hemställa,

562 1528 50 27 att
644 1524 124 41 Kongl.
802 1524 111 40 Maj:ts
946 1524 254 41 ifrågavarande
1234 1524 123 42 nådiga
1389 1524 217 42 Proposition
1639 1526 55 30 må
1727 1524 36 32 af
1793 1524 199 42 Riksdagen

560 1563 141 50 bifallas.
1571 1589 5 6 ;

509 1659 198 34 Stockholm
731 1660 64 32 den
818 1661 19 31 7
860 1660 165 33 Februari
1048 1661 92 32 1870.

951 1773 52 33 På
1027 1772 194 33 Utskottets
1244 1778 141 37 vägnar:

1043 1887 83 38 Eric
1154 1886 145 49 Sparre,
