1910 2862
548 149 109 29 Andra
680 149 224 34 lagutskottets
926 148 165 29 utlåtande
1114 148 48 28 Nr
1180 151 50 27 21.
1606 145 37 30 11

135 236 283 39 omständigheter
442 236 66 32 kan
534 236 53 32 för
612 236 103 32 denne
740 235 152 34 medföra
916 247 38 20 en
980 234 119 33 känsla
1124 246 41 21 av
1191 233 186 34 osäkerhet.
1425 233 66 32 För
1516 233 125 32 undan-

134 279 136 39 röjande
291 291 41 20 av
355 279 38 32 de
416 278 222 39 olägenheter,
661 290 69 21 som
753 278 167 38 föreligga
942 278 44 35 på
1007 276 261 39 ifrågavarande
1290 276 143 38 område,
1457 275 107 33 skulle
1587 275 56 32 det

133 322 160 38 möjligen
318 334 82 20 vara
426 321 54 32 till
506 332 99 27 gagn,
633 324 51 29 att
710 332 117 26 genom
854 320 162 38 offentlig
1042 319 216 39 myndighets
1287 319 143 37 försorg,
1459 318 180 38 lämpligen

135 376 116 27 genom
273 363 278 39 socialstyrelsen,
573 363 11 32 i
605 362 208 39 vägledande
835 362 93 39 syfte
949 361 212 33 utarbetades
1183 361 102 38 vissa,
1308 361 54 32 för
1382 365 48 28 ett
1451 360 91 32 antal
1563 371 78 20 van-

133 407 90 39 ligen
249 406 268 33 förekommande
543 406 62 31 fall
629 405 147 33 avsedda
801 404 298 33 normalkontrakt.

178 449 173 33 Utskottet
380 449 139 38 övergår
549 448 150 32 härefter
728 448 54 32 till
813 447 122 38 frågan
966 459 51 20 om
1047 446 381 39 hyreslagstiftningens
1460 445 181 38 tvingande

134 496 110 34 natur,
264 492 138 32 särskilt
418 492 66 32 vad
502 491 105 38 angår
624 490 204 39 hyresvärds
848 489 196 39 skyldighet
1062 492 49 29 att
1130 488 91 33 hålla
1241 488 155 39 lägenhet
1414 488 12 31 i
1444 491 74 35 gott
1536 487 107 32 skick.

134 534 117 34 Såsom
277 535 60 32 den
364 533 200 39 föregående
589 533 223 38 utredningen
838 532 140 38 utvisar,
1005 531 170 38 medgiver
1202 531 155 38 gällande
1384 531 57 38 lag
1467 529 174 39 möjlighet

134 578 54 32 för
213 577 183 39 hyresvärd
423 580 50 29 att
499 576 128 38 fritaga
653 576 53 38 sig
732 576 77 31 från
835 574 422 39 skadeståndsskyldighet
1283 586 27 20 o.
1338 573 31 33 d.
1394 574 44 38 på
1464 573 109 38 grund
1600 585 41 20 av

133 620 123 32 brister
277 620 11 31 i
310 619 209 39 lägenheten.
552 618 133 33 Endast
706 618 54 32 för
781 618 56 32 det
858 618 75 38 fall,
955 621 51 28 att
1027 617 198 38 lägenheten
1245 621 38 27 är
1304 616 224 38 hälsovådlig,
1551 615 93 39 gälla

134 663 115 38 lagens
276 662 247 32 bestämmelser
550 661 179 32 oberoende
757 672 41 20 av
823 660 65 32 vad
916 663 156 36 parterna
1100 659 140 32 avtalat.
1291 658 76 33 Som
1394 658 165 32 utskottet
1585 658 58 31 vid

136 705 154 38 fjolårets
316 704 141 38 riksdag
482 703 169 39 framhöll,
676 703 67 32 kan
767 703 124 32 tvekan
915 702 83 32 råda
1022 714 51 20 om
1097 701 243 39 lämpligheten
1362 713 42 20 av
1428 701 66 32 full
1518 700 123 32 avtals-

135 747 103 32 frihet
255 747 43 38 på
315 747 139 32 berörda
471 746 143 32 område.
656 745 394 39 Hyreslagstiftningens
1071 744 165 38 framsteg
1256 744 183 32 förutsätta
1458 742 185 33 emellertid

135 790 53 32 för
210 792 52 29 att
282 789 36 32 få
340 788 172 40 praktiskt
533 800 166 27 gynnsam
721 787 137 39 verkan,
881 791 51 29 att
954 787 167 32 desamma
1144 787 29 38 ej
1199 786 57 33 ske
1280 786 161 33 snabbare
1464 791 42 27 än
1529 789 50 29 att
1603 785 39 33 de

135 832 132 32 komma
288 835 50 29 att
357 834 186 30 motsvaras
564 843 43 20 av
627 831 61 32 den
710 830 206 38 förbättring
937 842 42 20 av
999 829 321 38 bostadsbeståndet,
1344 840 68 21 som
1435 828 38 33 de
1495 840 76 20 avse
1593 831 50 29 att

136 874 126 38 främja
281 874 149 32 och-som
449 873 55 32 till
522 873 170 38 väsentlig
713 873 53 32 del
786 877 37 28 är
842 872 162 33 beroende
1024 884 42 20 av
1086 872 55 32 det
1161 871 216 33 ekonomiska
1397 871 98 32 livets
1517 870 125 32 förhål-

135 917 131 32 landen.
306 916 113 32 Under
437 916 130 33 erinran
586 927 50 21 om
657 916 55 32 det
729 915 119 39 livliga
868 915 122 38 arbete,
1009 927 68 20 som
1097 915 54 31 för
1169 914 208 33 närvarande
1396 914 106 39 pågår
1521 914 54 31 för
1593 916 51 30 att

135 959 168 32 förbättra
323 958 310 33 bostadsbeståndet
656 958 53 32 för
730 959 76 31 vårt
828 958 83 37 folk,
933 969 96 21 anser
1049 957 167 32 utskottet
1237 960 90 29 rätta
1348 956 200 39 tidpunkten
1570 956 73 32 icke

133 1013 45 20 nu
199 1013 82 20 vara
301 1001 75 32 inne
398 1001 54 32 för
473 1004 51 29 att
544 1003 152 36 upptaga
718 1000 56 33 det
795 999 362 39 lagstiftningsarbete,
1181 1011 68 21 som
1272 999 243 32 motionärerna
1538 998 104 32 önska

133 1044 229 38 igångsätta.»

179 1111 171 33 Utskottet
368 1111 206 39 hemställde,
593 1114 51 31 att
660 1111 166 32 motionen
843 1111 73 32 icke
934 1111 102 32 måtte
1054 1110 173 32 föranleda
1246 1110 54 31 till
1318 1110 107 38 någon
1445 1108 197 39 riksdagens

133 1162 133 38 åtgärd.

178 1212 255 33 Reservationer
449 1212 169 33 anmäldes
637 1211 70 34 dels
725 1224 42 20 av
783 1212 77 32 herr
877 1211 126 32 Linder
1019 1223 42 20 m.
1079 1211 51 38 fl.,
1147 1210 93 32 vilka
1259 1211 133 38 ansågo,
1412 1213 51 30 att
1479 1209 165 33 utskottet

134 1263 101 32 borde
254 1263 87 32 hava
360 1262 173 33 hemställt
552 1274 50 21 om
623 1262 102 32 bifall
744 1262 55 32 till
819 1262 176 38 motionen,
1016 1261 68 33 dels
1106 1261 61 33 ock
1188 1273 42 20 av
1251 1261 75 32 herr
1348 1261 164 32 Aronson.

178 1313 195 39 Riksdagen
394 1313 98 32 biföll
513 1313 181 32 utskottets
717 1312 210 33 hemställan.

179 1422 69 32 Vid
272 1422 82 32 1931
379 1422 54 32 års
458 1420 139 38 riksdag
619 1419 137 32 väcktes
781 1418 100 33 också
904 1430 42 19 av
969 1417 77 32 herr
1067 1416 195 32 Andersson
1285 1415 12 31 i
1321 1412 191 34 Stockholm
1536 1424 43 20 m.
1603 1411 40 32 fl.

133 1474 87 31 inom
247 1472 103 32 andra
375 1471 193 32 kammaren
594 1482 38 20 en
659 1469 134 38 motion,
820 1480 39 20 nr
886 1468 74 37 293,
986 1467 74 31 med
1087 1466 131 37 förslag
1256 1468 49 29 att
1333 1464 179 37 riksdagen
1540 1463 103 31 måtte

134 1524 132 31 besluta
291 1526 51 28 att
367 1522 59 32 hos
453 1520 128 38 Kungl.
608 1520 103 37 Maj:t
737 1518 178 32 hemställa
943 1529 50 20 om
1020 1516 180 37 utredning
1227 1515 60 32 och
1315 1513 257 38 framläggande
1601 1524 42 20 av

135 1572 188 40 lagförslag
339 1572 54 32 till
411 1572 84 31 1932
512 1571 54 32 års
584 1570 139 38 riksdag
738 1569 54 32 till
808 1566 296 34 åstadkommande
1121 1578 41 20 av
1179 1577 90 21 mera
1287 1564 201 39 hygieniska
1505 1563 61 32 och
1582 1562 60 32 bil-

135 1624 105 38 ligare
265 1622 165 33 bostäder.

180 1673 119 32 Andra
320 1672 224 39 lagutskottet
563 1669 198 33 hemställde
782 1669 12 31 i
816 1669 59 32 sitt
896 1673 77 27 över
994 1667 164 32 motionen
1180 1665 146 39 avgivna
1347 1664 183 38 utlåtande,
1552 1675 39 20 nr
1613 1664 30 37 9,

135 1725 43 38 på
195 1723 142 33 anförda
354 1722 72 34 skäl
445 1726 50 28 att
511 1721 164 32 motionen
693 1720 73 32 icke
784 1720 102 31 måtte
904 1717 174 33 föranleda
1095 1717 55 33 till
1168 1717 109 37 någon
1295 1715 197 38 riksdagens
1511 1714 132 38 åtgärd.

179 1773 256 33 Reservationer
451 1772 146 38 avgåvos
614 1783 41 20 av
672 1771 77 31 herr
766 1770 97 37 Hage
880 1781 42 20 m.
940 1768 40 33 fl.
997 1768 59 32 och
1073 1780 42 20 av
1131 1767 76 32 herr
1224 1766 125 32 Linder
1365 1778 42 20 m.
1426 1765 39 33 fl.
1481 1765 51 32 De
1550 1765 93 32 förra

135 1825 136 38 ansågo,
296 1827 49 29 att
368 1823 165 32 utskottet
555 1822 100 32 borde
680 1821 87 32 hava
791 1819 182 39 hemställt,
999 1822 49 29 att
1072 1817 180 38 riksdagen
1277 1817 102 32 måtte
1404 1816 129 32 besluta
1558 1819 50 29 att
1633 1815 11 31 i

136 1874 161 33 skrivelse
317 1874 54 32 till
392 1873 129 38 Kungl.
542 1872 101 38 Maj:t
664 1870 147 38 anhålla,
833 1873 51 29 att
905 1868 128 39 Kungl.
1055 1868 103 37 Maj:t
1179 1868 102 31 måtte
1302 1867 70 32 låta
1392 1866 129 38 utreda,
1544 1866 99 31 huru-

135 1925 79 32 vida
235 1925 60 32 och
313 1925 12 30 i
345 1923 112 32 vilken
478 1923 75 31 mån
574 1922 200 39 ytterligare
794 1920 159 38 åtgärder
973 1918 109 32 kunde
1104 1918 156 37 vidtagas
1283 1917 76 31 från
1382 1917 54 32 det
1458 1916 185 32 allmännas

136 1976 73 31 sida
229 1975 53 31 för
301 1977 50 29 att
368 1971 340 34 bostadsstandarden
727 1972 11 30 i
757 1972 76 31 vårt
851 1970 79 32 land
948 1970 101 31 måtte
1069 1969 113 31 kunna
1202 1968 104 38 höjas,
1328 1968 122 31 främst
1469 1979 39 19 ur
1528 1966 114 38 hygie-

137 2025 98 32 niska
257 2023 218 39 synpunkter,
500 2025 87 29 samt
608 2020 304 40 hyresutgifterna,
936 2020 122 31 främst
1082 2019 53 31 för
1157 2018 129 32 mindre
1310 2017 201 39 lägenheter,
1535 2016 108 32 hållas

136 2076 87 31 inom
241 2074 132 38 rimliga
389 2078 150 34 gränser.

181 2124 190 33 Utskottets
399 2122 198 33 hemställan
625 2121 116 33 bifölls
769 2133 42 20 av
839 2120 191 38 riksdagen.

180 2225 69 32 Vid
270 2225 86 31 1932
377 2225 55 31 års
454 2223 138 38 riksdag
614 2221 120 33 väckte
756 2222 76 31 herr
854 2220 193 32 Andersson
1070 2219 11 31 i
1104 2219 193 32 Stockholm
1320 2230 41 21 m.
1386 2218 39 33 fl.
1448 2230 38 20 en
1509 2218 134 37 motion,

136 2276 54 31 11:
204 2275 73 37 374,
296 2287 40 19 av
353 2274 11 31 i
382 2272 177 33 huvudsak
577 2284 127 21 samma
721 2270 147 33 innehåll
886 2282 69 21 som
974 2270 163 31 motionen
1157 2268 130 32 11:293
1306 2268 56 32 vid
1384 2269 81 31 1931
1486 2268 54 32 års
1561 2267 82 32 riks-

138 2326 76 37 dag.

184 2374 165 32 Motionen
375 2372 223 32 behandlades
625 2383 41 20 av
692 2370 106 32 andra
823 2369 232 38 lagutskottet,
1083 2380 68 20 som
1178 2369 11 30 i
1215 2367 172 32 utlåtande
1414 2379 37 20 nr
1480 2368 38 30 15
1547 2367 43 32 bl.
1617 2379 29 20 a.

138 2424 151 32 lämnade
318 2435 40 20 en
388 2421 205 38 redogörelse
625 2421 53 31 för
707 2419 285 37 bostadstillgång
1023 2418 58 32 och
1112 2417 192 39 hyresnivå,
1335 2417 268 38 huvudsakligen
1634 2418 11 30 i

139 2474 165 37 städerna,
327 2472 148 32 varefter
497 2471 164 32 utskottet
683 2469 150 40 anförde,
856 2469 43 32 bl.
923 2480 45 20 a.:
