1908 2858
274 141 18 29 2
689 140 110 28 Andra
823 140 222 34 lagutskottets
1067 141 164 28 utlåtande
1254 141 48 28 Nr
1320 145 49 26 21.

324 226 285 38 Grundläggande
634 226 53 32 för
715 227 62 31 den
804 227 158 38 rättsliga
988 227 210 38 regleringen
1224 239 42 20 av
1293 228 339 31 avtalsförhållandet
1658 228 122 31 mellan

277 277 185 37 hyresvärd
483 277 60 32 och
563 277 181 38 hyresgäst
766 282 57 27 äro
845 277 38 32 de
905 277 248 32 bestämmelser
1175 290 52 20 om
1248 278 97 39 hyra,
1366 278 94 32 vilka
1482 279 108 31 såsom
1612 282 49 28 ett
1683 280 18 30 3
1723 277 57 33 ka-

277 327 84 39 pitel
383 327 257 32 sammanfattas
661 328 12 31 i
696 328 99 37 lagen
818 328 62 31 den
902 330 41 30 14
966 329 72 38 juni
1062 330 85 31 1907
1169 340 52 20 om
1244 328 248 39 nyttjanderätt
1517 329 52 31 till
1592 329 70 38 fast
1685 339 95 27 egen-

276 378 87 32 dom.

322 428 50 32 De
388 428 158 32 abnorma
562 429 234 33 förhållanden
814 429 44 38 på
872 429 356 40 bostadsmarknaden,
1247 441 70 20 som
1335 429 241 33 framkallades
1594 442 42 20 av
1652 430 129 32 världs-

277 479 120 38 kriget,
419 479 194 32 föranledde
634 480 283 38 utomordentliga
936 480 241 32 inskridanden
1195 480 12 31 i
1228 480 316 39 lagstiftningsväg,
1565 480 94 32 vilka
1680 480 101 32 bland

278 533 103 29 annat
398 530 209 38 väsentligen
625 530 209 38 begränsade
853 530 61 32 den
932 531 98 38 eljest
1049 530 207 39 principiellt
1275 531 69 32 fria
1363 531 221 32 avtalsrätten
1603 531 44 38 på
1666 531 114 38 hyres-

277 581 214 38 marknaden,
513 581 139 32 särskilt
672 582 11 30 i
703 581 66 32 vad
791 581 95 32 rörde
906 581 333 38 hyresersättningen
1259 582 60 31 och
1339 582 357 38 uppsägningsrätten.
1717 582 66 32 Det

278 631 109 32 första
403 631 242 39 inskridandet,
663 631 109 33 vilket
789 644 126 26 angavs
933 644 83 20 vara
1033 644 42 20 av
1093 636 167 34 temporär
1278 635 109 36 natur,
1407 632 123 32 skedde
1548 644 118 26 genom
1682 632 99 37 lagen

277 682 64 32 den
356 684 42 31 25
414 683 68 38 maj
498 684 87 30 1917
600 683 74 31 med
690 685 93 30 vissa
801 683 247 31 bestämmelser
1064 686 67 28 mot
1148 683 131 37 oskälig
1298 683 252 37 hyresstegring
1568 694 43 21 m.
1629 694 43 20 m.
1701 682 81 38 Nya

278 733 96 38 lagar
395 733 72 32 med
488 733 92 32 vissa
602 733 148 32 ändrade
771 733 249 32 bestämmelser
1041 733 12 31 i
1074 745 127 20 samma
1223 738 94 27 ämne
1339 733 199 32 utfärdades
1560 733 62 32 den
1647 734 40 31 14
1709 733 73 38 juni

279 785 85 31 1918
388 782 55 40 (nr
462 783 96 40 380),
577 784 62 32 den
660 785 39 31 19
718 784 74 38 juni
813 785 84 31 1919
921 782 57 40 (nr
997 783 96 39 331),
1114 784 62 32 den
1196 785 40 31 30
1256 784 72 38 juni
1346 784 87 32 1920
1458 783 56 40 (nr
1533 783 81 40 361)
1638 783 61 32 och
1720 783 61 32 den

279 836 39 31 17
336 834 73 38 juni
427 836 82 31 1921
533 833 56 40 (nr
606 833 96 40 309).
730 835 75 31 Den
821 835 83 32 sista
921 846 42 20 av
981 835 97 31 dessa
1094 834 109 32 skulle
1220 839 66 33 äga
1303 834 160 38 giltighet
1480 834 53 32 till
1550 834 60 31 och
1626 833 75 32 med
1719 833 62 32 den

279 886 40 32 30
345 885 183 38 september
554 886 94 31 1923.
684 886 18 31 I
727 885 207 39 proposition
960 886 95 38 1922,
1080 897 39 19 nr
1143 886 74 38 250,
1243 885 148 38 föreslog
1416 884 128 39 Kungl.
1569 884 103 38 Maj:t
1695 884 85 32 riks-

278 936 118 38 dagen,
417 939 49 29 att
484 936 144 32 nämnda
647 936 58 38 lag
725 936 109 32 skulle
854 936 127 32 erhålla
1000 935 160 39 giltighet
1177 936 106 31 under
1302 935 199 39 ytterligare
1520 939 49 28 ett
1588 935 48 32 år.
1678 935 103 32 Detta

278 987 130 38 förslag
427 999 88 20 vann
535 987 30 38 ej
585 986 199 39 riksdagens
805 987 110 39 bifall,
935 987 110 32 vadan
1068 987 83 32 1921
1174 987 54 31 års
1250 986 58 38 lag
1328 986 117 32 trädde
1465 998 40 20 ur
1525 985 96 33 kraft
1639 985 59 32 vid
1719 985 61 32 den

279 1038 262 38 ursprungligen
572 1037 199 33 fastställda
802 1038 211 38 tidpunkten.

321 1089 18 32 I
361 1090 77 32 brev
460 1101 41 21 av
523 1101 126 21 samma
670 1090 66 38 dag
758 1101 68 21 som
848 1089 245 39 propositionen
1117 1088 189 33 anbefallde
1329 1087 127 39 Kungl.
1480 1088 103 37 Maj:t
1607 1086 173 39 socialsty-

277 1140 107 32 relsen
405 1143 59 35 att,
485 1140 87 32 efter
592 1140 300 38 länsstyrelsernas
914 1139 156 40 hörande,
1093 1139 71 32 före
1186 1139 62 32 den
1271 1140 16 31 1
1309 1138 174 32 november
1506 1139 83 31 1922
1612 1137 169 32 inkomma

277 1191 74 32 med
371 1190 156 39 yttrande
547 1191 60 31 och
627 1190 131 38 förslag
777 1190 70 33 dels
868 1190 53 32 till
940 1190 182 32 eventuellt
1140 1189 224 38 erforderliga
1384 1187 396 40 övergångsbestämmel-

277 1253 53 20 ser
348 1241 57 32 vid
424 1241 144 32 nämnda
589 1241 73 38 lags
682 1241 200 38 avveckling
902 1241 60 32 och
982 1240 70 33 dels
1073 1240 54 32 till
1147 1240 127 32 sådana
1294 1239 183 38 ändringar
1496 1239 12 31 i
1529 1239 61 31 den
1611 1238 170 32 allmänna

277 1292 363 38 hyreslagstiftningen
659 1291 81 32 eller
759 1291 107 32 andra
883 1290 443 39 författningsföreskrifter
1346 1302 41 20 av
1406 1290 73 32 icke
1498 1289 208 39 provisorisk
1725 1300 55 20 na-

278 1348 65 34 tur,
368 1354 68 21 som
460 1342 165 39 styrelsen
648 1342 112 32 kunde
785 1342 95 31 finna
903 1341 181 39 påkallade
1108 1341 60 32 och
1191 1340 165 38 lämpliga
1379 1340 53 32 för
1456 1344 51 28 att
1529 1340 87 32 efter
1641 1338 139 33 avveck-

277 1394 130 37 lingens
443 1392 260 39 genomförande
737 1392 193 32 underlätta
966 1391 189 33 åtkomsten
1179 1391 61 32 och
1263 1390 205 33 bevarandet
1491 1402 42 20 av
1556 1390 120 32 bostad
1700 1390 82 32 eller

277 1456 70 20 som
370 1444 97 38 eljest
490 1444 120 31 funnes
633 1455 82 20 vara
739 1442 203 33 motiverade
967 1454 43 20 av
1034 1442 39 32 de
1096 1442 104 31 under
1224 1440 557 39 hyresstegringslagstiftningens

278 1495 216 38 tillämpning
520 1505 113 21 vunna
661 1493 239 32 erfarenheter.
952 1493 18 32 I
1001 1492 209 33 sistnämnda
1239 1491 209 33 hänseenden
1478 1491 108 32 skulle
1616 1491 165 38 styrelsen

278 1545 140 32 särskilt
439 1545 197 38 undersöka,
660 1544 169 32 huruvida
852 1544 59 31 och
933 1544 44 38 på
999 1543 67 32 vad
1089 1546 69 29 sätt
1181 1542 262 38 stadigvarande
1466 1541 250 33 bestämmelser
1739 1553 42 20 av

278 1596 143 32 likartat
438 1595 149 33 innehåll
608 1607 69 20 som
699 1594 261 33 föreskrifterna
980 1594 12 31 i
1013 1595 18 31 8
1054 1593 18 39 8
1095 1596 16 29 7
1135 1605 95 20 mom.
1253 1596 88 29 samt
1361 1592 11 32 i
1395 1594 39 31 13
1456 1592 60 32 och
1539 1593 38 31 19
1601 1592 40 39 $$
1662 1592 11 31 i
1694 1593 85 31 1921

278 1648 55 31 års
360 1646 56 38 lag
447 1645 56 39 (nr
530 1645 80 40 309)
642 1645 185 39 lämpligen
851 1644 111 46 kunde
988 1644 180 32 meddelas.

323 1698 55 31 Av
401 1697 39 32 de
462 1697 12 31 i
497 1697 114 32 brevet
633 1696 148 37 angivna
803 1695 250 32 bestämmelser
1076 1695 11 31 i
1113 1695 82 31 1921
1222 1695 54 31 års
1301 1693 343 38 hyresstegringslag,
1669 1692 112 32 vilkas

276 1748 233 32 bibehållande
529 1747 100 32 borde
649 1746 219 37 undersökas,
890 1746 124 38 avsågo
1035 1747 19 31 8
1076 1745 18 39 $
1118 1747 16 30 7
1157 1757 96 20 mom.
1274 1744 217 38 legalisering
1512 1756 42 20 av
1574 1743 207 38 hyresbetal-

277 1799 83 38 ning
379 1810 58 27 per
456 1798 122 32 månad
598 1798 12 31 i
630 1797 102 38 fråga
752 1809 52 20 om
824 1796 275 39 smålägenheter,
1123 1797 39 31 13
1185 1795 18 39 $
1225 1795 192 32 kommunal
1437 1793 344 38 bostadsförmedling

279 1853 89 29 samt
392 1850 39 31 19
457 1848 18 39 8
500 1848 107 33 straff
630 1848 54 31 för
707 1846 213 39 hyresocker.

324 1899 108 33 Sedan
451 1898 270 38 socialstyrelsen
741 1898 62 31 den
821 1899 18 30 2
859 1897 169 32 december
1048 1898 83 31 1922
1151 1896 177 32 inkommit
1346 1895 73 32 med
1438 1895 166 32 anbefallt
1622 1894 159 38 yttrande

278 1951 61 32 och
362 1950 139 40 förslag,
524 1949 93 32 avlät
639 1948 129 38 Kungl.
792 1948 102 38 Maj:t
917 1948 84 32 1923
1024 1946 207 40 proposition
1260 1945 57 40 (nr
1339 1945 59 40 33)
1426 1945 54 32 till
1503 1945 180 38 riksdagen
1707 1944 74 32 med

279 2001 130 38 förslag
435 2000 53 32 till
515 2000 58 38 lag
599 1999 73 32 med
696 1999 94 32 vissa
816 1998 249 32 bestämmelser
1092 1997 140 32 rörande
1258 1997 97 38 hyra.
1406 1997 295 36 Socialstyrelsens
1730 1999 51 27 ut-

277 2051 135 32 låtande
432 2056 37 27 är
489 2051 109 32 såsom
617 2050 116 37 bilaga
753 2050 28 31 B
803 2049 96 38 fogat
918 2049 54 31 till
992 2048 259 39 propositionen.
1294 2044 87 36 Över
1401 2046 248 39 propositionen
1671 2057 110 26 avgav

278 2103 109 31 första
408 2101 224 38 lagutskottet
651 2100 176 32 utlåtande
852 2098 56 41 (nr
931 2097 51 39 6).
1029 2098 110 33 Sedan
1161 2098 192 38 riksdagen,
1377 2097 73 31 med
1472 2096 244 39 godkännande
1738 2108 43 19 av

278 2152 199 39 utlåtandet,
504 2152 53 32 för
583 2151 52 32 sin
660 2151 53 32 del
740 2150 133 38 antagit
897 2149 235 39 lagförslaget,
1158 2148 182 32 utfärdade
1367 2147 127 38 Kungl.
1522 2147 102 38 Maj:t
1650 2146 62 32 den
1740 2147 41 31 10

279 2215 88 20 mars
393 2204 83 31 1923
501 2203 54 37 lag
582 2201 73 32 med
678 2204 93 29 vissa
797 2200 247 33 bestämmelser
1068 2199 139 32 rörande
1231 2200 87 36 hyra
1348 2197 55 40 (nr
1426 2198 76 39 31).

323 2254 75 32 Vad
418 2253 105 38 angår
543 2252 182 32 innehållet
743 2252 12 31 i
775 2252 106 31 denna
900 2251 57 38 lag
977 2251 54 31 må
1050 2250 61 32 här
1130 2250 12 31 i
1161 2249 134 32 korthet
1315 2249 126 32 erinras
1462 2261 51 19 om
1535 2248 160 39 följande.

323 2305 18 32 I
360 2305 83 32 1—5
462 2303 40 39 88
521 2303 167 32 meddelas
704 2301 260 38 bestämmelser,
983 2300 271 38 huvudsakligen
1272 2299 182 38 åsyftande
1473 2303 51 28 att
1541 2299 129 38 reglera
1688 2298 92 32 vissa

278 2354 333 40 rättsförhållanden,
635 2365 70 20 som
728 2353 95 31 stodo
845 2353 11 30 i
879 2351 203 33 omedelbart
1106 2350 242 37 sammanhang
1371 2350 146 39 därmed,
1542 2353 51 28 att
1617 2350 83 31 1921
1724 2350 55 30 års

277 2404 332 40 hyresstegringslag
631 2403 174 39 upphörde
830 2406 51 28 att
902 2402 103 38 gälla.
1052 2401 62 32 Om
1138 2406 42 27 än
1204 2400 149 33 formellt
1377 2412 42 20 av
1441 2399 262 39 stadigvarande
1727 2398 53 33 be-
