1860 2784
291 157 19 30 2
567 159 406 37 Bevillningsutskottets
995 162 219 32 betänkande
1234 172 43 22 nr
1297 164 42 30 27
1359 165 40 29 år
1421 166 84 29 1955

735 266 62 24 Gift
822 266 196 30 skattskyldig
1257 268 229 26 Ensamstående
1507 270 196 30 skattskyldig

661 333 117 36 Statligt
927 334 188 37 Kommunalt
1265 340 119 29 Statligt
1531 342 190 25 Kommunalt

634 373 169 28 ortsavdrag
935 375 169 29 ortsavdrag
1238 376 171 29 ortsavdrag
1539 379 171 28 ortsavdrag

695 404 46 37 Kr.
998 406 47 37 Kr.
1299 407 47 38 Kr.
1601 414 47 24 Kr.

305 495 160 29 Ortsgrupp
499 496 11 23 I
680 496 15 25 3
706 497 50 24 360
982 499 12 23 1
1008 499 50 24 680
1283 502 12 23 1
1309 501 50 24 680
1586 503 76 24 1180

387 538 14 16 »
485 531 24 24 H
679 532 14 25 3
705 533 50 24 520
981 534 76 24 1760
1282 537 12 23 1
1309 536 49 26 760
1586 538 75 25 1230

387 574 14 16 »
470 567 40 23 III
679 568 15 24 3
705 568 51 24 680
980 570 12 24 1
1006 570 50 24 840
1284 573 11 23 1
1309 572 51 24 840
1586 574 75 24 1290

387 609 14 17 >
475 602 36 24 IV
679 603 14 25 3
705 604 50 24 840
980 605 76 25 1920
1283 608 76 24 1920
1585 609 75 25 1340

383 633 19 38 på
483 634 28 38 Vv
679 639 16 24 4
705 639 51 24 000
978 641 15 23 2
1005 641 50 24 000
1283 643 14 24 2
1309 643 51 25 000
1586 645 75 24 1400

335 780 65 30 Vid
421 781 246 31 fastställande
688 791 42 21 av
751 783 101 30 dessa
873 783 125 39 belopp
1020 784 55 30 för
1094 786 251 37 ortsavdragen
1367 787 119 37 utgick
1507 797 83 20 man
1612 787 94 31 ifrån
1728 790 50 28 att

290 833 242 37 spännvidden
559 835 11 29 i
597 835 374 39 skattegrupperingen
997 838 113 30 skulle
1138 838 127 30 liksom
1293 840 11 29 i
1330 839 337 39 lönegrupperingen
1695 850 83 21 vara

290 886 41 30 16
353 889 143 35 procent
518 888 66 29 och
607 890 51 28 att
680 888 200 31 skillnaden
902 890 129 30 mellan
1054 892 250 37 ortsavdragen
1328 892 56 30 för
1407 892 57 30 två
1487 893 92 30 intill
1603 894 173 30 varandra

288 940 160 37 liggande
469 942 227 36 ortsgrupper
719 941 150 32 sålunda
892 943 113 30 skulle
1027 945 177 29 motsvara
1227 945 20 29 4
1269 947 147 35 procent
1438 955 42 21 av
1502 947 241 37 ortsavdraget
1767 947 10 29 i

288 993 125 38 högsta
439 993 130 37 dyrort.
596 993 129 31 Genom
752 996 51 29 att
830 1004 146 22 numera
1002 997 124 30 endast
1152 997 78 37 fyra
1256 999 228 37 ortsgrupper
1510 999 176 37 utnyttjas
1712 999 64 30 har

289 1047 242 36 spännvidden
553 1047 155 31 minskat
730 1048 80 30 från
834 1048 40 30 16
895 1049 52 29 till
971 1049 38 30 12
1031 1052 155 35 procent.

333 1153 214 37 Spörsmålet
564 1163 56 21 om
639 1154 91 30 löne-
747 1154 65 30 och
829 1155 391 38 skattegrupperingens
1238 1157 220 38 utformning
1474 1158 66 30 har
1557 1159 146 37 tidigare
1720 1159 57 30 vid

288 1206 95 31 olika
403 1207 163 30 tillfällen
588 1208 106 30 sedan
715 1208 39 30 år
777 1208 84 30 1948
881 1208 91 32 varit
993 1209 146 31 föremål
1161 1210 55 30 för
1237 1210 205 38 riksdagens
1463 1212 314 37 uppmärksamhet

287 1260 12 29 1
327 1260 188 38 anledning
542 1270 42 21 av
610 1262 52 29 till
691 1262 262 31 statsutskottet
979 1263 191 31 hänvisade
1197 1264 173 30 motioner
1403 1264 66 37 (jfr
1497 1266 280 30 statsutskottets

288 1313 63 30 utl.
377 1323 42 20 nr
442 1313 185 37 220/1948,
654 1314 183 36 183/1949,
861 1315 162 35 98/1950,
1050 1315 167 35 132/1951
1245 1317 65 30 och
1335 1316 184 37 54/1954).
1544 1318 13 29 I
1582 1319 100 29 dessa
1706 1327 72 21 mo-

288 1367 114 30 tioner
422 1367 64 31 har
507 1368 134 36 yrkats,
663 1370 50 30 att
735 1369 398 38 dyrortsgrupperingen
1153 1370 107 30 borde
1282 1371 175 30 revideras
1479 1372 65 29 och
1567 1372 10 29 i
1599 1372 92 30 vissa
1715 1372 61 30 fall

288 1421 88 30 även
400 1422 51 29 att
474 1422 66 29 den
561 1421 110 31 borde
693 1421 72 31 helt
790 1422 192 31 avskaffas.
1005 1423 72 30 Här
1100 1424 56 29 må
1180 1424 149 31 allenast
1352 1426 160 33 nämnas,
1536 1427 52 28 att
1609 1426 57 29 vid
1693 1425 83 30 1949

287 1474 57 31 års
363 1474 140 38 riksdag
518 1475 128 30 väckta
663 1475 173 31 motioner
853 1485 56 21 om
927 1476 232 31 avskaffande
1176 1485 42 21 av
1234 1478 309 36 dyrortssystemet
1559 1488 45 20 m.
1622 1488 44 20 m.
1685 1481 91 27 samt

286 1537 58 20 om
368 1528 167 37 slopande
559 1538 42 21 av
625 1529 110 37 lägsta
759 1530 298 37 dyrortsgruppen
1081 1532 149 36 upptogs
1254 1530 53 31 till
1331 1531 213 38 behandling
1568 1541 41 21 av
1632 1534 144 28 statsut-

288 1581 131 31 skottet
440 1582 10 29 i
473 1582 78 30 dess
573 1582 180 30 utlåtande
774 1592 43 20 nr
841 1582 72 31 183.
936 1583 177 30 Utskottet
1133 1584 147 30 anförde
1301 1584 45 30 bl.
1368 1594 41 25 a.,
1432 1586 50 29 att
1504 1585 171 30 utskottet
1697 1586 77 29 med

285 1634 140 38 hänsyn
443 1635 52 30 till
514 1636 52 29 att
584 1635 196 38 betydande
798 1636 171 30 olikheter
986 1636 12 30 i
1015 1636 383 31 levnadskostnaderna
1414 1637 44 38 på
1475 1638 95 30 olika
1585 1639 93 29 orter
1697 1638 76 30 allt-

283 1688 92 37 jämt
404 1689 151 37 förelåge
580 1690 78 29 icke
685 1690 118 29 kunde
831 1690 177 37 tillstyrka
1037 1691 166 37 förslaget
1229 1700 57 21 om
1314 1692 188 37 utredning
1530 1692 164 37 syftande
1721 1693 52 29 till
1804 1690 3 3 '

285 1743 327 36 dyrortssystemets
631 1743 243 30 avskaffande.
894 1743 40 37 Ej
955 1743 108 31 heller
1082 1744 117 30 kunde
1217 1745 172 30 utskottet
1408 1745 76 30 dela
1502 1745 271 37 uppfattningen

286 1798 52 28 att
359 1797 186 36 ortsgrupp
569 1796 14 29 1
606 1796 107 30 borde
733 1797 117 36 slopas
871 1797 65 30 och
958 1799 50 28 att
1030 1799 273 36 ortsgrupperna
1327 1798 14 29 1
1366 1798 65 30 och
1452 1797 18 30 2
1493 1798 44 30 då
1556 1798 107 31 borde
1684 1808 89 21 sam-

283 1849 167 35 manslås,
469 1850 86 29 även
574 1859 57 20 om
650 1850 65 29 den
733 1850 162 37 gällande
912 1850 222 38 indelningen
1153 1851 11 29 i
1182 1851 41 29 de
1242 1851 112 37 lägsta
1372 1852 207 36 dyrorterna
1597 1852 175 29 måhända

282 1902 86 37 gåve
392 1902 141 37 upphov
558 1903 53 30 till
636 1912 41 21 en
703 1904 53 29 del
782 1903 232 37 ojämnheter.
1039 1904 75 29 Den
1140 1904 221 30 förestående
1387 1904 385 37 kommunindelnings-

283 1956 176 30 reformen
481 1956 142 31 komme
644 1958 51 29 att
716 1957 159 30 medföra
897 1958 293 36 genomgripande
1214 1957 247 38 förändringar
1483 1958 223 30 beträffande
1730 1958 42 29 ri-

282 2009 78 30 kets
385 2009 203 37 landsbygd,
612 2010 93 30 vilka
730 2010 247 37 förändringar
1000 2011 87 29 även
1110 2011 139 29 komme
1273 2012 51 29 att
1348 2011 212 37 återspeglas
1584 2010 10 29 i
1619 2012 153 35 dyrorts-

282 2062 235 38 indelningen.
542 2063 67 29 Det
633 2064 118 36 syntes
777 2063 172 30 utskottet
975 2063 179 38 antagligt,
1180 2064 51 29 att
1256 2063 154 30 flertalet
1434 2072 43 21 av
1499 2064 43 30 de
1567 2064 204 30 nuvarande

281 2116 330 38 skiljaktigheterna
640 2116 128 30 mellan
796 2118 245 36 angränsande
1067 2117 65 30 och
1160 2118 223 30 strukturellt
1412 2118 171 31 likartade
1609 2118 162 30 kommu-

281 2178 64 21 ner
365 2169 120 30 därvid
506 2169 114 31 skulle
641 2169 142 31 komma
804 2171 51 28 att
875 2170 210 30 elimineras.
1106 2169 117 38 Enligt
1241 2170 190 31 utskottets
1452 2171 141 37 mening
1612 2179 80 22 vore
1712 2171 57 29 det

280 2223 78 30 icke
386 2223 157 37 lämpligt
571 2225 51 28 att
649 2231 123 29 genom
801 2224 150 37 angivna
979 2224 121 37 åtgärd
1130 2224 173 37 föregripa
1333 2225 43 29 de
1403 2225 147 30 resultat
1578 2225 10 29 i
1615 2226 154 28 nämnda

280 2276 211 35 hänseende,
526 2285 75 21 som
635 2276 140 30 komme
808 2278 52 29 att
895 2276 199 31 föranledas
1129 2286 42 20 av
1205 2276 563 38 kommunindelningsreformen.

279 2329 103 31 Först
402 2331 63 28 när
485 2331 114 29 denna
618 2330 227 37 genomförts,
865 2330 106 30 borde
989 2347 45 4 —
1052 2340 56 20 om
1129 2331 56 30 det
1204 2330 44 30 då
1267 2330 173 31 befunnes
1460 2330 157 38 påkallat
1635 2348 45 3 —
1700 2330 69 30 frå-

278 2391 68 29 gan
378 2385 53 29 tas
461 2393 71 27 upp
563 2384 52 29 till
648 2383 148 37 förnyad
828 2383 181 37 prövning.
1041 2383 177 30 Utskottet
1249 2383 219 35 hemställde,
1500 2385 50 29 att
1582 2383 186 37 riksdagen

279 2436 110 31 måtte
409 2437 10 29 i
440 2436 168 31 skrivelse
630 2436 51 30 till
703 2436 126 38 Kungl.
850 2436 106 37 Maj:t
975 2436 78 38 giva
1072 2436 51 31 till
1144 2436 118 31 känna
1282 2437 65 29 vad
1368 2436 172 31 utskottet
1560 2436 128 30 anfört.
1707 2435 60 31 Ut-

279 2491 149 29 skottets
450 2490 211 30 hemställan
683 2490 118 30 bifölls
826 2500 42 20 av
892 2490 195 37 riksdagen.
