2216 2648
468 225 38 30 14
918 225 247 33 Statsutskottets
1192 224 168 34 Utlåtande
1383 225 65 33 N:o
1470 226 20 30 6
1502 225 27 31 b.

423 303 162 49 menligt
605 304 161 48 stördes,
788 304 327 50 ändamålsenliga
1136 304 179 49 öfningar
1336 304 112 36 äfven
1470 304 58 37 för
1548 304 46 37 de
1615 305 57 35 för
1690 303 156 37 flottans
1866 304 136 36 beman

425 356 93 49 ning
560 356 156 36 afsedda
748 356 265 50 värnpligtige
1047 357 127 36 kunna
1211 356 122 36 under
1362 356 158 48 ledning
1549 356 42 37 af
1614 356 155 37 flottans
1799 361 89 43 eget
1915 355 100 37 befäl

423 407 85 37 hela
550 408 74 36 den
667 407 65 49 tid,
776 421 80 23 som
901 408 120 48 enligt
1065 407 334 50 värnpligtslagen
1446 421 89 23 vore
1582 408 56 36 för
1680 407 112 37 dessa
1836 407 179 48 öfningar

423 459 183 47 bestämd,
650 459 190 37 anordnas
882 461 122 35 under
1037 459 292 49 förutsättning,
1359 465 56 31 att
1442 459 86 36 hela
1557 459 73 37 den
1658 459 355 49 beväringsstyrka,

423 524 80 24 som
535 511 127 37 kunde
690 511 198 37 förväntas
918 512 144 49 årligen
1093 512 153 36 inställa
1275 512 63 48 sig
1366 511 57 36 till
1452 512 275 49 vapenöfning,
1757 510 84 37 icke
1862 516 152 31 väsent-

422 563 71 49 ligt
521 564 219 48 öfverstege
771 565 74 35 950
874 576 87 24 man
991 564 62 36 vid
1085 564 236 36 Karlskrona
1342 563 140 37 station
1505 563 71 37 och
1597 564 74 36 400
1688 576 87 23 man
1797 562 62 37 vid
1881 561 133 38 Stock-

421 615 123 36 holms
573 615 151 36 station.

551 666 223 37 Kostnaden
804 667 58 36 för
890 667 316 49 sjöbeväringens
1236 667 292 49 vapenöfvande
1556 669 47 47 på
1619 666 69 37 här
1704 666 212 48 föreslaget
1940 670 75 32 sätt

422 718 97 37 hade
541 718 412 50 marinförvaltningen
973 719 186 36 beräknat
1180 719 56 36 för
1255 732 46 23 en
1323 718 133 49 styrka
1476 718 38 37 af
1535 720 110 45 1,350
1667 731 85 23 man
1773 717 56 37 till
1851 719 161 46 303,271

423 770 151 47 kronor,
609 770 154 36 hvartill
797 771 152 36 komme
986 771 215 36 kostnaden
1231 770 58 37 för
1316 771 75 36 den
1420 770 226 49 ytterligare
1676 769 228 48 beklädnad,
1934 782 79 23 som

424 822 57 36 för
513 822 369 50 sjötjenstgöringen
920 822 250 49 erfordradeg,
1200 822 158 37 hvilken
1389 822 163 37 kostnad
1583 821 204 37 beräknats
1817 821 58 36 för
1907 823 108 46 1,500

423 887 85 23 man
538 874 58 36 till
628 876 137 46 75,660
794 874 153 37 kronor.

550 925 411 50 Marinförvaltningen
982 926 96 36 hade
1095 929 47 46 på
1158 925 124 50 grund
1301 925 42 36 af
1354 925 99 36 hvad
1471 925 158 36 sålunda
1646 925 156 46 anförts,
1818 924 196 37 hemstält:

550 977 81 37 dels
661 984 54 30 att
743 991 47 22 en
820 978 328 48 omorganisation
1178 978 41 36 af
1243 978 332 48 sjömanscorpsen
1604 977 12 35 i
1645 976 172 49 enlighet
1845 976 87 37 med
1952 977 63 36 det

424 1029 145 49 afgifna
598 1029 185 49 förslaget
813 1033 117 33 måtte
960 1030 187 49 vidtagas,
1177 1030 157 36 hvarom
1364 1028 284 49 framställning
1677 1028 116 37 borde
1821 1033 115 45 göras
1960 1028 56 36 till

423 1081 238 48 Riksdagen;

549 1133 82 36 dels
673 1133 70 37 ock
784 1139 67 41 att,
895 1133 129 37 derest
1065 1132 440 50 beväringsöfningarna
1547 1135 165 45 ansåges
1750 1131 91 37 böra
1876 1132 139 36 ordnas

423 1184 123 49 enligt
579 1185 75 36 den
687 1185 212 49 framlagda
933 1185 150 49 planen,
1122 1187 32 47 ej
1186 1185 146 36 mindre
1362 1184 72 37 den
1464 1184 222 48 förhöjning
1714 1183 12 36 i
1756 1183 176 49 anslaget
1959 1183 57 37 för

423 1236 317 49 sjöbeväringens
776 1236 307 50 vapenöfningar
1120 1251 48 23 m.
1205 1251 60 34 m.,
1303 1250 81 23 som
1416 1236 239 36 erfordrades
1683 1236 58 36 för
1769 1235 246 36 bestridande

422 1288 43 36 af
499 1289 46 36 de
586 1289 122 36 ökade
750 1289 257 36 kostnaderna
1047 1289 58 37 för
1137 1290 111 36 dessa
1287 1288 188 49 öfningar,
1509 1292 47 32 än
1598 1288 69 36 ock
1702 1287 123 37 medel
1860 1287 58 36 för
1950 1300 65 23 an-

422 1340 195 36 skaffande
659 1341 42 36 af
728 1341 72 36 den
835 1342 42 35 af
906 1341 228 49 öfningarna
1168 1340 222 37 föranledda
1423 1339 257 48 tillökningen
1714 1340 10 35 i
1757 1339 258 49 beväringens

421 1391 216 37 beklädnad
666 1396 116 33 måtte
812 1393 172 36 beredas.

549 1444 410 49 Departementchefen
1000 1448 143 46 ansåge
1177 1445 12 35 i
1220 1445 121 36 likhet
1376 1443 86 37 med
1496 1442 412 49 marinförvaltningen
1944 1442 70 36 och

422 1496 134 36 chefen
586 1496 58 36 för
671 1496 155 36 flottans
856 1497 84 36 stab
971 1502 64 42 att,
1067 1500 40 33 så
1134 1497 113 36 framt
1268 1497 204 47 sjövapnet
1492 1495 122 36 skulle
1634 1495 130 36 kunna
1783 1495 10 35 i
1814 1494 203 36 behofvets

422 1547 114 37 stund
578 1548 170 49 påräkna
791 1551 119 45 något
950 1548 169 48 verkligt
1157 1562 105 35 gagn
1302 1548 86 36 utaf
1422 1547 45 36 de
1502 1547 56 36 för
1592 1547 156 36 flottans
1781 1545 235 49 bemanning

423 1599 155 37 afsedda
620 1599 275 50 värnpligtige,
937 1600 111 36 dessa
1086 1603 119 33 måste
1240 1600 123 36 under
1396 1599 85 36 hela
1514 1599 73 36 den
1616 1597 230 37 föreskrifna
1874 1610 142 37 vapen-

420 1651 263 50 öfningstiden
714 1653 107 35 öfvas
851 1651 64 37 vid
944 1652 131 36 flottan
1106 1652 67 36 och
1205 1652 122 36 under
1354 1651 89 37 dess
1472 1650 117 45 befäl;
1620 1650 69 36 och
1710 1650 47 36 då
1783 1650 117 48 detta,
1921 1650 95 36 efter

421 1703 98 37 hvad
540 1703 127 37 utredt
687 1703 138 48 blifvit,
850 1704 85 36 icke
960 1710 90 30 utan
1072 1703 191 49 väsentlig
1282 1702 211 49 tillökning
1517 1702 41 36 af
1573 1702 155 36 flottans
1749 1702 105 36 såväl
1876 1701 140 37 befäls-

422 1755 71 36 och
522 1755 427 49 underbefälspersonal
978 1769 79 23 som
1088 1756 168 36 materiel
1286 1755 124 37 skulle
1434 1754 75 36 låta
1529 1754 61 48 sig
1609 1759 94 43 göra
1723 1754 86 36 med
1831 1753 185 49 sjömans-

421 1820 180 36 corpsens
631 1808 219 36 nuvarande
880 1807 260 49 organisation
1171 1807 239 47 oförändrad,
1441 1820 85 22 men
1557 1808 171 34 deremot
1757 1806 127 36 kunde
1904 1805 111 36 verk-

420 1859 131 36 ställas
590 1860 84 36 med
712 1859 140 37 sådana
886 1859 267 49 förändringar
1185 1859 11 36 i
1230 1860 125 36 denna
1389 1858 274 48 organisation,
1698 1871 81 23 som
1816 1856 199 37 marinför-

421 1910 221 49 valtningen
687 1911 210 49 föreslagit,
940 1915 142 45 ansåge
1125 1910 424 50 departementschefen
1592 1910 111 36 dessa
1744 1910 93 36 böra
1865 1914 151 31 snarast

422 1963 149 49 möjligt
613 1962 258 49 genomföras.
935 1964 82 36 Den
1060 1962 225 49 minskning
1326 1963 11 36 i
1376 1968 210 31 stammens
1628 1966 188 42 numerär,
1859 1960 155 37 hvilken

421 2014 227 49 härigenom
692 2014 124 37 skulle
858 2015 232 49 uppkomma
1132 2014 85 37 med
1260 2014 202 37 nominielt
1497 2016 83 41 500,
1614 2027 85 23 men
1728 2012 163 37 faktiskt
1919 2013 97 36 blott

421 2067 182 48 omkring
645 2069 74 35 200
762 2080 99 35 man,
898 2067 70 36 och
1002 2067 157 37 hvilken
1196 2066 227 48 minskning
1455 2065 85 38 icke
1574 2065 148 37 komme
1755 2071 55 30 att
1844 2064 171 37 medföra

421 2121 130 45 någon
581 2119 252 48 nedsättning
861 2119 12 35 i
903 2119 143 36 antalet
1075 2117 335 51 specialutbildadt
1436 2117 185 49 manskap
1642 2118 41 36 af
1698 2118 45 36 de
1764 2116 95 38 båda
1878 2116 140 49 högsta

421 2170 491 48 tjenstbarhetsklasserna,
942 2177 134 43 syntes
1106 2170 60 36 väl
1192 2174 200 44 motvägas
1422 2170 80 36 dels
1530 2169 42 36 af
1596 2169 71 36 den
1697 2168 265 47 förstärkning
1980 2167 43 36 af

422 2223 73 35 500
537 2236 99 34 man,
680 2236 80 23 som
800 2223 71 36 den
908 2222 174 49 ständigt
1116 2221 291 49 tjenstgörande
1436 2222 111 36 delen
1577 2221 41 36 af
1642 2227 187 31 stammen
1859 2218 156 48 erhölle,

419 2274 81 36 dels
533 2274 42 36 af
603 2275 74 36 den
716 2274 292 49 fullständigare
1041 2275 147 48 öfoing,
1221 2287 81 23 som
1338 2274 11 35 i
1383 2273 94 50 följd
1512 2273 41 37 af
1581 2272 275 48 förändringen
1885 2269 129 38 kunde

419 2326 159 37 beredas
607 2327 47 37 de
684 2325 272 51 värnpligtige,
986 2326 130 37 hvilka
1148 2328 48 48 på
1221 2326 136 36 sådant
1378 2329 75 33 sätt
1473 2325 127 37 blefve
1620 2325 11 36 i
1652 2323 146 38 tillfälle
1819 2327 55 31 att
1895 2321 120 39 delvis
