<?xml version="1.0" encoding="UTF-8"?>
<alto xmlns="http://www.loc.gov/standards/alto/ns-v3#" xmlns:xlink="http://www.w3.org/1999/xlink" xmlns:xsi="http://www.w3.org/2001/XMLSchema-instance" xsi:schemaLocation="http://www.loc.gov/standards/alto/ns-v3# http://www.loc.gov/alto/v3/alto-3-0.xsd">
	<Description>
		<MeasurementUnit>pixel</MeasurementUnit>
		<sourceImageInformation>
			<fileName>/tmp/tess_io1m8c46_input.PNG</fileName>
		</sourceImageInformation>
		<OCRProcessing ID="OCR_0">
			<ocrProcessingStep>
				<processingSoftware>
					<softwareName>tesseract 5.3.0</softwareName>
				</processingSoftware>
			</ocrProcessingStep>
		</OCRProcessing>
	</Description>
	<Layout>
		<Page WIDTH="1868" HEIGHT="2780" PHYSICAL_IMG_NR="0" ID="page_0">
			<PrintSpace HPOS="0" VPOS="0" WIDTH="1868" HEIGHT="2780">
				<ComposedBlock ID="cblock_0" HPOS="254" VPOS="158" WIDTH="1135" HEIGHT="40">
					<TextBlock ID="block_0" HPOS="254" VPOS="158" WIDTH="1135" HEIGHT="40">
						<TextLine ID="line_0" HPOS="254" VPOS="158" WIDTH="1135" HEIGHT="40">
							<String ID="string_0" HPOS="254" VPOS="158" WIDTH="37" HEIGHT="29" WC="0.95" CONTENT="12"/><SP WIDTH="321" VPOS="158" HPOS="291"/>
							<String ID="string_1" HPOS="612" VPOS="158" WIDTH="406" HEIGHT="40" WC="0.91" CONTENT="Bevillningsutskottets"/><SP WIDTH="22" VPOS="158" HPOS="1018"/>
							<String ID="string_2" HPOS="1040" VPOS="159" WIDTH="217" HEIGHT="30" WC="0.96" CONTENT="betänkande"/><SP WIDTH="20" VPOS="159" HPOS="1257"/>
							<String ID="string_3" HPOS="1277" VPOS="169" WIDTH="42" HEIGHT="19" WC="0.95" CONTENT="nr"/><SP WIDTH="20" VPOS="169" HPOS="1319"/>
							<String ID="string_4" HPOS="1339" VPOS="159" WIDTH="50" HEIGHT="29" WC="0.95" CONTENT="48."/>
						</TextLine>
					</TextBlock>
				</ComposedBlock>
				<ComposedBlock ID="cblock_1" HPOS="250" VPOS="241" WIDTH="1509" HEIGHT="1243">
					<TextBlock ID="block_1" HPOS="250" VPOS="241" WIDTH="1509" HEIGHT="1243">
						<TextLine ID="line_1" HPOS="254" VPOS="241" WIDTH="1501" HEIGHT="38">
							<String ID="string_5" HPOS="254" VPOS="241" WIDTH="161" HEIGHT="38" WC="0.95" CONTENT="Fackliga"/><SP WIDTH="34" VPOS="241" HPOS="415"/>
							<String ID="string_6" HPOS="449" VPOS="241" WIDTH="277" HEIGHT="38" WC="0.95" CONTENT="organisationer"/><SP WIDTH="33" VPOS="241" HPOS="726"/>
							<String ID="string_7" HPOS="759" VPOS="250" WIDTH="42" HEIGHT="20" WC="0.96" CONTENT="av"/><SP WIDTH="32" VPOS="250" HPOS="801"/>
							<String ID="string_8" HPOS="833" VPOS="242" WIDTH="65" HEIGHT="28" WC="0.96" CONTENT="den"/><SP WIDTH="34" VPOS="242" HPOS="898"/>
							<String ID="string_9" HPOS="932" VPOS="241" WIDTH="168" HEIGHT="30" WC="0.96" CONTENT="karaktär"/><SP WIDTH="31" VPOS="241" HPOS="1100"/>
							<String ID="string_10" HPOS="1131" VPOS="250" WIDTH="74" HEIGHT="20" WC="0.92" CONTENT="som"/><SP WIDTH="34" VPOS="250" HPOS="1205"/>
							<String ID="string_11" HPOS="1239" VPOS="241" WIDTH="516" HEIGHT="38" WC="0.90" CONTENT="tjänstemannasammanslut-"/>
						</TextLine>
						<TextLine ID="line_2" HPOS="254" VPOS="288" WIDTH="1502" HEIGHT="42">
							<String ID="string_12" HPOS="254" VPOS="288" WIDTH="171" HEIGHT="40" WC="0.96" CONTENT="ningarna"/><SP WIDTH="23" VPOS="288" HPOS="425"/>
							<String ID="string_13" HPOS="448" VPOS="290" WIDTH="87" HEIGHT="38" WC="0.96" CONTENT="ägde"/><SP WIDTH="22" VPOS="290" HPOS="535"/>
							<String ID="string_14" HPOS="557" VPOS="299" WIDTH="79" HEIGHT="21" WC="0.95" CONTENT="vore"/><SP WIDTH="22" VPOS="299" HPOS="636"/>
							<String ID="string_15" HPOS="658" VPOS="290" WIDTH="78" HEIGHT="30" WC="0.96" CONTENT="icke"/><SP WIDTH="24" VPOS="290" HPOS="736"/>
							<String ID="string_16" HPOS="760" VPOS="290" WIDTH="143" HEIGHT="40" WC="0.96" CONTENT="möjliga"/><SP WIDTH="23" VPOS="290" HPOS="903"/>
							<String ID="string_17" HPOS="926" VPOS="292" WIDTH="51" HEIGHT="28" WC="0.96" CONTENT="att"/><SP WIDTH="24" VPOS="292" HPOS="977"/>
							<String ID="string_18" HPOS="1001" VPOS="291" WIDTH="238" HEIGHT="39" WC="0.96" CONTENT="upprätthålla"/><SP WIDTH="24" VPOS="291" HPOS="1239"/>
							<String ID="string_19" HPOS="1263" VPOS="293" WIDTH="85" HEIGHT="27" WC="0.96" CONTENT="utan"/><SP WIDTH="25" VPOS="293" HPOS="1348"/>
							<String ID="string_20" HPOS="1373" VPOS="301" WIDTH="43" HEIGHT="19" WC="0.96" CONTENT="en"/><SP WIDTH="25" VPOS="301" HPOS="1416"/>
							<String ID="string_21" HPOS="1441" VPOS="292" WIDTH="218" HEIGHT="29" WC="0.93" CONTENT="omfattande"/><SP WIDTH="26" VPOS="292" HPOS="1659"/>
							<String ID="string_22" HPOS="1685" VPOS="294" WIDTH="71" HEIGHT="27" WC="0.93" CONTENT="stu-"/>
						</TextLine>
						<TextLine ID="line_3" HPOS="255" VPOS="338" WIDTH="1502" HEIGHT="43">
							<String ID="string_23" HPOS="255" VPOS="338" WIDTH="280" HEIGHT="31" WC="0.92" CONTENT="dieverksamhet"/><SP WIDTH="22" VPOS="338" HPOS="535"/>
							<String ID="string_24" HPOS="557" VPOS="347" WIDTH="122" HEIGHT="31" WC="0.95" CONTENT="genom"/><SP WIDTH="23" VPOS="347" HPOS="679"/>
							<String ID="string_25" HPOS="702" VPOS="340" WIDTH="118" HEIGHT="30" WC="0.95" CONTENT="vilken"/><SP WIDTH="26" VPOS="340" HPOS="820"/>
							<String ID="string_26" HPOS="846" VPOS="341" WIDTH="275" HEIGHT="29" WC="0.91" CONTENT="medlemmarna"/><SP WIDTH="25" VPOS="341" HPOS="1121"/>
							<String ID="string_27" HPOS="1146" VPOS="342" WIDTH="131" HEIGHT="28" WC="0.87" CONTENT="crhölle"/><SP WIDTH="23" VPOS="342" HPOS="1277"/>
							<String ID="string_28" HPOS="1300" VPOS="341" WIDTH="148" HEIGHT="29" WC="0.96" CONTENT="insikter"/><SP WIDTH="25" VPOS="341" HPOS="1448"/>
							<String ID="string_29" HPOS="1473" VPOS="342" WIDTH="11" HEIGHT="28" WC="0.96" CONTENT="i"/><SP WIDTH="26" VPOS="342" HPOS="1484"/>
							<String ID="string_30" HPOS="1510" VPOS="342" WIDTH="161" HEIGHT="39" WC="0.93" CONTENT="fackliga,"/><SP WIDTH="26" VPOS="342" HPOS="1671"/>
							<String ID="string_31" HPOS="1697" VPOS="351" WIDTH="60" HEIGHT="20" WC="0.92" CONTENT="na-"/>
						</TextLine>
						<TextLine ID="line_4" HPOS="255" VPOS="389" WIDTH="1502" HEIGHT="41">
							<String ID="string_32" HPOS="255" VPOS="389" WIDTH="350" HEIGHT="35" WC="0.91" CONTENT="tionalekonomiska,"/><SP WIDTH="28" VPOS="389" HPOS="605"/>
							<String ID="string_33" HPOS="633" VPOS="391" WIDTH="129" HEIGHT="29" WC="0.96" CONTENT="sociala"/><SP WIDTH="27" VPOS="391" HPOS="762"/>
							<String ID="string_34" HPOS="789" VPOS="391" WIDTH="64" HEIGHT="29" WC="0.96" CONTENT="och"/><SP WIDTH="27" VPOS="391" HPOS="853"/>
							<String ID="string_35" HPOS="880" VPOS="391" WIDTH="180" HEIGHT="30" WC="0.95" CONTENT="allmänna"/><SP WIDTH="26" VPOS="391" HPOS="1060"/>
							<String ID="string_36" HPOS="1086" VPOS="391" WIDTH="297" HEIGHT="39" WC="0.96" CONTENT="samhällsfrågor."/><SP WIDTH="28" VPOS="391" HPOS="1383"/>
							<String ID="string_37" HPOS="1411" VPOS="392" WIDTH="53" HEIGHT="29" WC="0.96" CONTENT="En"/><SP WIDTH="28" VPOS="392" HPOS="1464"/>
							<String ID="string_38" HPOS="1492" VPOS="392" WIDTH="55" HEIGHT="29" WC="0.96" CONTENT="del"/><SP WIDTH="26" VPOS="392" HPOS="1547"/>
							<String ID="string_39" HPOS="1573" VPOS="402" WIDTH="41" HEIGHT="20" WC="0.96" CONTENT="av"/><SP WIDTH="27" VPOS="402" HPOS="1614"/>
							<String ID="string_40" HPOS="1641" VPOS="393" WIDTH="116" HEIGHT="29" WC="0.96" CONTENT="denna"/>
						</TextLine>
						<TextLine ID="line_5" HPOS="253" VPOS="443" WIDTH="1500" HEIGHT="35">
							<String ID="string_41" HPOS="253" VPOS="443" WIDTH="233" HEIGHT="33" WC="0.96" CONTENT="verksamhet,"/><SP WIDTH="27" VPOS="443" HPOS="486"/>
							<String ID="string_42" HPOS="513" VPOS="443" WIDTH="43" HEIGHT="29" WC="0.96" CONTENT="bl."/><SP WIDTH="27" VPOS="443" HPOS="556"/>
							<String ID="string_43" HPOS="583" VPOS="453" WIDTH="29" HEIGHT="19" WC="0.96" CONTENT="a."/><SP WIDTH="28" VPOS="453" HPOS="612"/>
							<String ID="string_44" HPOS="640" VPOS="443" WIDTH="244" HEIGHT="30" WC="0.96" CONTENT="studiecirklar"/><SP WIDTH="27" VPOS="443" HPOS="884"/>
							<String ID="string_45" HPOS="911" VPOS="445" WIDTH="65" HEIGHT="28" WC="0.96" CONTENT="och"/><SP WIDTH="26" VPOS="445" HPOS="976"/>
							<String ID="string_46" HPOS="1002" VPOS="444" WIDTH="92" HEIGHT="30" WC="0.93" CONTENT="vissa"/><SP WIDTH="26" VPOS="444" HPOS="1094"/>
							<String ID="string_47" HPOS="1120" VPOS="444" WIDTH="212" HEIGHT="30" WC="0.92" CONTENT="veckosluts-"/><SP WIDTH="26" VPOS="444" HPOS="1332"/>
							<String ID="string_48" HPOS="1358" VPOS="445" WIDTH="64" HEIGHT="28" WC="0.93" CONTENT="och"/><SP WIDTH="28" VPOS="445" HPOS="1422"/>
							<String ID="string_49" HPOS="1450" VPOS="445" WIDTH="303" HEIGHT="33" WC="0.91" CONTENT="semesterkurser,"/>
						</TextLine>
						<TextLine ID="line_6" HPOS="253" VPOS="491" WIDTH="1503" HEIGHT="42">
							<String ID="string_50" HPOS="253" VPOS="491" WIDTH="88" HEIGHT="31" WC="0.96" CONTENT="hade"/><SP WIDTH="24" VPOS="491" HPOS="341"/>
							<String ID="string_51" HPOS="365" VPOS="493" WIDTH="181" HEIGHT="30" WC="0.96" CONTENT="överlåtits"/><SP WIDTH="24" VPOS="493" HPOS="546"/>
							<String ID="string_52" HPOS="570" VPOS="493" WIDTH="51" HEIGHT="29" WC="0.95" CONTENT="till"/><SP WIDTH="24" VPOS="493" HPOS="621"/>
							<String ID="string_53" HPOS="645" VPOS="493" WIDTH="321" HEIGHT="39" WC="0.93" CONTENT="Tjänstemännens"/><SP WIDTH="25" VPOS="493" HPOS="966"/>
							<String ID="string_54" HPOS="991" VPOS="494" WIDTH="409" HEIGHT="39" WC="0.91" CONTENT="bildningsverksamhet,"/><SP WIDTH="26" VPOS="494" HPOS="1400"/>
							<String ID="string_55" HPOS="1426" VPOS="495" WIDTH="118" HEIGHT="28" WC="0.96" CONTENT="vilken"/><SP WIDTH="25" VPOS="495" HPOS="1544"/>
							<String ID="string_56" HPOS="1569" VPOS="494" WIDTH="11" HEIGHT="29" WC="0.95" CONTENT="i"/><SP WIDTH="25" VPOS="494" HPOS="1580"/>
							<String ID="string_57" HPOS="1605" VPOS="495" WIDTH="70" HEIGHT="29" WC="0.92" CONTENT="viss"/><SP WIDTH="26" VPOS="495" HPOS="1675"/>
							<String ID="string_58" HPOS="1701" VPOS="497" WIDTH="55" HEIGHT="27" WC="0.92" CONTENT="ut-"/>
						</TextLine>
						<TextLine ID="line_7" HPOS="255" VPOS="540" WIDTH="1502" HEIGHT="41">
							<String ID="string_59" HPOS="255" VPOS="540" WIDTH="203" HEIGHT="39" WC="0.96" CONTENT="sträckning"/><SP WIDTH="24" VPOS="540" HPOS="458"/>
							<String ID="string_60" HPOS="482" VPOS="541" WIDTH="214" HEIGHT="30" WC="0.93" CONTENT="förmedlade"/><SP WIDTH="24" VPOS="541" HPOS="696"/>
							<String ID="string_61" HPOS="720" VPOS="542" WIDTH="241" HEIGHT="29" WC="0.91" CONTENT="studiekurser"/><SP WIDTH="23" VPOS="542" HPOS="961"/>
							<String ID="string_62" HPOS="984" VPOS="542" WIDTH="11" HEIGHT="28" WC="0.96" CONTENT="i"/><SP WIDTH="24" VPOS="542" HPOS="995"/>
							<String ID="string_63" HPOS="1019" VPOS="542" WIDTH="129" HEIGHT="29" WC="0.96" CONTENT="sådana"/><SP WIDTH="24" VPOS="542" HPOS="1148"/>
							<String ID="string_64" HPOS="1172" VPOS="543" WIDTH="128" HEIGHT="29" WC="0.96" CONTENT="ämnen"/><SP WIDTH="24" VPOS="543" HPOS="1300"/>
							<String ID="string_65" HPOS="1324" VPOS="552" WIDTH="74" HEIGHT="20" WC="0.92" CONTENT="som"/><SP WIDTH="25" VPOS="552" HPOS="1398"/>
							<String ID="string_66" HPOS="1423" VPOS="542" WIDTH="145" HEIGHT="39" WC="0.92" CONTENT="ansåges"/><SP WIDTH="24" VPOS="542" HPOS="1568"/>
							<String ID="string_67" HPOS="1592" VPOS="543" WIDTH="87" HEIGHT="29" WC="0.95" CONTENT="höra"/><SP WIDTH="25" VPOS="543" HPOS="1679"/>
							<String ID="string_68" HPOS="1704" VPOS="543" WIDTH="53" HEIGHT="29" WC="0.95" CONTENT="till"/>
						</TextLine>
						<TextLine ID="line_8" HPOS="255" VPOS="591" WIDTH="1503" HEIGHT="41">
							<String ID="string_69" HPOS="255" VPOS="598" WIDTH="43" HEIGHT="21" WC="0.96" CONTENT="en"/><SP WIDTH="24" VPOS="598" HPOS="298"/>
							<String ID="string_70" HPOS="322" VPOS="591" WIDTH="95" HEIGHT="29" WC="0.92" CONTENT="aktiv"/><SP WIDTH="24" VPOS="591" HPOS="417"/>
							<String ID="string_71" HPOS="441" VPOS="591" WIDTH="434" HEIGHT="39" WC="0.91" CONTENT="fackföreningsmedlems"/><SP WIDTH="25" VPOS="591" HPOS="875"/>
							<String ID="string_72" HPOS="900" VPOS="592" WIDTH="221" HEIGHT="39" WC="0.96" CONTENT="nödvändiga"/><SP WIDTH="23" VPOS="592" HPOS="1121"/>
							<String ID="string_73" HPOS="1144" VPOS="593" WIDTH="179" HEIGHT="29" WC="0.95" CONTENT="allmänna"/><SP WIDTH="25" VPOS="593" HPOS="1323"/>
							<String ID="string_74" HPOS="1348" VPOS="593" WIDTH="222" HEIGHT="39" WC="0.96" CONTENT="orientering."/><SP WIDTH="27" VPOS="593" HPOS="1570"/>
							<String ID="string_75" HPOS="1597" VPOS="593" WIDTH="51" HEIGHT="29" WC="0.92" CONTENT="Då"/><SP WIDTH="27" VPOS="593" HPOS="1648"/>
							<String ID="string_76" HPOS="1675" VPOS="594" WIDTH="83" HEIGHT="28" WC="0.92" CONTENT="den-"/>
						</TextLine>
						<TextLine ID="line_9" HPOS="253" VPOS="644" WIDTH="1501" HEIGHT="40">
							<String ID="string_77" HPOS="253" VPOS="651" WIDTH="46" HEIGHT="22" WC="0.96" CONTENT="na"/><SP WIDTH="22" VPOS="651" HPOS="299"/>
							<String ID="string_78" HPOS="321" VPOS="644" WIDTH="65" HEIGHT="29" WC="0.96" CONTENT="den"/><SP WIDTH="23" VPOS="644" HPOS="386"/>
							<String ID="string_79" HPOS="409" VPOS="644" WIDTH="168" HEIGHT="39" WC="0.93" CONTENT="frivilliga"/><SP WIDTH="22" VPOS="644" HPOS="577"/>
							<String ID="string_80" HPOS="599" VPOS="645" WIDTH="481" HEIGHT="39" WC="0.90" CONTENT="bildningsorganisationens"/><SP WIDTH="23" VPOS="645" HPOS="1080"/>
							<String ID="string_81" HPOS="1103" VPOS="646" WIDTH="223" HEIGHT="29" WC="0.95" CONTENT="verksamhet"/><SP WIDTH="23" VPOS="646" HPOS="1326"/>
							<String ID="string_82" HPOS="1349" VPOS="655" WIDTH="79" HEIGHT="20" WC="0.96" CONTENT="vore"/><SP WIDTH="26" VPOS="655" HPOS="1428"/>
							<String ID="string_83" HPOS="1454" VPOS="646" WIDTH="138" HEIGHT="38" WC="0.93" CONTENT="mycket"/><SP WIDTH="25" VPOS="646" HPOS="1592"/>
							<String ID="string_84" HPOS="1617" VPOS="646" WIDTH="137" HEIGHT="29" WC="0.90" CONTENT="väsent-"/>
						</TextLine>
						<TextLine ID="line_10" HPOS="253" VPOS="690" WIDTH="1504" HEIGHT="42">
							<String ID="string_85" HPOS="253" VPOS="690" WIDTH="47" HEIGHT="40" WC="0.95" CONTENT="lig"/><SP WIDTH="26" VPOS="690" HPOS="300"/>
							<String ID="string_86" HPOS="326" VPOS="691" WIDTH="54" HEIGHT="30" WC="0.96" CONTENT="för"/><SP WIDTH="24" VPOS="691" HPOS="380"/>
							<String ID="string_87" HPOS="404" VPOS="692" WIDTH="58" HEIGHT="29" WC="0.96" CONTENT="det"/><SP WIDTH="27" VPOS="692" HPOS="462"/>
							<String ID="string_88" HPOS="489" VPOS="692" WIDTH="151" HEIGHT="39" WC="0.93" CONTENT="fackliga"/><SP WIDTH="25" VPOS="692" HPOS="640"/>
							<String ID="string_89" HPOS="665" VPOS="692" WIDTH="403" HEIGHT="40" WC="0.91" CONTENT="organisationsarbetet,"/><SP WIDTH="28" VPOS="692" HPOS="1068"/>
							<String ID="string_90" HPOS="1096" VPOS="693" WIDTH="126" HEIGHT="39" WC="0.90" CONTENT="ansåge"/><SP WIDTH="26" VPOS="693" HPOS="1222"/>
							<String ID="string_91" HPOS="1248" VPOS="693" WIDTH="85" HEIGHT="30" WC="0.96" CONTENT="TCO"/><SP WIDTH="26" VPOS="693" HPOS="1333"/>
							<String ID="string_92" HPOS="1359" VPOS="695" WIDTH="50" HEIGHT="28" WC="0.96" CONTENT="att"/><SP WIDTH="27" VPOS="695" HPOS="1409"/>
							<String ID="string_93" HPOS="1436" VPOS="694" WIDTH="321" HEIGHT="38" WC="0.96" CONTENT="medlemsavgifter"/>
						</TextLine>
						<TextLine ID="line_11" HPOS="255" VPOS="740" WIDTH="1503" HEIGHT="42">
							<String ID="string_94" HPOS="255" VPOS="740" WIDTH="53" HEIGHT="30" WC="0.96" CONTENT="till"/><SP WIDTH="23" VPOS="740" HPOS="308"/>
							<String ID="string_95" HPOS="331" VPOS="742" WIDTH="206" HEIGHT="30" WC="0.96" CONTENT="densamma"/><SP WIDTH="25" VPOS="742" HPOS="537"/>
							<String ID="string_96" HPOS="562" VPOS="742" WIDTH="79" HEIGHT="30" WC="0.93" CONTENT="från"/><SP WIDTH="24" VPOS="742" HPOS="641"/>
							<String ID="string_97" HPOS="665" VPOS="742" WIDTH="592" HEIGHT="40" WC="0.91" CONTENT="tjänstemannaorganisationerna"/><SP WIDTH="25" VPOS="742" HPOS="1257"/>
							<String ID="string_98" HPOS="1282" VPOS="744" WIDTH="105" HEIGHT="29" WC="0.96" CONTENT="borde"/><SP WIDTH="27" VPOS="744" HPOS="1387"/>
							<String ID="string_99" HPOS="1414" VPOS="753" WIDTH="86" HEIGHT="20" WC="0.96" CONTENT="vara"/><SP WIDTH="26" VPOS="753" HPOS="1500"/>
							<String ID="string_100" HPOS="1526" VPOS="744" WIDTH="232" HEIGHT="38" WC="0.96" CONTENT="avdragsgilla"/>
						</TextLine>
						<TextLine ID="line_12" HPOS="253" VPOS="790" WIDTH="1504" HEIGHT="43">
							<String ID="string_101" HPOS="253" VPOS="790" WIDTH="12" HEIGHT="29" WC="0.91" CONTENT="i"/><SP WIDTH="39" VPOS="790" HPOS="265"/>
							<String ID="string_102" HPOS="304" VPOS="791" WIDTH="454" HEIGHT="40" WC="0.91" CONTENT="beskattningshänseende."/><SP WIDTH="41" VPOS="791" HPOS="758"/>
							<String ID="string_103" HPOS="799" VPOS="793" WIDTH="125" HEIGHT="29" WC="0.93" CONTENT="Utöver"/><SP WIDTH="41" VPOS="793" HPOS="924"/>
							<String ID="string_104" HPOS="965" VPOS="793" WIDTH="609" HEIGHT="40" WC="0.92" CONTENT="tjänstemannaorganisationernas"/><SP WIDTH="30" VPOS="793" HPOS="1574"/>
							<String ID="string_105" HPOS="1604" VPOS="794" WIDTH="64" HEIGHT="29" WC="0.96" CONTENT="och"/><SP WIDTH="31" VPOS="794" HPOS="1668"/>
							<String ID="string_106" HPOS="1699" VPOS="794" WIDTH="58" HEIGHT="29" WC="0.96" CONTENT="det"/>
						</TextLine>
						<TextLine ID="line_13" HPOS="254" VPOS="841" WIDTH="1503" HEIGHT="41">
							<String ID="string_107" HPOS="254" VPOS="848" WIDTH="43" HEIGHT="21" WC="0.96" CONTENT="av"/><SP WIDTH="28" VPOS="848" HPOS="297"/>
							<String ID="string_108" HPOS="325" VPOS="841" WIDTH="318" HEIGHT="39" WC="0.93" CONTENT="Tjänstemännens"/><SP WIDTH="30" VPOS="841" HPOS="643"/>
							<String ID="string_109" HPOS="673" VPOS="842" WIDTH="403" HEIGHT="40" WC="0.92" CONTENT="bildningsverksamhet"/><SP WIDTH="29" VPOS="842" HPOS="1076"/>
							<String ID="string_110" HPOS="1105" VPOS="844" WIDTH="167" HEIGHT="29" WC="0.91" CONTENT="bedrivna"/><SP WIDTH="32" VPOS="844" HPOS="1272"/>
							<String ID="string_111" HPOS="1304" VPOS="844" WIDTH="249" HEIGHT="30" WC="0.91" CONTENT="studiearbetet"/><SP WIDTH="29" VPOS="844" HPOS="1553"/>
							<String ID="string_112" HPOS="1582" VPOS="844" WIDTH="175" HEIGHT="30" WC="0.92" CONTENT="förekom-"/>
						</TextLine>
						<TextLine ID="line_14" HPOS="257" VPOS="891" WIDTH="1502" HEIGHT="42">
							<String ID="string_113" HPOS="257" VPOS="900" WIDTH="65" HEIGHT="25" WC="0.96" CONTENT="me,"/><SP WIDTH="34" VPOS="900" HPOS="322"/>
							<String ID="string_114" HPOS="356" VPOS="893" WIDTH="49" HEIGHT="28" WC="0.96" CONTENT="att"/><SP WIDTH="35" VPOS="893" HPOS="405"/>
							<String ID="string_115" HPOS="440" VPOS="891" WIDTH="95" HEIGHT="30" WC="0.93" CONTENT="vissa"/><SP WIDTH="32" VPOS="891" HPOS="535"/>
							<String ID="string_116" HPOS="567" VPOS="892" WIDTH="628" HEIGHT="40" WC="0.89" CONTENT="tjänstemannasammanslutningar"/><SP WIDTH="32" VPOS="892" HPOS="1195"/>
							<String ID="string_117" HPOS="1227" VPOS="894" WIDTH="146" HEIGHT="30" WC="0.91" CONTENT="bedreve"/><SP WIDTH="32" VPOS="894" HPOS="1373"/>
							<String ID="string_118" HPOS="1405" VPOS="894" WIDTH="354" HEIGHT="39" WC="0.91" CONTENT="fortbildningsverk-"/>
						</TextLine>
						<TextLine ID="line_15" HPOS="254" VPOS="941" WIDTH="1502" HEIGHT="43">
							<String ID="string_119" HPOS="254" VPOS="941" WIDTH="134" HEIGHT="29" WC="0.95" CONTENT="samhet"/><SP WIDTH="20" VPOS="941" HPOS="388"/>
							<String ID="string_120" HPOS="408" VPOS="950" WIDTH="77" HEIGHT="21" WC="0.96" CONTENT="som"/><SP WIDTH="19" VPOS="950" HPOS="485"/>
							<String ID="string_121" HPOS="504" VPOS="943" WIDTH="161" HEIGHT="29" WC="0.93" CONTENT="närmare"/><SP WIDTH="20" VPOS="943" HPOS="665"/>
							<String ID="string_122" HPOS="685" VPOS="943" WIDTH="134" HEIGHT="29" WC="0.91" CONTENT="anslöte"/><SP WIDTH="20" VPOS="943" HPOS="819"/>
							<String ID="string_123" HPOS="839" VPOS="943" WIDTH="50" HEIGHT="39" WC="0.95" CONTENT="sig"/><SP WIDTH="20" VPOS="943" HPOS="889"/>
							<String ID="string_124" HPOS="909" VPOS="943" WIDTH="53" HEIGHT="30" WC="0.95" CONTENT="till"/><SP WIDTH="20" VPOS="943" HPOS="962"/>
							<String ID="string_125" HPOS="982" VPOS="944" WIDTH="294" HEIGHT="30" WC="0.96" CONTENT="medlemmarnas"/><SP WIDTH="20" VPOS="944" HPOS="1276"/>
							<String ID="string_126" HPOS="1296" VPOS="944" WIDTH="315" HEIGHT="40" WC="0.96" CONTENT="yrkesutbildning."/><SP WIDTH="23" VPOS="944" HPOS="1611"/>
							<String ID="string_127" HPOS="1634" VPOS="944" WIDTH="122" HEIGHT="30" WC="0.96" CONTENT="Såsom"/>
						</TextLine>
						<TextLine ID="line_16" HPOS="253" VPOS="991" WIDTH="1503" HEIGHT="43">
							<String ID="string_128" HPOS="253" VPOS="991" WIDTH="153" HEIGHT="39" WC="0.96" CONTENT="exempel"/><SP WIDTH="22" VPOS="991" HPOS="406"/>
							<String ID="string_129" HPOS="428" VPOS="992" WIDTH="111" HEIGHT="39" WC="0.96" CONTENT="därpå"/><SP WIDTH="22" VPOS="992" HPOS="539"/>
							<String ID="string_130" HPOS="561" VPOS="992" WIDTH="116" HEIGHT="30" WC="0.96" CONTENT="kunde"/><SP WIDTH="22" VPOS="992" HPOS="677"/>
							<String ID="string_131" HPOS="699" VPOS="994" WIDTH="149" HEIGHT="29" WC="0.96" CONTENT="nämnas"/><SP WIDTH="24" VPOS="994" HPOS="848"/>
							<String ID="string_132" HPOS="872" VPOS="994" WIDTH="120" HEIGHT="38" WC="0.93" CONTENT="dylika"/><SP WIDTH="22" VPOS="994" HPOS="992"/>
							<String ID="string_133" HPOS="1014" VPOS="994" WIDTH="343" HEIGHT="39" WC="0.90" CONTENT="utbildningskurser"/><SP WIDTH="23" VPOS="994" HPOS="1357"/>
							<String ID="string_134" HPOS="1380" VPOS="995" WIDTH="190" HEIGHT="29" WC="0.96" CONTENT="bekostade"/><SP WIDTH="23" VPOS="995" HPOS="1570"/>
							<String ID="string_135" HPOS="1593" VPOS="1004" WIDTH="41" HEIGHT="20" WC="0.93" CONTENT="av"/><SP WIDTH="23" VPOS="1004" HPOS="1634"/>
							<String ID="string_136" HPOS="1657" VPOS="994" WIDTH="99" HEIGHT="40" WC="0.92" CONTENT="sjuk-"/>
						</TextLine>
						<TextLine ID="line_17" HPOS="255" VPOS="1041" WIDTH="1502" HEIGHT="43">
							<String ID="string_137" HPOS="255" VPOS="1041" WIDTH="195" HEIGHT="30" WC="0.91" CONTENT="sköterske-"/><SP WIDTH="28" VPOS="1041" HPOS="450"/>
							<String ID="string_138" HPOS="478" VPOS="1044" WIDTH="66" HEIGHT="28" WC="0.92" CONTENT="och"/><SP WIDTH="31" VPOS="1044" HPOS="544"/>
							<String ID="string_139" HPOS="575" VPOS="1043" WIDTH="537" HEIGHT="40" WC="0.89" CONTENT="folkskollärarorganisationer."/><SP WIDTH="31" VPOS="1043" HPOS="1112"/>
							<String ID="string_140" HPOS="1143" VPOS="1044" WIDTH="352" HEIGHT="39" WC="0.91" CONTENT="Organisationernas"/><SP WIDTH="32" VPOS="1044" HPOS="1495"/>
							<String ID="string_141" HPOS="1527" VPOS="1045" WIDTH="144" HEIGHT="39" WC="0.96" CONTENT="utgifter"/><SP WIDTH="31" VPOS="1045" HPOS="1671"/>
							<String ID="string_142" HPOS="1702" VPOS="1045" WIDTH="55" HEIGHT="29" WC="0.96" CONTENT="för"/>
						</TextLine>
						<TextLine ID="line_18" HPOS="253" VPOS="1091" WIDTH="1504" HEIGHT="44">
							<String ID="string_143" HPOS="253" VPOS="1091" WIDTH="131" HEIGHT="30" WC="0.96" CONTENT="sådana"/><SP WIDTH="16" VPOS="1091" HPOS="384"/>
							<String ID="string_144" HPOS="400" VPOS="1092" WIDTH="127" HEIGHT="30" WC="0.95" CONTENT="kurser"/><SP WIDTH="17" VPOS="1092" HPOS="527"/>
							<String ID="string_145" HPOS="544" VPOS="1093" WIDTH="104" HEIGHT="30" WC="0.96" CONTENT="borde"/><SP WIDTH="18" VPOS="1093" HPOS="648"/>
							<String ID="string_146" HPOS="666" VPOS="1095" WIDTH="102" HEIGHT="37" WC="0.96" CONTENT="göras"/><SP WIDTH="21" VPOS="1095" HPOS="768"/>
							<String ID="string_147" HPOS="789" VPOS="1094" WIDTH="232" HEIGHT="39" WC="0.96" CONTENT="avdragsgilla"/><SP WIDTH="19" VPOS="1094" HPOS="1021"/>
							<String ID="string_148" HPOS="1040" VPOS="1095" WIDTH="11" HEIGHT="29" WC="0.93" CONTENT="i"/><SP WIDTH="17" VPOS="1095" HPOS="1051"/>
							<String ID="string_149" HPOS="1068" VPOS="1095" WIDTH="454" HEIGHT="39" WC="0.90" CONTENT="beskattningshänseende."/><SP WIDTH="21" VPOS="1095" HPOS="1522"/>
							<String ID="string_150" HPOS="1543" VPOS="1095" WIDTH="116" HEIGHT="39" WC="0.93" CONTENT="Enligt"/><SP WIDTH="19" VPOS="1095" HPOS="1659"/>
							<String ID="string_151" HPOS="1678" VPOS="1104" WIDTH="79" HEIGHT="31" WC="0.92" CONTENT="pro-"/>
						</TextLine>
						<TextLine ID="line_19" HPOS="252" VPOS="1140" WIDTH="1505" HEIGHT="45">
							<String ID="string_152" HPOS="252" VPOS="1140" WIDTH="197" HEIGHT="39" WC="0.96" CONTENT="positionen"/><SP WIDTH="23" VPOS="1140" HPOS="449"/>
							<String ID="string_153" HPOS="472" VPOS="1143" WIDTH="113" HEIGHT="30" WC="0.95" CONTENT="skulle"/><SP WIDTH="20" VPOS="1143" HPOS="585"/>
							<String ID="string_154" HPOS="605" VPOS="1142" WIDTH="118" HEIGHT="31" WC="0.96" CONTENT="vidare"/><SP WIDTH="21" VPOS="1142" HPOS="723"/>
							<String ID="string_155" HPOS="744" VPOS="1143" WIDTH="124" HEIGHT="40" WC="0.96" CONTENT="belopp"/><SP WIDTH="22" VPOS="1143" HPOS="868"/>
							<String ID="string_156" HPOS="890" VPOS="1153" WIDTH="75" HEIGHT="20" WC="0.96" CONTENT="som"/><SP WIDTH="23" VPOS="1153" HPOS="965"/>
							<String ID="string_157" HPOS="988" VPOS="1144" WIDTH="191" HEIGHT="30" WC="0.96" CONTENT="återfördes"/><SP WIDTH="22" VPOS="1144" HPOS="1179"/>
							<String ID="string_158" HPOS="1201" VPOS="1145" WIDTH="81" HEIGHT="29" WC="0.96" CONTENT="från"/><SP WIDTH="20" VPOS="1145" HPOS="1282"/>
							<String ID="string_159" HPOS="1302" VPOS="1154" WIDTH="42" HEIGHT="20" WC="0.93" CONTENT="en"/><SP WIDTH="22" VPOS="1154" HPOS="1344"/>
							<String ID="string_160" HPOS="1366" VPOS="1145" WIDTH="197" HEIGHT="40" WC="0.92" CONTENT="kampfond"/><SP WIDTH="20" VPOS="1145" HPOS="1563"/>
							<String ID="string_161" HPOS="1583" VPOS="1147" WIDTH="174" HEIGHT="38" WC="0.96" CONTENT="upptagas"/>
						</TextLine>
						<TextLine ID="line_20" HPOS="253" VPOS="1193" WIDTH="1501" HEIGHT="42">
							<String ID="string_162" HPOS="253" VPOS="1193" WIDTH="114" HEIGHT="30" WC="0.96" CONTENT="såsom"/><SP WIDTH="23" VPOS="1193" HPOS="367"/>
							<String ID="string_163" HPOS="390" VPOS="1195" WIDTH="241" HEIGHT="40" WC="0.96" CONTENT="skattepliktig"/><SP WIDTH="20" VPOS="1195" HPOS="631"/>
							<String ID="string_164" HPOS="651" VPOS="1196" WIDTH="126" HEIGHT="30" WC="0.96" CONTENT="intäkt."/><SP WIDTH="23" VPOS="1196" HPOS="777"/>
							<String ID="string_165" HPOS="800" VPOS="1197" WIDTH="64" HEIGHT="30" WC="0.93" CONTENT="Det"/><SP WIDTH="21" VPOS="1197" HPOS="864"/>
							<String ID="string_166" HPOS="885" VPOS="1197" WIDTH="160" HEIGHT="30" WC="0.91" CONTENT="förefölle"/><SP WIDTH="22" VPOS="1197" HPOS="1045"/>
							<String ID="string_167" HPOS="1067" VPOS="1198" WIDTH="74" HEIGHT="29" WC="0.96" CONTENT="icke"/><SP WIDTH="22" VPOS="1198" HPOS="1141"/>
							<String ID="string_168" HPOS="1163" VPOS="1199" WIDTH="55" HEIGHT="29" WC="0.96" CONTENT="väl"/><SP WIDTH="23" VPOS="1199" HPOS="1218"/>
							<String ID="string_169" HPOS="1241" VPOS="1198" WIDTH="194" HEIGHT="35" WC="0.96" CONTENT="motiverat,"/><SP WIDTH="24" VPOS="1198" HPOS="1435"/>
							<String ID="string_170" HPOS="1459" VPOS="1199" WIDTH="50" HEIGHT="29" WC="0.96" CONTENT="att"/><SP WIDTH="22" VPOS="1199" HPOS="1509"/>
							<String ID="string_171" HPOS="1531" VPOS="1198" WIDTH="111" HEIGHT="29" WC="0.91" CONTENT="medel"/><SP WIDTH="23" VPOS="1198" HPOS="1642"/>
							<String ID="string_172" HPOS="1665" VPOS="1198" WIDTH="89" HEIGHT="29" WC="0.91" CONTENT="åter-"/>
						</TextLine>
						<TextLine ID="line_21" HPOS="250" VPOS="1244" WIDTH="1504" HEIGHT="44">
							<String ID="string_173" HPOS="250" VPOS="1244" WIDTH="101" HEIGHT="32" WC="0.96" CONTENT="förda"/><SP WIDTH="16" VPOS="1244" HPOS="351"/>
							<String ID="string_174" HPOS="367" VPOS="1246" WIDTH="79" HEIGHT="29" WC="0.91" CONTENT="från"/><SP WIDTH="18" VPOS="1246" HPOS="446"/>
							<String ID="string_175" HPOS="464" VPOS="1246" WIDTH="194" HEIGHT="40" WC="0.90" CONTENT="kampfond"/><SP WIDTH="19" VPOS="1246" HPOS="658"/>
							<String ID="string_176" HPOS="677" VPOS="1247" WIDTH="254" HEIGHT="30" WC="0.91" CONTENT="skattebelades"/><SP WIDTH="18" VPOS="1247" HPOS="931"/>
							<String ID="string_177" HPOS="949" VPOS="1249" WIDTH="65" HEIGHT="28" WC="0.96" CONTENT="när"/><SP WIDTH="16" VPOS="1249" HPOS="1014"/>
							<String ID="string_178" HPOS="1030" VPOS="1248" WIDTH="158" HEIGHT="40" WC="0.96" CONTENT="beloppet"/><SP WIDTH="18" VPOS="1248" HPOS="1188"/>
							<String ID="string_179" HPOS="1206" VPOS="1249" WIDTH="176" HEIGHT="29" WC="0.96" CONTENT="användes"/><SP WIDTH="17" VPOS="1249" HPOS="1382"/>
							<String ID="string_180" HPOS="1399" VPOS="1249" WIDTH="56" HEIGHT="29" WC="0.96" CONTENT="för"/><SP WIDTH="18" VPOS="1249" HPOS="1455"/>
							<String ID="string_181" HPOS="1473" VPOS="1249" WIDTH="100" HEIGHT="38" WC="0.93" CONTENT="eljest"/><SP WIDTH="18" VPOS="1249" HPOS="1573"/>
							<String ID="string_182" HPOS="1591" VPOS="1249" WIDTH="163" HEIGHT="38" WC="0.91" CONTENT="avdrags-"/>
						</TextLine>
						<TextLine ID="line_22" HPOS="252" VPOS="1295" WIDTH="1501" HEIGHT="43">
							<String ID="string_183" HPOS="252" VPOS="1295" WIDTH="81" HEIGHT="39" WC="0.96" CONTENT="gilla"/><SP WIDTH="22" VPOS="1295" HPOS="333"/>
							<String ID="string_184" HPOS="355" VPOS="1296" WIDTH="260" HEIGHT="30" WC="0.96" CONTENT="omkostnader."/><SP WIDTH="23" VPOS="1296" HPOS="615"/>
							<String ID="string_185" HPOS="638" VPOS="1296" WIDTH="86" HEIGHT="30" WC="0.95" CONTENT="TCO"/><SP WIDTH="23" VPOS="1296" HPOS="724"/>
							<String ID="string_186" HPOS="747" VPOS="1298" WIDTH="145" HEIGHT="29" WC="0.95" CONTENT="menade"/><SP WIDTH="24" VPOS="1298" HPOS="892"/>
							<String ID="string_187" HPOS="916" VPOS="1298" WIDTH="56" HEIGHT="29" WC="0.95" CONTENT="för"/><SP WIDTH="25" VPOS="1298" HPOS="972"/>
							<String ID="string_188" HPOS="997" VPOS="1299" WIDTH="53" HEIGHT="29" WC="0.96" CONTENT="sin"/><SP WIDTH="24" VPOS="1299" HPOS="1050"/>
							<String ID="string_189" HPOS="1074" VPOS="1299" WIDTH="63" HEIGHT="33" WC="0.96" CONTENT="del,"/><SP WIDTH="24" VPOS="1299" HPOS="1137"/>
							<String ID="string_190" HPOS="1161" VPOS="1301" WIDTH="50" HEIGHT="27" WC="0.96" CONTENT="att"/><SP WIDTH="24" VPOS="1301" HPOS="1211"/>
							<String ID="string_191" HPOS="1235" VPOS="1300" WIDTH="264" HEIGHT="38" WC="0.96" CONTENT="avdragsrätten"/><SP WIDTH="23" VPOS="1300" HPOS="1499"/>
							<String ID="string_192" HPOS="1522" VPOS="1299" WIDTH="105" HEIGHT="30" WC="0.96" CONTENT="borde"/><SP WIDTH="25" VPOS="1299" HPOS="1627"/>
							<String ID="string_193" HPOS="1652" VPOS="1300" WIDTH="101" HEIGHT="38" WC="0.96" CONTENT="göras"/>
						</TextLine>
						<TextLine ID="line_23" HPOS="252" VPOS="1346" WIDTH="1501" HEIGHT="42">
							<String ID="string_194" HPOS="252" VPOS="1346" WIDTH="168" HEIGHT="30" WC="0.96" CONTENT="beroende"/><SP WIDTH="26" VPOS="1346" HPOS="420"/>
							<String ID="string_195" HPOS="446" VPOS="1356" WIDTH="44" HEIGHT="20" WC="0.96" CONTENT="av"/><SP WIDTH="24" VPOS="1356" HPOS="490"/>
							<String ID="string_196" HPOS="514" VPOS="1347" WIDTH="55" HEIGHT="29" WC="0.96" CONTENT="det"/><SP WIDTH="25" VPOS="1347" HPOS="569"/>
							<String ID="string_197" HPOS="594" VPOS="1347" WIDTH="164" HEIGHT="30" WC="0.95" CONTENT="ändamål"/><SP WIDTH="25" VPOS="1347" HPOS="758"/>
							<String ID="string_198" HPOS="783" VPOS="1348" WIDTH="52" HEIGHT="29" WC="0.95" CONTENT="till"/><SP WIDTH="24" VPOS="1348" HPOS="835"/>
							<String ID="string_199" HPOS="859" VPOS="1347" WIDTH="107" HEIGHT="31" WC="0.96" CONTENT="vilket"/><SP WIDTH="26" VPOS="1347" HPOS="966"/>
							<String ID="string_200" HPOS="992" VPOS="1348" WIDTH="111" HEIGHT="30" WC="0.96" CONTENT="medel"/><SP WIDTH="24" VPOS="1348" HPOS="1103"/>
							<String ID="string_201" HPOS="1127" VPOS="1349" WIDTH="80" HEIGHT="29" WC="0.96" CONTENT="från"/><SP WIDTH="26" VPOS="1349" HPOS="1207"/>
							<String ID="string_202" HPOS="1233" VPOS="1358" WIDTH="42" HEIGHT="20" WC="0.93" CONTENT="en"/><SP WIDTH="25" VPOS="1358" HPOS="1275"/>
							<String ID="string_203" HPOS="1300" VPOS="1349" WIDTH="196" HEIGHT="39" WC="0.91" CONTENT="kampfond"/><SP WIDTH="25" VPOS="1349" HPOS="1496"/>
							<String ID="string_204" HPOS="1521" VPOS="1350" WIDTH="140" HEIGHT="38" WC="0.92" CONTENT="utginge"/><SP WIDTH="26" VPOS="1350" HPOS="1661"/>
							<String ID="string_205" HPOS="1687" VPOS="1349" WIDTH="66" HEIGHT="30" WC="0.96" CONTENT="och"/>
						</TextLine>
						<TextLine ID="line_24" HPOS="251" VPOS="1396" WIDTH="1502" HEIGHT="42">
							<String ID="string_206" HPOS="251" VPOS="1396" WIDTH="76" HEIGHT="30" WC="0.96" CONTENT="icke"/><SP WIDTH="17" VPOS="1396" HPOS="327"/>
							<String ID="string_207" HPOS="344" VPOS="1406" WIDTH="40" HEIGHT="21" WC="0.96" CONTENT="av"/><SP WIDTH="17" VPOS="1406" HPOS="384"/>
							<String ID="string_208" HPOS="401" VPOS="1397" WIDTH="176" HEIGHT="30" WC="0.96" CONTENT="huruvida"/><SP WIDTH="17" VPOS="1397" HPOS="577"/>
							<String ID="string_209" HPOS="594" VPOS="1398" WIDTH="136" HEIGHT="29" WC="0.93" CONTENT="medlen"/><SP WIDTH="18" VPOS="1398" HPOS="730"/>
							<String ID="string_210" HPOS="748" VPOS="1400" WIDTH="96" HEIGHT="37" WC="0.90" CONTENT="toges"/><SP WIDTH="16" VPOS="1400" HPOS="844"/>
							<String ID="string_211" HPOS="860" VPOS="1399" WIDTH="11" HEIGHT="29" WC="0.96" CONTENT="i"/><SP WIDTH="18" VPOS="1399" HPOS="871"/>
							<String ID="string_212" HPOS="889" VPOS="1399" WIDTH="154" HEIGHT="39" WC="0.96" CONTENT="anspråk"/><SP WIDTH="18" VPOS="1399" HPOS="1043"/>
							<String ID="string_213" HPOS="1061" VPOS="1399" WIDTH="53" HEIGHT="29" WC="0.96" CONTENT="för"/><SP WIDTH="18" VPOS="1399" HPOS="1114"/>
							<String ID="string_214" HPOS="1132" VPOS="1399" WIDTH="279" HEIGHT="30" WC="0.96" CONTENT="administrativa"/><SP WIDTH="18" VPOS="1399" HPOS="1411"/>
							<String ID="string_215" HPOS="1429" VPOS="1400" WIDTH="190" HEIGHT="29" WC="0.96" CONTENT="kostnader"/><SP WIDTH="20" VPOS="1400" HPOS="1619"/>
							<String ID="string_216" HPOS="1639" VPOS="1399" WIDTH="114" HEIGHT="30" WC="0.96" CONTENT="direkt"/>
						</TextLine>
						<TextLine ID="line_25" HPOS="253" VPOS="1444" WIDTH="434" HEIGHT="40">
							<String ID="string_217" HPOS="253" VPOS="1444" WIDTH="82" HEIGHT="30" WC="0.96" CONTENT="eller"/><SP WIDTH="23" VPOS="1444" HPOS="335"/>
							<String ID="string_218" HPOS="358" VPOS="1445" WIDTH="53" HEIGHT="30" WC="0.93" CONTENT="via"/><SP WIDTH="26" VPOS="1445" HPOS="411"/>
							<String ID="string_219" HPOS="437" VPOS="1445" WIDTH="250" HEIGHT="39" WC="0.92" CONTENT="kampfonden."/>
						</TextLine>
					</TextBlock>
				</ComposedBlock>
				<ComposedBlock ID="cblock_2" HPOS="250" VPOS="1547" WIDTH="1508" HEIGHT="950">
					<TextBlock ID="block_2" HPOS="251" VPOS="1547" WIDTH="1507" HEIGHT="588">
						<TextLine ID="line_26" HPOS="297" VPOS="1547" WIDTH="1460" HEIGHT="39">
							<String ID="string_220" HPOS="297" VPOS="1548" WIDTH="182" HEIGHT="29" WC="0.96" CONTENT="Utskottet."/><SP WIDTH="17" VPOS="1548" HPOS="479"/>
							<String ID="string_221" HPOS="496" VPOS="1548" WIDTH="116" HEIGHT="38" WC="0.95" CONTENT="Enligt"/><SP WIDTH="18" VPOS="1548" HPOS="612"/>
							<String ID="string_222" HPOS="630" VPOS="1548" WIDTH="204" HEIGHT="29" WC="0.96" CONTENT="nuvarande"/><SP WIDTH="18" VPOS="1548" HPOS="834"/>
							<String ID="string_223" HPOS="852" VPOS="1548" WIDTH="262" HEIGHT="29" WC="0.96" CONTENT="bestämmelser"/><SP WIDTH="17" VPOS="1548" HPOS="1114"/>
							<String ID="string_224" HPOS="1131" VPOS="1549" WIDTH="37" HEIGHT="28" WC="0.96" CONTENT="är"/><SP WIDTH="19" VPOS="1549" HPOS="1168"/>
							<String ID="string_225" HPOS="1187" VPOS="1548" WIDTH="130" HEIGHT="38" WC="0.96" CONTENT="avdrag"/><SP WIDTH="16" VPOS="1548" HPOS="1317"/>
							<String ID="string_226" HPOS="1333" VPOS="1547" WIDTH="11" HEIGHT="29" WC="0.96" CONTENT="i"/><SP WIDTH="16" VPOS="1547" HPOS="1344"/>
							<String ID="string_227" HPOS="1360" VPOS="1547" WIDTH="193" HEIGHT="30" WC="0.96" CONTENT="allmänhet"/><SP WIDTH="16" VPOS="1547" HPOS="1553"/>
							<String ID="string_228" HPOS="1569" VPOS="1547" WIDTH="76" HEIGHT="30" WC="0.93" CONTENT="icke"/><SP WIDTH="17" VPOS="1547" HPOS="1645"/>
							<String ID="string_229" HPOS="1662" VPOS="1548" WIDTH="95" HEIGHT="29" WC="0.92" CONTENT="med-"/>
						</TextLine>
						<TextLine ID="line_27" HPOS="254" VPOS="1597" WIDTH="1504" HEIGHT="40">
							<String ID="string_230" HPOS="254" VPOS="1597" WIDTH="89" HEIGHT="37" WC="0.73" CONTENT="givet"/><SP WIDTH="20" VPOS="1597" HPOS="343"/>
							<String ID="string_231" HPOS="363" VPOS="1597" WIDTH="54" HEIGHT="30" WC="0.96" CONTENT="för"/><SP WIDTH="22" VPOS="1597" HPOS="417"/>
							<String ID="string_232" HPOS="439" VPOS="1597" WIDTH="320" HEIGHT="39" WC="0.96" CONTENT="medlemsavgifter"/><SP WIDTH="21" VPOS="1597" HPOS="759"/>
							<String ID="string_233" HPOS="780" VPOS="1597" WIDTH="57" HEIGHT="31" WC="0.93" CONTENT="vid"/><SP WIDTH="23" VPOS="1597" HPOS="837"/>
							<String ID="string_234" HPOS="860" VPOS="1598" WIDTH="370" HEIGHT="39" WC="0.90" CONTENT="inkomsttaxeringen."/><SP WIDTH="25" VPOS="1598" HPOS="1230"/>
							<String ID="string_235" HPOS="1255" VPOS="1598" WIDTH="103" HEIGHT="29" WC="0.96" CONTENT="Detta"/><SP WIDTH="23" VPOS="1598" HPOS="1358"/>
							<String ID="string_236" HPOS="1381" VPOS="1598" WIDTH="107" HEIGHT="39" WC="0.96" CONTENT="gäller"/><SP WIDTH="25" VPOS="1598" HPOS="1488"/>
							<String ID="string_237" HPOS="1513" VPOS="1599" WIDTH="86" HEIGHT="29" WC="0.96" CONTENT="även"/><SP WIDTH="23" VPOS="1599" HPOS="1599"/>
							<String ID="string_238" HPOS="1622" VPOS="1599" WIDTH="55" HEIGHT="29" WC="0.96" CONTENT="för"/><SP WIDTH="23" VPOS="1599" HPOS="1677"/>
							<String ID="string_239" HPOS="1700" VPOS="1599" WIDTH="58" HEIGHT="29" WC="0.96" CONTENT="det"/>
						</TextLine>
						<TextLine ID="line_28" HPOS="252" VPOS="1650" WIDTH="1503" HEIGHT="40">
							<String ID="string_240" HPOS="252" VPOS="1650" WIDTH="72" HEIGHT="34" WC="0.96" CONTENT="fall,"/><SP WIDTH="22" VPOS="1650" HPOS="324"/>
							<String ID="string_241" HPOS="346" VPOS="1652" WIDTH="48" HEIGHT="28" WC="0.96" CONTENT="att"/><SP WIDTH="22" VPOS="1652" HPOS="394"/>
							<String ID="string_242" HPOS="416" VPOS="1650" WIDTH="155" HEIGHT="40" WC="0.93" CONTENT="avgiften"/><SP WIDTH="21" VPOS="1650" HPOS="571"/>
							<String ID="string_243" HPOS="592" VPOS="1651" WIDTH="185" HEIGHT="29" WC="0.92" CONTENT="föranletts"/><SP WIDTH="22" VPOS="1651" HPOS="777"/>
							<String ID="string_244" HPOS="799" VPOS="1661" WIDTH="41" HEIGHT="20" WC="0.96" CONTENT="av"/><SP WIDTH="21" VPOS="1661" HPOS="840"/>
							<String ID="string_245" HPOS="861" VPOS="1652" WIDTH="66" HEIGHT="28" WC="0.93" CONTENT="den"/><SP WIDTH="23" VPOS="1652" HPOS="927"/>
							<String ID="string_246" HPOS="950" VPOS="1651" WIDTH="271" HEIGHT="39" WC="0.91" CONTENT="skattskyldiges"/><SP WIDTH="23" VPOS="1651" HPOS="1221"/>
							<String ID="string_247" HPOS="1244" VPOS="1651" WIDTH="394" HEIGHT="30" WC="0.90" CONTENT="förvärvsverksamhet."/><SP WIDTH="23" VPOS="1651" HPOS="1638"/>
							<String ID="string_248" HPOS="1661" VPOS="1650" WIDTH="94" HEIGHT="29" WC="0.92" CONTENT="Med-"/>
						</TextLine>
						<TextLine ID="line_29" HPOS="251" VPOS="1701" WIDTH="1502" HEIGHT="40">
							<String ID="string_249" HPOS="251" VPOS="1701" WIDTH="238" HEIGHT="39" WC="0.91" CONTENT="lemsavgifter"/><SP WIDTH="27" VPOS="1701" HPOS="489"/>
							<String ID="string_250" HPOS="516" VPOS="1701" WIDTH="52" HEIGHT="29" WC="0.93" CONTENT="till"/><SP WIDTH="27" VPOS="1701" HPOS="568"/>
							<String ID="string_251" HPOS="595" VPOS="1701" WIDTH="419" HEIGHT="40" WC="0.91" CONTENT="arbetsgivarföreningar"/><SP WIDTH="27" VPOS="1701" HPOS="1014"/>
							<String ID="string_252" HPOS="1041" VPOS="1702" WIDTH="116" HEIGHT="39" WC="0.96" CONTENT="intaga"/><SP WIDTH="27" VPOS="1702" HPOS="1157"/>
							<String ID="string_253" HPOS="1184" VPOS="1702" WIDTH="90" HEIGHT="29" WC="0.96" CONTENT="dock"/><SP WIDTH="27" VPOS="1702" HPOS="1274"/>
							<String ID="string_254" HPOS="1301" VPOS="1711" WIDTH="42" HEIGHT="20" WC="0.96" CONTENT="en"/><SP WIDTH="26" VPOS="1711" HPOS="1343"/>
							<String ID="string_255" HPOS="1369" VPOS="1701" WIDTH="226" HEIGHT="39" WC="0.95" CONTENT="särställning"/><SP WIDTH="25" VPOS="1701" HPOS="1595"/>
							<String ID="string_256" HPOS="1620" VPOS="1701" WIDTH="12" HEIGHT="29" WC="0.96" CONTENT="i"/><SP WIDTH="27" VPOS="1701" HPOS="1632"/>
							<String ID="string_257" HPOS="1659" VPOS="1702" WIDTH="94" HEIGHT="28" WC="0.96" CONTENT="detta"/>
						</TextLine>
						<TextLine ID="line_30" HPOS="252" VPOS="1751" WIDTH="1502" HEIGHT="40">
							<String ID="string_258" HPOS="252" VPOS="1751" WIDTH="207" HEIGHT="30" WC="0.96" CONTENT="hänseende."/><SP WIDTH="25" VPOS="1751" HPOS="459"/>
							<String ID="string_259" HPOS="484" VPOS="1751" WIDTH="155" HEIGHT="39" WC="0.96" CONTENT="Avgifter"/><SP WIDTH="22" VPOS="1751" HPOS="639"/>
							<String ID="string_260" HPOS="661" VPOS="1751" WIDTH="53" HEIGHT="30" WC="0.96" CONTENT="till"/><SP WIDTH="24" VPOS="1751" HPOS="714"/>
							<String ID="string_261" HPOS="738" VPOS="1752" WIDTH="131" HEIGHT="30" WC="0.96" CONTENT="sådana"/><SP WIDTH="22" VPOS="1752" HPOS="869"/>
							<String ID="string_262" HPOS="891" VPOS="1752" WIDTH="203" HEIGHT="39" WC="0.96" CONTENT="föreningar"/><SP WIDTH="22" VPOS="1752" HPOS="1094"/>
							<String ID="string_263" HPOS="1116" VPOS="1761" WIDTH="101" HEIGHT="21" WC="0.96" CONTENT="anses"/><SP WIDTH="24" VPOS="1761" HPOS="1217"/>
							<String ID="string_264" HPOS="1241" VPOS="1752" WIDTH="175" HEIGHT="38" WC="0.96" CONTENT="nämligen"/><SP WIDTH="23" VPOS="1752" HPOS="1416"/>
							<String ID="string_265" HPOS="1439" VPOS="1752" WIDTH="79" HEIGHT="29" WC="0.96" CONTENT="med"/><SP WIDTH="25" VPOS="1752" HPOS="1518"/>
							<String ID="string_266" HPOS="1543" VPOS="1752" WIDTH="75" HEIGHT="29" WC="0.96" CONTENT="stöd"/><SP WIDTH="23" VPOS="1752" HPOS="1618"/>
							<String ID="string_267" HPOS="1641" VPOS="1761" WIDTH="42" HEIGHT="20" WC="0.96" CONTENT="av"/><SP WIDTH="22" VPOS="1761" HPOS="1683"/>
							<String ID="string_268" HPOS="1705" VPOS="1753" WIDTH="49" HEIGHT="28" WC="0.96" CONTENT="ett"/>
						</TextLine>
						<TextLine ID="line_31" HPOS="251" VPOS="1801" WIDTH="1501" HEIGHT="40">
							<String ID="string_269" HPOS="251" VPOS="1811" WIDTH="43" HEIGHT="20" WC="0.93" CONTENT="av"/><SP WIDTH="27" VPOS="1811" HPOS="294"/>
							<String ID="string_270" HPOS="321" VPOS="1802" WIDTH="292" HEIGHT="39" WC="0.91" CONTENT="regeringsrätten"/><SP WIDTH="27" VPOS="1802" HPOS="613"/>
							<String ID="string_271" HPOS="640" VPOS="1802" WIDTH="174" HEIGHT="30" WC="0.96" CONTENT="meddelat"/><SP WIDTH="28" VPOS="1802" HPOS="814"/>
							<String ID="string_272" HPOS="842" VPOS="1802" WIDTH="115" HEIGHT="39" WC="0.96" CONTENT="utslag"/><SP WIDTH="34" VPOS="1802" HPOS="957"/>
							<String ID="string_273" HPOS="991" VPOS="1801" WIDTH="73" HEIGHT="34" WC="0.83" CONTENT="(RÅ"/><SP WIDTH="30" VPOS="1801" HPOS="1064"/>
							<String ID="string_274" HPOS="1094" VPOS="1802" WIDTH="81" HEIGHT="30" WC="0.96" CONTENT="1913"/><SP WIDTH="29" VPOS="1802" HPOS="1175"/>
							<String ID="string_275" HPOS="1204" VPOS="1802" WIDTH="64" HEIGHT="30" WC="0.95" CONTENT="ref."/><SP WIDTH="31" VPOS="1802" HPOS="1268"/>
							<String ID="string_276" HPOS="1299" VPOS="1801" WIDTH="77" HEIGHT="35" WC="0.96" CONTENT="147)"/><SP WIDTH="32" VPOS="1801" HPOS="1376"/>
							<String ID="string_277" HPOS="1408" VPOS="1811" WIDTH="85" HEIGHT="21" WC="0.96" CONTENT="vara"/><SP WIDTH="28" VPOS="1811" HPOS="1493"/>
							<String ID="string_278" HPOS="1521" VPOS="1801" WIDTH="231" HEIGHT="40" WC="0.96" CONTENT="avdragsgilla"/>
						</TextLine>
						<TextLine ID="line_32" HPOS="251" VPOS="1852" WIDTH="1504" HEIGHT="40">
							<String ID="string_279" HPOS="251" VPOS="1852" WIDTH="57" HEIGHT="30" WC="0.96" CONTENT="för"/><SP WIDTH="22" VPOS="1852" HPOS="308"/>
							<String ID="string_280" HPOS="330" VPOS="1852" WIDTH="192" HEIGHT="39" WC="0.96" CONTENT="utgivaren,"/><SP WIDTH="24" VPOS="1852" HPOS="522"/>
							<String ID="string_281" HPOS="546" VPOS="1853" WIDTH="64" HEIGHT="29" WC="0.96" CONTENT="och"/><SP WIDTH="25" VPOS="1853" HPOS="610"/>
							<String ID="string_282" HPOS="635" VPOS="1853" WIDTH="116" HEIGHT="29" WC="0.95" CONTENT="såsom"/><SP WIDTH="24" VPOS="1853" HPOS="751"/>
							<String ID="string_283" HPOS="775" VPOS="1853" WIDTH="89" HEIGHT="38" WC="0.96" CONTENT="följd"/><SP WIDTH="24" VPOS="1853" HPOS="864"/>
							<String ID="string_284" HPOS="888" VPOS="1853" WIDTH="110" HEIGHT="29" WC="0.96" CONTENT="härav"/><SP WIDTH="24" VPOS="1853" HPOS="998"/>
							<String ID="string_285" HPOS="1022" VPOS="1854" WIDTH="59" HEIGHT="28" WC="0.93" CONTENT="äro"/><SP WIDTH="24" VPOS="1854" HPOS="1081"/>
							<String ID="string_286" HPOS="1105" VPOS="1852" WIDTH="165" HEIGHT="39" WC="0.90" CONTENT="åtnjutna"/><SP WIDTH="24" VPOS="1852" HPOS="1270"/>
							<String ID="string_287" HPOS="1294" VPOS="1853" WIDTH="278" HEIGHT="39" WC="0.90" CONTENT="konfliktbidrag"/><SP WIDTH="23" VPOS="1853" HPOS="1572"/>
							<String ID="string_288" HPOS="1595" VPOS="1853" WIDTH="81" HEIGHT="29" WC="0.93" CONTENT="från"/><SP WIDTH="25" VPOS="1853" HPOS="1676"/>
							<String ID="string_289" HPOS="1701" VPOS="1861" WIDTH="54" HEIGHT="21" WC="0.93" CONTENT="ar-"/>
						</TextLine>
						<TextLine ID="line_33" HPOS="251" VPOS="1902" WIDTH="1504" HEIGHT="40">
							<String ID="string_290" HPOS="251" VPOS="1902" WIDTH="337" HEIGHT="40" WC="0.92" CONTENT="betsgivarförening"/><SP WIDTH="20" VPOS="1902" HPOS="588"/>
							<String ID="string_291" HPOS="608" VPOS="1904" WIDTH="49" HEIGHT="29" WC="0.96" CONTENT="att"/><SP WIDTH="19" VPOS="1904" HPOS="657"/>
							<String ID="string_292" HPOS="676" VPOS="1903" WIDTH="153" HEIGHT="29" WC="0.96" CONTENT="hänföra"/><SP WIDTH="18" VPOS="1903" HPOS="829"/>
							<String ID="string_293" HPOS="847" VPOS="1903" WIDTH="52" HEIGHT="29" WC="0.96" CONTENT="till"/><SP WIDTH="22" VPOS="1903" HPOS="899"/>
							<String ID="string_294" HPOS="921" VPOS="1902" WIDTH="240" HEIGHT="40" WC="0.95" CONTENT="skattepliktig"/><SP WIDTH="20" VPOS="1902" HPOS="1161"/>
							<String ID="string_295" HPOS="1181" VPOS="1903" WIDTH="115" HEIGHT="30" WC="0.96" CONTENT="intäkt"/><SP WIDTH="20" VPOS="1903" HPOS="1296"/>
							<String ID="string_296" HPOS="1316" VPOS="1903" WIDTH="54" HEIGHT="30" WC="0.96" CONTENT="för"/><SP WIDTH="20" VPOS="1903" HPOS="1370"/>
							<String ID="string_297" HPOS="1390" VPOS="1905" WIDTH="230" HEIGHT="37" WC="0.93" CONTENT="mottagaren."/><SP WIDTH="22" VPOS="1905" HPOS="1620"/>
							<String ID="string_298" HPOS="1642" VPOS="1902" WIDTH="113" HEIGHT="30" WC="0.92" CONTENT="Grun-"/>
						</TextLine>
						<TextLine ID="line_34" HPOS="252" VPOS="1953" WIDTH="1502" HEIGHT="39">
							<String ID="string_299" HPOS="252" VPOS="1953" WIDTH="66" HEIGHT="29" WC="0.96" CONTENT="den"/><SP WIDTH="20" VPOS="1953" HPOS="318"/>
							<String ID="string_300" HPOS="338" VPOS="1954" WIDTH="54" HEIGHT="29" WC="0.96" CONTENT="för"/><SP WIDTH="21" VPOS="1954" HPOS="392"/>
							<String ID="string_301" HPOS="413" VPOS="1954" WIDTH="96" HEIGHT="29" WC="0.93" CONTENT="detta"/><SP WIDTH="22" VPOS="1954" HPOS="509"/>
							<String ID="string_302" HPOS="531" VPOS="1953" WIDTH="333" HEIGHT="39" WC="0.90" CONTENT="ställningstagande"/><SP WIDTH="20" VPOS="1953" HPOS="864"/>
							<String ID="string_303" HPOS="884" VPOS="1954" WIDTH="98" HEIGHT="29" WC="0.96" CONTENT="torde"/><SP WIDTH="21" VPOS="1954" HPOS="982"/>
							<String ID="string_304" HPOS="1003" VPOS="1954" WIDTH="46" HEIGHT="29" WC="0.96" CONTENT="ha"/><SP WIDTH="20" VPOS="1954" HPOS="1049"/>
							<String ID="string_305" HPOS="1069" VPOS="1953" WIDTH="97" HEIGHT="35" WC="0.96" CONTENT="varit,"/><SP WIDTH="22" VPOS="1953" HPOS="1166"/>
							<String ID="string_306" HPOS="1188" VPOS="1956" WIDTH="51" HEIGHT="27" WC="0.96" CONTENT="att"/><SP WIDTH="21" VPOS="1956" HPOS="1239"/>
							<String ID="string_307" HPOS="1260" VPOS="1963" WIDTH="42" HEIGHT="20" WC="0.95" CONTENT="en"/><SP WIDTH="21" VPOS="1963" HPOS="1302"/>
							<String ID="string_308" HPOS="1323" VPOS="1954" WIDTH="107" HEIGHT="38" WC="0.95" CONTENT="avgift"/><SP WIDTH="21" VPOS="1954" HPOS="1430"/>
							<String ID="string_309" HPOS="1451" VPOS="1953" WIDTH="53" HEIGHT="29" WC="0.93" CONTENT="till"/><SP WIDTH="22" VPOS="1953" HPOS="1504"/>
							<String ID="string_310" HPOS="1526" VPOS="1954" WIDTH="228" HEIGHT="38" WC="0.91" CONTENT="arbetsgivar-"/>
						</TextLine>
						<TextLine ID="line_35" HPOS="251" VPOS="2003" WIDTH="1503" HEIGHT="40">
							<String ID="string_311" HPOS="251" VPOS="2003" WIDTH="160" HEIGHT="40" WC="0.95" CONTENT="förening"/><SP WIDTH="25" VPOS="2003" HPOS="411"/>
							<String ID="string_312" HPOS="436" VPOS="2004" WIDTH="195" HEIGHT="30" WC="0.95" CONTENT="betraktats"/><SP WIDTH="26" VPOS="2004" HPOS="631"/>
							<String ID="string_313" HPOS="657" VPOS="2004" WIDTH="116" HEIGHT="30" WC="0.96" CONTENT="såsom"/><SP WIDTH="26" VPOS="2004" HPOS="773"/>
							<String ID="string_314" HPOS="799" VPOS="2006" WIDTH="48" HEIGHT="28" WC="0.96" CONTENT="ett"/><SP WIDTH="26" VPOS="2006" HPOS="847"/>
							<String ID="string_315" HPOS="873" VPOS="2004" WIDTH="91" HEIGHT="39" WC="0.93" CONTENT="slags"/><SP WIDTH="27" VPOS="2004" HPOS="964"/>
							<String ID="string_316" HPOS="991" VPOS="2004" WIDTH="330" HEIGHT="39" WC="0.90" CONTENT="försäkringsavgift"/><SP WIDTH="25" VPOS="2004" HPOS="1321"/>
							<String ID="string_317" HPOS="1346" VPOS="2005" WIDTH="71" HEIGHT="28" WC="0.93" CONTENT="mot"/><SP WIDTH="28" VPOS="2005" HPOS="1417"/>
							<String ID="string_318" HPOS="1445" VPOS="2003" WIDTH="309" HEIGHT="30" WC="0.91" CONTENT="arbetsinställelse"/>
						</TextLine>
						<TextLine ID="line_36" HPOS="253" VPOS="2055" WIDTH="1500" HEIGHT="38">
							<String ID="string_319" HPOS="253" VPOS="2057" WIDTH="89" HEIGHT="27" WC="0.95" CONTENT="samt"/><SP WIDTH="18" VPOS="2057" HPOS="342"/>
							<String ID="string_320" HPOS="360" VPOS="2055" WIDTH="49" HEIGHT="28" WC="0.95" CONTENT="att"/><SP WIDTH="18" VPOS="2055" HPOS="409"/>
							<String ID="string_321" HPOS="427" VPOS="2063" WIDTH="44" HEIGHT="20" WC="0.96" CONTENT="en"/><SP WIDTH="19" VPOS="2063" HPOS="471"/>
							<String ID="string_322" HPOS="490" VPOS="2055" WIDTH="104" HEIGHT="38" WC="0.96" CONTENT="utgift"/><SP WIDTH="19" VPOS="2055" HPOS="594"/>
							<String ID="string_323" HPOS="613" VPOS="2064" WIDTH="40" HEIGHT="20" WC="0.96" CONTENT="av"/><SP WIDTH="18" VPOS="2064" HPOS="653"/>
							<String ID="string_324" HPOS="671" VPOS="2055" WIDTH="96" HEIGHT="29" WC="0.96" CONTENT="detta"/><SP WIDTH="20" VPOS="2055" HPOS="767"/>
							<String ID="string_325" HPOS="787" VPOS="2055" WIDTH="71" HEIGHT="38" WC="0.96" CONTENT="slag"/><SP WIDTH="19" VPOS="2055" HPOS="858"/>
							<String ID="string_326" HPOS="877" VPOS="2057" WIDTH="133" HEIGHT="28" WC="0.96" CONTENT="ansetts"/><SP WIDTH="19" VPOS="2057" HPOS="1010"/>
							<String ID="string_327" HPOS="1029" VPOS="2056" WIDTH="121" HEIGHT="37" WC="0.96" CONTENT="utgöra"/><SP WIDTH="18" VPOS="2056" HPOS="1150"/>
							<String ID="string_328" HPOS="1168" VPOS="2064" WIDTH="42" HEIGHT="20" WC="0.96" CONTENT="en"/><SP WIDTH="20" VPOS="2064" HPOS="1210"/>
							<String ID="string_329" HPOS="1230" VPOS="2055" WIDTH="209" HEIGHT="29" WC="0.96" CONTENT="omkostnad"/><SP WIDTH="20" VPOS="2055" HPOS="1439"/>
							<String ID="string_330" HPOS="1459" VPOS="2055" WIDTH="55" HEIGHT="29" WC="0.93" CONTENT="för"/><SP WIDTH="19" VPOS="2055" HPOS="1514"/>
							<String ID="string_331" HPOS="1533" VPOS="2055" WIDTH="220" HEIGHT="29" WC="0.90" CONTENT="inkomstens"/>
						</TextLine>
						<TextLine ID="line_37" HPOS="251" VPOS="2105" WIDTH="243" HEIGHT="30">
							<String ID="string_332" HPOS="251" VPOS="2105" WIDTH="243" HEIGHT="30" WC="0.91" CONTENT="förvärvande."/>
						</TextLine>
					</TextBlock>
					<TextBlock ID="block_3" HPOS="250" VPOS="2155" WIDTH="1504" HEIGHT="342">
						<TextLine ID="line_38" HPOS="295" VPOS="2155" WIDTH="1459" HEIGHT="40">
							<String ID="string_333" HPOS="295" VPOS="2155" WIDTH="137" HEIGHT="39" WC="0.96" CONTENT="Avdrag"/><SP WIDTH="22" VPOS="2155" HPOS="432"/>
							<String ID="string_334" HPOS="454" VPOS="2156" WIDTH="39" HEIGHT="29" WC="0.96" CONTENT="är"/><SP WIDTH="23" VPOS="2156" HPOS="493"/>
							<String ID="string_335" HPOS="516" VPOS="2156" WIDTH="155" HEIGHT="29" WC="0.96" CONTENT="däremot"/><SP WIDTH="23" VPOS="2156" HPOS="671"/>
							<String ID="string_336" HPOS="694" VPOS="2155" WIDTH="108" HEIGHT="40" WC="0.96" CONTENT="enligt"/><SP WIDTH="23" VPOS="2155" HPOS="802"/>
							<String ID="string_337" HPOS="825" VPOS="2156" WIDTH="158" HEIGHT="38" WC="0.96" CONTENT="gällande"/><SP WIDTH="23" VPOS="2156" HPOS="983"/>
							<String ID="string_338" HPOS="1006" VPOS="2156" WIDTH="262" HEIGHT="29" WC="0.96" CONTENT="bestämmelser"/><SP WIDTH="22" VPOS="2156" HPOS="1268"/>
							<String ID="string_339" HPOS="1290" VPOS="2156" WIDTH="74" HEIGHT="29" WC="0.93" CONTENT="icke"/><SP WIDTH="23" VPOS="2156" HPOS="1364"/>
							<String ID="string_340" HPOS="1387" VPOS="2155" WIDTH="172" HEIGHT="39" WC="0.92" CONTENT="medgivet"/><SP WIDTH="23" VPOS="2155" HPOS="1559"/>
							<String ID="string_341" HPOS="1582" VPOS="2156" WIDTH="54" HEIGHT="29" WC="0.93" CONTENT="för"/><SP WIDTH="22" VPOS="2156" HPOS="1636"/>
							<String ID="string_342" HPOS="1658" VPOS="2155" WIDTH="96" HEIGHT="29" WC="0.92" CONTENT="med-"/>
						</TextLine>
						<TextLine ID="line_39" HPOS="251" VPOS="2206" WIDTH="1502" HEIGHT="39">
							<String ID="string_343" HPOS="251" VPOS="2206" WIDTH="237" HEIGHT="39" WC="0.91" CONTENT="lemsavgifter"/><SP WIDTH="26" VPOS="2206" HPOS="488"/>
							<String ID="string_344" HPOS="514" VPOS="2206" WIDTH="52" HEIGHT="29" WC="0.96" CONTENT="till"/><SP WIDTH="26" VPOS="2206" HPOS="566"/>
							<String ID="string_345" HPOS="592" VPOS="2206" WIDTH="284" HEIGHT="39" WC="0.96" CONTENT="fackföreningar"/><SP WIDTH="26" VPOS="2206" HPOS="876"/>
							<String ID="string_346" HPOS="902" VPOS="2206" WIDTH="64" HEIGHT="29" WC="0.96" CONTENT="och"/><SP WIDTH="28" VPOS="2206" HPOS="966"/>
							<String ID="string_347" HPOS="994" VPOS="2207" WIDTH="142" HEIGHT="29" WC="0.96" CONTENT="därmed"/><SP WIDTH="26" VPOS="2207" HPOS="1136"/>
							<String ID="string_348" HPOS="1162" VPOS="2206" WIDTH="203" HEIGHT="39" WC="0.95" CONTENT="jämförliga"/><SP WIDTH="28" VPOS="2206" HPOS="1365"/>
							<String ID="string_349" HPOS="1393" VPOS="2206" WIDTH="360" HEIGHT="38" WC="0.89" CONTENT="sammanslutningar"/>
						</TextLine>
						<TextLine ID="line_40" HPOS="252" VPOS="2256" WIDTH="1502" HEIGHT="39">
							<String ID="string_350" HPOS="252" VPOS="2265" WIDTH="42" HEIGHT="20" WC="0.96" CONTENT="av"/><SP WIDTH="24" VPOS="2265" HPOS="294"/>
							<String ID="string_351" HPOS="318" VPOS="2256" WIDTH="226" HEIGHT="39" WC="0.93" CONTENT="tjänstemän."/><SP WIDTH="27" VPOS="2256" HPOS="544"/>
							<String ID="string_352" HPOS="571" VPOS="2256" WIDTH="293" HEIGHT="39" WC="0.91" CONTENT="Konfliktbidrag,"/><SP WIDTH="28" VPOS="2256" HPOS="864"/>
							<String ID="string_353" HPOS="892" VPOS="2266" WIDTH="73" HEIGHT="20" WC="0.95" CONTENT="som"/><SP WIDTH="27" VPOS="2266" HPOS="965"/>
							<String ID="string_354" HPOS="992" VPOS="2256" WIDTH="80" HEIGHT="30" WC="0.96" CONTENT="från"/><SP WIDTH="26" VPOS="2256" HPOS="1072"/>
							<String ID="string_355" HPOS="1098" VPOS="2256" WIDTH="243" HEIGHT="39" WC="0.95" CONTENT="fackförening"/><SP WIDTH="25" VPOS="2256" HPOS="1341"/>
							<String ID="string_356" HPOS="1366" VPOS="2257" WIDTH="82" HEIGHT="28" WC="0.93" CONTENT="eller"/><SP WIDTH="26" VPOS="2257" HPOS="1448"/>
							<String ID="string_357" HPOS="1474" VPOS="2256" WIDTH="280" HEIGHT="39" WC="0.91" CONTENT="tjänstemanna-"/>
						</TextLine>
						<TextLine ID="line_41" HPOS="252" VPOS="2306" WIDTH="1500" HEIGHT="40">
							<String ID="string_358" HPOS="252" VPOS="2307" WIDTH="320" HEIGHT="39" WC="0.95" CONTENT="sammanslutning"/><SP WIDTH="21" VPOS="2307" HPOS="572"/>
							<String ID="string_359" HPOS="593" VPOS="2307" WIDTH="100" HEIGHT="38" WC="0.96" CONTENT="utgår"/><SP WIDTH="22" VPOS="2307" HPOS="693"/>
							<String ID="string_360" HPOS="715" VPOS="2307" WIDTH="53" HEIGHT="29" WC="0.95" CONTENT="till"/><SP WIDTH="23" VPOS="2307" HPOS="768"/>
							<String ID="string_361" HPOS="791" VPOS="2307" WIDTH="159" HEIGHT="34" WC="0.96" CONTENT="medlem,"/><SP WIDTH="25" VPOS="2307" HPOS="950"/>
							<String ID="string_362" HPOS="975" VPOS="2308" WIDTH="38" HEIGHT="28" WC="0.96" CONTENT="är"/><SP WIDTH="22" VPOS="2308" HPOS="1013"/>
							<String ID="string_363" HPOS="1035" VPOS="2308" WIDTH="10" HEIGHT="28" WC="0.96" CONTENT="i"/><SP WIDTH="23" VPOS="2308" HPOS="1045"/>
							<String ID="string_364" HPOS="1068" VPOS="2307" WIDTH="344" HEIGHT="29" WC="0.96" CONTENT="överensstämmelse"/><SP WIDTH="23" VPOS="2307" HPOS="1412"/>
							<String ID="string_365" HPOS="1435" VPOS="2307" WIDTH="146" HEIGHT="29" WC="0.96" CONTENT="härmed"/><SP WIDTH="22" VPOS="2307" HPOS="1581"/>
							<String ID="string_366" HPOS="1603" VPOS="2307" WIDTH="75" HEIGHT="29" WC="0.96" CONTENT="icke"/><SP WIDTH="24" VPOS="2307" HPOS="1678"/>
							<String ID="string_367" HPOS="1702" VPOS="2306" WIDTH="50" HEIGHT="28" WC="0.96" CONTENT="att"/>
						</TextLine>
						<TextLine ID="line_42" HPOS="250" VPOS="2357" WIDTH="1502" HEIGHT="39">
							<String ID="string_368" HPOS="250" VPOS="2365" WIDTH="83" HEIGHT="21" WC="0.96" CONTENT="anse"/><SP WIDTH="27" VPOS="2365" HPOS="333"/>
							<String ID="string_369" HPOS="360" VPOS="2357" WIDTH="114" HEIGHT="29" WC="0.96" CONTENT="såsom"/><SP WIDTH="29" VPOS="2357" HPOS="474"/>
							<String ID="string_370" HPOS="503" VPOS="2357" WIDTH="240" HEIGHT="39" WC="0.89" CONTENT="skattepliktig"/><SP WIDTH="26" VPOS="2357" HPOS="743"/>
							<String ID="string_371" HPOS="769" VPOS="2357" WIDTH="113" HEIGHT="30" WC="0.96" CONTENT="intäkt"/><SP WIDTH="25" VPOS="2357" HPOS="882"/>
							<String ID="string_372" HPOS="907" VPOS="2357" WIDTH="55" HEIGHT="29" WC="0.96" CONTENT="för"/><SP WIDTH="26" VPOS="2357" HPOS="962"/>
							<String ID="string_373" HPOS="988" VPOS="2359" WIDTH="228" HEIGHT="36" WC="0.96" CONTENT="mottagaren."/><SP WIDTH="28" VPOS="2359" HPOS="1216"/>
							<String ID="string_374" HPOS="1244" VPOS="2357" WIDTH="134" HEIGHT="39" WC="0.96" CONTENT="Frågan"/><SP WIDTH="26" VPOS="2357" HPOS="1378"/>
							<String ID="string_375" HPOS="1404" VPOS="2367" WIDTH="56" HEIGHT="19" WC="0.96" CONTENT="om"/><SP WIDTH="28" VPOS="2367" HPOS="1460"/>
							<String ID="string_376" HPOS="1488" VPOS="2357" WIDTH="264" HEIGHT="39" WC="0.95" CONTENT="avdragsrätten"/>
						</TextLine>
						<TextLine ID="line_43" HPOS="250" VPOS="2406" WIDTH="1503" HEIGHT="41">
							<String ID="string_377" HPOS="250" VPOS="2406" WIDTH="55" HEIGHT="30" WC="0.96" CONTENT="för"/><SP WIDTH="19" VPOS="2406" HPOS="305"/>
							<String ID="string_378" HPOS="324" VPOS="2407" WIDTH="318" HEIGHT="39" WC="0.96" CONTENT="medlemsavgifter"/><SP WIDTH="19" VPOS="2407" HPOS="642"/>
							<String ID="string_379" HPOS="661" VPOS="2408" WIDTH="65" HEIGHT="29" WC="0.96" CONTENT="och"/><SP WIDTH="20" VPOS="2408" HPOS="726"/>
							<String ID="string_380" HPOS="746" VPOS="2409" WIDTH="57" HEIGHT="28" WC="0.96" CONTENT="det"/><SP WIDTH="20" VPOS="2409" HPOS="803"/>
							<String ID="string_381" HPOS="823" VPOS="2408" WIDTH="142" HEIGHT="29" WC="0.96" CONTENT="därmed"/><SP WIDTH="23" VPOS="2408" HPOS="965"/>
							<String ID="string_382" HPOS="988" VPOS="2407" WIDTH="344" HEIGHT="39" WC="0.93" CONTENT="sammanhängande"/><SP WIDTH="22" VPOS="2407" HPOS="1332"/>
							<String ID="string_383" HPOS="1354" VPOS="2407" WIDTH="206" HEIGHT="40" WC="0.92" CONTENT="spörsmålet"/><SP WIDTH="21" VPOS="2407" HPOS="1560"/>
							<String ID="string_384" HPOS="1581" VPOS="2416" WIDTH="55" HEIGHT="20" WC="0.93" CONTENT="om"/><SP WIDTH="24" VPOS="2416" HPOS="1636"/>
							<String ID="string_385" HPOS="1660" VPOS="2406" WIDTH="93" HEIGHT="29" WC="0.92" CONTENT="skat-"/>
						</TextLine>
						<TextLine ID="line_44" HPOS="252" VPOS="2456" WIDTH="1499" HEIGHT="41">
							<String ID="string_386" HPOS="252" VPOS="2457" WIDTH="120" HEIGHT="40" WC="0.92" CONTENT="teplikt"/><SP WIDTH="26" VPOS="2457" HPOS="372"/>
							<String ID="string_387" HPOS="398" VPOS="2458" WIDTH="55" HEIGHT="29" WC="0.96" CONTENT="för"/><SP WIDTH="26" VPOS="2458" HPOS="453"/>
							<String ID="string_388" HPOS="479" VPOS="2458" WIDTH="184" HEIGHT="39" WC="0.93" CONTENT="uppburna"/><SP WIDTH="26" VPOS="2458" HPOS="663"/>
							<String ID="string_389" HPOS="689" VPOS="2458" WIDTH="278" HEIGHT="39" WC="0.92" CONTENT="konfliktbidrag"/><SP WIDTH="26" VPOS="2458" HPOS="967"/>
							<String ID="string_390" HPOS="993" VPOS="2459" WIDTH="45" HEIGHT="28" WC="0.96" CONTENT="ha"/><SP WIDTH="26" VPOS="2459" HPOS="1038"/>
							<String ID="string_391" HPOS="1064" VPOS="2458" WIDTH="130" HEIGHT="29" WC="0.93" CONTENT="således"/><SP WIDTH="26" VPOS="2458" HPOS="1194"/>
							<String ID="string_392" HPOS="1220" VPOS="2458" WIDTH="165" HEIGHT="39" WC="0.91" CONTENT="reglerats"/><SP WIDTH="26" VPOS="2458" HPOS="1385"/>
							<String ID="string_393" HPOS="1411" VPOS="2458" WIDTH="94" HEIGHT="29" WC="0.96" CONTENT="olika"/><SP WIDTH="26" VPOS="2458" HPOS="1505"/>
							<String ID="string_394" HPOS="1531" VPOS="2456" WIDTH="220" HEIGHT="30" WC="0.96" CONTENT="beträffande"/>
						</TextLine>
					</TextBlock>
				</ComposedBlock>
			</PrintSpace>
		</Page>
	</Layout>
</alto>
