2225 2732
745 245 240 30 Stats-Utskottets
1012 243 146 29 Utlåtande
1182 242 53 28 N:o
1260 243 48 25 16.
1756 233 38 31 15

394 339 64 33 »Då
498 339 51 32 det
588 338 109 40 anslag
738 337 33 31 af
810 335 159 39 200,000
1011 335 120 36 kronor,
1175 341 65 22 som
1283 330 32 32 af
1342 327 114 42 Kongl.
1485 327 92 42 Maj:t
1604 327 104 32 äskats
1735 326 101 32 såsom

239 394 112 41 bidrag
378 393 46 32 för
453 390 186 42 anläggning
666 390 35 31 af
725 399 60 31 nya
814 388 82 32 samt
924 386 198 41 omläggning
1150 384 75 32 eller
1252 381 185 41 förbättring
1468 381 34 31 af
1518 380 89 41 eljest
1622 379 119 32 mindre
1755 379 80 41 goda

241 450 107 38 vägar,
391 454 88 32 synes
519 444 65 40 mig
610 452 75 22 vara
713 441 57 32 allt
796 441 47 32 för
871 439 198 40 otillräckligt
1095 438 47 31 för
1171 437 55 37 att,
1255 435 96 32 under
1378 444 41 21 nu
1446 432 134 33 varande
1609 431 224 38 förhållanden,

241 499 103 32 kunna
353 490 11 58 3
357 494 255 50 tillfredsställa
640 495 36 31 de
703 494 109 40 billiga
840 491 130 41 anspråk
997 491 38 41 på
1061 490 119 32 lättade
1199 485 368 43 vägkommunikationer,
1597 494 66 22 som
1693 483 143 32 öfverallt

270 551 108 31 landet
403 547 208 39 framställas,
643 546 33 32 så
704 546 55 31 och
788 545 38 31 då
853 544 172 31 Utskottets
1054 540 196 43 afstyrkande
1279 539 34 31 af
1336 538 79 31 Herr
1438 536 231 40 Landshöfding
1696 535 141 31 ”Treffen-

240 603 91 40 bergs
371 611 43 22 m.
443 601 31 31 fl.
518 599 128 38 motion,
694 607 88 31 synes
810 606 75 22 vara
913 595 85 32 fotad
1026 593 38 42 på
1092 594 44 31 ett
1163 592 33 32 af
1220 591 83 40 Väg-
1332 590 56 32 och
1416 587 417 42 vattenbyggnadsstyrelsen

242 654 127 41 afgifvet
407 652 159 33 utlåtande
609 650 71 32 med
721 649 164 39 anledniug
921 648 32 31 af
987 646 66 32 från
1080 645 189 40 Konungens
1318 640 343 42 befallningshafvande
1689 639 9 31 i
1726 639 36 32 de
1789 640 46 30 tre

241 706 188 41 nordligaste
457 705 90 31 länen
575 703 94 31 under
697 701 132 32 sistlidet
856 700 33 31 år
915 699 49 32 till
989 698 116 40 Kongl.
1135 696 92 41 Maj:t
1254 695 145 31 inkomna
1426 691 208 41 underdåniga
1662 690 170 33 framställ-

239 759 110 41 ningar
389 758 10 31 i
434 757 78 40 syfte
545 755 46 32 att
631 763 109 32 genom
767 752 115 41 Kongl.
910 750 108 42 Maj:ts
1045 748 186 35 medverkan
1259 746 30 33 få
1315 744 207 34 förstberörda
1551 744 110 41 anslag
1687 742 145 41 förhöjdt,

240 811 34 32 så
315 820 90 22 anser
443 809 55 41 jag
525 807 64 41 mig
625 807 34 31 så
702 806 122 41 mycket
860 804 118 31 mindre
1006 803 75 31 böra
1110 801 68 32 dela
1207 800 98 31 denna
1333 798 171 32 Utskottets
1532 795 206 42 uppfattning,
1768 804 65 22 som

240 863 77 32 efter
349 862 64 32 min
453 861 91 32 tanke
573 860 82 40 Väg-
674 859 57 31 och
758 854 417 43 vattenbyggnadsstyrelsen
1203 851 128 33 alldeles
1358 850 65 32 icke
1451 849 169 31 underkänt
1647 847 186 40 behöflighe-

238 916 51 30 ten
331 914 33 32 af
401 914 44 31 ett
484 912 133 41 förhöjdt
645 911 119 40 anslag,
807 919 71 21 men
906 907 138 32 deremot
1070 905 115 32 uttalat
1211 903 108 32 tvifvel
1338 912 49 21 om
1415 900 197 41 lämpligaste
1640 900 119 31 formen
1787 900 47 30 för

241 967 103 41 dylika
377 966 125 39 anslags
543 963 185 42 beviljande.
795 961 103 32 Under
926 959 115 32 sådana
1073 956 212 33 förhållanden
1314 954 56 32 och
1397 953 38 32 då
1462 952 235 43 ifrågavarande
1725 950 110 41 anslag

240 1019 137 31 kommer
417 1017 70 32 hela
515 1016 118 43 landet
660 1015 50 31 till
737 1014 77 41 godo
843 1013 82 31 samt
952 1011 118 32 således
1090 1009 64 32 icke
1181 1009 54 31 hör
1264 1007 74 32 eller
1366 1015 52 23 ens
1446 1005 58 31 kan
1532 1003 157 33 betraktas
1732 1003 101 32 såsom

242 1070 93 41 något
362 1070 205 36 ort-intresse,
597 1067 32 32 så
656 1066 116 32 tillåter
795 1065 56 40 jag
869 1064 64 41 mig
960 1061 122 34 föreslå:

698 1119 46 31 att
784 1117 176 39 Riksdagen
1001 1114 95 32 måtte
1137 1113 46 31 för
1222 1111 33 32 år
1300 1111 108 37 1876,
1439 1108 101 33 såsom
1568 1108 110 41 bidrag
1705 1107 46 32 för
1779 1116 53 23 an-

646 1170 147 41 läggning
834 1169 34 31 af
904 1176 59 32 nya
1004 1166 82 32 samt
1113 1163 197 41 omläggning
1337 1162 74 31 eller
1438 1160 183 40 förbättring
1648 1161 34 30 af
1706 1159 129 40 backiga

648 1223 75 31 eller
750 1222 89 41 eljest
877 1219 118 32 mindre
1035 1217 79 41 goda
1153 1219 105 37 vägar,
1301 1214 91 32 ställa
1418 1212 49 32 till
1493 1212 115 40 Kongl.
1637 1212 107 40 Maj:ts
1773 1212 62 30 dis-

649 1274 130 41 position
808 1273 44 31 ett
877 1271 110 40 belopp
1016 1270 35 31 af
1076 1268 162 38 400,000
1267 1266 120 37 kronor;

392 1329 53 31 vid
486 1326 72 32 E:de
596 1328 141 39 punkten
779 1323 168 42 (angående
989 1321 141 41 anslaget
1156 1320 47 32 för
1230 1317 257 41 understödjande
1516 1315 37 33 af
1577 1316 119 32 mindre
1724 1315 109 32 hamn-

239 1381 56 33 och
321 1378 233 42 brobyggnader
586 1379 82 30 samt
695 1376 206 42 upprensning
929 1375 32 31 af
987 1374 52 31 åar
1067 1373 55 31 och
1149 1371 146 40 farleder)
1325 1370 33 31 af
1382 1370 79 31 Herr
1490 1369 40 30 L.
1560 1368 49 31 M.
1626 1367 202 42 Nordenfelt,

239 1442 67 23 som
333 1432 89 41 yrkat
450 1430 91 33 bifall
568 1429 48 32 till
644 1429 114 41 Kongl.
788 1427 108 42 Maj:ts
924 1420 207 47 proposition';

391 1485 54 30 vid
486 1481 89 33 410:de
617 1483 140 40 punkten
798 1479 168 42 (angående
1008 1477 144 40 anslaget
1192 1475 49 32 till
1281 1476 54 30 bro
1373 1474 82 31 öfver
1483 1465 146 47 Ätra-ån)
1658 1472 32 31 af
1716 1471 115 32 Herrar

239 1538 42 31 L.
324 1536 48 32 M.
415 1534 212 43 Nordenfeldt
667 1534 55 32 och
764 1532 78 33 Carl
882 1532 182 42 Ifvarsson,
1106 1527 104 33 hvilka
1249 1526 89 42 yrkat
1377 1525 89 33 bifall
1505 1524 49 32 till
1582 1524 113 41 Kongl.
1727 1523 106 41 Maj:ts

240 1588 199 43 proposition.

394 1640 54 32 vid
489 1643 77 31 11:te
601 1640 142 39 punkten
777 1636 170 42 (angående
976 1634 141 41 anslaget
1157 1633 46 31 för
1230 1630 214 34 fullbordande
1472 1629 34 32 af
1531 1628 302 41 hamanläggningen

240 1693 51 32 vid
319 1691 193 41 Trelleborg)
542 1691 33 31 af
599 1689 80 32 Herr
708 1690 34 32 J.
772 1689 191 36 Rundbäck,
995 1696 66 22 som
1088 1685 99 41 yrkat,
1218 1684 45 31 att
1290 1682 175 40 Riksdagen
1492 1680 95 32 måtte
1614 1680 114 41 bevilja
1744 1680 88 31 Trel-

239 1746 123 39 leborgs
407 1743 70 32 stad
518 1742 101 32 såsom
659 1741 115 43 bidrag
791 1740 49 33 till
866 1739 213 33 fullbordande
1108 1737 33 32 af
1164 1734 320 41 hamnanläggningen
1511 1733 51 31 vid
1582 1731 180 40 Trelleborg
1790 1732 43 30 ”ett

240 1797 49 30 lån
318 1797 34 31 af
382 1795 159 38 150,000
571 1794 109 31 kronor
709 1794 45 31 att
781 1791 186 33 återbetalas
996 1790 38 41 på
1062 1790 51 31 det
1141 1789 61 31 sätt
1230 1788 55 37 att,
1316 1787 93 31 sedan
1437 1785 122 32 medlen
1587 1784 57 31 fått
1672 1784 95 31 under
1786 1784 46 30 tre

242 1848 33 31 år
314 1849 73 30 utan
429 1847 89 31 ränta
559 1845 190 38 innehafvas,
792 1845 34 31 af
864 1843 107 32 staden
1013 1841 115 41 årligen
1170 1839 139 41 erlägges
1329 1848 34 22 en
1394 1837 137 31 annuitet
1558 1836 33 31 af
1617 1845 50 22 sex
1695 1836 134 39 procent,

242 1900 88 31 deraf
355 1899 90 31 ränta
464 1898 76 32 efter
567 1897 68 41 fyra
663 1897 124 40 procent
815 1895 147 33 beräknas
990 1894 17 31 å
1035 1893 129 41 ogulden
1193 1890 179 33 hufvudstol
1400 1890 55 31 och
1483 1888 171 32 återstoden
1675 1888 89 39 utgör
1785 1887 44 30 af-

241 1951 159 40 betalning
427 1950 17 31 å
472 1950 192 37 densamma,
694 1949 82 31 samt
803 1947 131 42 åtnjutes
962 1946 37 40 på
1026 1946 36 31 de
1090 1944 97 32 vilkor
1214 1943 9 31 i
1252 1942 101 41 öfrigt,
1384 1951 64 21 som
1477 1941 9 30 i
1514 1940 142 31 afseende
1685 1939 16 30 åa
1728 1939 102 40 dylika

241 2003 49 32 lån
318 2003 98 31 finnas
443 2000 161 42 stadgade.

394 2054 80 31 Herr
514 2052 140 32 Friherre
697 2051 34 32 J.
761 2052 46 31 PE.
837 2050 186 44 Stjernblad
1049 2049 56 31 har
1133 2047 68 32 låtit
1221 2046 159 38 anteckna,
1411 2045 45 31 att
1482 2044 60 32 han
1571 2043 64 32 icke
1664 2042 130 39 deltagit
1821 2042 7 31 i

241 2107 126 40 slutliga
394 2105 268 46 handläggningen
704 2104 82 31 inom
828 2103 157 32 Utskottet
1025 2101 33 32 af
1096 2101 36 31 de
1159 2100 10 31 i
1197 2099 84 32 detta
1309 2097 157 33 utlåtande
1493 2095 194 33 behandlade
1716 2094 112 41 frågor.
