1878 2830
286 155 44 30 34
679 149 301 35 Statsutskottets
1003 149 192 35 utlåtande
1218 149 56 34 Nr
1299 151 74 32 111.

290 230 276 37 studentsociala
588 229 381 43 hjälpverksamheten,
992 242 104 31 synes
1121 231 59 33 det
1203 242 87 22 vara
1314 242 45 22 av
1383 234 72 30 stor
1478 229 80 35 vikt
1582 234 56 31 att
1661 231 116 34 denna

290 284 118 43 frågas
425 283 136 43 lösning
577 283 76 34 icke
671 282 172 43 fördröjes
861 283 117 42 längre
996 286 46 31 än
1059 282 223 43 nödvändigt
1301 286 49 31 är.

332 355 191 34 Utskottet
547 354 206 34 hemställer
777 353 134 41 därför,

655 412 54 30 att
727 408 188 43 riksdagen
934 408 79 35 med
1034 407 188 44 anledning
1241 420 47 22 av
1309 407 179 35 motionen
1508 408 30 33 I:
1553 411 64 31 231
1640 409 58 33 må
1718 408 58 34 be-

610 461 95 34 sluta
730 466 58 29 att
812 461 12 34 i
849 461 169 34 skrivelse
1041 461 57 33 till
1122 461 132 42 Kungl.
1272 460 112 42 Maj:t
1400 460 155 41 anhålla,
1573 465 57 29 att
1645 461 133 42 Kungl.

613 514 109 43 Maj:t
738 515 116 34 måtte
869 515 72 34 låta
959 515 42 34 de
1017 514 129 43 frågor,
1163 527 76 22 som
1255 515 141 34 beröras
1413 514 11 34 i
1441 515 43 34 de
1501 515 69 34 den
1588 518 20 31 5
1625 514 154 35 februari

613 572 86 30 1937
724 568 194 34 tillkallade
944 568 237 43 sakkunnigas
1205 567 133 43 förslag
1362 580 45 22 av
1432 568 67 34 den
1528 571 41 31 10
1595 567 183 35 december

612 633 134 23 samma
764 622 38 34 år
823 621 148 43 (statens
990 620 60 35 off.
1068 625 69 30 utr.
1158 624 98 31 1937:
1271 621 59 42 44)
1351 621 11 34 i
1381 621 66 34 den
1465 621 129 42 punkt,
1612 633 76 23 som
1706 621 71 42 gäl-

611 675 48 34 ler
682 687 42 22 en
747 674 195 43 föreslagen
964 673 167 36 lånefond
1154 674 53 35 för
1232 674 362 43 studentbyggnader,
1618 678 161 31 närmare

613 728 141 35 utredas
776 728 82 34 med
879 727 200 34 beaktande
1101 740 45 21 av
1167 727 70 34 vad
1258 727 12 34 i
1292 728 101 33 detta
1414 728 174 34 avseende
1610 727 135 35 anförts
1769 727 11 34 i

610 781 236 34 remissvaren
878 780 66 34 och
972 779 147 35 särskilt
1146 779 11 34 i
1181 779 282 35 statskontorets
1487 780 174 42 yttrande
1685 784 95 30 samt

610 834 55 34 till
691 838 85 30 1940
801 834 58 34 års
882 833 145 43 riksdag
1051 833 198 43 framlägga
1274 833 63 34 det
1360 833 133 43 förslag
1515 833 12 34 i
1552 836 133 38 ämnet,
1703 845 76 23 som

611 888 131 43 Kungl.
768 887 113 43 Maj:t
904 887 91 34 efter
1018 886 119 35 denna
1161 886 196 44 utredning
1378 887 72 34 kan
1466 886 100 35 finna
1582 887 193 43 påkallat.»

336 992 33 41 3)
394 1004 45 22 av
456 992 80 34 herr
560 992 163 39 Andrén;
746 995 97 31 samt

336 1090 33 42 4)
394 1102 46 22 av
464 1091 80 33 herr
567 1091 151 33 Persson
742 1089 11 35 1
779 1089 111 35 Falla.

684 2483 132 21 Stockholm
833 2484 54 24 1939,
904 2483 51 21 Ivar
974 2483 155 25 Heggsträms
1146 2483 147 25 Boktryckeri
1310 2484 26 21 A.
1354 2484 24 20 B.

998 2521 71 15 81465
