2256 2656
418 203 119 32 Ändra
561 205 216 32 kammarens
804 203 126 44 tredje
955 208 170 40 tillfälliga
1151 210 143 31 utskotts
1317 211 174 31 utlåtande
1516 212 49 31 Nr
1590 214 26 29 9.
1793 209 17 34 i

216 283 251 39 kostnaderna
496 286 55 37 för
580 287 343 48 publikationernas
965 291 202 47 utgivande
1210 292 69 36 och
1312 293 174 48 slutligen
1517 295 220 36 minskande
1767 308 45 25 av

216 338 345 48 publikationernas
591 343 192 48 upplagor.

321 393 61 38 Av
412 395 106 36 dessa
547 399 158 45 utvägar
734 403 40 30 är
801 399 159 47 givetvis
991 401 71 35 den
1091 401 266 46 förstnämnda,
1390 406 52 34 att
1472 403 145 37 minska
1641 405 171 36 berättel-

215 458 128 25 sernas
372 449 160 47 omfång,
568 451 73 35 den
668 454 92 33 utan
784 453 213 48 jämförelse
1026 454 198 48 kraftigast
1251 457 200 36 verkande.
1509 458 113 36 Detta
1650 459 75 35 kan
1745 459 66 36 ske

214 503 47 45 på
290 501 13 36 i
331 502 199 37 huvudsak
570 507 63 34 två
676 506 100 35 olika
818 510 84 42 sätt,
934 508 77 36 dels
1041 520 132 36 genom
1210 513 53 33 att
1291 523 85 24 man
1405 512 184 47 företager
1616 513 194 36 inskränk-

213 555 135 48 ningar
375 556 13 36 i
417 557 116 49 själva
562 559 223 46 statistiken,
817 562 78 35 dels
925 574 131 35 genom
1088 566 53 33 att
1171 576 84 24 man
1273 564 119 37 bättre
1418 566 252 48 tillvaratager
1684 567 126 37 tabell-

214 613 201 45 utrymmet
442 612 13 36 i
484 612 335 48 publikationerna.
886 616 167 38 Givetvis
1097 621 97 33 möta
1233 620 202 36 avsevärda
1477 622 230 47 svårigheter
1747 622 64 36 vid

214 664 125 37 försök
369 669 53 33 att
451 667 255 38 åstadkomma
735 682 46 23 en
811 670 146 37 absolut
985 671 216 49 minskning
1230 686 45 25 av
1305 674 222 46 statistiken,
1559 676 47 36 då
1634 675 56 38 för
1709 676 100 49 varje

214 721 40 33 år
283 719 65 36 allt
376 723 115 34 större
520 721 93 38 krav
643 724 126 36 ställas
799 727 46 45 på
875 726 72 36 den
977 726 171 37 officiella
1177 728 213 37 statistiken
1418 729 119 48 ifråga
1566 743 57 23 om
1643 731 166 36 fullstän-

215 773 129 48 dighet
373 775 67 36 och
472 776 295 49 detaljrikedom.
826 780 133 36 Atten
1002 781 233 49 granskning
1268 783 68 36 och
1369 784 150 48 sovring
1553 797 46 25 av
1632 786 71 36 vad
1732 798 75 24 som

213 840 52 23 nu
293 832 109 44 utgör
443 829 154 38 föremål
638 832 57 36 för
728 833 183 37 statistisk
944 835 281 49 undersökning
1254 838 67 35 och
1351 838 233 47 publikation
1612 839 195 48 företages,

213 895 109 24 anser
344 884 184 37 utskottet
570 886 205 37 emellertid
818 888 160 48 befogat.
1036 890 111 36 Detta
1177 891 13 35 i
1219 891 95 49 syfte
1357 895 64 41 att,
1464 905 57 24 om
1563 896 39 33 så
1631 894 94 36 låter
1753 894 57 48 sig

212 942 100 42 göra,
344 939 256 37 åstadkomma
629 953 47 23 en
704 942 215 48 utgallring,
947 944 222 37 åtminstone
1190 958 44 23 ur
1262 946 336 47 publikationerna,
1621 961 44 24 av
1687 961 46 24 en
1750 949 60 36 del

212 992 175 45 statistik,
420 1006 82 23 vars
530 994 204 37 förekomst
762 997 66 35 där
856 998 75 35 kan
960 997 232 38 konstateras
1236 1013 87 23 vara
1352 1000 207 49 obehövlig.
1616 1002 59 37 En
1705 1003 105 48 dylik

210 1045 278 50 inskränkning
522 1061 86 24 vore
637 1051 115 35 redan
780 1063 44 24 ur
853 1052 136 36 allmän
1024 1052 413 51 besparingssynpunkt
1466 1057 196 35 önskvärd.
1720 1058 89 35 Men

212 1100 72 36 den
313 1101 169 47 påkallar
510 1104 329 46 uppmärksamhet
869 1111 93 31 även
992 1119 45 24 av
1067 1108 62 36 det
1157 1108 93 46 skäl,
1295 1112 54 33 att
1377 1121 132 36 genom
1539 1110 268 38 inskränknin-

211 1166 67 35 gar
307 1159 20 31 å
351 1155 99 36 vissa
470 1168 47 25 av
536 1157 233 37 statistikens
790 1161 175 35 områden
986 1164 115 33 större
1122 1162 193 48 möjlighet
1333 1163 155 37 beredes
1509 1167 54 33 att
1584 1164 225 48 tillmötesgå

209 1209 82 35 från
322 1210 116 35 andra
466 1210 77 36 håll
567 1211 230 38 framställda
826 1214 57 36 till
912 1227 111 36 synes
1062 1215 231 49 berättigade
1329 1217 93 38 krav
1450 1221 47 45 på
1525 1218 284 49 fullständigare

210 1263 177 46 statistik,
419 1270 47 30 än
496 1265 72 36 den
611 1279 77 23 som
727 1280 52 23 nu
822 1270 284 36 åstadkommes.
1165 1271 146 36 Sådana
1353 1272 92 37 krav
1475 1278 61 30 äro
1567 1274 44 35 de
1640 1274 14 35 i
1683 1274 126 36 social-

210 1318 202 47 styrelsens
454 1320 101 35 detta
597 1322 193 35 utlåtande
829 1323 173 47 bifogade
1045 1336 34 35 p.
1111 1337 46 23 m.
1189 1324 52 50 (se
1270 1325 61 36 bil.
1365 1326 35 48 2)
1443 1328 223 35 omnämnda
1702 1329 106 35 önsk-

208 1372 146 47 ningar,
399 1373 102 36 vilka
543 1375 252 38 framkommit
829 1390 56 23 om
917 1390 46 23 en
995 1378 283 49 fullständigare
1307 1381 502 38 levnadskostnadsstatistik

211 1431 176 32 ävensom
432 1440 46 23 en
521 1429 164 36 statistik
727 1435 86 32 över
842 1432 44 35 de
920 1432 75 47 pris
1024 1445 77 24 som
1130 1433 511 49 livsmedelsproducenterna
1669 1437 140 36 erhålla

208 1479 57 37 för
296 1481 80 36 sina
406 1494 118 24 varor.
581 1483 135 37 Denna
746 1497 129 24 senare
905 1486 163 37 statistik
1084 1492 39 31 är
1152 1489 139 36 avsedd
1321 1492 53 33 att
1402 1489 245 48 komplettera
1664 1487 144 57 uppgif-

209 1539 107 32 terna
346 1548 56 23 om
433 1536 393 50 konsumentpriserna
856 1541 68 36 och
952 1544 48 44 på
1029 1544 39 33 så
1101 1545 74 33 sätt
1199 1544 113 46 draga
1345 1545 378 46 uppmärksamheten
1750 1546 59 36 till

209 1590 284 48 undersökning
523 1605 56 22 om
626 1594 45 34 de
714 1594 151 36 orsaker
893 1595 56 35 till
991 1596 270 49 prisfördyring
1290 1600 20 33 å
1338 1598 205 45 livsmedel,
1573 1612 77 23 som
1680 1600 128 36 kunna

209 1643 102 48 ligga
349 1643 14 37 i
392 1645 144 48 oskälig
579 1647 381 49 mellanhandsprofit,
1003 1649 65 36 illa
1108 1651 239 48 organiserad
1391 1652 248 47 distribution,
1685 1654 124 48 dåliga

211 1697 368 39 kommunikationer
608 1714 31 23 o.
672 1714 27 23 s.
731 1715 33 24 v.

315 1752 193 38 Utskottet
536 1755 75 35 kan
631 1755 132 37 liksom
786 1757 228 37 motionären
1029 1758 225 47 konstatera,
1273 1763 147 34 attman
1436 1762 118 35 under
1569 1774 129 24 senare
1719 1764 89 35 åren

210 1808 47 44 på
286 1806 189 48 åtskilliga
505 1808 76 36 håll
610 1810 68 35 och
708 1815 94 31 även
830 1811 99 36 inom
959 1812 202 48 riksdagen
1189 1814 122 47 frågat
1339 1815 67 47 sig,
1437 1816 184 36 huruvida
1651 1817 71 36 den
1743 1818 66 35 allt

208 1860 177 47 rikligare
415 1862 192 37 svällande
635 1864 124 36 floden
788 1878 46 23 av
862 1866 199 37 statistiskt
1088 1868 108 47 tryck
1225 1869 193 47 verkligen
1448 1876 39 30 är
1507 1871 217 47 erforderlig
1739 1872 69 36 och

211 1915 206 35 motiverad
448 1928 44 24 av
523 1917 44 35 de
597 1917 122 37 skilda
762 1920 199 47 uppgifter,
993 1934 74 23 som
1096 1923 62 35 det
1186 1922 142 48 åligger
1357 1924 72 35 den
1458 1924 171 36 officiella
1658 1926 150 36 statisti-

210 1967 74 36 ken
314 1973 53 31 att
396 1970 101 47 fylla.
556 1972 261 36 Kostnaderna
846 1974 55 35 för
930 1975 282 47 hopsamlandet
1241 1989 45 24 av
1307 1978 44 34 de
1372 1978 159 47 primära
1555 1975 251 56 uppgifterna,

211 2022 58 36 för
297 2022 294 49 bearbetningen
621 2038 45 25 av
696 2027 100 36 detta
826 2029 178 44 material,
1031 2030 56 35 för
1101 2031 249 48 tryckningen
1366 2033 68 35 och
1449 2033 56 35 för
1519 2034 289 46 gratisdistribu-

209 2075 128 37 tionen
376 2083 61 31 äro
467 2080 200 47 påtagliga,
699 2094 84 23 men
811 2082 57 36 för
898 2085 160 46 mången
1086 2085 67 35 har
1182 2086 63 35 det
1273 2088 103 45 synts
1405 2086 77 36 lika
1515 2088 211 47 uppenbart
1755 2091 53 34 att

211 2142 46 24 en
287 2131 70 45 del,
391 2144 45 24 av
465 2134 72 35 vad
566 2146 76 24 som
673 2136 169 46 erhålles,
885 2136 84 36 icke
1014 2143 39 31 är
1082 2151 44 24 av
1157 2139 72 36 den
1263 2140 186 36 allmänna
1476 2146 119 43 nytta,
1626 2155 75 24 som
1732 2142 75 37 kan

211 2185 179 36 motivera
420 2187 44 35 de
491 2189 113 46 därpå
632 2191 186 46 nedlagda
859 2190 261 39 kostnaderna.
1180 2194 169 37 Givetvis
1372 2195 66 35 bör
1466 2196 224 36 lekmannen
1720 2210 87 23 vara

210 2241 308 48 utomordentligt
545 2243 184 48 försiktig,
761 2245 46 35 då
835 2246 75 35 han
934 2246 121 36 bildar
1084 2247 56 47 sig
1170 2249 194 35 omdömen
1395 2262 45 23 av
1461 2251 100 35 detta
1582 2252 90 46 slag.
1704 2252 102 35 Fres-

209 2294 121 36 telsen
360 2298 53 33 att
440 2296 256 46 underskatta,
729 2300 71 35 vad
829 2311 76 24 som
936 2300 119 48 ligger
1083 2314 100 24 mera
1212 2303 168 47 avlägset
1408 2304 62 36 det
1499 2317 94 35 egna
1623 2305 184 37 verksam-
