1866 2814
531 163 100 28 Andra
649 164 200 34 lagutskottets
865 163 151 28 utlåtande
1034 173 36 18 nr
1088 164 26 27 6.
1549 161 19 30 5

78 244 246 39 myndigheter
349 245 65 30 och
442 244 370 39 sammanslutningar,
839 245 86 30 böra
953 244 126 39 inflyta
1107 244 10 30 i
1143 242 423 40 bageriarbetstidslagen.

80 298 154 30 Berörda
256 298 198 39 anordning
473 299 70 29 kan
566 299 176 38 nämligen
763 302 83 27 utan
868 298 104 30 tvivel
992 298 9 30 i
1024 297 125 39 många
1172 297 72 35 fall,
1267 296 50 31 till
1339 296 151 30 fromma
1514 295 55 30 för

79 352 250 31 effektiviteten
353 362 42 22 av
417 352 264 41 ifrågavarande
706 352 226 41 lagstiftning,
958 352 76 33 leda
1060 351 50 31 till
1136 354 48 29 att
1210 354 158 28 ansvaret
1394 350 174 39 verkligen

80 407 157 30 kommer
255 410 49 27 att
321 406 89 33 åvila
430 408 67 30 den
516 417 73 21 som
608 407 145 30 faktiskt
771 406 161 32 handhar
950 406 185 40 ledningen
1154 415 43 21 av
1215 406 129 30 arbetet
1365 405 81 30 eller
1465 403 101 32 rörel-

79 468 60 22 sen
170 459 66 31 och
268 460 120 30 därför
419 459 107 32 också
557 461 155 29 närmast
742 460 63 30 bör
836 461 65 29 öva
932 459 144 39 uppsikt
1108 459 82 30 över
1220 461 50 27 att
1301 457 265 40 lagstiftningen

79 513 204 40 efterföljes.
323 508 25 36 Å
376 514 111 31 andra
514 514 100 30 sidan
641 514 98 31 torde
768 514 67 30 den
863 513 184 39 prövning,
1075 522 76 21 som
1180 511 262 31 vederbörande
1469 520 98 30 myn-

78 567 119 39 dighet
234 567 65 31 har
335 570 49 28 att
422 568 189 30 verkställa
647 567 44 31 då
730 567 99 39 fråga
867 567 237 39 uppkommer
1140 576 58 21 om
1236 565 251 39 överflyttning
1524 574 42 21 av

79 622 371 39 arbetsgivaransvaret
479 622 19 31 å
527 622 146 32 särskild
703 621 247 37 föreståndare,
980 620 165 32 innebära
1176 630 43 21 en
1246 619 322 41 tillfyllestgörande

79 676 132 38 garanti
238 676 55 31 för
317 678 48 29 att
390 675 266 40 ifrågavarande
680 676 179 39 möjlighet
883 674 77 32 icke
985 674 225 32 missbrukas.
1250 674 66 31 För
1341 672 227 39 medgivande

80 728 48 32 till
159 729 531 41 ansvarighetsöverflyttningen
724 730 89 31 lärer
846 729 175 39 nämligen
1055 727 246 40 myndigheten
1338 727 112 30 städse
1484 726 82 30 böra

79 782 106 32 kräva
209 781 94 33 såväl
325 786 49 28 att
397 783 206 39 tillräckliga
626 785 73 30 skäl
723 784 55 30 för
799 785 46 29 ett
867 782 229 31 överförande
1119 791 42 21 av
1185 784 158 28 ansvaret
1366 780 90 31 visas
1480 779 86 30 före-

79 836 90 39 ligga
196 846 76 21 som
298 837 65 30 ock
389 840 50 27 att
465 837 77 35 den,
569 846 75 21 som
671 837 90 30 skall
785 837 164 38 övertaga
974 837 174 33 ansvaret,
1176 835 66 29 har
1267 844 41 21 en
1337 833 108 31 sådan
1475 833 92 30 ställ-

79 890 84 39 ning
187 890 96 30 inom
307 890 172 40 företaget
503 891 66 30 och
594 890 131 31 sådana
751 890 197 39 personliga
973 888 289 31 kvalifikationer
1286 890 49 28 att
1360 887 69 30 han
1458 888 109 37 lämp-

78 943 91 39 ligen
187 944 71 30 kan
279 945 166 38 godtagas
465 944 116 31 såsom
599 943 372 32 arbetsföreståndare.
1003 942 117 31 Skulle
1140 942 57 30 det
1216 942 141 30 komma
1379 941 51 30 till
1449 940 117 31 veder-

77 997 154 31 börande
250 998 219 39 myndighets
490 998 196 30 kännedom
708 1000 49 28 att
777 1007 41 21 en
839 1006 135 30 person,
996 1006 75 21 som
1092 1006 42 20 av
1157 995 245 39 myndigheten
1424 994 143 39 tidigare

78 1050 174 40 godtagits
282 1051 115 31 såsom
426 1051 372 35 arbetsföreståndare,
829 1050 76 31 icke
935 1051 122 38 längre
1086 1050 39 30 är
1152 1048 146 40 lämplig
1327 1048 57 30 för
1411 1047 153 31 nämnda

79 1104 138 40 uppgift
245 1105 82 30 eller
352 1108 49 28 att
429 1104 131 32 sådana
588 1105 297 38 omständigheter
912 1104 100 38 eljest
1038 1102 168 39 föreligga
1236 1105 49 27 att
1310 1101 256 38 ansvarighets-

78 1158 297 40 överflyttningen
401 1159 76 30 icke
505 1159 119 39 längre
648 1159 64 30 bör
737 1160 64 37 äga
826 1157 158 31 bestånd.
1010 1157 64 30 har
1099 1156 250 39 myndigheten
1378 1154 94 31 såväl
1499 1155 67 30 rätt

79 1221 74 22 som
177 1212 198 39 skyldighet
399 1216 50 27 att
473 1212 169 31 återkalla
668 1212 58 31 sitt
752 1211 239 39 medgivande.

120 1266 73 32 Vad
218 1267 171 31 beträffar
413 1266 134 39 frågan,
571 1266 44 40 på
639 1267 115 31 vilken
778 1265 203 40 myndighet
1005 1265 56 32 det
1086 1266 63 30 bör
1173 1263 187 32 ankomma
1387 1266 47 28 att
1460 1262 106 39 pröva

80 1320 234 40 ansökningar
332 1331 56 21 om
407 1321 251 39 överflyttande
676 1330 42 21 av
737 1319 382 40 arbetsgivaransvaret,
1138 1318 97 31 torde
1252 1316 220 32 arbetsrådet.
1494 1325 72 22 som

77 1374 64 30 har
169 1377 50 27 att
250 1374 158 31 meddela
439 1374 195 39 eftergifter
662 1373 80 31 från
771 1373 313 31 bestämmelserna
1114 1372 9 30 i
1153 1372 180 30 allmänna
1365 1370 201 31 arbetstids-

77 1428 111 39 lagen,
215 1428 131 38 jämväl
369 1428 86 30 böra
483 1429 107 38 pröva
617 1427 239 38 ansökningar
883 1436 57 21 om
968 1425 258 39 Överflyttande
1253 1434 42 21 av
1320 1427 162 27 ansvaret
1509 1433 57 21 en-

77 1481 61 39 ligt
155 1481 153 31 nämnda
328 1482 65 38 lag.
423 1481 247 38 Ansökningar
687 1490 56 21 om
764 1480 194 39 eftergifter
976 1478 79 31 från
1073 1478 311 31 bestämmelserna
1405 1477 8 30 i
1433 1476 133 38 bageri-

76 1535 289 36 arbetstidslagen
388 1536 127 37 prövas
537 1535 64 30 och
622 1535 147 38 avgöras
791 1544 41 20 av
852 1532 374 40 yrkesinspektionens
1249 1530 316 39 chefsmyndighet,

77 1589 32 30 d.
128 1598 29 21 v.
177 1598 25 21 s.
221 1588 482 39 riksförsäkringsanstalten.
735 1588 121 30 Denna
877 1587 64 30 har
961 1585 149 40 påyrkat
1129 1589 49 27 att
1198 1585 128 39 jämväl
1348 1583 216 40 prövningen

77 1651 43 21 av
139 1642 240 38 ansökningar
401 1652 57 20 om
481 1642 257 39 öÖöverflyttande
759 1651 42 21 av
822 1641 342 38 företagaransvaret
1187 1638 106 39 enligt
1313 1637 253 38 bageriarbets-

78 1695 171 39 tidslagen
267 1695 108 31 måtte
395 1696 179 30 anförtros
593 1695 33 31 åt
646 1695 185 30 anstalten.
863 1693 123 32 Såsom
1004 1692 217 32 arbetsrådet
1241 1691 194 31 framhållit
1455 1690 111 31 måste

78 1748 56 31 det
156 1749 194 30 emellertid
372 1749 57 30 för
450 1759 42 21 en
516 1749 153 38 enhetlig
691 1748 224 39 tillämpning
939 1757 43 21 av
1005 1745 389 40 överflyttningsregeln
1418 1754 81 21 vara
1524 1754 43 20 av

76 1802 177 39 betydelse
278 1805 49 28 att
353 1802 269 39 ifrågavarande
649 1802 152 31 ärenden
828 1802 147 38 avgöras
1001 1810 43 21 av
1070 1798 228 36 arbetsrådet,
1326 1808 75 21 som
1427 1798 65 30 har
1517 1800 48 28 att

76 1856 149 30 bedöma
249 1856 172 30 likartade
445 1856 120 38 frågor
588 1856 105 37 enligt
715 1854 380 38 lantarbetstidslagen,
1117 1852 289 37 arbetstidslagen
1432 1851 56 31 för
1510 1852 57 29 de-

77 1909 229 38 taljhandeln,
327 1909 290 39 arbetstidslagen
639 1910 55 29 för
716 1909 118 34 hotell,
857 1910 246 36 restauranger
1125 1906 65 30 och
1212 1905 122 31 kaféer
1357 1907 100 32 samt,
1479 1904 88 30 efter

77 1962 292 39 genomförandet
393 1973 42 20 av
457 1963 67 30 den
550 1962 203 30 tillämnade
777 1961 195 38 ändringen
997 1970 42 20 av
1062 1960 179 30 allmänna
1266 1958 300 36 arbetstidslagen,

77 2015 130 39 jämväl
230 2015 107 39 enligt
359 2016 219 30 sistnämnda
600 2016 65 37 lag.
699 2016 57 29 Att
778 2015 123 30 märka
923 2015 39 29 är
984 2015 87 28 även
1095 2016 49 27 alt
1166 2012 225 31 beträffande
1413 2012 42 30 de
1479 2011 87 30 före-

77 2072 66 35 tag,
167 2078 74 21 som
264 2069 167 30 omfattas
454 2078 42 21 av
518 2068 93 31 såväl
635 2070 177 29 allmänna
835 2067 291 37 arbetstidslagen
1148 2076 74 20 som
1244 2065 322 39 bageriarbetstids-

78 2122 110 38 lagen,
211 2121 217 31 arbetsrådet
452 2122 9 30 i
485 2123 60 29 allt
571 2122 59 30 fall
652 2123 65 29 har
739 2126 49 26 att
810 2123 119 37 pröva,
952 2120 174 30 huruvida
1152 2120 74 29 skäl
1251 2119 167 38 föreligga
1442 2118 55 30 för
1519 2120 47 28 ett

77 2175 257 38 överflvltande
364 2185 43 20 av
437 2178 162 27 ansvaret
629 2175 57 30 för
715 2174 261 31 efterlevnaden
1010 2183 42 21 av
1082 2173 309 30 bestämmelserna
1423 2171 8 30 i
1465 2171 102 30 först-

77 2228 154 30 nämnda
258 2229 65 37 lag.
361 2228 51 30 Då
439 2229 57 37 jag
522 2228 43 39 på
592 2229 111 36 grund
727 2238 43 20 av
794 2228 55 30 det
875 2226 151 31 anförda
1053 2226 162 30 förordar
1240 2228 49 27 att
1314 2225 56 30 det
1396 2225 86 29 skall
1509 2234 58 20 an-

76 2281 142 29 komma
246 2280 44 39 på
314 2280 216 31 arbetsrådet
555 2284 48 27 att
628 2282 106 37 pröva
760 2280 241 36 ansökningar
1025 2289 41 20 av
1091 2278 268 37 ifrågavarande
1384 2278 73 36 slag
1481 2277 85 38 jäm-

78 2334 53 30 väl
156 2333 7 30 i
187 2334 66 29 vad
276 2334 42 29 de
339 2343 80 20 avse
441 2334 424 37 bageriarbetstidslagen,
889 2332 103 36 utgår
1014 2332 57 38 jag
1096 2331 77 30 från
1199 2334 49 27 att
1271 2330 216 30 arbetsrådet
1511 2329 55 30 vid

77 2387 195 30 ärendenas
300 2386 215 38 behandling
543 2387 159 30 kommer
732 2389 50 28 alt
811 2386 8 30 i
851 2385 208 38 erforderlig
1088 2383 80 31 mån
1200 2384 84 31 söka
1312 2384 147 30 kontakt
1488 2382 78 31 med

77 2439 482 39 riksförsäkringsanstalten.
