1900 2854
552 155 273 28 Bankoutskottets
846 154 161 29 memorial
1028 153 43 29 Nr
1091 155 48 27 59.
1550 148 39 31 41

797 229 21 42 8
843 235 52 30 28.

148 326 209 31 Föranleder
378 325 120 35 beslut,
523 334 73 21 som
620 324 104 31 fattas
748 334 42 21 av
814 323 196 40 riksdagen,
1034 321 124 37 därtill,
1182 325 48 28 att
1253 320 141 41 utgifter
1416 320 97 32 skola
1536 319 55 32 be-

105 379 123 32 stridas
259 389 42 22 av
331 379 340 40 riksgäldskontoret,
701 378 66 31 och
796 378 90 31 hava
916 377 57 31 för
1001 375 198 32 ändamålet
1228 374 224 40 erforderliga
1482 374 110 31 medel

103 433 75 31 icke
197 433 109 31 ställts
325 433 51 31 till
393 433 134 30 verkets
546 432 207 40 förfogande
773 439 123 32 genom
917 431 120 39 anslag
1055 429 45 41 på
1120 429 184 32 riksstaten
1323 429 81 31 eller
1422 427 45 41 på
1486 429 106 30 annat

104 488 76 36 sätt,
206 488 82 39 äger
314 486 330 40 riksgäldskontoret
671 488 48 29 att
746 493 124 32 genom
897 484 220 41 upptagande
1144 493 42 22 av
1213 482 58 32 lån
1298 482 125 32 bereda
1450 481 142 40 tillgång

104 549 48 32 till
176 550 97 31 dessa
298 549 149 41 utgifter.

798 624 21 42 8
844 630 52 30 29.

148 721 73 31 Den
239 720 200 41 upplåning,
457 730 120 21 varom
594 720 138 39 stadgas
749 718 11 31 i
777 714 44 41 $$
839 719 140 35 24—28,
997 718 88 30 skall
1102 718 63 39 äga
1183 726 78 21 rum
1279 718 72 29 mot
1367 713 226 41 obligationer

103 776 80 30 eller
209 775 110 31 andra
345 773 228 32 förbindelser
597 774 79 30 med
700 773 119 39 längre
844 771 122 41 löptid;
993 770 217 40 fullmäktige
1235 770 88 31 dock
1351 769 156 39 obetaget
1533 770 59 33 att,

103 829 113 31 därest
241 828 124 31 sådant
388 828 78 30 med
489 827 137 40 hänsyn
649 826 50 32 till
724 825 313 32 lånemarknadens
1062 825 74 39 läge
1160 825 80 30 eller
1264 823 82 40 eljes
1371 822 113 31 finnes
1508 830 83 22 vara

103 881 296 40 ändamålsenligt,
423 880 152 41 upplåna
598 881 111 30 medel
732 883 73 28 mot
828 878 375 32 skattkammarväxlar
1226 878 80 30 eller
1330 876 109 32 andra
1462 874 129 32 förbin-

104 937 109 30 delser
234 935 45 41 på
300 936 138 30 kortare
458 934 51 32 tid
530 935 81 31 eller
631 935 64 30 ock
719 942 123 31 genom
865 932 225 41 begagnande
1111 941 42 22 av
1175 930 172 40 tillfälliga
1369 929 158 32 krediter.

147 989 226 31 Beträffande
397 988 347 40 riksgäldskontorets
770 986 156 40 inlåning
950 986 81 31 från
1056 985 90 31 vissa
1171 983 317 33 statsinstitutioner
1512 982 81 31 eller

105 1053 42 22 av
172 1044 78 31 dem
276 1043 192 31 förvaltade
492 1042 124 31 fonder
640 1042 105 39 gäller
770 1041 68 31 vad
862 1041 123 31 därom
1010 1041 39 30 är
1073 1038 138 32 särskilt
1236 1038 144 39 stadgat.

800 1142 20 42 $
845 1147 52 31 30.

149 1230 50 31 De
219 1228 236 41 obligationer,
477 1238 74 21 som
572 1227 133 40 utgivas
727 1237 42 21 av
790 1226 332 40 riksgäldskontoret
1142 1224 58 33 vid
1221 1224 221 41 upptagande
1462 1234 42 21 av
1526 1223 67 36 lån,

106 1285 96 30 skola
228 1293 84 22 vara
338 1282 241 41 ouppsägbara
605 1281 80 31 från
711 1280 221 41 långivarnas
959 1279 74 32 sida
1060 1289 79 21 men
1166 1279 124 31 ställda
1316 1281 50 28 att
1392 1277 202 32 återbetalas

105 1338 45 40 på
177 1337 68 32 viss
272 1337 211 39 förfallodag
510 1336 81 31 eller
617 1335 86 31 efter
731 1333 220 41 föregången,
981 1343 42 21 av
1050 1332 331 41 riksgäldskontoret
1408 1331 186 31 verkställd

105 1390 220 41 uppsägning
352 1391 80 30 eller
459 1390 63 30 ock
552 1389 142 31 medelst
723 1388 108 39 årliga
860 1386 260 40 avbetalningar
1148 1386 105 40 enligt
1280 1384 174 42 uppgjord
1483 1394 111 22 amor-

105 1445 222 39 teringsplan,
349 1444 78 30 med
449 1444 67 30 rätt
539 1443 54 30 för
616 1441 219 40 fullmäktige
855 1444 49 28 att
924 1441 192 31 bestämma
1138 1438 291 41 obligationernas
1451 1439 143 34 valörer,

106 1498 160 35 räntefot,
288 1495 287 42 uppsägningstid
597 1496 65 30 och
684 1494 321 40 försäljningskurs,
1028 1494 164 30 ävensom
1215 1495 49 29 att
1285 1492 170 31 fastställa
1477 1490 118 40 övriga

107 1551 213 32 lånevillkor.

150 1605 65 32 Vid
240 1604 191 41 upplåning
456 1603 10 31 i
493 1612 117 22 annan
635 1602 93 31 form
754 1603 44 29 än
824 1604 73 28 mot
922 1599 226 41 obligationer
1173 1601 64 38 äga
1263 1597 227 41 fullmäktige,
1517 1598 78 31 med

107 1660 42 31 de
170 1658 303 39 inskränkningar,
496 1667 75 21 som
591 1656 197 31 föranledas
810 1665 42 21 av
874 1650 20 42 $
917 1655 41 30 29
979 1654 110 31 andra
1110 1653 142 40 stycket,
1274 1652 163 31 likaledes
1459 1652 66 31 rätt
1547 1653 49 29 att

107 1713 169 31 fastställa
302 1711 192 32 räntefoten
520 1711 64 31 och
609 1708 404 41 betalningsterminerna
1039 1710 88 29 samt
1152 1709 49 29 att
1226 1706 129 40 jämväl
1380 1706 132 31 besluta
1538 1714 56 22 om

108 1766 116 40 övriga
245 1765 212 32 lånevillkor.

802 1838 21 41 $
848 1843 51 31 31.

152 1925 236 40 Obligationer
411 1925 64 30 och
499 1922 384 35 skattkammarväxlar,
907 1931 74 21 som
1006 1920 157 31 utfärdas
1189 1929 41 22 av
1255 1919 341 39 riksgäldskontoret,

110 1981 106 33 skola,
245 1979 44 31 då
317 1979 98 30 deras
442 1978 96 30 valör
565 1975 186 40 överstiger
780 1976 94 30 1000
902 1975 130 30 kronor
1058 1974 80 30 eller
1165 1972 245 31 motsvarande
1434 1972 124 39 belopp
1586 1971 11 30 i

109 2034 179 30 utländskt
306 2032 182 39 myntslag,
507 2040 83 21 vara
610 2029 161 31 försedda
791 2029 80 30 med
889 2026 234 32 handskriven
1142 2025 271 40 namnteckning
1432 2035 41 21 av
1493 2024 104 32 minst

110 2097 41 21 en
179 2085 206 40 fullmäktig.
436 2083 235 40 Obligationer
695 2083 65 30 och
786 2081 375 32 skattkammarväxlar
1186 2079 20 32 å
1232 2080 93 39 lägre
1350 2079 96 31 valör
1472 2078 57 31 må
1555 2088 41 21 av

111 2140 329 39 riksgäldskontoret
464 2137 157 32 utfärdas
645 2139 85 28 utan
754 2138 49 29 att
827 2144 83 22 vara
935 2134 162 31 försedda
1121 2134 79 30 med
1224 2132 115 40 någon
1364 2132 232 31 handskriven

109 2192 280 40 namnteckning.

805 2237 20 42 $
850 2243 52 30 32.

155 2327 164 32 Utfärdas
343 2336 41 21 av
408 2325 330 39 riksgäldskontoret
761 2332 69 29 nya
853 2320 236 40 obligationer,
1112 2320 97 30 skola
1234 2317 217 40 fullmäktige
1474 2304 122 57 under-

112 2381 97 31 ställa
239 2380 123 38 Kungl.
391 2378 116 39 Maj:ts
535 2377 215 31 fastställelse
778 2376 43 29 de
846 2375 121 34 beslut,
995 2383 74 21 som
1097 2372 147 31 rörande
1272 2371 109 31 sådan
1408 2370 191 40 upplåning

114 2435 112 34 fattas,
249 2434 80 30 med
352 2431 173 35 anhållan,
548 2433 48 28 att
621 2429 121 38 Kungl.
768 2428 99 38 Maj:t
889 2427 129 31 täcktes
1042 2426 19 31 å
1085 2426 57 31 det
1163 2435 68 30 nya
1254 2424 91 31 lånet
1368 2424 153 31 meddela
1546 2423 52 32 sin

112 2487 142 41 garanti.
