1902 2848
305 175 42 30 54
756 175 274 27 Bankoutskottets
1050 172 161 28 memorial
1232 172 43 27 Nr
1295 172 47 26 59.

755 256 246 39 Fullmäktiges
1022 255 322 31 sammaunkomster.

947 330 43 42 $$
1017 336 138 30 13—19.

353 416 269 40 Ifrågavarande
640 415 215 32 föreskrifter
874 416 60 29 äro
952 415 162 30 hämtade
1133 414 81 31 från
1231 409 43 41 $$
1294 415 129 29 42—48
1443 413 10 31 i
1472 413 200 31 nuvarande
1691 413 102 39 regle-

309 473 123 28 mente.
479 470 14 30 I
517 465 20 41 $&
561 471 41 29 48
626 470 147 38 stadgas,
797 471 48 29 att
869 468 59 31 vid
950 468 274 31 sammankomst
1247 467 220 31 närvarande
1490 466 206 39 fullmäktig,
1721 474 74 22 som

310 523 53 31 sin
392 524 72 30 röst
492 523 30 39 ej
553 523 138 30 särskilt
720 522 136 40 avgiver
886 522 90 36 eller,
1005 521 87 31 efter
1118 521 125 39 börjad
1272 520 245 40 överläggning
1546 530 56 20 om
1632 522 46 28 ett
1707 519 87 31 före-

311 578 119 38 draget
462 578 111 34 ämne,
606 576 51 40 sig
689 576 189 39 avlägsnat,
911 584 98 22 anses
1042 575 90 31 hava
1164 575 56 30 det
1253 574 44 31 då
1329 574 132 31 fattade
1492 574 144 30 beslutet
1667 572 128 31 biträtt.

310 631 100 31 Detta
439 630 190 39 stadgande
655 630 64 31 har
745 628 170 32 uteslutits
943 628 113 31 såsom
1083 627 155 40 onödigt;
1267 627 109 31 tillika
1405 627 89 31 hava
1521 626 89 32 vissa
1638 626 158 32 formella

310 683 245 40 förändringar
579 683 159 40 vidtagits
761 682 12 31 i
796 677 44 42 $$
864 683 140 30 44—48.

734 789 127 31 Besvär
887 790 80 30 över
992 788 234 39 fullmäktiges
1253 787 118 31 beslut.

1005 864 21 41 $
1051 870 51 29 20.

355 951 86 32 Häri
454 951 141 39 intagna
609 950 258 31 bestämmelser
881 952 174 28 motsvara
1070 944 21 41 $
1107 949 41 30 49
1165 948 11 30 i
1190 949 159 38 gällande
1363 949 214 38 reglemente.
1615 948 14 30 I
1644 947 154 31 nämnda

310 1005 165 40 paragraf
502 1003 216 36 föreskrives,
745 1006 49 28 att
819 1003 113 30 beslut
957 1002 12 31 i
994 1001 99 40 fråga
1119 1011 58 21 om
1203 1002 212 30 tillsättande
1440 1002 80 30 eller
1545 1000 254 40 uppehållande

311 1068 42 22 av
384 1058 106 39 tjänst
519 1058 88 31 skall
637 1066 97 22 anses
764 1057 90 31 hava
886 1055 147 32 kommit
1060 1055 196 40 klaganden
1287 1054 50 32 till
1366 1055 56 30 del
1452 1055 66 30 den
1547 1054 77 39 dag,
1654 1054 145 30 beslutet

309 1111 99 32 blivit
438 1111 144 40 justerat
612 1111 82 30 eller
723 1109 206 40 offentligen
959 1108 270 40 tillkännagivet.
1285 1108 101 31 Detta
1421 1107 189 39 stadgande
1641 1108 156 30 överens-

310 1167 165 30 stämmer
493 1165 187 39 ordagrant
698 1164 78 31 med
794 1163 263 31 bestämmelsen
1077 1162 11 31 i
1108 1158 20 41 $
1149 1163 40 30 72
1209 1171 104 21 mom.
1335 1163 18 29 2
1374 1162 109 30 andra
1503 1161 130 39 stycket
1652 1170 42 22 av
1714 1160 85 31 riks-

309 1220 157 30 bankens
490 1219 213 38 reglemente.
739 1216 53 32 Då
817 1216 91 40 ledig
930 1216 106 39 tjänst
1060 1215 58 32 vid
1142 1215 213 31 riksbanken
1379 1215 82 30 eller
1484 1215 75 30 dess
1584 1213 214 40 avdelnings-

310 1274 126 29 kontor
457 1271 211 36 återbesatts,
691 1272 119 39 plägar
832 1268 354 40 bankofullmäktiges
1207 1269 111 30 beslut
1340 1268 12 31 i
1374 1268 141 31 ärendet
1538 1267 260 40 offentliggöras

310 1327 143 30 medelst
479 1325 204 39 kungörelse
707 1325 11 30 i
744 1324 94 31 Post-
866 1323 65 31 och
956 1322 127 31 inrikes
1110 1322 183 39 tidningar.
1333 1321 116 40 Enligt
1474 1320 118 32 hittills
1618 1320 181 40 tillämpad

310 1379 117 41 praxis
455 1379 65 31 har
548 1378 124 31 sådant
700 1376 312 40 offentliggörande
1041 1376 31 39 ej
1103 1377 57 38 ägt
1189 1385 77 21 rum
1296 1374 58 32 vid
1384 1374 203 39 tillsättning
1615 1384 42 21 av
1687 1373 110 40 lediga

311 1433 145 39 tjänster
481 1432 11 31 i
519 1432 342 39 riksgäldskontoret,
889 1430 65 31 och
981 1430 91 31 detta
1099 1430 40 30 är
1165 1429 31 39 ej
1224 1429 105 30 heller
1357 1427 223 40 nödvändigt,
1609 1427 44 32 då
1681 1428 116 30 veder-

311 1487 154 31 börande
494 1486 154 31 sökande
675 1485 134 30 ändock
839 1485 74 30 lära
942 1482 129 32 erhålla
1099 1483 198 30 kännedom
1327 1491 58 21 om
1415 1481 233 39 fullmäktiges
1676 1481 121 30 beslut.

312 1540 65 31 Till
410 1539 89 40 följd
530 1539 108 31 härav
671 1539 90 30 hava
792 1538 109 30 orden
938 1537 98 30 >eller
1066 1535 203 40 offentligen
1303 1534 278 40 tillkännagivet»
1618 1533 178 32 uteslutits.

311 1593 13 30 I
344 1592 111 40 övrigt
473 1594 38 29 är
528 1592 265 39 ifrågavarande
811 1590 166 41 paragraf
995 1600 41 21 av
1056 1599 134 21 samma
1208 1589 127 40 lydelse
1354 1598 75 21 som
1448 1588 237 31 ovanberörda
1705 1582 20 42 $
1745 1588 52 30 49.

633 1699 157 31 Arvoden
813 1698 64 31 och
899 1697 260 39 reseersättning
1181 1697 51 31 till
1252 1696 227 39 fullmäktige.

952 1772 43 42 $$
1019 1778 140 30 21—23.

357 1861 50 31 De
433 1860 11 31 i
471 1861 98 30 dessa
596 1859 201 41 paragrafer
824 1858 287 31 förekommande
1138 1857 236 39 stadgandena
1402 1855 291 32 överensstämma
1722 1855 77 30 med

313 1915 244 31 motsvarande
584 1913 214 31 föreskrifter
825 1912 12 31 i
865 1907 20 41 $
915 1913 40 29 32
983 1912 75 30 avd.
1087 1913 19 28 2
1135 1920 104 21 mom.
1269 1909 128 40 a)—e).
1450 1910 120 30 Första
1599 1909 131 39 stycket
1758 1917 41 22 av

312 1978 105 21 mom.
438 1967 45 40 e),
503 1967 105 32 vilket
627 1976 98 22 avser
742 1964 337 40 vikariatersättning
1099 1964 58 31 vid
1177 1967 161 28 semester
1357 1964 56 30 för
1432 1963 107 30 förste
1559 1962 242 40 deputeraden,

313 2023 65 30 har
399 2022 89 30 dock
510 2020 179 36 uteslutits,
712 2021 82 30 enär
816 2018 179 32 föreskrift
1024 2018 4 31 i
1051 2019 116 30 ämnet
1190 2017 186 31 återfinnes
1398 2016 45 40 på
1465 2019 106 28 annat
1593 2016 96 30 ställe
1711 2014 11 31 i
1744 2015 55 30 det

313 2085 69 30 nya
402 2076 219 38 reglementet
646 2069 32 44 ($
702 2074 38 30 10
761 2073 106 30 femte
887 2071 157 41 stycket).
1068 2067 25 35 Å
1115 2072 109 30 andra
1246 2070 99 31 sidan
1365 2070 64 31 har
1450 2072 46 29 ett
1516 2072 76 37 nytt
1612 2068 189 40 stadgande

314 2128 209 36 tillkommit,
549 2127 174 40 nämligen
747 2126 221 31 beträffande
993 2126 66 30 rätt
1084 2125 56 30 för
1166 2123 207 40 fullmäktig,
1402 2133 74 21 som
1503 2123 55 31 för
1584 2122 217 40 fullgörande

314 2192 42 21 av
381 2181 173 40 offentligt
578 2181 157 40 uppdrag
760 2179 104 32 vistas
890 2179 20 31 å
935 2188 116 22 annan
1075 2181 54 28 ort
1153 2179 45 29 än
1224 2177 210 36 Stockholm,
1460 2179 48 29 att
1534 2176 155 40 uppbära
1715 2185 84 21 rese-

313 2235 199 40 ersättning.

764 2286 358 40 Riksgäldskontorets
1149 2284 198 40 upplåning.

952 2362 43 41 $$
1020 2367 139 30 24—33.

359 2451 14 30 I
396 2445 44 41 88
463 2450 129 30 24—28
615 2450 61 29 äro
699 2447 292 32 sammanfattade
1012 2448 42 30 de
1076 2446 225 36 föreskrifter,
1324 2445 93 31 vilka
1441 2444 103 40 enligt
1567 2443 234 40 fullmäktiges

316 2503 140 40 mening
488 2504 84 29 böra
606 2502 156 31 utfärdas
794 2501 178 39 angående
1004 2500 348 39 riksgäldskontorets
1386 2500 67 29 rätt
1486 2500 49 29 att
1567 2497 54 31 för
1655 2498 144 30 svenska
