1888 2768
268 130 19 30 8
596 126 387 31 Jordbruksutskottets
1001 126 177 29 utlåtande
1193 135 42 20 nr
1252 126 19 29 8
1289 126 38 29 år
1348 126 83 28 1964

315 207 117 30 Under
460 216 42 20 en
531 206 150 30 särskild
709 206 220 39 anslagspost
958 205 64 29 har
1051 205 54 29 för
1134 205 235 30 innevarande
1398 204 169 40 budgetår
1598 204 154 31 anvisats

271 260 62 30 600
349 260 63 30 000
429 260 52 29 kr.
500 260 54 29 för
571 261 50 28 att
638 258 220 31 intensifiera
873 258 227 40 jordbrukets
1118 258 65 30 och
1201 258 251 39 skogsbrukets
1472 257 281 40 rationalisering

270 313 11 29 i
297 313 244 39 Kopparbergs
557 312 68 29 län.
643 312 48 30 På
708 312 40 30 de
767 312 75 30 skäl
860 311 357 40 lantbruksstyrelsen
1235 311 118 30 anfört
1371 311 148 30 föreslår
1536 310 70 40 jag,
1624 312 51 28 att
1693 319 60 21 an-

271 366 218 39 slagsposten
507 365 79 39 höjs
604 365 80 30 med
704 365 60 30 100
779 364 62 31 000
859 365 53 29 kr.

311 419 52 30 Av
381 420 57 29 det
456 419 122 39 belopp
596 428 57 20 om
672 418 61 30 500
749 418 61 29 000
830 419 63 33 kr.,
913 427 75 20 som
1009 418 82 29 1963
1111 417 56 30 års
1186 417 142 40 riksdag
1347 417 165 30 anvisade
1533 417 110 30 under
1664 417 89 29 före-

269 472 153 30 varande
440 471 120 40 anslag
576 471 55 29 för
647 471 244 30 intensifierad
906 470 206 40 rådgivning
1128 471 11 29 i
1157 470 187 40 anledning
1363 479 42 21 av
1423 470 66 30 den
1506 470 111 30 ökade
1637 469 115 31 struk-

269 524 396 40 turrationaliseringen,
685 524 65 30 har
770 524 116 30 såsom
906 524 142 30 nämnts
1069 524 11 29 i
1101 524 57 30 det
1180 524 207 39 föregående
1409 523 125 40 Kungl.
1557 523 106 39 Maj:t
1684 523 68 30 dis-

269 579 147 38 ponerat
440 577 118 31 92500
581 577 52 30 kr.
657 577 55 30 för
734 577 122 40 bidrag
880 577 53 31 till
956 577 163 40 avlöning
1143 586 41 20 av
1207 577 403 30 ekonomikonsulenter.
1635 576 117 30 Under

269 631 212 39 hänvisning
503 630 52 30 till
577 631 66 29 vad
665 630 61 40 jag
748 630 118 30 anfört
888 630 12 29 i
924 630 96 30 detta
1042 631 102 29 ämne
1167 630 57 30 vid
1247 630 258 39 behandlingen
1530 639 42 20 av
1595 630 156 39 anslaget

269 683 54 30 för
348 683 124 40 bidrag
496 684 52 29 till
574 683 468 40 hushållningssällskapens
1069 683 202 40 avlöningar
1300 692 103 21 anser
1429 683 70 39 jag,
1527 684 50 28 att
1605 683 147 29 medels-

267 737 230 40 anvisningen
536 737 54 29 för
628 737 243 29 intensifierad
910 736 206 40 rådgivning
1143 737 110 29 under
1283 737 228 29 förevarande
1541 737 121 39 anslag
1690 736 62 30 bör

266 790 159 30 minskas
448 791 51 29 till
521 789 61 30 410
597 790 63 30 000
682 791 52 29 kr.

312 843 52 30 Av
383 843 157 40 anslaget
558 843 63 29 bör
642 843 163 39 slutligen
824 843 113 30 medel
960 843 35 30 få
1016 845 53 28 tas
1089 843 11 29 i
1121 843 153 39 anspråk
1296 843 56 30 för
1372 843 162 39 speciella
1554 843 165 29 ändamål
1740 843 11 28 i

269 905 135 20 samma
424 896 245 40 utsträckning
688 905 74 21 som
781 896 236 30 innevarande
1036 896 178 40 budgetår.

312 949 225 40 Utbetalning
553 958 42 21 av
612 949 210 40 statsbidrag
838 949 80 30 från
937 950 156 39 anslaget
1110 950 70 29 kan
1199 949 73 30 ofta
1289 950 71 29 inte
1381 949 60 30 ske
1460 950 111 29 under
1590 949 57 30 det
1665 949 86 29 bud-

268 1002 106 39 getår,
393 1002 44 30 då
456 1002 120 39 bidrag
594 1002 157 40 beviljas.
770 1002 67 30 Till
857 1002 90 40 följd
966 1003 109 29 härav
1093 1003 64 29 har
1177 1003 222 39 uppkommit
1421 1012 42 20 en
1483 1003 195 39 betydande
1701 1011 50 20 re-

268 1055 186 30 servation.
470 1055 77 30 Med
562 1056 138 39 hänsyn
715 1056 117 29 härtill
849 1056 65 29 och
929 1056 44 30 då
990 1056 174 30 storleken
1179 1065 43 21 av
1235 1056 329 39 bidragsgivningen
1580 1057 86 28 nära
1685 1064 66 30 nog

267 1108 71 29 helt
358 1108 153 40 regleras
531 1117 42 21 av
591 1117 166 21 ramarna
776 1109 54 29 för
850 1109 122 40 bidrag
992 1109 52 30 till
1064 1111 91 37 yttre
1176 1109 64 30 och
1261 1109 74 30 inre
1357 1109 282 39 rationalisering
1662 1109 89 29 före-

268 1161 69 29 slår
358 1161 71 39 jag,
452 1163 51 28 att
524 1162 156 39 anslaget
703 1162 11 29 i
738 1162 272 39 fortsättningen
1034 1162 140 30 anvisas
1198 1171 74 21 som
1298 1162 283 39 förslagsanslag.
1606 1162 144 30 Liksom

266 1213 127 31 hittills
412 1214 63 29 bör
493 1214 40 30 de
552 1214 218 35 vinstmedel,
790 1224 74 21 som
883 1216 112 29 under
1014 1215 204 40 budgetåret
1237 1215 143 40 inflyter
1398 1215 57 30 vid
1477 1215 211 40 försäljning
1709 1225 40 20 av

266 1267 45 39 på
330 1267 215 39 jordfonden
566 1268 172 30 bokförda
760 1268 216 40 fastigheter,
997 1269 151 30 tillföras
1171 1269 165 39 anslaget.
1359 1269 195 29 Därutöver
1577 1268 174 30 beräknar

266 1320 68 39 jag,
353 1322 51 28 att
423 1320 55 30 för
495 1321 101 30 nästa
614 1321 170 40 budgetår
802 1322 55 29 för
875 1322 218 39 utbetalning
1112 1331 43 20 av
1173 1322 120 39 bidrag
1313 1322 65 29 och
1399 1322 55 29 för
1473 1322 118 39 övriga
1610 1321 140 40 utgifts-

266 1373 165 30 ändamål
459 1374 175 30 erfordras
664 1374 38 30 18
719 1374 62 30 000
796 1375 62 30 000
884 1375 52 29 kr.
963 1375 624 39 Reservationsmedelsbehållningen
1614 1375 57 30 vid
1699 1375 51 29 in-

266 1426 134 39 gången
422 1436 42 20 av
484 1426 204 40 budgetåret
713 1428 136 30 1964/65
871 1428 63 29 bör
955 1428 178 30 överföras
1159 1428 48 29 till
1230 1428 514 39 budgetutjämningsfonden.»>

266 1515 35 28 B.
322 1514 130 40 Bidrag
473 1515 51 29 till
546 1516 372 40 trädgårdsnäringens
939 1516 282 40 rationalisering
1247 1517 48 39 (p.
1321 1517 55 33 16)

307 1586 395 40 Departementschefen
719 1588 64 29 har
797 1587 89 30 efter
901 1587 223 39 redovisning
1141 1597 42 20 av
1198 1588 376 38 lantbruksstyrelsens
1593 1588 153 38 anslags-

266 1639 168 30 skrivelse
454 1639 116 30 anfört
592 1639 167 40 följande.

311 1692 70 29 >De
400 1700 124 31 genom
541 1693 113 30 beslut
671 1703 42 20 av
733 1694 82 29 1962
832 1693 58 31 års
907 1694 142 39 riksdag
1068 1694 153 30 ändrade
1239 1694 158 40 reglerna
1415 1694 56 30 för
1488 1694 76 30 stöd
1583 1695 52 29 till
1655 1695 91 29 träd-

265 1745 295 40 gårdsnäringens
582 1746 281 40 rationalisering
883 1747 86 29 ökar
990 1747 277 30 medelsbehovet
1290 1747 54 30 för
1364 1748 295 38 bidragsgivning.
1683 1748 63 29 Det

265 1799 96 29 torde
380 1799 89 29 dock
487 1809 81 20 vara
586 1800 51 29 till
656 1800 117 39 fyllest
791 1802 49 28 att
859 1801 167 38 anslaget,
1047 1801 115 29 såsom
1181 1800 357 39 lantbruksstyrelsen
1559 1800 188 40 föreslagit,

266 1851 147 39 uppförs
432 1852 78 29 med
529 1851 205 32 oförändrat
753 1853 62 30 400
832 1853 63 30 000
915 1853 72 29 kr.>

265 1940 33 30 C.
319 1940 185 30 Täckande
523 1949 41 21 av
582 1940 168 40 förluster
768 1941 44 39 på
829 1942 117 39 grund
965 1950 42 21 av
1025 1941 118 40 statlig
1161 1942 254 39 kreditgaranti
1440 1942 49 40 (p.
1512 1942 55 34 17)

307 2011 100 29 Efter
432 2013 50 27 att
504 2012 46 29 ha
573 2012 178 39 redogjort
775 2012 54 30 för
851 2012 378 40 lantbruksstyrelsens
1253 2013 403 39 anslagsframställning
1682 2014 63 29 har

264 2064 386 40 departementschefen
672 2065 127 30 anfört.

309 2117 88 30 »För
413 2118 236 30 innevarande
665 2118 169 39 budgetår
851 2119 65 29 har
934 2118 445 40 kreditgarantiutrymmet
1398 2119 56 30 för
1471 2120 93 30 olika
1582 2120 163 30 ändamål

263 2171 9 28 i
296 2171 171 30 samband
490 2172 77 29 med
588 2172 226 39 jordbrukets
839 2173 66 29 och
928 2172 373 40 trädgårdsnäringens
1325 2173 282 40 rationalisering
1632 2183 44 20 m.
1703 2183 43 19 m.

263 2224 94 40 höjts
382 2225 80 29 med
486 2225 232 39 sammanlagt
744 2225 39 30 13
797 2225 62 30 000
874 2225 63 30 000
962 2225 52 30 kr.
1039 2226 10 29 i
1075 2225 218 31 förhållande
1318 2226 53 30 till
1397 2226 41 30 de
1464 2227 54 29 för
1544 2226 203 40 budgetåret

264 2277 150 36 1962/63
437 2278 133 39 slutligt
592 2278 199 30 fastställda
813 2279 313 39 garantiramarna.
1149 2279 225 40 Tillräckliga
1395 2279 239 31 erfarenheter
1659 2279 89 30 före-

263 2330 106 40 ligger
388 2331 97 29 ännu
504 2331 69 30 inte
594 2331 54 29 för
667 2333 50 28 att
737 2331 147 30 bedöma
904 2331 198 40 anspråken
1122 2332 45 39 på
1187 2333 313 39 garantiutrymme
1521 2333 52 29 till
1595 2332 91 40 följd
1707 2341 41 20 av

263 2384 65 28 den
354 2384 264 30 intensifierade
645 2384 445 41 strukturrationalisering
1115 2385 65 30 och
1206 2386 67 29 den
1300 2386 224 39 omläggning
1551 2395 42 20 av
1619 2385 129 30 kredit-

263 2437 112 29 stödet
401 2437 52 29 till
479 2437 139 30 förvärv
643 2438 65 29 och
734 2438 84 29 drift
843 2447 43 21 av
909 2438 208 39 jordbruks-
1142 2438 64 30 och
1232 2438 331 40 trädgårdsföretag,
1591 2447 74 21 som
1693 2438 55 30 be-
