1890 2774
286 187 40 30 20
659 187 252 29 Statsutskottets
936 189 160 28 utlåtande
1119 198 39 19 nr
1181 189 56 28 104
1259 190 36 28 år
1317 191 73 27 1961

340 265 67 30 För
446 266 178 30 skolans
664 267 94 30 stab
796 267 174 31 beräknar
1008 269 385 39 departementschefen
1421 271 10 29 i
1459 271 111 39 övrigt
1609 272 157 39 följande

285 319 283 39 personalbehov.

342 373 51 29 Av
420 372 184 31 officerare
633 375 65 29 och
728 375 297 30 underofficerare
1053 377 62 29 bör
1143 377 81 38 ingå
1252 386 42 21 en
1324 378 163 38 adjutant
1514 397 44 2 —
1586 379 181 39 högskole-

288 425 156 30 utbildad
462 426 129 39 kapten
607 445 45 3 —
669 427 11 30 i
698 428 47 29 Ar
758 428 51 34 21,
827 437 43 21 en
888 428 360 39 förvaltningsofficer
1264 431 65 29 och
1347 440 42 20 en
1408 431 250 35 bibliotekarie,
1678 432 89 30 båda

286 479 249 38 pensionerade
556 480 186 30 officerare
763 481 10 29 i
794 481 43 30 A:
853 481 52 34 24,
927 491 43 20 en
992 482 471 39 förvaltningsunderofficer
1484 485 10 30 i
1517 485 43 29 A:
1579 485 37 30 17
1638 486 66 29 och
1725 495 42 20 en

285 532 457 39 expeditionsunderofficer
772 552 45 4 —
847 535 45 39 på
914 535 96 30 aktiv
1032 538 68 28 stat
1120 554 45 3 -—
1186 537 10 29 i
1218 537 47 29 Ar
1281 537 49 30 13.
1353 538 412 39 Departementschefens

286 584 129 40 förslag
431 586 146 30 innebär
593 587 11 30 i
622 586 219 32 förhållande
860 588 51 30 till
930 589 140 38 nuläget
1087 599 43 19 en
1149 590 203 39 minskning
1370 591 78 30 med
1465 601 43 20 en
1526 592 96 29 aktiv
1640 593 66 29 och
1723 602 42 20 en

284 639 298 31 arvodesanställd
616 641 246 30 underofficer.
897 642 71 30 Här
1001 643 97 30 torde
1130 643 107 31 också
1268 644 83 30 böra
1383 645 133 30 erinras
1550 655 56 20 om
1640 648 51 28 att
1723 656 42 20 en

284 701 47 21 nu
351 692 160 40 befintlig
530 693 198 40 befattning
748 704 74 21 som
842 695 109 31 förste
971 696 275 32 kansliskrivare
1265 698 10 29 i
1296 698 48 30 Ae
1361 698 37 30 12
1419 699 57 28 vid
1498 699 86 30 KHS
1605 700 76 30 icke
1701 700 64 30 har

284 746 113 39 någon
418 748 250 39 motsvarighet
690 748 10 29 i
722 748 66 30 den
810 758 67 30 nya
899 749 142 31 skolans
1063 751 238 37 organisation
1322 761 81 21 vare
1426 752 50 38 sig
1498 753 107 38 enligt
1627 753 138 30 överbe-

284 799 221 31 fälhavarens
523 801 83 29 eller
623 801 107 40 enligt
747 802 404 40 departementschefens
1171 804 140 39 förslag.

337 853 151 31 Behovet
519 864 41 20 av
591 855 415 40 skrivbiträdespersonal
1039 857 174 31 beräknar
1244 858 396 40 departementschefen,
1675 861 90 30 skol-

283 907 142 29 chefens
451 908 214 30 sekreterare
691 909 167 34 oräknad,
884 910 52 30 till
965 910 38 29 14
1028 910 248 40 befattningar,
1301 922 42 20 av
1367 913 93 29 vilka
1486 923 43 20 en
1554 914 175 30 kontorist
1754 915 10 29 i

283 960 46 30 Ae
344 960 29 34 9,
391 961 57 30 två
465 961 278 31 kanslibiträden
760 963 10 29 i
788 963 49 29 Ao
853 963 16 30 7
889 963 65 31 och
971 966 48 27 ett
1036 964 321 32 biblioteksbiträde
1376 967 10 28 i
1404 966 47 29 Ae
1467 967 28 33 7,
1516 967 69 29 fem
1604 968 160 29 kontors-

282 1013 159 31 biträden
459 1015 9 29 i
488 1015 50 30 Ao
552 1015 18 29 5
589 1016 66 29 och
674 1016 70 29 fem
764 1016 159 31 biträden
942 1017 11 29 i
971 1018 155 38 reglerad
1146 1018 322 40 befordringsgång.
1489 1021 194 30 Därutöver
1703 1021 61 30 bör

283 1070 170 37 upptagas
476 1077 42 21 en
541 1069 385 39 kanslibiträdestjänst
949 1071 11 28 i
983 1071 48 29 Ae
1046 1071 29 33 7,
1098 1073 245 29 motsvarande
1368 1082 41 20 en
1433 1082 47 21 nu
1503 1074 45 39 på
1572 1077 114 27 staten
1710 1075 54 29 för

282 1121 85 31 KHS
385 1121 152 40 uppförd
555 1122 123 39 tjänst,
695 1123 115 30 vilken
828 1124 244 39 övergångsvis
1092 1125 57 30 må
1167 1125 201 31 bibehållas.

337 1175 67 30 För
429 1176 374 39 vaktmästargöromål
829 1177 62 30 bör
918 1178 128 30 räknas
1072 1179 79 30 med
1178 1179 77 38 fyra
1281 1180 204 30 underbefäl
1511 1181 11 30 i
1549 1181 47 29 Ar
1613 1182 84 34 11/9,
1723 1192 41 20 av

283 1227 92 31 vilka
400 1229 89 29 dock
514 1237 42 21 en
581 1229 63 29 bör
668 1229 112 30 hållas
806 1230 129 31 vakant
960 1231 65 29 och
1050 1232 150 30 ersättas
1225 1233 78 29 med
1329 1242 42 20 en
1397 1234 330 40 vaktmästartjänst
1754 1236 10 29 i

284 1281 77 29 Ae
345 1277 23 52 7
391 1281 38 30 så
456 1281 99 39 länge
583 1283 202 30 nuvarande
812 1283 212 31 innehavare
1052 1293 41 20 av
1120 1294 42 20 en
1192 1285 108 30 sådan
1328 1286 110 39 tjänst
1465 1287 56 30 vid
1550 1288 87 30 KHS
1664 1289 100 29 kvar-

283 1334 80 30 står.
396 1335 103 29 Detta
518 1335 146 31 innebär
683 1336 11 29 i
716 1336 218 30 förhållande
956 1337 51 29 till
1028 1337 141 39 nuläget
1191 1348 41 20 en
1253 1339 131 39 ökning
1404 1340 79 30 med
1504 1350 42 20 en
1567 1341 196 39 befattning

281 1387 65 30 och
367 1388 11 29 i
400 1387 219 33 förhållande
641 1389 52 29 till
716 1389 348 32 överbefälhavarens
1087 1391 131 39 förslag
1240 1401 42 20 en
1304 1392 203 40 minskning
1530 1395 78 29 med
1630 1395 57 30 två
1708 1395 56 30 be-

282 1439 202 40 fattningar.
515 1442 67 29 För
602 1444 50 28 att
671 1442 180 30 motverka
870 1452 44 20 en
933 1444 296 40 personalökning
1249 1445 54 30 för
1322 1446 241 38 krigsmakten
1584 1448 83 30 sedd
1688 1457 75 21 som

281 1493 116 30 helhet
425 1494 62 31 bör
515 1495 10 29 i
555 1495 170 29 samband
754 1495 144 32 härmed
927 1496 164 40 indragas
1122 1500 50 27 tre
1201 1498 477 42 underbefälsbeställningar
1705 1502 57 29 vid

281 1545 136 32 flottan.

335 1600 168 39 Slutligen
526 1601 61 29 bör
610 1601 55 30 för
688 1601 194 40 bevakning
905 1612 42 20 av
968 1604 64 28 och
1055 1604 393 39 inpasseringskontroll
1471 1607 56 30 vid
1550 1607 213 39 högskolans

280 1652 197 40 byggnader
499 1655 115 28 såsom
636 1655 331 30 överbefälhavaren
990 1656 178 39 föreslagit
1190 1657 196 31 tillkomma
1408 1661 50 28 tre
1482 1661 204 30 underbefäl
1711 1662 52 30 så-

281 1715 73 20 som
375 1707 212 29 vaktchefer.
620 1708 110 29 Dessa
750 1708 215 35 underbefäl,
988 1718 73 21 som
1081 1710 76 31 icke
1178 1710 64 30 har
1263 1711 113 39 någon
1397 1713 251 39 motsvarighet
1668 1715 10 29 i
1700 1724 62 20 nu-

280 1760 151 29 varande
456 1760 363 38 skolorganisationer,
845 1762 62 29 bör
932 1762 71 30 tills
1027 1763 119 29 vidare
1171 1764 268 31 kommenderas
1466 1775 40 21 ur
1531 1766 231 40 försvarsgre-

280 1821 119 26 narna,
421 1813 200 39 varigenom
642 1814 105 31 bland
769 1817 106 27 annat
896 1815 269 39 möjligheterna
1188 1819 49 28 att
1258 1817 119 39 infoga
1396 1819 78 29 dem
1495 1820 11 28 i
1526 1829 41 20 en
1589 1822 171 30 eventuell

279 1864 167 31 framtida
470 1866 454 40 bevakningsorganisation
951 1869 54 29 för
1030 1869 191 30 försvarets
1247 1871 249 39 anläggningar
1522 1873 10 29 i
1559 1874 200 30 Stockholm

280 1918 226 30 underlättas.

335 1972 64 30 Det
426 1972 96 30 torde
549 1973 35 29 få
611 1974 189 30 ankomma
826 1974 44 39 på
897 1975 125 39 Kungl.
1049 1976 105 39 Maj:t
1182 1979 50 28 att
1258 1977 136 31 besluta
1420 1988 57 20 om
1504 1979 67 30 den
1598 1981 161 30 närmare

278 2025 282 38 organisationen
581 2035 42 21 av
645 2027 109 30 stabs-
775 2028 65 30 och
861 2027 392 41 förvaltningstjänsten
1273 2031 55 29 vid
1352 2031 290 40 krigshögskolan
1664 2034 94 30 inom

277 2086 120 21 ramen
422 2078 54 30 för
501 2087 47 21 nu
573 2080 149 38 angiven
746 2081 404 40 personaluppsättning.

331 2131 75 30 Vad
423 2131 153 31 därefter
593 2133 108 38 gäller
729 2134 305 32 lärarbehovet
1064 2136 102 30 anför
1186 2137 384 39 departementschefen
1590 2140 168 39 följande.

332 2185 67 30 För
424 2185 254 40 linjecheferna
704 2187 110 31 skulle
841 2188 106 39 enligt
973 2189 349 32 överbefälhavarens
1348 2191 130 40 förslag
1503 2202 98 22 avses
1627 2197 52 27 tre
1704 2195 55 29 be-

277 2238 205 39 ställningar
502 2239 10 29 i
533 2239 48 29 Bo
598 2240 27 28 1.
647 2240 392 39 Departementschefen
1062 2243 70 29 kan
1154 2244 71 29 inte
1246 2244 135 31 biträda
1404 2245 93 31 detta
1520 2246 130 41 förslag
1672 2250 86 27 utan

277 2290 146 31 föreslår
446 2292 176 40 placering
646 2293 10 29 i
682 2294 51 29 Ao
747 2294 50 30 26.
824 2295 183 38 Linjechef
1031 2296 61 30 bör
1118 2297 45 29 ha
1190 2297 484 42 undervisningsskyldighet;
1703 2301 54 30 för

275 2344 123 30 chefen
416 2344 55 31 för
488 2346 209 40 armélinjen
715 2347 129 31 räknar
862 2348 386 40 departementschefen
1267 2351 122 30 härvid
1408 2353 78 30 med
1506 2354 251 40 undervisning

274 2398 11 28 i
308 2407 41 21 av
371 2399 333 31 överbefälhavaren
727 2400 195 41 föreslagen
946 2402 224 40 omfattning,
1194 2404 55 30 för
1271 2405 165 31 cheferna
1461 2406 54 30 för
1539 2408 130 29 marin-
1692 2408 64 30 och

275 2451 225 40 flyglinjerna
519 2453 62 30 bör
599 2453 67 30 den
686 2454 157 31 däremot
861 2465 83 20 vara
964 2465 42 21 av
1025 2458 110 30 större
1155 2457 212 41 omfattning
1387 2460 45 29 än
1452 2469 74 21 som
1547 2461 208 39 föreslagits.

275 2505 182 39 Linjechef
476 2506 71 34 bör,
567 2507 67 30 vad
655 2508 106 39 gäller
781 2510 67 29 rätt
870 2509 51 29 till
943 2509 356 40 utbildningsarvode,
1321 2513 171 30 likställas
1513 2514 79 30 med
1613 2515 143 30 heltids-

274 2559 264 39 tjänstgörande
562 2560 124 31 lärare.
