1878 2776
265 184 41 42 038
639 187 252 26 Statsutskottets
915 187 160 27 utlåtande
1098 195 39 18 nr
1160 187 56 27 104
1238 187 35 27 år
1297 188 72 26 1961

321 265 28 29 2.
376 265 12 29 I
417 266 202 38 anslutning
648 266 51 29 till
727 266 65 29 vad
821 275 75 20 som
924 266 135 30 anförts
1087 267 10 28 i
1125 267 236 29 innevarande
1390 267 57 29 års
1476 267 270 38 statsverkspro-

265 318 152 39 position
441 318 58 30 vid
524 319 165 29 anmälan
715 328 40 20 av
780 319 157 39 anslaget
962 319 360 40 Flygförvaltningen:
1361 319 213 40 Avlöningar
1600 319 146 30 föreslår

266 371 396 40 departementschefen,
690 374 49 27 att
766 372 249 39 beställningar
1043 372 53 30 för
1124 382 42 20 en
1195 373 229 39 flygdirektör
1452 381 42 21 av
1524 374 27 28 1.
1579 373 128 39 graden
1735 372 11 28 i

266 424 50 29 Ao
330 424 40 29 26
391 424 65 30 och
477 434 42 20 en
541 425 187 29 förvaltare
749 425 9 29 i
780 425 49 29 Ao
846 425 37 29 17
906 426 172 39 indrages.

319 477 29 29 4.
375 478 78 28 Med
482 478 135 38 hänsyn
647 478 50 29 till
727 478 176 39 pågående
933 479 276 39 modernisering
1238 489 42 19 av
1310 479 436 39 stridsledningssystemet

266 539 102 30 synes
397 540 43 20 en
470 531 135 29 relativt
634 531 194 38 betydande
858 532 406 40 personalförstärkning
1294 532 247 39 ofrånkomlig.
1583 532 163 39 Departe-

266 584 241 29 mentschefen
525 593 101 20 anser
644 585 57 29 det
719 585 174 39 nämligen
911 594 83 20 vara
1011 587 124 37 ytterst
1153 586 180 38 angeläget
1351 588 50 27 att
1420 586 194 39 personella
1633 593 113 22 resur-

266 646 53 20 ser
340 637 71 29 kan
433 638 118 29 ställas
572 638 51 29 till
646 638 204 39 förfogande
872 639 9 28 i
904 638 65 29 den
994 638 243 40 utsträckning
1260 648 74 20 som
1356 638 177 30 erfordras
1557 639 54 29 för
1632 641 50 28 att
1705 639 41 29 de

265 689 196 40 betydande
484 690 457 40 materielinvesteringarna
966 692 86 28 skall
1077 692 121 29 kunna
1221 693 51 29 till
1297 692 87 29 fullo
1408 692 226 39 nyttiggöras.
1669 692 77 29 Med

266 743 136 39 hänsyn
419 743 51 30 till
488 744 353 29 materielleveranser
858 754 44 19 in.
920 754 45 19 m.
982 754 101 30 synes
1100 745 192 29 emellertid
1309 755 41 20 en
1367 746 71 28 viss
1455 745 233 40 begränsning
1705 755 42 20 av

265 796 40 29 de
332 796 54 29 för
413 797 100 29 nästa
539 797 168 39 budgetår
734 797 196 39 föreslagna
957 798 382 39 personalökningarna
1367 798 132 39 möjlig.
1527 799 77 29 Med
1631 799 116 30 anled-

265 849 82 39 ning
370 858 43 20 av
436 850 329 39 flygvapenchefens
790 850 130 40 förslag
944 851 145 29 föreslår
1113 851 398 39 departementschefen,
1535 854 50 27 att
1609 851 137 30 beställ-

266 903 123 38 ningar
415 903 212 29 tillkommer
654 903 55 30 för
734 913 42 19 en
802 903 234 30 sektorledare
1063 905 10 28 i
1099 904 49 29 Bo
1165 904 27 34 1,
1218 914 42 20 en
1286 904 291 39 överstelöjtnant
1604 905 10 29 i
1641 905 51 29 Ao
1705 905 41 28 26

270 955 453 40 (luftbevakningsledare),
756 957 18 29 3
808 957 169 39 kaptener
1009 957 11 29 i
1052 957 50 29 Ao
1116 958 52 33 21,
1203 958 15 29 7
1253 957 189 30 förvaltare
1466 958 10 29 i
1499 958 50 29 Ao
1566 958 37 29 17
1632 958 36 33 (5
1692 958 55 29 för

264 1008 402 40 chefsradarjaktledare
689 1010 63 29 och
776 1010 18 29 2
819 1010 54 29 för
896 1010 408 34 radarstationschefer),
1330 1011 38 29 19
1393 1011 212 30 överfurirer
1629 1012 9 29 i
1664 1011 82 29 Ao
1722 1004 26 50 9

265 1062 64 29 och
354 1062 38 29 12
417 1062 128 30 furirer
567 1063 10 28 i
601 1062 48 29 Ae
662 1063 63 29 8/7.
760 1063 130 29 Härvid
914 1063 64 30 har
1002 1063 385 40 departementschefen
1412 1064 54 30 för
1491 1064 107 39 några
1622 1064 125 30 befatt-

265 1115 123 39 ningar
416 1116 10 28 i
451 1115 70 29 viss
548 1116 243 39 utsträckning
816 1116 171 30 beräknat
1013 1117 161 39 personal
1202 1117 78 30 med
1308 1118 93 38 lägre
1428 1117 246 40 löneställning
1702 1117 44 29 än

265 1168 311 39 flygvapenchefen
596 1169 103 39 gjort,
719 1170 207 39 exempelvis
946 1170 222 29 beträffande
1187 1170 243 39 befattningen
1449 1170 298 38 chefsradarjakt-

265 1221 125 34 ledare,
416 1221 54 30 för
493 1222 115 29 vilken
633 1223 76 29 icke
733 1223 121 29 enbart
879 1223 130 39 kapten
1034 1225 84 27 utan
1144 1225 87 28 även
1255 1223 229 30 kvalificerad
1510 1223 237 30 underofficer

264 1274 61 29 bör
344 1274 123 30 kunna
486 1283 108 21 avses.
625 1275 64 30 Det
710 1276 96 29 torde
826 1276 36 29 få
882 1276 188 30 ankomma
1090 1277 45 39 på
1155 1277 126 39 Kungl.
1303 1277 105 38 Maj:t
1428 1279 51 27 att
1499 1295 44 2 —
1563 1278 78 29 med
1662 1278 85 29 hän-

266 1336 63 30 syn
347 1328 53 29 till
420 1328 249 39 materielläget
719 1347 12 2 -—-
751 1329 134 29 besluta
905 1329 80 29 från
1004 1330 64 29 och
1089 1330 79 29 med
1187 1330 117 29 vilken
1324 1330 168 39 tidpunkt
1512 1330 41 29 de
1574 1330 63 30 här
1659 1330 88 30 före-

265 1381 120 38 slagna
407 1381 298 39 beställningarna
728 1382 87 30 skall
841 1382 36 30 få
900 1383 184 39 utnyttjas.
1120 1382 110 30 Såvitt
1253 1392 47 20 nu
1324 1383 70 29 kan
1417 1383 166 30 bedömas
1606 1383 62 30 bör
1691 1384 56 29 be-

265 1434 254 39 ställningarna
540 1435 9 28 i
571 1435 61 29 allt
654 1435 61 29 fall
737 1436 74 29 icke
833 1436 165 29 tillsättas
1021 1436 73 30 före
1116 1436 67 29 den
1208 1436 13 29 1
1246 1436 140 39 januari
1413 1436 93 29 1962.

319 1487 180 39 Förslaget
517 1490 49 27 att
586 1488 79 29 från
685 1489 62 28 och
768 1488 77 30 med
865 1490 101 28 nästa
985 1489 168 39 budgetår
1173 1490 130 29 inrätta
1322 1489 19 30 3
1361 1489 385 39 arvodesbefattningar

265 1540 53 29 för
349 1541 232 38 pensionerad
614 1541 124 30 officer
772 1542 8 28 i
814 1541 101 30 A:24
954 1542 71 30 (för
1057 1542 66 29 den
1157 1542 139 39 optiska
1329 1542 330 39 luftbevakningen)
1696 1543 50 29 bi-

265 1593 115 30 träder
406 1594 394 39 departementschefen.

318 1646 29 29 3.
374 1647 393 39 Departementschefen
794 1648 202 39 tillstyrker,
1020 1651 50 27 att
1094 1659 43 19 en
1162 1649 209 39 beställning
1397 1649 55 30 för
1476 1649 80 30 chef
1581 1649 54 30 för
1660 1650 87 38 flyg-

264 1699 247 30 kadettskolan
531 1701 10 29 i
561 1701 48 28 Bo
626 1701 13 28 1
663 1701 213 29 tillkommer
896 1702 10 28 i
928 1702 119 38 utbyte
1068 1705 72 27 mot
1162 1712 43 19 en
1226 1702 520 39 överstelöjtnantsbeställning

263 1753 10 28 i
303 1752 104 30 4026
438 1756 90 27 saml
557 1756 50 27 att
636 1763 43 20 en
709 1754 54 30 för
792 1754 397 40 signalorganisationen
1225 1755 357 39 (sektorflottiljstab)
1618 1756 128 29 avsedd

264 1805 359 40 kaptensbeställning
648 1807 10 29 i
684 1807 49 29 Ao
747 1808 37 28 21
812 1808 160 29 inrättas.

318 1858 29 30 6.
374 1859 394 40 Departementschefen
796 1861 203 38 tillstyrker,
1028 1864 49 27 att
1107 1871 42 20 en
1178 1861 209 40 beställning
1416 1862 55 29 för
1500 1862 108 30 förste
1637 1862 109 29 stabs-

264 1913 211 38 meteorolog
497 1913 10 29 i
530 1912 49 30 Ao
594 1914 40 28 26
658 1913 213 30 tillkommer
894 1914 55 30 för
972 1914 215 39 flygstabens
1211 1915 380 39 väderleksavdelning.

318 1965 78 29 Med
426 1965 138 39 hänsyn
594 1966 51 29 till
676 1967 66 29 vad
773 1967 311 40 flygvapenchefen
1116 1968 118 30 anfört
1264 1969 63 29 bör
1357 1977 43 20 en
1431 1968 314 30 väderleksstation

263 2019 220 38 organiseras
499 2019 57 29 vid
572 2020 140 29 arméns
729 2020 296 40 helikopterskola
1042 2022 9 28 i
1069 2021 128 29 Boden.
1227 2021 67 30 För
1312 2021 175 30 stationen
1504 2022 62 30 bör
1584 2022 79 29 från
1681 2023 64 29 och

264 2071 77 29 med
361 2073 102 28 nästa
482 2072 168 39 budgetår
671 2073 196 30 tillkomma
886 2074 250 39 beställningar
1157 2075 54 29 för
1232 2084 42 20 en
1295 2075 210 39 meteorolog
1526 2076 9 28 i
1557 2075 49 29 Ao
1619 2075 38 30 21
1681 2075 64 30 och

263 2133 41 20 en
327 2126 211 39 meteorolog
559 2126 10 29 i
592 2126 156 39 reglerad
770 2126 322 40 befordringsgång.

319 2178 27 29 7.
372 2178 67 29 Det
464 2179 96 29 torde
584 2188 85 20 vara
694 2180 229 39 erforderligt,
950 2183 50 27 att
1025 2181 65 29 den
1118 2181 195 39 personella
1339 2181 246 40 utbyggnaden
1611 2191 42 20 av
1679 2183 65 29 den

262 2239 259 31 gemensamma
557 2232 153 30 militära
744 2233 64 30 och
842 2233 102 30 civila
979 2234 646 40 radarövervakningsorganisationen
1662 2236 83 29 fort-

263 2285 116 29 sättes.
405 2285 344 40 Flygvapenchefens
775 2286 130 40 förslag
931 2288 51 28 att
1008 2288 128 29 inrätta
1163 2287 19 29 8
1208 2287 469 41 trafikledarbeställningar,
1704 2298 41 20 av

262 2338 93 29 vilka
373 2347 43 20 en
436 2338 55 30 för
510 2339 107 29 förste
636 2339 226 30 trafikledare
883 2340 9 29 i
913 2340 50 29 Ao
978 2340 50 34 21,
1048 2340 19 29 4
1087 2340 54 30 för
1162 2341 226 30 trafikledare
1409 2342 10 28 i
1440 2341 50 30 Ao
1506 2342 39 29 19
1566 2342 64 29 och
1650 2342 19 30 3
1690 2342 54 30 för

262 2391 227 29 trafikledare
515 2392 10 29 i
553 2392 156 39 reglerad
736 2392 322 40 befordringsgång,
1086 2394 70 28 kan
1184 2394 386 39 departementschefen
1597 2394 147 30 biträda.

318 2444 12 29 I
347 2444 204 40 anslutning
568 2445 50 30 till
635 2446 67 29 vad
720 2454 73 20 som
810 2445 136 31 anförts
963 2447 10 28 i
991 2446 56 30 det
1064 2446 208 39 föregående
1288 2447 57 29 vid
1363 2447 166 30 anmälan
1547 2457 41 20 av
1605 2448 139 29 arméns

263 2497 63 30 och
360 2497 178 30 marinens
570 2499 306 39 avlöningsanslag
910 2499 147 30 föreslår
1090 2499 398 40 departementschefen,
1522 2502 51 28 att
1605 2501 138 29 beställ-
