<?xml version="1.0" encoding="UTF-8"?>
<alto xmlns="http://www.loc.gov/standards/alto/ns-v3#" xmlns:xlink="http://www.w3.org/1999/xlink" xmlns:xsi="http://www.w3.org/2001/XMLSchema-instance" xsi:schemaLocation="http://www.loc.gov/standards/alto/ns-v3# http://www.loc.gov/alto/v3/alto-3-0.xsd">
	<Description>
		<MeasurementUnit>pixel</MeasurementUnit>
		<sourceImageInformation>
			<fileName>/tmp/tess_c9nwecv5_input.PNG</fileName>
		</sourceImageInformation>
		<OCRProcessing ID="OCR_0">
			<ocrProcessingStep>
				<processingSoftware>
					<softwareName>tesseract 5.3.0</softwareName>
				</processingSoftware>
			</ocrProcessingStep>
		</OCRProcessing>
	</Description>
	<Layout>
		<Page WIDTH="1884" HEIGHT="2780" PHYSICAL_IMG_NR="0" ID="page_0">
			<PrintSpace HPOS="0" VPOS="0" WIDTH="1884" HEIGHT="2780">
				<ComposedBlock ID="cblock_0" HPOS="487" VPOS="147" WIDTH="1107" HEIGHT="31">
					<TextBlock ID="block_0" HPOS="487" VPOS="147" WIDTH="1107" HEIGHT="31">
						<TextLine ID="line_0" HPOS="487" VPOS="147" WIDTH="1107" HEIGHT="31">
							<String ID="string_0" HPOS="487" VPOS="149" WIDTH="253" HEIGHT="28" WC="0.90" CONTENT="Statsutskottets"/><SP WIDTH="25" VPOS="149" HPOS="740"/>
							<String ID="string_1" HPOS="765" VPOS="148" WIDTH="161" HEIGHT="27" WC="0.96" CONTENT="utlåtande"/><SP WIDTH="22" VPOS="148" HPOS="926"/>
							<String ID="string_2" HPOS="948" VPOS="156" WIDTH="40" HEIGHT="18" WC="0.96" CONTENT="nr"/><SP WIDTH="23" VPOS="156" HPOS="988"/>
							<String ID="string_3" HPOS="1011" VPOS="147" WIDTH="55" HEIGHT="27" WC="0.96" CONTENT="104"/><SP WIDTH="23" VPOS="147" HPOS="1066"/>
							<String ID="string_4" HPOS="1089" VPOS="147" WIDTH="36" HEIGHT="27" WC="0.96" CONTENT="år"/><SP WIDTH="22" VPOS="147" HPOS="1125"/>
							<String ID="string_5" HPOS="1147" VPOS="147" WIDTH="73" HEIGHT="27" WC="0.96" CONTENT="1961"/><SP WIDTH="336" VPOS="147" HPOS="1220"/>
							<String ID="string_6" HPOS="1556" VPOS="148" WIDTH="38" HEIGHT="30" WC="0.96" CONTENT="51"/>
						</TextLine>
					</TextBlock>
				</ComposedBlock>
				<ComposedBlock ID="cblock_1" HPOS="115" VPOS="224" WIDTH="1491" HEIGHT="1007">
					<TextBlock ID="block_1" HPOS="115" VPOS="224" WIDTH="1484" HEIGHT="259">
						<TextLine ID="line_1" HPOS="170" VPOS="224" WIDTH="1428" HEIGHT="45">
							<String ID="string_7" HPOS="170" VPOS="229" WIDTH="393" HEIGHT="40" WC="0.92" CONTENT="Departementschefen"/><SP WIDTH="29" VPOS="229" HPOS="563"/>
							<String ID="string_8" HPOS="592" VPOS="228" WIDTH="201" HEIGHT="39" WC="0.93" CONTENT="tillstyrker,"/><SP WIDTH="30" VPOS="228" HPOS="793"/>
							<String ID="string_9" HPOS="823" VPOS="230" WIDTH="49" HEIGHT="27" WC="0.96" CONTENT="att"/><SP WIDTH="28" VPOS="230" HPOS="872"/>
							<String ID="string_10" HPOS="900" VPOS="227" WIDTH="40" HEIGHT="30" WC="0.96" CONTENT="20"/><SP WIDTH="28" VPOS="227" HPOS="940"/>
							<String ID="string_11" HPOS="968" VPOS="227" WIDTH="251" HEIGHT="38" WC="0.96" CONTENT="beställningar"/><SP WIDTH="29" VPOS="227" HPOS="1219"/>
							<String ID="string_12" HPOS="1248" VPOS="226" WIDTH="55" HEIGHT="30" WC="0.93" CONTENT="för"/><SP WIDTH="26" VPOS="226" HPOS="1303"/>
							<String ID="string_13" HPOS="1329" VPOS="225" WIDTH="232" HEIGHT="39" WC="0.91" CONTENT="högbåtsman"/><SP WIDTH="26" VPOS="225" HPOS="1561"/>
							<String ID="string_14" HPOS="1587" VPOS="224" WIDTH="11" HEIGHT="29" WC="0.96" CONTENT="i"/>
						</TextLine>
						<TextLine ID="line_2" HPOS="115" VPOS="279" WIDTH="1483" HEIGHT="44">
							<String ID="string_15" HPOS="115" VPOS="283" WIDTH="82" HEIGHT="30" WC="0.66" CONTENT="Ao"/><SP WIDTH="-21" VPOS="283" HPOS="197"/>
							<String ID="string_16" HPOS="176" VPOS="275" WIDTH="20" HEIGHT="52" WC="0.66" CONTENT="9"/><SP WIDTH="22" VPOS="275" HPOS="196"/>
							<String ID="string_17" HPOS="218" VPOS="284" WIDTH="138" HEIGHT="39" WC="0.96" CONTENT="utbytes"/><SP WIDTH="22" VPOS="284" HPOS="356"/>
							<String ID="string_18" HPOS="378" VPOS="285" WIDTH="70" HEIGHT="28" WC="0.96" CONTENT="mot"/><SP WIDTH="19" VPOS="285" HPOS="448"/>
							<String ID="string_19" HPOS="467" VPOS="282" WIDTH="251" HEIGHT="39" WC="0.96" CONTENT="beställningar"/><SP WIDTH="22" VPOS="282" HPOS="718"/>
							<String ID="string_20" HPOS="740" VPOS="282" WIDTH="54" HEIGHT="29" WC="0.96" CONTENT="för"/><SP WIDTH="22" VPOS="282" HPOS="794"/>
							<String ID="string_21" HPOS="816" VPOS="282" WIDTH="107" HEIGHT="29" WC="0.93" CONTENT="förste"/><SP WIDTH="21" VPOS="282" HPOS="923"/>
							<String ID="string_22" HPOS="944" VPOS="281" WIDTH="232" HEIGHT="39" WC="0.91" CONTENT="högbåtsman"/><SP WIDTH="22" VPOS="281" HPOS="1176"/>
							<String ID="string_23" HPOS="1198" VPOS="280" WIDTH="10" HEIGHT="29" WC="0.95" CONTENT="i"/><SP WIDTH="23" VPOS="280" HPOS="1208"/>
							<String ID="string_24" HPOS="1231" VPOS="280" WIDTH="49" HEIGHT="29" WC="0.95" CONTENT="Ao"/><SP WIDTH="17" VPOS="280" HPOS="1280"/>
							<String ID="string_25" HPOS="1297" VPOS="280" WIDTH="49" HEIGHT="29" WC="0.95" CONTENT="11."/><SP WIDTH="23" VPOS="280" HPOS="1346"/>
							<String ID="string_26" HPOS="1369" VPOS="279" WIDTH="109" HEIGHT="31" WC="0.96" CONTENT="Såvitt"/><SP WIDTH="22" VPOS="279" HPOS="1478"/>
							<String ID="string_27" HPOS="1500" VPOS="287" WIDTH="98" HEIGHT="21" WC="0.96" CONTENT="avser"/>
						</TextLine>
						<TextLine ID="line_3" HPOS="116" VPOS="332" WIDTH="1483" HEIGHT="42">
							<String ID="string_28" HPOS="116" VPOS="337" WIDTH="206" HEIGHT="30" WC="0.92" CONTENT="underbefäl"/><SP WIDTH="17" VPOS="337" HPOS="322"/>
							<String ID="string_29" HPOS="339" VPOS="337" WIDTH="57" HEIGHT="29" WC="0.96" CONTENT="vid"/><SP WIDTH="19" VPOS="337" HPOS="396"/>
							<String ID="string_30" HPOS="415" VPOS="337" WIDTH="126" HEIGHT="29" WC="0.96" CONTENT="flottan"/><SP WIDTH="19" VPOS="337" HPOS="541"/>
							<String ID="string_31" HPOS="560" VPOS="336" WIDTH="129" HEIGHT="30" WC="0.93" CONTENT="räknar"/><SP WIDTH="19" VPOS="336" HPOS="689"/>
							<String ID="string_32" HPOS="708" VPOS="334" WIDTH="386" HEIGHT="40" WC="0.91" CONTENT="departementschefen"/><SP WIDTH="20" VPOS="334" HPOS="1094"/>
							<String ID="string_33" HPOS="1114" VPOS="334" WIDTH="77" HEIGHT="30" WC="0.93" CONTENT="med"/><SP WIDTH="22" VPOS="334" HPOS="1191"/>
							<String ID="string_34" HPOS="1213" VPOS="333" WIDTH="251" HEIGHT="39" WC="0.91" CONTENT="indragningar"/><SP WIDTH="19" VPOS="333" HPOS="1464"/>
							<String ID="string_35" HPOS="1483" VPOS="341" WIDTH="41" HEIGHT="21" WC="0.93" CONTENT="av"/><SP WIDTH="20" VPOS="341" HPOS="1524"/>
							<String ID="string_36" HPOS="1544" VPOS="332" WIDTH="55" HEIGHT="30" WC="0.92" CONTENT="be-"/>
						</TextLine>
						<TextLine ID="line_4" HPOS="117" VPOS="385" WIDTH="1482" HEIGHT="45">
							<String ID="string_37" HPOS="117" VPOS="390" WIDTH="207" HEIGHT="40" WC="0.96" CONTENT="ställningar"/><SP WIDTH="26" VPOS="390" HPOS="324"/>
							<String ID="string_38" HPOS="350" VPOS="390" WIDTH="55" HEIGHT="30" WC="0.96" CONTENT="för"/><SP WIDTH="27" VPOS="390" HPOS="405"/>
							<String ID="string_39" HPOS="432" VPOS="390" WIDTH="38" HEIGHT="29" WC="0.93" CONTENT="10"/><SP WIDTH="27" VPOS="390" HPOS="470"/>
							<String ID="string_40" HPOS="497" VPOS="389" WIDTH="231" HEIGHT="40" WC="0.92" CONTENT="högbåtsmän"/><SP WIDTH="27" VPOS="389" HPOS="728"/>
							<String ID="string_41" HPOS="755" VPOS="389" WIDTH="10" HEIGHT="29" WC="0.96" CONTENT="i"/><SP WIDTH="28" VPOS="389" HPOS="765"/>
							<String ID="string_42" HPOS="793" VPOS="389" WIDTH="49" HEIGHT="29" WC="0.32" CONTENT="Ao"/><SP WIDTH="14" VPOS="389" HPOS="842"/>
							<String ID="string_43" HPOS="856" VPOS="388" WIDTH="29" HEIGHT="34" WC="0.32" CONTENT="9,"/><SP WIDTH="27" VPOS="388" HPOS="885"/>
							<String ID="string_44" HPOS="912" VPOS="388" WIDTH="40" HEIGHT="30" WC="0.93" CONTENT="35"/><SP WIDTH="29" VPOS="388" HPOS="952"/>
							<String ID="string_45" HPOS="981" VPOS="388" WIDTH="128" HEIGHT="30" WC="0.92" CONTENT="furirer"/><SP WIDTH="27" VPOS="388" HPOS="1109"/>
							<String ID="string_46" HPOS="1136" VPOS="387" WIDTH="9" HEIGHT="29" WC="0.96" CONTENT="i"/><SP WIDTH="28" VPOS="387" HPOS="1145"/>
							<String ID="string_47" HPOS="1173" VPOS="387" WIDTH="47" HEIGHT="30" WC="0.94" CONTENT="Ae"/><SP WIDTH="15" VPOS="387" HPOS="1220"/>
							<String ID="string_48" HPOS="1235" VPOS="386" WIDTH="54" HEIGHT="36" WC="0.94" CONTENT="8/7"/><SP WIDTH="29" VPOS="386" HPOS="1289"/>
							<String ID="string_49" HPOS="1318" VPOS="386" WIDTH="63" HEIGHT="30" WC="0.96" CONTENT="och"/><SP WIDTH="27" VPOS="386" HPOS="1381"/>
							<String ID="string_50" HPOS="1408" VPOS="386" WIDTH="41" HEIGHT="30" WC="0.93" CONTENT="20"/><SP WIDTH="28" VPOS="386" HPOS="1449"/>
							<String ID="string_51" HPOS="1477" VPOS="385" WIDTH="122" HEIGHT="31" WC="0.93" CONTENT="furirs-"/>
						</TextLine>
						<TextLine ID="line_5" HPOS="117" VPOS="443" WIDTH="375" HEIGHT="40">
							<String ID="string_52" HPOS="117" VPOS="443" WIDTH="196" HEIGHT="40" WC="0.91" CONTENT="aspiranter"/><SP WIDTH="23" VPOS="443" HPOS="313"/>
							<String ID="string_53" HPOS="336" VPOS="444" WIDTH="10" HEIGHT="29" WC="0.96" CONTENT="i"/><SP WIDTH="23" VPOS="444" HPOS="346"/>
							<String ID="string_54" HPOS="369" VPOS="444" WIDTH="44" HEIGHT="29" WC="0.84" CONTENT="Af"/><SP WIDTH="13" VPOS="444" HPOS="413"/>
							<String ID="string_55" HPOS="426" VPOS="443" WIDTH="66" HEIGHT="36" WC="0.84" CONTENT="5/4."/>
						</TextLine>
					</TextBlock>
					<TextBlock ID="block_2" HPOS="118" VPOS="493" WIDTH="1483" HEIGHT="96">
						<TextLine ID="line_6" HPOS="172" VPOS="493" WIDTH="1429" HEIGHT="44">
							<String ID="string_56" HPOS="172" VPOS="497" WIDTH="394" HEIGHT="40" WC="0.91" CONTENT="Departementschefen"/><SP WIDTH="28" VPOS="497" HPOS="566"/>
							<String ID="string_57" HPOS="594" VPOS="496" WIDTH="130" HEIGHT="30" WC="0.96" CONTENT="räknar"/><SP WIDTH="31" VPOS="496" HPOS="724"/>
							<String ID="string_58" HPOS="755" VPOS="496" WIDTH="77" HEIGHT="29" WC="0.95" CONTENT="med"/><SP WIDTH="30" VPOS="496" HPOS="832"/>
							<String ID="string_59" HPOS="862" VPOS="498" WIDTH="49" HEIGHT="28" WC="0.95" CONTENT="att"/><SP WIDTH="31" VPOS="498" HPOS="911"/>
							<String ID="string_60" HPOS="942" VPOS="495" WIDTH="39" HEIGHT="30" WC="0.95" CONTENT="10"/><SP WIDTH="29" VPOS="495" HPOS="981"/>
							<String ID="string_61" HPOS="1010" VPOS="495" WIDTH="252" HEIGHT="38" WC="0.96" CONTENT="beställningar"/><SP WIDTH="29" VPOS="495" HPOS="1262"/>
							<String ID="string_62" HPOS="1291" VPOS="494" WIDTH="55" HEIGHT="30" WC="0.93" CONTENT="för"/><SP WIDTH="30" VPOS="494" HPOS="1346"/>
							<String ID="string_63" HPOS="1376" VPOS="493" WIDTH="185" HEIGHT="40" WC="0.90" CONTENT="flaggfurir"/><SP WIDTH="28" VPOS="493" HPOS="1561"/>
							<String ID="string_64" HPOS="1589" VPOS="493" WIDTH="12" HEIGHT="29" WC="0.96" CONTENT="i"/>
						</TextLine>
						<TextLine ID="line_7" HPOS="118" VPOS="546" WIDTH="1483" HEIGHT="43">
							<String ID="string_65" HPOS="118" VPOS="552" WIDTH="49" HEIGHT="28" WC="0.95" CONTENT="Ao"/><SP WIDTH="16" VPOS="552" HPOS="167"/>
							<String ID="string_66" HPOS="183" VPOS="552" WIDTH="36" HEIGHT="28" WC="0.96" CONTENT="11"/><SP WIDTH="21" VPOS="552" HPOS="219"/>
							<String ID="string_67" HPOS="240" VPOS="551" WIDTH="214" HEIGHT="30" WC="0.95" CONTENT="tillkommer"/><SP WIDTH="18" VPOS="551" HPOS="454"/>
							<String ID="string_68" HPOS="472" VPOS="551" WIDTH="9" HEIGHT="29" WC="0.96" CONTENT="i"/><SP WIDTH="18" VPOS="551" HPOS="481"/>
							<String ID="string_69" HPOS="499" VPOS="550" WIDTH="119" HEIGHT="39" WC="0.96" CONTENT="utbyte"/><SP WIDTH="18" VPOS="550" HPOS="618"/>
							<String ID="string_70" HPOS="636" VPOS="552" WIDTH="72" HEIGHT="27" WC="0.96" CONTENT="mot"/><SP WIDTH="19" VPOS="552" HPOS="708"/>
							<String ID="string_71" HPOS="727" VPOS="558" WIDTH="135" HEIGHT="21" WC="0.96" CONTENT="samma"/><SP WIDTH="18" VPOS="558" HPOS="862"/>
							<String ID="string_72" HPOS="880" VPOS="549" WIDTH="95" HEIGHT="29" WC="0.96" CONTENT="antal"/><SP WIDTH="18" VPOS="549" HPOS="975"/>
							<String ID="string_73" HPOS="993" VPOS="548" WIDTH="252" HEIGHT="39" WC="0.96" CONTENT="beställningar"/><SP WIDTH="18" VPOS="548" HPOS="1245"/>
							<String ID="string_74" HPOS="1263" VPOS="548" WIDTH="55" HEIGHT="30" WC="0.93" CONTENT="för"/><SP WIDTH="19" VPOS="548" HPOS="1318"/>
							<String ID="string_75" HPOS="1337" VPOS="547" WIDTH="89" HEIGHT="30" WC="0.92" CONTENT="furir"/><SP WIDTH="18" VPOS="547" HPOS="1426"/>
							<String ID="string_76" HPOS="1444" VPOS="547" WIDTH="11" HEIGHT="29" WC="0.96" CONTENT="i"/><SP WIDTH="19" VPOS="547" HPOS="1455"/>
							<String ID="string_77" HPOS="1474" VPOS="547" WIDTH="47" HEIGHT="30" WC="0.95" CONTENT="Ae"/><SP WIDTH="14" VPOS="547" HPOS="1521"/>
							<String ID="string_78" HPOS="1535" VPOS="546" WIDTH="66" HEIGHT="36" WC="0.95" CONTENT="8/7."/>
						</TextLine>
					</TextBlock>
					<TextBlock ID="block_3" HPOS="119" VPOS="600" WIDTH="1485" HEIGHT="311">
						<TextLine ID="line_8" HPOS="172" VPOS="600" WIDTH="1429" HEIGHT="43">
							<String ID="string_79" HPOS="172" VPOS="604" WIDTH="30" HEIGHT="30" WC="0.93" CONTENT="5."/><SP WIDTH="26" VPOS="604" HPOS="202"/>
							<String ID="string_80" HPOS="228" VPOS="603" WIDTH="393" HEIGHT="40" WC="0.92" CONTENT="Departementschefen"/><SP WIDTH="23" VPOS="603" HPOS="621"/>
							<String ID="string_81" HPOS="644" VPOS="603" WIDTH="158" HEIGHT="34" WC="0.96" CONTENT="föreslår,"/><SP WIDTH="24" VPOS="603" HPOS="802"/>
							<String ID="string_82" HPOS="826" VPOS="605" WIDTH="49" HEIGHT="28" WC="0.96" CONTENT="att"/><SP WIDTH="24" VPOS="605" HPOS="875"/>
							<String ID="string_83" HPOS="899" VPOS="602" WIDTH="16" HEIGHT="30" WC="0.96" CONTENT="7"/><SP WIDTH="23" VPOS="602" HPOS="915"/>
							<String ID="string_84" HPOS="938" VPOS="601" WIDTH="252" HEIGHT="39" WC="0.96" CONTENT="beställningar"/><SP WIDTH="23" VPOS="601" HPOS="1190"/>
							<String ID="string_85" HPOS="1213" VPOS="601" WIDTH="55" HEIGHT="30" WC="0.93" CONTENT="för"/><SP WIDTH="23" VPOS="601" HPOS="1268"/>
							<String ID="string_86" HPOS="1291" VPOS="600" WIDTH="277" HEIGHT="40" WC="0.91" CONTENT="mariningenjör"/><SP WIDTH="22" VPOS="600" HPOS="1568"/>
							<String ID="string_87" HPOS="1590" VPOS="600" WIDTH="11" HEIGHT="28" WC="0.96" CONTENT="i"/>
						</TextLine>
						<TextLine ID="line_9" HPOS="119" VPOS="653" WIDTH="1484" HEIGHT="43">
							<String ID="string_88" HPOS="119" VPOS="658" WIDTH="49" HEIGHT="29" WC="0.95" CONTENT="Ao"/><SP WIDTH="14" VPOS="658" HPOS="168"/>
							<String ID="string_89" HPOS="182" VPOS="658" WIDTH="38" HEIGHT="29" WC="0.96" CONTENT="21"/><SP WIDTH="28" VPOS="658" HPOS="220"/>
							<String ID="string_90" HPOS="248" VPOS="658" WIDTH="213" HEIGHT="30" WC="0.95" CONTENT="tillkommer"/><SP WIDTH="24" VPOS="658" HPOS="461"/>
							<String ID="string_91" HPOS="485" VPOS="658" WIDTH="9" HEIGHT="28" WC="0.96" CONTENT="i"/><SP WIDTH="25" VPOS="658" HPOS="494"/>
							<String ID="string_92" HPOS="519" VPOS="657" WIDTH="118" HEIGHT="39" WC="0.96" CONTENT="utbyte"/><SP WIDTH="24" VPOS="657" HPOS="637"/>
							<String ID="string_93" HPOS="661" VPOS="658" WIDTH="73" HEIGHT="28" WC="0.95" CONTENT="mot"/><SP WIDTH="24" VPOS="658" HPOS="734"/>
							<String ID="string_94" HPOS="758" VPOS="655" WIDTH="250" HEIGHT="39" WC="0.95" CONTENT="beställningar"/><SP WIDTH="25" VPOS="655" HPOS="1008"/>
							<String ID="string_95" HPOS="1033" VPOS="655" WIDTH="54" HEIGHT="30" WC="0.92" CONTENT="för"/><SP WIDTH="25" VPOS="655" HPOS="1087"/>
							<String ID="string_96" HPOS="1112" VPOS="654" WIDTH="277" HEIGHT="40" WC="0.92" CONTENT="mariningenjör"/><SP WIDTH="22" VPOS="654" HPOS="1389"/>
							<String ID="string_97" HPOS="1411" VPOS="654" WIDTH="11" HEIGHT="29" WC="0.96" CONTENT="i"/><SP WIDTH="25" VPOS="654" HPOS="1422"/>
							<String ID="string_98" HPOS="1447" VPOS="653" WIDTH="156" HEIGHT="40" WC="0.96" CONTENT="reglerad"/>
						</TextLine>
						<TextLine ID="line_10" HPOS="119" VPOS="706" WIDTH="1484" HEIGHT="44">
							<String ID="string_99" HPOS="119" VPOS="711" WIDTH="322" HEIGHT="39" WC="0.96" CONTENT="befordringsgång."/><SP WIDTH="24" VPOS="711" HPOS="441"/>
							<String ID="string_100" HPOS="465" VPOS="710" WIDTH="66" HEIGHT="30" WC="0.96" CONTENT="Vid"/><SP WIDTH="22" VPOS="710" HPOS="531"/>
							<String ID="string_101" HPOS="553" VPOS="709" WIDTH="258" HEIGHT="39" WC="0.96" CONTENT="behandlingen"/><SP WIDTH="24" VPOS="709" HPOS="811"/>
							<String ID="string_102" HPOS="835" VPOS="718" WIDTH="40" HEIGHT="21" WC="0.96" CONTENT="av"/><SP WIDTH="23" VPOS="718" HPOS="875"/>
							<String ID="string_103" HPOS="898" VPOS="709" WIDTH="114" HEIGHT="39" WC="0.96" CONTENT="punkt"/><SP WIDTH="25" VPOS="709" HPOS="1012"/>
							<String ID="string_104" HPOS="1037" VPOS="708" WIDTH="18" HEIGHT="29" WC="0.96" CONTENT="3"/><SP WIDTH="25" VPOS="708" HPOS="1055"/>
							<String ID="string_105" HPOS="1080" VPOS="709" WIDTH="10" HEIGHT="28" WC="0.96" CONTENT="i"/><SP WIDTH="24" VPOS="709" HPOS="1090"/>
							<String ID="string_106" HPOS="1114" VPOS="708" WIDTH="56" HEIGHT="30" WC="0.96" CONTENT="det"/><SP WIDTH="26" VPOS="708" HPOS="1170"/>
							<String ID="string_107" HPOS="1196" VPOS="707" WIDTH="207" HEIGHT="40" WC="0.96" CONTENT="föregående"/><SP WIDTH="23" VPOS="707" HPOS="1403"/>
							<String ID="string_108" HPOS="1426" VPOS="707" WIDTH="65" HEIGHT="30" WC="0.93" CONTENT="har"/><SP WIDTH="24" VPOS="707" HPOS="1491"/>
							<String ID="string_109" HPOS="1515" VPOS="706" WIDTH="88" HEIGHT="31" WC="0.93" CONTENT="före-"/>
						</TextLine>
						<TextLine ID="line_11" HPOS="120" VPOS="760" WIDTH="1483" HEIGHT="44">
							<String ID="string_110" HPOS="120" VPOS="765" WIDTH="119" HEIGHT="39" WC="0.96" CONTENT="slagits"/><SP WIDTH="22" VPOS="765" HPOS="239"/>
							<String ID="string_111" HPOS="261" VPOS="765" WIDTH="209" HEIGHT="38" WC="0.96" CONTENT="indragning"/><SP WIDTH="21" VPOS="765" HPOS="470"/>
							<String ID="string_112" HPOS="491" VPOS="773" WIDTH="41" HEIGHT="20" WC="0.96" CONTENT="av"/><SP WIDTH="22" VPOS="773" HPOS="532"/>
							<String ID="string_113" HPOS="554" VPOS="772" WIDTH="135" HEIGHT="21" WC="0.95" CONTENT="samma"/><SP WIDTH="21" VPOS="772" HPOS="689"/>
							<String ID="string_114" HPOS="710" VPOS="763" WIDTH="96" HEIGHT="30" WC="0.96" CONTENT="antal"/><SP WIDTH="19" VPOS="763" HPOS="806"/>
							<String ID="string_115" HPOS="825" VPOS="762" WIDTH="252" HEIGHT="39" WC="0.96" CONTENT="beställningar"/><SP WIDTH="22" VPOS="762" HPOS="1077"/>
							<String ID="string_116" HPOS="1099" VPOS="761" WIDTH="54" HEIGHT="30" WC="0.96" CONTENT="för"/><SP WIDTH="21" VPOS="761" HPOS="1153"/>
							<String ID="string_117" HPOS="1174" VPOS="761" WIDTH="238" HEIGHT="30" WC="0.96" CONTENT="underofficer"/><SP WIDTH="20" VPOS="761" HPOS="1412"/>
							<String ID="string_118" HPOS="1432" VPOS="760" WIDTH="94" HEIGHT="30" WC="0.96" CONTENT="vilka"/><SP WIDTH="23" VPOS="760" HPOS="1526"/>
							<String ID="string_119" HPOS="1549" VPOS="760" WIDTH="54" HEIGHT="30" WC="0.96" CONTENT="för"/>
						</TextLine>
						<TextLine ID="line_12" HPOS="120" VPOS="813" WIDTH="1484" HEIGHT="42">
							<String ID="string_120" HPOS="120" VPOS="818" WIDTH="219" HEIGHT="30" WC="0.93" CONTENT="närvarande"/><SP WIDTH="30" VPOS="818" HPOS="339"/>
							<String ID="string_121" HPOS="369" VPOS="817" WIDTH="241" HEIGHT="30" WC="0.92" CONTENT="vakanthålles"/><SP WIDTH="31" VPOS="817" HPOS="610"/>
							<String ID="string_122" HPOS="641" VPOS="817" WIDTH="78" HEIGHT="29" WC="0.96" CONTENT="med"/><SP WIDTH="30" VPOS="817" HPOS="719"/>
							<String ID="string_123" HPOS="749" VPOS="816" WIDTH="187" HEIGHT="39" WC="0.95" CONTENT="anledning"/><SP WIDTH="31" VPOS="816" HPOS="936"/>
							<String ID="string_124" HPOS="967" VPOS="825" WIDTH="41" HEIGHT="20" WC="0.96" CONTENT="av"/><SP WIDTH="31" VPOS="825" HPOS="1008"/>
							<String ID="string_125" HPOS="1039" VPOS="815" WIDTH="267" HEIGHT="39" WC="0.92" CONTENT="ifrågavarande"/><SP WIDTH="31" VPOS="815" HPOS="1306"/>
							<String ID="string_126" HPOS="1337" VPOS="813" WIDTH="267" HEIGHT="31" WC="0.88" CONTENT="icke-ordinarie"/>
						</TextLine>
						<TextLine ID="line_13" HPOS="121" VPOS="870" WIDTH="771" HEIGHT="41">
							<String ID="string_127" HPOS="121" VPOS="871" WIDTH="567" HEIGHT="40" WC="0.91" CONTENT="mariningenjörsbeställningars"/><SP WIDTH="23" VPOS="871" HPOS="688"/>
							<String ID="string_128" HPOS="711" VPOS="870" WIDTH="181" HEIGHT="30" WC="0.96" CONTENT="tillkomst."/>
						</TextLine>
					</TextBlock>
					<TextBlock ID="block_4" HPOS="122" VPOS="921" WIDTH="1483" HEIGHT="150">
						<TextLine ID="line_14" HPOS="175" VPOS="921" WIDTH="1429" HEIGHT="43">
							<String ID="string_129" HPOS="175" VPOS="925" WIDTH="29" HEIGHT="29" WC="0.93" CONTENT="6."/><SP WIDTH="26" VPOS="925" HPOS="204"/>
							<String ID="string_130" HPOS="230" VPOS="924" WIDTH="394" HEIGHT="40" WC="0.90" CONTENT="Departementschefen"/><SP WIDTH="34" VPOS="924" HPOS="624"/>
							<String ID="string_131" HPOS="658" VPOS="923" WIDTH="157" HEIGHT="34" WC="0.96" CONTENT="föreslår,"/><SP WIDTH="36" VPOS="923" HPOS="815"/>
							<String ID="string_132" HPOS="851" VPOS="925" WIDTH="49" HEIGHT="27" WC="0.96" CONTENT="att"/><SP WIDTH="35" VPOS="925" HPOS="900"/>
							<String ID="string_133" HPOS="935" VPOS="932" WIDTH="43" HEIGHT="20" WC="0.95" CONTENT="en"/><SP WIDTH="34" VPOS="932" HPOS="978"/>
							<String ID="string_134" HPOS="1012" VPOS="922" WIDTH="209" HEIGHT="39" WC="0.95" CONTENT="beställning"/><SP WIDTH="35" VPOS="922" HPOS="1221"/>
							<String ID="string_135" HPOS="1256" VPOS="922" WIDTH="55" HEIGHT="29" WC="0.93" CONTENT="för"/><SP WIDTH="35" VPOS="922" HPOS="1311"/>
							<String ID="string_136" HPOS="1346" VPOS="921" WIDTH="258" HEIGHT="40" WC="0.90" CONTENT="specialmarin-"/>
						</TextLine>
						<TextLine ID="line_15" HPOS="122" VPOS="974" WIDTH="1483" HEIGHT="42">
							<String ID="string_137" HPOS="122" VPOS="979" WIDTH="117" HEIGHT="30" WC="0.96" CONTENT="läkare"/><SP WIDTH="22" VPOS="979" HPOS="239"/>
							<String ID="string_138" HPOS="261" VPOS="979" WIDTH="159" HEIGHT="29" WC="0.95" CONTENT="inrättas."/><SP WIDTH="23" VPOS="979" HPOS="420"/>
							<String ID="string_139" HPOS="443" VPOS="979" WIDTH="122" HEIGHT="29" WC="0.95" CONTENT="Denna"/><SP WIDTH="20" VPOS="979" HPOS="565"/>
							<String ID="string_140" HPOS="585" VPOS="977" WIDTH="62" HEIGHT="29" WC="0.96" CONTENT="bör"/><SP WIDTH="21" VPOS="977" HPOS="647"/>
							<String ID="string_141" HPOS="668" VPOS="977" WIDTH="158" HEIGHT="39" WC="0.96" CONTENT="placeras"/><SP WIDTH="22" VPOS="977" HPOS="826"/>
							<String ID="string_142" HPOS="848" VPOS="977" WIDTH="11" HEIGHT="29" WC="0.96" CONTENT="i"/><SP WIDTH="21" VPOS="977" HPOS="859"/>
							<String ID="string_143" HPOS="880" VPOS="976" WIDTH="166" HEIGHT="39" WC="0.93" CONTENT="lönegrad"/><SP WIDTH="23" VPOS="976" HPOS="1046"/>
							<String ID="string_144" HPOS="1069" VPOS="976" WIDTH="75" HEIGHT="29" WC="0.92" CONTENT="ABr"/><SP WIDTH="14" VPOS="976" HPOS="1144"/>
							<String ID="string_145" HPOS="1158" VPOS="975" WIDTH="52" HEIGHT="32" WC="0.93" CONTENT="23."/><SP WIDTH="23" VPOS="975" HPOS="1210"/>
							<String ID="string_146" HPOS="1233" VPOS="975" WIDTH="183" HEIGHT="39" WC="0.92" CONTENT="Härjämte"/><SP WIDTH="22" VPOS="975" HPOS="1416"/>
							<String ID="string_147" HPOS="1438" VPOS="975" WIDTH="63" HEIGHT="29" WC="0.96" CONTENT="bör"/><SP WIDTH="22" VPOS="975" HPOS="1501"/>
							<String ID="string_148" HPOS="1523" VPOS="974" WIDTH="82" HEIGHT="40" WC="0.96" CONTENT="utgå"/>
						</TextLine>
						<TextLine ID="line_16" HPOS="122" VPOS="1029" WIDTH="964" HEIGHT="42">
							<String ID="string_149" HPOS="122" VPOS="1031" WIDTH="425" HEIGHT="40" WC="0.90" CONTENT="avlöningsförstärkning"/><SP WIDTH="23" VPOS="1031" HPOS="547"/>
							<String ID="string_150" HPOS="570" VPOS="1030" WIDTH="77" HEIGHT="30" WC="0.96" CONTENT="med"/><SP WIDTH="24" VPOS="1030" HPOS="647"/>
							<String ID="string_151" HPOS="671" VPOS="1030" WIDTH="38" HEIGHT="29" WC="0.95" CONTENT="15"/><SP WIDTH="16" VPOS="1030" HPOS="709"/>
							<String ID="string_152" HPOS="725" VPOS="1029" WIDTH="63" HEIGHT="31" WC="0.95" CONTENT="000"/><SP WIDTH="22" VPOS="1029" HPOS="788"/>
							<String ID="string_153" HPOS="810" VPOS="1030" WIDTH="129" HEIGHT="29" WC="0.96" CONTENT="kronor"/><SP WIDTH="22" VPOS="1030" HPOS="939"/>
							<String ID="string_154" HPOS="961" VPOS="1029" WIDTH="55" HEIGHT="30" WC="0.95" CONTENT="för"/><SP WIDTH="22" VPOS="1029" HPOS="1016"/>
							<String ID="string_155" HPOS="1038" VPOS="1029" WIDTH="48" HEIGHT="30" WC="0.95" CONTENT="år."/>
						</TextLine>
					</TextBlock>
					<TextBlock ID="block_5" HPOS="124" VPOS="1081" WIDTH="1482" HEIGHT="150">
						<TextLine ID="line_17" HPOS="177" VPOS="1081" WIDTH="1429" HEIGHT="43">
							<String ID="string_156" HPOS="177" VPOS="1085" WIDTH="29" HEIGHT="29" WC="0.91" CONTENT="8."/><SP WIDTH="49" VPOS="1085" HPOS="206"/>
							<String ID="string_157" HPOS="255" VPOS="1084" WIDTH="393" HEIGHT="40" WC="0.87" CONTENT="Departementschefen"/><SP WIDTH="25" VPOS="1084" HPOS="648"/>
							<String ID="string_158" HPOS="673" VPOS="1083" WIDTH="193" HEIGHT="39" WC="0.96" CONTENT="tillstyrker"/><SP WIDTH="25" VPOS="1083" HPOS="866"/>
							<String ID="string_159" HPOS="891" VPOS="1083" WIDTH="199" HEIGHT="38" WC="0.96" CONTENT="föreslagna"/><SP WIDTH="26" VPOS="1083" HPOS="1090"/>
							<String ID="string_160" HPOS="1116" VPOS="1082" WIDTH="247" HEIGHT="39" WC="0.96" CONTENT="förändringar"/><SP WIDTH="25" VPOS="1082" HPOS="1363"/>
							<String ID="string_161" HPOS="1388" VPOS="1082" WIDTH="10" HEIGHT="30" WC="0.96" CONTENT="i"/><SP WIDTH="26" VPOS="1082" HPOS="1398"/>
							<String ID="string_162" HPOS="1424" VPOS="1081" WIDTH="99" HEIGHT="40" WC="0.96" CONTENT="fråga"/><SP WIDTH="26" VPOS="1081" HPOS="1523"/>
							<String ID="string_163" HPOS="1549" VPOS="1090" WIDTH="57" HEIGHT="21" WC="0.96" CONTENT="om"/>
						</TextLine>
						<TextLine ID="line_18" HPOS="124" VPOS="1134" WIDTH="1482" HEIGHT="44">
							<String ID="string_164" HPOS="124" VPOS="1139" WIDTH="149" HEIGHT="39" WC="0.96" CONTENT="tjänster"/><SP WIDTH="24" VPOS="1139" HPOS="273"/>
							<String ID="string_165" HPOS="297" VPOS="1138" WIDTH="55" HEIGHT="30" WC="0.93" CONTENT="för"/><SP WIDTH="24" VPOS="1138" HPOS="352"/>
							<String ID="string_166" HPOS="376" VPOS="1137" WIDTH="280" HEIGHT="30" WC="0.92" CONTENT="kontorsbiträde"/><SP WIDTH="25" VPOS="1137" HPOS="656"/>
							<String ID="string_167" HPOS="681" VPOS="1137" WIDTH="10" HEIGHT="29" WC="0.93" CONTENT="i"/><SP WIDTH="25" VPOS="1137" HPOS="691"/>
							<String ID="string_168" HPOS="716" VPOS="1137" WIDTH="83" HEIGHT="29" WC="0.86" CONTENT="Ao5"/><SP WIDTH="26" VPOS="1137" HPOS="799"/>
							<String ID="string_169" HPOS="825" VPOS="1136" WIDTH="63" HEIGHT="30" WC="0.96" CONTENT="och"/><SP WIDTH="26" VPOS="1136" HPOS="888"/>
							<String ID="string_170" HPOS="914" VPOS="1136" WIDTH="54" HEIGHT="30" WC="0.93" CONTENT="för"/><SP WIDTH="24" VPOS="1136" HPOS="968"/>
							<String ID="string_171" HPOS="992" VPOS="1135" WIDTH="319" HEIGHT="40" WC="0.91" CONTENT="biträdespersonal"/><SP WIDTH="23" VPOS="1135" HPOS="1311"/>
							<String ID="string_172" HPOS="1334" VPOS="1135" WIDTH="12" HEIGHT="30" WC="0.96" CONTENT="i"/><SP WIDTH="25" VPOS="1135" HPOS="1346"/>
							<String ID="string_173" HPOS="1371" VPOS="1135" WIDTH="154" HEIGHT="39" WC="0.93" CONTENT="reglerad"/><SP WIDTH="25" VPOS="1135" HPOS="1525"/>
							<String ID="string_174" HPOS="1550" VPOS="1134" WIDTH="56" HEIGHT="31" WC="0.91" CONTENT="be-"/>
						</TextLine>
						<TextLine ID="line_19" HPOS="124" VPOS="1191" WIDTH="279" HEIGHT="40">
							<String ID="string_175" HPOS="124" VPOS="1191" WIDTH="279" HEIGHT="40" WC="0.92" CONTENT="fordringsgång."/>
						</TextLine>
					</TextBlock>
				</ComposedBlock>
				<ComposedBlock ID="cblock_2" HPOS="123" VPOS="1295" WIDTH="1489" HEIGHT="672">
					<TextBlock ID="block_6" HPOS="123" VPOS="1295" WIDTH="1489" HEIGHT="672">
						<TextLine ID="line_20" HPOS="180" VPOS="1295" WIDTH="1429" HEIGHT="43">
							<String ID="string_176" HPOS="180" VPOS="1300" WIDTH="12" HEIGHT="29" WC="0.96" CONTENT="I"/><SP WIDTH="22" VPOS="1300" HPOS="192"/>
							<String ID="string_177" HPOS="214" VPOS="1299" WIDTH="203" HEIGHT="39" WC="0.96" CONTENT="anslutning"/><SP WIDTH="20" VPOS="1299" HPOS="417"/>
							<String ID="string_178" HPOS="437" VPOS="1298" WIDTH="52" HEIGHT="30" WC="0.96" CONTENT="till"/><SP WIDTH="22" VPOS="1298" HPOS="489"/>
							<String ID="string_179" HPOS="511" VPOS="1298" WIDTH="57" HEIGHT="30" WC="0.96" CONTENT="det"/><SP WIDTH="19" VPOS="1298" HPOS="568"/>
							<String ID="string_180" HPOS="587" VPOS="1298" WIDTH="12" HEIGHT="29" WC="0.96" CONTENT="i"/><SP WIDTH="19" VPOS="1298" HPOS="599"/>
							<String ID="string_181" HPOS="618" VPOS="1298" WIDTH="57" HEIGHT="30" WC="0.96" CONTENT="det"/><SP WIDTH="20" VPOS="1298" HPOS="675"/>
							<String ID="string_182" HPOS="695" VPOS="1297" WIDTH="208" HEIGHT="39" WC="0.96" CONTENT="föregående"/><SP WIDTH="21" VPOS="1297" HPOS="903"/>
							<String ID="string_183" HPOS="924" VPOS="1297" WIDTH="112" HEIGHT="29" WC="0.96" CONTENT="under"/><SP WIDTH="20" VPOS="1297" HPOS="1036"/>
							<String ID="string_184" HPOS="1056" VPOS="1296" WIDTH="139" HEIGHT="30" WC="0.96" CONTENT="arméns"/><SP WIDTH="20" VPOS="1296" HPOS="1195"/>
							<String ID="string_185" HPOS="1215" VPOS="1296" WIDTH="178" HEIGHT="30" WC="0.93" CONTENT="allmänna"/><SP WIDTH="21" VPOS="1296" HPOS="1393"/>
							<String ID="string_186" HPOS="1414" VPOS="1295" WIDTH="195" HEIGHT="39" WC="0.91" CONTENT="avlönings-"/>
						</TextLine>
						<TextLine ID="line_21" HPOS="125" VPOS="1348" WIDTH="1483" HEIGHT="44">
							<String ID="string_187" HPOS="125" VPOS="1353" WIDTH="120" HEIGHT="39" WC="0.96" CONTENT="anslag"/><SP WIDTH="21" VPOS="1353" HPOS="245"/>
							<String ID="string_188" HPOS="266" VPOS="1352" WIDTH="203" HEIGHT="30" WC="0.96" CONTENT="redovisade"/><SP WIDTH="21" VPOS="1352" HPOS="469"/>
							<String ID="string_189" HPOS="490" VPOS="1352" WIDTH="165" HEIGHT="38" WC="0.96" CONTENT="förslaget"/><SP WIDTH="20" VPOS="1352" HPOS="655"/>
							<String ID="string_190" HPOS="675" VPOS="1360" WIDTH="57" HEIGHT="20" WC="0.96" CONTENT="om"/><SP WIDTH="23" VPOS="1360" HPOS="732"/>
							<String ID="string_191" HPOS="755" VPOS="1360" WIDTH="46" HEIGHT="30" WC="0.96" CONTENT="ny"/><SP WIDTH="20" VPOS="1360" HPOS="801"/>
							<String ID="string_192" HPOS="821" VPOS="1350" WIDTH="239" HEIGHT="39" WC="0.96" CONTENT="organisation"/><SP WIDTH="22" VPOS="1350" HPOS="1060"/>
							<String ID="string_193" HPOS="1082" VPOS="1359" WIDTH="41" HEIGHT="21" WC="0.93" CONTENT="av"/><SP WIDTH="22" VPOS="1359" HPOS="1123"/>
							<String ID="string_194" HPOS="1145" VPOS="1349" WIDTH="110" HEIGHT="31" WC="0.92" CONTENT="stabs-"/><SP WIDTH="21" VPOS="1349" HPOS="1255"/>
							<String ID="string_195" HPOS="1276" VPOS="1350" WIDTH="65" HEIGHT="29" WC="0.93" CONTENT="och"/><SP WIDTH="22" VPOS="1350" HPOS="1341"/>
							<String ID="string_196" HPOS="1363" VPOS="1348" WIDTH="245" HEIGHT="40" WC="0.91" CONTENT="förvaltnings-"/>
						</TextLine>
						<TextLine ID="line_22" HPOS="127" VPOS="1402" WIDTH="1481" HEIGHT="43">
							<String ID="string_197" HPOS="127" VPOS="1406" WIDTH="154" HEIGHT="39" WC="0.96" CONTENT="tjänsten"/><SP WIDTH="25" VPOS="1406" HPOS="281"/>
							<String ID="string_198" HPOS="306" VPOS="1406" WIDTH="12" HEIGHT="29" WC="0.96" CONTENT="i"/><SP WIDTH="24" VPOS="1406" HPOS="318"/>
							<String ID="string_199" HPOS="342" VPOS="1405" WIDTH="76" HEIGHT="30" WC="0.96" CONTENT="fred"/><SP WIDTH="24" VPOS="1405" HPOS="418"/>
							<String ID="string_200" HPOS="442" VPOS="1405" WIDTH="58" HEIGHT="30" WC="0.96" CONTENT="vid"/><SP WIDTH="26" VPOS="1405" HPOS="500"/>
							<String ID="string_201" HPOS="526" VPOS="1404" WIDTH="187" HEIGHT="39" WC="0.96" CONTENT="Göteborgs"/><SP WIDTH="26" VPOS="1404" HPOS="713"/>
							<String ID="string_202" HPOS="739" VPOS="1405" WIDTH="65" HEIGHT="29" WC="0.96" CONTENT="och"/><SP WIDTH="25" VPOS="1405" HPOS="804"/>
							<String ID="string_203" HPOS="829" VPOS="1404" WIDTH="117" HEIGHT="29" WC="0.96" CONTENT="Bohus"/><SP WIDTH="27" VPOS="1404" HPOS="946"/>
							<String ID="string_204" HPOS="973" VPOS="1405" WIDTH="91" HEIGHT="28" WC="0.96" CONTENT="samt"/><SP WIDTH="25" VPOS="1405" HPOS="1064"/>
							<String ID="string_205" HPOS="1089" VPOS="1403" WIDTH="169" HEIGHT="30" WC="0.91" CONTENT="Hallands"/><SP WIDTH="27" VPOS="1403" HPOS="1258"/>
							<String ID="string_206" HPOS="1285" VPOS="1402" WIDTH="323" HEIGHT="30" WC="0.91" CONTENT="försvarsområden"/>
						</TextLine>
						<TextLine ID="line_23" HPOS="123" VPOS="1456" WIDTH="1485" HEIGHT="42">
							<String ID="string_207" HPOS="123" VPOS="1459" WIDTH="110" HEIGHT="39" WC="0.96" CONTENT="jämte"/><SP WIDTH="19" VPOS="1459" HPOS="233"/>
							<String ID="string_208" HPOS="252" VPOS="1459" WIDTH="187" HEIGHT="39" WC="0.93" CONTENT="Göteborgs"/><SP WIDTH="19" VPOS="1459" HPOS="439"/>
							<String ID="string_209" HPOS="458" VPOS="1458" WIDTH="370" HEIGHT="30" WC="0.91" CONTENT="kustartilleriförsvar"/><SP WIDTH="19" VPOS="1458" HPOS="828"/>
							<String ID="string_210" HPOS="847" VPOS="1457" WIDTH="147" HEIGHT="30" WC="0.92" CONTENT="föreslår"/><SP WIDTH="19" VPOS="1457" HPOS="994"/>
							<String ID="string_211" HPOS="1013" VPOS="1456" WIDTH="395" HEIGHT="40" WC="0.90" CONTENT="departementschefen,"/><SP WIDTH="22" VPOS="1456" HPOS="1408"/>
							<String ID="string_212" HPOS="1430" VPOS="1456" WIDTH="103" HEIGHT="30" WC="0.93" CONTENT="såvitt"/><SP WIDTH="20" VPOS="1456" HPOS="1533"/>
							<String ID="string_213" HPOS="1553" VPOS="1465" WIDTH="55" HEIGHT="21" WC="0.92" CONTENT="av-"/>
						</TextLine>
						<TextLine ID="line_24" HPOS="126" VPOS="1509" WIDTH="1482" HEIGHT="42">
							<String ID="string_214" HPOS="126" VPOS="1521" WIDTH="54" HEIGHT="21" WC="0.96" CONTENT="ser"/><SP WIDTH="16" VPOS="1521" HPOS="180"/>
							<String ID="string_215" HPOS="196" VPOS="1513" WIDTH="176" HEIGHT="29" WC="0.96" CONTENT="ordinarie"/><SP WIDTH="17" VPOS="1513" HPOS="372"/>
							<String ID="string_216" HPOS="389" VPOS="1512" WIDTH="215" HEIGHT="39" WC="0.96" CONTENT="tjänstemän"/><SP WIDTH="16" VPOS="1512" HPOS="604"/>
							<String ID="string_217" HPOS="620" VPOS="1511" WIDTH="64" HEIGHT="29" WC="0.96" CONTENT="och"/><SP WIDTH="19" VPOS="1511" HPOS="684"/>
							<String ID="string_218" HPOS="703" VPOS="1511" WIDTH="130" HEIGHT="30" WC="0.93" CONTENT="militär"/><SP WIDTH="18" VPOS="1511" HPOS="833"/>
							<String ID="string_219" HPOS="851" VPOS="1510" WIDTH="309" HEIGHT="39" WC="0.90" CONTENT="arvodespersonal"/><SP WIDTH="17" VPOS="1510" HPOS="1160"/>
							<String ID="string_220" HPOS="1177" VPOS="1510" WIDTH="58" HEIGHT="29" WC="0.96" CONTENT="vid"/><SP WIDTH="18" VPOS="1510" HPOS="1235"/>
							<String ID="string_221" HPOS="1253" VPOS="1509" WIDTH="170" HEIGHT="35" WC="0.96" CONTENT="marinen,"/><SP WIDTH="18" VPOS="1509" HPOS="1423"/>
							<String ID="string_222" HPOS="1441" VPOS="1509" WIDTH="167" HEIGHT="39" WC="0.96" CONTENT="följande."/>
						</TextLine>
						<TextLine ID="line_25" HPOS="126" VPOS="1562" WIDTH="1483" HEIGHT="42">
							<String ID="string_223" HPOS="126" VPOS="1565" WIDTH="51" HEIGHT="29" WC="0.96" CONTENT="En"/><SP WIDTH="23" VPOS="1565" HPOS="177"/>
							<String ID="string_224" HPOS="200" VPOS="1565" WIDTH="211" HEIGHT="39" WC="0.95" CONTENT="beställning"/><SP WIDTH="24" VPOS="1565" HPOS="411"/>
							<String ID="string_225" HPOS="435" VPOS="1565" WIDTH="54" HEIGHT="29" WC="0.96" CONTENT="för"/><SP WIDTH="25" VPOS="1565" HPOS="489"/>
							<String ID="string_226" HPOS="514" VPOS="1565" WIDTH="128" HEIGHT="39" WC="0.96" CONTENT="kapten"/><SP WIDTH="26" VPOS="1565" HPOS="642"/>
							<String ID="string_227" HPOS="668" VPOS="1564" WIDTH="10" HEIGHT="29" WC="0.96" CONTENT="i"/><SP WIDTH="24" VPOS="1564" HPOS="678"/>
							<String ID="string_228" HPOS="702" VPOS="1564" WIDTH="50" HEIGHT="29" WC="0.96" CONTENT="Ao"/><SP WIDTH="14" VPOS="1564" HPOS="752"/>
							<String ID="string_229" HPOS="766" VPOS="1564" WIDTH="38" HEIGHT="29" WC="0.96" CONTENT="21"/><SP WIDTH="26" VPOS="1564" HPOS="804"/>
							<String ID="string_230" HPOS="830" VPOS="1564" WIDTH="57" HEIGHT="29" WC="0.96" CONTENT="vid"/><SP WIDTH="25" VPOS="1564" HPOS="887"/>
							<String ID="string_231" HPOS="912" VPOS="1563" WIDTH="276" HEIGHT="34" WC="0.96" CONTENT="kustartilleriet,"/><SP WIDTH="25" VPOS="1563" HPOS="1188"/>
							<String ID="string_232" HPOS="1213" VPOS="1563" WIDTH="81" HEIGHT="30" WC="0.96" CONTENT="chef"/><SP WIDTH="25" VPOS="1563" HPOS="1294"/>
							<String ID="string_233" HPOS="1319" VPOS="1563" WIDTH="54" HEIGHT="29" WC="0.93" CONTENT="för"/><SP WIDTH="26" VPOS="1563" HPOS="1373"/>
							<String ID="string_234" HPOS="1399" VPOS="1562" WIDTH="210" HEIGHT="31" WC="0.90" CONTENT="stabsavdel-"/>
						</TextLine>
						<TextLine ID="line_26" HPOS="126" VPOS="1616" WIDTH="1483" HEIGHT="42">
							<String ID="string_235" HPOS="126" VPOS="1619" WIDTH="138" HEIGHT="39" WC="0.96" CONTENT="ningen,"/><SP WIDTH="23" VPOS="1619" HPOS="264"/>
							<String ID="string_236" HPOS="287" VPOS="1619" WIDTH="159" HEIGHT="29" WC="0.96" CONTENT="inrättas."/><SP WIDTH="22" VPOS="1619" HPOS="446"/>
							<String ID="string_237" HPOS="468" VPOS="1618" WIDTH="66" HEIGHT="30" WC="0.96" CONTENT="Vid"/><SP WIDTH="23" VPOS="1618" HPOS="534"/>
							<String ID="string_238" HPOS="557" VPOS="1618" WIDTH="265" HEIGHT="29" WC="0.95" CONTENT="kustartilleriet"/><SP WIDTH="22" VPOS="1618" HPOS="822"/>
							<String ID="string_239" HPOS="844" VPOS="1618" WIDTH="61" HEIGHT="29" WC="0.96" CONTENT="bör"/><SP WIDTH="22" VPOS="1618" HPOS="905"/>
							<String ID="string_240" HPOS="927" VPOS="1617" WIDTH="198" HEIGHT="29" WC="0.95" CONTENT="tillkomma"/><SP WIDTH="23" VPOS="1617" HPOS="1125"/>
							<String ID="string_241" HPOS="1148" VPOS="1617" WIDTH="17" HEIGHT="29" WC="0.95" CONTENT="2"/><SP WIDTH="24" VPOS="1617" HPOS="1165"/>
							<String ID="string_242" HPOS="1189" VPOS="1616" WIDTH="251" HEIGHT="39" WC="0.95" CONTENT="beställningar"/><SP WIDTH="23" VPOS="1616" HPOS="1440"/>
							<String ID="string_243" HPOS="1463" VPOS="1616" WIDTH="55" HEIGHT="30" WC="0.93" CONTENT="för"/><SP WIDTH="22" VPOS="1616" HPOS="1518"/>
							<String ID="string_244" HPOS="1540" VPOS="1616" WIDTH="69" HEIGHT="29" WC="0.92" CONTENT="för-"/>
						</TextLine>
						<TextLine ID="line_27" HPOS="126" VPOS="1669" WIDTH="1483" HEIGHT="40">
							<String ID="string_245" HPOS="126" VPOS="1673" WIDTH="131" HEIGHT="29" WC="0.91" CONTENT="valtare"/><SP WIDTH="30" VPOS="1673" HPOS="257"/>
							<String ID="string_246" HPOS="287" VPOS="1672" WIDTH="10" HEIGHT="29" WC="0.96" CONTENT="i"/><SP WIDTH="30" VPOS="1672" HPOS="297"/>
							<String ID="string_247" HPOS="327" VPOS="1672" WIDTH="50" HEIGHT="29" WC="0.49" CONTENT="Ao"/><SP WIDTH="16" VPOS="1672" HPOS="377"/>
							<String ID="string_248" HPOS="393" VPOS="1672" WIDTH="49" HEIGHT="34" WC="0.49" CONTENT="15,"/><SP WIDTH="31" VPOS="1672" HPOS="442"/>
							<String ID="string_249" HPOS="473" VPOS="1672" WIDTH="125" HEIGHT="29" WC="0.96" CONTENT="medan"/><SP WIDTH="30" VPOS="1672" HPOS="598"/>
							<String ID="string_250" HPOS="628" VPOS="1681" WIDTH="42" HEIGHT="20" WC="0.93" CONTENT="en"/><SP WIDTH="30" VPOS="1681" HPOS="670"/>
							<String ID="string_251" HPOS="700" VPOS="1671" WIDTH="381" HEIGHT="38" WC="0.91" CONTENT="förvaltarbeställning"/><SP WIDTH="29" VPOS="1671" HPOS="1081"/>
							<String ID="string_252" HPOS="1110" VPOS="1670" WIDTH="10" HEIGHT="29" WC="0.96" CONTENT="i"/><SP WIDTH="30" VPOS="1670" HPOS="1120"/>
							<String ID="string_253" HPOS="1150" VPOS="1671" WIDTH="49" HEIGHT="28" WC="0.18" CONTENT="Ao"/><SP WIDTH="16" VPOS="1671" HPOS="1199"/>
							<String ID="string_254" HPOS="1215" VPOS="1670" WIDTH="39" HEIGHT="29" WC="0.18" CONTENT="17"/><SP WIDTH="31" VPOS="1670" HPOS="1254"/>
							<String ID="string_255" HPOS="1285" VPOS="1670" WIDTH="70" HEIGHT="29" WC="0.93" CONTENT="kan"/><SP WIDTH="30" VPOS="1670" HPOS="1355"/>
							<String ID="string_256" HPOS="1385" VPOS="1669" WIDTH="174" HEIGHT="40" WC="0.85" CONTENT="indragas."/><SP WIDTH="32" VPOS="1669" HPOS="1559"/>
							<String ID="string_257" HPOS="1591" VPOS="1669" WIDTH="18" HEIGHT="29" WC="0.96" CONTENT="5"/>
						</TextLine>
						<TextLine ID="line_28" HPOS="127" VPOS="1723" WIDTH="1483" HEIGHT="41">
							<String ID="string_258" HPOS="127" VPOS="1725" WIDTH="385" HEIGHT="39" WC="0.91" CONTENT="arvodesbefattningar"/><SP WIDTH="26" VPOS="1725" HPOS="512"/>
							<String ID="string_259" HPOS="538" VPOS="1725" WIDTH="53" HEIGHT="30" WC="0.96" CONTENT="för"/><SP WIDTH="25" VPOS="1725" HPOS="591"/>
							<String ID="string_260" HPOS="616" VPOS="1724" WIDTH="232" HEIGHT="40" WC="0.96" CONTENT="pensionerad"/><SP WIDTH="26" VPOS="1724" HPOS="848"/>
							<String ID="string_261" HPOS="874" VPOS="1723" WIDTH="238" HEIGHT="31" WC="0.96" CONTENT="underofficer"/><SP WIDTH="26" VPOS="1723" HPOS="1112"/>
							<String ID="string_262" HPOS="1138" VPOS="1724" WIDTH="10" HEIGHT="29" WC="0.93" CONTENT="i"/><SP WIDTH="25" VPOS="1724" HPOS="1148"/>
							<String ID="string_263" HPOS="1173" VPOS="1724" WIDTH="43" HEIGHT="28" WC="0.89" CONTENT="A:"/><SP WIDTH="19" VPOS="1724" HPOS="1216"/>
							<String ID="string_264" HPOS="1235" VPOS="1723" WIDTH="38" HEIGHT="30" WC="0.96" CONTENT="17"/><SP WIDTH="27" VPOS="1723" HPOS="1273"/>
							<String ID="string_265" HPOS="1300" VPOS="1723" WIDTH="223" HEIGHT="30" WC="0.93" CONTENT="tillkommer."/><SP WIDTH="27" VPOS="1723" HPOS="1523"/>
							<String ID="string_266" HPOS="1550" VPOS="1723" WIDTH="60" HEIGHT="29" WC="0.93" CONTENT="Be-"/>
						</TextLine>
						<TextLine ID="line_29" HPOS="126" VPOS="1776" WIDTH="1485" HEIGHT="42">
							<String ID="string_267" HPOS="126" VPOS="1779" WIDTH="103" HEIGHT="29" WC="0.96" CONTENT="hovet"/><SP WIDTH="15" VPOS="1779" HPOS="229"/>
							<String ID="string_268" HPOS="244" VPOS="1788" WIDTH="42" HEIGHT="20" WC="0.96" CONTENT="av"/><SP WIDTH="15" VPOS="1788" HPOS="286"/>
							<String ID="string_269" HPOS="301" VPOS="1778" WIDTH="199" HEIGHT="40" WC="0.96" CONTENT="ytterligare"/><SP WIDTH="16" VPOS="1778" HPOS="500"/>
							<String ID="string_270" HPOS="516" VPOS="1787" WIDTH="42" HEIGHT="20" WC="0.96" CONTENT="en"/><SP WIDTH="17" VPOS="1787" HPOS="558"/>
							<String ID="string_271" HPOS="575" VPOS="1778" WIDTH="117" HEIGHT="29" WC="0.96" CONTENT="läkare"/><SP WIDTH="18" VPOS="1778" HPOS="692"/>
							<String ID="string_272" HPOS="710" VPOS="1778" WIDTH="53" HEIGHT="29" WC="0.96" CONTENT="för"/><SP WIDTH="18" VPOS="1778" HPOS="763"/>
							<String ID="string_273" HPOS="781" VPOS="1777" WIDTH="264" HEIGHT="30" WC="0.96" CONTENT="kustartilleriet"/><SP WIDTH="17" VPOS="1777" HPOS="1045"/>
							<String ID="string_274" HPOS="1062" VPOS="1777" WIDTH="146" HEIGHT="30" WC="0.93" CONTENT="föreslår"/><SP WIDTH="18" VPOS="1777" HPOS="1208"/>
							<String ID="string_275" HPOS="1226" VPOS="1776" WIDTH="385" HEIGHT="40" WC="0.90" CONTENT="departementschefen"/>
						</TextLine>
						<TextLine ID="line_30" HPOS="127" VPOS="1829" WIDTH="1484" HEIGHT="42">
							<String ID="string_276" HPOS="127" VPOS="1832" WIDTH="88" HEIGHT="29" WC="0.96" CONTENT="skall"/><SP WIDTH="23" VPOS="1832" HPOS="215"/>
							<String ID="string_277" HPOS="238" VPOS="1831" WIDTH="199" HEIGHT="40" WC="0.96" CONTENT="tillgodoses"/><SP WIDTH="21" VPOS="1831" HPOS="437"/>
							<String ID="string_278" HPOS="458" VPOS="1839" WIDTH="124" HEIGHT="31" WC="0.93" CONTENT="genom"/><SP WIDTH="20" VPOS="1839" HPOS="582"/>
							<String ID="string_279" HPOS="602" VPOS="1830" WIDTH="319" HEIGHT="40" WC="0.91" CONTENT="ianspråktagande"/><SP WIDTH="22" VPOS="1830" HPOS="921"/>
							<String ID="string_280" HPOS="943" VPOS="1839" WIDTH="41" HEIGHT="21" WC="0.96" CONTENT="av"/><SP WIDTH="22" VPOS="1839" HPOS="984"/>
							<String ID="string_281" HPOS="1006" VPOS="1839" WIDTH="41" HEIGHT="20" WC="0.96" CONTENT="en"/><SP WIDTH="23" VPOS="1839" HPOS="1047"/>
							<String ID="string_282" HPOS="1070" VPOS="1829" WIDTH="210" HEIGHT="39" WC="0.96" CONTENT="beställning"/><SP WIDTH="21" VPOS="1829" HPOS="1280"/>
							<String ID="string_283" HPOS="1301" VPOS="1829" WIDTH="54" HEIGHT="30" WC="0.93" CONTENT="för"/><SP WIDTH="21" VPOS="1829" HPOS="1355"/>
							<String ID="string_284" HPOS="1376" VPOS="1829" WIDTH="235" HEIGHT="30" WC="0.92" CONTENT="marinläkare"/>
						</TextLine>
						<TextLine ID="line_31" HPOS="128" VPOS="1882" WIDTH="1484" HEIGHT="41">
							<String ID="string_285" HPOS="128" VPOS="1893" WIDTH="41" HEIGHT="21" WC="0.96" CONTENT="av"/><SP WIDTH="34" VPOS="1893" HPOS="169"/>
							<String ID="string_286" HPOS="203" VPOS="1885" WIDTH="26" HEIGHT="29" WC="0.94" CONTENT="1."/><SP WIDTH="22" VPOS="1885" HPOS="229"/>
							<String ID="string_287" HPOS="251" VPOS="1884" WIDTH="129" HEIGHT="39" WC="0.96" CONTENT="graden"/><SP WIDTH="32" VPOS="1884" HPOS="380"/>
							<String ID="string_288" HPOS="412" VPOS="1885" WIDTH="10" HEIGHT="28" WC="0.93" CONTENT="i"/><SP WIDTH="33" VPOS="1885" HPOS="422"/>
							<String ID="string_289" HPOS="455" VPOS="1884" WIDTH="104" HEIGHT="29" WC="0.29" CONTENT="A0o19"/><SP WIDTH="32" VPOS="1884" HPOS="559"/>
							<String ID="string_290" HPOS="591" VPOS="1883" WIDTH="57" HEIGHT="30" WC="0.93" CONTENT="vid"/><SP WIDTH="31" VPOS="1883" HPOS="648"/>
							<String ID="string_291" HPOS="679" VPOS="1882" WIDTH="338" HEIGHT="34" WC="0.90" CONTENT="marinläkarkåren,"/><SP WIDTH="34" VPOS="1882" HPOS="1017"/>
							<String ID="string_292" HPOS="1051" VPOS="1891" WIDTH="73" HEIGHT="20" WC="0.94" CONTENT="som"/><SP WIDTH="34" VPOS="1891" HPOS="1124"/>
							<String ID="string_293" HPOS="1158" VPOS="1882" WIDTH="146" HEIGHT="38" WC="0.94" CONTENT="tidigare"/><SP WIDTH="32" VPOS="1882" HPOS="1304"/>
							<String ID="string_294" HPOS="1336" VPOS="1882" WIDTH="189" HEIGHT="39" WC="0.96" CONTENT="utnyttjats"/><SP WIDTH="32" VPOS="1882" HPOS="1525"/>
							<String ID="string_295" HPOS="1557" VPOS="1882" WIDTH="55" HEIGHT="29" WC="0.96" CONTENT="för"/>
						</TextLine>
						<TextLine ID="line_32" HPOS="128" VPOS="1936" WIDTH="449" HEIGHT="31">
							<String ID="string_296" HPOS="128" VPOS="1937" WIDTH="330" HEIGHT="30" WC="0.91" CONTENT="marinkommando"/><SP WIDTH="24" VPOS="1937" HPOS="458"/>
							<String ID="string_297" HPOS="482" VPOS="1936" WIDTH="95" HEIGHT="30" WC="0.96" CONTENT="Väst."/>
						</TextLine>
					</TextBlock>
				</ComposedBlock>
				<ComposedBlock ID="cblock_3" HPOS="130" VPOS="2041" WIDTH="1486" HEIGHT="466">
					<TextBlock ID="block_7" HPOS="130" VPOS="2041" WIDTH="1486" HEIGHT="466">
						<TextLine ID="line_33" HPOS="185" VPOS="2041" WIDTH="1427" HEIGHT="40">
							<String ID="string_298" HPOS="185" VPOS="2044" WIDTH="11" HEIGHT="29" WC="0.96" CONTENT="I"/><SP WIDTH="40" VPOS="2044" HPOS="196"/>
							<String ID="string_299" HPOS="236" VPOS="2044" WIDTH="95" HEIGHT="29" WC="0.96" CONTENT="detta"/><SP WIDTH="39" VPOS="2044" HPOS="331"/>
							<String ID="string_300" HPOS="370" VPOS="2043" WIDTH="254" HEIGHT="38" WC="0.96" CONTENT="sammanhang"/><SP WIDTH="40" VPOS="2043" HPOS="624"/>
							<String ID="string_301" HPOS="664" VPOS="2042" WIDTH="156" HEIGHT="30" WC="0.93" CONTENT="anmäler"/><SP WIDTH="41" VPOS="2042" HPOS="820"/>
							<String ID="string_302" HPOS="861" VPOS="2041" WIDTH="396" HEIGHT="40" WC="0.90" CONTENT="departementschefen,"/><SP WIDTH="44" VPOS="2041" HPOS="1257"/>
							<String ID="string_303" HPOS="1301" VPOS="2043" WIDTH="50" HEIGHT="28" WC="0.96" CONTENT="att"/><SP WIDTH="41" VPOS="2043" HPOS="1351"/>
							<String ID="string_304" HPOS="1392" VPOS="2041" WIDTH="123" HEIGHT="30" WC="0.95" CONTENT="chefen"/><SP WIDTH="43" VPOS="2041" HPOS="1515"/>
							<String ID="string_305" HPOS="1558" VPOS="2041" WIDTH="54" HEIGHT="30" WC="0.96" CONTENT="för"/>
						</TextLine>
						<TextLine ID="line_34" HPOS="130" VPOS="2094" WIDTH="1483" HEIGHT="41">
							<String ID="string_306" HPOS="130" VPOS="2098" WIDTH="159" HEIGHT="28" WC="0.96" CONTENT="marinen"/><SP WIDTH="24" VPOS="2098" HPOS="289"/>
							<String ID="string_307" HPOS="313" VPOS="2096" WIDTH="43" HEIGHT="39" WC="0.96" CONTENT="på"/><SP WIDTH="24" VPOS="2096" HPOS="356"/>
							<String ID="string_308" HPOS="380" VPOS="2096" WIDTH="169" HEIGHT="39" WC="0.96" CONTENT="grundval"/><SP WIDTH="25" VPOS="2096" HPOS="549"/>
							<String ID="string_309" HPOS="574" VPOS="2105" WIDTH="40" HEIGHT="20" WC="0.96" CONTENT="av"/><SP WIDTH="25" VPOS="2105" HPOS="614"/>
							<String ID="string_310" HPOS="639" VPOS="2098" WIDTH="131" HEIGHT="27" WC="0.93" CONTENT="statens"/><SP WIDTH="25" VPOS="2098" HPOS="770"/>
							<String ID="string_311" HPOS="795" VPOS="2095" WIDTH="410" HEIGHT="39" WC="0.91" CONTENT="organisationsnämnds"/><SP WIDTH="25" VPOS="2095" HPOS="1205"/>
							<String ID="string_312" HPOS="1230" VPOS="2094" WIDTH="303" HEIGHT="39" WC="0.93" CONTENT="undersökningar"/><SP WIDTH="24" VPOS="2094" HPOS="1533"/>
							<String ID="string_313" HPOS="1557" VPOS="2103" WIDTH="56" HEIGHT="20" WC="0.92" CONTENT="av-"/>
						</TextLine>
						<TextLine ID="line_35" HPOS="130" VPOS="2147" WIDTH="1483" HEIGHT="41">
							<String ID="string_314" HPOS="130" VPOS="2150" WIDTH="83" HEIGHT="38" WC="0.96" CONTENT="givit"/><SP WIDTH="30" VPOS="2150" HPOS="213"/>
							<String ID="string_315" HPOS="243" VPOS="2150" WIDTH="130" HEIGHT="38" WC="0.96" CONTENT="förslag"/><SP WIDTH="30" VPOS="2150" HPOS="373"/>
							<String ID="string_316" HPOS="403" VPOS="2149" WIDTH="147" HEIGHT="29" WC="0.96" CONTENT="rörande"/><SP WIDTH="30" VPOS="2149" HPOS="550"/>
							<String ID="string_317" HPOS="580" VPOS="2158" WIDTH="44" HEIGHT="29" WC="0.96" CONTENT="ny"/><SP WIDTH="30" VPOS="2158" HPOS="624"/>
							<String ID="string_318" HPOS="654" VPOS="2148" WIDTH="237" HEIGHT="39" WC="0.96" CONTENT="organisation"/><SP WIDTH="30" VPOS="2148" HPOS="891"/>
							<String ID="string_319" HPOS="921" VPOS="2157" WIDTH="41" HEIGHT="19" WC="0.96" CONTENT="av"/><SP WIDTH="30" VPOS="2157" HPOS="962"/>
							<String ID="string_320" HPOS="992" VPOS="2148" WIDTH="128" HEIGHT="29" WC="0.92" CONTENT="Hemsö"/><SP WIDTH="31" VPOS="2148" HPOS="1120"/>
							<String ID="string_321" HPOS="1151" VPOS="2147" WIDTH="369" HEIGHT="30" WC="0.92" CONTENT="kustartilleriförsvar"/><SP WIDTH="30" VPOS="2147" HPOS="1520"/>
							<String ID="string_322" HPOS="1550" VPOS="2147" WIDTH="63" HEIGHT="29" WC="0.96" CONTENT="och"/>
						</TextLine>
						<TextLine ID="line_36" HPOS="131" VPOS="2200" WIDTH="1481" HEIGHT="39">
							<String ID="string_323" HPOS="131" VPOS="2203" WIDTH="228" HEIGHT="30" WC="0.91" CONTENT="Härnösands"/><SP WIDTH="27" VPOS="2203" HPOS="359"/>
							<String ID="string_324" HPOS="386" VPOS="2202" WIDTH="305" HEIGHT="30" WC="0.89" CONTENT="kustartillerikår."/><SP WIDTH="29" VPOS="2202" HPOS="691"/>
							<String ID="string_325" HPOS="720" VPOS="2202" WIDTH="101" HEIGHT="28" WC="0.96" CONTENT="Detta"/><SP WIDTH="28" VPOS="2202" HPOS="821"/>
							<String ID="string_326" HPOS="849" VPOS="2201" WIDTH="130" HEIGHT="38" WC="0.96" CONTENT="förslag"/><SP WIDTH="27" VPOS="2201" HPOS="979"/>
							<String ID="string_327" HPOS="1006" VPOS="2202" WIDTH="37" HEIGHT="28" WC="0.96" CONTENT="är"/><SP WIDTH="28" VPOS="2202" HPOS="1043"/>
							<String ID="string_328" HPOS="1071" VPOS="2200" WIDTH="151" HEIGHT="39" WC="0.95" CONTENT="alltjämt"/><SP WIDTH="27" VPOS="2200" HPOS="1222"/>
							<String ID="string_329" HPOS="1249" VPOS="2200" WIDTH="111" HEIGHT="30" WC="0.96" CONTENT="under"/><SP WIDTH="27" VPOS="2200" HPOS="1360"/>
							<String ID="string_330" HPOS="1387" VPOS="2200" WIDTH="189" HEIGHT="39" WC="0.96" CONTENT="beredning"/><SP WIDTH="27" VPOS="2200" HPOS="1576"/>
							<String ID="string_331" HPOS="1603" VPOS="2200" WIDTH="9" HEIGHT="29" WC="0.96" CONTENT="i"/>
						</TextLine>
						<TextLine ID="line_37" HPOS="132" VPOS="2253" WIDTH="1482" HEIGHT="41">
							<String ID="string_332" HPOS="132" VPOS="2256" WIDTH="442" HEIGHT="38" WC="0.91" CONTENT="försvarsdepartementet."/><SP WIDTH="29" VPOS="2256" HPOS="574"/>
							<String ID="string_333" HPOS="603" VPOS="2253" WIDTH="394" HEIGHT="39" WC="0.91" CONTENT="Departementschefen"/><SP WIDTH="27" VPOS="2253" HPOS="997"/>
							<String ID="string_334" HPOS="1024" VPOS="2262" WIDTH="102" HEIGHT="20" WC="0.96" CONTENT="anser"/><SP WIDTH="28" VPOS="2262" HPOS="1126"/>
							<String ID="string_335" HPOS="1154" VPOS="2253" WIDTH="50" HEIGHT="38" WC="0.96" CONTENT="sig"/><SP WIDTH="28" VPOS="2253" HPOS="1204"/>
							<String ID="string_336" HPOS="1232" VPOS="2253" WIDTH="89" HEIGHT="29" WC="0.96" CONTENT="dock"/><SP WIDTH="28" VPOS="2253" HPOS="1321"/>
							<String ID="string_337" HPOS="1349" VPOS="2253" WIDTH="9" HEIGHT="28" WC="0.96" CONTENT="i"/><SP WIDTH="28" VPOS="2253" HPOS="1358"/>
							<String ID="string_338" HPOS="1386" VPOS="2253" WIDTH="228" HEIGHT="30" WC="0.96" CONTENT="förevarande"/>
						</TextLine>
						<TextLine ID="line_38" HPOS="132" VPOS="2305" WIDTH="1483" HEIGHT="42">
							<String ID="string_339" HPOS="132" VPOS="2308" WIDTH="256" HEIGHT="39" WC="0.95" CONTENT="sammanhang"/><SP WIDTH="21" VPOS="2308" HPOS="388"/>
							<String ID="string_340" HPOS="409" VPOS="2308" WIDTH="120" HEIGHT="29" WC="0.96" CONTENT="kunna"/><SP WIDTH="23" VPOS="2308" HPOS="529"/>
							<String ID="string_341" HPOS="552" VPOS="2309" WIDTH="34" HEIGHT="27" WC="0.96" CONTENT="ta"/><SP WIDTH="23" VPOS="2309" HPOS="586"/>
							<String ID="string_342" HPOS="609" VPOS="2306" WIDTH="165" HEIGHT="38" WC="0.96" CONTENT="ställning"/><SP WIDTH="23" VPOS="2306" HPOS="774"/>
							<String ID="string_343" HPOS="797" VPOS="2306" WIDTH="51" HEIGHT="29" WC="0.96" CONTENT="till"/><SP WIDTH="23" VPOS="2306" HPOS="848"/>
							<String ID="string_344" HPOS="871" VPOS="2307" WIDTH="9" HEIGHT="28" WC="0.96" CONTENT="i"/><SP WIDTH="24" VPOS="2307" HPOS="880"/>
							<String ID="string_345" HPOS="904" VPOS="2306" WIDTH="166" HEIGHT="38" WC="0.96" CONTENT="förslaget"/><SP WIDTH="23" VPOS="2306" HPOS="1070"/>
							<String ID="string_346" HPOS="1093" VPOS="2305" WIDTH="146" HEIGHT="30" WC="0.96" CONTENT="berörda"/><SP WIDTH="24" VPOS="2305" HPOS="1239"/>
							<String ID="string_347" HPOS="1263" VPOS="2305" WIDTH="127" HEIGHT="39" WC="0.96" CONTENT="frågor,"/><SP WIDTH="24" VPOS="2305" HPOS="1390"/>
							<String ID="string_348" HPOS="1414" VPOS="2305" WIDTH="126" HEIGHT="30" WC="0.93" CONTENT="främst"/><SP WIDTH="23" VPOS="2305" HPOS="1540"/>
							<String ID="string_349" HPOS="1563" VPOS="2305" WIDTH="52" HEIGHT="30" WC="0.92" CONTENT="så-"/>
						</TextLine>
						<TextLine ID="line_39" HPOS="132" VPOS="2358" WIDTH="1484" HEIGHT="41">
							<String ID="string_350" HPOS="132" VPOS="2362" WIDTH="91" HEIGHT="29" WC="0.96" CONTENT="dana"/><SP WIDTH="29" VPOS="2362" HPOS="223"/>
							<String ID="string_351" HPOS="252" VPOS="2370" WIDTH="74" HEIGHT="20" WC="0.96" CONTENT="som"/><SP WIDTH="33" VPOS="2370" HPOS="326"/>
							<String ID="string_352" HPOS="359" VPOS="2360" WIDTH="160" HEIGHT="30" WC="0.96" CONTENT="inverkar"/><SP WIDTH="29" VPOS="2360" HPOS="519"/>
							<String ID="string_353" HPOS="548" VPOS="2360" WIDTH="43" HEIGHT="39" WC="0.96" CONTENT="på"/><SP WIDTH="30" VPOS="2360" HPOS="591"/>
							<String ID="string_354" HPOS="621" VPOS="2359" WIDTH="145" HEIGHT="30" WC="0.96" CONTENT="behovet"/><SP WIDTH="30" VPOS="2359" HPOS="766"/>
							<String ID="string_355" HPOS="796" VPOS="2368" WIDTH="40" HEIGHT="20" WC="0.96" CONTENT="av"/><SP WIDTH="29" VPOS="2368" HPOS="836"/>
							<String ID="string_356" HPOS="865" VPOS="2358" WIDTH="175" HEIGHT="30" WC="0.96" CONTENT="ordinarie"/><SP WIDTH="31" VPOS="2358" HPOS="1040"/>
							<String ID="string_357" HPOS="1071" VPOS="2358" WIDTH="149" HEIGHT="39" WC="0.96" CONTENT="tjänster"/><SP WIDTH="29" VPOS="2358" HPOS="1220"/>
							<String ID="string_358" HPOS="1249" VPOS="2359" WIDTH="65" HEIGHT="29" WC="0.91" CONTENT="och"/><SP WIDTH="30" VPOS="2359" HPOS="1314"/>
							<String ID="string_359" HPOS="1344" VPOS="2358" WIDTH="272" HEIGHT="30" WC="0.91" CONTENT="arvodesbefatt-"/>
						</TextLine>
						<TextLine ID="line_40" HPOS="133" VPOS="2411" WIDTH="1482" HEIGHT="43">
							<String ID="string_360" HPOS="133" VPOS="2416" WIDTH="124" HEIGHT="38" WC="0.96" CONTENT="ningar"/><SP WIDTH="20" VPOS="2416" HPOS="257"/>
							<String ID="string_361" HPOS="277" VPOS="2415" WIDTH="54" HEIGHT="29" WC="0.96" CONTENT="för"/><SP WIDTH="19" VPOS="2415" HPOS="331"/>
							<String ID="string_362" HPOS="350" VPOS="2413" WIDTH="229" HEIGHT="39" WC="0.96" CONTENT="pensionerad"/><SP WIDTH="23" VPOS="2413" HPOS="579"/>
							<String ID="string_363" HPOS="602" VPOS="2412" WIDTH="129" HEIGHT="30" WC="0.96" CONTENT="militär"/><SP WIDTH="20" VPOS="2412" HPOS="731"/>
							<String ID="string_364" HPOS="751" VPOS="2412" WIDTH="172" HEIGHT="39" WC="0.93" CONTENT="personal."/><SP WIDTH="22" VPOS="2412" HPOS="923"/>
							<String ID="string_365" HPOS="945" VPOS="2411" WIDTH="392" HEIGHT="39" WC="0.91" CONTENT="Departementschefen"/><SP WIDTH="22" VPOS="2411" HPOS="1337"/>
							<String ID="string_366" HPOS="1359" VPOS="2411" WIDTH="147" HEIGHT="30" WC="0.93" CONTENT="föreslår"/><SP WIDTH="21" VPOS="2411" HPOS="1506"/>
							<String ID="string_367" HPOS="1527" VPOS="2420" WIDTH="88" HEIGHT="21" WC="0.91" CONTENT="sam-"/>
						</TextLine>
						<TextLine ID="line_41" HPOS="133" VPOS="2464" WIDTH="1483" HEIGHT="43">
							<String ID="string_368" HPOS="133" VPOS="2468" WIDTH="96" HEIGHT="39" WC="0.93" CONTENT="tidig!"/><SP WIDTH="32" VPOS="2468" HPOS="229"/>
							<String ID="string_369" HPOS="261" VPOS="2467" WIDTH="76" HEIGHT="30" WC="0.95" CONTENT="med"/><SP WIDTH="28" VPOS="2467" HPOS="337"/>
							<String ID="string_370" HPOS="365" VPOS="2467" WIDTH="134" HEIGHT="38" WC="0.95" CONTENT="hänsyn"/><SP WIDTH="30" VPOS="2467" HPOS="499"/>
							<String ID="string_371" HPOS="529" VPOS="2466" WIDTH="49" HEIGHT="29" WC="0.95" CONTENT="till"/><SP WIDTH="27" VPOS="2466" HPOS="578"/>
							<String ID="string_372" HPOS="605" VPOS="2466" WIDTH="66" HEIGHT="29" WC="0.96" CONTENT="den"/><SP WIDTH="27" VPOS="2466" HPOS="671"/>
							<String ID="string_373" HPOS="698" VPOS="2465" WIDTH="194" HEIGHT="39" WC="0.96" CONTENT="betydande"/><SP WIDTH="29" VPOS="2465" HPOS="892"/>
							<String ID="string_374" HPOS="921" VPOS="2465" WIDTH="198" HEIGHT="38" WC="0.96" CONTENT="utbyggnad"/><SP WIDTH="29" VPOS="2465" HPOS="1119"/>
							<String ID="string_375" HPOS="1148" VPOS="2473" WIDTH="41" HEIGHT="21" WC="0.95" CONTENT="av"/><SP WIDTH="29" VPOS="2473" HPOS="1189"/>
							<String ID="string_376" HPOS="1218" VPOS="2464" WIDTH="127" HEIGHT="30" WC="0.93" CONTENT="Hemsö"/><SP WIDTH="28" VPOS="2464" HPOS="1345"/>
							<String ID="string_377" HPOS="1373" VPOS="2464" WIDTH="243" HEIGHT="30" WC="0.91" CONTENT="kustartilleri-"/>
						</TextLine>
					</TextBlock>
				</ComposedBlock>
			</PrintSpace>
		</Page>
	</Layout>
</alto>
