2272 2731
388 198 113 30 Andra
525 196 205 31 Kammarens
759 194 166 42 Tillfälliga
953 193 128 31 Utskotts
1106 192 76 41 (N:o
1204 192 29 42 1)
1264 192 160 30 Utlåtande
1447 190 61 32 N:o
1531 191 47 30 41.
1735 190 18 30 5

174 277 106 42 gande
305 275 227 42 språkämnet,
555 273 61 32 och
639 272 138 32 föreslår
799 271 211 32 motionären
1032 273 49 28 att
1104 281 41 20 en
1168 269 178 32 skrifvelse
1370 268 53 31 till
1446 267 121 42 Kongl.
1581 266 93 42 Maj:t
1687 266 108 32 skulle

175 322 11 30 i
215 320 91 32 detta
329 318 191 33 hänseende
543 317 75 32 från
639 316 195 40 Riksdagen
855 315 12 30 i
890 313 266 41 underdånighet
1178 313 124 37 aflåtas,
1326 312 77 31 med
1425 311 155 32 anhållan
1603 314 49 28 att
1673 310 123 40 Kongl.

175 364 92 41 Maj:t
288 366 103 29 måtte
414 363 68 31 låta
503 361 108 31 införa
634 359 39 32 de
696 358 233 41 förändringar
952 358 10 30 i
985 356 219 33 läroverkens
1236 355 347 41 undervisningsplan,
1610 364 71 22 som
1703 353 98 32 häraf

174 410 105 29 måsto
302 407 86 39 följa.

326 449 69 32 Det
425 454 38 26 är
485 451 80 28 utan
587 445 121 33 tvifvel
732 449 48 27 ett
802 443 296 33 kulturhistoriskt
1120 443 139 37 faktum,
1285 445 48 28 att
1355 442 115 40 hvarje
1493 440 72 32 folk
1587 440 129 31 hemtat
1738 439 60 31 och

175 494 130 30 hemtar
335 503 42 20 en
399 490 190 40 väsendtlig
613 489 53 31 del
689 489 35 31 af
743 489 52 31 sin
818 488 150 39 bildning
990 490 78 28 utur
1090 491 180 36 umgänget
1294 485 60 31 och
1376 484 200 41 beröringen
1598 483 77 32 med
1698 482 102 32 andra

175 536 79 32 folk.
300 535 68 32 Det
402 540 37 26 är
472 537 37 29 så
542 533 173 40 odlingens
750 531 61 32 och
843 530 256 40 utvecklingens
1133 529 84 32 verk
1240 529 64 31 blir
1328 532 48 27 ett
1398 528 213 31 nationernas
1635 525 164 33 samfälda

175 580 123 32 arbete.

326 622 104 31 Detta
462 619 156 33 inbördes
652 619 118 40 utbyte
794 617 35 32 af
848 616 352 41 bildningselementer
1224 615 151 40 betingar
1397 613 108 32 likväl
1528 612 268 41 nödvändigtvis,

176 671 49 26 att
255 666 113 40 hvarje
396 664 80 38 folk,
501 666 43 38 på
566 673 125 21 samma
713 665 88 37 gång
824 660 56 31 det
902 666 59 35 gör
983 660 50 39 sig
1055 659 51 31 till
1129 658 84 42 godo
1237 658 103 31 andra
1361 657 90 31 folks
1475 667 113 30 segrar
1610 659 43 38 på
1676 655 124 31 andens

178 709 141 37 område,
354 708 59 32 väl
447 706 119 33 vårdar
588 705 89 32 hvad
700 705 56 31 det
779 704 77 41 sjelf
876 714 85 30 eger.
1008 702 72 32 Och
1104 702 112 31 dertill
1239 701 60 31 hör
1322 701 27 39 ej
1374 700 85 32 blott
1481 700 89 31 hvad
1593 700 64 30 den
1679 704 121 25 närva-

186 752 91 31 kande
313 750 188 42 slägtleden
535 760 53 21 ser
620 749 52 30 för
706 748 71 31 sina
811 753 93 35 ögon,
933 751 81 26 utan
1049 745 100 32 också
1182 748 100 37 något
1305 755 69 20 som
1400 743 63 31 den
1487 743 68 31 ofta
1576 742 142 32 förbiser
1742 741 60 31 och

177 796 170 40 glömmer,
371 794 168 40 nemligen
562 792 109 31 arfvet
694 791 35 31 af
748 790 186 32 förfädrens
959 789 101 41 språk
1084 788 60 32 och
1166 787 329 40 föreställningssätt,
1521 786 116 31 sådant
1650 785 56 31 det
1717 784 85 31 före-

176 839 106 40 ligger
312 838 11 30 i
347 840 81 38 sång
452 836 60 32 och
535 846 85 30 saga,
647 835 11 30 i
682 834 80 31 häfd
786 834 60 31 och
868 833 101 40 lagar.
1013 832 69 31 Det
1105 837 37 26 är
1166 831 90 31 detta
1279 831 58 36 arf,
1363 841 70 20 som
1456 834 98 36 utgör
1576 828 152 42 grunden
1752 828 50 30 för

177 882 113 39 hvarje
320 881 89 31 folks
444 879 165 32 särskilda
631 877 168 32 nationela
822 877 160 30 karakter
1006 875 61 31 och
1090 874 138 32 dermed
1252 874 100 31 äfven
1374 875 52 29 för
1450 873 74 31 dess
1547 871 182 32 historiska
1751 875 52 27 ut-

180 924 155 40 veckling
370 923 61 31 och
464 921 209 32 närvarande
709 919 217 41 ståndpunkt.
971 918 69 31 Det
1073 923 37 25 är
1144 918 97 31 alltså
1274 927 120 30 genom
1424 921 49 26 att
1496 918 114 38 återgå
1632 915 52 30 till
1708 914 96 30 dessa

176 968 145 41 dyrbara
343 967 146 35 minnen,
515 976 70 20 som
608 964 114 39 hvarje
746 964 114 30 nation
883 962 84 31 först
1003 968 37 24 lär
1063 964 48 28 att
1134 965 68 27 rätt
1224 960 113 31 känna
1361 959 49 40 sig
1437 958 82 41 sjelf,
1548 969 41 20 en
1611 956 191 33 kännedom

178 1022 68 20 som
271 1010 69 31 kan
364 1009 60 31 och
446 1009 60 31 bör
527 1009 117 30 utöfva
667 1012 48 26 ett
737 1006 74 31 icke
835 1006 95 40 ringa
951 1004 185 42 inflytande
1159 1007 43 37 på
1224 1003 123 31 folkets
1378 1002 186 41 skaplynne
1596 1000 61 32 och
1690 1000 113 32 vidare

178 1053 198 40 utbildning.
422 1052 69 31 För
512 1051 153 31 nationer
688 1049 35 31 af
742 1054 206 36 gemensamt
970 1058 166 29 ursprung
1148 1047 128 30 medför
1290 1046 106 31 denna
1409 1048 159 37 återgång
1579 1044 53 30 till
1645 1043 39 31 de
1698 1042 107 32 äldsta

179 1097 130 31 tiderna
341 1095 174 41 ingenting
548 1105 72 20 mer
654 1093 81 31 eller
768 1092 139 37 mindre,
933 1097 42 25 än
998 1096 49 26 att
1071 1090 38 31 de
1132 1090 192 41 igenkänna
1347 1088 61 32 och
1431 1088 164 32 återfinna
1618 1085 188 33 hvarandra

179 1143 109 29 såsom
322 1139 128 36 bröder,
486 1139 99 30 äfven
619 1148 53 19 om
705 1136 107 31 under
846 1135 128 31 seklers
1008 1133 173 31 mellantid
1220 1132 249 42 syskonskapet
1502 1130 86 39 fallit
1609 1130 12 30 i
1643 1128 160 42 glömska.

179 1183 46 32 Ju
248 1183 115 40 längre
387 1181 141 32 tillbaka
550 1181 128 30 minnet
701 1178 139 32 sålunda
862 1183 145 35 tränger,
1031 1178 39 39 ju
1092 1182 154 25 närmare
1271 1175 56 31 det
1350 1175 121 31 skådar
1499 1174 55 31 det
1584 1172 108 32 äldsta
1707 1172 99 31 barn-

182 1226 249 35 domshemmet,
468 1224 92 31 desto
595 1224 81 30 flera
710 1222 128 41 syskon
871 1220 94 32 torde
990 1220 55 31 det
1067 1219 169 41 upptäcka
1257 1219 12 30 i
1293 1218 91 32 detta
1407 1217 75 32 hem
1505 1216 77 32 med
1606 1220 70 27 stor
1698 1215 109 31 likhet

181 1270 9 31 i
227 1269 39 31 de
301 1275 91 25 ännu
426 1266 216 42 outpräglade
677 1265 133 41 dragen.
858 1263 45 33 Så
937 1264 95 31 skola
1065 1263 114 31 folken
1213 1262 11 31 i
1247 1262 60 31 allt
1330 1265 105 27 större
1459 1260 133 31 kretsar
1614 1259 194 41 igenkänna

182 1312 217 41 slägtskapen
432 1311 76 31 med
541 1309 189 32 hvarandra
762 1308 50 31 uti
847 1310 202 38 återgången
1082 1306 52 31 till
1168 1306 51 30 sin
1254 1316 83 30 egen
1364 1303 227 32 nationalitets
1615 1302 99 31 källa.
1762 1300 46 33 Så

183 1356 104 31 blifva
320 1355 62 31 ock
411 1351 477 37 nationalitetssträfvandena,
924 1356 68 25 rätt
1024 1349 179 37 förstådda,
1238 1352 148 28 moment
1418 1348 12 30 i
1463 1346 259 40 brödraskapets
1747 1344 60 32 och

181 1398 143 38 fredens,
349 1408 79 21 men
450 1397 75 31 icke
548 1396 12 30 i
582 1395 238 39 fiendskapens
844 1393 61 32 och
927 1393 130 40 krigets
1081 1393 111 39 tjenst.

332 1441 52 31 De
408 1444 51 27 tre
482 1438 160 32 nordiska
664 1438 115 31 folken
802 1437 99 32 hafva
923 1436 50 31 uti
997 1436 138 31 sednare
1158 1435 88 31 tider
1267 1434 86 31 känt
1376 1434 51 40 sig
1450 1433 124 40 dragna
1597 1432 53 31 till
1666 1432 72 31 sina
1753 1442 55 29 ge-

181 1495 205 21 mensamma
418 1482 222 36 fornminnen,
677 1481 61 31 och
772 1480 95 31 deras
901 1479 169 40 bildnings
1097 1478 202 40 förkämpar,
1324 1477 360 39 vetenskapsmännen,
1708 1474 101 31 hafva

183 1526 167 42 uppdagat
372 1529 143 38 mången
538 1524 99 41 gömd
659 1523 133 37 klenod,
817 1524 12 30 i
851 1523 102 31 tanke
978 1522 60 31 och
1062 1526 65 33 ton,
1152 1521 75 31 från
1250 1521 39 31 de
1314 1520 107 31 äldsta
1443 1519 140 31 tiderna.

332 1570 109 31 Dessa
475 1568 125 32 studier
633 1567 100 32 hafva
765 1567 109 31 likväl
906 1566 89 32 varit
1027 1564 202 32 inskränkta
1263 1565 90 30 inom
1375 1562 129 41 ganska
1525 1564 120 38 trånga
1666 1560 142 37 kretsar,

183 1613 60 32 och
266 1615 37 29 så
324 1616 55 28 må
401 1623 76 20 man
500 1612 57 31 väl
580 1611 90 40 gifva
691 1610 211 31 motionären
923 1609 12 30 i
958 1609 68 31 viss
1049 1611 78 28 mån
1149 1611 69 27 rätt
1241 1607 79 37 deri,
1348 1610 67 27 "att
1436 1606 36 32 vi
1487 1608 41 38 gå
1541 1608 108 28 såsom
1658 1603 152 31 främlin-

182 1667 60 29 gar
274 1656 11 30 i
322 1658 73 29 vårt
429 1659 75 36 eget
537 1653 87 38 land,
654 1652 178 32 kännande
858 1652 74 31 dess
955 1651 126 31 forntid
1102 1650 130 32 mindre
1257 1656 43 25 än
1323 1649 55 31 det
1400 1648 109 41 gamla
1533 1646 191 33 Greklands
1749 1646 60 31 och

183 1700 133 30 Roms."

333 1740 52 32 De
410 1740 161 40 vältaliga
594 1738 69 38 ord,
686 1737 163 33 hvarmed
870 1737 211 32 motionären
1103 1735 181 33 framställt
1306 1734 199 41 botydelsen
1527 1733 36 31 af
1593 1736 49 28 ett
1668 1731 140 32 allmän-

182 1795 80 22 nare
276 1784 147 32 studium
435 1784 36 31 af
479 1783 144 31 nordens
636 1781 187 41 fornspråk,
838 1781 115 31 kunna
965 1781 27 40 ej
1007 1784 101 27 annat
1120 1785 43 26 än
1175 1779 100 31 vinna
1284 1777 151 42 genljudi
1448 1777 109 39 hvarje
1569 1774 244 33 fosterländskt

183 1829 104 31 bröst.
331 1826 81 32 Man
434 1827 61 32 bör
519 1826 41 31 då
579 1826 11 30 i
603 1825 149 40 Sverige,
781 1824 145 32 likasom
950 1823 55 31 det
1027 1823 104 31 redan
1154 1822 91 31 skett
1272 1821 6 31 i
1300 1821 112 40 Norge
1436 1819 61 32 och
1519 1818 184 37 Danmark,
1721 1818 92 30 finna

182 1871 94 31 tiden
309 1881 81 21 vara
422 1870 78 31 inne
535 1873 49 27 att
620 1875 79 34 göra
721 1868 202 39 kunskapen
947 1877 53 21 om
1023 1865 188 32 förfädrens
1234 1865 27 40 ej
1287 1864 85 32 blott
1395 1863 112 41 bragd,
1532 1866 81 27 utan
1636 1861 62 31 ock
1720 1860 93 31 hem-

184 1914 66 38 sed,
287 1913 103 41 språk
425 1913 60 31 och
518 1913 112 41 lynne,
666 1911 123 32 sådana
812 1910 39 31 de
875 1910 192 41 uppenbara
1091 1909 50 41 sig
1163 1909 11 30 i
1198 1908 39 31 de
1261 1907 108 41 gamla
1392 1917 140 30 sagorna
1555 1905 61 32 och
1640 1908 171 37 sångerna,

184 1958 51 31 till
258 1960 50 28 ett
329 1960 150 27 moment
499 1955 78 32 med
598 1955 12 31 i
633 1955 63 31 den
720 1954 167 31 allmänna
909 1952 250 32 fosterländska
1181 1950 202 41 bildningen.

336 1999 76 31 Här
428 2003 107 27 möter
560 1998 85 31 dock
667 1999 125 39 frågan,
817 1996 166 32 huruvida
1007 1996 91 31 detta
1119 1995 67 31 mål
1210 1994 86 31 skall
1319 1993 120 32 vinnas
1461 1994 43 39 på
1528 1991 55 32 det
1606 1994 68 28 sätt
1695 1990 118 32 motio-

186 2049 105 26 nären
313 2043 180 40 föreslagit,
519 2042 81 31 eller
622 2052 121 31 genom
766 2044 48 28 att
836 2040 68 32 låta
928 2039 55 31 det
1005 2037 238 33 fornnordiska
1266 2037 138 40 språket
1426 2036 79 40 ingå
1527 2035 12 31 i
1562 2034 118 32 skolan
1703 2036 109 29 såsom

186 2090 49 28 ett
257 2085 161 32 särskildt
439 2086 181 37 läroämne,
646 2084 60 31 och
729 2085 27 39 ej
781 2083 87 32 blott
891 2083 98 37 detta,
1014 2086 81 27 utan
1118 2084 110 29 såsom
1252 2080 55 31 det
1329 2080 104 31 första
1457 2079 61 32 och
1541 2076 272 43 grundläggande

188 2129 226 41 språkämnet.

338 2171 246 32 Erfarenheten
616 2171 61 31 har
708 2170 76 37 lärt,
820 2173 49 28 att
903 2169 39 31 de
966 2169 112 40 tidiga,
1104 2166 240 42 obligatoriska
1365 2166 197 31 läroämnen
1583 2164 75 32 icke
1682 2169 58 26 äro
1765 2162 48 38 de,

187 2226 72 21 som
281 2215 190 31 sedermera
493 2214 155 32 omfattas
671 2213 76 31 med
771 2212 185 38 förkärlek,
980 2216 82 27 utan
1085 2222 134 20 snarare
1242 2214 162 34 tvärtom;
1427 2209 175 31 hvaremot
1626 2207 47 37 de,
1698 2206 118 32 hvilka

187 2259 35 31 vi
244 2258 131 32 kunnat
397 2258 138 40 tillegna
558 2268 53 21 oss
633 2257 77 31 med
732 2260 110 37 någon
865 2260 105 27 större
993 2255 110 37 frihet,
1129 2254 147 31 särdeles
1299 2252 106 32 under
1429 2251 64 31 den
1516 2251 93 32 ålder
1633 2251 41 31 då
1706 2250 111 31 sinnet

188 2307 37 26 är
246 2305 88 29 mest
356 2301 209 40 emottagligt
586 2301 51 30 för
659 2300 146 40 intryck,
829 2299 78 41 följa
930 2309 52 21 oss
1006 2308 120 31 egcnom
1148 2298 106 30 lifvet.
1299 2296 63 31 Att
1383 2295 107 31 införa
1514 2294 39 32 de
1567 2292 249 34 fosterländska

289 2344 73 32 Bih.
387 2344 48 32 till
457 2344 107 32 Riksd.
590 2343 83 32 Prot.
698 2343 97 32 1868.
842 2343 19 30 8
887 2342 96 32 Saml.
1009 2343 21 29 2
1054 2341 75 41 Afd.
1155 2341 21 30 2
1200 2340 106 32 Band.
1331 2340 41 31 16
1395 2338 88 46 Häft.
