2208 2596
460 173 40 31 86
908 173 266 32 Statsutskottets
1203 174 178 32 Utlåtande
1403 175 64 31 N:o
1491 178 29 29 5.

418 258 76 37 kan
522 264 92 31 röna
642 259 118 47 deraf,
789 264 56 31 att
873 264 128 33 staten
1031 260 205 49 öfvertagit
1259 262 314 48 remonteringen
1592 261 63 37 vid
1673 260 86 38 hela
1777 261 234 49 kavalleriet,

417 310 220 37 hemställer
664 311 198 48 utskottet,

919 368 56 31 att
1003 363 230 49 Riksdagen,
1263 364 85 36 med
1375 364 108 36 bifall
1510 364 57 37 till
1595 364 140 49 Kungl.
1764 365 128 49 Maj:ts
1912 365 100 37 före-

816 415 165 36 varande
1023 414 295 50 framställning,
1360 419 60 33 må
1454 429 46 23 ur
1530 418 98 35 1904
1657 419 60 33 års
1745 417 159 36 riksstat
1932 422 79 31 ute-

817 466 97 37 sluta
941 467 250 36 förenämnda
1218 467 145 49 anslag,
1394 469 112 46 5,000
1535 468 150 36 kronor.

968 714 118 58 Öfriga
1114 723 176 40 ordinarie
1319 724 141 49 anslag.

211 844 63 27 Ang.
295 843 81 29 öfriga
523 826 99 47 32:0)
662 825 241 38 Beträffande
936 826 125 49 öfriga
1097 827 121 36 under
1254 827 121 48 fjärde
1402 827 258 37 hufvudtiteln
1687 832 198 44 upptagna
1913 827 98 37 ordi-

229 877 129 57 ordinarie
416 877 105 37 narie
563 877 134 49 anslag
737 878 69 36 har
841 880 126 46 någon
1010 878 224 49 förändring
1266 879 83 36 icke
1377 879 232 49 ifrågasatts,
1638 880 72 36 och
1737 880 58 35 får
1822 879 190 37 utskottet

323 919 22 22 "
416 929 212 48 hemställa,

919 986 56 31 att
1017 981 177 49 samtliga
1236 982 46 36 de
1311 981 189 37 ordinarie
1528 981 185 49 anslagen
1741 982 120 37 under
1889 982 122 49 fjärde

815 1032 270 48 hufvudtiteln,
1126 1033 13 35 1
1182 1033 182 36 afseende
1402 1036 21 33 å
1461 1033 129 36 hvilka
1617 1034 189 36 utskottet
1833 1033 82 37 icke
1942 1034 70 36 här

816 1083 114 37 ofvan
958 1084 204 36 framställt
1190 1084 187 37 särskilda
1403 1084 160 48 förslag,
1593 1088 59 33 må
1679 1085 12 35 i
1718 1085 206 37 riksstaten
1953 1086 60 36 för

815 1138 40 33 år
903 1137 98 35 1904
1039 1140 191 45 upptagas
1267 1135 56 37 till
1360 1136 253 37 oförändrade
1649 1136 151 50 belopp,
1830 1137 100 36 dock
1957 1142 55 31 att

814 1186 175 49 anslaget
1016 1186 57 37 till
1102 1187 324 37 skrifmaterialier
1454 1188 72 36 och
1554 1201 199 35 expenser,
1782 1188 73 37 ved
1884 1202 47 23 m.
1962 1203 47 22 m.

814 1238 59 37 för
915 1238 323 49 departementets
1268 1239 196 48 afdelning
1492 1240 42 35 af
1559 1239 141 49 Kungl.
1730 1240 127 49 Maj:ts
1887 1240 124 37 kansli

814 1293 59 33 må
908 1290 39 36 få
982 1290 58 36 till
1068 1291 180 49 beloppet
1271 1291 151 49 jämkas
1451 1291 12 36 i
1492 1291 73 37 den
1593 1294 97 43 mån,
1720 1304 80 24 som
1830 1292 59 36 för
1912 1293 98 48 jäm-

814 1342 123 36 nande
979 1342 42 36 af
1058 1342 276 37 hufvudtitelns
1376 1343 224 36 slutsumma
1636 1343 76 37 kan
1739 1343 123 37 finnas
1892 1344 120 36 erfor-

814 1393 149 48 derligt.

1925 1431 11 11 .
