2218 2602
699 158 263 32 Statsutskottets
991 158 177 33 Utlåtande
1191 157 64 31 N:o
1279 161 29 28 5.
1720 157 38 31 al

874 337 258 60 Ålderstillägg.

316 453 97 49 12:0)
457 453 142 49 Kungl.
644 452 106 49 Maj:t
790 452 69 36 har
899 452 120 37 under
1053 452 172 49 punkten
1257 452 44 34 12
1331 450 41 36 af
1396 450 123 49 fjärde
1547 449 257 37 hufvudtiteln

210 505 200 49 föreslagit
438 505 218 48 Riksdagen
685 509 55 32 att
768 504 73 37 öka
869 504 103 36 detta
1000 503 144 49 anslag,
1173 516 50 23 nu
1252 503 140 47 37,500
1413 502 151 47 kronor,
1585 502 84 36 med
1693 503 110 45 1,650

211 558 141 37 kronor
378 556 59 37 till
466 558 139 46 39,150
634 556 151 36 kronor.

312 659 242 37 Beträffande
597 659 105 37 detta
743 658 135 48 anslag
917 658 69 36 har
1014 656 426 51 departementschefen
1468 655 128 36 anfört
1624 655 177 49 följande.

311 712 154 47 »Enligt
492 711 236 48 vedertagen
756 710 124 49 grund
908 710 61 36 för
996 709 243 37 beräknande
1268 708 41 36 af
1334 708 104 37 detta
1464 707 147 49 anslag,
1631 707 68 37 bör
1718 707 86 37 dess

210 764 136 49 belopp
388 768 192 31 motsvara
621 763 147 36 hälften
810 762 40 36 af
875 762 75 36 den
979 774 157 33 summa,
1164 759 154 37 hvartill
1346 760 209 48 utgifterna
1583 762 21 33 å
1631 758 174 49 anslaget

208 816 120 36 skulle
369 818 140 47 uppgå,
552 815 129 36 därest
722 814 84 47 alla,
848 813 60 37 för
935 813 130 36 hvilka
1094 811 262 49 ålderstillägg
1383 812 121 36 finnes
1533 814 21 33 å
1582 816 75 31 stat
1684 811 120 36 under

209 868 121 48 fjärde
359 866 254 37 hufvudtiteln
641 866 192 49 uppfördt,
862 866 145 48 åtnjöte
1036 865 124 36 denna
1187 864 159 36 förmån.

312 919 130 37 Under
479 918 216 49 punkterna
734 919 37 46 [6
802 917 69 37 och
903 918 36 46 7]
970 917 67 36 bar
1068 917 72 48 jag
1173 917 102 35 förut
1303 916 103 48 gjort
1432 913 283 49 framställning
1743 927 60 23 om

212 971 215 37 inrättande
447 971 41 36 af
504 970 191 48 åtskilliga
715 982 75 36 nya
809 969 289 48 beställningar,
1119 968 86 36 med
1223 967 130 37 hvilka
1371 971 76 32 rätt
1464 966 58 37 till
1543 965 262 50 ålderstillägg

211 1028 42 31 är
293 1022 171 47 förenad,
493 1022 194 48 nämligen
730 1035 47 22 en
818 1019 443 49 förvaltarebeställning
1297 1022 21 33 å
1355 1018 218 37 artilleriets
1614 1023 190 44 tygstater

212 1075 71 37 och
324 1088 47 23 en
412 1072 671 49 fortifikationskassörsbeställning,
1112 1072 61 36 för
1214 1071 128 36 hvilka
1382 1070 97 37 båda
1519 1070 122 37 finnes
1682 1070 11 35 i
1730 1075 75 31 stat

211 1127 177 48 anslaget
428 1125 264 49 ålderstillägg
732 1125 37 36 af
812 1127 72 34 500
922 1124 154 47 kronor,
1106 1123 198 36 äfvensom
1343 1136 66 23 sex
1442 1122 361 37 förvaltarebeställ-

209 1178 138 49 ningar
387 1178 87 36 med
515 1183 76 31 rätt
631 1178 58 35 till
731 1176 259 48 ålderstillägg
1027 1189 61 23 om
1127 1177 73 34 300
1229 1175 150 36 kronor.
1435 1174 17 35 I
1479 1174 122 49 punkt
1628 1174 81 47 [22]
1738 1173 67 36 här

210 1230 125 36 nedan
376 1234 112 32 ärnar
523 1229 70 49 jag
634 1229 139 36 föreslå
814 1227 237 37 anställande
1089 1227 40 36 af
1163 1239 46 24 en
1237 1226 323 48 fabriksingenjör
1587 1225 63 36 vid
1678 1216 124 46 Åkers

208 1281 198 42 krutbruk,
435 1280 157 37 hvilken
628 1281 232 47 tjänsteman
888 1279 10 35 i
927 1279 122 36 likhet
1077 1278 83 37 med
1192 1278 122 48 öfrige
1342 1276 366 49 fabriksingenjörer
1736 1277 68 36 bör

209 1334 152 35 komma
401 1333 12 36 i
454 1332 223 49 åtnjutande
714 1332 41 36 af
780 1336 54 32 ett
860 1330 264 48 ålderstillägg
1151 1330 41 36 af
1217 1331 74 35 500
1320 1329 150 36 kronor.
1526 1328 139 37 Därest
1693 1329 111 36 dessa

209 1384 325 48 framställningar
575 1383 115 37 varda
732 1383 42 36 af
810 1383 120 36 Eders
972 1382 141 49 Kungl.
1156 1381 107 49 Maj:t
1291 1381 70 36 och
1389 1380 218 49 Riksdagen
1634 1380 169 46 bifallna,

213 1437 171 36 kommer
424 1436 109 36 alltså
574 1435 285 48 sammanlagda
902 1435 181 48 beloppet
1123 1433 43 37 af
1194 1432 233 49 nyanvisade
1456 1431 266 50 ålderstillägg
1749 1436 55 32 att

212 1491 130 47 uppgå
369 1488 57 36 till
455 1489 113 46 3,300
598 1488 155 47 kronor,
782 1487 71 36 och
882 1486 249 37 förevarande
1160 1486 136 48 anslag
1324 1485 68 36 bör
1411 1484 121 48 alltså,
1554 1483 122 50 enligt
1694 1497 109 36 nyss-

212 1540 164 37 nämnda
405 1539 370 49 beräkningsgrund,
806 1538 92 37 ökas
927 1538 85 37 med
1045 1539 109 46 1,650
1183 1537 172 36 kronor.»

311 1642 198 37 Utskottet
537 1641 230 46 hemställer,

712 1748 55 31 att
802 1742 219 48 Riksdagen
1055 1744 60 33 må
1143 1741 72 36 öka
1245 1740 174 49 anslaget
1446 1740 56 35 till
1531 1739 271 49 ålderstillägg,

608 1809 51 22 nu
709 1796 137 46 37,500
893 1794 151 46 kronor,
1094 1793 86 36 med
1229 1793 109 45 1,650
1386 1792 140 36 kronor
1567 1790 57 37 till
1665 1792 137 46 39,150

608 1847 153 36 kronor.

871 1998 275 40 Reservbefälet.

316 2102 97 47 13:o)
443 2102 143 48 Kungl.
617 2101 108 48 Maj:t
752 2101 69 35 bar
848 2100 11 35 i
888 2100 170 48 punkten
1091 2101 45 34 13
1166 2098 117 36 under
1312 2098 123 36 denna
1458 2097 229 36 hufvudtitel
1705 2096 99 36 före-

214 2154 114 48 slagit
363 2153 233 48 Riksdagen,
635 2157 55 31 att
719 2152 73 36 den
819 2151 58 36 till
905 2149 416 48 reservunderlöjtnant
1349 2149 190 48 utgående
1569 2148 236 49 ekiperings-

211 2205 102 49 hjälp
355 2208 117 33 måtte
509 2205 109 47 höjas
661 2204 84 36 från
788 2204 72 35 500
901 2202 55 36 till
1002 2204 73 34 700
1104 2202 151 46 kronor,
1272 2206 99 31 samt
1398 2205 55 31 att
1481 2200 64 36 det
1572 2199 12 36 i
1612 2199 193 49 anslagets

210 2257 129 36 rubrik
370 2255 310 37 förekommande
710 2255 107 36 ordet
844 2254 153 47 »högst»
1028 2256 115 33 måtte
1173 2252 166 37 därifrån
1368 2254 102 46 utgå.

1892 455 63 27 Ang.

1852 488 104 29 höjning
1975 489 26 21 af

1832 523 72 22 detta
1922 523 96 29 anslag.

1877 564 92 47 [12.]

1824 2107 62 28 Ång.
1912 2107 115 28 anslaget

1851 2141 39 21 till
1909 2147 94 15 reserv-

1875 2175 104 22 befälet.

1881 2224 92 46 [13.]
