2204 2602
694 164 262 32 Statsutskottets
986 164 176 33 Utlåtande
1185 166 63 31 N:o
1271 165 28 30 5.
1696 164 60 30 113

207 254 152 37 komma
393 258 54 32 att
479 252 221 38 underhålla
733 252 59 37 sin
820 252 118 37 under
967 252 74 36 den
1069 251 161 36 militära
1257 250 269 49 utbildningen
1559 250 240 37 förvärfvade

207 305 296 50 skjutfärdighet
544 319 138 35 genom
719 304 179 48 frivilliga
940 303 295 50 skjutöfningar.
1290 303 75 36 För
1405 307 56 32 att
1489 303 228 48 möjliggöra
1746 307 55 31 ett

206 359 112 48 lifligt
347 357 226 50 deltagande
601 357 12 36 i
642 357 109 37 dessa
779 356 178 49 öfningar
985 368 91 24 vore
1093 356 62 36 det
1175 354 122 50 enligt
1316 355 94 36 hans
1431 354 101 37 åsikt
1551 354 248 49 nödvändigt,

207 411 80 36 dels
329 415 55 32 att
411 410 133 49 hvarje
573 409 222 49 bevärings-
825 409 70 36 och
923 408 319 37 landstormsman
1271 408 148 36 komme
1449 411 55 32 att
1534 406 266 37 kostnadsfritt

206 463 163 37 tilldelas
398 467 54 32 ett
479 462 96 36 visst
604 462 102 36 antal
734 461 136 49 skarpa
890 460 117 47 skott,
1028 460 80 36 dels
1128 464 55 32 att
1202 464 123 32 staten
1345 458 288 38 tillhandahölle
1653 459 146 49 skytte-

205 515 274 48 föreningarna
519 518 120 44 gevär
667 513 11 36 i
707 517 121 33 större
856 511 280 49 utsträckning,
1166 517 49 30 än
1244 511 135 36 hittills
1407 511 100 36 varit
1536 510 162 50 möjligt,
1728 511 72 36 och

207 567 81 37 dels
316 571 55 32 att
400 566 223 49 skjutbanor
651 565 11 36 i
691 564 245 49 erforderligt
966 564 102 36 antal
1095 564 136 36 funnes
1260 563 57 36 till
1345 563 241 48 förfogande.
1621 562 16 36 I
1665 562 134 37 sådant

206 619 101 50 syfte
335 618 228 37 framställer
590 617 136 37 chefen
756 617 58 36 för
841 616 302 50 generalstaben,
1166 615 114 38 bland
1301 620 126 42 annat,
1448 614 169 47 följande
1637 614 160 49 förslag:

309 671 243 48 »bevärings-
581 669 92 37 eller
701 669 333 47 landstormsman,
1052 681 79 24 som
1150 667 131 37 tillhör
1300 667 157 49 frivillig
1477 666 321 50 skytteförening,

207 723 161 37 erhåller
409 723 41 36 af
488 726 125 33 staten
651 721 60 37 för
750 721 131 49 hvarje
919 723 51 45 år,
1010 720 46 37 då
1094 720 72 37 han
1199 720 84 36 icke
1312 724 40 32 är
1380 718 170 37 inkallad
1579 719 56 36 till
1662 719 137 49 tjänst-

207 775 152 49 göring,
401 774 236 37 kostnadsfri
678 773 257 48 ammunition,
974 773 116 35 minst
1131 774 47 34 50
1220 777 190 44 patroner,
1444 771 60 37 för
1531 771 202 36 utförande
1763 770 36 36 af

206 827 114 48 vissa,
350 827 40 36 af
416 826 141 49 Kungl.
588 826 107 49 Maj:t
722 824 213 38 fastställda
964 824 300 49 skjutöfningar;

311 885 126 30 staten
478 877 304 38 tillhandahåller
814 877 46 36 de
888 876 183 49 frivilliga
1100 875 403 50 skytteföreningarna
1530 873 270 38 kostnadsfritt

206 936 120 45 gevär
353 930 58 37 till
438 931 64 37 det
530 930 114 47 antal,
675 943 81 23 som
784 929 191 36 erfordras
1003 929 59 36 för
1091 928 353 50 skjutöfningarnas
1473 926 326 49 ändamålsenliga

207 983 261 48 bedrifvande,
499 983 70 37 och
597 986 160 33 ersätter
784 981 258 37 kostnaderna
1069 980 59 37 för
1157 978 484 51 målskjutningsmateriel;

312 1040 125 33 staten
477 1034 268 48 understödjer
785 1033 135 37 liksom
957 1032 135 37 hittills
1130 1032 261 49 anläggandet
1419 1031 70 37 och
1519 1030 214 37 ordnandet
1761 1030 37 36 af

208 1088 223 50 skjutbanor
459 1088 58 36 för
546 1086 164 37 nämnda
740 1085 252 49 föreningar.»

310 1140 76 48 Jag
413 1139 141 37 tillåter
584 1139 78 47 mig
689 1138 12 36 i
729 1137 306 50 underdånighet
1063 1137 135 46 erinra,
1228 1140 55 32 att
1313 1135 103 37 såväl
1436 1134 362 50 skytteförbundens

207 1192 190 37 allmänna
438 1194 369 46 representantmöte
849 1203 80 23 som
971 1189 71 37 ock
1076 1187 335 49 centralstyrelsen
1439 1188 59 35 för
1527 1186 179 49 Sveriges
1735 1186 62 36 fri-

206 1244 131 48 villiga
379 1243 353 49 skytteföreningar
758 1241 100 37 inför
887 1241 121 36 Eders
1037 1240 141 49 Kungl.
1208 1240 109 48 Maj:t
1343 1239 137 36 uttalat
1508 1242 126 33 såsom
1663 1238 136 37 önske-

207 1296 86 47 mål,
335 1300 55 32 att
431 1294 273 49 statsanslaget
743 1293 57 36 till
838 1293 63 37 det
937 1292 182 47 frivilliga
1162 1291 335 49 skytteväsendets
1538 1289 261 48 befrämjande

206 1351 128 45 måtte,
378 1349 39 34 så
459 1352 105 31 snart
601 1346 61 48 sig
701 1345 207 49 lämpligen
949 1350 96 43 göra
1085 1344 106 47 låter,
1233 1342 332 49 hufvudsakligast
1605 1341 194 37 användas

206 1399 57 37 till
305 1399 247 36 anskaffande
594 1398 42 36 af
669 1397 91 37 eller
796 1397 56 36 till
894 1396 216 49 ersättning
1150 1395 61 37 för
1252 1395 64 36 vid
1353 1394 45 37 de
1427 1394 182 49 frivilliga
1638 1393 161 50 skjutöf-

206 1452 189 48 ningarna
441 1450 207 37 förbrukad
695 1449 258 47 ammunition,
1004 1448 58 36 till
1108 1447 248 37 anskaffande
1401 1447 42 36 af
1483 1446 315 49 målskjutnings-

207 1503 170 37 materiel
414 1503 71 36 och
523 1505 124 34 såsom
684 1502 134 48 bidrag
853 1501 57 36 till
947 1500 194 37 ordnande
1178 1499 42 37 af
1247 1499 233 49 skjutbanor.
1511 1497 140 38 Senast
1685 1498 114 36 utfär-

207 1556 96 36 dade
344 1555 141 48 nådiga
525 1553 242 38 föreskrifter
795 1553 197 48 angående
1022 1551 248 38 användande
1299 1551 41 36 af
1365 1551 46 36 de
1440 1550 57 37 till
1524 1550 209 37 understöd
1763 1552 37 33 åt

207 1608 64 36 det
307 1607 182 48 frivilliga
522 1604 314 51 skytteväsendet
867 1604 244 49 tillgängliga
1143 1602 282 50 anslagsmedel
1457 1602 342 37 öfverensstämma

207 1660 85 36 med
321 1659 110 36 dessa
459 1658 152 47 åsikter,
641 1658 70 35 och
738 1657 170 36 befinner
937 1657 60 48 sig
1012 1656 122 36 denna
1153 1655 122 48 fråga,
1297 1655 119 47 enligt
1437 1654 85 36 mitt
1539 1653 260 46 förmenande,

206 1712 12 35 i
246 1710 303 48 ändamålsenlig
576 1708 236 48 utveckling.

310 1762 161 37 Jämlikt
499 1761 158 37 chefens
687 1761 58 35 för
773 1759 294 49 generalstaben
1086 1758 261 48 underdåniga
1369 1757 143 48 förslag
1531 1756 58 36 till
1613 1756 187 36 landstor-

207 1827 106 24 mens
343 1813 272 48 organisation,
645 1817 41 31 är
714 1815 37 34 åt
778 1810 415 38 landstormsförråden
1221 1809 194 37 tillämnad
1445 1822 44 23 en
1512 1808 161 37 särskild
1693 1808 106 47 bety-

208 1867 102 36 delse
349 1866 83 36 med
463 1866 149 48 hänsyn
641 1864 58 37 till
728 1863 277 37 ofvanberörda
1034 1862 180 48 frivilliga
1243 1861 293 50 skjutöfningar.
1593 1860 56 36 De
1679 1859 120 37 skulle

208 1919 33 48 ej
285 1917 99 37 blott
424 1931 91 22 vara
557 1915 411 48 mobiliseringsförråd
1009 1915 61 35 för
1111 1913 446 48 landstormsbataljoner
1596 1912 69 36 och
1693 1911 107 37 land-

208 1969 375 49 stormskompanier,
621 1973 90 30 utan
740 1968 114 35 äfven
881 1966 119 37 blifva
1029 1965 184 37 anstalter
1240 1965 60 36 för
1327 1964 174 48 utlåning
1530 1964 41 36 af
1595 1969 119 43 gevär
1743 1962 57 36 till

208 2022 45 36 de
286 2021 182 47 frivilliga
498 2019 400 49 skytteföreningarna
928 2022 98 32 samt
1053 2017 186 36 förmedla
1267 2015 360 37 tillhandahållande
1657 2015 41 36 af
1723 2028 76 22 am-

208 2073 183 35 munition
429 2072 209 46 äfvensom,
676 2070 10 35 i
716 2071 73 35 den
818 2073 85 32 mån
932 2072 40 33 så
1000 2068 121 37 skulle
1150 2068 170 36 befinnas
1349 2066 330 46 ändamålsenligt,
1709 2066 90 35 mål-

208 2122 401 50 skjutningsmateriel.
666 2122 86 36 Med
793 2121 150 48 hänsyn
980 2120 126 36 härtill
1136 2119 122 36 skulle
1288 2119 10 35 i
1327 2119 131 48 hvarje
1488 2117 180 37 särskildt
1694 2116 105 36 land-

209 2174 316 38 stormsområdes
552 2173 129 36 förråd
711 2173 121 36 finnas
860 2177 156 43 gevärs-
1046 2171 70 36 och
1146 2170 502 46 ammunitionsutrustning.

312 2226 110 36 Hvad
464 2227 238 36 kostnaderna
731 2225 59 35 för
817 2224 279 36 landstormens
1125 2222 260 48 organisation
1413 2224 131 45 angår,
1575 2226 64 31 äro
1668 2220 46 36 de
1744 2224 56 31 ut-

208 2279 128 49 gifter,
367 2292 80 22 som
476 2292 41 23 en
542 2279 97 48 gång
659 2278 67 48 för
753 2277 76 35 alla
859 2275 122 37 skulle
1002 2288 88 23 vara
1110 2273 261 49 erforderliga,
1392 2273 215 37 beräknade
1628 2271 170 37 sålunda:

294 2339 63 29 Bih.
381 2339 46 27 till
449 2339 94 28 Biksd.
569 2339 75 27 Prot.
671 2336 92 30 1903.
809 2335 19 29 4
851 2336 84 28 Saml.
982 2335 17 29 1
1023 2336 67 37 Afd.
1137 2334 19 28 d
1181 2335 80 37 IHäft.
1725 2333 34 26 15
