2222 2596
457 171 39 31 78
903 169 266 33 Statsutskottets
1199 169 176 33 Utlåtande
1398 170 63 32 N:o
1484 173 28 29 5.

519 261 42 32 är
588 256 191 37 fördeladt
806 256 13 37 i
846 256 171 50 följande
1045 261 145 45 poster:

517 308 60 37 för
616 308 197 37 underhåll
854 309 41 36 af
932 308 46 38 de
1020 308 57 37 till
1118 307 275 51 truppförband
1431 308 125 37 öfver-

413 360 176 37 lämnade
630 361 156 36 kasern-
828 360 71 37 och
934 360 408 49 lägeretablissemang
1370 360 85 37 med
1483 360 74 37 till-

413 412 170 37 hörande
611 412 225 49 öfningsfält
864 412 71 37 och
964 412 222 49 skjutbanor
1214 446 116 2 ......
1454 446 82 2 cc
1579 413 141 36 kronor
1749 413 178 46 533,000:
1958 435 49 5 —

517 464 62 37 för
618 464 197 37 underhåll
856 465 40 36 af
927 463 373 65 landtfästningarna
1334 446 70 54 och
1432 464 125 49 öfriga

413 515 121 37 under
596 515 390 50 arméförvaltningen
1037 519 21 33 å
1107 516 448 49 fortifikationsdeparte-

413 573 146 31 mentet
579 568 154 37 stående
753 568 104 37 äldre
877 568 287 49 fästningsverk
1186 568 72 36 och
1274 567 140 38 sådana
1429 568 124 49 bygg-

414 619 130 48 nader,
592 633 79 23 som
718 620 83 37 icke
849 620 125 37 blifvit
1014 620 58 36 till
1112 619 278 51 truppförband
1431 620 125 37 öfver-

412 670 174 38 lämnade
624 704 80 2 ........
1184 703 368 4 as
1642 685 18 23 »
1777 672 150 47 66,000:
1956 692 51 5 —

516 724 61 36 för
604 700 552 79 kommendantskapsutgifter
1310 756 2 4 :
1643 736 17 24 D
1803 724 124 47 6,000:
1956 744 51 5 —

517 776 62 36 för
606 776 318 37 fortifikationens
953 776 178 50 öfningar
1158 776 139 37 kronor
1326 756 52 56 30.
1378 777 97 46 ,000:
1504 797 51 5 —

518 828 72 36 och
617 828 199 37 materiel...
928 862 198 2 SEEEESEreN
1216 841 18 23 »
1325 829 47 35 30
1376 801 97 78 :000:
1503 849 51 5 —
1776 845 150 46 60,000:
1956 866 50 3 —

1397 914 155 37 Summa
1580 915 141 36 kronor
1751 914 175 47 665,000:
1955 935 51 4 —

516 1033 241 37 Beträffande
786 1033 73 38 den
886 1034 60 36 för
976 1037 41 33 år
1048 1035 98 35 1904
1175 1033 250 49 erforderliga
1454 1033 197 50 ökningen
1679 1033 41 37 af
1746 1033 104 36 detta
1870 1033 136 48 anslag

412 1085 110 37 anför
573 1085 390 49 arméförvaltningen
1007 1088 21 33 å
1067 1085 571 50 fortifikationsdepartementet
1679 1085 53 37 uti
1773 1085 57 36 sin
1872 1085 133 36 ofvan-

411 1137 168 36 nämnda
615 1137 260 49 underdåniga
907 1137 203 37 skrifvelse
1139 1138 73 36 den
1243 1139 45 35 17
1319 1138 205 36 november
1554 1139 97 35 1902
1680 1137 325 49 hufvudsakligen

411 1188 181 49 följande:

516 1241 398 49 Arméförvaltningen
957 1241 98 37 hade
1097 1241 116 37 redan
1255 1244 40 34 år
1338 1242 95 36 1901
1476 1242 105 49 gjort
1621 1240 282 50 framställning
1944 1255 61 23 om

412 1293 150 37 ökande
603 1294 41 36 af
681 1292 269 50 anslagstiteln
986 1293 61 37 för
1074 1293 196 37 underhåll
1297 1293 41 37 af
1363 1293 45 37 de
1438 1293 56 37 till
1521 1293 329 49 truppförbanden
1880 1292 125 38 öfver-

411 1345 176 37 lemnade
628 1345 153 37 kasern-
823 1345 70 37 och
932 1345 409 49 lägeretablissemang
1377 1358 46 23 m.
1471 1358 46 24 m.
1560 1345 58 36 till
1660 1347 164 45 600,000
1853 1345 151 47 kronor,

412 1410 88 23 men
541 1397 58 36 till
638 1397 94 50 följd
774 1397 42 36 af
849 1396 116 37 andra
994 1401 103 32 stora
1125 1396 252 50 anslagskraf,
1407 1410 81 23 som
1517 1397 118 37 under
1664 1397 340 49 öfvergångstiden

411 1449 60 36 för
499 1449 74 36 den
601 1462 74 35 nya
702 1449 306 47 härordningens
1045 1448 299 49 genomförande
1373 1449 154 37 ställdes
1556 1452 47 46 på
1631 1449 242 47 statsverket,
1893 1449 110 48 hade,

413 1500 123 49 enligt
576 1500 120 37 Eders
738 1500 141 50 Kungl.
921 1501 127 48 Maj:ts
1085 1501 40 36 af
1157 1500 219 49 Riksdagen
1411 1501 205 49 godkända
1643 1501 159 48 förslag,
1832 1501 172 49 anslags-

411 1552 111 37 titeln
550 1552 13 36 1
590 1552 108 49 fråga
725 1552 197 50 upptagits
950 1552 58 37 till
1036 1552 159 37 allenast
1224 1554 164 46 533,000
1407 1554 149 36 kronor.
1600 1552 403 49 Arméförvaltningen

410 1604 121 37 funne
560 1604 60 50 sig
646 1605 117 36 likväl
792 1618 49 23 nu
870 1604 90 37 böra
987 1604 139 50 förnya
1153 1605 57 36 sin
1238 1605 260 49 underdåniga
1517 1605 226 37 hemställan
1762 1619 59 23 om
1841 1605 164 49 höjning

412 1656 41 36 af
491 1657 125 36 denna
657 1656 82 37 titel
780 1657 57 36 till
875 1658 164 46 600,000
1073 1658 149 35 kronor.
1279 1657 133 37 Denna
1440 1657 353 49 medelstillökning
1820 1670 91 24 vore
1939 1657 65 37 be-

411 1708 122 49 höflig
561 1708 85 37 med
673 1709 150 48 hänsyn
850 1708 55 36 till
934 1709 34 48 ej
1001 1708 144 37 mindre
1175 1709 73 36 den
1277 1709 141 49 mängd
1446 1709 258 49 anordningar
1733 1709 58 36 för
1819 1709 46 36 de
1894 1714 109 31 värn-

411 1760 184 50 pliktiges
642 1760 293 37 inkvarterande
983 1760 71 37 och
1100 1761 248 48 öfningarnes
1390 1761 198 37 rationella
1616 1760 262 48 bedrifvande,
1921 1774 82 24 som

412 1815 122 34 måste
563 1812 172 48 vidtagas
763 1812 65 37 vid
856 1812 45 37 de
929 1813 219 36 nuvarande
1176 1813 355 49 etablissemangen,
1561 1818 47 31 än
1628 1813 112 37 äfven
1764 1813 240 49 nödvändig-

411 1865 117 36 heten
569 1869 55 32 att
663 1864 157 49 vidtaga
860 1864 275 49 förbättringar
1171 1867 20 34 å
1225 1865 282 49 skjutbanorna.
1564 1864 71 38 Om
1664 1865 176 49 anslaget
1867 1865 136 37 beräk-

412 1916 119 37 nades
574 1916 118 49 enligt
733 1916 155 37 chefens
930 1917 60 36 för
1031 1916 294 49 generalstaben
1366 1916 146 50 förslag
1554 1917 99 36 efter
1686 1917 144 37 antalet
1870 1918 134 48 tjänst-

411 1968 280 49 göringsdagar
730 1968 60 38 för
818 1968 348 49 truppförbandens
1202 1969 184 49 manskap
1416 1969 70 36 och
1515 1969 131 36 hästar
1673 1969 119 36 under
1820 1972 41 33 år
1892 1971 111 45 1903,

412 2019 93 37 eller
545 2020 217 49 respektive
802 2022 201 46 8,158,847
1044 2021 73 36 och
1148 2023 213 46 1,849,183,
1390 2021 85 37 med
1506 2024 18 33 7
1556 2026 65 32 öre
1651 2021 59 36 för
1738 2020 132 48 hvarje
1900 2034 104 23 man-

412 2072 131 49 skaps-
573 2072 71 36 och
672 2074 21 34 2
723 2077 65 32 öre
817 2073 59 36 för
894 2072 132 50 hvarje
1046 2072 457 49 hästtjänstgöringsdag,
1525 2072 122 37 skulle
1663 2072 175 49 anslaget
1853 2072 151 37 komma

411 2128 55 32 att
508 2126 128 47 uppgå
674 2124 57 36 till
769 2125 163 46 608,102
966 2124 141 37 kronor
1137 2126 45 35 95
1212 2130 76 43 öre,
1318 2125 70 37 och
1415 2124 110 37 alltså
1554 2124 57 37 till
1638 2125 120 48 högre
1788 2124 138 50 belopp
1956 2130 47 31 än

410 2175 102 37 hvad
540 2189 50 22 nu
617 2176 251 48 ifrågasattes.

516 2227 320 49 Anslagstitlarna
863 2227 54 37 till
946 2228 198 37 underhåll
1173 2228 41 37 af
1238 2228 376 50 landtfästningarna
1642 2228 71 37 och
1739 2228 124 49 öfriga
1882 2229 123 36 under

411 2279 414 50 arméförvaltningens
867 2283 20 34 å
928 2280 573 50 fortifikationsdepartementet
1550 2280 92 38 vård
1693 2280 156 38 stående
1899 2280 105 37 äldre
