2220 2602
459 191 58 30 166

896 191 263 33 Statsutskottets
1189 192 176 33 Utlåtande
1391 197 60 30 N:o
1474 196 28 30 5.

436 496 56 24 För
518 496 208 33 undervisning
750 497 9 24 i
778 496 231 33 artilleripjäsers
1029 498 52 25 och
1103 498 181 32 projektilers
1304 499 185 34 tillverkning

570 547 54 25 och
642 547 166 33 besiktning
831 569 4 4 .
900 568 108 6 ooo
1071 569 38 5 ss
1139 569 141 7 sosse
1310 571 73 5 vvs
1413 572 72 5 on
1578 550 98 37 150—

413 595 3 24 |
437 597 54 25 Till
509 598 177 32 repetitörer,
707 599 116 25 arfvode
899 620 107 4 soo
1138 621 39 5 rr
1207 622 72 5 rss
1309 623 39 4 ss
1378 623 39 4 sn
1447 602 67 26 nn)
1551 602 125 40 3,000/—.
1697 611 94 31 21,900

413 634 4 81 |
472 667 75 22 Anm.
568 669 21 20 1.

1330 449 159 32 Transport
1507 444 14 42 |
1535 448 94 32 18,750

627 670 97 21 Chefen
747 670 40 21 för
811 670 156 27 högskolan,
991 671 110 22 militäre
1124 673 91 25 lärare,
1235 674 152 27 adjutanten
1404 675 83 26 jämte

624 705 155 25 repetitörer
802 705 109 27 åtnjuta,
928 706 89 21 såvida
1036 707 30 21 de
1084 706 57 22 icke
1160 707 9 21 i
1188 714 85 15 annan
1292 708 131 27 egenskap
1443 711 44 19 äro

624 739 42 20 till
693 739 294 28 inkvarteringsförmån
1014 741 169 27 berättigade,
1211 742 201 28 inkvarterings-
1437 744 49 20 och

625 773 174 27 servisbidrag
817 774 56 21 från
894 775 118 27 anslaget
1031 775 41 21 till
1090 776 336 28 inkvarteringskostnader
1445 784 41 15 en-

624 808 50 26 ligt
700 808 227 27 författningarna,
956 809 90 22 chefen
1075 810 86 21 såsom
1190 811 238 27 öfverstelöjtnant,
1456 812 31 21 de

625 842 84 27 öfriga
727 842 8 21 i
754 843 49 21 den
822 843 63 27 grad
905 843 31 21 de
955 844 34 26 på
1007 847 53 18 stat
1078 844 146 22 innehafva.
1630 843 3 26 I

907 1051 125 28 Elever.

436 1137 55 25 Till
514 1133 156 42 stipendier
691 1140 27 23 åt
741 1133 90 42 elever
863 1159 4 4 —
897 1133 39 42 soo
975 1160 64 5 ooo
1101 1161 74 5 oso
1206 1162 37 4 ss
1274 1162 72 5 soo
1405 1133 20 42 sv
1437 1133 46 42 rn
1559 1161 32 4 SS

470 1208 75 22 Anm.
565 1209 22 21 2.

436 1619 12 23 [Er

468 1900 75 21 Anm.
564 1901 21 20 3.

468 1994 76 21 Anm.
564 1995 22 20 4.

470 1618 89 28 väbel,
580 1617 92 25 tillika
691 1617 90 25 förste
800 1618 208 26 vaktmästare:

552 1668 48 25 lön

435 1780 12 23 1
469 1779 86 24 andre
574 1779 202 29 vaktmästare,
797 1779 117 25 arfvode
931 1800 3 4 .

434 1832 12 23 1
468 1830 156 27 maskinist,
646 1830 117 25 arfvode

624 1211 38 20 De
682 1210 84 22 elever
784 1210 43 21 vid
846 1211 155 27 högskolan,
1020 1212 88 21 hvilka
1127 1212 57 22 icke
1203 1213 8 21 i
1231 1214 49 20 och
1297 1213 39 22 för
1351 1213 40 21 sin
1405 1215 82 26 tjänst

624 1245 103 27 åtnjuta
755 1245 177 27 inkvartering
957 1246 8 21 i
985 1246 161 27 Stockholm,
1166 1248 99 21 erhålla
1282 1248 203 28 inkvarterings-

624 1279 50 21 och
693 1279 173 27 servisbidrag
885 1280 57 21 från
957 1281 118 27 anslaget
1088 1282 41 20 till
1142 1282 344 27 inkvarteringskostnader,

623 1313 83 27 enligt
733 1314 217 27 författningarna
977 1315 8 21 i
1012 1315 47 21 den
1084 1316 61 26 grad
1166 1316 30 21 de
1215 1317 34 26 på
1267 1319 53 19 stat
1338 1317 147 21 innehafva.

877 1530 176 35 Betjäning.

1262 1693 4 4 .
1290 1673 39 24 kr.
1352 1674 82 29 1,000:
1453 1687 34 4 —

623 1902 344 28 Tjänstgöringspenningar
1001 1904 114 27 åtnjutas
1149 1905 92 21 endast
1272 1906 83 21 under
1385 1907 100 27 verklig

621 1936 174 27 tjänstgöring
1627 1950 4 8 I

1509 1982 2 12 I

624 1995 48 22 Om
700 1995 85 27 någon
813 1996 28 21 af
865 1997 169 27 betjäningen
1062 1998 114 28 åtnjuter
1203 2000 94 21 bostad
1322 2001 82 26 jämte
1423 2001 60 21 ved-
1627 1990 3 56 |

622 2030 89 26 brand,
731 2031 70 24 böra,
821 2031 90 21 såvida
923 2032 58 21 icke
995 2032 75 22 dessa
1083 2033 130 22 förmåner
1227 2034 146 22 tillkomma
1386 2036 98 21 honom
1508 2030 3 16 |

623 2064 87 22 såsom
733 2065 124 26 portvakt
882 2066 63 21 eller
964 2067 40 21 för
1023 2068 79 20 andra
1121 2068 154 27 åligganden
1294 2070 104 21 utöfver
1417 2071 65 26 tjän-

621 2100 67 23 sten,
716 2099 132 21 desamma
875 2101 41 20 till
945 2103 38 19 ett
1010 2102 77 21 värde
1115 2103 28 20 af
1170 2105 46 18 150
1241 2103 97 22 kronor
1360 2104 123 21 inräknas

621 2133 84 21 under
723 2134 77 21 lönen
820 2134 63 22 eller
902 2135 126 27 arfvodet,
1046 2136 48 21 och
1112 2137 77 26 utgår
1208 2138 32 20 då
1259 2138 77 21 lönen
1350 2139 40 20 för
1403 2139 81 21 förste

620 2168 196 21 vaktmistaren
844 2170 59 20 med
932 2172 47 19 850
1008 2170 95 22 kronor
1131 2171 50 21 och
1208 2172 119 21 arfvodet
1345 2173 41 21 för
1405 2173 78 21 andre

620 2202 195 21 vaktmästaren
834 2204 59 21 med
914 2206 47 19 750
980 2204 97 22 kronor
1095 2208 68 18 samt
1180 2206 41 21 för
1239 2207 172 21 maskinisten
1425 2208 59 21 med
1508 2222 2 3 |

622 2238 73 25 1,050
714 2236 104 22 kronor.

1508 2226 2 28 |

1508 2270 2 26 |

1327 2305 158 32 Transport
1507 2300 3 37 |
1556 2319 32 4 —

553 1718 371 34 tjänstgöringspenningar
955 1741 4 4 .
989 1741 5 5 .
1023 1742 106 5 ....
1159 1733 153 15 oo...»
1376 1725 58 24 300:
1453 1738 33 4 —
1550 1735 110 32 1,300/—
1672 1739 2 26 |

1713 1147 125 32 3,000/—!

1711 1848 119 30 3,400/—/
1856 1858 41 30 31,

1900 1859 93 26 700—
