2224 2602
711 166 265 33 Statsutskottets
1005 167 179 33 Utlåtande
1207 168 65 33 N:o
1296 171 29 29 5.
1730 171 39 30 173

215 253 238 37 närvarande
494 254 227 50 uppgående
763 254 58 37 till
865 256 162 46 112,000
1071 255 140 37 kronor
1246 276 50 6 —
1337 260 41 32 är
1406 255 136 37 afsedd
1569 261 56 31 att
1652 256 159 37 bekosta

214 305 240 37 underhållet
499 306 43 36 af
574 306 449 38 fältartillerimaterielen
1061 308 121 49 jämte
1210 307 244 47 inventarier,
1485 308 226 37 materialier
1741 309 70 37 och

214 357 436 50 förbrukningsartiklar
690 364 98 31 samt
830 359 142 37 arbets-
1000 359 71 38 och
1098 360 404 49 transportkostnader
1529 360 63 37 vid
1620 361 190 49 tygförrå-

215 410 74 36 den
316 410 12 36 i
357 409 236 49 Stockholm,
624 410 208 50 Göteborg,
862 412 268 47 Kristianstad,
1161 402 221 58 Östersund,
1412 412 154 50 Upsala,
1587 412 224 50 Jönköping

215 462 71 36 och
314 461 133 50 Visby,
476 462 69 37 har
572 463 391 49 arméförvaltningen
993 467 20 33 å
1040 463 465 49 artilleridepartementet
1524 465 55 35 uti
1600 465 57 36 sin
1677 465 132 36 ofvan-

214 514 165 37 nämnda
420 514 263 50 underdåniga
724 515 201 37 skrifvelse
967 516 73 36 den
1085 518 43 34 11
1159 516 207 37 november
1394 516 181 37 nästlidet
1604 520 40 33 år
1672 517 136 47 anfört,

214 571 67 43 att,
324 571 90 32 enär
448 566 288 37 fältartilleriets
766 567 178 49 öfningar
971 568 123 36 under
1123 568 46 36 de
1198 581 134 24 senare
1361 571 91 34 åren
1481 568 128 37 blifvit
1636 568 67 37 allt
1730 582 82 23 mer

214 619 72 36 och
314 632 80 24 mer
421 618 234 38 omfattande
683 619 71 37 och
783 619 200 38 bedrifvits
1012 623 48 46 på
1089 625 55 32 ett
1171 633 103 24 mera
1301 621 231 48 fältmässigt
1562 626 87 43 sätt,
1677 621 138 36 hvaraf

214 670 212 38 föranledts
464 684 47 24 en
553 671 99 37 ökad
681 671 161 50 slitning
870 672 41 36 af
935 672 233 49 materielen,
1199 673 103 36 detta
1330 672 298 50 anslagsbelopp
1657 686 154 24 numera

213 723 100 36 visat
354 723 60 49 sig
455 722 257 50 otillräckligt.
768 723 129 38 Under
942 727 41 34 år
1031 726 96 35 1901
1171 725 96 36 hade
1295 725 46 37 de
1369 725 218 46 kostnader,
1618 738 80 24 som
1726 725 84 36 från

213 774 292 49 ifrågavarande
546 775 205 37 undertitel
792 779 98 33 måst
926 776 200 47 bestridas,
1169 780 161 45 uppgått
1370 777 58 36 till
1466 778 161 45 157,610
1656 777 152 48 kronor,

213 827 150 37 hvadan
392 827 119 37 redan
539 827 47 37 då
614 827 63 37 det
704 828 179 36 anvisade
904 828 179 50 beloppet
1103 829 265 36 öfverskridits
1388 829 86 37 med
1494 830 140 46 45,610
1654 829 154 47 kronor,

215 879 71 37 och
314 879 86 37 med
428 879 50 36 all
506 879 179 37 säkerhet
713 880 150 36 komme
893 880 63 37 det
984 886 56 31 att
1067 881 81 36 visa
1178 881 70 48 sig,
1278 886 55 31 att
1354 881 259 37 kostnaderna
1631 881 119 37 under
1770 885 41 33 år

217 933 96 35 1902
344 944 153 24 snarare
526 932 109 36 ökats
663 937 47 31 än
738 932 194 36 minskats.
989 932 73 37 Vid
1091 932 134 37 sådant
1251 932 237 38 förhållande
1518 933 70 36 och
1617 933 47 36 då
1691 934 120 36 under

213 986 40 34 år
284 985 97 35 1904
412 984 40 36 af
476 983 292 49 ifrågavarande
798 983 122 37 medel
949 984 120 37 skulle
1098 984 187 37 bestridas
1314 985 196 37 underhåll
1538 985 42 37 af
1604 986 114 36 äfven
1738 986 72 36 den

213 1049 75 35 nya
315 1035 462 49 fältartillerimaterielen,
807 1049 82 23 som
917 1036 123 37 under
1068 1036 115 38 slutet
1211 1037 41 36 af
1276 1040 41 34 år
1347 1039 98 35 1903
1467 1038 150 36 komme
1637 1042 54 32 att
1711 1037 99 37 leve-

212 1101 106 24 reras
360 1088 70 37 och
467 1088 120 37 under
616 1091 40 34 år
686 1089 98 36 1904
812 1088 187 37 utlemnas
1027 1089 59 36 till
1114 1089 107 47 bruk,
1250 1092 141 47 ansåge
1419 1090 391 49 arméförvaltningen

212 1141 140 44 48,000
381 1140 141 36 kronor
550 1153 90 24 vara
669 1140 65 37 det
761 1140 125 49 lägsta
913 1141 151 50 belopp,
1085 1141 86 36 med
1195 1141 147 37 hvilket
1360 1141 292 50 anslagsposten
1669 1142 13 36 i
1701 1142 109 49 fråga

213 1191 163 37 behöfde
406 1192 102 36 ökas.

317 1243 56 37 Då
396 1244 69 48 jag
492 1243 12 36 i
532 1243 120 37 likhet
680 1243 86 37 med
794 1244 393 48 arméförvaltningen
1217 1257 109 24 anser
1354 1244 147 49 ökning
1529 1245 41 36 af
1596 1245 122 36 denna
1743 1258 66 23 un-

213 1295 152 37 dertitel
405 1295 313 49 oundgängligen
751 1295 222 50 nödvändig
1001 1301 97 31 samt
1126 1301 79 31 mot
1232 1295 263 49 beräkningen
1524 1296 40 37 af
1589 1296 75 37 den
1692 1297 118 36 erfor-

214 1347 146 49 derliga
401 1347 271 50 förhöjningen
713 1347 84 37 icke
837 1348 68 37 har
946 1350 119 47 något
1099 1352 56 33 att
1183 1347 135 49 erinra,
1346 1348 58 36 får
1427 1348 70 49 jag
1525 1348 111 37 alltså
1663 1348 147 37 biträda

214 1399 410 49 arméförvaltningens
652 1399 156 50 förslag.

316 1451 99 37 Från
457 1465 142 23 samma
638 1451 103 37 titels
783 1451 116 37 andra
939 1451 336 49 underafdelning:
1317 1453 79 49 »för
1416 1453 391 49 fästningsartilleriet»

213 1503 188 38 bestridas
450 1504 161 48 utgifter
661 1504 59 37 för
769 1503 240 38 underhållet
1051 1504 41 36 af
1129 1504 679 49 landtfästningsartillerimaterielen

207 1556 122 49 jämte
356 1555 245 48 inventarier,
630 1556 227 36 materialier
886 1556 69 37 och
983 1556 434 49 förbrukningsartiklar
1446 1556 200 37 äfvensom
1666 1557 142 36 arbets-

213 1608 72 36 och
325 1607 401 49 transportkostnader
766 1608 63 36 vid
866 1608 243 49 tygförrådet
1137 1610 20 34 å
1185 1608 230 48 Karlsborgs
1443 1608 182 49 fästning.
1681 1602 127 43 Åfven

213 1660 124 36 denna
364 1659 205 37 undertitel
598 1659 79 48 har,
708 1660 122 48 enligt
857 1659 100 36 hvad
985 1659 389 48 arméförvaltningen
1402 1660 12 35 i
1443 1660 56 36 sin
1529 1660 279 37 ofvannämnda

212 1711 200 36 skrifvelse
454 1711 120 46 anför,
616 1711 100 36 visat
745 1711 59 48 sig
832 1710 241 49 otillräcklig,
1103 1711 116 36 sedan
1254 1711 403 49 positionsartilleriets
1690 1717 117 32 mate-

211 1763 69 36 riel
309 1775 155 24 numera
493 1762 149 37 erhållit
670 1776 48 23 en
745 1762 152 49 mycket
925 1763 234 36 omfattande
1188 1762 257 49 användning.
1489 1763 129 37 Under
1647 1766 41 33 år
1710 1766 96 34 1902

212 1814 97 37 hade
351 1814 192 48 nämligen
580 1814 65 37 vid
685 1814 382 49 positionsartilleriet
1108 1814 179 37 utbildats
1329 1816 74 35 390
1444 1814 260 50 värnpliktige
1737 1815 70 37 och

211 1867 120 36 under
372 1867 257 36 innevarande
670 1869 40 34 år
750 1866 125 37 blefve
918 1867 46 36 de
1005 1866 173 49 meniges
1221 1866 132 49 styrka
1382 1880 80 23 mer
1490 1872 48 31 än
1567 1867 238 37 fördubblad.

212 1918 241 37 Undertiteln
481 1918 165 37 behöfde
675 1918 110 37 alltså
813 1918 92 36 ökas
935 1918 85 36 med
1049 1918 115 36 minst
1196 1920 134 46 10,000
1360 1919 156 46 kronor;
1553 1919 70 36 och
1655 1919 69 36 har
1738 1919 69 48 jag

211 1971 34 48 ej
276 1970 118 37 heller
422 1975 79 31 mot
529 1970 104 36 detta
660 1970 145 48 förslag
832 1972 126 44 någon
988 1970 149 36 erinran
1166 1974 56 32 att
1250 1970 219 37 framställa.

328 2021 110 36 Hvad
485 2021 178 37 beträffar
711 2022 109 35 titeln
869 2021 54 36 III
977 2022 245 36 Ammunition
1263 2021 95 36 hade
1404 2022 401 48 arméförvaltningen,

212 2076 124 33 såsom
359 2073 70 47 jag
456 2073 12 35 i
496 2072 86 36 mitt
609 2072 257 49 nyssberörda
895 2073 205 35 anförande
1124 2073 143 47 jämväl
1296 2072 183 47 erinrade,
1509 2073 116 36 redan
1646 2076 40 32 år
1709 2075 96 34 1900

212 2124 105 36 ställt
344 2124 11 35 i
383 2124 121 35 utsikt
532 2137 48 23 en
607 2124 237 48 betydligare
874 2124 146 48 ökning
1049 2124 118 42 däraf,
1197 2137 96 34 men,
1323 2124 85 36 med
1436 2124 150 48 hänsyn
1606 2124 125 36 därtill
1752 2129 55 32 att

212 2175 141 37 antalet
380 2175 182 37 batterier
589 2175 84 36 icke
702 2175 149 36 komme
880 2180 56 31 att
963 2176 59 35 för
1051 2175 64 36 det
1144 2175 211 37 dåvarande
1385 2175 104 47 ökas,
1518 2176 96 36 hade
1635 2175 170 49 anslags-

212 2226 270 49 förhöjningen
523 2226 63 37 vid
628 2227 269 49 uppgörandet
924 2227 41 36 af
990 2226 340 49 statsregleringen
1358 2227 59 36 för
1446 2230 40 33 år
1519 2229 95 34 1902
1645 2227 159 48 begrän-

212 2285 78 30 Bats
326 2278 57 37 till
419 2283 55 32 ett
502 2278 147 37 mindre
678 2279 149 49 belopp.
884 2279 52 36 Af
960 2278 321 49 hufvudsakligen
1309 2292 142 24 samma
1481 2279 83 36 skäl
1593 2281 120 46 ansåg
1735 2279 71 49 jag

296 2339 63 28 Bih.
383 2339 46 28 till
450 2339 94 28 Riksd.
568 2340 77 28 Prot.
673 2336 93 32 1903.
812 2337 20 30 4
854 2339 85 28 Saml.
988 2339 15 27 1
1027 2338 67 37 Afd.
1143 2337 19 29 53
1185 2339 84 35 Häft.
1724 2341 38 27 10
