1902 2794
303 151 20 31 6
738 154 102 28 Andra
859 155 200 35 lagutskottets
1081 157 150 29 utlåtande
1253 167 36 19 nr
1310 159 46 28 53.

303 231 176 31 derstöder
497 241 173 30 personer,
691 233 91 32 vilka
801 234 120 33 endast
939 235 45 40 på
1004 237 112 38 grund
1136 247 42 21 av
1199 238 51 30 sin
1271 238 150 34 inkomst
1441 240 60 31 äro
1521 241 174 30 uteslutna
1714 240 79 32 från

305 289 48 26 att
379 285 139 32 komma
544 286 9 30 i
581 286 202 40 åtnjutande
807 298 44 21 av
875 290 135 39 statliga
1035 290 303 33 bostadsrabatter.
1375 293 350 33 Tillhandahållande
1748 295 45 40 på

305 338 206 40 förmånliga
533 340 124 31 villkor
678 351 42 20 av
740 343 187 31 tomtmark
947 343 55 31 för
1022 344 322 41 bostadsbyggande
1365 347 64 30 och
1450 347 163 32 liknande
1634 348 160 39 åtgärder

305 391 83 32 böra
409 393 31 38 ej
463 393 105 31 heller
590 394 237 40 ovillkorligen
849 395 179 33 förbindas
1049 398 78 30 med
1150 401 46 28 ett
1216 399 85 31 krav
1323 399 43 40 på
1388 404 49 28 att
1456 401 113 39 statlig
1589 401 204 31 subvention

306 444 108 40 utgår.
447 447 62 30 Det
529 447 88 31 enda
640 448 123 30 villkor
781 458 75 21 som
877 450 102 39 enligt
999 450 70 31 min
1091 451 137 40 mening
1248 452 63 31 bör
1329 455 190 38 uppställas
1540 454 55 31 för
1614 456 111 29 rätten
1744 458 50 28 att

306 503 76 34 utge
407 499 226 32 kommunala
660 502 242 31 subventioner
925 504 39 30 är
987 506 49 29 att
1060 504 98 32 dessa
1184 505 97 32 skola
1309 516 82 22 vara
1416 508 133 38 ägnade
1576 512 49 27 att
1650 508 143 39 bidraga

304 551 46 30 till
380 561 40 21 en
448 552 192 32 förbättrad
668 554 353 42 bostadsförsörjning
1048 557 46 39 på
1122 561 105 27 orten.
1255 559 108 39 Syftet
1391 560 78 30 med
1497 561 42 29 de
1567 561 225 30 kommunala

302 605 288 32 subventionerna
615 607 62 30 bör
702 607 129 32 således
857 618 81 21 vara
963 613 49 28 att
1038 610 55 31 för
1117 612 94 29 inom
1236 612 213 31 kommunen
1473 613 134 32 bosatta
1630 623 163 30 personer

303 659 188 39 nedbringa
522 660 231 32 kostnaderna
785 662 55 30 för
869 663 234 31 anskaffande
1133 665 63 30 och
1227 665 205 31 behållande
1462 676 43 21 av
1535 677 40 20 en
1609 667 184 39 fullvärdig

305 712 131 31 bostad.
458 713 97 31 Detta
577 715 142 31 innebär
736 719 48 27 att
803 716 224 32 kommunala
1047 718 242 32 subventioner
1307 720 73 30 icke
1398 721 83 30 böra
1501 721 142 39 beviljas
1662 722 53 31 för
1734 722 58 30 bo-

302 766 114 29 städer
435 776 72 20 som
530 767 8 29 i
562 767 97 39 fråga
681 777 55 21 om
758 772 171 36 utrymme
949 770 64 30 och
1036 771 165 31 standard
1222 772 74 30 icke
1316 776 172 27 motsvara
1510 774 41 30 de
1573 774 219 30 minimikrav

306 828 72 22 som
399 821 181 38 uppställts
599 821 43 31 då
662 821 96 40 fråga
777 823 38 30 är
834 833 56 21 om
910 823 204 40 åtnjutande
1134 835 41 20 av
1193 826 136 39 statliga
1349 826 56 31 lån
1425 828 65 29 och
1509 828 131 39 bidrag.
1672 828 120 31 Därest

304 871 9 30 i
339 883 40 21 en
409 874 129 39 verklig
564 875 234 31 nödsituation
827 876 43 40 på
897 877 375 33 bostadsmarknadens
1299 879 142 32 område
1466 881 248 38 skyndsamma
1744 881 47 31 åt-

304 927 120 37 gärder
447 928 123 30 krävas
595 928 54 31 för
671 932 47 27 att
740 929 168 32 förbättra
930 930 328 42 bostadstillgången
1282 933 94 31 torde
1399 933 88 31 dock
1511 935 281 39 nyproducerade

304 980 159 31 bostäder
488 981 82 30 böra
597 982 214 40 tillfälligtvis
835 983 117 31 kunna
976 993 101 22 anses
1099 995 75 21 som
1198 985 216 40 fullvärdiga,
1439 988 85 30 även
1551 998 55 20 om
1633 988 49 30 till
1705 988 87 39 följd

304 1042 41 20 av
368 1034 241 31 materialbrist
632 1036 79 30 eller
730 1036 109 31 andra
862 1037 116 39 dylika
999 1038 293 40 omständigheter
1313 1041 234 37 nyssnämnda
1571 1041 220 31 minimikrav

304 1085 73 32 icke
400 1087 9 29 i
433 1088 67 30 allo
524 1088 132 33 kunnat
681 1089 184 39 uppfyllas.

348 1140 274 32 Bostadssociala
648 1143 225 39 utredningen
900 1144 72 36 har,
999 1145 110 30 under
1133 1144 218 41 åberopande
1376 1156 42 21 av
1442 1147 279 31 önskvärdheten
1744 1152 49 27 att

304 1194 151 30 undvika
476 1195 185 39 olämpliga
682 1195 129 32 former
831 1196 54 31 för
904 1197 201 32 kommunal
1127 1199 344 32 bostadssubvention
1492 1201 64 30 och
1578 1211 42 21 av
1639 1201 152 31 samord-

303 1247 126 38 ningen
450 1248 76 30 med
548 1248 42 30 de
611 1249 134 39 statliga
766 1250 440 40 subventionsåtgärderna,
1226 1256 110 28 ansett
1357 1253 41 30 de
1417 1253 54 31 för
1489 1254 226 31 kommunala
1733 1255 58 30 bo-

304 1300 338 32 stadssubventioner
660 1302 198 40 tillämpade
874 1303 175 33 formerna
1067 1305 83 31 böra
1171 1306 226 31 underställas
1417 1307 122 39 Kungl.
1560 1308 116 39 Maj:ts
1693 1309 98 38 pröv-

303 1353 91 39 ning.
427 1355 119 31 Denna
565 1355 212 40 ståndpunkt
794 1357 64 30 har
875 1357 9 30 i
902 1357 85 32 flera
1004 1359 185 37 yttranden
1205 1359 189 31 kritiserats
1411 1360 110 30 under
1538 1360 255 32 framhållande

303 1416 42 21 av
368 1411 48 27 att
438 1408 531 41 underställningsskyldigheten
991 1411 166 32 innebure
1179 1416 46 27 ett
1247 1413 140 39 onödigt
1411 1413 142 40 ingrepp
1576 1414 7 30 i
1609 1414 64 31 den
1696 1415 96 30 kom-

304 1461 140 31 munala
482 1462 473 38 självbestämmanderätten.
996 1464 51 31 Då
1076 1466 110 30 rätten
1213 1470 49 26 att
1290 1469 78 36 utge
1394 1466 226 32 kommunala
1648 1468 143 30 subven-

303 1513 119 37 tioner,
448 1514 113 31 såsom
584 1525 80 30 nyss
688 1517 147 36 nämnts,
861 1517 105 31 delvis
990 1518 111 39 syftar
1124 1518 47 31 till
1196 1523 48 27 att
1267 1519 174 32 stimulera
1466 1520 252 33 kommunerna
1744 1524 47 28 att

303 1570 78 35 taga
416 1568 246 40 självständiga
699 1569 144 31 initiativ
877 1570 43 40 på
953 1571 325 40 bostadspolitikens
1314 1572 150 37 område,
1499 1573 115 31 finner
1647 1574 57 40 jag
1738 1574 55 31 för

303 1621 216 31 närvarande
556 1623 186 39 anledning
767 1623 127 31 saknas
919 1628 49 27 att
994 1624 192 32 föreskriva
1212 1625 114 40 någon
1352 1626 108 31 sådan
1486 1627 305 40 underställnings-

301 1673 193 39 skyldighet
521 1684 76 21 som
624 1675 269 33 bostadssociala
920 1677 227 39 utredningen
1175 1678 188 39 ifrågasatt.
1390 1679 64 39 Jag
1481 1679 201 31 förutsätter
1708 1683 46 29 att
1783 1679 9 30 i

301 1726 97 31 dessa
421 1727 117 39 frågor
560 1728 252 32 kommunerna
834 1730 139 31 komma
995 1735 48 28 att
1064 1731 234 40 upprätthålla
1320 1742 41 20 en
1384 1732 67 31 viss
1472 1733 146 32 kontakt
1639 1734 77 30 med
1737 1734 54 30 det

300 1779 302 41 bostadspolitiska
627 1783 281 39 centralorganet.

347 1834 231 32 Kommunala
605 1836 242 31 subventioner
871 1837 53 31 för
947 1838 536 40 bostadsförsörjningsändamål
1508 1840 120 32 kunna
1651 1841 140 31 komma

302 1890 48 27 att
375 1887 8 30 i
409 1888 66 30 viss
498 1888 209 40 omfattning
731 1890 136 32 minska
891 1890 361 40 fattigvårdsbehovet.
1289 1893 67 30 För
1378 1893 70 30 min
1475 1893 53 31 del
1551 1904 54 21 ser
1627 1894 57 39 jag
1710 1895 82 31 intet

302 1940 123 31 hinder
445 1941 54 30 för
519 1945 49 28 att
589 1942 176 37 kommun,
788 1953 74 21 som
881 1943 37 32 så
937 1945 138 36 önskar,
1095 1948 98 36 utger
1212 1946 200 40 hyreshjälp
1432 1947 9 30 i
1462 1947 92 31 form
1574 1957 42 21 av
1637 1948 153 31 bostads-

302 1994 204 31 subvention
531 1995 9 30 i
566 1996 111 30 stället
703 1996 54 31 för
782 1996 9 31 i
817 1996 91 32 form
931 2007 43 22 av
999 1997 196 41 fattigvård.
1231 2000 65 38 Jag
1320 2000 57 30 vill
1402 2001 187 30 emellertid
1614 2001 64 31 här
1701 2001 90 40 ånyo

302 2047 124 31 betona
447 2052 48 27 att
514 2066 45 5 -—
580 2049 9 30 i
610 2049 148 39 enlighet
778 2050 80 31 med
877 2051 66 31 vad
963 2051 58 39 jag
1041 2051 9 31 i
1070 2052 213 40 proposition
1303 2062 41 21 nr
1364 2054 63 30 235
1448 2053 116 32 anfört
1585 2054 9 30 i
1616 2053 99 40 fråga
1734 2064 58 21 om

302 2100 41 31 de
368 2101 135 39 statliga
527 2102 341 33 bostadsrabatterna
891 2122 45 5 —
958 2104 102 40 syftet
1087 2106 77 30 med
1188 2106 41 30 de
1253 2106 224 32 kommunala
1503 2107 287 31 bostadssubven-

303 2153 154 32 tionerna
483 2155 88 31 skall
597 2165 82 22 vara
704 2166 41 21 av
768 2157 281 40 bostadspolitisk
1073 2161 62 29 art.
1173 2159 49 31 De
1246 2159 97 32 skola
1368 2159 144 32 sålunda
1536 2161 163 31 befordra
1722 2161 68 31 för-

303 2206 193 41 bättringen
524 2218 44 21 av
599 2209 352 32 bostadsstandarden
979 2211 201 40 därigenom
1209 2216 48 27 att
1287 2213 41 30 de
1358 2214 203 39 möjliggöra
1592 2214 54 31 för
1676 2215 114 30 veder-

302 2260 153 32 börande
477 2266 49 27 att
546 2262 120 32 kunna
686 2263 87 31 bebo
795 2273 41 21 en
857 2264 133 39 rymlig,
1012 2265 159 32 modernt
1192 2267 157 30 utrustad
1371 2267 167 38 lägenhet.

347 2314 12 29 I
382 2315 147 39 enlighet
551 2316 78 30 med
652 2317 54 30 det
726 2317 148 31 anförda
896 2316 145 33 föreslår
1061 2318 58 39 jag
1141 2321 49 28 att
1211 2319 9 30 i
1241 2320 56 38 lag
1319 2319 136 32 fastslås
1477 2324 48 27 att
1546 2330 57 21 om
1623 2321 168 30 kommun

303 2367 37 30 så
367 2367 115 31 finner
509 2368 157 39 påkallat
692 2370 57 30 för
773 2373 50 27 att
849 2370 129 39 främja
1003 2370 408 41 bostadsförsörjningen
1439 2373 96 30 inom
1562 2374 227 34 kommunen,

303 2421 113 30 denna
446 2423 79 38 äger
553 2423 99 30 ställa
680 2423 112 31 medel
818 2424 52 30 till
899 2423 207 40 förfogande
1133 2428 48 28 att
1209 2425 105 39 enligt
1343 2426 41 30 de
1413 2427 148 38 grunder
1590 2427 64 30 och
1684 2428 10 29 i
1724 2427 66 29 den

302 2474 146 40 ordning
467 2485 75 21 som
560 2476 214 32 kommunen
791 2476 147 33 bestämt
956 2478 180 32 användas
1154 2478 50 32 till
1221 2478 160 41 åtgärder
1398 2479 10 31 i
1427 2479 89 40 syfte
1533 2484 56 29 att
1600 2479 192 40 nedbringa
