2272 2646
794 119 254 33 Statsutskottets
1070 120 165 32 utlåtande
1257 120 52 32 Nr
1332 124 49 28 51.

1856 124 19 31 on

995 419 67 39 Nr
1089 420 69 39 51.

774 551 126 27 Ankom
924 551 48 27 till
996 551 189 36 riksdagens
1210 552 104 27 kansli
1338 552 61 27 den
1423 553 38 27 23
1485 553 59 36 juli
1571 553 78 28 1914
1673 554 41 27 kl.
1739 554 16 27 5
1780 563 24 18 e.
1830 564 39 18 m.

593 640 205 47 Utlåtande,
827 641 14 35 i
868 641 195 49 anledning
1083 654 44 23 av
1147 642 135 48 Kungl.
1304 643 127 48 Maj:ts
1448 644 222 47 proposition
1689 646 182 47 angående

688 700 220 49 vidtagande
953 714 44 23 av
1039 702 95 35 vissa
1177 702 350 49 ändringsarbeteten
1569 704 14 35 i
1623 705 246 49 arméförvalt-

688 761 149 48 ningens
864 762 208 36 ämbetshus.
1567 763 73 48 (1:a
1668 764 99 48 avd.)

378 870 18 35 I
424 883 47 23 en
499 870 73 37 den
602 872 46 34 27
676 871 83 49 juni
791 873 97 34 1914
916 871 58 36 till
1002 872 206 49 riksdagen
1237 873 160 48 avlåten,
1426 874 60 36 för
1515 874 271 37 förberedande
1807 875 62 36 be-

276 920 186 49 handling
502 921 58 36 till
602 922 286 37 statsutskottet
924 923 184 37 hänvisad
1149 924 239 49 proposition
1426 924 59 49 (nr
1516 925 87 49 187)
1631 926 69 36 har
1727 926 140 49 Kungl.

274 972 108 49 Maj:t
409 973 122 37 under
559 972 241 50 åberopande
830 987 46 23 av
903 975 286 48 propositionen
1218 974 119 50 bilagt
1364 976 139 49 utdrag
1531 990 46 23 av
1597 977 271 50 statsrådspro-

274 1024 160 37 tokollet
460 1025 60 36 för
547 1024 419 38 lantförsvarsärenden
996 1026 58 37 för
1083 1040 143 24 samma
1254 1027 76 49 dag
1356 1027 198 50 föreslagit
1581 1029 204 49 riksdagen
1813 1036 56 31 att

275 1089 48 23 av
363 1076 145 37 fonden
545 1077 59 36 för
631 1077 247 37 anordnande
906 1091 47 23 av
980 1077 147 38 lokaler
1154 1079 60 36 för
1241 1084 147 32 statens
1416 1080 241 37 ämbetsverk
1684 1081 12 36 i
1723 1082 144 36 huvud-

275 1127 135 37 staden
452 1133 56 32 ett
544 1128 140 50 belopp
714 1142 45 23 av
786 1129 117 49 högst
931 1131 113 46 8,200
1072 1130 142 37 kronor
1242 1134 60 33 må
1329 1136 110 44 tagas
1467 1132 12 35 i
1508 1132 165 48 anspråk
1701 1134 59 35 för
1787 1134 81 36 vid-

275 1179 164 49 tagande
469 1193 46 23 av
543 1180 103 37 vissa
674 1180 344 49 ändringsarbeten
1046 1182 12 35 i
1086 1182 410 50 arméförvaltningens
1525 1184 231 37 ämbetshus.

377 1231 243 38 Beträffande
649 1232 73 37 den
750 1232 13 36 i
791 1232 156 38 ärendet
974 1233 175 37 lämnade
1169 1234 257 49 utredningen
1446 1234 140 38 tillåter
1606 1236 59 48 sig
1684 1236 184 37 utskottet

275 1288 56 31 att
358 1283 160 38 hänvisa
545 1283 58 37 till
631 1284 428 50 statsrådsprotokollet.

377 1376 207 50 Utskottet,
614 1391 82 23 som
724 1378 84 37 icke
837 1378 82 37 haft
946 1382 119 45 något
1093 1384 56 32 att
1177 1380 125 37 erinra
1330 1385 79 32 mot
1437 1381 72 36 den
1537 1394 47 23 av
1605 1382 140 48 Kungl.
1762 1382 106 49 Maj:t

275 1429 157 36 sålunda
460 1430 135 48 gjorda
624 1430 343 48 framställningen,
997 1430 232 49 hemställer,

778 1527 56 32 att
860 1523 208 49 riksdagen
1095 1527 61 33 må
1184 1524 188 49 medgiva,

776 1579 57 32 att
861 1588 47 23 av
936 1575 142 37 fonden
1108 1576 59 36 för
1195 1577 246 36 anordnande
1469 1590 48 24 av
1544 1577 144 38 lokaler
1716 1579 58 36 för
1793 1583 74 32 sta-

673 1630 86 32 tens
802 1626 242 37 ämbetsverk
1086 1626 11 36 i
1133 1628 268 37 huvudstaden
1429 1633 55 32 ett
1511 1629 139 50 belopp
1679 1642 46 24 av
1753 1630 114 48 högst

674 1679 113 46 8,200
828 1678 140 37 kronor
1008 1681 60 34 må
1105 1685 111 43 tagas
1243 1679 10 36 i
1284 1681 162 49 anspråk
1474 1681 60 36 för
1561 1681 231 49 vidtagande
1821 1696 46 22 av

671 1729 104 37 vissa
803 1730 344 48 ändringsarbeten
1174 1731 13 36 i
1206 1732 410 49 arméförvaltningens
1636 1734 229 36 ämbetshus.

377 1795 222 38 Stockholm
627 1797 72 37 den
728 1799 48 35 23
800 1798 73 49 juli
904 1800 109 34 1914.

788 1901 49 36 På
865 1892 303 46 statsutskottets
1198 1907 161 44 vägnar:

724 2003 40 37 F.
787 2003 180 38 CL:SON
994 2005 422 38 WACHTMEISTER.

376 2277 117 37 Bihang
516 2278 45 29 till
583 2287 100 20 senare
705 2279 170 37 riksdagens
893 2281 145 36 protokoll
1062 2282 89 29 1914.
1189 2283 18 27 6
1218 2282 82 30 saml.
1338 2283 40 28 27
1391 2283 72 36 häft.
1498 2281 60 41 (Nr
1570 2282 149 41 49—51.)
1807 2287 16 26 2
