2238 2640
758 200 234 34 Statsutskottets
1021 196 164 35 Utlåtande
1209 194 66 33 N:o
1297 197 55 29 58.
1796 189 14 30 1

954 859 93 39 N:o
1074 856 89 41 58.

944 1011 74 30 Ank.
1043 1011 44 28 till
1111 1010 102 28 Riksd.
1238 1008 93 30 kansli
1356 1008 54 29 den
1434 1008 18 28 4
1477 1006 54 38 maj
1561 1006 88 34 1897,
1674 1005 38 28 kl.
1737 1005 18 28 3
1779 1014 24 18 e.
1827 1013 37 19 m.

467 1161 202 43 Utlåtande,
710 1158 187 49 angående
937 1157 124 36 väckta
1095 1155 145 49 förslag
1282 1167 55 23 om
1377 1152 202 49 afsättning
1607 1151 56 36 till
1691 1151 175 36 arbetare-

663 1225 373 50 försäkringsfonden.

1620 1282 56 49 (RB.
1705 1280 60 50 A.)

397 1448 16 36 I
454 1444 508 50 statsverkspropositionen
1003 1442 68 36 har
1112 1440 142 49 Kongl.
1283 1439 106 47 Maj:t
1416 1437 201 48 föreslagit
1645 1429 249 55 Riksdagen

264 1505 54 31 att
357 1499 12 36 i
413 1500 95 35 1898
548 1500 59 34 års
641 1495 157 37 riksstat
825 1494 55 37 till
911 1489 562 49 arbetareförsäkringsfonden
1502 1489 139 36 afsätta
1671 1488 197 47 1,400,000

264 1551 151 36 kronor.

398 1600 147 37 Cheten
573 1598 58 36 för
659 1596 435 49 finansdepartementet
1120 1594 69 35 har
1216 1592 131 36 härom
1376 1591 57 36 till
1449 1588 421 50 statsrådsprotokollet

265 1652 108 36 öfver
399 1648 295 39 finansärenden
723 1642 294 54 (finansplanen)
1046 1644 71 37 den
1150 1646 45 34 14
1218 1642 151 49 januari
1396 1640 257 38 innevarande
1684 1642 39 34 år
1747 1638 124 37 anfört

265 1701 184 49 följande:

399 1752 35 35 »I
475 1750 252 36 riksstaterna
767 1747 58 37 för
865 1745 202 38 hvartdera
1100 1744 40 37 af
1169 1747 89 33 åren
1289 1744 93 35 1896
1412 1742 72 36 och
1516 1743 93 35 1897
1639 1741 70 35 har
1736 1739 134 37 afsatts

267 1808 54 31 ett
347 1802 141 48 belopp
518 1800 40 37 af
584 1800 198 46 1,400,000
807 1799 153 44 kronor,
989 1809 81 23 som
1099 1793 261 49 tillgodoförts
1389 1792 75 37 den
1492 1791 124 48 enligt
1634 1790 135 48 nådigt
1787 1789 90 37 bref

268 1853 71 36 den
371 1854 43 35 15
443 1850 209 38 november
683 1851 95 35 1895
808 1848 121 36 under
957 1846 300 37 statskontorets
1278 1843 235 48 förvaltning
1534 1842 124 36 stälda
1678 1841 194 37 arbetare-

267 1901 397 49 försäkringsfonden.
721 1899 90 38 Skäl
839 1898 114 37 hafva
986 1896 231 48 visserligen
1247 1900 144 32 ansetts
1420 1907 90 23 vara
1537 1893 59 37 för
1624 1891 154 38 handen
1806 1896 65 42 att,

267 1955 116 36 innan
411 1951 374 48 försäkringsfrågan
815 1953 21 33 å
855 1962 75 36 nyo
951 1948 221 48 förelägges
1192 1945 233 48 Riksdagen,
1454 1950 98 31 ännu
1577 1946 128 46 någon
1724 1942 55 37 tid
1797 1942 76 36 låta

268 2004 250 47 meningarne
557 2003 103 36 inom
700 2001 130 37 landet
870 2000 132 37 arbeta
1043 1998 62 49 sig
1144 1998 95 36 fram
1281 1996 56 37 till
1366 1995 99 37 ökad
1493 1995 152 36 klarhet
1673 1992 199 49 angående

269 2055 65 36 det
373 2054 199 47 rigtigaste
614 2057 118 31 sättet
771 2052 58 35 för
869 2050 75 36 den
985 2049 149 47 vigtiga
1173 2048 155 46 frågans
1361 2046 165 47 lösning,
1563 2048 126 33 såsom
1719 2044 71 36 ock
1820 2048 54 31 att

269 2104 188 37 derunder
496 2103 12 35 i
549 2102 217 48 möjligaste
801 2104 86 33 mån
916 2100 129 35 hemta
1072 2098 146 36 lärdom
1248 2097 42 36 af
1315 2096 117 36 andra
1458 2095 154 36 länders
1642 2094 231 46 erfarenhet,

270 2168 86 23 men
398 2154 47 36 då
484 2152 121 37 under
647 2152 73 36 alla
760 2149 262 39 förhållanden
1050 2147 290 48 försäkringens
1369 2145 304 49 genomförande
1702 2145 173 35 kommer

271 2210 53 31 att
352 2204 135 36 kräfva
513 2202 198 48 betydliga
739 2202 156 48 belopp,
923 2203 49 46 på
991 2200 65 36 det
1071 2204 54 31 att
1141 2199 47 35 de
1208 2197 221 48 ifrågasatta
1448 2195 427 50 pensionsförmånerna

272 2259 60 33 må
360 2255 151 36 komma
539 2253 112 37 äfven
680 2252 76 37 den
784 2250 220 38 nuvarande
1033 2248 276 49 generationen
1338 2247 55 36 till
1423 2247 116 48 godo,
1569 2259 112 24 anser
1698 2246 66 48 jag
1785 2246 89 48 mig,

358 2311 71 31 Bih.
453 2311 46 32 till
523 2310 111 32 Riksd.
661 2309 82 31 Prot.
771 2311 95 29 1897.
913 2310 20 28 4
959 2307 94 32 Saml.
1082 2310 14 27 1
1121 2306 77 41 Afd.
1224 2307 44 29 42
1295 2304 90 40 Häft.
1411 2304 83 38 (N:o
1518 2305 72 37 58).
