2238 2614
213 436 139 28 Utskottet.

404 145 17 29 2
832 146 375 41 Bevillningsutskottets
1232 150 203 32 betänkande
1459 151 53 31 Nr
1531 156 25 27 3

537 226 236 37 Beträffande
823 230 267 48 motiveringen
1135 231 57 36 för
1235 231 177 49 förslaget
1454 233 55 36 får
1540 235 180 36 utskottet
1764 237 154 36 hänvisa
1960 240 56 34 till

403 281 200 34 motionen.

537 440 71 35 Det
636 442 12 33 i
679 440 240 37 förevarande
950 444 139 35 motion
1118 443 205 37 framförda
1352 448 220 45 spörsmålet
1600 460 59 23 om
1691 448 134 49 vidgad
1848 451 165 48 skyldig-

399 493 64 35 het
492 492 58 36 för
577 494 458 49 taxeringsmyndigheter
1064 503 53 29 att
1146 498 218 36 underrätta
1393 499 71 36 den
1494 500 269 49 skattskyldige
1793 515 60 23 om
1876 504 136 36 honom

398 546 132 46 påförd
560 549 174 46 taxering
763 547 142 49 förelåg
932 550 58 34 till
1020 550 229 49 behandling
1273 553 140 45 jämväl
1434 553 60 35 vid
1520 552 99 36 1917
1643 557 57 33 års
1721 555 151 49 riksdag
1892 556 120 36 fastän

395 601 12 32 i
452 613 100 22 mera
596 601 205 47 begränsad
839 601 237 49 omfattning.
1136 604 13 35 I
1189 617 45 23 en
1275 618 44 22 av
1357 606 86 35 herr
1480 606 202 37 Erlansson
1719 609 108 35 väckt
1857 611 153 43 motion,

398 652 45 35 II:
465 654 86 38 104,
583 653 247 37 framställdes
861 654 138 48 förslag
1026 669 59 23 om
1112 657 207 49 åläggande
1340 657 57 37 för
1417 662 353 46 taxeringsnämnds
1790 662 222 37 ordförande

399 711 76 30 »att
503 707 125 35 lämna
657 707 165 49 skriftlig
851 709 152 47 uppgift
1031 722 59 23 om
1122 713 221 46 taxeringen
1373 726 43 22 av
1446 713 44 35 de
1520 727 186 34 personer,
1738 728 78 23 som
1839 716 46 35 bo
1907 722 102 30 utom

395 760 268 36 kommunen».

528 813 56 35 Då
614 815 282 47 skattskyldiga,
927 828 77 23 som
1034 818 141 35 lämnat
1205 818 152 48 uppgift
1387 818 57 36 för
1472 819 54 36 sin
1549 823 185 47 taxering,
1757 822 115 35 redan
1893 824 118 47 enligt

395 867 45 33 31
480 864 18 48 $
539 869 15 31 1
589 879 111 23 mom.
731 868 460 50 taxeringsförordningen
1223 873 104 34 skola
1360 873 237 39 underrättas
1627 886 44 24 om
1698 877 198 34 avvikelse
1927 875 78 37 från

393 919 149 36 lämnad
582 920 159 48 uppgift,
779 924 112 46 avsåg
920 921 175 49 förslaget
1124 924 148 44 sådana,
1305 930 100 30 utom
1438 927 178 35 kommun
1648 928 142 36 bosatta
1819 942 187 34 personer,

392 985 76 23 som
500 975 178 46 antingen
710 974 222 36 försummat
961 977 55 34 sin
1049 976 385 50 uppgiftsskyldighet
1463 980 90 35 eller
1581 982 66 33 ock
1677 982 80 34 icke
1787 984 95 33 varit
1914 996 93 35 upp-

390 1025 262 49 giftspliktiga,
684 1028 83 34 med
797 1028 114 35 andra
941 1029 66 35 ord
1037 1031 30 45 ej
1100 1029 80 36 haft
1209 1034 121 44 någon
1357 1033 101 34 inom
1481 1033 225 36 kommunen
1731 1036 276 48 beskattnings-

391 1079 66 35 bar
486 1080 174 35 inkomst.

527 1132 102 36 Efter
672 1147 44 22 en
761 1141 171 29 närmare
976 1136 203 47 utredning
1220 1150 44 22 av
1307 1138 97 35 olika
1443 1138 343 48 ifrågakommande
1818 1141 77 41 fall,
1926 1156 78 22 som

393 1186 178 41 utvisade,
616 1192 53 30 att
712 1188 45 34 de
800 1189 189 46 praktiska
1031 1188 212 37 fördelarna
1285 1203 44 23 av
1373 1191 71 35 den
1489 1191 211 50 föreslagna
1745 1195 257 48 anordningen

391 1239 204 48 ingalunda
634 1241 196 47 uppvägde
860 1242 44 34 de
935 1242 151 36 därmed
1116 1242 175 37 förenade
1321 1246 300 47 olägenheterna,
1652 1249 191 47 avstyrkte
1876 1249 128 35 bevill-

391 1294 294 47 ningsutskottet
720 1296 201 42 motionen,
952 1296 67 34 och
1050 1296 82 35 blev
1168 1298 198 35 utskottets
1402 1299 219 35 hemställan
1652 1299 153 37 bifallen
1837 1315 44 22 av
1910 1304 94 34 riks-

389 1346 131 48 dagen.

526 1400 95 35 Herr
649 1401 232 36 Johanssons
913 1402 241 36 förevarande
1185 1406 140 33 motion
1356 1406 66 35 har
1451 1420 45 21 en
1526 1407 124 36 vidare
1676 1422 89 21 ram.
1822 1409 79 36 Den
1924 1423 80 22 om-

390 1452 111 36 fattar
544 1454 83 43 alla,
667 1468 77 22 som
786 1461 161 30 taxerats
978 1461 88 30 utan
1096 1463 54 29 att
1179 1457 44 35 de
1252 1459 143 35 lämnat
1425 1460 151 48 uppgift
1606 1460 57 35 för
1691 1464 236 47 taxeringen,
1958 1464 45 35 de

389 1510 60 31 må
478 1507 92 35 hava
601 1510 93 33 varit
723 1509 124 34 därtill
878 1509 171 48 skyldiga
1078 1511 89 34 eller
1195 1512 92 43 icke,
1319 1511 45 36 de
1394 1517 60 31 må
1483 1526 85 22 vara
1598 1514 143 36 bosatta
1769 1517 103 33 inom
1899 1517 104 34 kom-

390 1573 137 22 munen
550 1557 113 39 eller
706 1568 102 28 utom
853 1561 227 37 densamma.
1141 1563 130 36 Likaså
1314 1566 92 34 skall
1436 1567 118 44 enligt
1584 1569 189 34 motionen
1805 1569 196 36 underrät-

388 1615 190 46 telseplikt
607 1615 123 47 åligga
759 1616 30 45 ej
823 1615 97 35 blott
948 1617 333 47 taxeringsnämnd
1313 1623 89 30 utan
1433 1621 65 34 ock
1529 1622 358 47 prövningsnämnd.

524 1666 71 36 Det
639 1671 58 31 må
726 1669 192 43 erkännas,
949 1674 54 30 att
1032 1670 85 34 herr
1144 1669 234 37 Johanssons
1409 1671 138 50 förslag
1577 1680 39 28 är
1646 1688 99 22 mera
1773 1676 228 36 konsekvent

386 1727 46 28 än
478 1721 85 35 herr
606 1720 229 41 FErlanssons,
873 1735 77 22 som
981 1722 101 36 brast
1112 1723 111 35 bland
1254 1731 113 29 annat
1397 1726 135 42 däruti,
1564 1733 53 29 att
1646 1728 61 35 det
1737 1729 30 46 ej
1799 1729 202 36 omfattade

386 1774 72 34 alla
487 1774 222 35 hithörande
739 1774 76 35 fall.
1823 1800 2 3 :

522 1827 217 35 Emellertid
761 1831 116 32 måste
899 1830 181 34 utskottet
1095 1831 160 45 alltjämt
1275 1833 109 33 ställa
1404 1834 55 43 sig
1478 1835 239 46 synnerligen
1739 1836 184 35 tveksamt
1941 1838 57 33 till

385 1881 123 34 saken.
568 1879 72 37 Om
685 1881 44 35 de
773 1882 270 48 skattskyldiga
1085 1896 76 22 som
1207 1884 208 36 deklarerat
1457 1886 91 35 eller
1591 1887 105 46 eljest
1739 1887 174 49 fullgjort
1941 1892 57 33 sin

387 1933 265 49 uppgiftsplikt
681 1941 50 37 är,
763 1938 121 32 såsom
915 1949 93 22 ovan
1038 1943 159 37 nämnts,
1227 1938 80 35 icke
1338 1937 117 50 fråga,
1493 1945 89 30 utan
1613 1940 129 36 endast
1766 1954 60 23 om
1849 1942 147 43 sådana,

384 1999 78 23 som
507 1989 179 46 antingen
731 1989 193 35 uraktlåtit
967 1991 124 34 lämna
1134 1990 231 36 deklaration
1409 1995 21 32 å
1468 1994 56 34 sin
1564 1995 434 49 mantalsskrivningsort

384 2041 90 34 eller
516 2040 156 36 särskild
716 2040 152 50 uppgift
904 2045 11 32 i
946 2056 125 22 annan
1101 2044 191 44 kommun,
1325 2045 66 35 där
1421 2045 45 35 de
1496 2045 83 37 haft
1606 2048 174 42 inkomst,
1812 2050 91 34 eller
1931 2051 67 34 ock

384 2092 147 44 sådana,
563 2107 77 22 som
672 2096 79 34 icke
781 2097 95 34 varit
906 2097 266 35 deklarations-
1202 2099 90 34 eller
1312 2097 345 51 uppgiftsskyldiga
1677 2102 100 34 inom
1800 2102 71 35 den
1894 2104 103 34 kom-

384 2160 90 22 mun
520 2148 66 34 där
628 2151 175 46 taxering
845 2150 107 41 skett,
997 2150 34 35 d.
1063 2164 32 22 v.
1127 2163 27 22 s.
1185 2152 79 34 icke
1309 2151 81 36 haft
1424 2156 120 44 någon
1577 2154 66 34 där
1672 2155 325 48 beskattningsbar

382 2201 174 34 inkomst.

517 2254 82 35 Vad
629 2255 70 35 den
731 2256 99 35 förra
859 2270 183 34 gruppen,
1074 2258 44 35 de
1148 2257 230 48 försumliga,
1409 2259 186 45 beträffar,
1619 2274 108 35 synes
1749 2268 90 29 även
1863 2265 132 33 motio-
