2188 2628
663 160 344 33 Jordbruksutskottets
1030 160 164 34 utlåtande
1217 161 53 32 Nr
1294 162 51 32 64.
1755 162 17 31 7

939 650 52 41 Nr
1025 646 63 64 64.

762 807 112 27 Ankom
893 807 42 27 till
954 807 167 36 riksdagens
1140 807 94 28 kansli
1254 808 53 27 den
1326 808 35 27 23
1380 809 71 35 april
1471 809 69 28 1920
1557 809 39 27 kl.
1616 811 32 30 !/»
1667 811 17 26 5
1703 820 22 16 e.
1745 820 35 18 m.

420 947 196 36 Utlåtande
644 949 13 34 i
686 947 197 46 anledning
913 960 43 24 av
984 949 138 45 Kungl.
1157 950 133 43 Maj:ts
1310 951 229 45 proposition
1567 952 79 35 med
1669 951 146 46 förslag

613 1017 57 35 till
706 1017 224 47 förordning
972 1019 184 44 angående
1197 1019 381 46 allmänningsskogar
1614 1022 12 33 i
1670 1021 145 36 VWVäster-

613 1087 135 36 bottens
787 1087 62 36 och
877 1087 234 37 Norrbottens
1141 1088 72 35 län.

1481 1157 73 49 (2:a
1584 1157 98 49 avd.)

340 1266 18 36 I
388 1279 47 24 en
463 1267 56 36 till
546 1267 203 49 riksdagen
777 1268 73 36 den
881 1270 45 34 14
956 1268 165 38 februari
1153 1270 98 35 1920
1281 1270 161 46 avlåten,
1470 1270 57 35 till
1550 1269 266 49 jordbruksut-

211 1319 142 36 skottet
380 1318 183 38 hänvisad
591 1319 249 50 proposition,
870 1333 44 23 nr
945 1322 82 46 176,
1049 1320 67 36 har
1136 1320 142 49 Kungl.
1300 1321 120 49 Maj:t,
1440 1321 122 36 under
1577 1321 239 50 åberopande

211 1385 47 22 av
298 1370 121 49 bilagt
463 1371 141 49 utdrag
649 1385 47 22 av
736 1372 413 49 statsrådsprotokollet
1198 1377 90 31 över
1328 1372 374 49 jordbruksärenden
1756 1374 61 36 för

212 1435 144 24 samma
397 1422 88 49 dag,
516 1423 198 49 föreslagit
753 1423 205 49 riksdagen
999 1429 56 30 att
1096 1429 140 42 antaga
1277 1424 63 36 vid
1381 1424 285 50 propositionen
1709 1425 108 49 fogat

212 1474 143 49 förslag
393 1474 57 36 till
483 1474 226 50 förordning
738 1475 197 48 angående
965 1475 397 50 allmänningsskogar
1390 1477 12 35 i
1430 1477 285 36 Västerbottens
1744 1477 71 36 och

212 1526 251 37 Norrbottens
491 1527 72 36 län.

342 1578 198 49 Förslaget
569 1583 40 31 är
638 1593 47 22 av
715 1579 164 48 följande
908 1579 156 49 lydelse:

883 1749 12 19 »
909 1730 239 49 Förslag

989 1818 52 33 till

213 1895 215 42 förordning
460 1895 184 42 angående
673 1897 373 41 allmänningsskogar
1069 1897 13 32 i
1106 1897 269 33 Västerbottens
1398 1897 67 34 och
1488 1897 231 34 Norrbottens
1741 1898 73 32 län.

972 1975 19 49 g
1011 1975 43 49 1.

345 2043 173 48 Område,
556 2057 81 23 som
667 2044 61 36 vid
758 2045 211 47 avvittring
997 2045 103 35 inom
1132 2044 283 37 Västerbottens
1445 2045 90 36 eller
1563 2045 252 36 Norrbottens

214 2095 61 34 län
304 2094 109 35 blivit
442 2095 123 47 utlagt
594 2095 56 35 till
680 2095 365 48 allmänningsskog,
1075 2095 94 36 skall
1198 2095 206 36 bibehållas
1434 2096 261 36 oförminskat.

975 2180 20 48 g
1014 2180 43 48 2.

345 2248 72 35 För
447 2247 100 48 varje
576 2248 355 49 allmänningsskog
960 2249 93 36 skall
1084 2249 170 36 utfärdas
1283 2249 152 36 särskilt
1464 2250 240 47 reglemente.
