2184 2628
444 194 20 31 2
862 193 259 32 Statsutskottets
1154 194 179 33 Utlåtande
1358 194 66 32 N:o
1451 197 73 30 151.

495 273 165 37 Berörda
687 273 144 50 förslag
858 274 230 36 innefattade
1116 273 180 49 följande:

494 330 56 31 att
576 325 232 49 landstinget
836 325 257 49 berättigades
1122 330 53 31 att
1204 329 21 33 å
1253 331 122 31 staten
1398 326 186 49 tillhörigt
1604 326 151 37 område
1774 326 62 37 vid
1857 327 131 36 Lunds

392 377 166 49 hospital
597 377 161 49 uppföra
786 390 46 24 en
859 377 59 37 för
945 377 112 49 tjugu
1083 377 186 49 patienter
1295 377 132 37 afsedd
1456 378 182 49 byggnad
1665 378 13 36 i
1706 378 167 48 enlighet
1901 378 85 37 med

393 428 41 37 af
456 428 283 37 vederbörande
767 429 227 49 myndighet
1021 429 179 48 godkänd
1228 429 157 49 ritning;

496 485 55 31 att
591 480 233 49 landstinget
865 480 120 37 skulle
1013 480 208 37 vidkännas
1249 481 212 36 kostnaden
1489 481 31 48 ej
1552 481 143 37 mindre
1723 482 59 36 för
1808 482 180 48 nybygg-

393 531 123 37 naden
557 532 83 36 med
683 532 220 37 dithörande
940 532 356 49 promenadgårdar,
1325 538 328 44 värmeapparater
1681 534 70 35 och
1779 533 211 37 vattenled-

392 584 180 47 ningsrör
612 587 48 32 än
699 584 111 36 äfven
838 584 58 36 för
923 584 50 36 all
1001 597 124 23 annan
1152 585 75 35 fast
1254 584 204 49 inredning
1486 590 97 30 samt
1611 585 57 36 för
1696 584 201 37 framtiden
1925 584 64 36 be-

393 635 118 36 strida
538 635 430 37 underhållskostnaden
996 636 144 45 härför;

496 691 55 32 att
592 692 120 31 staten
756 688 119 36 skulle
911 687 172 37 anskaffa
1110 688 69 36 och
1207 687 217 37 underhålla
1453 688 47 36 all
1529 688 72 36 den
1628 688 79 36 lösa
1735 688 252 48 utredningen

394 743 97 32 samt
533 738 210 49 ombesörja
784 740 69 35 och
894 739 160 37 bekosta
1089 739 65 36 allt
1181 739 100 36 hvad
1308 740 12 35 i
1348 739 117 49 öfrigt
1493 740 59 36 för
1580 740 45 35 de
1653 739 129 49 sjukas
1809 739 92 37 vård
1930 753 57 22 er-

393 790 211 45 fordrades;

497 846 55 31 att
580 841 42 37 af
645 842 190 48 platserna
863 841 52 36 tio
944 841 120 36 skulle
1092 840 148 37 inredas
1269 840 58 37 för
1354 841 166 49 manliga
1549 841 69 37 och
1641 841 53 37 tio
1715 841 57 37 för
1790 841 198 48 kvinnliga

394 893 201 49 patienter;

498 950 55 31 att
594 945 71 36 den
706 957 75 35 nya
815 944 186 36 anstalten
1029 943 118 36 skulle
1175 943 213 36 införlifvas
1416 944 84 35 med
1528 944 222 48 hospitalets
1779 943 123 48 öfriga
1930 943 60 35 för

395 996 229 48 sjukvården
665 995 152 37 afsedda
859 995 239 48 afdelningar
1138 995 70 36 och
1248 995 222 48 hospitalets
1513 996 157 48 styrelse
1697 995 208 48 berättigas
1934 1000 54 30 att

395 1048 82 36 fritt
517 1048 149 48 förfoga
702 1047 106 36 öfver
843 1047 189 35 anstalten
1060 1046 69 36 och
1157 1046 173 36 använda
1358 1046 217 36 densamma
1602 1050 124 33 såsom
1754 1060 46 23 en
1827 1052 163 43 upptag-

395 1100 254 48 ningsanstalt
677 1099 58 36 för
762 1098 156 49 nyligen
946 1097 236 49 insjuknade,
1210 1104 91 30 utan
1328 1098 175 36 afseende
1530 1101 49 46 på
1607 1111 60 23 om
1687 1099 110 36 dessa
1814 1098 176 36 tillhörde

396 1152 211 36 Malmöhus
634 1152 63 35 län
725 1150 88 37 eller
841 1152 118 46 något
988 1155 115 30 annat
1129 1150 75 46 län,
1234 1149 97 37 dock
1358 1149 85 36 med
1471 1149 138 37 villkor
1637 1155 54 31 att
1718 1150 111 48 tjugu
1848 1149 143 49 platser

396 1203 106 37 alltid
552 1203 70 36 och
662 1208 92 30 utan
782 1201 239 48 invändning
1060 1201 135 36 funnes
1238 1201 212 49 disponibla
1491 1201 131 37 endast
1658 1202 59 35 för
1758 1201 108 48 sjuka
1907 1201 83 35 från

395 1255 211 36 Malmöhus
633 1254 63 36 län
724 1254 70 36 och
822 1258 54 31 att
903 1266 48 23 en
979 1252 146 49 fullgod
1151 1253 92 35 vård
1273 1252 106 37 dessa
1406 1253 198 45 bereddes;

499 1311 56 31 att
595 1305 289 50 granskningen
924 1304 43 36 af
1000 1304 462 49 ansökningshandlingar
1490 1318 61 22 om
1578 1305 146 36 inträde
1752 1307 21 33 å
1800 1304 191 36 lasarettet

398 1359 57 35 för
495 1357 167 49 tillfällig
702 1356 276 50 hospitalsvård
1019 1356 235 37 behöfvande
1295 1356 238 49 sinnessjuka
1574 1357 120 36 skulle
1727 1356 66 36 ske
1820 1356 12 36 i
1860 1356 131 48 vanlig

397 1410 176 48 ordning,
602 1413 39 33 så
670 1414 54 31 att
751 1407 289 50 ifrågavarande
1067 1408 184 48 patienter
1279 1408 56 36 till
1364 1409 185 35 anstalten
1578 1408 119 36 skulle
1724 1408 209 37 remitteras
1953 1407 44 36 af

396 1463 211 35 lasarettets
648 1461 126 36 läkare
816 1461 56 35 för
913 1465 57 31 att
1011 1459 67 37 där
1116 1460 149 46 vårdas,
1294 1460 57 36 till
1378 1460 85 36 dess
1492 1460 59 36 för
1578 1460 107 36 deras
1714 1459 278 49 hospitalsvård

398 1513 226 37 föreskrifna
651 1513 111 48 intyg
790 1512 68 36 och
886 1511 407 37 ansvarsförbindelser
1320 1525 138 35 genom
1485 1512 212 36 lasarettets
1724 1512 183 35 målsmän
1928 1524 63 22 an-

398 1565 169 46 skaffats,
608 1565 190 36 hvarefter
838 1564 109 35 dessa
989 1563 120 49 sjuka,
1151 1563 123 36 såvidt
1316 1564 43 36 de
1399 1563 203 49 pröfvades
1644 1577 90 22 vara
1767 1563 57 36 till
1852 1563 91 35 vård
1972 1566 18 32 å

398 1617 163 48 hospital
590 1617 88 36 eller
705 1617 81 48 asyl
815 1615 249 48 berättigade,
1093 1615 115 37 borde
1237 1615 67 36 där
1331 1616 115 35 vinna
1473 1615 147 36 inträde
1647 1615 12 36 i
1678 1615 151 36 alldeles
1850 1627 142 24 samma

398 1669 165 48 ordning
603 1682 79 22 som
724 1668 114 36 andre
879 1667 238 48 sinnessjuka
1157 1667 69 36 och
1268 1673 91 30 utan
1399 1670 119 45 något
1560 1667 184 36 företräde
1785 1667 58 35 för
1871 1666 122 45 dessa,

397 1720 212 37 Malmöhus
636 1720 63 36 län
726 1719 224 37 tillhörande
979 1718 254 49 sinnessjuka;

501 1776 56 32 att
594 1772 57 36 för
686 1771 131 48 hvarje
844 1771 144 48 patient
1017 1770 117 37 skulle
1162 1771 176 48 erläggas
1367 1769 112 49 afgift
1507 1769 56 36 till
1592 1775 135 41 staten,
1756 1769 153 37 hvilken
1939 1768 54 35 af-

399 1824 74 48 oift
514 1824 60 36 för
611 1823 45 37 de
698 1824 120 36 första
845 1822 75 37 fem
950 1825 89 33 åren
1067 1822 118 36 skulle
1213 1825 92 45 utgå
1333 1821 84 37 med
1446 1824 21 33 2
1497 1821 138 36 kronor
1663 1823 48 34 50
1740 1827 62 30 öre
1831 1821 58 36 för
1917 1820 77 47 dag

399 1876 70 36 och
497 1875 163 37 därefter
687 1875 60 36 för
774 1875 75 36 fem
877 1877 40 33 år
945 1874 12 35 i
986 1874 135 36 sänder
1147 1873 226 37 bestämmas
1402 1873 42 36 af
1468 1873 141 48 Kungl.
1639 1873 117 48 Maj:t,
1781 1875 47 46 på
1848 1871 146 47 förslag

398 1927 42 36 af
464 1927 384 48 medicinalstyrelsen
878 1925 70 37 och
977 1925 116 37 sedan
1120 1926 232 47 landstinget
1379 1925 125 36 blifvit
1532 1925 125 42 hördt;

504 1984 54 31 att
585 1978 161 49 afgiften
775 1978 119 36 skulle
923 1977 183 37 inbetalas
1134 1977 228 36 kvartalsvis
1390 1978 42 35 af
1456 1976 431 43 lasarettsdirektionen;

503 2035 56 31 att
599 2030 206 37 emellertid
847 2035 52 31 ett
940 2029 284 49 minimibelopp
1253 2029 42 36 af
1320 2030 111 46 3,000
1459 2029 140 36 kronor
1627 2028 119 36 skulle
1775 2027 57 36 för
1860 2026 133 48 hvarje

400 2084 41 33 år
468 2082 12 35 i
508 2082 301 49 patientafgifter
835 2082 55 36 till
920 2086 124 31 staten
1071 2086 173 43 utgöras;

504 2138 55 31 att
592 2136 40 34 så
660 2139 103 31 snart
790 2136 128 46 någon
947 2136 19 32 å
997 2133 184 35 anstalten
1208 2133 157 47 intagen
1393 2131 217 48 sinnessjuk
1637 2129 167 37 därifrån
1830 2130 163 36 utskref-

400 2198 78 33 ves,
520 2184 196 37 äfvensom
758 2186 47 36 då
836 2185 75 36 han
939 2185 150 47 intoges
1118 2187 20 32 å
1166 2184 80 49 asyl
1274 2184 89 36 eller
1390 2183 177 48 hospital,
1595 2181 253 48 landstingets
1876 2182 117 36 betal-

400 2236 340 49 ningsskyldighet
768 2238 58 35 för
846 2249 143 23 samma
1008 2235 143 50 patient
1169 2235 208 50 upphörde,
1397 2235 153 35 hvarför
1569 2232 273 38 underrättelse
1860 2234 133 35 härom

400 2294 91 31 utan
520 2287 177 48 dröjsmål
726 2302 137 35 genom
892 2288 225 49 hospitalets
1146 2288 210 48 syssloman
1385 2286 120 36 skulle
1533 2286 143 36 lämnas
1696 2284 298 38 lasarettsdirek-
