2284 2640
758 217 279 34 Bankoutskottets
1059 220 165 32 utlåtande
1247 219 53 33 Nr
1323 224 49 29 75.
1842 223 17 31 T

263 301 109 36 lande
414 303 68 36 och
524 303 58 48 då,
624 304 119 48 enligt
772 304 71 37 vad
872 305 248 48 utredningen
1149 305 106 48 giver
1284 306 62 36 vid
1376 307 159 45 handen,
1566 320 45 23 en
1641 308 220 48 anslagsök-

263 353 94 49 ning
384 355 95 36 lärer
507 369 88 22 vara
622 356 186 48 påkallad,
838 356 67 36 har
931 356 183 38 utskottet
1135 358 124 37 funnit
1279 358 59 48 sig
1356 359 90 36 böra
1465 359 209 46 hemställa,
1696 366 54 29 att
1769 360 93 36 riks-

264 405 132 48 dagen,
427 406 84 37 med
540 406 162 49 ändring
731 421 45 22 av
805 408 65 36 sitt
900 408 240 37 förenämnda
1169 409 132 48 beslut,
1332 411 85 35 ville
1432 410 145 38 besluta
1593 416 53 32 att
1661 411 87 49 höja
1764 425 97 23 ovan

263 458 247 36 omförmälda
539 459 133 47 anslag
699 459 56 36 till
785 461 163 45 270,000
977 461 147 35 kronor.

365 509 50 36 På
444 510 123 47 grund
596 523 45 23 av
670 510 71 36 vad
770 511 157 36 sålunda
955 512 144 36 anförts
1128 512 57 36 får
1213 512 181 37 utskottet
1421 513 207 49 hemställa,

766 618 55 31 att
848 613 200 49 riksdagen
1077 617 71 45 må,

765 664 33 48 c)
829 665 173 49 förklara,
1032 671 54 31 att
1113 666 250 37 underofficer
1391 681 46 22 av
1467 670 33 33 3.
1518 668 144 48 graden
1677 668 63 36 vid
1756 669 104 36 kust-

663 716 189 37 artilleriet
887 720 60 33 må
976 717 141 37 erhålla
1145 719 158 48 pension
1331 719 56 36 till
1415 719 76 36 lika
1518 720 147 50 belopp
1684 734 80 23 som
1793 735 67 22 un-

662 768 195 37 derofficer
885 783 45 22 av
960 772 32 33 3.
1023 770 142 48 graden
1194 771 64 36 vid
1286 771 147 45 flottan;

765 820 37 49 d)
832 821 186 49 medgiva,
1055 863 6 7 .

765 878 52 30 att
845 873 53 36 till
926 887 46 22 en
1001 887 66 22 var
1094 888 47 22 av
1169 874 101 37 förut
1299 875 223 47 omförmält,
1547 877 188 48 överårigt
1756 889 104 23 man-

661 923 106 49 skap,
810 937 79 23 som
931 924 184 37 avskedas
1144 926 84 36 med
1257 926 90 36 eller
1374 927 94 36 efter
1499 929 96 34 1918
1625 930 60 34 års
1713 931 148 46 utgång

661 975 89 36 eller
779 976 69 36 ock
876 976 94 37 efter
996 977 157 48 ingiven
1182 978 214 49 ansökning
1424 992 60 22 om
1514 979 137 36 avsked
1680 979 63 36 vid
1773 980 88 37 eller

662 1027 96 36 efter
799 1028 162 37 nämnda
1003 1029 177 49 tidpunkt
1221 1030 220 48 entledigas,
1471 1034 59 33 må
1561 1031 79 36 från
1669 1031 103 37 tiden
1801 1032 58 37 för

662 1079 180 37 avskedet
884 1093 46 23 av
958 1081 338 50 förslagsanslaget
1323 1082 56 36 till
1406 1083 267 49 pensionering
1702 1097 46 22 av
1776 1084 83 36 flot-

661 1137 83 31 tans
786 1133 231 49 gemenskap
1060 1136 90 47 utgå
1179 1134 315 50 tilläggspension
1523 1135 83 36 med
1636 1135 134 37 sådant
1798 1136 84 37 be-
1862 1129 23 59 .

661 1184 99 49 lopp,
804 1190 53 31 att
885 1185 72 36 den
985 1185 139 37 honom
1153 1186 120 49 enligt
1299 1187 248 48 reglementet
1575 1187 58 37 för
1661 1188 198 49 pensione-

660 1236 87 48 ring
774 1250 46 22 av
847 1236 151 38 flottans
1028 1238 70 36 och
1112 1238 224 37 lotsverkets
1351 1240 231 48 gemenskap
1598 1240 71 37 den
1687 1242 45 34 31
1752 1240 107 36 okto-

660 1287 65 37 ber
765 1289 96 35 1879
891 1295 97 30 samt
1016 1289 256 50 kungörelsen
1300 1290 72 37 den
1403 1293 45 34 13
1478 1292 149 48 augusti
1659 1293 96 35 1909
1786 1293 73 35 till-

660 1340 225 37 kommande
921 1342 156 47 pension
1108 1341 244 37 tillsammans
1380 1343 84 36 med
1493 1343 366 50 tilläggspensionen

659 1395 152 45 uppgår
851 1392 55 36 till
946 1393 74 36 vad
1052 1407 81 22 som
1163 1395 82 35 med
1275 1394 241 49 tillämpning
1545 1409 46 22 av
1618 1396 11 35 i
1658 1396 200 36 statsråds-

659 1443 226 49 protokollet
926 1445 174 48 angivna,
1143 1445 11 36 i
1187 1446 283 49 propositionen
1498 1461 45 22 nr
1572 1449 72 35 268
1673 1448 57 36 till
1761 1450 94 34 1917

660 1498 59 33 års
746 1496 156 49 riksdag
920 1496 214 50 föreslagna
1148 1498 459 50 pensioneringsgrunder
1622 1500 121 36 skulle
1761 1500 98 37 hava

659 1548 218 37 tillkommit
904 1548 138 38 honom
1071 1550 12 35 1
1110 1550 175 49 pension;

763 1605 55 32 att
858 1600 314 50 tilläggspension
1216 1602 120 49 enligt
1377 1603 197 37 enahanda
1604 1604 166 48 grunder
1797 1607 60 34 må

660 1651 83 37 från
770 1652 165 37 nämnda
963 1654 133 49 anslag
1124 1657 93 46 utgå
1244 1655 55 35 till
1328 1655 125 49 övrigt
1481 1656 183 49 manskap
1693 1657 64 36 vid
1782 1670 75 23 ma-

657 1704 119 48 rinen,
806 1718 80 23 som
915 1706 133 36 vunnit
1076 1707 89 35 eller
1193 1706 78 37 före
1299 1710 198 46 utgången
1525 1722 47 22 av
1599 1711 40 33 år
1669 1710 97 35 1918
1783 1710 74 35 kan

659 1756 153 37 komma
840 1762 54 31 att
921 1758 114 36 vinna
1063 1759 232 49 anställning
1322 1759 63 36 vid
1414 1761 167 36 marinen
1611 1760 70 37 och
1708 1774 81 23 som
1818 1766 40 32 är

659 1809 90 35 eller
789 1809 169 37 kommer
999 1815 54 31 att
1090 1810 103 37 bliva
1220 1811 201 49 berättigat
1448 1812 56 36 till
1533 1812 232 37 fortfarande
1794 1827 62 22 an-

659 1860 182 50 ställning
882 1862 119 48 enligt
1040 1863 72 35 vad
1155 1862 58 37 för
1253 1864 233 36 närvarande
1528 1870 40 30 är
1601 1865 162 49 stadgat,
1792 1866 66 35 allt

658 1912 94 37 efter
793 1926 80 24 som
910 1913 100 37 detta
1038 1914 194 50 manskap,
1261 1915 95 36 efter
1383 1921 52 31 att
1461 1916 97 37 hava
1587 1917 119 49 tjänat
1734 1923 122 31 staten

658 1965 119 36 under
814 1965 115 37 minst
958 1967 47 35 20
1034 1969 50 45 år,
1113 1970 146 46 uppnår
1286 1980 45 23 en
1360 1968 259 37 levnadsålder
1647 1983 47 22 av
1723 1971 47 35 50
1799 1973 56 41 år;

658 2023 96 30 samt

762 2068 32 49 e)
831 2069 57 36 för
926 2069 240 38 bestridande
1195 2085 47 22 av
1271 2071 45 36 de
1343 2071 214 49 kostnader,
1587 2086 81 23 som
1696 2073 160 37 föranle-

660 2119 65 37 das
754 2134 46 22 av
828 2121 45 36 de
902 2122 117 36 under
1046 2121 36 50 d)
1109 2123 69 36 här
1205 2136 98 23 ovan
1331 2124 230 37 framställda
1589 2125 154 49 förslag,
1772 2125 84 37 med

659 2172 162 50 ändring
861 2187 47 22 av
949 2174 63 36 sitt
1053 2174 99 37 förut
1193 2175 141 36 fattade
1375 2176 122 37 beslut
1525 2177 194 48 angående
1748 2178 61 36 det
1837 2181 20 33 å

660 2224 185 38 ordinarie
873 2231 73 31 stat
973 2225 118 37 under
1117 2226 221 38 riksstatens
1366 2228 128 37 tionde
1522 2229 213 37 huvudtitel
1762 2243 94 36 upp-

659 2276 107 37 förda
793 2277 336 51 förslagsanslaget
1156 2279 57 36 till
1241 2280 270 50 pensionering
1539 2294 46 23 av
1613 2281 155 38 flottans
1792 2295 64 36 ge-
