1888 2842
282 163 18 24 4
500 161 103 28 Första
626 162 184 28 kammarens
831 162 141 33 första
995 161 146 37 tillfälliga
1164 162 127 28 utskotts
1313 162 150 28 utlåtande
1485 162 43 29 Nr
1548 163 26 29 2.
1646 189 10 11 A

1562 243 118 39 Bilaga
1705 247 29 26 1.

481 332 64 30 Till
568 332 203 38 Riksdagens
793 333 107 37 första
922 333 181 31 kammares
1126 333 105 37 första
1255 333 170 38 tillfälliga
1449 333 135 31 utskott.

331 411 107 32 Sedan
461 412 123 38 Kungl.
607 412 103 38 Maj:t
733 421 116 29 genom
870 412 112 31 remiss
1005 412 63 31 den
1093 412 37 30 10
1152 412 149 31 februari
1325 413 80 29 1939
1428 412 161 31 anbefallt
1611 412 164 31 skolöver-

290 456 160 38 styrelsen
473 459 51 27 att
546 459 108 28 senast
676 456 64 32 den
765 457 39 29 10
828 466 86 21 mars
938 457 80 30 1939
1043 456 52 31 till
1119 456 90 32 Eder
1232 456 164 32 inkomma
1419 457 75 30 med
1517 457 157 37 yttrande
1697 457 79 31 över

288 509 41 21 en
345 500 11 31 i
371 501 105 31 första
492 501 188 31 kammaren
695 500 98 31 väckt
809 501 132 38 motion,
957 511 43 21 nr
1015 501 70 38 226,
1102 511 52 20 om
1169 501 240 38 undervisning
1426 502 10 30 i
1453 501 185 39 mjölkning
1654 502 10 30 i
1682 500 92 40 jord-

287 544 243 32 bruksbetonad
556 545 336 38 fortsättningsskola,
920 545 55 31 får
1001 545 238 38 överstyrelsen
1266 546 11 30 i
1305 544 136 32 ärendet
1468 545 120 31 anföra
1614 544 158 39 följande.

329 589 245 31 Motionärerna
593 589 91 38 yrka,
705 593 50 28 att
776 589 175 38 riksdagen
972 589 101 32 måtte
1094 590 11 30 i
1124 589 154 33 skrivelse
1299 589 53 31 till
1373 589 122 38 Kungl.
1517 589 103 37 Maj:t
1642 590 131 30 anhålla

286 644 52 21 om
363 633 156 38 åtgärder
542 634 54 31 för
620 634 215 38 upptagande
861 645 41 20 av
926 635 187 39 mjölkning
1136 645 68 21 som
1229 635 166 33 ordinarie
1421 636 93 31 ämne
1541 637 9 29 i
1577 635 195 38 jordbruks-

285 678 142 31 betonad
447 677 334 39 fortsättningsskola.
815 678 76 31 Som
911 679 101 31 motiv
1033 678 200 38 framhålles,
1255 682 51 28 att
1326 679 239 31 husmödrarna
1585 680 11 30 i
1617 680 40 31 de
1676 689 96 21 sven-

285 722 59 31 ska
363 722 229 39 lanthemmen,
611 722 88 32 vilka
718 731 138 22 numera
876 723 41 30 ha
936 726 49 28 att
1005 723 53 30 till
1077 727 68 28 stor
1164 723 53 31 del
1236 733 164 23 ensamma
1419 733 96 21 svara
1535 724 54 30 för
1608 724 164 30 hemmens

286 767 120 31 skötsel
427 767 59 30 och
507 766 53 31 till
582 766 87 38 följd
691 767 104 31 därav
817 768 71 30 ofta
911 777 115 29 genom
1048 768 72 37 jäkt
1143 768 59 30 och
1225 768 321 39 överansträngning
1567 768 142 31 drabbas
1731 778 39 21 av

285 810 193 39 sjukdomar
504 812 59 30 och
591 812 137 31 nervösa
755 812 247 37 sammanbrott,
1030 812 80 31 böra
1138 813 10 30 i
1176 813 35 31 så
1238 813 105 31 måtto
1371 812 135 32 beredas
1533 824 40 21 en
1602 813 130 31 lättnad
1761 813 10 30 i

285 855 135 38 arbetet,
444 858 50 28 att
517 855 40 31 de
580 855 85 32 olika
688 855 387 38 familjemedlemmarna
1097 857 57 31 vid
1178 856 102 31 behov
1304 857 113 30 kunna
1441 857 110 32 avlösa
1573 857 197 31 husmodern

285 900 11 30 i
320 900 135 31 arbetet.
493 898 140 33 Särskilt
656 900 101 32 borde
783 899 109 32 denna
917 900 172 39 avlösning
1114 902 61 37 äga
1199 911 75 20 rum
1299 901 10 31 i
1336 901 96 39 fråga
1457 911 51 20 om
1534 901 236 38 mjölkningen,

285 945 60 30 och
367 944 111 31 försök
501 944 100 32 borde
625 945 94 38 göras
742 947 51 30 att
816 944 176 31 intressera
1017 944 63 32 den
1104 944 142 40 manliga
1272 945 60 31 och
1357 945 169 38 kvinnliga
1550 945 186 39 ungdomen
1760 945 10 30 i

284 987 350 39 landsbygdshemmen
656 992 49 28 att
726 988 118 38 hjälpa
865 988 52 31 till
938 988 145 32 därmed.
1116 988 198 40 Utbildning
1335 989 11 30 i
1367 989 184 40 mjölkning
1572 990 99 32 borde
1694 990 76 31 där-

285 1033 55 31 för
366 1032 140 31 erhållas
533 1032 103 31 redan
661 1032 110 32 under
797 1033 262 31 folkskoletiden.
1099 1033 205 38 Lämpligast
1331 1043 76 22 vore
1435 1034 82 30 dock
1545 1038 50 27 att
1621 1038 149 35 upptaga

285 1076 109 33 denna
415 1076 192 40 utbildning
629 1078 43 38 på
695 1077 367 38 fortsättningsskolans
1086 1078 199 37 arbetsplan.

324 1118 245 41 Överstyrelsen
586 1121 59 31 vill
661 1121 53 32 till
732 1133 39 20 en
790 1122 118 39 början
927 1123 137 37 påpeka,
1083 1127 49 28 att
1149 1124 156 31 teoretisk
1323 1124 240 39 undervisning
1581 1134 50 21 om
1650 1124 119 39 mjölk-

283 1164 83 40 ning
384 1169 84 27 samt
489 1176 52 21 om
562 1166 143 38 mjölken
725 1168 61 29 och
807 1166 73 32 dess
899 1167 202 39 behandling
1121 1167 102 32 redan
1244 1179 48 20 nu
1313 1169 10 31 i
1345 1170 88 37 regel
1455 1168 93 32 torde
1570 1168 199 31 förekomma

282 1210 11 30 i
313 1210 266 38 yrkesbestämda
600 1211 344 38 fortsättningsskolor
965 1212 11 30 i
998 1212 193 39 anslutning
1212 1212 53 31 till
1287 1212 162 38 jordbruk
1471 1213 73 30 med
1565 1212 202 39 binäringar.

282 1254 64 31 Att
373 1254 109 32 denna
508 1254 238 40 undervisning
775 1255 70 32 icke
871 1255 206 32 kombineras
1104 1256 73 31 med
1206 1256 171 38 praktiska
1405 1256 161 39 övningar
1593 1256 54 31 får
1676 1258 54 30 väl
1758 1257 10 30 i

283 1298 140 32 främsta
450 1304 140 27 rummet
618 1299 181 32 tillskrivas
827 1299 62 32 den
918 1300 293 38 omständigheten,
1241 1304 50 27 att
1321 1300 386 39 fortsättningsskolorna
1737 1302 30 37 ej

282 1342 42 31 ha
344 1342 141 40 tillgång
504 1342 53 32 till
575 1353 78 22 vare
672 1343 51 39 sig
742 1343 164 39 ladugård
927 1344 74 31 med
1021 1344 189 39 besättning
1230 1344 81 31 eller
1331 1345 341 38 mjölkningsattiralj.
1705 1347 64 29 Det

282 1387 110 31 finnes
407 1387 165 39 nämligen
589 1388 11 30 i
617 1387 151 39 gällande
785 1388 357 38 stadgebestämmelser
1159 1389 53 31 för
1228 1389 351 38 fortsättningsskolan
1596 1390 173 38 ingenting

282 1441 69 22 som
372 1431 147 38 hindrar,
541 1435 50 28 att
613 1434 81 30 även
716 1432 58 32 vid
795 1432 92 32 detta
908 1433 71 39 slag
1000 1443 41 21 av
1062 1433 261 38 arbetskunskap
1347 1433 279 40 undervisningen
1648 1435 121 30 ordnas

283 1476 173 38 praktiskt,
486 1477 5 30 i
512 1476 63 31 den
598 1477 75 30 mån
695 1477 283 38 förutsättningar
1000 1477 117 32 därför
1139 1479 55 30 äro
1217 1477 55 31 för
1293 1477 141 32 handen.

322 1520 17 30 I
359 1520 165 32 motionen
546 1522 92 38 göres
658 1521 183 31 emellertid
862 1521 161 39 gällande,
1046 1525 50 27 att
1123 1522 86 31 ”den
1230 1522 137 39 slutliga
1387 1523 290 39 undervisningen,
1699 1534 67 21 som

279 1564 102 32 måste
404 1563 166 40 förläggas
592 1565 53 32 till
668 1564 243 40 ladugårdar”',
935 1565 101 32 borde
1060 1566 114 32 kunna
1203 1566 219 32 ”inskränkas
1446 1567 52 31 till
1522 1568 104 38 några
1650 1568 36 31 få
1709 1569 57 30 öv-

279 1608 160 39 ningar”.
472 1605 255 42 Överstyrelsen,
750 1620 69 20 som
840 1610 69 31 icke
931 1610 61 31 har
1013 1609 179 40 anledning
1213 1610 146 33 bestrida
1382 1611 100 39 detta,
1505 1612 125 32 tillåter
1651 1612 51 39 sig
1724 1612 43 31 då

279 1653 208 39 ifrågasätta,
512 1664 52 21 om
587 1654 69 32 icke
682 1654 93 32 dessa
800 1654 37 30 få
860 1654 161 39 övningar
1045 1655 120 38 kunde,
1191 1658 82 27 utan
1299 1655 221 33 inkräktande
1544 1658 43 37 på
1611 1657 154 31 fortsätt-

278 1697 228 39 ningsskolans
528 1698 318 38 undervisningstid,
871 1698 168 39 förläggas
1062 1699 53 30 till
1140 1699 182 38 respektive
1347 1700 191 39 lärjungars
1562 1702 73 30 hem
1659 1701 107 32 under

279 1741 153 33 inseende
453 1751 41 22 av
514 1741 198 31 husmodern
733 1742 96 38 själv,
852 1752 67 21 som
940 1744 43 37 på
1005 1742 91 32 detta
1118 1743 131 32 område
1270 1744 108 31 under
1400 1745 39 31 de
1461 1755 40 21 av
1523 1745 243 32 motionärerna

279 1785 153 39 åsyftade
453 1785 251 34 förhållandena
724 1788 55 30 väl
802 1787 53 31 får
877 1787 172 31 betecknas
1069 1798 68 21 som
1157 1788 149 38 speciellt
1328 1788 193 40 sakkunnig.
1557 1790 118 32 Ehuru
1697 1800 67 21 mo-

277 1830 191 32 tionärerna
486 1840 99 28 synas
604 1831 159 38 förmena,
784 1834 49 29 att
854 1831 54 31 det
927 1832 102 32 måste
1047 1832 119 31 krävas
1185 1832 162 32 särskilda
1366 1834 158 31 anstalter
1543 1834 78 30 från
1641 1837 124 28 statens

277 1874 73 32 sida
370 1874 54 32 för
443 1878 50 27 att
514 1875 175 31 intressera
709 1875 64 31 den
795 1875 144 38 manliga
960 1877 60 30 och
1039 1876 172 39 kvinnliga
1231 1876 188 39 ungdomen
1440 1877 11 30 i
1472 1878 292 38 landsbygdshem-

279 1928 74 22 men
381 1919 54 31 för
463 1919 195 38 mjölkning,
686 1919 61 31 vill
775 1920 238 37 överstyrelsen
1043 1920 54 31 för
1125 1921 50 30 sin
1204 1920 54 32 del
1288 1921 69 31 icke
1386 1924 61 35 tro,
1479 1925 49 28 att
1558 1922 40 32 de
1627 1923 137 30 svenska

277 1963 220 30 lanthemmen
519 1963 69 31 icke
608 1963 104 31 skulle
732 1964 109 31 förmå
862 1964 177 31 framkalla
1059 1964 194 39 tillräckligt
1274 1965 137 31 intresse
1434 1966 53 31 för
1507 1966 256 39 ifrågavarande

278 2007 294 38 arbetsuppgifter,
596 2007 100 31 sedan
718 2007 42 32 de
784 2007 170 32 teoretiskt
979 2008 178 32 förberetts
1180 2009 11 30 i
1215 2009 124 31 skolan.

317 2050 112 38 Några
446 2051 162 31 särskilda
626 2051 156 38 åtgärder
800 2052 11 29 i
829 2051 180 40 anledning
1028 2064 41 20 av
1088 2052 63 32 den
1170 2053 227 39 föreliggande
1416 2055 164 32 motionen
1600 2066 96 21 anser
1713 2056 50 38 sig

276 2096 239 37 överstyrelsen
535 2095 69 31 icke
624 2096 113 31 kunna
758 2095 177 39 tillstyrka.

318 2147 187 32 Stockholm
523 2147 63 31 den
605 2148 39 30 25
662 2147 148 33 februari
830 2149 89 30 1939.

876 2211 78 32 Otto
973 2213 188 31 Holmdahl.

362 2253 149 39 Gottfrid
532 2254 192 38 Björkman.

1429 2302 145 40 /Gustaf
1596 2303 80 32 Titz.
