<?xml version="1.0" encoding="UTF-8"?>
<alto xmlns="http://www.loc.gov/standards/alto/ns-v3#" xmlns:xlink="http://www.w3.org/1999/xlink" xmlns:xsi="http://www.w3.org/2001/XMLSchema-instance" xsi:schemaLocation="http://www.loc.gov/standards/alto/ns-v3# http://www.loc.gov/alto/v3/alto-3-0.xsd">
	<Description>
		<MeasurementUnit>pixel</MeasurementUnit>
		<sourceImageInformation>
			<fileName>/tmp/tess_um1t5zot_input.PNG</fileName>
		</sourceImageInformation>
		<OCRProcessing ID="OCR_0">
			<ocrProcessingStep>
				<processingSoftware>
					<softwareName>tesseract 5.3.0</softwareName>
				</processingSoftware>
			</ocrProcessingStep>
		</OCRProcessing>
	</Description>
	<Layout>
		<Page WIDTH="2192" HEIGHT="2626" PHYSICAL_IMG_NR="0" ID="page_0">
			<PrintSpace HPOS="0" VPOS="0" WIDTH="2192" HEIGHT="2626">
				<ComposedBlock ID="cblock_0" HPOS="713" VPOS="220" WIDTH="1052" HEIGHT="34">
					<TextBlock ID="block_0" HPOS="713" VPOS="220" WIDTH="1052" HEIGHT="34">
						<TextLine ID="line_0" HPOS="713" VPOS="220" WIDTH="1052" HEIGHT="34">
							<String ID="string_0" HPOS="713" VPOS="220" WIDTH="249" HEIGHT="32" WC="0.90" CONTENT="Statsutskottets"/><SP WIDTH="30" VPOS="220" HPOS="962"/>
							<String ID="string_1" HPOS="992" VPOS="220" WIDTH="167" HEIGHT="32" WC="0.96" CONTENT="Utlåtande"/><SP WIDTH="24" VPOS="220" HPOS="1159"/>
							<String ID="string_2" HPOS="1183" VPOS="220" WIDTH="59" HEIGHT="34" WC="0.95" CONTENT="N:o"/><SP WIDTH="24" VPOS="220" HPOS="1242"/>
							<String ID="string_3" HPOS="1266" VPOS="221" WIDTH="51" HEIGHT="32" WC="0.81" CONTENT="74."/><SP WIDTH="413" VPOS="221" HPOS="1317"/>
							<String ID="string_4" HPOS="1730" VPOS="222" WIDTH="35" HEIGHT="31" WC="0.94" CONTENT="11"/>
						</TextLine>
					</TextBlock>
				</ComposedBlock>
				<ComposedBlock ID="cblock_1" HPOS="213" VPOS="297" WIDTH="1597" HEIGHT="1558">
					<TextBlock ID="block_1" HPOS="219" VPOS="297" WIDTH="1591" HEIGHT="209">
						<TextLine ID="line_1" HPOS="220" VPOS="297" WIDTH="1590" HEIGHT="52">
							<String ID="string_5" HPOS="220" VPOS="297" WIDTH="99" HEIGHT="37" WC="0.92" CONTENT="hölle"/><SP WIDTH="28" VPOS="297" HPOS="319"/>
							<String ID="string_6" HPOS="347" VPOS="301" WIDTH="128" HEIGHT="46" WC="0.96" CONTENT="någon"/><SP WIDTH="28" VPOS="301" HPOS="475"/>
							<String ID="string_7" HPOS="503" VPOS="297" WIDTH="75" HEIGHT="38" WC="0.96" CONTENT="tids"/><SP WIDTH="28" VPOS="297" HPOS="578"/>
							<String ID="string_8" HPOS="606" VPOS="298" WIDTH="172" HEIGHT="50" WC="0.96" CONTENT="ledighet"/><SP WIDTH="29" VPOS="298" HPOS="778"/>
							<String ID="string_9" HPOS="807" VPOS="304" WIDTH="97" HEIGHT="32" WC="0.96" CONTENT="samt"/><SP WIDTH="28" VPOS="304" HPOS="904"/>
							<String ID="string_10" HPOS="932" VPOS="304" WIDTH="66" HEIGHT="43" WC="0.95" CONTENT="att,"/><SP WIDTH="29" VPOS="304" HPOS="998"/>
							<String ID="string_11" HPOS="1027" VPOS="298" WIDTH="47" HEIGHT="38" WC="0.96" CONTENT="då"/><SP WIDTH="20" VPOS="298" HPOS="1074"/>
							<String ID="string_12" HPOS="1094" VPOS="299" WIDTH="171" HEIGHT="38" WC="0.96" CONTENT="kliniken"/><SP WIDTH="20" VPOS="299" HPOS="1265"/>
							<String ID="string_13" HPOS="1285" VPOS="300" WIDTH="34" HEIGHT="49" WC="0.96" CONTENT="ej"/><SP WIDTH="22" VPOS="300" HPOS="1319"/>
							<String ID="string_14" HPOS="1341" VPOS="303" WIDTH="92" HEIGHT="33" WC="0.96" CONTENT="utan"/><SP WIDTH="20" VPOS="303" HPOS="1433"/>
							<String ID="string_15" HPOS="1453" VPOS="299" WIDTH="206" HEIGHT="50" WC="0.94" CONTENT="olägenhet"/><SP WIDTH="20" VPOS="299" HPOS="1659"/>
							<String ID="string_16" HPOS="1679" VPOS="305" WIDTH="131" HEIGHT="44" WC="0.96" CONTENT="syntes"/>
						</TextLine>
						<TextLine ID="line_2" HPOS="221" VPOS="350" WIDTH="1588" HEIGHT="52">
							<String ID="string_17" HPOS="221" VPOS="350" WIDTH="127" HEIGHT="37" WC="0.96" CONTENT="kunna"/><SP WIDTH="27" VPOS="350" HPOS="348"/>
							<String ID="string_18" HPOS="375" VPOS="350" WIDTH="60" HEIGHT="37" WC="0.96" CONTENT="för"/><SP WIDTH="28" VPOS="350" HPOS="435"/>
							<String ID="string_19" HPOS="463" VPOS="350" WIDTH="123" HEIGHT="37" WC="0.96" CONTENT="denna"/><SP WIDTH="28" VPOS="350" HPOS="586"/>
							<String ID="string_20" HPOS="614" VPOS="351" WIDTH="56" HEIGHT="37" WC="0.96" CONTENT="tid"/><SP WIDTH="29" VPOS="351" HPOS="670"/>
							<String ID="string_21" HPOS="699" VPOS="356" WIDTH="167" HEIGHT="45" WC="0.96" CONTENT="stängas,"/><SP WIDTH="30" VPOS="356" HPOS="866"/>
							<String ID="string_22" HPOS="896" VPOS="351" WIDTH="124" HEIGHT="37" WC="0.93" CONTENT="medel"/><SP WIDTH="19" VPOS="351" HPOS="1020"/>
							<String ID="string_23" HPOS="1039" VPOS="352" WIDTH="199" HEIGHT="37" WC="0.92" CONTENT="anvisades"/><SP WIDTH="19" VPOS="352" HPOS="1238"/>
							<String ID="string_24" HPOS="1257" VPOS="352" WIDTH="59" HEIGHT="36" WC="0.92" CONTENT="till"/><SP WIDTH="15" VPOS="352" HPOS="1316"/>
							<String ID="string_25" HPOS="1331" VPOS="352" WIDTH="189" HEIGHT="49" WC="0.91" CONTENT="tjenstens"/><SP WIDTH="14" VPOS="352" HPOS="1520"/>
							<String ID="string_26" HPOS="1534" VPOS="352" WIDTH="275" HEIGHT="50" WC="0.92" CONTENT="uppehållande"/>
						</TextLine>
						<TextLine ID="line_3" HPOS="220" VPOS="402" WIDTH="1590" HEIGHT="51">
							<String ID="string_27" HPOS="220" VPOS="402" WIDTH="119" HEIGHT="37" WC="0.96" CONTENT="under"/><SP WIDTH="27" VPOS="402" HPOS="339"/>
							<String ID="string_28" HPOS="366" VPOS="402" WIDTH="237" HEIGHT="50" WC="0.96" CONTENT="ledigheten;"/><SP WIDTH="31" VPOS="402" HPOS="603"/>
							<String ID="string_29" HPOS="634" VPOS="403" WIDTH="70" HEIGHT="37" WC="0.96" CONTENT="och"/><SP WIDTH="28" VPOS="403" HPOS="704"/>
							<String ID="string_30" HPOS="732" VPOS="403" WIDTH="95" HEIGHT="37" WC="0.91" CONTENT="hade"/><SP WIDTH="29" VPOS="403" HPOS="827"/>
							<String ID="string_31" HPOS="856" VPOS="404" WIDTH="392" HEIGHT="49" WC="0.91" CONTENT="medicinalstyrelsen"/><SP WIDTH="27" VPOS="404" HPOS="1248"/>
							<String ID="string_32" HPOS="1275" VPOS="404" WIDTH="99" HEIGHT="37" WC="0.96" CONTENT="intet"/><SP WIDTH="29" VPOS="404" HPOS="1374"/>
							<String ID="string_33" HPOS="1403" VPOS="409" WIDTH="55" HEIGHT="32" WC="0.96" CONTENT="att"/><SP WIDTH="27" VPOS="409" HPOS="1458"/>
							<String ID="string_34" HPOS="1485" VPOS="404" WIDTH="127" HEIGHT="37" WC="0.96" CONTENT="erinra"/><SP WIDTH="28" VPOS="404" HPOS="1612"/>
							<String ID="string_35" HPOS="1640" VPOS="409" WIDTH="79" HEIGHT="32" WC="0.95" CONTENT="mot"/><SP WIDTH="28" VPOS="409" HPOS="1719"/>
							<String ID="string_36" HPOS="1747" VPOS="404" WIDTH="63" HEIGHT="37" WC="0.95" CONTENT="det"/>
						</TextLine>
						<TextLine ID="line_4" HPOS="219" VPOS="454" WIDTH="807" HEIGHT="52">
							<String ID="string_37" HPOS="219" VPOS="454" WIDTH="59" HEIGHT="37" WC="0.96" CONTENT="för"/><SP WIDTH="26" VPOS="454" HPOS="278"/>
							<String ID="string_38" HPOS="304" VPOS="454" WIDTH="104" HEIGHT="37" WC="0.96" CONTENT="detta"/><SP WIDTH="29" VPOS="454" HPOS="408"/>
							<String ID="string_39" HPOS="437" VPOS="455" WIDTH="175" HEIGHT="36" WC="0.96" CONTENT="ändamål"/><SP WIDTH="29" VPOS="455" HPOS="612"/>
							<String ID="string_40" HPOS="641" VPOS="456" WIDTH="166" HEIGHT="48" WC="0.96" CONTENT="begärda"/><SP WIDTH="28" VPOS="456" HPOS="807"/>
							<String ID="string_41" HPOS="835" VPOS="456" WIDTH="191" HEIGHT="50" WC="0.96" CONTENT="beloppet."/>
						</TextLine>
					</TextBlock>
					<TextBlock ID="block_2" HPOS="216" VPOS="506" WIDTH="1594" HEIGHT="623">
						<TextLine ID="line_5" HPOS="346" VPOS="506" WIDTH="1463" HEIGHT="52">
							<String ID="string_42" HPOS="346" VPOS="506" WIDTH="226" HEIGHT="37" WC="0.96" CONTENT="Emellertid"/><SP WIDTH="28" VPOS="506" HPOS="572"/>
							<String ID="string_43" HPOS="600" VPOS="507" WIDTH="138" HEIGHT="37" WC="0.96" CONTENT="funnes"/><SP WIDTH="27" VPOS="507" HPOS="738"/>
							<String ID="string_44" HPOS="765" VPOS="508" WIDTH="118" HEIGHT="48" WC="0.96" CONTENT="ingen"/><SP WIDTH="27" VPOS="508" HPOS="883"/>
							<String ID="string_45" HPOS="910" VPOS="508" WIDTH="209" HEIGHT="49" WC="0.96" CONTENT="utredning"/><SP WIDTH="31" VPOS="508" HPOS="1119"/>
							<String ID="string_46" HPOS="1150" VPOS="521" WIDTH="72" HEIGHT="34" WC="0.96" CONTENT="om,"/><SP WIDTH="29" VPOS="521" HPOS="1222"/>
							<String ID="string_47" HPOS="1251" VPOS="507" WIDTH="12" HEIGHT="37" WC="0.95" CONTENT="1"/><SP WIDTH="29" VPOS="507" HPOS="1263"/>
							<String ID="string_48" HPOS="1292" VPOS="508" WIDTH="101" HEIGHT="36" WC="0.95" CONTENT="hvad"/><SP WIDTH="28" VPOS="508" HPOS="1393"/>
							<String ID="string_49" HPOS="1421" VPOS="510" WIDTH="88" HEIGHT="34" WC="0.92" CONTENT="mån"/><SP WIDTH="17" VPOS="510" HPOS="1509"/>
							<String ID="string_50" HPOS="1526" VPOS="508" WIDTH="283" HEIGHT="50" WC="0.90" CONTENT="inrättningens"/>
						</TextLine>
						<TextLine ID="line_6" HPOS="219" VPOS="558" WIDTH="1589" HEIGHT="51">
							<String ID="string_51" HPOS="219" VPOS="558" WIDTH="248" HEIGHT="37" WC="0.91" CONTENT="förenämnda"/><SP WIDTH="28" VPOS="558" HPOS="467"/>
							<String ID="string_52" HPOS="495" VPOS="559" WIDTH="120" HEIGHT="37" WC="0.96" CONTENT="ökade"/><SP WIDTH="29" VPOS="559" HPOS="615"/>
							<String ID="string_53" HPOS="644" VPOS="559" WIDTH="120" HEIGHT="49" WC="0.93" CONTENT="årliga"/><SP WIDTH="27" VPOS="559" HPOS="764"/>
							<String ID="string_54" HPOS="791" VPOS="559" WIDTH="120" HEIGHT="37" WC="0.91" CONTENT="behof"/><SP WIDTH="24" VPOS="559" HPOS="911"/>
							<String ID="string_55" HPOS="935" VPOS="563" WIDTH="119" HEIGHT="33" WC="0.95" CONTENT="måste"/><SP WIDTH="28" VPOS="563" HPOS="1054"/>
							<String ID="string_56" HPOS="1082" VPOS="560" WIDTH="113" HEIGHT="49" WC="0.95" CONTENT="fyllas"/><SP WIDTH="20" VPOS="560" HPOS="1195"/>
							<String ID="string_57" HPOS="1215" VPOS="573" WIDTH="138" HEIGHT="36" WC="0.93" CONTENT="genom"/><SP WIDTH="22" VPOS="573" HPOS="1353"/>
							<String ID="string_58" HPOS="1375" VPOS="560" WIDTH="242" HEIGHT="49" WC="0.88" CONTENT="statsanslag."/><SP WIDTH="45" VPOS="560" HPOS="1617"/>
							<String ID="string_59" HPOS="1662" VPOS="560" WIDTH="146" HEIGHT="37" WC="0.92" CONTENT="Visser-"/>
						</TextLine>
						<TextLine ID="line_7" HPOS="219" VPOS="610" WIDTH="1591" HEIGHT="52">
							<String ID="string_60" HPOS="219" VPOS="610" WIDTH="105" HEIGHT="49" WC="0.96" CONTENT="ligen"/><SP WIDTH="42" VPOS="610" HPOS="324"/>
							<String ID="string_61" HPOS="366" VPOS="611" WIDTH="97" HEIGHT="37" WC="0.96" CONTENT="hade"/><SP WIDTH="42" VPOS="611" HPOS="463"/>
							<String ID="string_62" HPOS="505" VPOS="611" WIDTH="86" HEIGHT="37" WC="0.96" CONTENT="dess"/><SP WIDTH="38" VPOS="611" HPOS="591"/>
							<String ID="string_63" HPOS="629" VPOS="612" WIDTH="159" HEIGHT="49" WC="0.96" CONTENT="styrelse"/><SP WIDTH="43" VPOS="612" HPOS="788"/>
							<String ID="string_64" HPOS="831" VPOS="612" WIDTH="138" HEIGHT="47" WC="0.96" CONTENT="anfört,"/><SP WIDTH="41" VPOS="612" HPOS="969"/>
							<String ID="string_65" HPOS="1010" VPOS="616" WIDTH="55" HEIGHT="33" WC="0.97" CONTENT="att"/><SP WIDTH="32" VPOS="616" HPOS="1065"/>
							<String ID="string_66" HPOS="1097" VPOS="611" WIDTH="188" HEIGHT="50" WC="0.96" CONTENT="styrelsen"/><SP WIDTH="28" VPOS="611" HPOS="1285"/>
							<String ID="string_67" HPOS="1313" VPOS="612" WIDTH="96" HEIGHT="37" WC="0.96" CONTENT="hade"/><SP WIDTH="29" VPOS="612" HPOS="1409"/>
							<String ID="string_68" HPOS="1438" VPOS="612" WIDTH="58" HEIGHT="37" WC="0.93" CONTENT="för"/><SP WIDTH="28" VPOS="612" HPOS="1496"/>
							<String ID="string_69" HPOS="1524" VPOS="612" WIDTH="116" HEIGHT="50" WC="0.91" CONTENT="afsigt"/><SP WIDTH="28" VPOS="612" HPOS="1640"/>
							<String ID="string_70" HPOS="1668" VPOS="617" WIDTH="53" HEIGHT="32" WC="0.96" CONTENT="att"/><SP WIDTH="27" VPOS="617" HPOS="1721"/>
							<String ID="string_71" HPOS="1748" VPOS="612" WIDTH="62" HEIGHT="36" WC="0.95" CONTENT="vid"/>
						</TextLine>
						<TextLine ID="line_8" HPOS="219" VPOS="660" WIDTH="1590" HEIGHT="73">
							<String ID="string_72" HPOS="219" VPOS="676" WIDTH="52" HEIGHT="36" WC="0.92" CONTENT="ny"/><SP WIDTH="40" VPOS="676" HPOS="271"/>
							<String ID="string_73" HPOS="311" VPOS="663" WIDTH="294" HEIGHT="49" WC="0.90" CONTENT="utarrendering"/><SP WIDTH="34" VPOS="663" HPOS="605"/>
							<String ID="string_74" HPOS="639" VPOS="664" WIDTH="41" HEIGHT="36" WC="0.92" CONTENT="af"/><SP WIDTH="23" VPOS="664" HPOS="680"/>
							<String ID="string_75" HPOS="703" VPOS="663" WIDTH="261" HEIGHT="50" WC="0.91" CONTENT="inrättningen"/><SP WIDTH="28" VPOS="663" HPOS="964"/>
							<String ID="string_76" HPOS="992" VPOS="664" WIDTH="196" HEIGHT="49" WC="0.96" CONTENT="tillhöriga"/><SP WIDTH="28" VPOS="664" HPOS="1188"/>
							<String ID="string_77" HPOS="1216" VPOS="660" WIDTH="233" HEIGHT="73" WC="0.96" CONTENT="egendomar"/><SP WIDTH="27" VPOS="660" HPOS="1449"/>
							<String ID="string_78" HPOS="1476" VPOS="664" WIDTH="133" HEIGHT="37" WC="0.96" CONTENT="fastslå"/><SP WIDTH="27" VPOS="664" HPOS="1609"/>
							<String ID="string_79" HPOS="1636" VPOS="664" WIDTH="173" HEIGHT="37" WC="0.96" CONTENT="bestämd"/>
						</TextLine>
						<TextLine ID="line_9" HPOS="218" VPOS="711" WIDTH="1591" HEIGHT="73">
							<String ID="string_80" HPOS="218" VPOS="711" WIDTH="484" HEIGHT="73" WC="0.91" CONTENT="nybyggnadsskyldighet"/><SP WIDTH="27" VPOS="711" HPOS="702"/>
							<String ID="string_81" HPOS="729" VPOS="716" WIDTH="59" HEIGHT="36" WC="0.93" CONTENT="för"/><SP WIDTH="29" VPOS="716" HPOS="788"/>
							<String ID="string_82" HPOS="817" VPOS="716" WIDTH="335" HEIGHT="45" WC="0.91" CONTENT="arrendatorerna;"/><SP WIDTH="31" VPOS="716" HPOS="1152"/>
							<String ID="string_83" HPOS="1183" VPOS="729" WIDTH="86" HEIGHT="24" WC="0.96" CONTENT="men"/><SP WIDTH="27" VPOS="729" HPOS="1269"/>
							<String ID="string_84" HPOS="1296" VPOS="719" WIDTH="129" HEIGHT="46" WC="0.96" CONTENT="någon"/><SP WIDTH="20" VPOS="719" HPOS="1425"/>
							<String ID="string_85" HPOS="1445" VPOS="716" WIDTH="209" HEIGHT="49" WC="0.95" CONTENT="utredning"/><SP WIDTH="19" VPOS="716" HPOS="1654"/>
							<String ID="string_86" HPOS="1673" VPOS="716" WIDTH="136" HEIGHT="37" WC="0.96" CONTENT="funnes"/>
						</TextLine>
						<TextLine ID="line_10" HPOS="219" VPOS="767" WIDTH="1589" HEIGHT="50">
							<String ID="string_87" HPOS="219" VPOS="767" WIDTH="48" HEIGHT="48" WC="0.94" CONTENT="ej,"/><SP WIDTH="35" VPOS="767" HPOS="267"/>
							<String ID="string_88" HPOS="302" VPOS="767" WIDTH="6" HEIGHT="36" WC="0.85" CONTENT="I"/><SP WIDTH="28" VPOS="767" HPOS="308"/>
							<String ID="string_89" HPOS="336" VPOS="767" WIDTH="101" HEIGHT="37" WC="0.96" CONTENT="hvad"/><SP WIDTH="29" VPOS="767" HPOS="437"/>
							<String ID="string_90" HPOS="466" VPOS="770" WIDTH="88" HEIGHT="34" WC="0.96" CONTENT="mån"/><SP WIDTH="29" VPOS="770" HPOS="554"/>
							<String ID="string_91" HPOS="583" VPOS="781" WIDTH="46" HEIGHT="23" WC="0.96" CONTENT="en"/><SP WIDTH="29" VPOS="781" HPOS="629"/>
							<String ID="string_92" HPOS="658" VPOS="768" WIDTH="116" HEIGHT="36" WC="0.95" CONTENT="sådan"/><SP WIDTH="29" VPOS="768" HPOS="774"/>
							<String ID="string_93" HPOS="803" VPOS="768" WIDTH="137" HEIGHT="49" WC="0.96" CONTENT="åtgärd"/><SP WIDTH="28" VPOS="768" HPOS="940"/>
							<String ID="string_94" HPOS="968" VPOS="768" WIDTH="150" HEIGHT="37" WC="0.96" CONTENT="komme"/><SP WIDTH="20" VPOS="768" HPOS="1118"/>
							<String ID="string_95" HPOS="1138" VPOS="746" WIDTH="55" HEIGHT="58" WC="0.96" CONTENT="att"/><SP WIDTH="14" VPOS="746" HPOS="1193"/>
							<String ID="string_96" HPOS="1207" VPOS="768" WIDTH="147" HEIGHT="37" WC="0.96" CONTENT="minska"/><SP WIDTH="16" VPOS="768" HPOS="1354"/>
							<String ID="string_97" HPOS="1370" VPOS="768" WIDTH="212" HEIGHT="37" WC="0.96" CONTENT="kostnaden"/><SP WIDTH="16" VPOS="768" HPOS="1582"/>
							<String ID="string_98" HPOS="1598" VPOS="768" WIDTH="59" HEIGHT="37" WC="0.93" CONTENT="för"/><SP WIDTH="15" VPOS="768" HPOS="1657"/>
							<String ID="string_99" HPOS="1672" VPOS="769" WIDTH="136" HEIGHT="36" WC="0.93" CONTENT="under-"/>
						</TextLine>
						<TextLine ID="line_11" HPOS="218" VPOS="818" WIDTH="1590" HEIGHT="51">
							<String ID="string_100" HPOS="218" VPOS="818" WIDTH="75" HEIGHT="37" WC="0.94" CONTENT="håll"/><SP WIDTH="29" VPOS="818" HPOS="293"/>
							<String ID="string_101" HPOS="322" VPOS="819" WIDTH="41" HEIGHT="36" WC="0.93" CONTENT="af"/><SP WIDTH="23" VPOS="819" HPOS="363"/>
							<String ID="string_102" HPOS="386" VPOS="819" WIDTH="287" HEIGHT="49" WC="0.92" CONTENT="inrättningens"/><SP WIDTH="28" VPOS="819" HPOS="673"/>
							<String ID="string_103" HPOS="701" VPOS="820" WIDTH="225" HEIGHT="49" WC="0.96" CONTENT="byggnader"/><SP WIDTH="19" VPOS="820" HPOS="926"/>
							<String ID="string_104" HPOS="945" VPOS="820" WIDTH="92" HEIGHT="36" WC="0.96" CONTENT="eller"/><SP WIDTH="19" VPOS="820" HPOS="1037"/>
							<String ID="string_105" HPOS="1056" VPOS="825" WIDTH="55" HEIGHT="31" WC="0.96" CONTENT="att"/><SP WIDTH="15" VPOS="825" HPOS="1111"/>
							<String ID="string_106" HPOS="1126" VPOS="820" WIDTH="149" HEIGHT="37" WC="0.96" CONTENT="minska"/><SP WIDTH="15" VPOS="820" HPOS="1275"/>
							<String ID="string_107" HPOS="1290" VPOS="821" WIDTH="86" HEIGHT="36" WC="0.96" CONTENT="dess"/><SP WIDTH="15" VPOS="821" HPOS="1376"/>
							<String ID="string_108" HPOS="1391" VPOS="820" WIDTH="221" HEIGHT="48" WC="0.96" CONTENT="inkomster,"/><SP WIDTH="18" VPOS="820" HPOS="1612"/>
							<String ID="string_109" HPOS="1630" VPOS="820" WIDTH="178" HEIGHT="48" WC="0.96" CONTENT="faktorer,"/>
						</TextLine>
						<TextLine ID="line_12" HPOS="217" VPOS="871" WIDTH="1592" HEIGHT="50">
							<String ID="string_110" HPOS="217" VPOS="873" WIDTH="48" HEIGHT="48" WC="0.96" CONTENT="på"/><SP WIDTH="41" VPOS="873" HPOS="265"/>
							<String ID="string_111" HPOS="306" VPOS="871" WIDTH="130" HEIGHT="37" WC="0.96" CONTENT="hvilka"/><SP WIDTH="28" VPOS="871" HPOS="436"/>
							<String ID="string_112" HPOS="464" VPOS="871" WIDTH="64" HEIGHT="37" WC="0.93" CONTENT="det"/><SP WIDTH="27" VPOS="871" HPOS="528"/>
							<String ID="string_113" HPOS="555" VPOS="871" WIDTH="193" HEIGHT="49" WC="0.92" CONTENT="behöfliga"/><SP WIDTH="29" VPOS="871" HPOS="748"/>
							<String ID="string_114" HPOS="777" VPOS="871" WIDTH="120" HEIGHT="50" WC="0.93" CONTENT="årliga"/><SP WIDTH="28" VPOS="871" HPOS="897"/>
							<String ID="string_115" HPOS="925" VPOS="873" WIDTH="290" HEIGHT="48" WC="0.92" CONTENT="statsanslagets"/><SP WIDTH="29" VPOS="873" HPOS="1215"/>
							<String ID="string_116" HPOS="1244" VPOS="872" WIDTH="144" HEIGHT="38" WC="0.96" CONTENT="storlek"/><SP WIDTH="29" VPOS="872" HPOS="1388"/>
							<String ID="string_117" HPOS="1417" VPOS="877" WIDTH="129" HEIGHT="44" WC="0.96" CONTENT="syntes"/><SP WIDTH="29" VPOS="877" HPOS="1546"/>
							<String ID="string_118" HPOS="1575" VPOS="850" WIDTH="152" HEIGHT="59" WC="0.95" CONTENT="komma"/><SP WIDTH="28" VPOS="850" HPOS="1727"/>
							<String ID="string_119" HPOS="1755" VPOS="850" WIDTH="54" HEIGHT="59" WC="0.95" CONTENT="att"/>
						</TextLine>
						<TextLine ID="line_13" HPOS="217" VPOS="923" WIDTH="1591" HEIGHT="51">
							<String ID="string_120" HPOS="217" VPOS="924" WIDTH="101" HEIGHT="36" WC="0.96" CONTENT="bero."/><SP WIDTH="57" VPOS="924" HPOS="318"/>
							<String ID="string_121" HPOS="375" VPOS="923" WIDTH="130" HEIGHT="37" WC="0.94" CONTENT="Under"/><SP WIDTH="40" VPOS="923" HPOS="505"/>
							<String ID="string_122" HPOS="545" VPOS="924" WIDTH="59" HEIGHT="36" WC="0.96" CONTENT="för"/><SP WIDTH="28" VPOS="924" HPOS="604"/>
							<String ID="string_123" HPOS="632" VPOS="923" WIDTH="151" HEIGHT="37" WC="0.96" CONTENT="handen"/><SP WIDTH="42" VPOS="923" HPOS="783"/>
							<String ID="string_124" HPOS="825" VPOS="924" WIDTH="165" HEIGHT="36" WC="0.96" CONTENT="varande"/><SP WIDTH="38" VPOS="924" HPOS="990"/>
							<String ID="string_125" HPOS="1028" VPOS="924" WIDTH="263" HEIGHT="37" WC="0.96" CONTENT="förhållanden"/><SP WIDTH="43" VPOS="924" HPOS="1291"/>
							<String ID="string_126" HPOS="1334" VPOS="929" WIDTH="132" HEIGHT="45" WC="0.96" CONTENT="syntes"/><SP WIDTH="33" VPOS="929" HPOS="1466"/>
							<String ID="string_127" HPOS="1499" VPOS="924" WIDTH="63" HEIGHT="37" WC="0.93" CONTENT="det"/><SP WIDTH="27" VPOS="924" HPOS="1562"/>
							<String ID="string_128" HPOS="1589" VPOS="924" WIDTH="219" HEIGHT="37" WC="0.91" CONTENT="medicinal-"/>
						</TextLine>
						<TextLine ID="line_14" HPOS="217" VPOS="974" WIDTH="1590" HEIGHT="52">
							<String ID="string_129" HPOS="217" VPOS="974" WIDTH="188" HEIGHT="50" WC="0.96" CONTENT="styrelsen"/><SP WIDTH="28" VPOS="974" HPOS="405"/>
							<String ID="string_130" HPOS="433" VPOS="975" WIDTH="129" HEIGHT="37" WC="0.96" CONTENT="kunna"/><SP WIDTH="27" VPOS="975" HPOS="562"/>
							<String ID="string_131" HPOS="589" VPOS="975" WIDTH="254" HEIGHT="49" WC="0.96" CONTENT="ifrågasättas,"/><SP WIDTH="29" VPOS="975" HPOS="843"/>
							<String ID="string_132" HPOS="872" VPOS="976" WIDTH="185" HEIGHT="36" WC="0.96" CONTENT="huruvida"/><SP WIDTH="29" VPOS="976" HPOS="1057"/>
							<String ID="string_133" HPOS="1086" VPOS="977" WIDTH="33" HEIGHT="49" WC="0.96" CONTENT="ej"/><SP WIDTH="32" VPOS="977" HPOS="1119"/>
							<String ID="string_134" HPOS="1151" VPOS="976" WIDTH="209" HEIGHT="50" WC="0.96" CONTENT="lämpligen"/><SP WIDTH="28" VPOS="976" HPOS="1360"/>
							<String ID="string_135" HPOS="1388" VPOS="977" WIDTH="74" HEIGHT="36" WC="0.96" CONTENT="den"/><SP WIDTH="20" VPOS="977" HPOS="1462"/>
							<String ID="string_136" HPOS="1482" VPOS="990" WIDTH="49" HEIGHT="23" WC="0.96" CONTENT="nu"/><SP WIDTH="20" VPOS="990" HPOS="1531"/>
							<String ID="string_137" HPOS="1551" VPOS="976" WIDTH="169" HEIGHT="49" WC="0.96" CONTENT="begärda"/><SP WIDTH="19" VPOS="976" HPOS="1720"/>
							<String ID="string_138" HPOS="1739" VPOS="977" WIDTH="68" HEIGHT="37" WC="0.96" CONTENT="och"/>
						</TextLine>
						<TextLine ID="line_15" HPOS="216" VPOS="1027" WIDTH="1592" HEIGHT="51">
							<String ID="string_139" HPOS="216" VPOS="1027" WIDTH="59" HEIGHT="36" WC="0.96" CONTENT="för"/><SP WIDTH="27" VPOS="1027" HPOS="275"/>
							<String ID="string_140" HPOS="302" VPOS="1028" WIDTH="237" HEIGHT="36" WC="0.96" CONTENT="närvarande"/><SP WIDTH="29" VPOS="1028" HPOS="539"/>
							<String ID="string_141" HPOS="568" VPOS="1027" WIDTH="242" HEIGHT="49" WC="0.96" CONTENT="nödvändiga"/><SP WIDTH="29" VPOS="1027" HPOS="810"/>
							<String ID="string_142" HPOS="839" VPOS="1027" WIDTH="195" HEIGHT="49" WC="0.96" CONTENT="ökningen"/><SP WIDTH="27" VPOS="1027" HPOS="1034"/>
							<String ID="string_143" HPOS="1061" VPOS="1028" WIDTH="13" HEIGHT="37" WC="0.93" CONTENT="1"/><SP WIDTH="28" VPOS="1028" HPOS="1074"/>
							<String ID="string_144" HPOS="1102" VPOS="1029" WIDTH="65" HEIGHT="36" WC="0.96" CONTENT="det"/><SP WIDTH="28" VPOS="1029" HPOS="1167"/>
							<String ID="string_145" HPOS="1195" VPOS="1029" WIDTH="121" HEIGHT="49" WC="0.96" CONTENT="årliga"/><SP WIDTH="28" VPOS="1029" HPOS="1316"/>
							<String ID="string_146" HPOS="1344" VPOS="1029" WIDTH="174" HEIGHT="49" WC="0.96" CONTENT="anslaget"/><SP WIDTH="19" VPOS="1029" HPOS="1518"/>
							<String ID="string_147" HPOS="1537" VPOS="1029" WIDTH="123" HEIGHT="37" WC="0.96" CONTENT="skulle"/><SP WIDTH="21" VPOS="1029" HPOS="1660"/>
							<String ID="string_148" HPOS="1681" VPOS="1029" WIDTH="127" HEIGHT="37" WC="0.96" CONTENT="kunna"/>
						</TextLine>
						<TextLine ID="line_16" HPOS="216" VPOS="1079" WIDTH="683" HEIGHT="50">
							<String ID="string_149" HPOS="216" VPOS="1079" WIDTH="78" HEIGHT="36" WC="0.96" CONTENT="tills"/><SP WIDTH="27" VPOS="1079" HPOS="294"/>
							<String ID="string_150" HPOS="321" VPOS="1079" WIDTH="129" HEIGHT="37" WC="0.96" CONTENT="vidare"/><SP WIDTH="29" VPOS="1079" HPOS="450"/>
							<String ID="string_151" HPOS="479" VPOS="1082" WIDTH="94" HEIGHT="47" WC="0.96" CONTENT="utgå"/><SP WIDTH="27" VPOS="1082" HPOS="573"/>
							<String ID="string_152" HPOS="600" VPOS="1083" WIDTH="48" HEIGHT="46" WC="0.96" CONTENT="på"/><SP WIDTH="29" VPOS="1083" HPOS="648"/>
							<String ID="string_153" HPOS="677" VPOS="1084" WIDTH="107" HEIGHT="32" WC="0.96" CONTENT="extra"/><SP WIDTH="28" VPOS="1084" HPOS="784"/>
							<String ID="string_154" HPOS="812" VPOS="1085" WIDTH="87" HEIGHT="31" WC="0.96" CONTENT="stat."/>
						</TextLine>
					</TextBlock>
					<TextBlock ID="block_3" HPOS="213" VPOS="1131" WIDTH="1594" HEIGHT="724">
						<TextLine ID="line_17" HPOS="347" VPOS="1131" WIDTH="1460" HEIGHT="49">
							<String ID="string_155" HPOS="347" VPOS="1131" WIDTH="52" HEIGHT="36" WC="0.96" CONTENT="På"/><SP WIDTH="29" VPOS="1131" HPOS="399"/>
							<String ID="string_156" HPOS="428" VPOS="1132" WIDTH="125" HEIGHT="48" WC="0.96" CONTENT="grund"/><SP WIDTH="30" VPOS="1132" HPOS="553"/>
							<String ID="string_157" HPOS="583" VPOS="1132" WIDTH="40" HEIGHT="36" WC="0.96" CONTENT="af"/><SP WIDTH="24" VPOS="1132" HPOS="623"/>
							<String ID="string_158" HPOS="647" VPOS="1131" WIDTH="100" HEIGHT="37" WC="0.96" CONTENT="hvad"/><SP WIDTH="28" VPOS="1131" HPOS="747"/>
							<String ID="string_159" HPOS="775" VPOS="1132" WIDTH="11" HEIGHT="36" WC="0.93" CONTENT="i"/><SP WIDTH="30" VPOS="1132" HPOS="786"/>
							<String ID="string_160" HPOS="816" VPOS="1131" WIDTH="412" HEIGHT="49" WC="0.92" CONTENT="medicinalstyrelsens"/><SP WIDTH="28" VPOS="1131" HPOS="1228"/>
							<String ID="string_161" HPOS="1256" VPOS="1131" WIDTH="202" HEIGHT="37" WC="0.96" CONTENT="skrifvelse"/><SP WIDTH="29" VPOS="1131" HPOS="1458"/>
							<String ID="string_162" HPOS="1487" VPOS="1132" WIDTH="146" HEIGHT="36" WC="0.96" CONTENT="anförts"/><SP WIDTH="29" VPOS="1132" HPOS="1633"/>
							<String ID="string_163" HPOS="1662" VPOS="1132" WIDTH="70" HEIGHT="37" WC="0.96" CONTENT="och"/><SP WIDTH="28" VPOS="1132" HPOS="1732"/>
							<String ID="string_164" HPOS="1760" VPOS="1131" WIDTH="47" HEIGHT="37" WC="0.96" CONTENT="då"/>
						</TextLine>
						<TextLine ID="line_18" HPOS="217" VPOS="1183" WIDTH="1590" HEIGHT="50">
							<String ID="string_165" HPOS="217" VPOS="1183" WIDTH="138" HEIGHT="48" WC="0.95" CONTENT="Kongl."/><SP WIDTH="45" VPOS="1183" HPOS="355"/>
							<String ID="string_166" HPOS="400" VPOS="1183" WIDTH="127" HEIGHT="49" WC="0.93" CONTENT="Maj:ts"/><SP WIDTH="41" VPOS="1183" HPOS="527"/>
							<String ID="string_167" HPOS="568" VPOS="1183" WIDTH="428" HEIGHT="50" WC="0.91" CONTENT="befallningshafvande"/><SP WIDTH="33" VPOS="1183" HPOS="996"/>
							<String ID="string_168" HPOS="1029" VPOS="1184" WIDTH="12" HEIGHT="36" WC="0.96" CONTENT="i"/><SP WIDTH="29" VPOS="1184" HPOS="1041"/>
							<String ID="string_169" HPOS="1070" VPOS="1183" WIDTH="104" HEIGHT="37" WC="0.96" CONTENT="länet"/><SP WIDTH="28" VPOS="1183" HPOS="1174"/>
							<String ID="string_170" HPOS="1202" VPOS="1184" WIDTH="34" HEIGHT="48" WC="0.96" CONTENT="ej"/><SP WIDTH="30" VPOS="1184" HPOS="1236"/>
							<String ID="string_171" HPOS="1266" VPOS="1183" WIDTH="98" HEIGHT="37" WC="0.93" CONTENT="blott"/><SP WIDTH="27" VPOS="1183" HPOS="1364"/>
							<String ID="string_172" HPOS="1391" VPOS="1184" WIDTH="186" HEIGHT="37" WC="0.93" CONTENT="vitsordat"/><SP WIDTH="28" VPOS="1184" HPOS="1577"/>
							<String ID="string_173" HPOS="1605" VPOS="1184" WIDTH="202" HEIGHT="49" WC="0.91" CONTENT="anslagens"/>
						</TextLine>
						<TextLine ID="line_19" HPOS="216" VPOS="1235" WIDTH="1590" HEIGHT="50">
							<String ID="string_174" HPOS="216" VPOS="1235" WIDTH="248" HEIGHT="49" WC="0.92" CONTENT="behöflighet,"/><SP WIDTH="30" VPOS="1235" HPOS="464"/>
							<String ID="string_175" HPOS="494" VPOS="1235" WIDTH="111" HEIGHT="37" WC="0.96" CONTENT="äfven"/><SP WIDTH="30" VPOS="1235" HPOS="605"/>
							<String ID="string_176" HPOS="635" VPOS="1236" WIDTH="12" HEIGHT="35" WC="0.96" CONTENT="i"/><SP WIDTH="29" VPOS="1236" HPOS="647"/>
							<String ID="string_177" HPOS="676" VPOS="1236" WIDTH="73" HEIGHT="36" WC="0.96" CONTENT="den"/><SP WIDTH="29" VPOS="1236" HPOS="749"/>
							<String ID="string_178" HPOS="778" VPOS="1239" WIDTH="86" HEIGHT="33" WC="0.96" CONTENT="mån"/><SP WIDTH="28" VPOS="1239" HPOS="864"/>
							<String ID="string_179" HPOS="892" VPOS="1236" WIDTH="46" HEIGHT="36" WC="0.96" CONTENT="de"/><SP WIDTH="20" VPOS="1236" HPOS="938"/>
							<String ID="string_180" HPOS="958" VPOS="1236" WIDTH="110" HEIGHT="36" WC="0.93" CONTENT="rörde"/><SP WIDTH="15" VPOS="1236" HPOS="1068"/>
							<String ID="string_181" HPOS="1083" VPOS="1235" WIDTH="283" HEIGHT="49" WC="0.91" CONTENT="inrättningens"/><SP WIDTH="15" VPOS="1235" HPOS="1366"/>
							<String ID="string_182" HPOS="1381" VPOS="1236" WIDTH="295" HEIGHT="37" WC="0.91" CONTENT="utarrenderade"/><SP WIDTH="16" VPOS="1236" HPOS="1676"/>
							<String ID="string_183" HPOS="1692" VPOS="1249" WIDTH="114" HEIGHT="36" WC="0.91" CONTENT="egen-"/>
						</TextLine>
						<TextLine ID="line_20" HPOS="216" VPOS="1287" WIDTH="1589" HEIGHT="50">
							<String ID="string_184" HPOS="216" VPOS="1287" WIDTH="140" HEIGHT="47" WC="0.95" CONTENT="domar,"/><SP WIDTH="43" VPOS="1287" HPOS="356"/>
							<String ID="string_185" HPOS="399" VPOS="1292" WIDTH="93" HEIGHT="31" WC="0.96" CONTENT="utan"/><SP WIDTH="41" VPOS="1292" HPOS="492"/>
							<String ID="string_186" HPOS="533" VPOS="1287" WIDTH="108" HEIGHT="36" WC="0.95" CONTENT="äfven"/><SP WIDTH="45" VPOS="1287" HPOS="641"/>
							<String ID="string_187" HPOS="686" VPOS="1287" WIDTH="183" HEIGHT="36" WC="0.95" CONTENT="förklarat"/><SP WIDTH="44" VPOS="1287" HPOS="869"/>
							<String ID="string_188" HPOS="913" VPOS="1287" WIDTH="208" HEIGHT="49" WC="0.96" CONTENT="anledning"/><SP WIDTH="42" VPOS="1287" HPOS="1121"/>
							<String ID="string_189" HPOS="1163" VPOS="1287" WIDTH="136" HEIGHT="36" WC="0.95" CONTENT="saknas"/><SP WIDTH="32" VPOS="1287" HPOS="1299"/>
							<String ID="string_190" HPOS="1331" VPOS="1287" WIDTH="58" HEIGHT="36" WC="0.95" CONTENT="till"/><SP WIDTH="30" VPOS="1287" HPOS="1389"/>
							<String ID="string_191" HPOS="1419" VPOS="1288" WIDTH="228" HEIGHT="49" WC="0.96" CONTENT="antagande,"/><SP WIDTH="31" VPOS="1288" HPOS="1647"/>
							<String ID="string_192" HPOS="1678" VPOS="1293" WIDTH="55" HEIGHT="32" WC="0.96" CONTENT="att"/><SP WIDTH="27" VPOS="1293" HPOS="1733"/>
							<String ID="string_193" HPOS="1760" VPOS="1287" WIDTH="45" HEIGHT="37" WC="0.95" CONTENT="de"/>
						</TextLine>
						<TextLine ID="line_21" HPOS="216" VPOS="1338" WIDTH="1590" HEIGHT="51">
							<String ID="string_194" HPOS="216" VPOS="1339" WIDTH="188" HEIGHT="49" WC="0.91" CONTENT="uppgifna"/><SP WIDTH="40" VPOS="1339" HPOS="404"/>
							<String ID="string_195" HPOS="444" VPOS="1338" WIDTH="375" HEIGHT="50" WC="0.90" CONTENT="kostnadsbeloppen"/><SP WIDTH="42" VPOS="1338" HPOS="819"/>
							<String ID="string_196" HPOS="861" VPOS="1339" WIDTH="122" HEIGHT="37" WC="0.96" CONTENT="skulle"/><SP WIDTH="40" VPOS="1339" HPOS="983"/>
							<String ID="string_197" HPOS="1023" VPOS="1352" WIDTH="87" HEIGHT="23" WC="0.96" CONTENT="vara"/><SP WIDTH="27" VPOS="1352" HPOS="1110"/>
							<String ID="string_198" HPOS="1137" VPOS="1339" WIDTH="13" HEIGHT="35" WC="0.96" CONTENT="i"/><SP WIDTH="28" VPOS="1339" HPOS="1150"/>
							<String ID="string_199" HPOS="1178" VPOS="1339" WIDTH="211" HEIGHT="36" WC="0.96" CONTENT="nämnvärd"/><SP WIDTH="30" VPOS="1339" HPOS="1389"/>
							<String ID="string_200" HPOS="1419" VPOS="1342" WIDTH="87" HEIGHT="34" WC="0.96" CONTENT="mån"/><SP WIDTH="27" VPOS="1342" HPOS="1506"/>
							<String ID="string_201" HPOS="1533" VPOS="1339" WIDTH="60" HEIGHT="37" WC="0.96" CONTENT="för"/><SP WIDTH="27" VPOS="1339" HPOS="1593"/>
							<String ID="string_202" HPOS="1620" VPOS="1340" WIDTH="95" HEIGHT="49" WC="0.91" CONTENT="högt"/><SP WIDTH="27" VPOS="1340" HPOS="1715"/>
							<String ID="string_203" HPOS="1742" VPOS="1340" WIDTH="64" HEIGHT="36" WC="0.90" CONTENT="be-"/>
						</TextLine>
						<TextLine ID="line_22" HPOS="215" VPOS="1390" WIDTH="1590" HEIGHT="50">
							<String ID="string_204" HPOS="215" VPOS="1391" WIDTH="178" HEIGHT="43" WC="0.93" CONTENT="räknade,"/><SP WIDTH="29" VPOS="1391" HPOS="393"/>
							<String ID="string_205" HPOS="422" VPOS="1390" WIDTH="210" HEIGHT="49" WC="0.91" CONTENT="tillstyrkte"/><SP WIDTH="30" VPOS="1390" HPOS="632"/>
							<String ID="string_206" HPOS="662" VPOS="1391" WIDTH="404" HEIGHT="48" WC="0.90" CONTENT="medicinalstyrelsen,"/><SP WIDTH="30" VPOS="1391" HPOS="1066"/>
							<String ID="string_207" HPOS="1096" VPOS="1395" WIDTH="57" HEIGHT="31" WC="0.96" CONTENT="att"/><SP WIDTH="27" VPOS="1395" HPOS="1153"/>
							<String ID="string_208" HPOS="1180" VPOS="1391" WIDTH="141" HEIGHT="49" WC="0.96" CONTENT="Kongl."/><SP WIDTH="31" VPOS="1391" HPOS="1321"/>
							<String ID="string_209" HPOS="1352" VPOS="1391" WIDTH="107" HEIGHT="49" WC="0.96" CONTENT="Maj:t"/><SP WIDTH="26" VPOS="1391" HPOS="1459"/>
							<String ID="string_210" HPOS="1485" VPOS="1391" WIDTH="149" HEIGHT="37" WC="0.96" CONTENT="täcktes"/><SP WIDTH="16" VPOS="1391" HPOS="1634"/>
							<String ID="string_211" HPOS="1650" VPOS="1394" WIDTH="38" HEIGHT="34" WC="0.93" CONTENT="åt"/><SP WIDTH="14" VPOS="1394" HPOS="1688"/>
							<String ID="string_212" HPOS="1702" VPOS="1396" WIDTH="103" HEIGHT="32" WC="0.91" CONTENT="vete-"/>
						</TextLine>
						<TextLine ID="line_23" HPOS="216" VPOS="1441" WIDTH="1589" HEIGHT="52">
							<String ID="string_213" HPOS="216" VPOS="1442" WIDTH="369" HEIGHT="49" WC="0.92" CONTENT="rinärinrättningen"/><SP WIDTH="28" VPOS="1442" HPOS="585"/>
							<String ID="string_214" HPOS="613" VPOS="1443" WIDTH="12" HEIGHT="35" WC="0.96" CONTENT="i"/><SP WIDTH="30" VPOS="1443" HPOS="625"/>
							<String ID="string_215" HPOS="655" VPOS="1441" WIDTH="119" HEIGHT="38" WC="0.95" CONTENT="Skara"/><SP WIDTH="27" VPOS="1441" HPOS="774"/>
							<String ID="string_216" HPOS="801" VPOS="1443" WIDTH="140" HEIGHT="36" WC="0.96" CONTENT="bereda"/><SP WIDTH="29" VPOS="1443" HPOS="941"/>
							<String ID="string_217" HPOS="970" VPOS="1443" WIDTH="81" HEIGHT="36" WC="0.95" CONTENT="dels"/><SP WIDTH="28" VPOS="1443" HPOS="1051"/>
							<String ID="string_218" HPOS="1079" VPOS="1443" WIDTH="59" HEIGHT="36" WC="0.96" CONTENT="för"/><SP WIDTH="28" VPOS="1443" HPOS="1138"/>
							<String ID="string_219" HPOS="1166" VPOS="1455" WIDTH="47" HEIGHT="24" WC="0.96" CONTENT="en"/><SP WIDTH="28" VPOS="1455" HPOS="1213"/>
							<String ID="string_220" HPOS="1241" VPOS="1446" WIDTH="104" HEIGHT="46" WC="0.96" CONTENT="gång"/><SP WIDTH="29" VPOS="1446" HPOS="1345"/>
							<String ID="string_221" HPOS="1374" VPOS="1448" WIDTH="56" HEIGHT="32" WC="0.96" CONTENT="ett"/><SP WIDTH="28" VPOS="1448" HPOS="1430"/>
							<String ID="string_222" HPOS="1458" VPOS="1444" WIDTH="135" HEIGHT="49" WC="0.96" CONTENT="anslag"/><SP WIDTH="19" VPOS="1444" HPOS="1593"/>
							<String ID="string_223" HPOS="1612" VPOS="1443" WIDTH="40" HEIGHT="37" WC="0.92" CONTENT="af"/><SP WIDTH="18" VPOS="1443" HPOS="1652"/>
							<String ID="string_224" HPOS="1670" VPOS="1445" WIDTH="135" HEIGHT="46" WC="0.92" CONTENT="18,466"/>
						</TextLine>
						<TextLine ID="line_24" HPOS="217" VPOS="1495" WIDTH="1589" HEIGHT="50">
							<String ID="string_225" HPOS="217" VPOS="1495" WIDTH="138" HEIGHT="36" WC="0.96" CONTENT="kronor"/><SP WIDTH="30" VPOS="1495" HPOS="355"/>
							<String ID="string_226" HPOS="385" VPOS="1496" WIDTH="46" HEIGHT="35" WC="0.94" CONTENT="75"/><SP WIDTH="31" VPOS="1496" HPOS="431"/>
							<String ID="string_227" HPOS="462" VPOS="1500" WIDTH="75" HEIGHT="42" WC="0.95" CONTENT="öre,"/><SP WIDTH="29" VPOS="1500" HPOS="537"/>
							<String ID="string_228" HPOS="566" VPOS="1495" WIDTH="139" HEIGHT="36" WC="0.93" CONTENT="hvaraf"/><SP WIDTH="28" VPOS="1495" HPOS="705"/>
							<String ID="string_229" HPOS="733" VPOS="1497" WIDTH="110" HEIGHT="45" WC="0.84" CONTENT="1,734"/><SP WIDTH="29" VPOS="1497" HPOS="843"/>
							<String ID="string_230" HPOS="872" VPOS="1495" WIDTH="140" HEIGHT="36" WC="0.95" CONTENT="kronor"/><SP WIDTH="30" VPOS="1495" HPOS="1012"/>
							<String ID="string_231" HPOS="1042" VPOS="1496" WIDTH="46" HEIGHT="35" WC="0.95" CONTENT="75"/><SP WIDTH="30" VPOS="1496" HPOS="1088"/>
							<String ID="string_232" HPOS="1118" VPOS="1500" WIDTH="64" HEIGHT="31" WC="0.94" CONTENT="öre"/><SP WIDTH="28" VPOS="1500" HPOS="1182"/>
							<String ID="string_233" HPOS="1210" VPOS="1495" WIDTH="58" HEIGHT="36" WC="0.94" CONTENT="till"/><SP WIDTH="20" VPOS="1495" HPOS="1268"/>
							<String ID="string_234" HPOS="1288" VPOS="1495" WIDTH="187" HEIGHT="37" WC="0.95" CONTENT="täckande"/><SP WIDTH="24" VPOS="1495" HPOS="1475"/>
							<String ID="string_235" HPOS="1499" VPOS="1496" WIDTH="38" HEIGHT="36" WC="0.96" CONTENT="af"/><SP WIDTH="10" VPOS="1496" HPOS="1537"/>
							<String ID="string_236" HPOS="1547" VPOS="1495" WIDTH="259" HEIGHT="50" WC="0.95" CONTENT="uppkommen"/>
						</TextLine>
						<TextLine ID="line_25" HPOS="215" VPOS="1546" WIDTH="1590" HEIGHT="51">
							<String ID="string_237" HPOS="215" VPOS="1547" WIDTH="105" HEIGHT="47" WC="0.92" CONTENT="brist,"/><SP WIDTH="31" VPOS="1547" HPOS="320"/>
							<String ID="string_238" HPOS="351" VPOS="1549" WIDTH="112" HEIGHT="45" WC="0.72" CONTENT="2,832"/><SP WIDTH="29" VPOS="1549" HPOS="463"/>
							<String ID="string_239" HPOS="492" VPOS="1547" WIDTH="140" HEIGHT="36" WC="0.95" CONTENT="kronor"/><SP WIDTH="26" VPOS="1547" HPOS="632"/>
							<String ID="string_240" HPOS="658" VPOS="1546" WIDTH="59" HEIGHT="36" WC="0.95" CONTENT="till"/><SP WIDTH="27" VPOS="1546" HPOS="717"/>
							<String ID="string_241" HPOS="744" VPOS="1547" WIDTH="260" HEIGHT="49" WC="0.96" CONTENT="reparationer"/><SP WIDTH="28" VPOS="1547" HPOS="1004"/>
							<String ID="string_242" HPOS="1032" VPOS="1547" WIDTH="70" HEIGHT="36" WC="0.93" CONTENT="och"/><SP WIDTH="32" VPOS="1547" HPOS="1102"/>
							<String ID="string_243" HPOS="1134" VPOS="1549" WIDTH="135" HEIGHT="46" WC="0.90" CONTENT="13,900"/><SP WIDTH="15" VPOS="1549" HPOS="1269"/>
							<String ID="string_244" HPOS="1284" VPOS="1548" WIDTH="142" HEIGHT="36" WC="0.94" CONTENT="kronor"/><SP WIDTH="15" VPOS="1548" HPOS="1426"/>
							<String ID="string_245" HPOS="1441" VPOS="1547" WIDTH="57" HEIGHT="37" WC="0.96" CONTENT="till"/><SP WIDTH="15" VPOS="1547" HPOS="1498"/>
							<String ID="string_246" HPOS="1513" VPOS="1547" WIDTH="292" HEIGHT="50" WC="0.96" CONTENT="nybyggnader,"/>
						</TextLine>
						<TextLine ID="line_26" HPOS="215" VPOS="1598" WIDTH="1590" HEIGHT="49">
							<String ID="string_247" HPOS="215" VPOS="1599" WIDTH="77" HEIGHT="36" WC="0.90" CONTENT="delg"/><SP WIDTH="29" VPOS="1599" HPOS="292"/>
							<String ID="string_248" HPOS="321" VPOS="1599" WIDTH="71" HEIGHT="36" WC="0.96" CONTENT="ock"/><SP WIDTH="28" VPOS="1599" HPOS="392"/>
							<String ID="string_249" HPOS="420" VPOS="1603" WIDTH="56" HEIGHT="32" WC="0.96" CONTENT="ett"/><SP WIDTH="24" VPOS="1603" HPOS="476"/>
							<String ID="string_250" HPOS="500" VPOS="1603" WIDTH="107" HEIGHT="32" WC="0.96" CONTENT="extra"/><SP WIDTH="29" VPOS="1603" HPOS="607"/>
							<String ID="string_251" HPOS="636" VPOS="1599" WIDTH="134" HEIGHT="48" WC="0.96" CONTENT="anslag"/><SP WIDTH="28" VPOS="1599" HPOS="770"/>
							<String ID="string_252" HPOS="798" VPOS="1599" WIDTH="41" HEIGHT="36" WC="0.96" CONTENT="af"/><SP WIDTH="25" VPOS="1599" HPOS="839"/>
							<String ID="string_253" HPOS="864" VPOS="1601" WIDTH="74" HEIGHT="34" WC="0.96" CONTENT="900"/><SP WIDTH="28" VPOS="1601" HPOS="938"/>
							<String ID="string_254" HPOS="966" VPOS="1599" WIDTH="152" HEIGHT="47" WC="0.96" CONTENT="kronor,"/><SP WIDTH="22" VPOS="1599" HPOS="1118"/>
							<String ID="string_255" HPOS="1140" VPOS="1598" WIDTH="135" HEIGHT="37" WC="0.96" CONTENT="hvaraf"/><SP WIDTH="12" VPOS="1598" HPOS="1275"/>
							<String ID="string_256" HPOS="1287" VPOS="1601" WIDTH="75" HEIGHT="35" WC="0.95" CONTENT="200"/><SP WIDTH="18" VPOS="1601" HPOS="1362"/>
							<String ID="string_257" HPOS="1380" VPOS="1599" WIDTH="141" HEIGHT="37" WC="0.96" CONTENT="kronor"/><SP WIDTH="15" VPOS="1599" HPOS="1521"/>
							<String ID="string_258" HPOS="1536" VPOS="1599" WIDTH="58" HEIGHT="36" WC="0.92" CONTENT="till"/><SP WIDTH="16" VPOS="1599" HPOS="1594"/>
							<String ID="string_259" HPOS="1610" VPOS="1599" WIDTH="195" HEIGHT="37" WC="0.90" CONTENT="aflönande"/>
						</TextLine>
						<TextLine ID="line_27" HPOS="214" VPOS="1650" WIDTH="1591" HEIGHT="48">
							<String ID="string_260" HPOS="214" VPOS="1651" WIDTH="41" HEIGHT="35" WC="0.96" CONTENT="af"/><SP WIDTH="16" VPOS="1651" HPOS="255"/>
							<String ID="string_261" HPOS="271" VPOS="1650" WIDTH="144" HEIGHT="37" WC="0.96" CONTENT="vikarie"/><SP WIDTH="21" VPOS="1650" HPOS="415"/>
							<String ID="string_262" HPOS="436" VPOS="1653" WIDTH="38" HEIGHT="33" WC="0.96" CONTENT="åt"/><SP WIDTH="20" VPOS="1653" HPOS="474"/>
							<String ID="string_263" HPOS="494" VPOS="1650" WIDTH="287" HEIGHT="37" WC="0.96" CONTENT="föreståndaren"/><SP WIDTH="19" VPOS="1650" HPOS="781"/>
							<String ID="string_264" HPOS="800" VPOS="1651" WIDTH="122" HEIGHT="36" WC="0.96" CONTENT="under"/><SP WIDTH="17" VPOS="1651" HPOS="922"/>
							<String ID="string_265" HPOS="939" VPOS="1664" WIDTH="46" HEIGHT="23" WC="0.96" CONTENT="en"/><SP WIDTH="17" VPOS="1664" HPOS="985"/>
							<String ID="string_266" HPOS="1002" VPOS="1651" WIDTH="155" HEIGHT="36" WC="0.96" CONTENT="månads"/><SP WIDTH="16" VPOS="1651" HPOS="1157"/>
							<String ID="string_267" HPOS="1173" VPOS="1656" WIDTH="193" HEIGHT="42" WC="0.95" CONTENT="semester,"/><SP WIDTH="22" VPOS="1656" HPOS="1366"/>
							<String ID="string_268" HPOS="1388" VPOS="1653" WIDTH="70" HEIGHT="35" WC="0.95" CONTENT="100"/><SP WIDTH="16" VPOS="1653" HPOS="1458"/>
							<String ID="string_269" HPOS="1474" VPOS="1651" WIDTH="140" HEIGHT="37" WC="0.95" CONTENT="kronor"/><SP WIDTH="14" VPOS="1651" HPOS="1614"/>
							<String ID="string_270" HPOS="1628" VPOS="1651" WIDTH="58" HEIGHT="37" WC="0.93" CONTENT="till"/><SP WIDTH="15" VPOS="1651" HPOS="1686"/>
							<String ID="string_271" HPOS="1701" VPOS="1651" WIDTH="104" HEIGHT="37" WC="0.91" CONTENT="löne-"/>
						</TextLine>
						<TextLine ID="line_28" HPOS="213" VPOS="1702" WIDTH="1592" HEIGHT="49">
							<String ID="string_272" HPOS="213" VPOS="1702" WIDTH="232" HEIGHT="48" WC="0.96" CONTENT="förbättring"/><SP WIDTH="28" VPOS="1702" HPOS="445"/>
							<String ID="string_273" HPOS="473" VPOS="1705" WIDTH="38" HEIGHT="33" WC="0.93" CONTENT="åt"/><SP WIDTH="28" VPOS="1705" HPOS="511"/>
							<String ID="string_274" HPOS="539" VPOS="1702" WIDTH="249" HEIGHT="49" WC="0.91" CONTENT="betjeningen"/><SP WIDTH="29" VPOS="1702" HPOS="788"/>
							<String ID="string_275" HPOS="817" VPOS="1702" WIDTH="71" HEIGHT="36" WC="0.96" CONTENT="och"/><SP WIDTH="30" VPOS="1702" HPOS="888"/>
							<String ID="string_276" HPOS="918" VPOS="1704" WIDTH="73" HEIGHT="34" WC="0.96" CONTENT="600"/><SP WIDTH="29" VPOS="1704" HPOS="991"/>
							<String ID="string_277" HPOS="1020" VPOS="1702" WIDTH="141" HEIGHT="36" WC="0.96" CONTENT="kronor"/><SP WIDTH="28" VPOS="1702" HPOS="1161"/>
							<String ID="string_278" HPOS="1189" VPOS="1705" WIDTH="121" HEIGHT="34" WC="0.93" CONTENT="såsom"/><SP WIDTH="25" VPOS="1705" HPOS="1310"/>
							<String ID="string_279" HPOS="1335" VPOS="1702" WIDTH="138" HEIGHT="49" WC="0.95" CONTENT="bidrag"/><SP WIDTH="14" VPOS="1702" HPOS="1473"/>
							<String ID="string_280" HPOS="1487" VPOS="1703" WIDTH="58" HEIGHT="36" WC="0.95" CONTENT="till"/><SP WIDTH="15" VPOS="1703" HPOS="1545"/>
							<String ID="string_281" HPOS="1560" VPOS="1703" WIDTH="245" HEIGHT="36" WC="0.96" CONTENT="bestridande"/>
						</TextLine>
						<TextLine ID="line_29" HPOS="214" VPOS="1753" WIDTH="1590" HEIGHT="50">
							<String ID="string_282" HPOS="214" VPOS="1754" WIDTH="41" HEIGHT="36" WC="0.95" CONTENT="af"/><SP WIDTH="24" VPOS="1754" HPOS="255"/>
							<String ID="string_283" HPOS="279" VPOS="1754" WIDTH="162" HEIGHT="49" WC="0.95" CONTENT="utgifter"/><SP WIDTH="27" VPOS="1754" HPOS="441"/>
							<String ID="string_284" HPOS="468" VPOS="1754" WIDTH="59" HEIGHT="35" WC="0.96" CONTENT="för"/><SP WIDTH="27" VPOS="1754" HPOS="527"/>
							<String ID="string_285" HPOS="554" VPOS="1754" WIDTH="74" HEIGHT="36" WC="0.96" CONTENT="ved"/><SP WIDTH="29" VPOS="1754" HPOS="628"/>
							<String ID="string_286" HPOS="657" VPOS="1754" WIDTH="70" HEIGHT="36" WC="0.96" CONTENT="och"/><SP WIDTH="27" VPOS="1754" HPOS="727"/>
							<String ID="string_287" HPOS="754" VPOS="1753" WIDTH="82" HEIGHT="49" WC="0.96" CONTENT="lyse"/><SP WIDTH="28" VPOS="1753" HPOS="836"/>
							<String ID="string_288" HPOS="864" VPOS="1754" WIDTH="59" HEIGHT="36" WC="0.96" CONTENT="för"/><SP WIDTH="29" VPOS="1754" HPOS="923"/>
							<String ID="string_289" HPOS="952" VPOS="1753" WIDTH="127" HEIGHT="37" WC="0.96" CONTENT="elever"/><SP WIDTH="28" VPOS="1753" HPOS="1079"/>
							<String ID="string_290" HPOS="1107" VPOS="1753" WIDTH="69" HEIGHT="37" WC="0.93" CONTENT="och"/><SP WIDTH="19" VPOS="1753" HPOS="1176"/>
							<String ID="string_291" HPOS="1195" VPOS="1754" WIDTH="456" HEIGHT="49" WC="0.92" CONTENT="undervisningslokaler,"/><SP WIDTH="17" VPOS="1754" HPOS="1651"/>
							<String ID="string_292" HPOS="1668" VPOS="1755" WIDTH="136" HEIGHT="37" WC="0.91" CONTENT="under-"/>
						</TextLine>
						<TextLine ID="line_30" HPOS="213" VPOS="1805" WIDTH="853" HEIGHT="50">
							<String ID="string_293" HPOS="213" VPOS="1805" WIDTH="351" HEIGHT="50" WC="0.91" CONTENT="visningsmateriel"/><SP WIDTH="30" VPOS="1805" HPOS="564"/>
							<String ID="string_294" HPOS="594" VPOS="1806" WIDTH="71" HEIGHT="36" WC="0.92" CONTENT="och"/><SP WIDTH="29" VPOS="1806" HPOS="665"/>
							<String ID="string_295" HPOS="694" VPOS="1818" WIDTH="115" HEIGHT="24" WC="0.90" CONTENT="onera"/><SP WIDTH="28" VPOS="1818" HPOS="809"/>
							<String ID="string_296" HPOS="837" VPOS="1806" WIDTH="87" HEIGHT="36" WC="0.96" CONTENT="med"/><SP WIDTH="28" VPOS="1806" HPOS="924"/>
							<String ID="string_297" HPOS="952" VPOS="1818" WIDTH="114" HEIGHT="24" WC="0.95" CONTENT="mera."/>
						</TextLine>
					</TextBlock>
				</ComposedBlock>
				<ComposedBlock ID="cblock_2" HPOS="211" VPOS="1910" WIDTH="1593" HEIGHT="464">
					<TextBlock ID="block_4" HPOS="211" VPOS="1910" WIDTH="1593" HEIGHT="464">
						<TextLine ID="line_31" HPOS="342" VPOS="1910" WIDTH="1462" HEIGHT="50">
							<String ID="string_298" HPOS="342" VPOS="1910" WIDTH="124" HEIGHT="37" WC="0.96" CONTENT="Sedan"/><SP WIDTH="43" VPOS="1910" HPOS="466"/>
							<String ID="string_299" HPOS="509" VPOS="1910" WIDTH="188" HEIGHT="49" WC="0.96" CONTENT="styrelsen"/><SP WIDTH="41" VPOS="1910" HPOS="697"/>
							<String ID="string_300" HPOS="738" VPOS="1911" WIDTH="59" HEIGHT="36" WC="0.91" CONTENT="för"/><SP WIDTH="27" VPOS="1911" HPOS="797"/>
							<String ID="string_301" HPOS="824" VPOS="1910" WIDTH="461" HEIGHT="50" WC="0.55" CONTENT="veterinärinrättningen"/><SP WIDTH="27" VPOS="1910" HPOS="1285"/>
							<String ID="string_302" HPOS="1312" VPOS="1923" WIDTH="141" HEIGHT="36" WC="0.95" CONTENT="genom"/><SP WIDTH="29" VPOS="1923" HPOS="1453"/>
							<String ID="string_303" HPOS="1482" VPOS="1910" WIDTH="132" HEIGHT="37" WC="0.93" CONTENT="remiss"/><SP WIDTH="29" VPOS="1910" HPOS="1614"/>
							<String ID="string_304" HPOS="1643" VPOS="1910" WIDTH="161" HEIGHT="36" WC="0.91" CONTENT="lemnats"/>
						</TextLine>
						<TextLine ID="line_32" HPOS="212" VPOS="1962" WIDTH="1592" HEIGHT="49">
							<String ID="string_305" HPOS="212" VPOS="1962" WIDTH="148" HEIGHT="36" WC="0.95" CONTENT="tillfälle"/><SP WIDTH="30" VPOS="1962" HPOS="360"/>
							<String ID="string_306" HPOS="390" VPOS="1967" WIDTH="54" HEIGHT="31" WC="0.96" CONTENT="att"/><SP WIDTH="27" VPOS="1967" HPOS="444"/>
							<String ID="string_307" HPOS="471" VPOS="1962" WIDTH="58" HEIGHT="36" WC="0.96" CONTENT="till"/><SP WIDTH="27" VPOS="1962" HPOS="529"/>
							<String ID="string_308" HPOS="556" VPOS="1962" WIDTH="141" HEIGHT="48" WC="0.93" CONTENT="Kongl."/><SP WIDTH="31" VPOS="1962" HPOS="697"/>
							<String ID="string_309" HPOS="728" VPOS="1962" WIDTH="109" HEIGHT="49" WC="0.96" CONTENT="Maj:t"/><SP WIDTH="27" VPOS="1962" HPOS="837"/>
							<String ID="string_310" HPOS="864" VPOS="1962" WIDTH="195" HEIGHT="36" WC="0.96" CONTENT="inkomma"/><SP WIDTH="29" VPOS="1962" HPOS="1059"/>
							<String ID="string_311" HPOS="1088" VPOS="1962" WIDTH="85" HEIGHT="37" WC="0.96" CONTENT="med"/><SP WIDTH="27" VPOS="1962" HPOS="1173"/>
							<String ID="string_312" HPOS="1200" VPOS="1962" WIDTH="179" HEIGHT="49" WC="0.96" CONTENT="yttrande"/><SP WIDTH="21" VPOS="1962" HPOS="1379"/>
							<String ID="string_313" HPOS="1400" VPOS="1962" WIDTH="12" HEIGHT="36" WC="0.96" CONTENT="i"/><SP WIDTH="20" VPOS="1962" HPOS="1412"/>
							<String ID="string_314" HPOS="1432" VPOS="1962" WIDTH="206" HEIGHT="48" WC="0.95" CONTENT="anledning"/><SP WIDTH="16" VPOS="1962" HPOS="1638"/>
							<String ID="string_315" HPOS="1654" VPOS="1962" WIDTH="40" HEIGHT="36" WC="0.95" CONTENT="af"/><SP WIDTH="20" VPOS="1962" HPOS="1694"/>
							<String ID="string_316" HPOS="1714" VPOS="1962" WIDTH="90" HEIGHT="36" WC="0.96" CONTENT="hvad"/>
						</TextLine>
						<TextLine ID="line_33" HPOS="212" VPOS="2013" WIDTH="1591" HEIGHT="49">
							<String ID="string_317" HPOS="212" VPOS="2014" WIDTH="392" HEIGHT="48" WC="0.92" CONTENT="medicinalstyrelsen"/><SP WIDTH="28" VPOS="2014" HPOS="604"/>
							<String ID="string_318" HPOS="632" VPOS="2014" WIDTH="11" HEIGHT="35" WC="0.96" CONTENT="i"/><SP WIDTH="29" VPOS="2014" HPOS="643"/>
							<String ID="string_319" HPOS="672" VPOS="2013" WIDTH="58" HEIGHT="36" WC="0.93" CONTENT="sin"/><SP WIDTH="28" VPOS="2013" HPOS="730"/>
							<String ID="string_320" HPOS="758" VPOS="2014" WIDTH="255" HEIGHT="47" WC="0.91" CONTENT="nyssberörda"/><SP WIDTH="19" VPOS="2014" HPOS="1013"/>
							<String ID="string_321" HPOS="1032" VPOS="2014" WIDTH="198" HEIGHT="36" WC="0.96" CONTENT="skrifvelse"/><SP WIDTH="21" VPOS="2014" HPOS="1230"/>
							<String ID="string_322" HPOS="1251" VPOS="2014" WIDTH="137" HEIGHT="45" WC="0.96" CONTENT="anfört,"/><SP WIDTH="21" VPOS="2014" HPOS="1388"/>
							<String ID="string_323" HPOS="1409" VPOS="2014" WIDTH="95" HEIGHT="36" WC="0.92" CONTENT="hade"/><SP WIDTH="16" VPOS="2014" HPOS="1504"/>
							<String ID="string_324" HPOS="1520" VPOS="2014" WIDTH="283" HEIGHT="48" WC="0.91" CONTENT="inrättningens"/>
						</TextLine>
						<TextLine ID="line_34" HPOS="212" VPOS="2065" WIDTH="1591" HEIGHT="48">
							<String ID="string_325" HPOS="212" VPOS="2066" WIDTH="171" HEIGHT="47" WC="0.96" CONTENT="styrelse,"/><SP WIDTH="23" VPOS="2066" HPOS="383"/>
							<String ID="string_326" HPOS="406" VPOS="2065" WIDTH="123" HEIGHT="48" WC="0.96" CONTENT="enligt"/><SP WIDTH="18" VPOS="2065" HPOS="529"/>
							<String ID="string_327" HPOS="547" VPOS="2065" WIDTH="102" HEIGHT="35" WC="0.93" CONTENT="hvad"/><SP WIDTH="20" VPOS="2065" HPOS="649"/>
							<String ID="string_328" HPOS="669" VPOS="2065" WIDTH="420" HEIGHT="48" WC="0.91" CONTENT="departementschefen"/><SP WIDTH="20" VPOS="2065" HPOS="1089"/>
							<String ID="string_329" HPOS="1109" VPOS="2065" WIDTH="128" HEIGHT="36" WC="0.96" CONTENT="vidare"/><SP WIDTH="21" VPOS="2065" HPOS="1237"/>
							<String ID="string_330" HPOS="1258" VPOS="2065" WIDTH="202" HEIGHT="47" WC="0.96" CONTENT="meddelat,"/><SP WIDTH="17" VPOS="2065" HPOS="1460"/>
							<String ID="string_331" HPOS="1477" VPOS="2066" WIDTH="73" HEIGHT="35" WC="0.96" CONTENT="den"/><SP WIDTH="19" VPOS="2066" HPOS="1550"/>
							<String ID="string_332" HPOS="1569" VPOS="2067" WIDTH="17" HEIGHT="34" WC="0.94" CONTENT="1"/><SP WIDTH="19" VPOS="2067" HPOS="1586"/>
							<String ID="string_333" HPOS="1605" VPOS="2065" WIDTH="198" HEIGHT="36" WC="0.96" CONTENT="december"/>
						</TextLine>
						<TextLine ID="line_35" HPOS="215" VPOS="2116" WIDTH="1587" HEIGHT="48">
							<String ID="string_334" HPOS="215" VPOS="2118" WIDTH="96" HEIGHT="34" WC="0.93" CONTENT="1900"/><SP WIDTH="31" VPOS="2118" HPOS="311"/>
							<String ID="string_335" HPOS="342" VPOS="2117" WIDTH="155" HEIGHT="46" WC="0.70" CONTENT="afeifvit"/><SP WIDTH="27" VPOS="2117" HPOS="497"/>
							<String ID="string_336" HPOS="524" VPOS="2116" WIDTH="208" HEIGHT="47" WC="0.93" CONTENT="utlåtande,"/><SP WIDTH="26" VPOS="2116" HPOS="732"/>
							<String ID="string_337" HPOS="758" VPOS="2116" WIDTH="182" HEIGHT="36" WC="0.90" CONTENT="hvarmed"/><SP WIDTH="20" VPOS="2116" HPOS="940"/>
							<String ID="string_338" HPOS="960" VPOS="2117" WIDTH="269" HEIGHT="36" WC="0.89" CONTENT="öfverlemnats"/><SP WIDTH="20" VPOS="2117" HPOS="1229"/>
							<String ID="string_339" HPOS="1249" VPOS="2116" WIDTH="192" HEIGHT="48" WC="0.95" CONTENT="ritningar"/><SP WIDTH="16" VPOS="2116" HPOS="1441"/>
							<String ID="string_340" HPOS="1457" VPOS="2116" WIDTH="69" HEIGHT="36" WC="0.93" CONTENT="och"/><SP WIDTH="16" VPOS="2116" HPOS="1526"/>
							<String ID="string_341" HPOS="1542" VPOS="2116" WIDTH="260" HEIGHT="36" WC="0.92" CONTENT="kostnadsför-"/>
						</TextLine>
						<TextLine ID="line_36" HPOS="212" VPOS="2167" WIDTH="1590" HEIGHT="50">
							<String ID="string_342" HPOS="212" VPOS="2168" WIDTH="83" HEIGHT="48" WC="0.96" CONTENT="slag"/><SP WIDTH="16" VPOS="2168" HPOS="295"/>
							<String ID="string_343" HPOS="311" VPOS="2168" WIDTH="198" HEIGHT="49" WC="0.96" CONTENT="angående"/><SP WIDTH="16" VPOS="2168" HPOS="509"/>
							<String ID="string_344" HPOS="525" VPOS="2167" WIDTH="80" HEIGHT="37" WC="0.93" CONTENT="dels"/><SP WIDTH="16" VPOS="2167" HPOS="605"/>
							<String ID="string_345" HPOS="621" VPOS="2167" WIDTH="156" HEIGHT="36" WC="0.56" CONTENT="uthuset"/><SP WIDTH="17" VPOS="2167" HPOS="777"/>
							<String ID="string_346" HPOS="794" VPOS="2167" WIDTH="62" HEIGHT="36" WC="0.93" CONTENT="vid"/><SP WIDTH="16" VPOS="2167" HPOS="856"/>
							<String ID="string_347" HPOS="872" VPOS="2168" WIDTH="469" HEIGHT="48" WC="0.90" CONTENT="veterinärinrättningen,"/><SP WIDTH="13" VPOS="2168" HPOS="1341"/>
							<String ID="string_348" HPOS="1354" VPOS="2168" WIDTH="81" HEIGHT="36" WC="0.96" CONTENT="dels"/><SP WIDTH="11" VPOS="2168" HPOS="1435"/>
							<String ID="string_349" HPOS="1446" VPOS="2167" WIDTH="139" HEIGHT="37" WC="0.95" CONTENT="kostall"/><SP WIDTH="13" VPOS="2167" HPOS="1585"/>
							<String ID="string_350" HPOS="1598" VPOS="2168" WIDTH="70" HEIGHT="36" WC="0.93" CONTENT="och"/><SP WIDTH="11" VPOS="2168" HPOS="1668"/>
							<String ID="string_351" HPOS="1679" VPOS="2168" WIDTH="123" HEIGHT="36" WC="0.92" CONTENT="foder-"/>
						</TextLine>
						<TextLine ID="line_37" HPOS="211" VPOS="2218" WIDTH="1591" HEIGHT="51">
							<String ID="string_352" HPOS="211" VPOS="2220" WIDTH="85" HEIGHT="35" WC="0.91" CONTENT="lada"/><SP WIDTH="28" VPOS="2220" HPOS="296"/>
							<String ID="string_353" HPOS="324" VPOS="2223" WIDTH="20" HEIGHT="33" WC="0.91" CONTENT="å"/><SP WIDTH="29" VPOS="2223" HPOS="344"/>
							<String ID="string_354" HPOS="373" VPOS="2220" WIDTH="233" HEIGHT="48" WC="0.91" CONTENT="Brogården,"/><SP WIDTH="31" VPOS="2220" HPOS="606"/>
							<String ID="string_355" HPOS="637" VPOS="2218" WIDTH="80" HEIGHT="37" WC="0.96" CONTENT="dels"/><SP WIDTH="28" VPOS="2218" HPOS="717"/>
							<String ID="string_356" HPOS="745" VPOS="2218" WIDTH="186" HEIGHT="50" WC="0.96" CONTENT="ladugård"/><SP WIDTH="23" VPOS="2218" HPOS="931"/>
							<String ID="string_357" HPOS="954" VPOS="2219" WIDTH="62" HEIGHT="36" WC="0.93" CONTENT="vid"/><SP WIDTH="21" VPOS="2219" HPOS="1016"/>
							<String ID="string_358" HPOS="1037" VPOS="2219" WIDTH="196" HEIGHT="50" WC="0.90" CONTENT="Grintorp,"/><SP WIDTH="22" VPOS="2219" HPOS="1233"/>
							<String ID="string_359" HPOS="1255" VPOS="2219" WIDTH="80" HEIGHT="36" WC="0.96" CONTENT="dels"/><SP WIDTH="20" VPOS="2219" HPOS="1335"/>
							<String ID="string_360" HPOS="1355" VPOS="2219" WIDTH="234" HEIGHT="48" WC="0.95" CONTENT="boningshus"/><SP WIDTH="20" VPOS="2219" HPOS="1589"/>
							<String ID="string_361" HPOS="1609" VPOS="2219" WIDTH="70" HEIGHT="36" WC="0.93" CONTENT="och"/><SP WIDTH="20" VPOS="2219" HPOS="1679"/>
							<String ID="string_362" HPOS="1699" VPOS="2219" WIDTH="103" HEIGHT="36" WC="0.91" CONTENT="ladu-"/>
						</TextLine>
						<TextLine ID="line_38" HPOS="213" VPOS="2270" WIDTH="1591" HEIGHT="50">
							<String ID="string_363" HPOS="213" VPOS="2271" WIDTH="138" HEIGHT="48" WC="0.96" CONTENT="gårdar"/><SP WIDTH="27" VPOS="2271" HPOS="351"/>
							<String ID="string_364" HPOS="378" VPOS="2271" WIDTH="64" HEIGHT="36" WC="0.93" CONTENT="vid"/><SP WIDTH="29" VPOS="2271" HPOS="442"/>
							<String ID="string_365" HPOS="471" VPOS="2271" WIDTH="261" HEIGHT="49" WC="0.90" CONTENT="Fribergsäng"/><SP WIDTH="24" VPOS="2271" HPOS="732"/>
							<String ID="string_366" HPOS="756" VPOS="2271" WIDTH="70" HEIGHT="36" WC="0.93" CONTENT="och"/><SP WIDTH="30" VPOS="2271" HPOS="826"/>
							<String ID="string_367" HPOS="856" VPOS="2271" WIDTH="163" HEIGHT="36" WC="0.91" CONTENT="Balsum."/><SP WIDTH="45" VPOS="2271" HPOS="1019"/>
							<String ID="string_368" HPOS="1064" VPOS="2270" WIDTH="129" HEIGHT="38" WC="0.88" CONTENT="Såsom"/><SP WIDTH="31" VPOS="2270" HPOS="1193"/>
							<String ID="string_369" HPOS="1224" VPOS="2270" WIDTH="214" HEIGHT="49" WC="0.96" CONTENT="förklaring"/><SP WIDTH="27" VPOS="2270" HPOS="1438"/>
							<String ID="string_370" HPOS="1465" VPOS="2271" WIDTH="57" HEIGHT="36" WC="0.96" CONTENT="till"/><SP WIDTH="21" VPOS="2271" HPOS="1522"/>
							<String ID="string_371" HPOS="1543" VPOS="2271" WIDTH="73" HEIGHT="36" WC="0.96" CONTENT="den"/><SP WIDTH="20" VPOS="2271" HPOS="1616"/>
							<String ID="string_372" HPOS="1636" VPOS="2271" WIDTH="168" HEIGHT="48" WC="0.96" CONTENT="begärda"/>
						</TextLine>
						<TextLine ID="line_39" HPOS="214" VPOS="2322" WIDTH="1589" HEIGHT="52">
							<String ID="string_373" HPOS="214" VPOS="2323" WIDTH="194" HEIGHT="51" WC="0.96" CONTENT="ökningen"/><SP WIDTH="32" VPOS="2323" HPOS="408"/>
							<String ID="string_374" HPOS="440" VPOS="2324" WIDTH="40" HEIGHT="36" WC="0.96" CONTENT="af"/><SP WIDTH="25" VPOS="2324" HPOS="480"/>
							<String ID="string_375" HPOS="505" VPOS="2324" WIDTH="64" HEIGHT="36" WC="0.96" CONTENT="det"/><SP WIDTH="33" VPOS="2324" HPOS="569"/>
							<String ID="string_376" HPOS="602" VPOS="2322" WIDTH="188" HEIGHT="39" WC="0.91" CONTENT="ordinarie"/><SP WIDTH="30" VPOS="2322" HPOS="790"/>
							<String ID="string_377" HPOS="820" VPOS="2322" WIDTH="271" HEIGHT="51" WC="0.89" CONTENT="statsanslaget"/><SP WIDTH="16" VPOS="2322" HPOS="1091"/>
							<String ID="string_378" HPOS="1107" VPOS="2323" WIDTH="94" HEIGHT="38" WC="0.96" CONTENT="hade"/><SP WIDTH="17" VPOS="2323" HPOS="1201"/>
							<String ID="string_379" HPOS="1218" VPOS="2323" WIDTH="201" HEIGHT="51" WC="0.96" CONTENT="styrelsen,"/><SP WIDTH="28" VPOS="2323" HPOS="1419"/>
							<String ID="string_380" HPOS="1447" VPOS="2323" WIDTH="108" HEIGHT="37" WC="0.96" CONTENT="under"/><SP WIDTH="15" VPOS="2323" HPOS="1555"/>
							<String ID="string_381" HPOS="1570" VPOS="2322" WIDTH="233" HEIGHT="52" WC="0.96" CONTENT="hänvisning"/>
						</TextLine>
					</TextBlock>
				</ComposedBlock>
			</PrintSpace>
		</Page>
	</Layout>
</alto>
