1910 2844
549 135 112 30 Första
686 136 224 35 lagutskottets
933 135 164 30 utlåtande
1121 136 48 28 Nr
1192 140 50 27 33.
1606 135 38 31 13

807 336 61 40 Nr
894 335 63 41 33.

522 445 119 29 Ankom
665 445 46 29 till
733 445 173 34 riksdagens
929 444 98 29 kansli
1049 445 60 28 den
1133 446 37 27 22
1195 454 78 19 mars
1297 446 82 27 1935
1403 444 39 28 kl.
1468 446 15 26 1
1508 454 25 18 e.
1557 454 40 18 m.

358 550 182 34 Utlåtande
565 552 12 30 i
601 550 180 39 anledning
808 562 42 21 av
878 549 130 40 Kungl.
1034 550 121 40 Maj:ts
1179 551 210 38 proposition
1413 549 74 33 med
1512 549 128 40 förslag

583 601 53 33 till
660 601 197 39 förordning
883 613 53 20 om
961 601 170 33 utsträckt
1152 601 218 38 tillämpning
1396 613 41 20 av
1462 601 40 32 de
1525 603 12 30 i
1562 601 80 32 kun-

577 652 153 38 görelsen
754 652 65 32 den
842 653 22 31 3
889 652 152 39 februari
1065 653 87 32 1888
1184 650 56 41 (nr
1264 654 18 30 1
1309 652 64 32 sid.
1398 650 36 41 3)
1465 654 88 30 samt
1577 653 20 31 4
1622 651 21 39 $

575 703 100 38 lagen
702 703 64 32 den
793 704 22 31 2
846 702 172 33 december
1045 704 87 31 1892
1167 701 57 42 (nr
1251 702 81 41 106)
1366 702 196 33 meddelade
1592 702 49 32 be-

574 753 209 32 stämmelser
805 753 173 38 angående
1000 755 186 36 ersättning
1211 764 42 21 av
1276 753 196 32 statsmedel
1493 753 56 39 för
1570 752 72 39 gul-

573 803 64 33 den
656 803 216 39 frälseränta.

182 904 126 34 Genom
333 916 40 21 en
401 905 62 32 den
490 906 17 31 1
535 916 89 21 mars
653 906 83 32 1935
764 904 213 40 dagtecknad
1004 905 53 32 till
1084 904 191 40 lagutskott
1300 905 166 32 hänvisad
1493 904 149 40 proposi-

136 955 79 40 tion,
235 968 39 19 nr
294 957 73 38 147,
389 956 114 32 vilken
520 956 199 32 behandlats
740 968 43 20 av
802 956 111 32 första
931 955 234 40 lagutskottet,
1185 956 62 32 har
1267 955 129 39 Kungl.
1417 956 103 38 Maj:t
1538 955 105 33 under

136 1006 210 39 åberopande
372 1018 43 20 av
440 1006 247 39 propositionen
713 1006 140 39 bilagda
878 1006 126 39 utdrag
1031 1018 41 20 av
1099 1006 371 39 statsrådsprotokollet
1497 1011 77 27 över
1600 1006 42 32 fi-

136 1057 230 32 nansärenden
396 1057 179 38 föreslagit
602 1056 181 39 riksdagen
813 1060 52 29 att
893 1060 127 35 antaga
1050 1056 150 39 följande
1228 1056 59 33 vid
1315 1057 249 39 propositionen
1593 1057 48 32 fo-

136 1107 86 39 gade

757 1207 249 42 Förslag

862 1275 56 34 till

130 1342 226 42 förordning
379 1352 60 24 om
460 1343 191 33 utsträckt
673 1343 247 41 tillämpning
943 1352 41 23 av
1001 1343 43 32 de
1060 1343 13 31 i
1089 1343 250 40 kungörelsen
1357 1343 70 32 den
1443 1342 19 33 3
1478 1342 170 33 februari

134 1393 83 33 1888
242 1391 61 41 (nur
326 1393 18 32 1
368 1394 69 32 sid.
459 1391 34 41 3)
521 1395 97 31 samt
640 1394 20 32 4
682 1391 22 42 &
727 1394 108 40 lagen
860 1393 71 33 den
954 1394 19 31 2
998 1394 194 32 december
1215 1393 82 33 1892
1319 1391 61 41 (nr
1403 1391 75 42 106)
1502 1393 145 33 medde-

131 1444 83 33 lade
236 1445 287 32 bestämmelser
546 1444 190 41 angående
759 1445 216 39 ersättning
991 1453 42 23 av
1049 1444 220 33 statsmedel
1287 1444 61 33 för
1365 1444 137 41 gulden
1519 1444 130 33 frälse-

831 1496 122 31 ränta.

183 1570 206 39 Härigenom
419 1570 176 33 förordnas
626 1574 52 29 att
705 1571 66 32 vad
801 1571 12 31 i
842 1570 224 39 kungörelsen
1096 1571 62 32 den
1188 1572 18 32 3
1237 1571 151 32 februari
1419 1572 84 32 1888
1538 1570 57 41 (nr
1625 1572 17 31 1

138 1620 63 34 sid.
226 1620 36 40 3)
292 1624 89 29 samt
403 1622 21 31 4
448 1620 18 40 $
491 1621 99 39 lagen
615 1621 62 32 den
699 1622 19 31 2
745 1621 171 33 december
940 1622 84 32 1892
1055 1620 56 41 (nr
1136 1621 81 41 106)
1249 1626 38 28 är
1309 1622 140 38 stadgat
1471 1621 175 42 angående

137 1675 70 29 rätt
223 1671 54 33 för
295 1676 104 34 ägare
415 1683 43 21 av
477 1671 373 33 skattefrälsehemman
869 1675 51 29 att
937 1672 13 32 i
967 1672 74 40 fall,
1061 1672 61 32 där
1139 1672 189 33 hemmanet
1346 1672 154 33 åvilande
1519 1672 124 33 skatte-

138 1722 206 32 frälseränta
366 1734 43 21 av
430 1722 239 33 beskaffenhet
691 1734 69 21 som
784 1734 96 21 avses
902 1723 13 32 i
936 1722 239 39 förordningen
1200 1723 64 32 den
1287 1725 39 31 11
1352 1723 184 39 september
1559 1723 84 33 1885

143 1771 57 40 (nr
227 1772 59 40 55)
316 1772 75 34 icke
417 1772 99 33 blivit
543 1785 42 20 av
612 1773 206 34 statsverket
843 1774 111 38 inlöst,
982 1774 154 39 uppbära
1163 1774 190 38 ersättning
1381 1786 42 20 av
1450 1773 194 33 statsmedel

139 1822 54 33 för
224 1823 125 38 gulden
381 1823 205 33 frälseränta
617 1823 90 33 skall
738 1829 66 33 äga
836 1824 236 32 motsvarande
1105 1824 218 39 tillämpning
1355 1824 218 33 beträffande
1605 1836 39 21 en

138 1885 61 20 var
228 1885 70 21 som
330 1873 99 39 eljest
458 1874 62 32 har
551 1877 52 29 att
634 1874 121 38 utgiva
785 1875 208 32 frälseränta
1024 1886 41 21 av
1096 1874 241 33 beskaffenhet
1368 1878 52 29 att
1450 1875 115 33 kunna
1596 1875 48 32 in-

138 1923 88 32 lösas
244 1923 108 39 enligt
367 1924 99 38 lagen
484 1924 62 32 den
1139 1937 51 20 om
1208 1925 128 33 inlösen
1357 1937 43 20 av
1415 1925 91 33 vissa
1526 1925 118 33 frälse-

138 1976 123 30 räntor.

184 2099 119 33 Denna
323 2099 198 40 förordning
542 2100 89 32 skall
650 2100 99 33 träda
770 2101 12 32 i
804 2100 99 33 kraft
923 2100 62 33 den
1007 2102 17 32 1
1046 2100 134 39 januari
1203 2102 96 32 1936.

183 2233 18 32 I
222 2233 102 38 fråga
344 2245 52 20 om
419 2233 38 33 de
479 2233 85 40 skäl,
586 2245 70 21 som
676 2234 96 39 ligga
792 2235 54 32 till
870 2235 110 38 grund
1001 2235 54 32 för
1077 2235 174 39 förslaget,
1275 2236 56 32 får
1351 2236 175 40 utskottet,
1556 2236 3 32 i
1583 2236 61 33 den

139 2283 76 31 mån
239 2283 209 38 redogörelse
472 2284 115 32 därför
611 2284 30 38 ej
666 2284 129 32 lämnas
820 2285 63 32 här
905 2285 118 39 nedan,
1049 2285 143 32 hänvisa
1215 2286 55 31 till
1294 2286 259 38 propositionen.

182 2382 235 33 Förevarande
439 2383 206 39 proposition
668 2384 280 38 sammanhänger
971 2385 73 31 med
1067 2385 249 38 propositionen
1340 2397 38 20 nr
1402 2387 73 38 126,
1500 2398 69 21 som
1591 2386 52 33 be-

139 2432 156 33 handlats
313 2432 12 32 i
342 2433 182 33 utskottets
541 2433 174 33 utlåtande
735 2446 40 20 nr
794 2435 52 32 32.
