1812 2770
220 160 41 31 50
655 162 285 32 Statsutskottets
961 163 179 31 utlåtande
1159 174 43 20 nr
1222 165 73 30 123.

223 246 181 39 ombyggts
430 246 88 31 efter
543 247 38 30 år
609 246 92 31 1941.
727 247 128 31 Vidare
879 249 70 29 kan
975 248 154 40 familjer
1155 251 78 29 med
1261 250 75 30 små
1361 251 194 31 inkomster
1580 253 151 40 beviljas.

223 297 48 28 ett
294 297 79 29 med
396 296 62 30 210
482 296 131 31 kronor
636 306 56 21 om
714 297 75 31 året
813 297 169 32 förstärkt
1006 299 414 42 familjebostadsbidrag.
1445 301 110 32 Dessa
1578 303 153 31 bestäm-

221 345 127 30 melser
370 347 63 30 har
455 348 86 29 trätt
564 348 10 29 i
596 347 222 41 tillämpning
842 348 78 31 från
943 350 64 29 och
1031 351 78 29 med
1132 351 65 29 den
1223 351 14 29 1
1263 352 144 29 oktober
1432 352 94 30 1953.
1549 352 176 32 Utskottet

221 397 39 29 är
281 396 192 31 emellertid
494 407 82 21 ense
597 399 77 30 med
695 398 261 32 motionärerna
977 410 56 20 om
1055 402 50 28 att
1125 410 82 21 man
1228 411 48 21 nu
1297 402 62 30 bör
1380 402 42 40 gå
1443 405 49 28 ett
1512 404 74 40 steg
1606 404 123 40 längre

220 446 66 30 och
311 446 95 41 slopa
430 446 221 41 tidsgränsen
676 449 54 29 för
754 449 265 39 lägenheternas
1045 450 298 41 färdigställande.
1367 452 74 31 Vad
1466 454 57 29 det
1547 454 178 31 allmänna

220 495 65 32 har
313 497 187 40 anledning
528 498 313 40 uppmärksamma
868 501 37 29 är
932 501 52 29 att
1010 501 304 31 bostadsrabatten
1342 504 177 30 användes
1548 504 38 30 så
1612 506 51 29 att
1688 505 36 31 åt

220 546 294 41 barnfamiljerna
543 548 177 40 verkligen
748 550 142 31 beredes
920 560 42 20 en
990 551 127 41 rymlig
1145 553 64 29 och
1238 553 177 30 hälsosam
1444 554 135 31 bostad.
1609 555 115 31 Vilket

219 595 39 32 år
284 598 113 30 denna
421 598 125 31 bostad
572 599 159 39 uppförts
757 600 167 30 framstår
949 601 157 30 däremot
1132 602 116 30 såsom
1273 604 156 39 skäligen
1455 605 175 40 likgiltigt.
1655 605 69 30 Nu-

218 647 153 29 varande
394 648 129 38 system
544 647 154 35 innebär,
720 650 52 28 att
794 649 67 29 den
883 658 73 21 som
978 650 68 29 fått
1067 650 122 31 bostad
1211 651 11 29 i
1241 653 50 28 ett
1313 652 68 32 hus
1401 653 104 39 byggt
1526 654 91 29 efter
1639 654 81 30 1941

218 697 150 31 erhåller
389 698 415 42 familjebostadsbidrag,
827 702 125 29 medan
975 703 95 29 detta
1092 703 179 41 förvägras
1294 714 42 20 en
1358 714 118 21 annan
1498 715 127 30 person
1647 716 74 21 som

217 747 65 30 har
307 748 72 31 lika
402 750 64 38 god
490 750 124 30 bostad
638 760 79 21 men
741 751 134 30 kanske
899 751 87 30 flera
1010 753 86 29 barn
1121 754 63 29 och
1208 753 137 31 mindre
1369 755 206 36 inkomster,
1600 758 122 29 endast

216 798 46 39 på
285 799 67 30 den
377 801 111 37 grund
514 801 50 29 att
589 800 159 39 familjen
773 801 101 30 råkat
898 802 36 30 få
956 802 124 31 bostad
1104 803 10 29 i
1138 813 41 20 en
1204 804 161 40 lägenhet
1391 815 74 20 som
1491 807 230 40 färdigställts

216 848 117 39 någon
353 849 127 31 månad
500 849 156 40 tidigare.
677 851 103 31 Detta
800 852 110 30 måste
931 853 190 39 självfallet
1141 855 181 40 uppfattas
1344 856 115 30 såsom
1480 867 42 19 en
1543 859 177 29 orättvisa.

217 898 177 31 Utskottet
421 899 193 40 tillstyrker
641 901 120 31 därför
788 902 279 32 motionärernas
1095 904 129 39 förslag
1251 906 10 28 i
1289 906 115 30 denna
1430 908 65 30 del.

260 947 129 31 Likaså
412 948 193 40 tillstyrker
629 950 170 30 utskottet
824 951 166 39 förslaget
1014 952 11 29 i
1049 952 219 31 motionerna
1295 954 29 30 I:
1340 954 62 31 383
1428 956 65 29 och
1520 956 45 30 II:
1581 956 65 32 489
1669 959 51 30 att

216 999 68 30 den
306 999 243 42 förstärkning
571 1011 41 21 av
634 1001 449 43 familjebostadsbidraget,
1107 1014 73 21 som
1202 1006 71 30 kan
1295 1007 146 39 beviljas
1465 1008 155 40 familjer
1642 1010 79 29 med

215 1049 76 30 små
312 1049 203 36 inkomster,
540 1050 88 30 skall
649 1051 85 31 ökas
755 1053 80 29 med
859 1052 62 29 100
940 1052 132 30 kronor
1091 1053 57 30 för
1168 1055 98 39 varje
1288 1055 88 31 barn
1397 1057 122 29 utöver
1540 1058 68 34 två,
1630 1059 89 29 dock

214 1099 102 39 högst
333 1100 55 29 för
404 1100 70 30 fem
491 1100 88 31 barn
596 1102 120 30 utöver
731 1102 69 30 två.
818 1102 122 31 Denna
956 1103 133 40 ökning
1105 1114 42 22 av
1162 1104 158 40 bidraget
1336 1106 55 30 till
1405 1107 45 30 de
1467 1108 109 31 sämst
1594 1108 125 32 ställda

213 1149 294 39 barnfamiljerna
530 1150 119 30 finner
671 1152 172 30 utskottet
868 1152 121 40 skälig.
1014 1154 74 29 Den
1113 1155 187 30 motiveras
1325 1157 86 29 även
1435 1166 43 20 av
1502 1158 218 30 önskemålet

212 1202 52 28 att
286 1201 102 30 dessa
408 1201 158 39 familjer
588 1202 109 30 under
718 1202 69 30 alla
810 1202 246 31 förhållanden
1080 1205 86 30 skall
1189 1215 84 21 vara
1297 1207 178 39 skyddade
1497 1210 74 28 mot
1594 1218 42 21 en
1658 1209 62 39 hy-

213 1251 235 40 reshöjning.>

257 1300 75 30 dels
354 1302 64 29 ock
440 1301 271 32 nedannämnda
733 1306 157 28 moment
911 1304 11 30 i
945 1305 190 32 utskottets
1157 1306 212 31 hemställan
1391 1308 77 31 bort
1492 1309 46 29 ha
1560 1309 157 40 följande

212 1351 146 40 lydelse:

568 1403 89 31 »XV.
679 1404 222 33 beträffande
922 1406 168 39 förhöjda
1111 1407 405 42 familjebostadsbidrag
1540 1412 90 28 samt
1651 1410 67 30 tid-

521 1454 158 40 punkten
701 1455 57 30 för
782 1456 180 38 lägenhets
984 1457 289 39 färdigställande
1299 1459 115 30 såsom
1438 1460 127 30 villkor
1589 1461 54 29 för
1667 1461 50 30 bi-

521 1504 86 40 drag
628 1507 78 29 med
728 1506 101 30 bifall
851 1506 52 31 till
925 1507 221 31 motionerna
1169 1510 28 29 1:
1213 1509 63 30 383
1300 1510 64 30 och
1388 1511 45 29 II:
1449 1510 75 35 489,
1549 1511 103 30 såvitt
1674 1511 42 30 de

520 1554 101 31 berör
639 1556 103 30 dessa
760 1556 128 39 frågor,
908 1558 187 38 godkänna
1114 1561 65 29 vad
1199 1560 171 30 utskottet
1389 1561 157 35 anfört;»

252 1654 38 34 b)
321 1664 41 21 av
386 1655 79 30 herr
490 1656 150 31 Persson
665 1657 12 29 i
701 1657 123 40 Växjö.

254 1755 57 34 13)
334 1765 42 20 av
392 1756 122 31 herrar
531 1756 179 38 Sundelin,
727 1758 125 39 Bergh,
870 1759 129 37 Sunne,
1017 1760 225 38 Lundström,
1260 1761 182 40 Skoglund
1459 1763 12 29 i
1489 1759 224 48 Doverstorp,

205 1805 111 37 Ståhl,
335 1806 124 30 fröken
477 1807 136 37 Elmén,
631 1808 122 30 herrar
775 1809 141 37 Wedén,
934 1810 106 31 Birke
1059 1811 64 29 och
1142 1811 209 40 Gustafsson
1370 1812 10 30 i
1402 1813 196 36 Skellefteå,
1618 1814 94 30 vilka

207 1855 10 29 i
240 1856 100 39 fråga
364 1866 55 20 om
444 1857 211 41 statsbidrag
677 1859 52 30 till
753 1860 410 40 pensionärslägenheter
1185 1864 116 31 ansett
1324 1865 51 27 att
1399 1865 57 29 det
1482 1864 118 39 stycke
1624 1865 10 28 i
1659 1867 53 27 ut-

207 1906 149 32 skottets
381 1909 163 37 yttrande
570 1909 45 39 på
641 1919 24 20 s.
692 1909 51 35 28,
773 1919 74 21 som
872 1910 120 41 börjar
1017 1914 79 29 med
1125 1912 137 40 »Enligt
1288 1914 85 29 vad»
1403 1914 65 30 och
1496 1914 110 31 slutar
1632 1915 80 30 med

207 1957 250 32 >förevarande
481 1959 343 39 motionsyrkande>»,
848 1961 77 30 bort
949 1963 148 31 ersättas
1120 1964 79 29 med
1222 1965 72 28 text
1317 1973 42 22 av
1382 1964 158 40 följande
1565 1965 144 39 lydelse:

251 2007 137 40 »Enligt
408 2010 65 29 vad
494 2010 170 30 utskottet
686 2010 122 31 erfarit
829 2012 125 39 prövar
975 2012 498 41 åldringsvårdsutredningen
1495 2015 23 30 f.
1542 2025 32 21 n.
1596 2016 114 29 denna

205 2057 111 39 fråga.
336 2059 175 30 Utskottet
531 2060 180 30 förväntar
731 2063 51 28 att
802 2063 113 29 denna
934 2063 173 40 prövning
1126 2064 79 31 sker
1224 2065 11 29 i
1253 2075 44 21 en
1317 2065 127 40 positiv
1464 2066 92 29 anda
1576 2067 64 29 och
1659 2066 50 30 att

205 2108 123 31 därvid
350 2110 85 30 även
457 2111 296 39 angelägenheten
776 2114 50 28 att
848 2113 129 40 främja
1000 2114 214 31 inrättandet
1237 2124 43 23 av
1301 2116 410 39 pensionärslägenheter

205 2158 9 28 i
236 2160 160 31 enskilda
416 2161 174 39 hyreshus
612 2163 361 38 uppmärksammas.»

251 2260 57 34 14)
337 2270 40 21 av
400 2261 121 31 herrar
543 2262 178 37 Sundelin,
745 2264 129 37 Sunne,
897 2265 226 37 Lundström,
1146 2266 108 37 Ståhl,
1280 2267 126 29 fröken
1428 2267 136 37 Elmén,
1588 2268 122 29 herrar

206 2309 132 32 Wedén
365 2312 63 29 och
455 2312 208 41 Gustafsson
690 2315 11 28 i
729 2315 196 34 Skellefteå,
953 2316 96 30 vilka
1074 2316 221 30 beträffande
1323 2317 124 39 frågan
1474 2327 58 21 om
1560 2318 57 30 lån
1645 2318 64 30 och

202 2360 124 40 bidrag
345 2362 50 29 till
416 2362 174 31 stiftelsen
609 2363 223 33 Guldhedens
851 2366 206 34 studiehem,
1078 2366 178 40 Göteborg,
1277 2369 114 28 ansett
1410 2369 51 28 att
1482 2370 57 29 det
1560 2369 117 38 stycke
1697 2369 11 29 i

203 2412 190 31 utskottets
417 2414 164 38 yttrande
606 2415 43 39 på
676 2426 24 19 s.
727 2415 52 35 29,
807 2424 73 21 som
906 2416 121 39 börjar
1051 2417 79 29 med
1158 2417 290 39 »Ifrågavarande
1474 2418 232 31 bostadshus»

203 2462 65 28 och
298 2462 108 30 slutar
433 2464 79 29 med
544 2465 138 29 »därför
710 2465 252 36 motionerna»,
991 2467 77 29 bort
1097 2469 147 30 ersättas
1273 2470 78 29 med
1380 2470 71 28 text
1480 2478 42 23 av
1551 2470 157 39 följande

203 2512 145 39 lydelse:
