2254 2650
409 211 119 32 Andra
551 211 220 31 Kammarens
795 210 185 41 Tillfälliga
1009 210 144 33 Utskotts
1175 210 79 43 (N:o
1276 212 34 41 1)
1340 210 176 33 Utlåtande
1540 212 64 32 N:o
1626 212 56 31 23.
1790 210 21 31 3]

256 298 42 38 af
324 298 112 38 dessa
463 298 177 38 läroverk
681 301 119 35 måste
841 298 207 49 företagas.
1104 298 17 37 I
1149 297 153 39 hvilken
1330 297 172 51 rigtning
1529 299 124 37 denna
1680 298 172 38 kommer

258 356 55 32 att
341 352 66 36 ske
437 355 41 33 är
507 351 170 37 deremot
705 356 100 32 ännu
832 350 83 37 icke
943 350 85 38 fullt
1056 350 109 37 klart.

422 416 71 24 ena
522 403 108 37 sidan
658 404 127 48 yrkas,
814 408 56 32 att
898 403 46 37 de
973 403 213 37 ombildade
1207 403 305 37 småläroverken
1531 408 114 44 göras
1670 403 54 36 till
1741 403 109 37 verk-

256 455 77 49 liga
362 455 335 50 öfverbyggnader
736 458 49 47 på
825 455 218 37 folkskolan
1071 455 86 37 med
1190 468 47 24 en
1264 455 276 38 inträdesålder
1569 455 42 37 af
1638 457 44 35 12
1713 458 39 34 år
1780 456 71 37 och

257 507 87 38 med
372 507 236 38 kostnadsfri
634 507 285 50 undervisning.

359 559 99 37 Från
487 559 117 37 andra
632 559 109 38 sidan
768 560 114 49 yrkas
911 564 55 32 att
994 559 56 42 de
1070 558 145 38 mindre
1250 559 224 37 läroverken
1502 559 228 49 visserligen
1757 559 12 36 i
1797 562 53 34 åt-

258 611 144 48 skilligt
430 611 93 37 böra
552 611 193 48 omdanas,
774 625 87 24 men
889 616 55 32 att
971 611 59 47 de,
1058 611 136 37 liksom
1223 625 48 22 nu
1299 616 41 32 är
1368 611 117 48 fallet,
1516 611 119 38 delvis
1655 612 92 37 böra
1762 625 89 23 vara

257 663 179 50 parallela
465 664 86 36 med
580 663 215 38 folkskolan
825 662 316 51 (inträdesåldern
1169 663 120 37 skulle
1319 668 118 33 sättas
1466 663 58 37 till
1552 666 20 35 9
1605 664 91 37 eller
1719 665 46 35 10
1785 663 64 50 år),

258 716 70 37 och
358 721 55 31 att
440 716 315 49 terminsafgifter
783 716 120 37 skulle
939 716 13 36 i
981 715 110 38 dessa
1120 715 128 38 skolor
1276 715 37 37 få
1341 721 199 44 upptagas.

360 768 84 37 Den
472 768 102 37 förra
601 768 205 48 meningen
834 768 68 36 har
930 768 63 36 vid
1021 767 256 38 innevarande
1305 768 157 49 riksdag
1488 768 97 48 tagit
1613 768 61 49 sig
1697 768 152 49 uttryck

255 819 12 38 i
306 834 37 23 en
371 820 145 36 motion
557 819 75 49 (n:o
663 819 75 50 96).
794 820 17 36 I
851 820 126 37 denna
1018 820 158 48 motion,
1218 833 80 24 som
1344 819 104 50 legat
1488 820 119 37 under
1652 825 115 32 annat
1794 825 56 31 ut-

257 872 124 37 skotts
422 872 246 48 behandling,
711 872 229 37 framställes
982 872 146 48 förslag
1169 885 60 23 om
1259 872 327 37 småläroverkens
1614 872 237 49 ombildning

256 924 55 36 till
340 924 335 49 öfverbyggnader
701 927 49 47 på
777 924 228 37 folkskolan.
1035 924 372 49 Hufvudgrunderna
1434 924 60 37 för
1514 924 211 37 ordnandet
1743 924 42 37 af
1802 925 46 36 de

256 976 140 48 skolor,
427 989 82 24 som
539 977 161 48 begäras
728 976 12 36 1
769 976 194 37 motionen
984 990 62 23 n:o
1077 978 59 46 96,
1167 980 64 32 äro
1270 976 156 38 alldeles
1455 976 193 38 desamma
1677 990 81 23 som
1787 977 59 47 de,

256 1027 127 38 hvilka
413 1028 227 37 framställas
668 1028 13 37 i
708 1028 73 37 den
809 1028 265 49 föreliggande
1103 1028 203 37 motionen.

363 1080 66 38 Om
468 1080 270 49 utvecklingen
780 1080 120 37 skulle
941 1083 50 45 gå
1030 1080 12 36 i
1084 1080 124 37 denna
1236 1080 181 50 rigtning,
1447 1094 57 24 om
1531 1080 110 37 alltså
1670 1080 177 38 småläro-

255 1132 144 37 verken
427 1132 122 37 skulle
578 1133 151 36 komma
757 1137 54 32 att
839 1137 163 33 ersättas
1031 1132 86 37 med
1147 1146 47 23 en
1220 1147 52 35 ny
1300 1133 172 49 praktisk
1500 1133 196 47 skolform,
1716 1132 131 49 byggd

254 1187 49 47 på
343 1184 228 48 folkskolan,
614 1187 40 34 så
695 1185 67 36 har
802 1197 88 24 man
931 1184 11 36 i
985 1185 72 36 och
1098 1185 87 36 med
1226 1185 209 38 detsamma
1469 1190 55 32 ett
1555 1185 103 37 antal
1691 1186 157 48 verkliga

254 1237 119 48 högre
415 1236 211 37 folkskolor
666 1236 43 37 af
740 1236 83 49 just
863 1236 74 37 den
979 1236 273 47 beskaffenhet,
1297 1250 80 23 som
1423 1237 234 37 motionären
1695 1237 150 36 önskar.

254 1288 125 36 Dessa
406 1302 75 35 nya
508 1289 120 47 högre
670 1288 212 37 folkskolor
924 1288 121 37 skulle
1073 1289 119 37 redan
1224 1288 83 38 från
1335 1288 133 49 början
1496 1289 114 36 hafva
1639 1293 55 33 att
1722 1288 125 37 öfver-

253 1345 90 44 taga
371 1340 64 36 det
462 1340 12 36 i
502 1339 191 50 åtskilliga
721 1340 205 37 afseenden
955 1340 146 48 ganska
1129 1340 80 36 rika
1224 1341 123 36 arfvet
1367 1341 97 37 efter
1482 1341 363 37 »småläroverken»:

254 1392 81 36 dels
365 1391 133 38 dessas
526 1392 216 49 betydande
773 1392 249 37 ekonomiska
1049 1392 215 49 tillgångar,
1281 1392 81 37 dels
1384 1393 65 36 det
1469 1393 246 49 synnerligen
1730 1392 117 49 lifliga

253 1443 173 47 intresse,
457 1457 80 23 som
578 1444 285 37 vederbörande
903 1444 243 37 kommunala
1173 1444 268 49 myndigheter
1470 1445 59 37 för
1556 1444 290 49 ifrågavarande

252 1495 174 37 läroverk
455 1495 203 49 ådagalagt
684 1496 72 37 och
785 1495 235 38 fortfarande
1054 1496 246 50 ådagalägga.
1360 1497 89 36 Man
1477 1497 119 36 skulle
1625 1497 146 36 således
1799 1499 48 47 på

254 1547 124 38 denna
418 1552 76 44 väg
533 1553 137 44 genast
710 1549 127 36 kunna
878 1548 38 37 få
957 1553 55 32 ett
1039 1549 146 48 ganska
1220 1554 96 32 stort
1343 1549 101 36 antal
1472 1550 121 48 högre
1621 1549 224 48 folkskolor,

254 1599 205 37 omfattade
504 1600 84 37 med
629 1599 112 50 lifligt
780 1600 163 37 intresse
984 1601 69 36 och
1095 1601 194 37 utrustade
1322 1601 87 37 med
1433 1601 283 49 jemförelsevis
1745 1601 101 49 goda

253 1651 249 37 ekonomiska
529 1665 169 24 resurser
727 1652 288 49 (statsbidraget
1042 1652 56 37 till
1127 1657 54 32 ett
1200 1653 96 36 enda
1313 1653 207 36 ombildadt
1533 1653 175 37 läroverk
1724 1653 120 37 skulle

248 1703 43 47 ju
319 1703 120 49 enligt
468 1704 73 36 den
571 1704 58 36 för
657 1707 100 33 årets
798 1704 158 48 riksdag
983 1704 211 48 framlagda
1223 1705 500 49 statsverkspropositionen
1750 1718 95 35 upp-

252 1757 49 45 gå
340 1754 57 36 till
439 1768 80 23 mer
560 1760 48 31 än
650 1757 112 45 9,000
790 1755 165 49 kronor).
1013 1756 74 36 Det
1115 1761 40 30 är
1183 1756 109 47 klart,
1321 1760 55 32 att
1404 1756 74 36 den
1507 1769 74 36 nya
1609 1756 236 37 skolformen

252 1806 120 36 under
414 1807 141 36 sådana
596 1807 262 36 förhållanden
900 1807 120 36 skulle
1063 1808 149 36 komma
1253 1812 54 31 att
1347 1808 180 36 framvisa
1559 1808 168 47 resultat,
1762 1821 81 23 som

252 1858 125 37 kunde
407 1858 109 37 locka
544 1858 56 36 till
628 1859 194 48 efterföljd
853 1859 71 36 och
951 1859 102 36 inom
1082 1860 86 35 kort
1195 1859 85 37 leda
1306 1859 55 37 till
1389 1860 254 49 upprättande
1663 1860 42 36 af
1717 1860 127 49 dylika

252 1910 336 49 öfverbyggnader
624 1913 48 46 på
712 1910 215 37 folkskolan
957 1910 33 49 ej
1021 1910 97 37 blott
1144 1911 12 36 i
1184 1911 72 37 alla
1285 1912 138 46 städer,
1453 1917 90 31 utan
1572 1913 195 36 dessutom
1796 1914 47 46 på

253 1962 72 36 alla
366 1963 116 35 andra
523 1975 103 23 mera
658 1962 216 49 betydande
904 1968 111 31 orter.
1072 1964 56 36 De
1170 1964 216 36 nuvarande
1415 1964 157 48 fåtaliga
1600 1964 119 48 högre
1748 1964 94 36 folk-

253 2013 178 37 skolorna
460 2014 121 36 skulle
609 2013 46 37 då
682 2014 80 37 helt
789 2015 97 36 visst
914 2017 41 33 så
983 2015 239 48 småningom
1250 2018 127 46 uppgå
1405 2016 181 48 antingen
1606 2015 10 36 i
1637 2016 111 36 dessa
1769 2029 74 36 nya

252 2065 335 48 öfverbyggnader
614 2068 48 46 på
690 2065 212 36 folkskolan
934 2066 90 36 eller
1052 2067 71 35 ock
1150 2067 11 35 i
1189 2067 306 47 folkhögskolan.

356 2115 128 38 Skulle
514 2120 79 33 åter
621 2117 106 46 fråga
756 2130 60 22 om
846 2117 325 36 småläroverkens
1214 2117 236 49 ombildning
1478 2118 100 36 lösas
1607 2118 11 36 i
1648 2118 73 36 den
1750 2118 92 48 rigt-

250 2167 156 48 ningen,
436 2173 55 30 att
518 2168 302 36 inträdesåldern
849 2172 118 33 sättes
996 2169 57 35 till
1082 2171 20 34 9
1134 2168 91 37 eller
1255 2171 46 34 10
1322 2172 39 33 år
1376 2170 70 36 och
1462 2170 274 36 kommunerna
1750 2169 91 37 lem-

251 2232 67 23 nas
348 2223 75 32 rätt
460 2224 55 31 att
555 2224 170 44 upptaga
766 2220 328 48 terminsafgifter,
1124 2220 46 37 då
1197 2220 71 36 blir
1296 2221 64 36 det
1395 2226 90 31 utan
1513 2221 132 37 tvifvel
1674 2221 167 37 nödvän-

251 2270 83 48 digt
361 2275 54 31 att
443 2270 63 36 vid
535 2270 106 37 sidan
670 2272 41 36 af
737 2271 111 37 dessa
875 2271 174 37 läroverk
1066 2273 37 35 få
1117 2273 224 48 upprättade
1357 2274 181 35 särskilda
1553 2273 287 49 fortsättnings-

251 2322 173 36 läroverk
453 2322 59 36 för
541 2322 139 37 sådana
723 2323 136 48 clever,
894 2337 80 23 som
1017 2327 224 46 genomgått
1270 2324 225 37 folkskolan.
1556 2325 55 36 Då
1640 2324 107 38 torde
1777 2326 64 37 det
