2204 2616
439 160 117 30 Andra
582 159 201 30 kammarens
808 157 116 39 tredje
949 155 166 39 tulfälliga
1140 155 132 31 utskotts
1296 154 165 31 utlåtande
1486 156 51 29 Nr
1562 159 29 27 6.
1786 156 35 29 17

214 249 80 41 ning
330 248 328 40 förutsättningarna
694 247 52 30 för
783 256 39 21 en
861 244 87 31 sund
974 243 444 41 entreprenadverksamhet
1443 243 150 41 ständigt
1617 243 123 32 saknas
1766 243 56 32 vid

215 293 197 33 förberörda
448 293 72 40 slag
556 302 42 21 av
635 291 148 31 arbeten.
832 288 199 32 Nämndens
1068 288 138 40 mening
1235 293 37 26 är
1296 288 142 31 härmed
1463 288 361 32 överensstämmande

214 338 62 33 och
301 348 101 30 synes
427 335 343 42 entreprenadskedet
795 334 9 30 i
830 333 191 31 nämndens
1046 332 218 32 verksamhet
1290 333 113 30 lämna
1429 333 128 40 tydliga
1584 333 93 31 bevis
1708 333 117 31 härför

214 393 124 31 genom
363 385 320 37 entreprenörernas
708 378 215 33 våldsamma
947 377 167 31 förluster.

323 427 65 31 Det
424 436 99 31 synes
548 424 173 32 nämnden
751 423 73 31 icke
849 432 80 22 vara
955 421 200 40 förkastligt,
1182 424 47 28 att
1254 420 41 32 de
1321 421 268 32 statsanställdas
1615 421 91 31 antal
1731 421 92 37 ökas,

215 473 55 30 för
294 471 56 31 det
374 470 60 31 fall
458 474 48 27 att
532 469 113 31 denna
667 468 129 39 ökning
818 470 307 28 överensstämmer
1143 466 76 30 med
1238 476 40 20 en
1297 465 200 32 ekonomisk
1515 465 307 39 statsförvaltning.

216 515 251 39 Utvecklingen
491 513 95 32 torde
612 514 9 29 i
646 512 112 39 övrigt
782 511 73 31 visa
880 510 67 31 hän
974 514 69 26 mot
1068 520 40 21 en
1135 509 86 31 ökad
1247 509 114 40 statlig
1386 510 92 31 drift.
1528 509 14 30 I
1568 510 91 31 detta
1683 509 60 31 fall
1763 509 63 31 hör

215 560 91 31 detta
344 558 71 32 icke
448 567 155 21 samman
630 556 77 31 med
733 554 416 40 socialiseringsspörsmål
1175 557 81 27 utan
1283 553 77 31 med
1387 553 64 31 den
1477 554 189 40 säkerligen
1693 563 42 21 av
1760 553 66 30 alla

215 603 125 43 partier
376 602 122 41 gillade
531 605 138 28 strävan
694 604 48 27 att
766 599 153 31 undvika
944 598 211 40 överflödiga
1180 597 267 32 mellanhänder.
1496 598 58 32 Att
1579 598 95 41 slopa
1698 601 128 28 statens

215 658 85 31 egen
337 646 155 42 personal
528 645 63 32 och
627 644 156 32 realisera
821 642 184 32 anskaffad
1031 642 165 31 materiell
1220 642 54 31 för
1298 645 48 28 att
1371 652 115 30 gynna
1511 642 314 41 entreprenörverk-

216 692 177 33 samheten
428 690 173 32 förefaller
638 693 48 28 att
710 698 81 22 vara
816 698 41 21 en
883 687 55 32 väl
963 688 36 30 så
1023 686 190 32 reaktionär
1239 686 62 32 och
1327 686 134 41 orimlig
1486 686 128 41 åtgärd,
1640 687 88 31 helst
1752 696 73 21 som

215 737 66 32 den
321 736 72 32 icke
429 735 95 32 torde
560 735 118 30 kunna
714 733 184 32 motiveras
935 731 77 32 med
1049 731 176 31 minskade
1262 731 236 41 statsutgifter.
1547 731 15 31 I
1599 735 141 28 motsats
1776 730 51 32 till

216 782 213 32 motionären
465 789 98 22 anser
598 778 184 37 nämnden,
820 780 48 29 att
904 776 201 32 statsverket
1141 777 61 30 bör
1239 786 124 30 genom
1389 785 85 31 egna
1499 776 134 41 färdiga
1659 775 167 41 organisa-

217 827 111 32 tioner
363 826 92 31 inom
490 824 89 32 olika
604 822 163 33 områden
792 832 43 21 av
861 821 76 32 dess
963 820 396 41 byggnadsverksamhet
1384 819 78 32 med
1487 830 89 22 vana
1601 820 226 32 arbetsledare

215 871 45 31 ha
296 870 59 31 allt
390 869 121 32 ordnat
546 868 54 31 för
639 866 208 33 bedrivande
873 876 42 21 av
941 866 55 31 det
1020 864 303 41 huvudsakligaste
1349 875 43 21 av
1417 864 75 32 dess
1517 865 10 30 i
1552 869 83 28 stort
1659 868 65 28 sett
1747 865 79 30 kon-

216 914 182 40 tinuerliga
434 911 408 42 byggnadsverksamhet.
892 910 73 31 Den
1003 909 148 32 samlade
1188 908 239 32 erfarenheten
1452 909 60 31 hos
1538 909 98 32 dessa
1660 908 167 40 organisa-

216 960 118 40 tjoner,
371 958 91 32 vilka
497 958 82 31 böra
616 959 113 29 sträva
766 958 49 28 att
850 954 89 31 hålla
971 954 51 40 sig
1046 955 43 39 på
1113 953 126 41 höjden
1264 964 43 21 av
1333 953 187 41 duglighet,
1547 955 106 30 måste
1679 963 81 22 vara
1785 963 43 21 av

217 1004 79 31 vida
321 1006 104 29 större
450 1001 103 33 värde
578 1001 53 30 för
656 999 202 33 statsverket
883 1004 42 26 än
951 998 65 32 den
1041 1009 73 20 som
1139 998 123 31 samlas
1287 998 61 31 hos
1374 1001 47 28 ett
1445 998 92 31 antal
1562 1001 265 38 entreprenörer,

217 1048 92 33 vilka
345 1047 94 32 torde
475 1056 43 22 av
548 1044 349 40 konkurrenshänsyn
923 1054 28 21 o.
978 1043 30 32 d.
1034 1042 221 41 hemlighålla
1280 1052 116 22 vunna
1422 1042 172 41 praktiska
1620 1043 63 32 och
1708 1042 120 31 ekono-

217 1093 110 32 miska
364 1091 237 33 erfarenheter.
651 1089 48 32 De
737 1088 57 33 vid
831 1089 65 31 den
930 1098 85 31 egna
1040 1087 95 41 regin
1160 1087 150 32 samlade
1336 1087 276 32 erfarenheterna
1637 1087 118 31 kunna
1779 1090 48 28 ut-

218 1137 130 43 nyttjas
383 1136 108 32 under
516 1133 326 42 utredningsstadiet
866 1134 53 30 för
943 1143 67 31 nya
1035 1132 314 41 byggnadsföretag
1373 1132 54 31 för
1451 1135 49 29 att
1524 1132 237 32 åstadkomma
1786 1142 41 21 en

218 1183 10 31 i
253 1181 103 41 detalj
384 1180 201 33 ekonomisk
610 1178 246 42 planläggning
881 1188 42 22 av
947 1178 300 39 arbetsföretagen.

325 1226 76 31 Den
437 1223 333 43 monopolställning,
809 1233 73 21 som
908 1222 133 32 särskilt
1066 1222 39 31 de
1132 1221 141 32 ledande
1299 1222 397 41 entreprenörföretagen
1721 1220 108 33 skulle

220 1270 127 34 erhålla
378 1280 123 32 genom
526 1279 42 21 en
593 1268 248 40 inskränkning
866 1277 42 22 av
934 1270 125 28 statens
1084 1273 85 34 egen
1194 1266 400 41 byggnadsverksamhet
1618 1266 51 32 till
1693 1267 136 30 förmån

219 1317 53 31 för
308 1315 41 32 de
386 1324 92 22 mera
514 1313 241 32 kvalificerade
793 1315 311 38 entreprenörerna,
1142 1311 123 32 väcker
1302 1315 86 27 även
1418 1311 105 31 andra
1548 1310 294 40 betänkligheter..

220 1360 101 32 Huru
356 1358 316 40 kartellbildningar
707 1357 10 30 i
753 1355 250 43 prisstegrande
1035 1356 88 40 syfte
1164 1356 61 31 och
1262 1355 157 41 åtgärder
1452 1356 77 31 från
1566 1355 91 32 äldre
1681 1355 149 40 företags

221 1405 74 32 sida
329 1407 50 29 att
408 1404 112 31 kväva
544 1412 69 31 nya
637 1402 133 40 företag
795 1401 94 31 skola
914 1401 214 40 förebyggas,
1155 1400 63 31 blir
1242 1410 69 30 nog
1335 1410 42 21 en
1401 1400 129 40 ganska
1556 1399 143 32 svårlöst
1723 1400 106 39 fråga.

328 1449 75 32 Den
429 1448 10 31 i
463 1447 175 32 motionen
671 1445 155 43 påtalade
860 1445 125 32 oredan
1010 1445 92 31 inom
1128 1444 326 32 arbetsmarknaden
1479 1444 63 32 och
1567 1445 10 30 i
1602 1443 229 33 förhållandet

221 1494 125 32 mellan
382 1492 231 41 arbetsgivare
650 1491 63 32 och
745 1491 240 40 arbetstagare,
1010 1489 113 32 vartill
1147 1489 66 32 den
1238 1499 88 31 egna
1351 1489 134 41 statliga
1511 1489 94 41 regin
1631 1488 109 33 skulle
1765 1488 66 31 för-

222 1538 132 38 anleda,
391 1548 99 31 synes
526 1536 174 32 nämnden
736 1536 73 31 icke
846 1545 81 22 vara
963 1538 75 28 värt
1070 1534 113 32 alltför
1218 1537 83 29 stort
1327 1533 200 33 beaktande.
1577 1533 135 32 Oredan
1737 1533 94 31 inom

222 1582 327 34 arbetsmarknaden
584 1581 62 31 har
682 1584 105 29 större
823 1579 63 32 och
924 1579 142 41 djupare
1099 1583 111 28 rötter.
1259 1579 107 31 Dessa
1398 1583 56 27 äro
1480 1582 49 28 att
1552 1579 82 31 söka
1659 1578 50 32 uti
1734 1577 98 32 dessa

222 1629 206 40 företagares
464 1626 77 32 hela
577 1625 242 42 organisation,
847 1624 114 32 vilken
989 1624 169 41 knappast
1182 1623 94 32 torde
1301 1623 118 32 kunna
1444 1627 91 28 mäta
1560 1623 51 41 sig
1636 1622 79 32 med
1740 1623 91 31 arbe-

221 1678 115 27 tarnas
361 1671 295 41 välorganiserade
681 1669 360 41 sammanslutningar.
1091 1668 68 32 Går
1183 1678 80 22 man
1288 1670 105 39 något
1416 1672 157 27 närmare
1599 1669 34 30 in
1659 1669 43 40 på
1720 1667 112 31 denna

223 1718 60 32 sak
319 1717 64 32 och
418 1719 152 29 närmast
606 1715 141 32 beaktar
782 1713 259 33 förhållandena
1077 1713 92 32 inom
1206 1718 77 36 väg-
1318 1712 63 32 och
1406 1712 425 42 vattenbyggnadsfacket,

223 1763 92 31 inom
341 1761 106 32 vilket
471 1760 203 33 statsverket
698 1759 109 32 under
833 1759 65 32 den
921 1762 131 28 senaste
1070 1758 92 32 tiden
1180 1757 276 41 huvudsakligen
1474 1758 130 31 arbetat
1621 1757 109 31 under
1747 1766 85 31 egen

226 1807 82 41 regi,
345 1806 95 31 torde
476 1815 80 22 man
592 1805 98 31 finna
725 1808 49 28 att
809 1805 44 40 på
877 1803 92 32 detta
993 1802 138 32 område
1156 1804 113 40 någon
1294 1802 102 32 oreda
1420 1802 169 42 knappast
1614 1800 219 43 uppkommit

224 1862 124 31 genom
373 1850 42 33 de
440 1850 134 40 statliga
599 1850 170 32 arbetena.
818 1848 212 41 Avlöningar
1055 1847 63 32 och
1143 1847 352 32 arbetsförhållanden
1517 1846 95 33 torde
1629 1847 94 31 inom
1741 1846 92 31 detta

223 1896 79 32 fack
337 1895 73 33 icke
435 1895 117 31 kunna
577 1898 142 29 utsättas
746 1894 54 32 för
824 1895 113 39 någon
964 1892 189 41 berättigad
1178 1892 111 31 kritik.
1339 1891 116 41 Enligt
1480 1891 40 32 de
1546 1891 186 42 uppgifter,
1759 1901 74 21 som

223 1941 148 32 lämnats
407 1939 184 38 nämnden,
627 1939 90 32 hava
753 1938 141 32 lönerna
930 1941 175 37 anpassats
1142 1936 218 42 synnerligen
1388 1936 56 33 väl
1468 1936 86 32 efter
1579 1936 56 32 det
1659 1935 175 32 allmänna

224 1985 179 42 prislägets
439 1984 257 39 fluktuationer,
734 1986 83 29 utan
854 1986 49 29 att
927 1984 105 39 några
1061 1981 314 33 arbetsinställelser
1399 1991 42 22 av
1466 1980 210 42 betydenhet
1701 1980 133 32 ändock

224 2030 231 32 förekommit.

332 2074 48 32 På
416 2072 403 43 husbyggnadsområdet
861 2072 62 31 har
958 2070 202 33 statsverket
1196 2070 169 42 tillämpat
1405 2080 85 31 egen
1530 2069 255 41 arbetsledning
1824 2069 10 31 i

226 2122 84 30 stort
345 2122 64 29 sett
433 2119 120 31 endast
589 2118 58 31 vid
673 2117 40 32 de
739 2118 150 36 arbeten,
915 2127 73 21 som
1013 2117 130 31 utföras
1168 2126 126 31 genom
1319 2115 192 32 nämndens
1536 2115 143 41 försorg.
1729 2114 106 32 Dessa

227 2164 140 33 arbeten
392 2167 120 38 utgöra
536 2163 130 32 endast.
681 2173 42 21 en
748 2161 134 33 mindre
907 2161 53 32 del
985 2171 43 22 av
1052 2164 127 28 statens
1204 2159 403 42 byggnadsverksamhet
1631 2159 94 32 inom
1743 2158 93 32 detta

226 2209 89 32 fack.
363 2208 182 32 Nämnden
581 2208 62 31 har
679 2207 76 32 haft
791 2206 97 41 ringa
923 2206 89 37 eller,
1049 2208 93 29 snart
1177 2208 84 38 sagt,
1288 2205 85 32 intet
1397 2204 192 41 inflytande
1614 2206 43 40 på
1681 2202 154 43 prisbild-

228 2253 138 41 ningen,
392 2257 82 29 utan
499 2252 277 41 huvudsakligen
800 2251 170 41 tillämpat
994 2250 40 32 de
1060 2250 114 42 priser,
1201 2260 119 22 varom
1345 2249 41 32 de
1403 2249 155 32 enskilda
1579 2248 257 42 arbetsgivarna

228 2298 121 32 träffat
384 2298 90 32 avtal
508 2298 80 31 med
612 2298 197 31 arbetarnas
835 2295 276 42 organisationer,
1137 2295 8 31 i
1172 2295 91 32 vissa
1287 2294 60 32 fall
1372 2294 86 32 dock
1482 2294 80 32 med
1586 2296 106 39 några
1716 2292 119 33 reduk-

272 2351 133 41 Bihang
419 2351 48 32 till
479 2352 191 40 riksdagens
677 2350 164 41 protokoll
853 2350 105 32 1922.
984 2352 42 28 13
1038 2349 90 32 saml.
1154 2352 21 28 3
1188 2348 71 32 avd.
1285 2351 21 28 5
1320 2348 80 40 häft.
1426 2349 71 40 (Nr
1510 2349 49 35 6.)
1772 2347 19 31 3
