2206 2612
359 161 43 31 24
582 159 119 32 Andra
724 160 204 31 kammarens
952 160 114 40 tredje
1090 158 169 41 tillfälliga
1282 158 134 32 utskotts
1439 157 165 33 utlåtande
1629 157 54 31 Nr
1708 160 30 29 6.

358 249 193 38 hållanden,
578 248 59 32 vill
657 247 229 42 avdelningen
903 247 141 42 kraftigt
1060 246 183 33 framhålla
1260 246 274 34 önskvärdheten
1552 256 44 23 av
1613 248 49 30 att
1678 245 67 33 den
1762 245 201 34 Läbeckska

359 293 174 33 motionen
557 294 106 31 måtte
688 303 43 22 av
755 292 183 42 riksdagen
963 292 148 33 beaktas.

467 336 199 34 Stockholm
691 337 66 32 den
782 338 19 31 8
826 347 91 22 mars
944 337 94 32 1922.

550 426 155 33 Svenska
729 426 381 41 teknologföreningens
1135 425 185 41 avdelning
1343 425 54 31 för
1420 423 359 44 husbyggnadskonst.

1022 488 79 31 Ivar
1129 487 165 41 Tengbom.

1559 531 123 32 Hakon
1706 531 150 40 Ahlberg.

1676 654 123 42 Buaga
1824 657 31 30 8.

634 728 173 61 Styrelsen
831 747 54 32 för
909 746 146 33 svenska
1079 745 376 42 teknologföreningen,
1482 744 207 33 Stockholm.

468 836 15 31 I
508 836 163 33 skrivelse
695 846 43 23 av
763 836 66 32 den
855 837 40 31 16
920 835 150 33 februari
1086 835 63 32 har
1166 835 219 41 föreningens
1402 834 139 42 styrelse
1558 833 143 33 anhållit
1718 844 55 22 om
1787 833 175 33 utlåtande

361 881 78 32 från
474 881 230 42 avdelningen
739 881 54 32 för
827 885 79 37 väg-
942 880 63 33 och
1040 879 402 42 vattenbyggnadskonst
1478 883 80 27 över
1593 889 42 21 en
1660 889 44 22 av
1728 878 235 41 civilingeniör

362 925 139 33 Liäbeck
525 925 101 33 väckt
651 926 128 32 motion
804 936 40 21 nr
871 926 63 31 182
958 935 57 22 om
1036 923 163 34 skrivelse
1216 924 50 31 till
1284 923 127 42 Kungl.
1430 923 96 42 Maj:t
1543 923 176 41 angående
1739 922 224 33 befordrande

361 980 43 22 av
439 970 242 42 utvecklingen
715 980 43 23 av
782 973 47 30 ett
852 970 57 32 väl
934 969 120 33 ordnat
1078 969 64 32 och
1167 971 148 30 utrustat
1339 968 332 42 entreprenadväsen
1696 968 54 31 för
1775 967 189 42 byggnads-

361 1014 149 33 arbeten.

468 1059 79 32 Med
571 1059 187 42 anledning
781 1059 107 32 härav
913 1059 63 32 har
998 1058 249 42 avdelningens
1271 1058 140 41 styrelse
1435 1057 118 33 tillsatt
1577 1068 42 22 en
1644 1057 188 37 kommitté,
1858 1057 106 32 bestå-

361 1104 87 32 ende
483 1114 43 23 av
561 1104 211 41 byråchefen
807 1103 40 32 A.
884 1103 37 32 B.
958 1102 121 39 Gärde,
1117 1102 215 38 ordförande,
1358 1105 89 29 samt
1471 1101 318 42 civilingenjörerna
1814 1101 150 32 Gottfrid

362 1149 96 40 Berg,
496 1149 38 31 A.
572 1148 197 41 Björkman,
804 1147 68 32 Tor
907 1146 201 42 Blomqvist,
1146 1147 78 32 Carl
1259 1146 218 42 Gyllenberg;
1508 1145 97 34 Hans
1632 1145 119 42 Krogh
1775 1146 63 32 och
1863 1145 103 34 Ernst

362 1193 122 32 Lindh.
533 1192 114 33 Sedan
683 1192 111 32 denna
830 1191 179 33 kommitté
1044 1191 138 33 slutfört
1207 1192 56 33 sitt
1287 1191 115 32 arbete
1427 1191 63 32 och
1513 1191 50 32 till
1587 1190 166 42 styrelsen
1778 1191 53 31 för
1855 1190 110 32 avdel-

362 1238 136 41 ningen.
515 1237 210 33 överlämnat
749 1237 57 32 sitt
829 1236 67 32 den
922 1238 20 30 9
967 1246 89 22 mars
1080 1236 161 33 daterade
1265 1235 185 39 utlåtande,
1475 1235 61 32 har
1561 1235 247 41 avdelningens
1825 1235 141 41 styrelse

362 1282 59 33 vid
445 1282 254 32 sammanträde
721 1281 66 33 den
802 1282 39 32 13
857 1292 91 22 mars
962 1280 185 34 behandlat
1159 1282 131 41 frågan.
1316 1280 79 33 Med
1409 1280 266 32 överlämnande
1688 1290 44 22 av
1745 1279 221 33 kommitténs

362 1327 175 32 utlåtande
561 1327 55 31 får
639 1327 58 41 jag
721 1326 142 32 härmed
888 1326 166 38 meddela,
1080 1329 49 29 att
1154 1326 166 41 styrelsen
1344 1325 58 33 vid
1427 1325 92 32 detta
1543 1324 252 33 sammanträde
1821 1325 146 32 beslutat

361 1372 55 32 för
439 1372 52 31 sin
516 1371 54 33 del
594 1371 185 33 instämma
803 1371 10 31 i
837 1371 68 33 vad
929 1381 44 22 av
991 1370 247 42 avdelningens
1255 1370 260 32 kommitterade
1531 1370 193 41 föreslagits
1742 1369 63 32 och
1821 1369 145 32 sålunda

363 1415 134 39 föreslå,
523 1419 48 29 att
595 1416 203 41 föreningen
822 1417 57 31 må
903 1415 147 39 förorda,
1076 1419 50 29 att
1149 1425 44 23 av
1219 1415 211 33 motionären
1455 1415 192 41 föreslagen
1663 1414 185 41 utredning
1861 1415 105 31 måtte

363 1460 139 33 komma
526 1460 51 33 till
602 1461 110 32 stånd.

471 1505 198 32 Stockholm
694 1505 66 32 den
786 1505 40 32 15
851 1515 92 22 mars
970 1505 97 31 1922.

1043 1593 85 32 Axel
1152 1592 140 33 Ekwall.

1520 1636 139 41 Ragnar
1682 1635 178 42 Lindqvist.

1683 1786 122 42 Buaga
1832 1791 29 29 9.

569 1879 67 32 Till
660 1879 164 41 styrelsen
848 1879 55 31 för
928 1878 144 33 svenska
1096 1877 383 42 teknologföreningens
1503 1876 186 42 avdelning
1713 1877 54 32 för

867 1928 77 36 väg-
969 1923 63 32 och
1056 1921 412 43 vattenbyggnadskonst.

471 2012 285 33 Undertecknade
779 2011 260 34 kommitterade
1063 2011 91 33 hava
1178 2010 142 33 härmed
1344 2015 82 28 äran
1451 2010 196 33 överlämna

366 2092 146 28 Utlåtande
542 2092 175 28 beträffande
748 2092 122 28 Liibecks
897 2091 99 28 motion
1018 2098 31 20 nr
1073 2092 48 26 182
1140 2098 42 20 om
1202 2091 139 28 skrivelse
1360 2091 41 27 till
1423 2091 91 33 Kungl.
1536 2090 73 35 Maj:t
1628 2089 141 35 angående
1790 2089 181 29 befordrande

449 2145 34 20 av
504 2137 191 34 utvecklingen
716 2139 63 26 utav
799 2137 41 27 ett
856 2136 48 28 väl
925 2136 99 28 ordnat
1044 2137 49 27 och
1114 2137 124 27 utrustat
1258 2135 269 34 entreprenadväsen
1546 2135 47 27 för
1612 2136 268 34 byggnadsarbeten.

473 2209 69 33 Vid
566 2208 214 34 bedömande
804 2219 43 23 av
864 2208 67 33 den
949 2208 234 42 föreliggande
1200 2208 122 42 frågan
1339 2207 89 32 hava
1445 2207 261 33 kommitterade
1731 2207 11 31 i
1759 2207 106 31 första
1881 2205 93 33 hand

366 2256 113 40 utgått
506 2255 76 31 från
607 2254 67 32 den
698 2253 140 39 åsikten,
863 2257 51 29 att
938 2253 57 33 det
1018 2255 107 30 måste
1149 2263 100 22 anses
1273 2262 82 23 vara
1378 2252 52 33 till
1455 2252 198 41 obestridlig
1677 2250 110 33 fördel
1811 2251 55 32 för
1889 2261 86 21 sam-

366 2299 115 39 hället,
517 2303 48 29 att
594 2301 47 30 ett
665 2298 177 33 välordnat
865 2297 345 42 entreprenadväsen,
1236 2307 72 22 som
1333 2299 69 30 står
1425 2298 45 40 på
1493 2307 42 22 en
1559 2296 69 42 hög
1653 2296 81 32 nivå
1757 2295 216 33 beträffande
