1876 2782
294 146 40 30 42
649 149 403 38 Bevillningsutskottets
1071 154 220 32 betänkande
1310 166 42 20 nr
1370 156 53 30 47.

337 235 204 37 Uppenbart
559 239 39 28 är
617 240 52 29 att
688 239 182 38 uppgiften
890 244 51 28 att
960 242 177 31 fastställa
1156 244 339 32 existensminimum
1514 247 11 29 i
1545 248 58 30 det
1622 250 159 30 enskilda

294 287 99 32 fallet
415 290 70 29 kan
504 300 84 21 vara
610 292 81 30 svår
712 295 49 28 att
782 295 69 29 rätt
873 294 152 38 fullgöra
1045 297 66 29 och
1133 299 52 28 att
1206 298 204 31 densamma
1432 301 119 29 ställer
1572 303 96 28 stora
1691 303 84 29 krav

293 341 44 36 på
362 342 417 41 bedömningsförmågan
804 347 63 30 hos
895 349 42 29 de
963 349 115 30 lokala
1104 350 416 39 skattemyndigheterna,
1548 354 167 30 eftersom
1741 356 39 37 ju

294 394 126 38 frågan
441 397 11 29 i
473 398 90 36 regel
585 398 91 30 först
697 399 157 31 kommer
875 410 72 28 upp
969 402 62 30 hos
1054 403 112 30 dessa.
1189 404 51 29 Av
1259 405 76 30 vikt
1357 406 39 29 är
1419 406 119 30 därför
1561 409 51 28 att
1635 408 41 30 de
1697 409 79 37 väg-

293 447 147 32 ledande
459 451 226 37 anvisningar
702 469 44 3 -—
763 454 121 30 utöver
903 455 274 38 anvisningarna
1195 457 11 29 i
1225 458 260 37 skattelagarna
1503 460 65 29 och
1588 461 192 36 uppbörds-

292 501 251 39 förordningen
560 521 45 3 —
623 514 75 21 som
717 507 153 30 centrala
889 508 359 36 uppbördsnämnden
1267 520 98 21 avses
1385 512 99 30 skola
1502 512 153 36 utfärda,
1675 514 48 29 bli
1742 515 38 29 så

291 554 168 39 utförliga
475 565 73 21 som
565 558 140 37 möjligt
721 559 37 30 så
773 562 50 27 att
840 561 201 37 därigenom
1058 572 42 20 en
1117 563 151 37 enhetlig
1284 565 119 35 praxis
1420 565 158 31 kommer
1594 567 53 29 till
1665 567 112 30 stånd.

336 608 14 28 I
373 610 264 35 propositionen
663 612 63 29 har
749 613 160 38 utförligt
932 615 207 31 behandlats
1165 627 42 20 en
1232 619 52 28 del
1309 619 73 34 fall,
1409 620 62 29 där
1496 621 174 30 avvikelse
1695 622 80 30 från

290 662 310 38 normalbeloppen
631 665 71 29 kan
732 665 116 32 finnas
878 667 175 36 påkallad.
1083 669 179 32 Utskottet
1291 672 118 30 finner
1440 674 49 36 sig
1519 675 260 36 genomgående

290 715 123 30 kunna
434 716 137 31 biträda
595 719 42 29 de
660 720 204 30 uttalanden
888 722 386 36 departementschefen
1296 725 65 30 här
1384 726 103 36 gjort.
1511 726 178 32 Utskottet
1713 729 66 29 till-

291 768 138 37 styrker
448 770 130 36 jämväl
598 772 43 30 de
660 772 196 38 föreslagna
877 775 274 38 anvisningarna
1169 778 52 29 till
1241 777 40 30 50
1305 777 14 34 8
1342 775 436 47 kommunalskattelagen.

290 821 13 29 I
323 823 221 31 motionerna
564 824 104 30 1:495
689 827 64 28 och
773 827 118 30 I1:629
912 829 65 29 har
996 831 146 28 uttalats
1164 831 180 30 önskemål
1366 842 56 20 om
1444 843 42 20 en
1507 833 183 32 liberalare
1711 836 67 29 till-

290 876 182 38 lämpning
502 886 42 21 av
574 879 419 38 avdragsmöjligheterna
1025 883 10 29 i
1066 883 39 30 så
1136 883 121 36 måtto,
1289 887 52 28 att
1372 888 97 27 extra
1500 888 129 36 avdrag
1661 889 114 29 skulle

290 929 121 31 kunna
438 931 231 31 tillerkännas
697 933 85 30 även
809 934 256 39 skattskyldiga
1093 938 80 29 med
1200 938 155 30 inkomst
1383 940 111 29 under
1521 941 256 30 existensmini-

289 991 97 21 mum
407 993 79 20 men
505 986 79 29 med
605 985 242 38 förmögenhet
866 997 42 21 av
927 989 135 30 mindre
1083 991 312 37 storleksordning.
1416 993 102 29 Detta
1539 994 114 30 skulle
1673 995 106 36 enligt

288 1037 191 30 utskottets
497 1039 142 37 mening
660 1040 107 30 strida
786 1043 74 28 mot
877 1043 248 35 grundtanken
1144 1044 11 29 i
1175 1043 176 38 förslaget,
1371 1047 51 28 att
1442 1048 96 27 extra
1557 1048 129 36 avdrag
1706 1048 10 29 i
1736 1048 41 30 de

289 1089 61 30 fall
368 1099 121 21 varom
505 1091 64 30 här
586 1093 39 28 är
642 1092 99 38 fråga
756 1094 61 29 bör
834 1096 177 36 medgivas
1029 1097 149 30 allenast
1196 1097 43 30 då
1255 1099 172 35 gäldande
1444 1108 41 21 av
1502 1099 140 30 skatten
1661 1101 112 30 skulle

288 1143 170 35 medföra,
480 1146 50 28 att
551 1146 67 29 den
641 1146 253 39 skattskyldige
916 1149 112 31 skulle
1050 1150 113 30 sakna
1183 1152 110 28 medel
1316 1152 53 29 till
1392 1152 61 29 sitt
1475 1153 64 29 och
1563 1153 54 29 sin
1640 1153 134 37 familjs

288 1197 196 35 uppehälle.
505 1198 220 31 Motionerna
746 1201 183 36 avstyrkas
950 1202 10 29 i
982 1203 112 30 denna
1116 1204 65 29 del.
1212 1203 5 28 I
1238 1213 135 21 samma
1394 1206 172 30 motioner
1586 1206 46 30 ha
1653 1207 123 29 motio-

287 1250 152 30 närerna
462 1252 83 30 vänt
569 1253 52 36 sig
644 1255 74 28 mot
743 1256 49 27 att
816 1255 109 36 enligt
949 1256 273 37 anvisningarna
1246 1257 51 29 till
1323 1257 41 29 50
1393 1257 14 34 8
1435 1258 337 32 kommunalskatte-

288 1304 101 36 lagen
408 1305 11 28 i
437 1306 89 35 regel
544 1306 190 37 anledning
750 1308 79 29 över
845 1307 121 30 huvud
983 1309 75 29 icke
1075 1309 114 30 skulle
1207 1310 166 37 föreligga
1391 1313 50 28 att
1459 1312 129 36 bevilja
1606 1314 97 28 extra
1721 1322 55 20 av-

288 1357 85 37 drag
398 1358 35 29 åt
459 1368 25 20 s.
508 1359 32 29 k.
565 1359 245 31 hemmasöner
833 1361 66 29 och
924 1361 278 31 hemmadöttrar
1227 1366 89 27 samt
1342 1364 195 31 framhållit
1562 1368 51 27 att
1637 1366 139 36 hänsyn

287 1409 63 30 bör
367 1412 98 36 tagas
485 1413 85 29 även
588 1413 54 29 till
661 1413 239 32 föräldrarnas
919 1416 229 31 ekonomiska
1168 1417 255 31 förhållanden.
1444 1418 12 29 I
1477 1420 203 37 anslutning
1699 1421 78 29 här-

287 1464 53 29 till
360 1464 65 30 har
446 1465 93 30 inom
560 1467 173 30 utskottet
752 1469 145 29 uttalats
919 1469 66 30 den
1006 1470 196 37 meningen,
1225 1473 51 28 att
1296 1471 232 31 förenämnda
1548 1474 116 35 punkt
1684 1474 11 29 i
1717 1483 58 20 an-

286 1516 228 38 visningarna
534 1519 109 31 borde
665 1520 91 37 utgå.
780 1520 12 29 I
815 1521 112 31 likhet
947 1523 78 29 med
1049 1524 386 36 departementschefen
1458 1535 102 21 anser
1583 1528 193 30 emellertid

287 1571 184 34 utskottet,
495 1574 49 28 att
568 1573 152 30 särskild
745 1575 187 37 anledning
956 1575 114 31 finnes
1095 1578 51 29 att
1170 1578 154 37 iakttaga
1349 1579 224 38 försiktighet
1596 1582 58 28 vid
1679 1582 93 29 med-

286 1623 148 36 givande
459 1634 41 21 av
522 1627 97 29 extra
643 1627 128 37 avdrag
794 1627 34 30 åt
852 1637 25 20 s.
893 1628 33 29 k.
950 1629 245 31 hemmasöner
1218 1631 64 29 och
1305 1632 278 31 hemmadöttrar
1608 1635 95 29 såväl
1727 1634 45 37 på

287 1677 119 31 landet
427 1687 74 21 som
522 1679 11 29 i
554 1680 176 30 städerna.
751 1681 103 30 Detta
874 1682 147 30 innebär
1042 1682 18 30 å
1083 1684 112 29 andra
1215 1684 99 30 sidan
1336 1685 77 30 icke
1435 1688 49 28 att
1506 1686 268 38 ifrågavarande

287 1731 257 38 skattskyldiga
566 1733 114 31 skulle
702 1735 268 36 undantagslöst
990 1745 84 21 vara
1096 1738 179 29 uteslutna
1298 1738 80 30 från
1401 1739 229 37 möjligheten
1653 1742 51 28 att
1726 1750 50 20 er-

286 1783 96 32 hålla
402 1787 97 29 extra
520 1786 140 37 avdrag.
681 1785 44 32 Är
746 1789 23 28 t.
783 1796 49 21 ex.
856 1788 240 31 föräldrarnas
1118 1790 229 31 ekonomiska
1368 1792 166 37 ställning
1556 1801 93 29 svag,
1673 1803 101 27 synes

287 1838 190 37 anledning
501 1838 119 31 finnas
646 1842 51 28 att
721 1841 157 37 medgiva
904 1841 127 38 skäligt
1056 1844 97 29 extra
1180 1844 127 37 avdrag
1332 1854 57 20 om
1415 1845 11 29 i
1451 1846 111 36 övrigt
1587 1845 183 31 förutsätt-

286 1890 126 37 ningar
432 1891 121 31 härför
572 1892 179 38 föreligga.
771 1894 127 37 Dylika
919 1894 61 31 fall
1001 1897 97 29 torde
1119 1897 89 29 dock
1228 1898 122 36 utgöra
1371 1899 189 37 undantag.
1582 1899 66 30 Det
1670 1901 105 36 regel-

287 1945 153 36 mässiga
475 1946 98 29 torde
606 1956 96 25 vara,
735 1949 50 28 att
807 1948 150 37 verkligt
980 1948 111 30 behov
1114 1959 42 19 av
1180 1951 95 28 extra
1300 1951 130 36 avdrag
1454 1951 75 30 icke
1557 1952 185 37 föreligger
1764 1954 10 28 i

285 1998 102 29 dessa
410 1998 72 29 fall.
514 1999 375 38 Anvisningspunkten
909 2001 63 30 bör
992 2002 136 30 lämnas
1149 2003 223 30 oförändrad.

330 2054 122 30 Såsom
476 2056 155 38 framgår
656 2067 41 20 av
718 2058 421 39 uppbördssakkunnigas
1162 2063 234 34 promemoria
1420 2065 97 29 torde
1540 2064 56 30 för
1620 2065 154 37 familjer

285 2109 78 29 med
391 2109 139 36 mycket
556 2109 225 39 betungande
806 2112 357 38 försörjningsbörda,
1193 2115 137 30 bosatta
1357 2117 11 29 i
1397 2118 146 29 tätorter
1571 2119 79 29 med
1680 2119 88 37 höga

286 2161 346 37 levnadskostnader,
658 2164 338 31 existensminimum
1019 2167 174 37 överstiga
1215 2177 164 21 summan
1402 2179 42 21 av
1467 2171 57 29 det
1546 2171 228 31 kommunala

286 2216 241 36 ortsavdraget
545 2217 109 37 enligt
673 2218 41 29 de
733 2227 67 27 nya
817 2218 313 32 bestämmelserna
1149 2221 65 30 och
1234 2222 56 30 det
1308 2222 126 38 högsta
1453 2225 96 29 extra
1570 2225 129 37 avdrag
1719 2223 55 31 för

285 2268 141 30 nedsatt
444 2269 285 38 skatteförmåga,
749 2280 73 21 som
841 2271 56 30 för
914 2273 219 30 närvarande
1152 2274 70 29 kan
1240 2275 156 37 beviljas,
1416 2276 82 30 eller
1517 2276 18 29 2
1550 2277 63 29 000
1633 2278 140 29 kronor.

285 2321 68 30 För
372 2323 309 31 sammanlevande
701 2324 81 30 äkta
800 2325 135 34 makar,
956 2325 138 31 bosatta
1114 2327 11 29 i
1145 2327 212 36 Stockholm,
1380 2329 113 31 skulle
1514 2329 149 31 sålunda
1684 2333 87 27 orts-

285 2375 130 37 avdrag
431 2376 65 29 och
511 2378 98 29 extra
625 2378 129 36 avdrag
770 2378 183 30 maximalt
967 2396 43 3 —
1025 2379 195 32 oberoende
1237 2390 41 21 av
1293 2382 175 30 huruvida
1485 2384 125 29 endast
1626 2384 66 29 den
1709 2393 65 20 ena

285 2437 42 21 av
351 2429 171 30 makarna
546 2430 85 29 eller
655 2430 89 30 båda
768 2430 91 31 bliva
885 2433 163 29 taxerade
1070 2450 46 2 —
1140 2433 121 31 kunna
1286 2434 116 38 uppgå
1427 2436 51 29 till
1508 2435 16 29 4
1538 2436 63 29 000
1627 2437 140 33 kronor,

284 2481 109 31 vilket
413 2482 124 37 belopp
560 2484 180 29 sannolikt
761 2484 75 30 icke
858 2485 101 29 torde
979 2486 103 29 täcka
1105 2486 392 37 levnadskostnaderna,
1522 2498 57 20 om
1602 2489 172 30 makarna
