2289 2748
545 171 17 26 2
746 170 252 32 Sammansatta
1020 172 131 31 Banko-
1173 173 54 30 och
1248 174 256 41 Lag-Utskottets
1532 176 164 33 Utlåtande
1718 178 58 31 N:o
1798 180 30 30 2.

504 247 105 40 dagen
644 247 54 33 må
726 249 48 32 för
802 250 49 31 sin
882 250 51 32 del
962 251 139 42 besluta,
1131 258 49 29 att
1206 257 18 38 8
1252 257 15 29 1
1296 256 9 32 i
1334 255 131 42 "Lagen
1495 258 49 32 för
1570 259 114 34 Rikets
1714 259 159 34 Ständers
1902 261 118 32 Bank"
2056 262 36 32 af

504 299 62 32 den
598 300 12 30 1
641 300 91 33 Mars
762 301 79 32 1830
868 303 84 32 skall
983 304 128 33 erhålla
1139 305 144 42 följande
1311 309 139 40 lydelse:

605 386 203 34 Nuvarande
836 389 139 39 lydelse:

604 456 95 39 Ifrån
726 456 59 32 den
812 457 70 41 dag,
910 458 43 32 då
971 462 162 40 utvexling
1152 464 32 37 af
1187 463 89 39 silf-
1419 464 138 33 Banken
1586 476 73 22 vare
1687 466 130 40 skyldig
1843 471 58 36 att,
1921 471 62 29 när
2009 469 81 32 helst

504 518 53 21 ver
582 509 82 40 ånyo
691 509 151 40 vidtager,
871 511 98 39 enligt
995 511 82 32 hvad
1103 513 105 33 derom
1222 515 55 31 vid
1318 516 118 32 sådant
1461 515 185 43 påfordras,
1674 518 73 32 sina
1776 519 110 32 sedlar
1906 520 75 39 efter
1995 522 94 31 orda-

505 560 102 32 denna
640 559 129 41 riksdag
800 560 155 33 beslutadt
982 562 105 40 blifvit
1123 567 40 29 är
1183 565 90 32 Ban-
1320 568 138 41 lydelsen
1484 569 71 32 med
1579 569 111 40 silfver
1716 571 75 31 eller
1815 571 81 40 guld
1923 572 111 34 inlösa.

505 612 63 31 ken
598 612 129 40 skyldig
755 616 57 35 att,
841 615 79 29 enär
944 616 39 30 så
1001 613 186 42 påfordras,
1204 618 74 31 sina

507 663 110 31 sedlar
655 664 71 31 med
764 664 134 32 Svenskt
932 666 200 42 silfvermynt
1157 669 120 43 inlösa,

506 714 75 40 efter
606 716 60 31 den
691 716 115 40 grund,
829 716 139 42 Konung
989 718 55 32 och
1058 718 112 35 Rikets
1186 721 91 32 Stän-

507 769 55 30 der
585 768 161 38 fastställt.

654 817 121 32 Vidare
804 819 61 31 har
892 829 127 22 samma
1048 822 172 39 motionär,
1248 823 9 30 i
1287 823 121 31 motion
1438 823 60 31 N:o
1525 824 49 40 42,
1603 828 79 28 enär
1708 828 17 36 $
1760 826 14 30 2
1801 825 34 31 af
1861 827 228 39 nyssnämnda

506 868 91 42 "Lag
624 868 49 33 för
700 869 115 34 Rikets
846 870 159 34 Ständers
1032 871 118 33 Bank"
1180 873 35 32 af
1240 874 61 32 den
1333 875 14 30 1
1377 875 90 31 Mars
1498 875 78 33 1830
1603 875 118 33 hänför
1749 877 48 39 sig
1825 877 47 31 till
1896 878 113 39 Lagen
2036 888 51 21 om

506 921 346 40 myntbestämningen
883 922 35 32 af
940 932 128 22 samma
1096 924 73 41 dag,
1198 925 60 32 och
1288 925 116 41 Kongl.
1434 926 94 41 Maj:t
1554 936 117 31 genom
1701 927 101 41 nådig
1829 929 204 40 proposition
2057 929 35 32 af

506 973 62 31 den
610 972 38 31 28
689 973 81 30 sistl.
812 973 161 33 Februari
1013 975 117 40 begärt
1169 975 209 41 Riksdagens
1407 978 169 40 samtycke
1604 978 46 32 till
1681 989 39 21 en
1751 989 41 31 ny
1820 980 54 40 lag
1903 989 50 23 om
1982 981 105 32 rikets

507 1029 101 36 mynt,
648 1033 116 31 genom
808 1026 98 31 hvars
941 1027 189 39 antagande
1159 1029 38 38 $$
1226 1030 14 29 1
1270 1029 60 31 och
1355 1030 20 30 2
1402 1029 36 31 af
1461 1030 96 39 lagen
1586 1039 51 22 om
1667 1031 347 41 myntbestämningen
2041 1033 47 31 till

507 1085 40 23 en
588 1074 51 34 del
682 1076 108 32 skulle
831 1077 133 32 komma
993 1081 48 30 att
1069 1078 197 43 upphäfvas,
1296 1081 168 32 hemställt
1491 1085 58 35 att,
1577 1090 51 23 om
1658 1082 62 32 den
1746 1092 64 31 nya
1839 1084 188 40 myntlagen
2058 1085 34 31 af

506 1128 189 39 Riksdagen
738 1132 148 36 antoges,
927 1131 18 38 $
984 1130 19 31 2
1043 1129 36 32 af
1117 1129 132 42 "Fagen
1278 1131 49 32 för
1353 1132 114 32 Rikets
1497 1132 158 33 Ständers
1684 1132 117 33 Bank”
1831 1134 101 33 måtte
1961 1134 128 33 erhålla

507 1180 109 31 denna
644 1179 140 40 lydelse:
813 1180 127 40 Vägrar
967 1181 215 39 riksbanken,
1213 1183 104 32 under
1345 1183 86 32 hvad
1460 1185 80 30 sken
1571 1185 55 31 det
1653 1195 79 21 vara
1761 1184 63 41 må,
1854 1190 47 27 att
1929 1187 87 31 sedel
2035 1188 54 31 vid

507 1230 223 41 uppvisandet
769 1232 107 32 inlösa
917 1231 83 34 efter
1041 1233 39 31 de
1121 1234 155 39 grunder,
1316 1244 68 22 som
1426 1235 35 31 af
1487 1235 143 40 Konung
1658 1237 61 31 och
1747 1237 148 37 Riksdag
1923 1242 56 27 äro
2007 1238 82 32 fast-

507 1282 130 36 ställda,
662 1281 53 32 må
744 1282 73 39 den,
847 1292 68 22 som
945 1284 113 31 sedeln
1087 1284 205 40 innehafver,
1321 1286 111 31 derom
1460 1289 77 37 göra
1560 1286 142 39 skriftlig
1718 1289 156 31 anmälan
1892 1289 59 31 hos
1969 1289 118 40 Kongl.

508 1334 109 39 Maj:ts
646 1333 60 32 och
735 1333 114 33 Rikets
880 1334 84 32 Svea
993 1334 135 34 Hofrätt
1155 1341 60 27 etc.
1244 1355 40 5 —
1310 1356 40 3 —
1377 1338 224 31 oförändradt.

656 1384 51 32 Då
735 1385 63 32 den
827 1385 34 32 af
887 1387 204 31 motionären
1119 1386 49 32 för
1195 1388 84 31 hans'
1308 1389 121 39 förslag
1456 1390 115 39 gjorda
1599 1389 237 41 förutsättning
1866 1390 36 32 så
1929 1392 51 32 till
2011 1392 78 31 vida

506 1436 133 39 inträdt,
668 1438 51 31 att
745 1436 190 41 Riksdagen
965 1437 48 32 för
1041 1438 48 31 sin
1120 1438 50 32 del
1200 1439 97 32 fattat
1325 1440 111 32 beslut
1463 1449 50 22 om
1544 1442 188 39 antagande
1762 1442 34 31 af
1822 1452 40 20 en
1893 1452 41 29 ny
1956 1443 54 38 lag
2027 1453 63 20 an-

506 1486 126 41 gående
661 1488 102 31 rikets
792 1493 102 36 mynt,
924 1493 85 27 samt
1036 1488 48 32 för
1112 1489 38 32 de
1180 1491 119 38 sedlar,
1328 1491 111 31 hvilka
1469 1492 202 32 riksbanken
1702 1494 65 30 kan
1798 1494 132 30 komma
1959 1497 48 29 att
2039 1499 51 26 ut-

507 1539 97 38 gifva,
631 1539 143 39 lydande
803 1538 18 32 å
850 1540 171 39 betalning
1049 1540 73 31 med
1151 1541 86 40 guld,
1266 1542 177 32 enahanda
1472 1543 242 36 bestämmelse,
1744 1553 67 22 som
1833 1534 20 55 $&
1874 1544 17 31 2
1912 1544 29 31 af
1954 1544 133 41 "Lagen

507 1590 48 32 för
582 1590 113 32 Rikets
726 1590 158 33 Ständers
913 1591 117 31 Bank"
1059 1591 186 33 innehåller
1271 1594 10 31 i
1309 1593 154 32 afseende
1493 1594 42 39 på
1563 1595 90 43 äldre
1682 1596 119 39 sedlar,
1824 1596 92 31 torde
1939 1606 80 21 vara
2036 1607 53 21 er-

506 1642 165 38 forderlig,
701 1642 192 32 hemställer
921 1643 53 30 det
1004 1642 248 33 Sammansatta
1280 1645 137 31 Banko-
1444 1645 60 31 och
1524 1645 268 40 Lag-Utskottet,
1817 1647 8 30 i
1850 1646 239 41 hufvudsaklig

507 1692 343 33 öfverensstämmelse
879 1694 73 31 med
981 1693 87 32 hvad
1099 1695 203 32 motionären
1332 1695 177 41 föreslagit,

1273 1781 50 31 2:0

656 1852 57 34 att,
741 1847 108 32 under
876 1846 237 41 förutsättning
1142 1851 47 28 att
1217 1848 62 32 den
1308 1849 35 31 af
1367 1849 189 41 Riksdagen
1580 1850 172 32 beslutade
1768 1849 220 42 öfvergången
2010 1850 75 33 från

508 1898 110 32 silfver
646 1899 49 30 till
724 1898 79 39 guld
832 1897 109 33 såsom
970 1899 106 39 grund
1106 1898 48 31 för
1181 1900 131 31 landets
1340 1905 93 36 mynt
1459 1902 149 31 kommer
1635 1902 48 30 till
1713 1902 259 40 verkställighet,
1987 1902 101 31 Riks-

508 1950 105 39 dagen
652 1948 54 33 må
746 1949 49 32 för
834 1951 49 30 sin
926 1950 50 32 del
1004 1950 141 40 besluta,
1174 1955 49 28 att
1250 1952 18 38 $
1295 1952 19 30 2
1343 1951 32 32 af
1402 1951 133 41 Lagen
1564 1952 49 32 för
1640 1953 114 31 Rikets
1783 1952 160 34 Ständers
1970 1952 119 33 Bank"

508 2001 62 32 den
602 2003 11 29 I
645 2001 91 32 Mars
766 2001 79 31 1830
872 2001 85 31 skall
987 2000 126 33 erhålla
1137 2000 144 41 följand?
1309 2002 199 34 förändrade
1536 2004 141 40 lydelse:

605 2087 204 32 Nuvarande
836 2087 144 40 lydelse:

606 2155 127 40 Vägrar
770 2155 144 40 banken,
943 2156 105 31 under
1076 2155 87 32 hvad
1191 2156 81 31 sken
1420 2157 126 39 Vägrar
1579 2158 144 39 banken,
1751 2160 105 30 under
1884 2159 86 31 hvad
2001 2160 82 30 sken

507 2208 55 31 det
589 2216 79 23 vara
696 2206 64 39 må,
789 2210 48 28 att
864 2207 90 32 sedel
981 2207 53 32 vid
1050 2207 225 40 uppvisandet
1318 2208 54 31 det
1400 2217 77 23 vara
1506 2207 63 41 må,
1598 2212 48 29 att
1674 2208 88 32 sedel
1791 2210 53 31 vid
1860 2210 225 39 uppvisandet

506 2258 107 31 inlösa
641 2258 70 41 med
737 2258 50 31 det
814 2258 120 39 belopp,
963 2268 65 22 som
1053 2268 112 30 genom
1181 2259 91 39 lagen
1316 2259 115 39 inlösa,
1472 2259 52 32 må
1561 2260 74 39 den,
1664 2269 68 33 som
1763 2260 89 32 sedel
1880 2260 207 40 innehafver,
