1878 2838
577 181 230 29 Statsutskottets
829 180 147 28 utlåtande
997 181 49 27 Nr
1069 181 71 28 108.
1585 178 37 30 17

115 258 110 40 vägen
252 256 11 31 i
291 256 209 37 Stockholm,
528 255 171 42 uppförda
726 255 424 40 kasernetablissemanget
1180 254 107 31 under
1315 255 108 30 större
1452 253 100 32 delen
1580 264 41 21 av

117 308 96 31 tiden
243 307 184 41 utnyttjats
457 318 40 20 av
526 306 536 42 positionsartilleriregementet.
1105 305 76 31 Den
1211 305 56 31 del
1295 315 41 20 av
1367 304 161 38 området,
1560 304 61 32 där

113 359 306 40 etablissemanget
439 360 36 29 är
494 357 144 42 beläget,
659 357 201 41 disponeras
880 367 138 20 numera
1038 367 41 20 av
1099 358 130 29 statens
1250 355 187 32 historiska
1456 366 163 21 museum.

173 409 255 32 Statskontoret
463 408 61 31 har
559 410 113 29 ansett
707 407 173 42 praktiska
916 407 73 31 skäl
1014 407 69 31 tala
1109 407 54 30 för
1187 408 49 29 att
1261 406 183 41 riksdagen
1470 408 150 40 upptoge

114 460 116 32 denna
254 460 95 41 fråga
373 460 11 30 i
409 459 163 32 samband
597 459 77 31 med
698 458 210 32 ersättandet
933 469 40 20 av
998 458 117 40 övriga
1140 457 194 41 förskjutna
1357 457 185 31 kostnader
1568 458 54 30 för

117 511 336 32 försvarsväsendets
473 510 197 41 byggnader
691 510 63 31 och
774 512 49 28 att
843 509 11 31 i
875 511 37 29 så
933 508 60 32 fall
1014 509 78 31 med
1113 508 145 41 ändring
1277 519 41 20 av
1339 508 145 41 tidigare
1506 508 115 31 beslut

116 562 163 41 täckning
304 562 129 31 skedde
459 561 76 32 med
561 561 175 31 anlitande
762 572 40 20 av
829 562 18 29 å
873 560 259 31 lantförsvarets
1159 559 84 31 fond
1269 559 214 41 tillgängliga
1510 559 112 32 medel

114 613 88 32 eller
222 613 77 31 med
321 612 337 42 försäljningsmedel
680 612 75 31 från
778 611 315 41 Ladugårdsgärde.

170 664 359 40 Arméförvaltningen
566 663 63 31 och
666 661 399 42 riksräkenskapsverket
1102 663 58 29 äro
1187 672 40 20 av
1253 661 66 31 den
1346 661 274 42 uppfattningen,

114 718 54 29 att
188 714 191 41 ersättning
401 715 53 30 för
475 713 257 42 ifrågavarande
755 713 147 31 förskott
923 712 72 32 icke
1018 712 64 31 bör
1103 714 62 39 äga
1188 723 74 20 rum
1283 712 77 31 med
1384 712 172 31 anlitande
1581 723 41 20 av

117 766 43 31 de
180 764 338 42 försäljningsmedel
538 764 247 32 statskontoret
806 763 186 41 föreslagit,
1015 765 82 29 utan
1118 765 121 35 ansett,
1261 765 49 29 att
1330 762 162 42 beloppet
1513 763 109 41 ifråga

117 816 64 32 bör
202 816 174 31 överföras
398 816 54 30 till
473 818 130 29 statens
626 815 170 31 allmänna
818 814 277 41 fastighetsfond.

171 867 83 31 Med
280 866 168 32 avseende
476 868 19 29 å
521 865 215 42 regleringen
763 876 40 20 av
831 864 221 32 förevarande
1081 863 148 32 förskott
1256 864 54 31 till
1338 864 213 41 uppförande
1581 875 41 20 av

117 920 78 39 nytt
216 917 391 41 kasernetablissemang
631 916 54 31 för
708 916 168 41 livgardet
900 915 54 32 till
978 915 78 31 häst
1080 915 62 31 har
1167 915 376 41 departementschefen
1569 926 53 20 an-

117 971 70 29 sett
208 968 53 42 sig
280 968 73 31 icke
376 968 114 31 kunna
510 967 135 31 biträda
667 967 264 31 statskontorets
953 966 131 41 förslag
1104 968 50 29 att
1176 966 53 31 för
1251 966 94 31 detta
1366 966 156 31 ändamål
1544 968 77 38 taga

117 1020 13 30 i
156 1019 147 42 anspråk
328 1018 215 42 tillgängliga
569 1017 346 42 försäljningsmedel.
964 1017 68 31 Det
1060 1017 205 37 förfarande,
1294 1027 73 21 som
1394 1016 228 31 arméförvalt-

117 1070 128 41 ningen
264 1069 64 32 och
347 1068 399 42 riksräkenskapsverket
766 1067 186 42 föreslagit,
974 1070 118 38 syntes
1114 1067 375 41 departementschefen
1509 1067 112 31 bättre

115 1122 292 30 överensstämma
426 1119 77 31 med
524 1119 80 31 1892
624 1120 55 30 års
699 1118 156 41 riksdags
875 1118 123 31 beslut.
1031 1117 388 42 Departementschefen
1438 1118 61 30 har
1520 1118 102 31 alltså

117 1171 164 37 förordat,
308 1173 50 29 att
384 1169 257 42 ifrågavarande
667 1169 183 41 tillgångar
876 1171 19 29 å
920 1168 128 32 fonden
1075 1169 54 30 för
1156 1168 109 41 förlag
1290 1168 55 31 till
1371 1168 205 32 statsverket
1603 1170 19 29 å

117 1222 168 38 1,586,729
308 1221 126 31 kronor
457 1221 41 31 36
521 1222 58 30 öre
603 1220 135 32 avföras
764 1231 40 20 ur
828 1219 277 42 förlagsfondens
1131 1219 227 41 räkenskaper
1383 1222 87 29 samt
1494 1222 49 28 att
1569 1219 53 31 be-

118 1273 120 41 loppet
263 1272 12 31 i
301 1272 116 31 stället
444 1283 100 20 anses
571 1271 133 32 anvisat
735 1270 223 42 (disponerat)
992 1271 54 30 för
1073 1272 130 29 statens
1231 1270 170 31 allmänna
1428 1270 194 41 fastighets-

118 1324 94 37 fond,
236 1334 76 20 vars
335 1322 339 42 lånemedelskapital
698 1322 100 31 alltså
822 1322 11 30 i
858 1321 348 41 riksgäldskontorets
1231 1320 184 43 bokföring
1438 1321 82 31 ökas
1544 1321 78 31 med

116 1374 241 32 motsvarande
379 1373 136 42 belopp.

172 1424 47 41 (2)
264 1424 122 32 Såsom
412 1423 250 41 inledningsvis
689 1425 191 29 omnämnts
907 1393 113 60 beslöt
1048 1422 81 31 1929
1156 1424 54 29 års
1237 1422 147 41 riksdag,
1413 1424 49 29 att
1488 1422 134 31 kostna-

117 1476 108 31 derna
242 1475 54 31 för
311 1486 66 29 nya
395 1475 195 40 byggnader
605 1474 55 39 för
676 1473 219 31 Stockholms
913 1473 188 40 tygstation
1119 1472 109 32 skulle
1246 1473 54 30 till
1318 1484 42 20 en
1378 1473 56 31 del
1450 1473 172 31 bestridas

117 1538 44 19 av
180 1525 189 32 lånemedel
390 1528 49 28 att
459 1525 181 31 framdeles
661 1524 114 31 täckas
796 1535 40 20 av
856 1523 191 41 inflytande
1069 1523 337 41 försäljningsmedel
1426 1523 53 31 för
1499 1526 124 28 tomter

115 1579 24 29 å
157 1577 110 31 Norra
284 1575 228 42 Djurgården.
542 1576 52 30 Av
614 1575 41 31 de
676 1575 53 31 för
748 1575 93 31 detta
861 1574 155 31 ändamål
1036 1574 162 31 anvisade
1218 1574 134 31 medlen
1373 1574 175 31 redovisas
1570 1574 54 31 för

119 1626 210 32 närvarande
353 1628 18 29 å
393 1626 128 31 fonden
543 1626 53 31 för
618 1625 111 41 förlag
750 1625 54 31 till
828 1624 204 32 statsverket
1056 1627 49 29 ett
1128 1624 126 42 belopp
1278 1635 41 20 av
1341 1625 135 37 602,326
1498 1624 126 32 kronor

115 1679 45 30 23
185 1680 66 29 öre.
290 1678 105 30 Detta
420 1677 126 41 belopp
572 1678 118 40 syntes
718 1675 377 42 departementschefen
1121 1675 83 31 böra
1230 1675 189 32 tillsvidare
1446 1675 176 32 redovisas

117 1732 23 28 å
176 1728 268 42 förlagsfonden.
482 1728 52 31 De
570 1727 181 42 principer,
779 1738 73 20 som
888 1738 41 20 av
954 1726 263 32 statsmakterna
1243 1726 105 32 sedan
1374 1726 158 41 gammalt
1558 1727 66 30 till-

120 1780 156 41 lämpats,
299 1781 62 29 när
384 1779 57 31 det
464 1779 83 41 gällt
570 1778 227 41 finansiering
819 1788 41 20 av
882 1788 66 30 nya
971 1777 359 41 försvarsbyggnader,
1355 1788 73 20 som
1451 1777 100 32 blivit
1577 1788 47 21 er-

119 1830 188 41 forderliga
334 1831 43 40 på
404 1829 110 42 grund
541 1840 41 20 av
609 1829 66 31 den
703 1828 199 41 fortgående
930 1828 279 41 exploateringen
1238 1839 40 20 av
1306 1827 316 42 Ladugårdsgärde,

117 1881 67 31 och
208 1883 80 29 varå
313 1880 270 41 finansieringen
608 1891 41 20 av
675 1879 499 41 tygstationsanläggningarna
1200 1878 158 42 utgjorde
1385 1881 48 29 ett
1460 1879 162 41 exempel,

119 1934 120 38 syntes
276 1930 377 42 departementschefen
688 1930 84 31 böra
807 1930 33 30 få
866 1929 171 40 tillämpas
1064 1931 85 28 även
1174 1929 58 30 vid
1257 1929 159 31 framtida
1441 1929 115 31 beslut
1583 1940 40 20 av

119 1983 114 30 denna
254 1984 108 28 natur.

174 2032 47 40 (3)
256 2031 82 31 Med
355 2031 133 41 hänsyn
507 2031 52 30 till
578 2033 49 29 att
645 2031 58 30 det
721 2032 137 39 system,
878 2041 73 20 som
969 2029 217 41 tillämpades
1206 2029 53 31 för
1277 2029 226 41 finansiering
1522 2041 40 20 av
1581 2030 42 31 de

121 2094 66 29 nya
206 2082 395 40 försvarsbyggnaderna
623 2081 106 40 enligt
752 2083 81 28 1914
854 2082 55 29 års
931 2080 218 40 härordning,
1171 2079 72 32 icke
1265 2080 116 41 längre
1402 2080 61 31 har
1484 2080 140 31 aktuali-

120 2136 60 34 tet,
199 2135 117 39 syntes
336 2132 375 41 departementschefen
731 2143 41 19 en
792 2131 159 31 definitiv
970 2130 170 41 reglering
1159 2142 40 19 av
1219 2130 41 31 de
1281 2130 147 32 förskott
1448 2142 72 19 som
1541 2133 82 29 åter-

121 2185 54 30 stå
199 2185 148 29 oersatta
372 2184 74 29 från
470 2183 110 30 denna
603 2182 51 30 tid
679 2193 46 19 nu
749 2193 78 19 vara
851 2181 177 30 önskvärd.
1065 2181 119 36 Dessa,
1210 2180 90 32 vilka
1324 2181 160 31 bokföras
1510 2183 113 29 såsom

122 2234 181 40 tillgångar
326 2235 18 28 å
368 2233 126 30 fonden
519 2233 52 30 för
594 2232 110 40 förlag
726 2232 53 31 till
802 2231 213 37 statsverket,
1039 2233 58 29 äro
1121 2231 163 40 följande:

1423 2284 133 23 Återstår
1576 2286 42 21 att

1438 2320 107 21 ersätta
1566 2318 39 23 kr.

120 2352 37 30 T.
194 2351 80 31 1918
293 2351 59 30 IV.
373 2351 39 31 G.
436 2352 14 29 1
471 2351 260 31 Merkostnader
752 2351 52 29 för
823 2350 90 30 vissa
933 2350 10 30 i
964 2349 164 31 samband
1150 2349 75 30 med
1247 2350 80 29 1914

175 2403 54 29 års
254 2401 210 40 härordning
489 2401 178 30 beslutade
695 2400 311 41 byggnadsföretag
1031 2399 57 31 vid
1115 2401 124 33 armén,
1266 2400 63 30 för-

172 2452 212 40 slagsanslag
414 2452 163 35 1,000,000
605 2451 133 36 kronor,
764 2425 98 55 utbat
867 2449 45 31 alt
944 2449 174 36 1,055,685:
1135 2449 38 30 89
1201 2449 124 30 kronor
1425 2449 142 36 155,685:
1583 2450 39 30 89

177 2512 115 36 Bihang
316 2512 44 28 till
382 2512 167 36 riksdagens
570 2511 144 37 protokoll
738 2508 88 32 1937.
885 2508 21 30 6
928 2510 79 28 saml.
1055 2511 45 27 Nr
1129 2511 169 28 104—113.
1443 2519 38 18 949
1496 2519 24 18 37
1567 2514 16 25 2
