2097 2656
183 191 17 28 [RO

364 187 111 32 Första
499 188 218 31 Kammarens
744 187 181 42 Tillfälliga
955 187 141 33 Utskotts
1122 188 77 37 (N:o
1225 189 35 37 3)
1289 188 173 32 Utlåtande
1484 188 64 31 N:o
1574 192 28 28 6.

320 269 65 38 Det
427 283 113 36 synes
584 269 200 47 Utskottet,
814 282 77 24 som
933 270 93 37 hade
1058 269 228 37 motionären
1321 270 13 36 1
1361 270 120 37 denna
1513 270 276 50 framställning

184 321 320 38 sammanblandat
536 320 186 38 unionella
750 320 123 50 frågor
892 321 41 37 af
953 321 201 49 väsentligt
1185 320 97 37 olika
1310 321 265 38 beskaffenhet.
1631 321 157 38 Omfatt-

186 374 139 49 ningen
365 373 40 37 af
440 372 69 38 den
552 373 197 37 hvartdera
783 373 40 36 at
863 374 44 36 de
942 372 169 38 förenade
1138 372 130 38 rikena
1295 373 200 49 åliggande
1523 373 95 50 pligt
1646 378 52 33 att
1724 374 64 37 vid

185 403 247 85 krigstillfälle
459 424 96 37 bistå
584 424 207 37 hvarandra
820 424 83 37 med
930 425 138 48 nödiga
1091 424 253 37 stridskrafter
1362 425 103 36 torde
1488 425 187 49 nemligen
1699 438 86 24 vara

181 490 44 24 en
258 477 102 49 fråga
387 475 100 37 för
470 475 71 50 sig,
570 488 77 24 som
675 475 82 37 icke
786 479 75 33 står
887 476 13 36 i
926 479 115 46 något
1069 475 117 37 direkt
1217 476 182 37 beroende
1428 477 40 35 af
1490 476 68 37 den
1580 479 35 34 åt
1635 476 152 37 Konun-

181 542 74 36 gen
295 541 134 36 genom
473 527 174 49 Sveriges
686 527 318 49 Regeringsform,
1037 523 20 50 $
1088 530 57 37 14,
1174 527 68 37 och
1271 527 144 49 Norges
1445 527 205 49 Grundlov,
1678 524 20 49 $
1727 530 59 43 25,

181 578 273 38 tillförsäkrade
505 583 61 32 rätt
607 583 52 32 att
691 578 78 37 föra
797 578 134 48 högsta
961 578 133 38 befälet
1122 579 102 37 öfver
1250 578 123 50 begge
1400 579 150 37 rikenas
1578 579 209 49 krigsmakt

182 634 39 34 så
262 630 55 38 till
353 630 108 37 lands
490 643 78 23 som
602 630 88 49 sjög,
719 630 68 37 och
815 643 79 23 som
922 635 44 32 än
995 631 143 36 mindre
1167 632 74 34 står
1268 630 12 37 i
1308 631 271 48 sammanhang
1606 630 83 38 med
1716 630 69 37 den

181 683 41 35 af
257 682 228 35 motionären
519 682 138 47 jemväl
700 681 153 35 berörda
890 682 124 46 frågan
1045 696 58 20 om
1136 681 364 46 Untonskontingens
1528 687 157 31 vetorätt
1712 689 74 28 mot

181 731 479 51 grundlagsförändringar.

314 783 133 49 Villigt
475 782 181 38 erkänner
683 783 186 37 Utskottet
901 783 299 37 önskvärdheten
1230 783 112 47 deraf,
1371 789 51 31 att
1452 782 240 50 fullständiga
1720 783 67 37 och

180 848 220 36 noggranna
445 834 277 36 bestämmelser
762 836 111 34 måtte
909 834 139 36 införas
1088 835 12 35 1
1127 834 323 49 wmonsfördraget
1480 834 193 49 angående
1700 835 86 35 flera

180 886 56 36 för
262 885 183 37 unionens
471 885 224 37 fortfarande
724 884 156 37 bestånd
908 885 68 35 och
1003 885 44 36 de
1075 885 173 36 förenade
1275 885 150 36 rikenas
1452 885 156 49 fredliga
1636 885 151 37 utveck-

180 937 81 49 ling
302 936 240 50 symerligen
584 936 147 48 vigtiga
772 936 134 49 frågor,
948 936 220 37 hvaribland
1208 936 12 36 i
1263 937 149 36 främsta
1444 942 157 31 rummet
1630 935 71 38 den
1729 950 59 23 om

181 979 205 46 ordnandet
415 987 39 37 af
476 983 52 41 ett
556 987 55 37 för
624 966 151 79 begge
788 965 176 59 Ban
992 996 244 38 gemensamt,
1255 987 79 36 fullt
1352 987 261 49 betryggande
1633 987 154 45 försvar,

182 1053 78 23 som
302 1039 41 37 af
373 1039 209 48 Kouungen
615 1038 123 37 kunde
766 1038 10 36 i
808 1038 125 37 farans
962 1017 112 58 stund
1102 1038 133 37 snabbt
1264 1038 68 37 och
1359 1039 155 48 kraftigt
1541 1043 111 44 göras
1681 1038 106 36 verk-

182 1096 111 39 samt;
336 1103 83 24 men
461 1090 43 36 då
539 1089 99 37 detta
670 1090 214 35 förutsätter
916 1090 31 49 ej
979 1089 168 47 allenast,
1175 1089 90 37 efter
1292 1089 100 37 hvad
1418 1089 227 37 motionären
1675 1103 112 35 synes

181 1150 149 40 antaga,
371 1141 202 55 ändringar
612 1141 11 35 i
665 1140 125 37 norska
844 1141 248 48 grundlagen,
1120 1146 86 31 utan
1237 1142 109 55 äfven
1373 1140 217 49 förändring
1617 1140 40 37 af
1679 1140 108 37 Riks-

181 1192 112 37 akten
322 1171 78 57 och
442 1190 12 37 i
495 1174 272 65 sammanhang
799 1170 150 57 dermed
976 1170 180 69 möjligen
1184 1191 105 36 äfven
1319 1190 12 37 1
1360 1191 174 47 Sveriges
1562 1170 226 70 Regerings-

180 1243 105 44 form,
314 1245 39 34 så
381 1255 109 23 anser
518 1242 60 49 sig
604 1216 204 77 Utskottet,
836 1242 83 36 med
946 1242 148 49 hänsyn
1116 1242 141 49 jemväl
1285 1242 121 36 dertill
1433 1247 53 31 att
1504 1242 283 48 ifrågavarande

180 1294 139 37 motion
359 1292 109 38 berör
510 1293 132 49 frågor,
685 1307 78 22 som
797 1292 84 37 falla
911 1293 118 36 under
1057 1293 236 48 Riksdagens
1321 1271 467 59 Konstitutions-Utskotts

181 1344 194 62 pröfning,
396 1343 82 38 icke
506 1343 125 38 kunna
660 1343 201 50 tillstyrka,
890 1348 52 33 att
971 1343 219 38 hemställan
1198 1323 98 58 ”från
1327 1343 237 58 Riksdagens
1581 1343 79 37 sida
1678 1348 110 45 göres

181 1409 58 23 om
267 1408 46 24 en
342 1398 39 34 så
409 1393 150 51 ensidig
585 1394 231 50 behandling
843 1395 40 36 af
905 1394 107 38 dessa
1045 1395 52 36 för
1117 1395 122 49 begge
1258 1394 176 38 länderna
1449 1395 147 50 vigtiga
1615 1394 172 45 ärenden,

181 1460 79 23 som
300 1446 228 36 motionären
569 1446 206 49 ifrågasatt,
808 1446 189 49 nemligen
1029 1446 93 36 blott
1151 1446 68 37 och
1248 1445 81 37 bart
1357 1460 43 22 on
1431 1424 275 70 framställning
1732 1425 56 57 till

182 1497 144 50 Norges
355 1496 204 50 Storthing.

319 1548 43 37 På
392 1547 124 50 erund
543 1548 109 37 häraf
673 1547 213 37 hemställer
914 1548 203 48 Utskottet,

684 1605 52 30 att
767 1599 92 36 Herr
887 1599 198 49 Nyströms
1112 1598 242 37 förevarande
1386 1599 137 36 motion
1555 1598 81 37 icke
1655 1601 57 33 må
1731 1597 57 38 till

582 1652 125 43 någon
737 1649 235 50 Riksdagens
1000 1649 132 49 åtgärd
1161 1649 196 38 föranleda.

631 1688 7 9 Dy

315 1750 213 37 Stockholm
558 1750 70 37 den
662 1753 41 34 18
732 1750 100 37 Mars
864 1752 104 35 1885.

751 1835 47 37 På
826 1836 212 37 Utskottets
1069 1840 154 45 vägnar:

787 1915 40 33 D.
862 1914 318 34 NORDLANDER.

821 2043 315 41 Reservation:

314 2149 41 36 af
377 2148 169 37 Friherre
580 2149 138 36 fricson
748 2153 96 32 emot
872 2148 211 38 Utskottets
1111 2149 234 48 motivering.

601 2357 170 28 Stockholm,
792 2341 71 41 John
880 2337 166 57 Björkmans
1069 2338 189 57 boktryckeri,
1280 2358 71 25 1885.
