<?xml version="1.0" encoding="UTF-8"?>
<alto xmlns="http://www.loc.gov/standards/alto/ns-v3#" xmlns:xlink="http://www.w3.org/1999/xlink" xmlns:xsi="http://www.w3.org/2001/XMLSchema-instance" xsi:schemaLocation="http://www.loc.gov/standards/alto/ns-v3# http://www.loc.gov/alto/v3/alto-3-0.xsd">
	<Description>
		<MeasurementUnit>pixel</MeasurementUnit>
		<sourceImageInformation>
			<fileName>/tmp/tess_hs5bfcxq_input.PNG</fileName>
		</sourceImageInformation>
		<OCRProcessing ID="OCR_0">
			<ocrProcessingStep>
				<processingSoftware>
					<softwareName>tesseract 5.3.0</softwareName>
				</processingSoftware>
			</ocrProcessingStep>
		</OCRProcessing>
	</Description>
	<Layout>
		<Page WIDTH="2250" HEIGHT="2638" PHYSICAL_IMG_NR="0" ID="page_0">
			<PrintSpace HPOS="0" VPOS="0" WIDTH="2250" HEIGHT="2638">
				<ComposedBlock ID="cblock_0" HPOS="453" VPOS="158" WIDTH="1053" HEIGHT="33">
					<TextBlock ID="block_0" HPOS="453" VPOS="158" WIDTH="1053" HEIGHT="33">
						<TextLine ID="line_0" HPOS="453" VPOS="158" WIDTH="1053" HEIGHT="33">
							<String ID="string_0" HPOS="453" VPOS="159" WIDTH="41" HEIGHT="32" WC="0.96" CONTENT="22"/><SP WIDTH="421" VPOS="159" HPOS="494"/>
							<String ID="string_1" HPOS="915" VPOS="158" WIDTH="277" HEIGHT="33" WC="0.91" CONTENT="Bankoutskottets"/><SP WIDTH="22" VPOS="158" HPOS="1192"/>
							<String ID="string_2" HPOS="1214" VPOS="159" WIDTH="166" HEIGHT="32" WC="0.96" CONTENT="memorial"/><SP WIDTH="22" VPOS="159" HPOS="1380"/>
							<String ID="string_3" HPOS="1402" VPOS="158" WIDTH="53" HEIGHT="33" WC="0.92" CONTENT="Nr"/><SP WIDTH="21" VPOS="158" HPOS="1455"/>
							<String ID="string_4" HPOS="1476" VPOS="159" WIDTH="30" HEIGHT="31" WC="0.96" CONTENT="2."/>
						</TextLine>
					</TextBlock>
				</ComposedBlock>
				<ComposedBlock ID="cblock_1" HPOS="790" VPOS="406" WIDTH="833" HEIGHT="45">
					<TextBlock ID="block_1" HPOS="790" VPOS="406" WIDTH="833" HEIGHT="45">
						<TextLine ID="line_1" HPOS="790" VPOS="406" WIDTH="833" HEIGHT="45">
							<String ID="string_5" HPOS="790" VPOS="408" WIDTH="327" HEIGHT="34" WC="0.75" CONTENT="Skövde—Axvalls"/><SP WIDTH="18" VPOS="408" HPOS="1117"/>
							<String ID="string_6" HPOS="1135" VPOS="408" WIDTH="394" HEIGHT="43" WC="0.90" CONTENT="järnvägsaktiebolags"/><SP WIDTH="23" VPOS="408" HPOS="1529"/>
							<String ID="string_7" HPOS="1552" VPOS="406" WIDTH="71" HEIGHT="34" WC="0.95" CONTENT="lån."/>
						</TextLine>
					</TextBlock>
				</ComposedBlock>
				<ComposedBlock ID="cblock_2" HPOS="408" VPOS="547" WIDTH="1602" HEIGHT="317">
					<TextBlock ID="block_2" HPOS="408" VPOS="547" WIDTH="1602" HEIGHT="201">
						<TextLine ID="line_2" HPOS="537" VPOS="547" WIDTH="1470" HEIGHT="57">
							<String ID="string_8" HPOS="537" VPOS="547" WIDTH="35" HEIGHT="45" WC="0.92" CONTENT="Å"/><SP WIDTH="43" VPOS="547" HPOS="572"/>
							<String ID="string_9" HPOS="615" VPOS="556" WIDTH="101" HEIGHT="37" WC="0.91" CONTENT="detta"/><SP WIDTH="27" VPOS="556" HPOS="716"/>
							<String ID="string_10" HPOS="743" VPOS="557" WIDTH="73" HEIGHT="47" WC="0.96" CONTENT="lån,"/><SP WIDTH="30" VPOS="557" HPOS="816"/>
							<String ID="string_11" HPOS="846" VPOS="555" WIDTH="298" HEIGHT="49" WC="0.93" CONTENT="ursprungligen"/><SP WIDTH="28" VPOS="555" HPOS="1144"/>
							<String ID="string_12" HPOS="1172" VPOS="556" WIDTH="164" HEIGHT="47" WC="0.92" CONTENT="369,000"/><SP WIDTH="29" VPOS="556" HPOS="1336"/>
							<String ID="string_13" HPOS="1365" VPOS="555" WIDTH="149" HEIGHT="46" WC="0.96" CONTENT="kronor,"/><SP WIDTH="28" VPOS="555" HPOS="1514"/>
							<String ID="string_14" HPOS="1542" VPOS="568" WIDTH="117" HEIGHT="23" WC="0.96" CONTENT="varav"/><SP WIDTH="24" VPOS="568" HPOS="1659"/>
							<String ID="string_15" HPOS="1683" VPOS="555" WIDTH="155" HEIGHT="48" WC="0.96" CONTENT="jämlikt"/><SP WIDTH="28" VPOS="555" HPOS="1838"/>
							<String ID="string_16" HPOS="1866" VPOS="555" WIDTH="141" HEIGHT="49" WC="0.96" CONTENT="Kungl."/>
						</TextLine>
						<TextLine ID="line_3" HPOS="408" VPOS="606" WIDTH="1601" HEIGHT="51">
							<String ID="string_17" HPOS="408" VPOS="608" WIDTH="127" HEIGHT="49" WC="0.96" CONTENT="Maj:ts"/><SP WIDTH="36" VPOS="608" HPOS="535"/>
							<String ID="string_18" HPOS="571" VPOS="608" WIDTH="124" HEIGHT="37" WC="0.95" CONTENT="beslut"/><SP WIDTH="39" VPOS="608" HPOS="695"/>
							<String ID="string_19" HPOS="734" VPOS="621" WIDTH="62" HEIGHT="23" WC="0.92" CONTENT="om"/><SP WIDTH="27" VPOS="621" HPOS="796"/>
							<String ID="string_20" HPOS="823" VPOS="608" WIDTH="121" HEIGHT="36" WC="0.92" CONTENT="lånets"/><SP WIDTH="28" VPOS="608" HPOS="944"/>
							<String ID="string_21" HPOS="972" VPOS="607" WIDTH="247" HEIGHT="49" WC="0.95" CONTENT="nedsättning"/><SP WIDTH="28" VPOS="607" HPOS="1219"/>
							<String ID="string_22" HPOS="1247" VPOS="607" WIDTH="54" HEIGHT="36" WC="0.93" CONTENT="till"/><SP WIDTH="29" VPOS="607" HPOS="1301"/>
							<String ID="string_23" HPOS="1330" VPOS="606" WIDTH="367" HEIGHT="50" WC="0.91" CONTENT="riksgäldskontoret"/><SP WIDTH="28" VPOS="606" HPOS="1697"/>
							<String ID="string_24" HPOS="1725" VPOS="607" WIDTH="284" HEIGHT="36" WC="0.92" CONTENT="återlevererats"/>
						</TextLine>
						<TextLine ID="line_4" HPOS="411" VPOS="658" WIDTH="1599" HEIGHT="50">
							<String ID="string_25" HPOS="411" VPOS="660" WIDTH="112" HEIGHT="47" WC="0.92" CONTENT="5,500"/><SP WIDTH="28" VPOS="660" HPOS="523"/>
							<String ID="string_26" HPOS="551" VPOS="660" WIDTH="151" HEIGHT="47" WC="0.96" CONTENT="kronor,"/><SP WIDTH="29" VPOS="660" HPOS="702"/>
							<String ID="string_27" HPOS="731" VPOS="659" WIDTH="121" HEIGHT="37" WC="0.93" CONTENT="skulle"/><SP WIDTH="28" VPOS="659" HPOS="852"/>
							<String ID="string_28" HPOS="880" VPOS="662" WIDTH="21" HEIGHT="33" WC="0.92" CONTENT="å"/><SP WIDTH="28" VPOS="662" HPOS="901"/>
							<String ID="string_29" HPOS="929" VPOS="659" WIDTH="233" HEIGHT="37" WC="0.93" CONTENT="återstående"/><SP WIDTH="26" VPOS="659" HPOS="1162"/>
							<String ID="string_30" HPOS="1188" VPOS="658" WIDTH="262" HEIGHT="50" WC="0.91" CONTENT="lånebeloppet"/><SP WIDTH="19" VPOS="658" HPOS="1450"/>
							<String ID="string_31" HPOS="1469" VPOS="659" WIDTH="165" HEIGHT="46" WC="0.90" CONTENT="363,500"/><SP WIDTH="20" VPOS="659" HPOS="1634"/>
							<String ID="string_32" HPOS="1654" VPOS="658" WIDTH="140" HEIGHT="37" WC="0.96" CONTENT="kronor"/><SP WIDTH="18" VPOS="658" HPOS="1794"/>
							<String ID="string_33" HPOS="1812" VPOS="658" WIDTH="65" HEIGHT="37" WC="0.96" CONTENT="vid"/><SP WIDTH="20" VPOS="658" HPOS="1877"/>
							<String ID="string_34" HPOS="1897" VPOS="658" WIDTH="113" HEIGHT="37" WC="0.96" CONTENT="slutet"/>
						</TextLine>
						<TextLine ID="line_5" HPOS="409" VPOS="710" WIDTH="1583" HEIGHT="47">
							<String ID="string_35" HPOS="409" VPOS="725" WIDTH="48" HEIGHT="23" WC="0.96" CONTENT="av"/><SP WIDTH="28" VPOS="725" HPOS="457"/>
							<String ID="string_36" HPOS="485" VPOS="713" WIDTH="40" HEIGHT="34" WC="0.96" CONTENT="år"/><SP WIDTH="30" VPOS="713" HPOS="525"/>
							<String ID="string_37" HPOS="555" VPOS="712" WIDTH="98" HEIGHT="36" WC="0.93" CONTENT="1905"/><SP WIDTH="29" VPOS="712" HPOS="653"/>
							<String ID="string_38" HPOS="682" VPOS="710" WIDTH="179" HEIGHT="38" WC="0.91" CONTENT="inbetalts"/><SP WIDTH="30" VPOS="710" HPOS="861"/>
							<String ID="string_39" HPOS="891" VPOS="711" WIDTH="172" HEIGHT="36" WC="0.96" CONTENT="förfallen"/><SP WIDTH="28" VPOS="711" HPOS="1063"/>
							<String ID="string_40" HPOS="1091" VPOS="715" WIDTH="121" HEIGHT="32" WC="0.96" CONTENT="ränta."/><SP WIDTH="335" VPOS="715" HPOS="1212"/>
							<String ID="string_41" HPOS="1547" VPOS="742" WIDTH="5" HEIGHT="4" WC="0.40" CONTENT="-"/><SP WIDTH="31" VPOS="742" HPOS="1552"/>
							<String ID="string_42" HPOS="1583" VPOS="710" WIDTH="142" HEIGHT="37" WC="0.81" CONTENT="kronor"/><SP WIDTH="56" VPOS="710" HPOS="1725"/>
							<String ID="string_43" HPOS="1781" VPOS="712" WIDTH="149" HEIGHT="45" WC="0.47" CONTENT="16,181:"/><SP WIDTH="20" VPOS="712" HPOS="1930"/>
							<String ID="string_44" HPOS="1950" VPOS="720" WIDTH="42" HEIGHT="26" WC="0.96" CONTENT="25"/>
						</TextLine>
					</TextBlock>
					<TextBlock ID="block_3" HPOS="409" VPOS="762" WIDTH="1588" HEIGHT="102">
						<TextLine ID="line_6" HPOS="537" VPOS="762" WIDTH="1014" HEIGHT="38">
							<String ID="string_45" HPOS="537" VPOS="763" WIDTH="71" HEIGHT="36" WC="0.96" CONTENT="och"/><SP WIDTH="27" VPOS="763" HPOS="608"/>
							<String ID="string_46" HPOS="635" VPOS="763" WIDTH="64" HEIGHT="36" WC="0.96" CONTENT="vid"/><SP WIDTH="28" VPOS="763" HPOS="699"/>
							<String ID="string_47" HPOS="727" VPOS="762" WIDTH="113" HEIGHT="38" WC="0.96" CONTENT="slutet"/><SP WIDTH="28" VPOS="762" HPOS="840"/>
							<String ID="string_48" HPOS="868" VPOS="776" WIDTH="48" HEIGHT="23" WC="0.96" CONTENT="av"/><SP WIDTH="26" VPOS="776" HPOS="916"/>
							<String ID="string_49" HPOS="942" VPOS="768" WIDTH="82" HEIGHT="31" WC="0.96" CONTENT="vart"/><SP WIDTH="29" VPOS="768" HPOS="1024"/>
							<String ID="string_50" HPOS="1053" VPOS="776" WIDTH="47" HEIGHT="22" WC="0.96" CONTENT="av"/><SP WIDTH="19" VPOS="776" HPOS="1100"/>
							<String ID="string_51" HPOS="1119" VPOS="765" WIDTH="89" HEIGHT="33" WC="0.93" CONTENT="åren"/><SP WIDTH="23" VPOS="765" HPOS="1208"/>
							<String ID="string_52" HPOS="1231" VPOS="742" WIDTH="273" HEIGHT="57" WC="0.78" CONTENT="1906—1915"/><SP WIDTH="1" VPOS="742" HPOS="1504"/>
							<String ID="string_53" HPOS="1505" VPOS="775" WIDTH="46" HEIGHT="24" WC="0.96" CONTENT="en"/>
						</TextLine>
						<TextLine ID="line_7" HPOS="409" VPOS="813" WIDTH="1588" HEIGHT="51">
							<String ID="string_54" HPOS="409" VPOS="815" WIDTH="168" HEIGHT="36" WC="0.90" CONTENT="annuitet"/><SP WIDTH="19" VPOS="815" HPOS="577"/>
							<String ID="string_55" HPOS="596" VPOS="828" WIDTH="48" HEIGHT="23" WC="0.96" CONTENT="av"/><SP WIDTH="21" VPOS="828" HPOS="644"/>
							<String ID="string_56" HPOS="665" VPOS="816" WIDTH="21" HEIGHT="35" WC="0.97" CONTENT="5"/><SP WIDTH="15" VPOS="816" HPOS="686"/>
							<String ID="string_57" HPOS="701" VPOS="820" WIDTH="156" HEIGHT="44" WC="0.96" CONTENT="procent"/><SP WIDTH="15" VPOS="820" HPOS="857"/>
							<String ID="string_58" HPOS="872" VPOS="814" WIDTH="90" HEIGHT="37" WC="0.93" CONTENT="eller"/><SP WIDTH="18" VPOS="814" HPOS="962"/>
							<String ID="string_59" HPOS="980" VPOS="816" WIDTH="135" HEIGHT="45" WC="0.89" CONTENT="18,175"/><SP WIDTH="17" VPOS="816" HPOS="1115"/>
							<String ID="string_60" HPOS="1132" VPOS="814" WIDTH="150" HEIGHT="47" WC="0.96" CONTENT="kronor,"/><SP WIDTH="17" VPOS="814" HPOS="1282"/>
							<String ID="string_61" HPOS="1299" VPOS="813" WIDTH="251" HEIGHT="37" WC="0.26" CONTENT="tillsammans"/><SP WIDTH="93" VPOS="813" HPOS="1550"/>
							<String ID="string_62" HPOS="1643" VPOS="826" WIDTH="18" HEIGHT="23" WC="0.0" CONTENT=" »"/><SP WIDTH="42" VPOS="826" HPOS="1661"/>
							<String ID="string_63" HPOS="1703" VPOS="809" WIDTH="26" HEIGHT="59" WC="0.0" CONTENT="-"/><SP WIDTH="26" VPOS="809" HPOS="1729"/>
							<String ID="string_64" HPOS="1755" VPOS="815" WIDTH="175" HEIGHT="46" WC="0.41" CONTENT="181,750:"/><SP WIDTH="17" VPOS="815" HPOS="1930"/>
							<String ID="string_65" HPOS="1947" VPOS="835" WIDTH="50" HEIGHT="4" WC="0.41" CONTENT="—"/>
						</TextLine>
					</TextBlock>
				</ComposedBlock>
				<ComposedBlock ID="cblock_3" HPOS="1583" VPOS="883" WIDTH="410" HEIGHT="47">
					<TextBlock ID="block_4" HPOS="1583" VPOS="883" WIDTH="410" HEIGHT="47">
						<TextLine ID="line_8" HPOS="1583" VPOS="883" WIDTH="410" HEIGHT="47">
							<String ID="string_66" HPOS="1583" VPOS="883" WIDTH="141" HEIGHT="36" WC="0.93" CONTENT="kronor"/><SP WIDTH="30" VPOS="883" HPOS="1724"/>
							<String ID="string_67" HPOS="1754" VPOS="884" WIDTH="177" HEIGHT="46" WC="0.91" CONTENT="197,931:"/><SP WIDTH="20" VPOS="884" HPOS="1931"/>
							<String ID="string_68" HPOS="1951" VPOS="891" WIDTH="42" HEIGHT="27" WC="0.96" CONTENT="25"/>
						</TextLine>
					</TextBlock>
				</ComposedBlock>
				<GraphicalElement ID="cblock_4" HPOS="1411" VPOS="866" WIDTH="168" HEIGHT="4"></GraphicalElement >
				<GraphicalElement ID="cblock_5" HPOS="1410" VPOS="988" WIDTH="93" HEIGHT="3"></GraphicalElement >
				<ComposedBlock ID="cblock_6" HPOS="409" VPOS="934" WIDTH="1584" HEIGHT="116">
					<TextBlock ID="block_5" HPOS="409" VPOS="934" WIDTH="1584" HEIGHT="107">
						<TextLine ID="line_9" HPOS="537" VPOS="934" WIDTH="1456" HEIGHT="51">
							<String ID="string_69" HPOS="537" VPOS="935" WIDTH="120" HEIGHT="37" WC="0.96" CONTENT="vilket"/><SP WIDTH="27" VPOS="935" HPOS="657"/>
							<String ID="string_70" HPOS="684" VPOS="934" WIDTH="136" HEIGHT="51" WC="0.96" CONTENT="belopp"/><SP WIDTH="24" VPOS="934" HPOS="820"/>
							<String ID="string_71" HPOS="844" VPOS="935" WIDTH="121" HEIGHT="49" WC="0.93" CONTENT="jämte"/><SP WIDTH="21" VPOS="935" HPOS="965"/>
							<String ID="string_72" HPOS="986" VPOS="939" WIDTH="199" HEIGHT="32" WC="0.92" CONTENT="överränta"/><SP WIDTH="20" VPOS="939" HPOS="1185"/>
							<String ID="string_73" HPOS="1205" VPOS="934" WIDTH="56" HEIGHT="37" WC="0.96" CONTENT="till"/><SP WIDTH="23" VPOS="934" HPOS="1261"/>
							<String ID="string_74" HPOS="1284" VPOS="936" WIDTH="98" HEIGHT="35" WC="0.96" CONTENT="1915"/><SP WIDTH="21" VPOS="936" HPOS="1382"/>
							<String ID="string_75" HPOS="1403" VPOS="937" WIDTH="59" HEIGHT="34" WC="0.96" CONTENT="års"/><SP WIDTH="19" VPOS="937" HPOS="1462"/>
							<String ID="string_76" HPOS="1481" VPOS="935" WIDTH="74" HEIGHT="36" WC="0.87" CONTENT="slut"/><SP WIDTH="40" VPOS="935" HPOS="1555"/>
							<String ID="string_77" HPOS="1595" VPOS="930" WIDTH="19" HEIGHT="59" WC="0.30" CONTENT="—"/><SP WIDTH="28" VPOS="930" HPOS="1614"/>
							<String ID="string_78" HPOS="1642" VPOS="947" WIDTH="18" HEIGHT="23" WC="0.92" CONTENT="»"/><SP WIDTH="118" VPOS="947" HPOS="1660"/>
							<String ID="string_79" HPOS="1778" VPOS="935" WIDTH="153" HEIGHT="45" WC="0.91" CONTENT="48,984:"/><SP WIDTH="20" VPOS="935" HPOS="1931"/>
							<String ID="string_80" HPOS="1951" VPOS="944" WIDTH="42" HEIGHT="26" WC="0.96" CONTENT="35"/>
						</TextLine>
						<TextLine ID="line_10" HPOS="409" VPOS="1004" WIDTH="1584" HEIGHT="46">
							<String ID="string_81" HPOS="409" VPOS="1004" WIDTH="89" HEIGHT="37" WC="0.96" CONTENT="eller"/><SP WIDTH="27" VPOS="1004" HPOS="498"/>
							<String ID="string_82" HPOS="525" VPOS="1005" WIDTH="269" HEIGHT="36" WC="0.93" CONTENT="tillsammans"/><SP WIDTH="-19" VPOS="1005" HPOS="794"/>
							<String ID="string_83" HPOS="775" VPOS="1000" WIDTH="22" HEIGHT="57" WC="0.93" CONTENT="."/><SP WIDTH="788" VPOS="1000" HPOS="797"/>
							<String ID="string_84" HPOS="1585" VPOS="1005" WIDTH="140" HEIGHT="35" WC="0.92" CONTENT="kronor"/><SP WIDTH="27" VPOS="1005" HPOS="1725"/>
							<String ID="string_85" HPOS="1752" VPOS="1005" WIDTH="177" HEIGHT="45" WC="0.92" CONTENT="246,915:"/><SP WIDTH="22" VPOS="1005" HPOS="1929"/>
							<String ID="string_86" HPOS="1951" VPOS="1013" WIDTH="42" HEIGHT="26" WC="0.96" CONTENT="60"/>
						</TextLine>
					</TextBlock>
				</ComposedBlock>
				<ComposedBlock ID="cblock_7" HPOS="408" VPOS="1034" WIDTH="1600" HEIGHT="283">
					<TextBlock ID="block_6" HPOS="536" VPOS="1034" WIDTH="1471" HEIGHT="173">
						<TextLine ID="line_11" HPOS="536" VPOS="1034" WIDTH="1407" HEIGHT="85">
							<String ID="string_87" HPOS="536" VPOS="1055" WIDTH="179" HEIGHT="64" WC="0.95" CONTENT="utgjorde"/><SP WIDTH="27" VPOS="1055" HPOS="715"/>
							<String ID="string_88" HPOS="742" VPOS="1034" WIDTH="389" HEIGHT="84" WC="0.91" CONTENT="riksgäldskontorets"/><SP WIDTH="21" VPOS="1034" HPOS="1131"/>
							<String ID="string_89" HPOS="1152" VPOS="1035" WIDTH="192" HEIGHT="56" WC="0.96" CONTENT="förfallna"/><SP WIDTH="7" VPOS="1035" HPOS="1344"/>
							<String ID="string_90" HPOS="1351" VPOS="1035" WIDTH="178" HEIGHT="56" WC="0.96" CONTENT="fordran"/><SP WIDTH="9" VPOS="1035" HPOS="1529"/>
							<String ID="string_91" HPOS="1538" VPOS="1036" WIDTH="73" HEIGHT="55" WC="0.96" CONTENT="vid"/><SP WIDTH="31" VPOS="1036" HPOS="1611"/>
							<String ID="string_92" HPOS="1642" VPOS="1056" WIDTH="97" HEIGHT="35" WC="0.96" CONTENT="1915"/><SP WIDTH="30" VPOS="1056" HPOS="1739"/>
							<String ID="string_93" HPOS="1769" VPOS="1057" WIDTH="59" HEIGHT="34" WC="0.95" CONTENT="års"/><SP WIDTH="29" VPOS="1057" HPOS="1828"/>
							<String ID="string_94" HPOS="1857" VPOS="1054" WIDTH="86" HEIGHT="37" WC="0.95" CONTENT="slut."/>
						</TextLine>
						<TextLine ID="line_12" HPOS="536" VPOS="1106" WIDTH="1471" HEIGHT="49">
							<String ID="string_95" HPOS="536" VPOS="1108" WIDTH="130" HEIGHT="37" WC="0.96" CONTENT="Under"/><SP WIDTH="36" VPOS="1108" HPOS="666"/>
							<String ID="string_96" HPOS="702" VPOS="1110" WIDTH="40" HEIGHT="33" WC="0.96" CONTENT="år"/><SP WIDTH="39" VPOS="1110" HPOS="742"/>
							<String ID="string_97" HPOS="781" VPOS="1108" WIDTH="97" HEIGHT="35" WC="0.95" CONTENT="1915"/><SP WIDTH="39" VPOS="1108" HPOS="878"/>
							<String ID="string_98" HPOS="917" VPOS="1108" WIDTH="67" HEIGHT="35" WC="0.95" CONTENT="har"/><SP WIDTH="34" VPOS="1108" HPOS="984"/>
							<String ID="string_99" HPOS="1018" VPOS="1109" WIDTH="128" HEIGHT="46" WC="0.96" CONTENT="någon"/><SP WIDTH="27" VPOS="1109" HPOS="1146"/>
							<String ID="string_100" HPOS="1173" VPOS="1106" WIDTH="239" HEIGHT="49" WC="0.93" CONTENT="inbetalning"/><SP WIDTH="28" VPOS="1106" HPOS="1412"/>
							<String ID="string_101" HPOS="1440" VPOS="1109" WIDTH="20" HEIGHT="34" WC="0.89" CONTENT="å"/><SP WIDTH="27" VPOS="1109" HPOS="1460"/>
							<String ID="string_102" HPOS="1487" VPOS="1106" WIDTH="103" HEIGHT="37" WC="0.96" CONTENT="detta"/><SP WIDTH="27" VPOS="1106" HPOS="1590"/>
							<String ID="string_103" HPOS="1617" VPOS="1107" WIDTH="62" HEIGHT="36" WC="0.96" CONTENT="lån"/><SP WIDTH="28" VPOS="1107" HPOS="1679"/>
							<String ID="string_104" HPOS="1707" VPOS="1106" WIDTH="83" HEIGHT="37" WC="0.96" CONTENT="icke"/><SP WIDTH="29" VPOS="1106" HPOS="1790"/>
							<String ID="string_105" HPOS="1819" VPOS="1110" WIDTH="67" HEIGHT="45" WC="0.96" CONTENT="ägt"/><SP WIDTH="27" VPOS="1110" HPOS="1886"/>
							<String ID="string_106" HPOS="1913" VPOS="1119" WIDTH="94" HEIGHT="23" WC="0.95" CONTENT="rum."/>
						</TextLine>
						<TextLine ID="line_13" HPOS="536" VPOS="1158" WIDTH="1015" HEIGHT="88">
							<String ID="string_107" HPOS="536" VPOS="1159" WIDTH="74" HEIGHT="37" WC="0.96" CONTENT="Vid"/><SP WIDTH="32" VPOS="1159" HPOS="610"/>
							<String ID="string_108" HPOS="642" VPOS="1160" WIDTH="97" HEIGHT="35" WC="0.96" CONTENT="1914"/><SP WIDTH="28" VPOS="1160" HPOS="739"/>
							<String ID="string_109" HPOS="767" VPOS="1161" WIDTH="59" HEIGHT="34" WC="0.96" CONTENT="års"/><SP WIDTH="28" VPOS="1161" HPOS="826"/>
							<String ID="string_110" HPOS="854" VPOS="1159" WIDTH="75" HEIGHT="36" WC="0.96" CONTENT="slut"/><SP WIDTH="23" VPOS="1159" HPOS="929"/>
							<String ID="string_111" HPOS="952" VPOS="1158" WIDTH="182" HEIGHT="88" WC="0.94" CONTENT="utgjorde"/><SP WIDTH="29" VPOS="1158" HPOS="1134"/>
							<String ID="string_112" HPOS="1163" VPOS="1158" WIDTH="388" HEIGHT="48" WC="0.92" CONTENT="riksgäldskontorets"/>
						</TextLine>
					</TextBlock>
					<TextBlock ID="block_7" HPOS="408" VPOS="1210" WIDTH="1600" HEIGHT="107">
						<TextLine ID="line_14" HPOS="408" VPOS="1210" WIDTH="1143" HEIGHT="47">
							<String ID="string_113" HPOS="408" VPOS="1210" WIDTH="174" HEIGHT="37" WC="0.96" CONTENT="förfallna"/><SP WIDTH="30" VPOS="1210" HPOS="582"/>
							<String ID="string_114" HPOS="612" VPOS="1210" WIDTH="188" HEIGHT="37" WC="0.27" CONTENT="fordran"/><SP WIDTH="94" VPOS="1210" HPOS="800"/>
							<String ID="string_115" HPOS="894" VPOS="1242" WIDTH="37" HEIGHT="4" WC="0.27" CONTENT="............."/><SP WIDTH="182" VPOS="1242" HPOS="931"/>
							<String ID="string_116" HPOS="1113" VPOS="1241" WIDTH="4" HEIGHT="4" WC="0.16" CONTENT="-"/><SP WIDTH="31" VPOS="1241" HPOS="1117"/>
							<String ID="string_117" HPOS="1148" VPOS="1210" WIDTH="138" HEIGHT="36" WC="0.93" CONTENT="kronor"/><SP WIDTH="32" VPOS="1210" HPOS="1286"/>
							<String ID="string_118" HPOS="1318" VPOS="1211" WIDTH="172" HEIGHT="46" WC="0.91" CONTENT="179,756:"/><SP WIDTH="19" VPOS="1211" HPOS="1490"/>
							<String ID="string_119" HPOS="1509" VPOS="1220" WIDTH="42" HEIGHT="26" WC="0.96" CONTENT="25"/>
						</TextLine>
						<TextLine ID="line_15" HPOS="534" VPOS="1235" WIDTH="1474" HEIGHT="82">
							<String ID="string_120" HPOS="534" VPOS="1262" WIDTH="121" HEIGHT="49" WC="0.96" CONTENT="jämte"/><SP WIDTH="29" VPOS="1262" HPOS="655"/>
							<String ID="string_121" HPOS="684" VPOS="1242" WIDTH="198" HEIGHT="57" WC="0.91" CONTENT="överränta"/><SP WIDTH="34" VPOS="1242" HPOS="882"/>
							<String ID="string_122" HPOS="916" VPOS="1292" WIDTH="156" HEIGHT="6" WC="0.8" CONTENT="TR."/><SP WIDTH="20" VPOS="1292" HPOS="1072"/>
							<String ID="string_123" HPOS="1092" VPOS="1293" WIDTH="28" HEIGHT="5" WC="0.19" CONTENT="va"/><SP WIDTH="91" VPOS="1293" HPOS="1120"/>
							<String ID="string_124" HPOS="1211" VPOS="1275" WIDTH="17" HEIGHT="22" WC="0.93" CONTENT="»"/><SP WIDTH="111" VPOS="1275" HPOS="1228"/>
							<String ID="string_125" HPOS="1339" VPOS="1264" WIDTH="60" HEIGHT="44" WC="0.96" CONTENT="39,"/><SP WIDTH="-6" VPOS="1264" HPOS="1399"/>
							<String ID="string_126" HPOS="1393" VPOS="1235" WIDTH="96" HEIGHT="76" WC="0.0" CONTENT="1996:"/><SP WIDTH="21" VPOS="1235" HPOS="1489"/>
							<String ID="string_127" HPOS="1510" VPOS="1271" WIDTH="42" HEIGHT="27" WC="0.95" CONTENT="54"/><SP WIDTH="31" VPOS="1271" HPOS="1552"/>
							<String ID="string_128" HPOS="1583" VPOS="1270" WIDTH="140" HEIGHT="36" WC="0.93" CONTENT="kronor"/><SP WIDTH="29" VPOS="1270" HPOS="1723"/>
							<String ID="string_129" HPOS="1752" VPOS="1271" WIDTH="178" HEIGHT="46" WC="0.90" CONTENT="219,752:"/><SP WIDTH="21" VPOS="1271" HPOS="1930"/>
							<String ID="string_130" HPOS="1951" VPOS="1280" WIDTH="57" HEIGHT="26" WC="0.88" CONTENT="19."/>
						</TextLine>
					</TextBlock>
				</ComposedBlock>
				<ComposedBlock ID="cblock_8" HPOS="643" VPOS="1492" WIDTH="1124" HEIGHT="44">
					<TextBlock ID="block_8" HPOS="643" VPOS="1492" WIDTH="1124" HEIGHT="44">
						<TextLine ID="line_16" HPOS="643" VPOS="1492" WIDTH="1124" HEIGHT="44">
							<String ID="string_131" HPOS="643" VPOS="1492" WIDTH="616" HEIGHT="44" WC="0.80" CONTENT="Landskrona—Kjevlinge—Sjöbo"/><SP WIDTH="20" VPOS="1492" HPOS="1259"/>
							<String ID="string_132" HPOS="1279" VPOS="1492" WIDTH="392" HEIGHT="43" WC="0.91" CONTENT="järnvägsaktiebolags"/><SP WIDTH="24" VPOS="1492" HPOS="1671"/>
							<String ID="string_133" HPOS="1695" VPOS="1493" WIDTH="72" HEIGHT="33" WC="0.96" CONTENT="lån."/>
						</TextLine>
					</TextBlock>
				</ComposedBlock>
				<ComposedBlock ID="cblock_9" HPOS="407" VPOS="1633" WIDTH="1603" HEIGHT="334">
					<TextBlock ID="block_9" HPOS="535" VPOS="1633" WIDTH="1475" HEIGHT="96">
						<TextLine ID="line_17" HPOS="535" VPOS="1633" WIDTH="1475" HEIGHT="96">
							<String ID="string_134" HPOS="535" VPOS="1633" WIDTH="34" HEIGHT="44" WC="0.93" CONTENT="Å"/><SP WIDTH="42" VPOS="1633" HPOS="569"/>
							<String ID="string_135" HPOS="611" VPOS="1641" WIDTH="103" HEIGHT="38" WC="0.96" CONTENT="detta"/><SP WIDTH="39" VPOS="1641" HPOS="714"/>
							<String ID="string_136" HPOS="753" VPOS="1641" WIDTH="75" HEIGHT="49" WC="0.93" CONTENT="lån,"/><SP WIDTH="47" VPOS="1641" HPOS="828"/>
							<String ID="string_137" HPOS="875" VPOS="1643" WIDTH="200" HEIGHT="46" WC="0.88" CONTENT="1,192,000"/><SP WIDTH="-3" VPOS="1643" HPOS="1075"/>
							<String ID="string_138" HPOS="1072" VPOS="1641" WIDTH="194" HEIGHT="88" WC="0.48" CONTENT="kronor,"/><SP WIDTH="32" VPOS="1641" HPOS="1266"/>
							<String ID="string_139" HPOS="1298" VPOS="1640" WIDTH="121" HEIGHT="37" WC="0.96" CONTENT="skulle"/><SP WIDTH="28" VPOS="1640" HPOS="1419"/>
							<String ID="string_140" HPOS="1447" VPOS="1641" WIDTH="63" HEIGHT="36" WC="0.96" CONTENT="vid"/><SP WIDTH="29" VPOS="1641" HPOS="1510"/>
							<String ID="string_141" HPOS="1539" VPOS="1641" WIDTH="116" HEIGHT="36" WC="0.96" CONTENT="slutet"/><SP WIDTH="28" VPOS="1641" HPOS="1655"/>
							<String ID="string_142" HPOS="1683" VPOS="1654" WIDTH="46" HEIGHT="23" WC="0.96" CONTENT="av"/><SP WIDTH="29" VPOS="1654" HPOS="1729"/>
							<String ID="string_143" HPOS="1758" VPOS="1644" WIDTH="39" HEIGHT="33" WC="0.96" CONTENT="år"/><SP WIDTH="31" VPOS="1644" HPOS="1797"/>
							<String ID="string_144" HPOS="1828" VPOS="1642" WIDTH="96" HEIGHT="35" WC="0.91" CONTENT="1907"/><SP WIDTH="30" VPOS="1642" HPOS="1924"/>
							<String ID="string_145" HPOS="1954" VPOS="1642" WIDTH="56" HEIGHT="36" WC="0.91" CONTENT="in-"/>
						</TextLine>
					</TextBlock>
					<TextBlock ID="block_10" HPOS="407" VPOS="1692" WIDTH="1590" HEIGHT="90">
						<TextLine ID="line_18" HPOS="407" VPOS="1692" WIDTH="1590" HEIGHT="48">
							<String ID="string_146" HPOS="407" VPOS="1692" WIDTH="137" HEIGHT="38" WC="0.93" CONTENT="betalts"/><SP WIDTH="27" VPOS="1692" HPOS="544"/>
							<String ID="string_147" HPOS="571" VPOS="1693" WIDTH="175" HEIGHT="37" WC="0.96" CONTENT="förfallen"/><SP WIDTH="27" VPOS="1693" HPOS="746"/>
							<String ID="string_148" HPOS="773" VPOS="1671" WIDTH="139" HEIGHT="59" WC="0.85" CONTENT="ränta"/><SP WIDTH="-22" VPOS="1671" HPOS="912"/>
							<String ID="string_149" HPOS="890" VPOS="1667" WIDTH="25" HEIGHT="78" WC="0.85" CONTENT="."/><SP WIDTH="635" VPOS="1667" HPOS="915"/>
							<String ID="string_150" HPOS="1550" VPOS="1726" WIDTH="4" HEIGHT="2" WC="0.39" CONTENT="-"/><SP WIDTH="31" VPOS="1726" HPOS="1554"/>
							<String ID="string_151" HPOS="1585" VPOS="1692" WIDTH="140" HEIGHT="37" WC="0.90" CONTENT="kronor"/><SP WIDTH="55" VPOS="1692" HPOS="1725"/>
							<String ID="string_152" HPOS="1780" VPOS="1694" WIDTH="150" HEIGHT="46" WC="0.66" CONTENT="35,130:"/><SP WIDTH="17" VPOS="1694" HPOS="1930"/>
							<String ID="string_153" HPOS="1947" VPOS="1715" WIDTH="50" HEIGHT="5" WC="0.90" CONTENT="—"/>
						</TextLine>
						<TextLine ID="line_19" HPOS="536" VPOS="1745" WIDTH="1019" HEIGHT="37">
							<String ID="string_154" HPOS="536" VPOS="1745" WIDTH="71" HEIGHT="37" WC="0.96" CONTENT="och"/><SP WIDTH="27" VPOS="1745" HPOS="607"/>
							<String ID="string_155" HPOS="634" VPOS="1745" WIDTH="64" HEIGHT="37" WC="0.96" CONTENT="vid"/><SP WIDTH="29" VPOS="1745" HPOS="698"/>
							<String ID="string_156" HPOS="727" VPOS="1746" WIDTH="114" HEIGHT="36" WC="0.96" CONTENT="slutet"/><SP WIDTH="29" VPOS="1746" HPOS="841"/>
							<String ID="string_157" HPOS="870" VPOS="1759" WIDTH="46" HEIGHT="23" WC="0.96" CONTENT="av"/><SP WIDTH="4" VPOS="1759" HPOS="916"/>
							<String ID="string_158" HPOS="920" VPOS="1724" WIDTH="131" HEIGHT="58" WC="0.96" CONTENT="vart"/><SP WIDTH="3" VPOS="1724" HPOS="1051"/>
							<String ID="string_159" HPOS="1054" VPOS="1759" WIDTH="46" HEIGHT="22" WC="0.96" CONTENT="av"/><SP WIDTH="26" VPOS="1759" HPOS="1100"/>
							<String ID="string_160" HPOS="1126" VPOS="1748" WIDTH="87" HEIGHT="33" WC="0.93" CONTENT="åren"/><SP WIDTH="-2" VPOS="1748" HPOS="1213"/>
							<String ID="string_161" HPOS="1211" VPOS="1724" WIDTH="309" HEIGHT="57" WC="0.72" CONTENT="1908—1915"/><SP WIDTH="-11" VPOS="1724" HPOS="1520"/>
							<String ID="string_162" HPOS="1509" VPOS="1757" WIDTH="46" HEIGHT="24" WC="0.96" CONTENT="en"/>
						</TextLine>
					</TextBlock>
					<TextBlock ID="block_11" HPOS="407" VPOS="1796" WIDTH="1590" HEIGHT="51">
						<TextLine ID="line_20" HPOS="407" VPOS="1796" WIDTH="1590" HEIGHT="51">
							<String ID="string_163" HPOS="407" VPOS="1797" WIDTH="172" HEIGHT="37" WC="0.92" CONTENT="annuitet"/><SP WIDTH="18" VPOS="1797" HPOS="579"/>
							<String ID="string_164" HPOS="597" VPOS="1810" WIDTH="48" HEIGHT="23" WC="0.96" CONTENT="av"/><SP WIDTH="21" VPOS="1810" HPOS="645"/>
							<String ID="string_165" HPOS="666" VPOS="1799" WIDTH="21" HEIGHT="34" WC="0.96" CONTENT="5"/><SP WIDTH="20" VPOS="1799" HPOS="687"/>
							<String ID="string_166" HPOS="707" VPOS="1803" WIDTH="157" HEIGHT="44" WC="0.96" CONTENT="procent"/><SP WIDTH="15" VPOS="1803" HPOS="864"/>
							<String ID="string_167" HPOS="879" VPOS="1798" WIDTH="91" HEIGHT="36" WC="0.93" CONTENT="eller"/><SP WIDTH="18" VPOS="1798" HPOS="970"/>
							<String ID="string_168" HPOS="988" VPOS="1798" WIDTH="138" HEIGHT="47" WC="0.90" CONTENT="59,600"/><SP WIDTH="15" VPOS="1798" HPOS="1126"/>
							<String ID="string_169" HPOS="1141" VPOS="1797" WIDTH="149" HEIGHT="47" WC="0.96" CONTENT="kronor,"/><SP WIDTH="17" VPOS="1797" HPOS="1290"/>
							<String ID="string_170" HPOS="1307" VPOS="1796" WIDTH="247" HEIGHT="37" WC="0.92" CONTENT="tillsammans"/><SP WIDTH="88" VPOS="1796" HPOS="1554"/>
							<String ID="string_171" HPOS="1642" VPOS="1809" WIDTH="18" HEIGHT="22" WC="0.0" CONTENT="-»"/><SP WIDTH="44" VPOS="1809" HPOS="1660"/>
							<String ID="string_172" HPOS="1704" VPOS="1792" WIDTH="27" HEIGHT="59" WC="0.0" CONTENT="-"/><SP WIDTH="21" VPOS="1792" HPOS="1731"/>
							<String ID="string_173" HPOS="1752" VPOS="1797" WIDTH="178" HEIGHT="44" WC="0.12" CONTENT="476,800:"/><SP WIDTH="17" VPOS="1797" HPOS="1930"/>
							<String ID="string_174" HPOS="1947" VPOS="1817" WIDTH="50" HEIGHT="6" WC="0.90" CONTENT="—"/>
						</TextLine>
					</TextBlock>
					<TextBlock ID="block_12" HPOS="1585" VPOS="1865" WIDTH="408" HEIGHT="46">
						<TextLine ID="line_21" HPOS="1585" VPOS="1865" WIDTH="408" HEIGHT="46">
							<String ID="string_175" HPOS="1585" VPOS="1865" WIDTH="140" HEIGHT="36" WC="0.93" CONTENT="kronor"/><SP WIDTH="28" VPOS="1865" HPOS="1725"/>
							<String ID="string_176" HPOS="1753" VPOS="1866" WIDTH="177" HEIGHT="45" WC="0.91" CONTENT="512,530:"/><SP WIDTH="20" VPOS="1866" HPOS="1930"/>
							<String ID="string_177" HPOS="1950" VPOS="1886" WIDTH="43" HEIGHT="4" WC="0.92" CONTENT="—"/>
						</TextLine>
					</TextBlock>
					<TextBlock ID="block_13" HPOS="541" VPOS="1917" WIDTH="1456" HEIGHT="50">
						<TextLine ID="line_22" HPOS="541" VPOS="1917" WIDTH="1456" HEIGHT="50">
							<String ID="string_178" HPOS="541" VPOS="1917" WIDTH="116" HEIGHT="38" WC="0.96" CONTENT="vilket"/><SP WIDTH="27" VPOS="1917" HPOS="657"/>
							<String ID="string_179" HPOS="684" VPOS="1917" WIDTH="136" HEIGHT="50" WC="0.96" CONTENT="belopp"/><SP WIDTH="26" VPOS="1917" HPOS="820"/>
							<String ID="string_180" HPOS="846" VPOS="1918" WIDTH="120" HEIGHT="49" WC="0.93" CONTENT="jämte"/><SP WIDTH="28" VPOS="1918" HPOS="966"/>
							<String ID="string_181" HPOS="994" VPOS="1923" WIDTH="199" HEIGHT="32" WC="0.65" CONTENT="Överränta"/><SP WIDTH="18" VPOS="1923" HPOS="1193"/>
							<String ID="string_182" HPOS="1211" VPOS="1949" WIDTH="49" HEIGHT="4" WC="0.20" CONTENT="...."/><SP WIDTH="20" VPOS="1949" HPOS="1260"/>
							<String ID="string_183" HPOS="1280" VPOS="1948" WIDTH="272" HEIGHT="5" WC="0.0" CONTENT="see..."/><SP WIDTH="90" VPOS="1948" HPOS="1552"/>
							<String ID="string_184" HPOS="1642" VPOS="1929" WIDTH="18" HEIGHT="23" WC="0.93" CONTENT="»"/><SP WIDTH="119" VPOS="1929" HPOS="1660"/>
							<String ID="string_185" HPOS="1779" VPOS="1918" WIDTH="218" HEIGHT="46" WC="0.84" CONTENT="97,132:"/><SP WIDTH="-30" VPOS="1918" HPOS="1997"/>
							<String ID="string_186" HPOS="1967" VPOS="1911" WIDTH="33" HEIGHT="57" WC="0.92" CONTENT="—"/>
						</TextLine>
					</TextBlock>
				</ComposedBlock>
				<ComposedBlock ID="cblock_10" HPOS="406" VPOS="1986" WIDTH="1601" HEIGHT="313">
					<TextBlock ID="block_14" HPOS="535" VPOS="1986" WIDTH="1472" HEIGHT="205">
						<TextLine ID="line_23" HPOS="536" VPOS="1986" WIDTH="1460" HEIGHT="47">
							<String ID="string_187" HPOS="536" VPOS="1987" WIDTH="89" HEIGHT="36" WC="0.96" CONTENT="eller"/><SP WIDTH="27" VPOS="1987" HPOS="625"/>
							<String ID="string_188" HPOS="652" VPOS="1987" WIDTH="248" HEIGHT="37" WC="0.38" CONTENT="tillsammans"/><SP WIDTH="30" VPOS="1987" HPOS="900"/>
							<String ID="string_189" HPOS="930" VPOS="2017" WIDTH="623" HEIGHT="6" WC="0.0" CONTENT="oesensmmsssssrsrerenesrssrsorensnsn"/><SP WIDTH="-124" VPOS="2017" HPOS="1553"/>
							<String ID="string_190" HPOS="1429" VPOS="1982" WIDTH="128" HEIGHT="55" WC="0.0" CONTENT="sneernann"/><SP WIDTH="27" VPOS="1982" HPOS="1557"/>
							<String ID="string_191" HPOS="1584" VPOS="1986" WIDTH="140" HEIGHT="36" WC="0.93" CONTENT="kronor"/><SP WIDTH="28" VPOS="1986" HPOS="1724"/>
							<String ID="string_192" HPOS="1752" VPOS="1986" WIDTH="179" HEIGHT="47" WC="0.89" CONTENT="610,262:"/><SP WIDTH="16" VPOS="1986" HPOS="1931"/>
							<String ID="string_193" HPOS="1947" VPOS="2007" WIDTH="49" HEIGHT="5" WC="0.92" CONTENT="—"/>
						</TextLine>
						<TextLine ID="line_24" HPOS="536" VPOS="2037" WIDTH="1402" HEIGHT="50">
							<String ID="string_194" HPOS="536" VPOS="2039" WIDTH="178" HEIGHT="48" WC="0.93" CONTENT="utgjorde"/><SP WIDTH="27" VPOS="2039" HPOS="714"/>
							<String ID="string_195" HPOS="741" VPOS="2038" WIDTH="388" HEIGHT="49" WC="0.91" CONTENT="riksgäldskontorets"/><SP WIDTH="29" VPOS="2038" HPOS="1129"/>
							<String ID="string_196" HPOS="1158" VPOS="2037" WIDTH="176" HEIGHT="37" WC="0.96" CONTENT="förfallna"/><SP WIDTH="29" VPOS="2037" HPOS="1334"/>
							<String ID="string_197" HPOS="1363" VPOS="2037" WIDTH="150" HEIGHT="37" WC="0.96" CONTENT="fordran"/><SP WIDTH="27" VPOS="2037" HPOS="1513"/>
							<String ID="string_198" HPOS="1540" VPOS="2038" WIDTH="65" HEIGHT="37" WC="0.96" CONTENT="vid"/><SP WIDTH="31" VPOS="2038" HPOS="1605"/>
							<String ID="string_199" HPOS="1636" VPOS="2039" WIDTH="97" HEIGHT="35" WC="0.95" CONTENT="1915"/><SP WIDTH="30" VPOS="2039" HPOS="1733"/>
							<String ID="string_200" HPOS="1763" VPOS="2040" WIDTH="60" HEIGHT="34" WC="0.96" CONTENT="års"/><SP WIDTH="30" VPOS="2040" HPOS="1823"/>
							<String ID="string_201" HPOS="1853" VPOS="2037" WIDTH="85" HEIGHT="37" WC="0.96" CONTENT="slut."/>
						</TextLine>
						<TextLine ID="line_25" HPOS="535" VPOS="2089" WIDTH="1472" HEIGHT="50">
							<String ID="string_202" HPOS="535" VPOS="2090" WIDTH="130" HEIGHT="37" WC="0.96" CONTENT="Under"/><SP WIDTH="36" VPOS="2090" HPOS="665"/>
							<String ID="string_203" HPOS="701" VPOS="2093" WIDTH="41" HEIGHT="34" WC="0.96" CONTENT="år"/><SP WIDTH="40" VPOS="2093" HPOS="742"/>
							<String ID="string_204" HPOS="782" VPOS="2092" WIDTH="97" HEIGHT="35" WC="0.96" CONTENT="1915"/><SP WIDTH="38" VPOS="2092" HPOS="879"/>
							<String ID="string_205" HPOS="917" VPOS="2090" WIDTH="69" HEIGHT="36" WC="0.96" CONTENT="har"/><SP WIDTH="28" VPOS="2090" HPOS="986"/>
							<String ID="string_206" HPOS="1014" VPOS="2092" WIDTH="127" HEIGHT="45" WC="0.95" CONTENT="någon"/><SP WIDTH="27" VPOS="2092" HPOS="1141"/>
							<String ID="string_207" HPOS="1168" VPOS="2090" WIDTH="240" HEIGHT="49" WC="0.93" CONTENT="inbetalning"/><SP WIDTH="28" VPOS="2090" HPOS="1408"/>
							<String ID="string_208" HPOS="1436" VPOS="2093" WIDTH="21" HEIGHT="33" WC="0.91" CONTENT="å"/><SP WIDTH="27" VPOS="2093" HPOS="1457"/>
							<String ID="string_209" HPOS="1484" VPOS="2090" WIDTH="104" HEIGHT="36" WC="0.96" CONTENT="detta"/><SP WIDTH="31" VPOS="2090" HPOS="1588"/>
							<String ID="string_210" HPOS="1619" VPOS="2090" WIDTH="61" HEIGHT="36" WC="0.97" CONTENT="lån"/><SP WIDTH="27" VPOS="2090" HPOS="1680"/>
							<String ID="string_211" HPOS="1707" VPOS="2089" WIDTH="84" HEIGHT="37" WC="0.96" CONTENT="icke"/><SP WIDTH="28" VPOS="2089" HPOS="1791"/>
							<String ID="string_212" HPOS="1819" VPOS="2094" WIDTH="66" HEIGHT="43" WC="0.96" CONTENT="ägt"/><SP WIDTH="28" VPOS="2094" HPOS="1885"/>
							<String ID="string_213" HPOS="1913" VPOS="2102" WIDTH="94" HEIGHT="24" WC="0.95" CONTENT="rum."/>
						</TextLine>
						<TextLine ID="line_26" HPOS="537" VPOS="2141" WIDTH="1018" HEIGHT="50">
							<String ID="string_214" HPOS="537" VPOS="2142" WIDTH="75" HEIGHT="37" WC="0.96" CONTENT="Vid"/><SP WIDTH="31" VPOS="2142" HPOS="612"/>
							<String ID="string_215" HPOS="643" VPOS="2144" WIDTH="98" HEIGHT="35" WC="0.96" CONTENT="1914"/><SP WIDTH="29" VPOS="2144" HPOS="741"/>
							<String ID="string_216" HPOS="770" VPOS="2145" WIDTH="60" HEIGHT="34" WC="0.95" CONTENT="års"/><SP WIDTH="30" VPOS="2145" HPOS="830"/>
							<String ID="string_217" HPOS="860" VPOS="2141" WIDTH="77" HEIGHT="37" WC="0.95" CONTENT="slut"/><SP WIDTH="28" VPOS="2141" HPOS="937"/>
							<String ID="string_218" HPOS="965" VPOS="2141" WIDTH="177" HEIGHT="50" WC="0.93" CONTENT="utgjorde"/><SP WIDTH="27" VPOS="2141" HPOS="1142"/>
							<String ID="string_219" HPOS="1169" VPOS="2141" WIDTH="386" HEIGHT="49" WC="0.90" CONTENT="riksgäldskontorets"/>
						</TextLine>
					</TextBlock>
					<TextBlock ID="block_15" HPOS="406" VPOS="2193" WIDTH="1601" HEIGHT="106">
						<TextLine ID="line_27" HPOS="406" VPOS="2193" WIDTH="1150" HEIGHT="48">
							<String ID="string_220" HPOS="406" VPOS="2193" WIDTH="177" HEIGHT="37" WC="0.93" CONTENT="förfallna"/><SP WIDTH="34" VPOS="2193" HPOS="583"/>
							<String ID="string_221" HPOS="617" VPOS="2194" WIDTH="349" HEIGHT="37" WC="0.24" CONTENT="fordran............."/><SP WIDTH="54" VPOS="2194" HPOS="966"/>
							<String ID="string_222" HPOS="1020" VPOS="2224" WIDTH="98" HEIGHT="5" WC="0.0" CONTENT="..r"/><SP WIDTH="30" VPOS="2224" HPOS="1118"/>
							<String ID="string_223" HPOS="1148" VPOS="2193" WIDTH="139" HEIGHT="36" WC="0.93" CONTENT="kronor"/><SP WIDTH="26" VPOS="2193" HPOS="1287"/>
							<String ID="string_224" HPOS="1313" VPOS="2194" WIDTH="177" HEIGHT="47" WC="0.90" CONTENT="452,930:"/><SP WIDTH="17" VPOS="2194" HPOS="1490"/>
							<String ID="string_225" HPOS="1507" VPOS="2215" WIDTH="49" HEIGHT="4" WC="0.89" CONTENT="—"/>
						</TextLine>
						<TextLine ID="line_28" HPOS="535" VPOS="2245" WIDTH="1472" HEIGHT="54">
							<String ID="string_226" HPOS="535" VPOS="2246" WIDTH="119" HEIGHT="49" WC="0.93" CONTENT="jämte"/><SP WIDTH="28" VPOS="2246" HPOS="654"/>
							<String ID="string_227" HPOS="682" VPOS="2250" WIDTH="322" HEIGHT="32" WC="0.27" CONTENT="Ööverränta........."/><SP WIDTH="20" VPOS="2250" HPOS="1004"/>
							<String ID="string_228" HPOS="1024" VPOS="2276" WIDTH="50" HEIGHT="5" WC="0.35" CONTENT="..."/><SP WIDTH="138" VPOS="2276" HPOS="1074"/>
							<String ID="string_229" HPOS="1212" VPOS="2257" WIDTH="17" HEIGHT="23" WC="0.93" CONTENT="»"/><SP WIDTH="112" VPOS="2257" HPOS="1229"/>
							<String ID="string_230" HPOS="1341" VPOS="2245" WIDTH="148" HEIGHT="46" WC="0.89" CONTENT="75,085:"/><SP WIDTH="21" VPOS="2245" HPOS="1489"/>
							<String ID="string_231" HPOS="1510" VPOS="2255" WIDTH="43" HEIGHT="26" WC="0.96" CONTENT="50"/><SP WIDTH="31" VPOS="2255" HPOS="1553"/>
							<String ID="string_232" HPOS="1584" VPOS="2253" WIDTH="140" HEIGHT="37" WC="0.93" CONTENT="kronor"/><SP WIDTH="29" VPOS="2253" HPOS="1724"/>
							<String ID="string_233" HPOS="1753" VPOS="2253" WIDTH="177" HEIGHT="46" WC="0.90" CONTENT="528,015:"/><SP WIDTH="21" VPOS="2253" HPOS="1930"/>
							<String ID="string_234" HPOS="1951" VPOS="2262" WIDTH="56" HEIGHT="27" WC="0.96" CONTENT="50."/>
						</TextLine>
					</TextBlock>
				</ComposedBlock>
				<GraphicalElement ID="cblock_11" HPOS="1427" VPOS="1965" WIDTH="582" HEIGHT="10"></GraphicalElement >
			</PrintSpace>
		</Page>
	</Layout>
</alto>
