1902 2832
112 1173 126 26 Utskottet.

294 153 38 30 22
742 162 275 33 Statsutskottets
1037 165 176 32 utlåtande
1234 166 49 31 Nr
1307 168 70 30 197.

298 243 128 30 kronor
466 248 89 27 samt
592 246 233 32 kostnaderna
864 248 56 31 för
960 250 130 29 värme-
1130 251 66 29 och
1237 251 152 31 sanitära
1429 252 250 33 installationer
1719 254 79 31 från

299 293 171 36 1,634,400
495 295 127 30 kronor
646 296 51 30 till
726 298 170 35 1,644,400
922 299 138 36 kronor,
1087 299 199 37 varigenom
1310 301 101 32 alltså
1436 303 66 31 den
1527 304 106 31 totala
1658 305 138 31 kostna-

296 343 66 30 den
382 344 112 30 skulle
515 345 83 31 ökas
618 345 81 31 från
721 347 173 36 5,445,000
917 349 128 30 kronor
1066 350 50 30 till
1138 351 174 36 5,530,000
1334 352 139 31 kronor.

339 395 537 36 Departementschefen
911 400 66 30 har
1000 410 41 21 av
1065 402 230 36 utredningen
1320 403 117 31 funnit
1462 404 90 30 klart
1575 405 147 37 framgå,
1748 409 48 27 att

295 443 266 37 ifrågavarande
587 446 148 37 sjukhus
762 449 39 29 är
827 449 11 30 i
866 450 113 30 behov
1007 460 42 21 av
1075 461 41 20 en
1146 453 294 36 genomgripande
1469 455 210 36 renovering.
1732 457 64 29 Det

295 493 138 38 förslag,
463 505 74 21 som
564 497 352 40 medicinalstyrelsen
946 500 171 39 framlagt,
1147 511 101 27 synes
1276 504 130 29 honom
1434 505 64 29 ock
1526 505 120 31 kunna
1673 506 11 29 i
1711 509 84 28 stort

295 547 62 27 sett
384 546 175 36 godtagas.
600 547 390 36 Departementschefen
1018 551 202 31 förutsätter
1249 553 99 36 dock,
1379 557 49 27 att
1456 554 57 30 vid
1543 555 41 30 de
1614 555 181 32 definitiva

294 594 232 37 ritningarnas
565 598 226 31 utarbetande
829 600 365 37 byggnadsstyrelsens
1234 603 192 37 erinringar
1455 604 142 31 beaktas
1627 610 90 27 samt
1746 610 48 27 att

294 646 190 30 eventuella
516 646 218 37 möjligheter
764 649 50 30 till
844 650 227 37 besparingar
1100 653 216 31 undersökas
1349 655 67 29 och
1447 654 243 38 tillvaratagas.

336 693 387 37 Departementschefen
748 700 37 29 är
808 701 190 30 emellertid
1022 702 74 31 icke
1120 703 129 30 beredd
1274 706 48 28 att
1347 704 57 30 vid
1427 706 201 30 nuvarande
1651 708 75 35 läge
1750 707 45 37 på

292 744 330 33 arbetsmarknaden
651 748 142 31 förorda
822 751 214 31 omedelbart
1064 753 272 35 genomförande
1364 764 43 21 av
1436 758 46 27 ett
1511 755 37 31 så
1577 756 217 32 omfattande

292 793 128 38 förslag
446 805 75 21 som
545 797 55 30 det
624 797 244 38 föreliggande.
907 800 164 33 Däremot
1095 812 102 27 synes
1223 804 129 30 honom
1378 805 123 31 hinder
1526 806 75 31 icke
1625 808 95 30 möta
1745 811 49 27 att

290 844 154 31 beräkna
466 847 111 31 medel
598 847 57 32 för
676 850 247 37 renoveringen
946 861 42 21 av
1011 852 265 37 ifrågavarande
1299 853 148 38 sjukhus
1471 856 20 31 å
1513 857 278 38 beredskapssta-

290 896 56 28 ten
367 895 55 31 för
444 897 100 30 nästa
566 898 176 36 budgetår.
788 900 388 36 Departementschefen
1200 904 160 32 förordar
1381 906 132 36 därvid,
1537 909 48 29 att
1608 908 55 30 för
1686 909 105 30 ända-

290 944 103 32 målet
414 955 98 22 avses
534 950 45 28 ett
600 948 126 38 belopp
748 959 43 21 av
815 951 173 36 1,000,000
1009 953 137 30 kronor.

333 994 64 31 Vid
415 995 101 33 bifall
535 997 49 31 till
603 998 123 37 Kungl.
745 1000 117 37 Maj:ts
880 1002 131 36 förslag
1029 1003 109 31 skulle
1157 1003 146 33 sålunda
1322 1006 55 30 för
1395 1007 321 37 byggnadsarbeten
1735 1010 56 30 vid

289 1047 127 29 statens
445 1046 265 38 sinnessjukhus
737 1050 20 30 å
785 1051 323 38 beredskapsstaten
1137 1055 56 30 för
1219 1055 202 37 budgetåret
1452 1055 140 34 1939/40
1620 1063 170 33 upptagas

288 1097 232 37 sammanlagt
545 1097 153 40 (500,000
724 1098 36 36 +
785 1102 174 36 1,000,000
980 1103 52 41 =)
1061 1105 172 36 1,500,000
1255 1107 138 32 kronor.

334 1178 171 33 Utskottet
533 1181 113 32 finner
674 1184 10 30 i
712 1184 107 31 likhet
846 1186 81 30 med
955 1187 379 37 departementschefen
1361 1194 114 33 utrett,
1505 1195 48 27 att
1581 1193 208 37 Mariebergs

287 1227 146 37 sjukhus
454 1231 40 30 är
514 1231 10 30 i
542 1232 111 31 behov
673 1243 43 21 av
735 1243 41 22 en
796 1236 292 37 genomgripande
1107 1240 212 37 renovering,
1340 1242 67 29 och
1426 1242 65 31 har
1510 1242 30 37 ej
1560 1243 106 31 heller
1686 1244 104 37 något

287 1281 48 28 att
357 1280 115 31 erinra
495 1285 72 27 mot
590 1286 48 27 att
662 1284 10 30 i
696 1286 170 30 samband
890 1287 144 31 därmed
1057 1298 41 21 en
1121 1290 170 37 utökning
1314 1301 44 20 av
1381 1293 220 35 platsantalet
1626 1295 161 36 vidtages.

287 1328 76 31 Med
387 1330 137 39 hänsyn
547 1333 50 29 till
617 1334 68 30 vad
707 1335 346 37 byggnadsstyrelsen
1075 1339 117 32 anfört
1216 1350 101 21 anser
1339 1342 50 36 sig
1413 1343 163 31 utskottet
1600 1345 189 31 emellertid

286 1378 74 32 icke
378 1380 122 32 kunna
519 1382 180 39 tillstyrka,
720 1388 49 27 att
789 1395 41 21 en
849 1387 204 37 renovering
1072 1399 43 20 av
1134 1389 183 36 sjukhuset
1338 1393 199 31 verkställes
1558 1395 10 30 i
1588 1395 199 31 huvudsak-

286 1429 44 37 lig
349 1430 342 34 överensstämmelse
709 1436 78 29 med
806 1435 257 38 föreligggande
1083 1438 130 39 förslag
1234 1443 84 29 utan
1337 1445 50 28 att
1406 1443 192 32 detsamma
1617 1444 88 32 först
1725 1455 61 21 un-

284 1479 194 33 derkastats
500 1492 41 21 en
563 1484 159 37 grundlig
744 1486 263 39 överarbetning
1027 1497 123 28 genom
1171 1491 364 39 byggnadsstyrelsens
1556 1495 144 37 försorg.
1724 1496 64 32 Vid

284 1529 122 32 sådant
429 1532 221 33 förhållande
672 1544 101 29 synes
797 1537 55 31 det
876 1539 165 30 utskottet
1064 1540 207 38 lämpligast,
1296 1546 49 27 att
1368 1543 265 37 ifrågavarande
1658 1547 129 37 förslag

283 1589 48 21 nu
349 1581 101 36 utgår
470 1592 41 21 ur
531 1584 321 38 beredskapsstaten
875 1589 66 29 och
963 1592 48 27 att
1033 1591 10 30 i
1064 1591 112 31 stället
1197 1592 224 38 erforderliga
1444 1596 110 31 medel
1574 1596 57 31 för
1651 1598 134 30 överar-

284 1630 202 38 betningens
513 1635 253 31 verkställande
792 1638 138 30 anvisas
956 1638 20 31 å
1003 1640 183 32 riksstaten
1213 1642 55 31 för
1295 1644 99 31 nästa
1421 1645 176 37 budgetår.
1649 1647 135 32 Utskot-

283 1683 45 28 tet
347 1679 233 35 återkommer
598 1685 117 30 härtill
735 1688 10 29 i
765 1692 106 27 annat
890 1687 264 44 sammanhang.

327 1731 172 32 Utskottet
520 1734 65 31 har
605 1734 73 31 åter
699 1736 84 31 intet
805 1740 48 28 att
875 1737 153 33 invända
1050 1745 71 26 mot
1143 1745 50 28 att
1214 1743 11 30 i
1246 1743 149 37 enlighet
1418 1747 79 29 med
1519 1746 122 38 Kungl.
1666 1749 118 37 Maj:ts

282 1780 129 38 förslag
434 1782 21 31 å
478 1783 323 39 beredskapsstaten
824 1791 168 34 upptages
1017 1794 45 27 ett
1085 1792 127 38 belopp
1236 1803 42 21 av
1302 1794 142 37 500,000
1468 1797 128 31 kronor
1619 1798 55 31 för
1699 1809 84 28 upp-

282 1830 144 33 förande
448 1843 43 21 av
512 1834 65 31 den
598 1836 233 38 psykiatriska
851 1839 157 32 kliniken
1031 1842 9 29 i
1064 1837 162 46 Uppsala.

326 1881 116 32 Under
467 1883 219 38 åberopande
712 1896 44 21 av
781 1889 66 29 vad
872 1888 148 33 sålunda
1046 1892 133 31 anförts
1206 1894 198 33 hemställer
1430 1894 172 46 utskottet,

629 1964 50 28 att
709 1962 183 38 riksdagen
925 1966 10 30 i
967 1967 185 37 anledning
1183 1979 43 20 av
1258 1970 122 37 Kungl.
1415 1972 117 37 Maj:ts
1564 1975 130 37 förslag
1725 1976 57 31 må

587 2010 50 31 till
668 2011 97 32 Vissa
794 2013 319 39 byggnadsarbeten
1142 2019 58 30 vid
1228 2022 127 29 statens
1384 2023 265 37 sinnessjukhus
1676 2026 20 30 å
1725 2027 55 29 be-

587 2062 235 36 redskapsstat
843 2064 56 31 för
921 2065 200 37 budgetåret
1146 2066 143 35 1939/40
1311 2074 153 34 upptaga
1485 2076 46 28 ett
1553 2075 228 37 förskottsan-

587 2111 72 38 slag
680 2122 43 21 av
743 2114 140 36 500,000
905 2116 138 32 kronor.

322 2192 201 33 Stockholm
543 2196 65 30 den
632 2198 39 30 19
691 2198 71 37 maj
786 2200 92 30 1939.

764 2282 48 31 På
841 2286 268 31 statsutskottets
1141 2289 142 35 vägnar:

816 2367 177 32 ANDERS
1018 2364 212 38 RÅSTOCK.

307 2509 196 27 Närvarande:
525 2519 29 18 se
575 2514 90 24 under
688 2514 158 27 utlåtandet
866 2524 36 17 nr
925 2517 57 26 194.
