<?xml version="1.0" encoding="UTF-8"?>
<alto xmlns="http://www.loc.gov/standards/alto/ns-v3#" xmlns:xlink="http://www.w3.org/1999/xlink" xmlns:xsi="http://www.w3.org/2001/XMLSchema-instance" xsi:schemaLocation="http://www.loc.gov/standards/alto/ns-v3# http://www.loc.gov/alto/v3/alto-3-0.xsd">
	<Description>
		<MeasurementUnit>pixel</MeasurementUnit>
		<sourceImageInformation>
			<fileName>/tmp/tess_59n8n4xy_input.PNG</fileName>
		</sourceImageInformation>
		<OCRProcessing ID="OCR_0">
			<ocrProcessingStep>
				<processingSoftware>
					<softwareName>tesseract 5.3.0</softwareName>
				</processingSoftware>
			</ocrProcessingStep>
		</OCRProcessing>
	</Description>
	<Layout>
		<Page WIDTH="2230" HEIGHT="2620" PHYSICAL_IMG_NR="0" ID="page_0">
			<PrintSpace HPOS="0" VPOS="0" WIDTH="2230" HEIGHT="2620">
				<ComposedBlock ID="cblock_0" HPOS="371" VPOS="187" WIDTH="1188" HEIGHT="40">
					<TextBlock ID="block_0" HPOS="371" VPOS="187" WIDTH="1188" HEIGHT="40">
						<TextLine ID="line_0" HPOS="371" VPOS="187" WIDTH="1188" HEIGHT="40">
							<String ID="string_0" HPOS="371" VPOS="191" WIDTH="19" HEIGHT="30" WC="0.96" CONTENT="8"/><SP WIDTH="423" VPOS="191" HPOS="390"/>
							<String ID="string_1" HPOS="813" VPOS="187" WIDTH="374" HEIGHT="40" WC="0.91" CONTENT="Bevillningsutskottets"/><SP WIDTH="23" VPOS="187" HPOS="1187"/>
							<String ID="string_2" HPOS="1210" VPOS="187" WIDTH="200" HEIGHT="31" WC="0.96" CONTENT="betänkande"/><SP WIDTH="23" VPOS="187" HPOS="1410"/>
							<String ID="string_3" HPOS="1433" VPOS="187" WIDTH="53" HEIGHT="30" WC="0.96" CONTENT="Nr"/><SP WIDTH="22" VPOS="187" HPOS="1486"/>
							<String ID="string_4" HPOS="1508" VPOS="188" WIDTH="51" HEIGHT="30" WC="0.94" CONTENT="28."/>
						</TextLine>
					</TextBlock>
				</ComposedBlock>
				<ComposedBlock ID="cblock_1" HPOS="369" VPOS="271" WIDTH="1623" HEIGHT="2117">
					<TextBlock ID="block_1" HPOS="369" VPOS="271" WIDTH="1623" HEIGHT="620">
						<TextLine ID="line_1" HPOS="373" VPOS="271" WIDTH="1617" HEIGHT="52">
							<String ID="string_5" HPOS="373" VPOS="275" WIDTH="61" HEIGHT="48" WC="0.94" CONTENT="sig"/><SP WIDTH="31" VPOS="275" HPOS="434"/>
							<String ID="string_6" HPOS="465" VPOS="275" WIDTH="57" HEIGHT="35" WC="0.94" CONTENT="till"/><SP WIDTH="37" VPOS="275" HPOS="522"/>
							<String ID="string_7" HPOS="559" VPOS="273" WIDTH="255" HEIGHT="47" WC="0.93" CONTENT="sammanlagt"/><SP WIDTH="30" VPOS="273" HPOS="814"/>
							<String ID="string_8" HPOS="844" VPOS="274" WIDTH="204" HEIGHT="45" WC="0.92" CONTENT="6,341,350"/><SP WIDTH="34" VPOS="274" HPOS="1048"/>
							<String ID="string_9" HPOS="1082" VPOS="272" WIDTH="150" HEIGHT="36" WC="0.96" CONTENT="kronor."/><SP WIDTH="55" VPOS="272" HPOS="1232"/>
							<String ID="string_10" HPOS="1287" VPOS="272" WIDTH="52" HEIGHT="36" WC="0.96" CONTENT="På"/><SP WIDTH="28" VPOS="272" HPOS="1339"/>
							<String ID="string_11" HPOS="1367" VPOS="271" WIDTH="124" HEIGHT="49" WC="0.96" CONTENT="grund"/><SP WIDTH="29" VPOS="271" HPOS="1491"/>
							<String ID="string_12" HPOS="1520" VPOS="284" WIDTH="48" HEIGHT="23" WC="0.96" CONTENT="av"/><SP WIDTH="28" VPOS="284" HPOS="1568"/>
							<String ID="string_13" HPOS="1596" VPOS="285" WIDTH="144" HEIGHT="23" WC="0.96" CONTENT="samma"/><SP WIDTH="28" VPOS="285" HPOS="1740"/>
							<String ID="string_14" HPOS="1768" VPOS="273" WIDTH="59" HEIGHT="34" WC="0.96" CONTENT="års"/><SP WIDTH="28" VPOS="273" HPOS="1827"/>
							<String ID="string_15" HPOS="1855" VPOS="271" WIDTH="135" HEIGHT="36" WC="0.96" CONTENT="urtima"/>
						</TextLine>
						<TextLine ID="line_2" HPOS="369" VPOS="322" WIDTH="1620" HEIGHT="52">
							<String ID="string_16" HPOS="369" VPOS="327" WIDTH="181" HEIGHT="47" WC="0.92" CONTENT="riksdags"/><SP WIDTH="28" VPOS="327" HPOS="550"/>
							<String ID="string_17" HPOS="578" VPOS="325" WIDTH="124" HEIGHT="37" WC="0.96" CONTENT="beslut"/><SP WIDTH="28" VPOS="325" HPOS="702"/>
							<String ID="string_18" HPOS="730" VPOS="324" WIDTH="97" HEIGHT="36" WC="0.96" CONTENT="hade"/><SP WIDTH="29" VPOS="324" HPOS="827"/>
							<String ID="string_19" HPOS="856" VPOS="324" WIDTH="199" HEIGHT="36" WC="0.96" CONTENT="därutöver"/><SP WIDTH="27" VPOS="324" HPOS="1055"/>
							<String ID="string_20" HPOS="1082" VPOS="324" WIDTH="13" HEIGHT="35" WC="0.96" CONTENT="i"/><SP WIDTH="20" VPOS="324" HPOS="1095"/>
							<String ID="string_21" HPOS="1115" VPOS="329" WIDTH="104" HEIGHT="31" WC="0.93" CONTENT="extra"/><SP WIDTH="27" VPOS="329" HPOS="1219"/>
							<String ID="string_22" HPOS="1246" VPOS="323" WIDTH="320" HEIGHT="49" WC="0.91" CONTENT="krigstidstillägg"/><SP WIDTH="32" VPOS="323" HPOS="1566"/>
							<String ID="string_23" HPOS="1598" VPOS="323" WIDTH="70" HEIGHT="36" WC="0.91" CONTENT="och"/><SP WIDTH="31" VPOS="323" HPOS="1668"/>
							<String ID="string_24" HPOS="1699" VPOS="322" WIDTH="290" HEIGHT="50" WC="0.91" CONTENT="krigstidshjälp"/>
						</TextLine>
						<TextLine ID="line_3" HPOS="371" VPOS="374" WIDTH="1619" HEIGHT="50">
							<String ID="string_25" HPOS="371" VPOS="378" WIDTH="121" HEIGHT="36" WC="0.96" CONTENT="under"/><SP WIDTH="41" VPOS="378" HPOS="492"/>
							<String ID="string_26" HPOS="533" VPOS="380" WIDTH="41" HEIGHT="33" WC="0.95" CONTENT="år"/><SP WIDTH="45" VPOS="380" HPOS="574"/>
							<String ID="string_27" HPOS="619" VPOS="378" WIDTH="96" HEIGHT="35" WC="0.92" CONTENT="1918"/><SP WIDTH="42" VPOS="378" HPOS="715"/>
							<String ID="string_28" HPOS="757" VPOS="376" WIDTH="182" HEIGHT="36" WC="0.92" CONTENT="utbetalts"/><SP WIDTH="46" VPOS="376" HPOS="939"/>
							<String ID="string_29" HPOS="985" VPOS="377" WIDTH="205" HEIGHT="46" WC="0.91" CONTENT="3,043,350"/><SP WIDTH="34" VPOS="377" HPOS="1190"/>
							<String ID="string_30" HPOS="1224" VPOS="375" WIDTH="149" HEIGHT="36" WC="0.96" CONTENT="kronor."/><SP WIDTH="58" VPOS="375" HPOS="1373"/>
							<String ID="string_31" HPOS="1431" VPOS="374" WIDTH="139" HEIGHT="37" WC="0.96" CONTENT="Vidare"/><SP WIDTH="28" VPOS="374" HPOS="1570"/>
							<String ID="string_32" HPOS="1598" VPOS="374" WIDTH="68" HEIGHT="36" WC="0.93" CONTENT="har"/><SP WIDTH="27" VPOS="374" HPOS="1666"/>
							<String ID="string_33" HPOS="1693" VPOS="375" WIDTH="297" HEIGHT="49" WC="0.92" CONTENT="departements-"/>
						</TextLine>
						<TextLine ID="line_4" HPOS="373" VPOS="426" WIDTH="1616" HEIGHT="50">
							<String ID="string_34" HPOS="373" VPOS="429" WIDTH="136" HEIGHT="37" WC="0.94" CONTENT="chefen"/><SP WIDTH="29" VPOS="429" HPOS="509"/>
							<String ID="string_35" HPOS="538" VPOS="429" WIDTH="187" HEIGHT="45" WC="0.96" CONTENT="anmärkt,"/><SP WIDTH="30" VPOS="429" HPOS="725"/>
							<String ID="string_36" HPOS="755" VPOS="433" WIDTH="55" HEIGHT="31" WC="0.96" CONTENT="att"/><SP WIDTH="27" VPOS="433" HPOS="810"/>
							<String ID="string_37" HPOS="837" VPOS="428" WIDTH="12" HEIGHT="35" WC="0.92" CONTENT="i"/><SP WIDTH="28" VPOS="428" HPOS="849"/>
							<String ID="string_38" HPOS="877" VPOS="427" WIDTH="314" HEIGHT="49" WC="0.89" CONTENT="utgiftssumman"/><SP WIDTH="28" VPOS="427" HPOS="1191"/>
							<String ID="string_39" HPOS="1219" VPOS="426" WIDTH="58" HEIGHT="37" WC="0.96" CONTENT="för"/><SP WIDTH="27" VPOS="426" HPOS="1277"/>
							<String ID="string_40" HPOS="1304" VPOS="429" WIDTH="40" HEIGHT="33" WC="0.96" CONTENT="år"/><SP WIDTH="31" VPOS="429" HPOS="1344"/>
							<String ID="string_41" HPOS="1375" VPOS="428" WIDTH="97" HEIGHT="34" WC="0.96" CONTENT="1918"/><SP WIDTH="30" VPOS="428" HPOS="1472"/>
							<String ID="string_42" HPOS="1502" VPOS="430" WIDTH="97" HEIGHT="32" WC="0.96" CONTENT="även"/><SP WIDTH="28" VPOS="430" HPOS="1599"/>
							<String ID="string_43" HPOS="1627" VPOS="426" WIDTH="124" HEIGHT="47" WC="0.96" CONTENT="ingått"/><SP WIDTH="29" VPOS="426" HPOS="1751"/>
							<String ID="string_44" HPOS="1780" VPOS="432" WIDTH="53" HEIGHT="31" WC="0.96" CONTENT="ett"/><SP WIDTH="19" VPOS="432" HPOS="1833"/>
							<String ID="string_45" HPOS="1852" VPOS="426" WIDTH="137" HEIGHT="49" WC="0.96" CONTENT="belopp"/>
						</TextLine>
						<TextLine ID="line_5" HPOS="370" VPOS="477" WIDTH="1622" HEIGHT="52">
							<String ID="string_46" HPOS="370" VPOS="494" WIDTH="50" HEIGHT="23" WC="0.92" CONTENT="av"/><SP WIDTH="30" VPOS="494" HPOS="420"/>
							<String ID="string_47" HPOS="450" VPOS="482" WIDTH="205" HEIGHT="47" WC="0.88" CONTENT="2,221,100"/><SP WIDTH="29" VPOS="482" HPOS="655"/>
							<String ID="string_48" HPOS="684" VPOS="480" WIDTH="153" HEIGHT="44" WC="0.96" CONTENT="kronor,"/><SP WIDTH="28" VPOS="480" HPOS="837"/>
							<String ID="string_49" HPOS="865" VPOS="479" WIDTH="118" HEIGHT="36" WC="0.96" CONTENT="vilket"/><SP WIDTH="26" VPOS="479" HPOS="983"/>
							<String ID="string_50" HPOS="1009" VPOS="479" WIDTH="180" HEIGHT="49" WC="0.93" CONTENT="utgjorde"/><SP WIDTH="16" VPOS="479" HPOS="1189"/>
							<String ID="string_51" HPOS="1205" VPOS="478" WIDTH="322" HEIGHT="48" WC="0.90" CONTENT="krigstidstillägg"/><SP WIDTH="18" VPOS="478" HPOS="1527"/>
							<String ID="string_52" HPOS="1545" VPOS="477" WIDTH="71" HEIGHT="37" WC="0.93" CONTENT="och"/><SP WIDTH="15" VPOS="477" HPOS="1616"/>
							<String ID="string_53" HPOS="1631" VPOS="477" WIDTH="286" HEIGHT="49" WC="0.90" CONTENT="krigstidshjälp"/><SP WIDTH="17" VPOS="477" HPOS="1917"/>
							<String ID="string_54" HPOS="1934" VPOS="478" WIDTH="58" HEIGHT="35" WC="0.97" CONTENT="för"/>
						</TextLine>
						<TextLine ID="line_6" HPOS="373" VPOS="529" WIDTH="1616" HEIGHT="50">
							<String ID="string_55" HPOS="373" VPOS="536" WIDTH="42" HEIGHT="33" WC="0.96" CONTENT="år"/><SP WIDTH="32" VPOS="536" HPOS="415"/>
							<String ID="string_56" HPOS="447" VPOS="535" WIDTH="111" HEIGHT="44" WC="0.96" CONTENT="1917,"/><SP WIDTH="34" VPOS="535" HPOS="558"/>
							<String ID="string_57" HPOS="592" VPOS="545" WIDTH="87" HEIGHT="23" WC="0.96" CONTENT="men"/><SP WIDTH="29" VPOS="545" HPOS="679"/>
							<String ID="string_58" HPOS="708" VPOS="544" WIDTH="82" HEIGHT="24" WC="0.95" CONTENT="som"/><SP WIDTH="37" VPOS="544" HPOS="790"/>
							<String ID="string_59" HPOS="827" VPOS="531" WIDTH="162" HEIGHT="36" WC="0.95" CONTENT="belastat"/><SP WIDTH="30" VPOS="531" HPOS="989"/>
							<String ID="string_60" HPOS="1019" VPOS="533" WIDTH="98" HEIGHT="34" WC="0.96" CONTENT="1918"/><SP WIDTH="31" VPOS="533" HPOS="1117"/>
							<String ID="string_61" HPOS="1148" VPOS="533" WIDTH="57" HEIGHT="34" WC="0.93" CONTENT="års"/><SP WIDTH="28" VPOS="533" HPOS="1205"/>
							<String ID="string_62" HPOS="1233" VPOS="530" WIDTH="223" HEIGHT="48" WC="0.91" CONTENT="utgiftsstat."/><SP WIDTH="57" VPOS="530" HPOS="1456"/>
							<String ID="string_63" HPOS="1513" VPOS="529" WIDTH="18" HEIGHT="36" WC="0.95" CONTENT="I"/><SP WIDTH="29" VPOS="529" HPOS="1531"/>
							<String ID="string_64" HPOS="1560" VPOS="529" WIDTH="107" HEIGHT="48" WC="0.96" CONTENT="fråga"/><SP WIDTH="28" VPOS="529" HPOS="1667"/>
							<String ID="string_65" HPOS="1695" VPOS="542" WIDTH="60" HEIGHT="23" WC="0.92" CONTENT="om"/><SP WIDTH="30" VPOS="542" HPOS="1755"/>
							<String ID="string_66" HPOS="1785" VPOS="529" WIDTH="204" HEIGHT="36" WC="0.91" CONTENT="bedöman-"/>
						</TextLine>
						<TextLine ID="line_7" HPOS="372" VPOS="580" WIDTH="1616" HEIGHT="51">
							<String ID="string_67" HPOS="372" VPOS="584" WIDTH="63" HEIGHT="37" WC="0.96" CONTENT="det"/><SP WIDTH="28" VPOS="584" HPOS="435"/>
							<String ID="string_68" HPOS="463" VPOS="598" WIDTH="49" HEIGHT="22" WC="0.96" CONTENT="av"/><SP WIDTH="32" VPOS="598" HPOS="512"/>
							<String ID="string_69" HPOS="544" VPOS="585" WIDTH="98" HEIGHT="35" WC="0.96" CONTENT="1918"/><SP WIDTH="30" VPOS="585" HPOS="642"/>
							<String ID="string_70" HPOS="672" VPOS="586" WIDTH="58" HEIGHT="33" WC="0.90" CONTENT="års"/><SP WIDTH="41" VPOS="586" HPOS="730"/>
							<String ID="string_71" HPOS="771" VPOS="583" WIDTH="246" HEIGHT="36" WC="0.90" CONTENT="driftresultat"/><SP WIDTH="29" VPOS="583" HPOS="1017"/>
							<String ID="string_72" HPOS="1046" VPOS="582" WIDTH="68" HEIGHT="36" WC="0.93" CONTENT="har"/><SP WIDTH="28" VPOS="582" HPOS="1114"/>
							<String ID="string_73" HPOS="1142" VPOS="581" WIDTH="416" HEIGHT="50" WC="0.92" CONTENT="departementschefen"/><SP WIDTH="29" VPOS="581" HPOS="1558"/>
							<String ID="string_74" HPOS="1587" VPOS="580" WIDTH="216" HEIGHT="47" WC="0.91" CONTENT="framhållit,"/><SP WIDTH="31" VPOS="580" HPOS="1803"/>
							<String ID="string_75" HPOS="1834" VPOS="586" WIDTH="65" HEIGHT="40" WC="0.96" CONTENT="att,"/><SP WIDTH="29" VPOS="586" HPOS="1899"/>
							<String ID="string_76" HPOS="1928" VPOS="593" WIDTH="60" HEIGHT="23" WC="0.95" CONTENT="om"/>
						</TextLine>
						<TextLine ID="line_8" HPOS="372" VPOS="631" WIDTH="1617" HEIGHT="50">
							<String ID="string_77" HPOS="372" VPOS="636" WIDTH="239" HEIGHT="36" WC="0.96" CONTENT="sistnämnda"/><SP WIDTH="29" VPOS="636" HPOS="611"/>
							<String ID="string_78" HPOS="640" VPOS="648" WIDTH="147" HEIGHT="23" WC="0.88" CONTENT="summa"/><SP WIDTH="34" VPOS="648" HPOS="787"/>
							<String ID="string_79" HPOS="821" VPOS="634" WIDTH="276" HEIGHT="36" WC="0.88" CONTENT="frånräknades"/><SP WIDTH="29" VPOS="634" HPOS="1097"/>
							<String ID="string_80" HPOS="1126" VPOS="634" WIDTH="70" HEIGHT="36" WC="0.96" CONTENT="och"/><SP WIDTH="29" VPOS="634" HPOS="1196"/>
							<String ID="string_81" HPOS="1225" VPOS="647" WIDTH="60" HEIGHT="23" WC="0.96" CONTENT="om"/><SP WIDTH="33" VPOS="647" HPOS="1285"/>
							<String ID="string_82" HPOS="1318" VPOS="635" WIDTH="97" HEIGHT="34" WC="0.96" CONTENT="1918"/><SP WIDTH="30" VPOS="635" HPOS="1415"/>
							<String ID="string_83" HPOS="1445" VPOS="636" WIDTH="60" HEIGHT="33" WC="0.96" CONTENT="års"/><SP WIDTH="30" VPOS="636" HPOS="1505"/>
							<String ID="string_84" HPOS="1535" VPOS="638" WIDTH="104" HEIGHT="30" WC="0.93" CONTENT="extra"/><SP WIDTH="28" VPOS="638" HPOS="1639"/>
							<String ID="string_85" HPOS="1667" VPOS="631" WIDTH="322" HEIGHT="50" WC="0.91" CONTENT="krigstidstillägg"/>
						</TextLine>
						<TextLine ID="line_9" HPOS="373" VPOS="684" WIDTH="1616" HEIGHT="52">
							<String ID="string_86" HPOS="373" VPOS="688" WIDTH="72" HEIGHT="36" WC="0.92" CONTENT="och"/><SP WIDTH="42" VPOS="688" HPOS="445"/>
							<String ID="string_87" HPOS="487" VPOS="687" WIDTH="291" HEIGHT="49" WC="0.92" CONTENT="krigstidshjälp"/><SP WIDTH="42" VPOS="687" HPOS="778"/>
							<String ID="string_88" HPOS="820" VPOS="686" WIDTH="82" HEIGHT="37" WC="0.95" CONTENT="icke"/><SP WIDTH="41" VPOS="686" HPOS="902"/>
							<String ID="string_89" HPOS="943" VPOS="686" WIDTH="229" HEIGHT="45" WC="0.95" CONTENT="tillkommit,"/><SP WIDTH="45" VPOS="686" HPOS="1172"/>
							<String ID="string_90" HPOS="1217" VPOS="687" WIDTH="98" HEIGHT="35" WC="0.95" CONTENT="1918"/><SP WIDTH="39" VPOS="687" HPOS="1315"/>
							<String ID="string_91" HPOS="1354" VPOS="688" WIDTH="59" HEIGHT="33" WC="0.95" CONTENT="års"/><SP WIDTH="42" VPOS="688" HPOS="1413"/>
							<String ID="string_92" HPOS="1455" VPOS="684" WIDTH="194" HEIGHT="37" WC="0.95" CONTENT="överskott"/><SP WIDTH="41" VPOS="684" HPOS="1649"/>
							<String ID="string_93" HPOS="1690" VPOS="684" WIDTH="135" HEIGHT="47" WC="0.96" CONTENT="skulle,"/><SP WIDTH="34" VPOS="684" HPOS="1825"/>
							<String ID="string_94" HPOS="1859" VPOS="684" WIDTH="130" HEIGHT="36" WC="0.96" CONTENT="oaktat"/>
						</TextLine>
						<TextLine ID="line_10" HPOS="371" VPOS="735" WIDTH="1618" HEIGHT="52">
							<String ID="string_95" HPOS="371" VPOS="739" WIDTH="48" HEIGHT="36" WC="0.96" CONTENT="de"/><SP WIDTH="28" VPOS="739" HPOS="419"/>
							<String ID="string_96" HPOS="447" VPOS="739" WIDTH="133" HEIGHT="48" WC="0.96" CONTENT="övriga"/><SP WIDTH="33" VPOS="739" HPOS="580"/>
							<String ID="string_97" HPOS="613" VPOS="739" WIDTH="210" HEIGHT="47" WC="0.95" CONTENT="utgifterna"/><SP WIDTH="41" VPOS="739" HPOS="823"/>
							<String ID="string_98" HPOS="864" VPOS="738" WIDTH="58" HEIGHT="36" WC="0.93" CONTENT="för"/><SP WIDTH="40" VPOS="738" HPOS="922"/>
							<String ID="string_99" HPOS="962" VPOS="737" WIDTH="323" HEIGHT="49" WC="0.91" CONTENT="krigstidstillägg"/><SP WIDTH="41" VPOS="737" HPOS="1285"/>
							<String ID="string_100" HPOS="1326" VPOS="737" WIDTH="69" HEIGHT="36" WC="0.93" CONTENT="och"/><SP WIDTH="33" VPOS="737" HPOS="1395"/>
							<String ID="string_101" HPOS="1428" VPOS="736" WIDTH="289" HEIGHT="49" WC="0.90" CONTENT="krigstidshjälp"/><SP WIDTH="30" VPOS="736" HPOS="1717"/>
							<String ID="string_102" HPOS="1747" VPOS="741" WIDTH="99" HEIGHT="30" WC="0.95" CONTENT="samt"/><SP WIDTH="27" VPOS="741" HPOS="1846"/>
							<String ID="string_103" HPOS="1873" VPOS="735" WIDTH="116" HEIGHT="36" WC="0.95" CONTENT="andra"/>
						</TextLine>
						<TextLine ID="line_11" HPOS="371" VPOS="788" WIDTH="1617" HEIGHT="50">
							<String ID="string_104" HPOS="371" VPOS="805" WIDTH="50" HEIGHT="21" WC="0.92" CONTENT="av"/><SP WIDTH="36" VPOS="805" HPOS="421"/>
							<String ID="string_105" HPOS="457" VPOS="790" WIDTH="365" HEIGHT="42" WC="0.91" CONTENT="tidsförhållandena"/><SP WIDTH="32" VPOS="790" HPOS="822"/>
							<String ID="string_106" HPOS="854" VPOS="789" WIDTH="221" HEIGHT="37" WC="0.93" CONTENT="föranledda"/><SP WIDTH="28" VPOS="789" HPOS="1075"/>
							<String ID="string_107" HPOS="1103" VPOS="789" WIDTH="367" HEIGHT="49" WC="0.90" CONTENT="utgiftsstegringar,"/><SP WIDTH="22" VPOS="789" HPOS="1470"/>
							<String ID="string_108" HPOS="1492" VPOS="788" WIDTH="161" HEIGHT="36" WC="0.96" CONTENT="kommit"/><SP WIDTH="20" VPOS="788" HPOS="1653"/>
							<String ID="string_109" HPOS="1673" VPOS="792" WIDTH="54" HEIGHT="31" WC="0.95" CONTENT="att"/><SP WIDTH="19" VPOS="792" HPOS="1727"/>
							<String ID="string_110" HPOS="1746" VPOS="790" WIDTH="118" HEIGHT="45" WC="0.92" CONTENT="något"/><SP WIDTH="18" VPOS="790" HPOS="1864"/>
							<String ID="string_111" HPOS="1882" VPOS="791" WIDTH="106" HEIGHT="32" WC="0.91" CONTENT="över-"/>
						</TextLine>
						<TextLine ID="line_12" HPOS="373" VPOS="841" WIDTH="948" HEIGHT="50">
							<String ID="string_112" HPOS="373" VPOS="843" WIDTH="99" HEIGHT="48" WC="0.96" CONTENT="stiga"/><SP WIDTH="28" VPOS="843" HPOS="472"/>
							<String ID="string_113" HPOS="500" VPOS="843" WIDTH="11" HEIGHT="35" WC="0.94" CONTENT="1"/><SP WIDTH="30" VPOS="843" HPOS="511"/>
							<String ID="string_114" HPOS="541" VPOS="847" WIDTH="124" HEIGHT="31" WC="0.96" CONTENT="staten"/><SP WIDTH="28" VPOS="847" HPOS="665"/>
							<String ID="string_115" HPOS="693" VPOS="841" WIDTH="213" HEIGHT="37" WC="0.93" CONTENT="beräknade"/><SP WIDTH="30" VPOS="841" HPOS="906"/>
							<String ID="string_116" HPOS="936" VPOS="842" WIDTH="205" HEIGHT="45" WC="0.91" CONTENT="6,000,000"/><SP WIDTH="29" VPOS="842" HPOS="1141"/>
							<String ID="string_117" HPOS="1170" VPOS="841" WIDTH="151" HEIGHT="36" WC="0.96" CONTENT="kronor."/>
						</TextLine>
					</TextBlock>
					<TextBlock ID="block_2" HPOS="373" VPOS="889" WIDTH="1615" HEIGHT="156">
						<TextLine ID="line_13" HPOS="476" VPOS="889" WIDTH="1512" HEIGHT="52">
							<String ID="string_118" HPOS="476" VPOS="894" WIDTH="17" HEIGHT="35" WC="0.93" CONTENT="I"/><SP WIDTH="29" VPOS="894" HPOS="493"/>
							<String ID="string_119" HPOS="522" VPOS="894" WIDTH="206" HEIGHT="36" WC="0.91" CONTENT="riksstaten"/><SP WIDTH="28" VPOS="894" HPOS="728"/>
							<String ID="string_120" HPOS="756" VPOS="893" WIDTH="60" HEIGHT="36" WC="0.96" CONTENT="för"/><SP WIDTH="29" VPOS="893" HPOS="816"/>
							<String ID="string_121" HPOS="845" VPOS="896" WIDTH="40" HEIGHT="32" WC="0.96" CONTENT="år"/><SP WIDTH="31" VPOS="896" HPOS="885"/>
							<String ID="string_122" HPOS="916" VPOS="895" WIDTH="96" HEIGHT="33" WC="0.95" CONTENT="1919"/><SP WIDTH="30" VPOS="895" HPOS="1012"/>
							<String ID="string_123" HPOS="1042" VPOS="898" WIDTH="66" HEIGHT="31" WC="0.93" CONTENT="äro"/><SP WIDTH="29" VPOS="898" HPOS="1108"/>
							<String ID="string_124" HPOS="1137" VPOS="892" WIDTH="241" HEIGHT="49" WC="0.92" CONTENT="postverkets"/><SP WIDTH="28" VPOS="892" HPOS="1378"/>
							<String ID="string_125" HPOS="1406" VPOS="891" WIDTH="338" HEIGHT="37" WC="0.90" CONTENT="bruttoinkomster"/><SP WIDTH="28" VPOS="891" HPOS="1744"/>
							<String ID="string_126" HPOS="1772" VPOS="889" WIDTH="216" HEIGHT="36" WC="0.96" CONTENT="beräknade"/>
						</TextLine>
						<TextLine ID="line_14" HPOS="373" VPOS="941" WIDTH="1613" HEIGHT="52">
							<String ID="string_127" HPOS="373" VPOS="946" WIDTH="56" HEIGHT="36" WC="0.92" CONTENT="till"/><SP WIDTH="30" VPOS="946" HPOS="429"/>
							<String ID="string_128" HPOS="459" VPOS="946" WIDTH="233" HEIGHT="47" WC="0.91" CONTENT="47,615,000"/><SP WIDTH="42" VPOS="946" HPOS="692"/>
							<String ID="string_129" HPOS="734" VPOS="945" WIDTH="140" HEIGHT="36" WC="0.96" CONTENT="kronor"/><SP WIDTH="41" VPOS="945" HPOS="874"/>
							<String ID="string_130" HPOS="915" VPOS="945" WIDTH="70" HEIGHT="36" WC="0.95" CONTENT="och"/><SP WIDTH="43" VPOS="945" HPOS="985"/>
							<String ID="string_131" HPOS="1028" VPOS="944" WIDTH="86" HEIGHT="37" WC="0.95" CONTENT="dess"/><SP WIDTH="42" VPOS="944" HPOS="1114"/>
							<String ID="string_132" HPOS="1156" VPOS="943" WIDTH="299" HEIGHT="37" WC="0.96" CONTENT="driftkostnader"/><SP WIDTH="28" VPOS="943" HPOS="1455"/>
							<String ID="string_133" HPOS="1483" VPOS="943" WIDTH="57" HEIGHT="36" WC="0.93" CONTENT="till"/><SP WIDTH="29" VPOS="943" HPOS="1540"/>
							<String ID="string_134" HPOS="1569" VPOS="942" WIDTH="232" HEIGHT="48" WC="0.90" CONTENT="43,015,000"/><SP WIDTH="29" VPOS="942" HPOS="1801"/>
							<String ID="string_135" HPOS="1830" VPOS="941" WIDTH="156" HEIGHT="44" WC="0.96" CONTENT="kronor;"/>
						</TextLine>
						<TextLine ID="line_15" HPOS="373" VPOS="993" WIDTH="1611" HEIGHT="52">
							<String ID="string_136" HPOS="373" VPOS="998" WIDTH="233" HEIGHT="36" WC="0.96" CONTENT="överskottet"/><SP WIDTH="29" VPOS="998" HPOS="606"/>
							<String ID="string_137" HPOS="635" VPOS="998" WIDTH="84" HEIGHT="35" WC="0.96" CONTENT="från"/><SP WIDTH="27" VPOS="998" HPOS="719"/>
							<String ID="string_138" HPOS="746" VPOS="996" WIDTH="221" HEIGHT="49" WC="0.96" CONTENT="postverket"/><SP WIDTH="28" VPOS="996" HPOS="967"/>
							<String ID="string_139" HPOS="995" VPOS="1000" WIDTH="42" HEIGHT="32" WC="0.96" CONTENT="är"/><SP WIDTH="29" VPOS="1000" HPOS="1037"/>
							<String ID="string_140" HPOS="1066" VPOS="996" WIDTH="239" HEIGHT="48" WC="0.96" CONTENT="följaktligen"/><SP WIDTH="19" VPOS="996" HPOS="1305"/>
							<String ID="string_141" HPOS="1324" VPOS="1000" WIDTH="187" HEIGHT="43" WC="0.96" CONTENT="upptaget"/><SP WIDTH="19" VPOS="1000" HPOS="1511"/>
							<String ID="string_142" HPOS="1530" VPOS="995" WIDTH="59" HEIGHT="35" WC="0.91" CONTENT="till"/><SP WIDTH="20" VPOS="995" HPOS="1589"/>
							<String ID="string_143" HPOS="1609" VPOS="994" WIDTH="206" HEIGHT="47" WC="0.91" CONTENT="4,600,000"/><SP WIDTH="21" VPOS="994" HPOS="1815"/>
							<String ID="string_144" HPOS="1836" VPOS="993" WIDTH="148" HEIGHT="36" WC="0.96" CONTENT="kronor."/>
						</TextLine>
					</TextBlock>
					<TextBlock ID="block_3" HPOS="372" VPOS="1044" WIDTH="1619" HEIGHT="1241">
						<TextLine ID="line_16" HPOS="477" VPOS="1044" WIDTH="1514" HEIGHT="53">
							<String ID="string_145" HPOS="477" VPOS="1049" WIDTH="16" HEIGHT="35" WC="0.95" CONTENT="I"/><SP WIDTH="30" VPOS="1049" HPOS="493"/>
							<String ID="string_146" HPOS="523" VPOS="1050" WIDTH="109" HEIGHT="47" WC="0.96" CONTENT="fråga"/><SP WIDTH="28" VPOS="1050" HPOS="632"/>
							<String ID="string_147" HPOS="660" VPOS="1062" WIDTH="60" HEIGHT="23" WC="0.93" CONTENT="om"/><SP WIDTH="20" VPOS="1062" HPOS="720"/>
							<String ID="string_148" HPOS="740" VPOS="1047" WIDTH="347" HEIGHT="37" WC="0.91" CONTENT="driftkostnaderna"/><SP WIDTH="15" VPOS="1047" HPOS="1087"/>
							<String ID="string_149" HPOS="1102" VPOS="1048" WIDTH="58" HEIGHT="35" WC="0.96" CONTENT="för"/><SP WIDTH="14" VPOS="1048" HPOS="1160"/>
							<String ID="string_150" HPOS="1174" VPOS="1046" WIDTH="235" HEIGHT="37" WC="0.96" CONTENT="sistnämnda"/><SP WIDTH="15" VPOS="1046" HPOS="1409"/>
							<String ID="string_151" HPOS="1424" VPOS="1048" WIDTH="50" HEIGHT="45" WC="0.96" CONTENT="år,"/><SP WIDTH="17" VPOS="1048" HPOS="1474"/>
							<String ID="string_152" HPOS="1491" VPOS="1046" WIDTH="142" HEIGHT="36" WC="0.96" CONTENT="sådana"/><SP WIDTH="20" VPOS="1046" HPOS="1633"/>
							<String ID="string_153" HPOS="1653" VPOS="1045" WIDTH="194" HEIGHT="36" WC="0.93" CONTENT="desamma"/><SP WIDTH="19" VPOS="1045" HPOS="1847"/>
							<String ID="string_154" HPOS="1866" VPOS="1044" WIDTH="125" HEIGHT="37" WC="0.92" CONTENT="seder-"/>
						</TextLine>
						<TextLine ID="line_17" HPOS="372" VPOS="1096" WIDTH="1616" HEIGHT="50">
							<String ID="string_155" HPOS="372" VPOS="1114" WIDTH="103" HEIGHT="22" WC="0.96" CONTENT="mera"/><SP WIDTH="40" VPOS="1114" HPOS="475"/>
							<String ID="string_156" HPOS="515" VPOS="1101" WIDTH="147" HEIGHT="35" WC="0.95" CONTENT="kunnat"/><SP WIDTH="39" VPOS="1101" HPOS="662"/>
							<String ID="string_157" HPOS="701" VPOS="1100" WIDTH="198" HEIGHT="46" WC="0.95" CONTENT="beräknas,"/><SP WIDTH="43" VPOS="1100" HPOS="899"/>
							<String ID="string_158" HPOS="942" VPOS="1099" WIDTH="190" HEIGHT="36" WC="0.96" CONTENT="inhämtas"/><SP WIDTH="37" VPOS="1099" HPOS="1132"/>
							<String ID="string_159" HPOS="1169" VPOS="1112" WIDTH="47" HEIGHT="22" WC="0.96" CONTENT="av"/><SP WIDTH="28" VPOS="1112" HPOS="1216"/>
							<String ID="string_160" HPOS="1244" VPOS="1098" WIDTH="73" HEIGHT="36" WC="0.96" CONTENT="vad"/><SP WIDTH="30" VPOS="1098" HPOS="1317"/>
							<String ID="string_161" HPOS="1347" VPOS="1098" WIDTH="134" HEIGHT="36" WC="0.96" CONTENT="chefen"/><SP WIDTH="31" VPOS="1098" HPOS="1481"/>
							<String ID="string_162" HPOS="1512" VPOS="1099" WIDTH="58" HEIGHT="34" WC="0.93" CONTENT="för"/><SP WIDTH="28" VPOS="1099" HPOS="1570"/>
							<String ID="string_163" HPOS="1598" VPOS="1096" WIDTH="390" HEIGHT="49" WC="0.90" CONTENT="civildepartementet"/>
						</TextLine>
						<TextLine ID="line_18" HPOS="374" VPOS="1147" WIDTH="1614" HEIGHT="53">
							<String ID="string_164" HPOS="374" VPOS="1152" WIDTH="137" HEIGHT="47" WC="0.95" CONTENT="anfört,"/><SP WIDTH="43" VPOS="1152" HPOS="511"/>
							<String ID="string_165" HPOS="554" VPOS="1152" WIDTH="115" HEIGHT="36" WC="0.95" CONTENT="bland"/><SP WIDTH="45" VPOS="1152" HPOS="669"/>
							<String ID="string_166" HPOS="714" VPOS="1157" WIDTH="126" HEIGHT="42" WC="0.96" CONTENT="annat,"/><SP WIDTH="42" VPOS="1157" HPOS="840"/>
							<String ID="string_167" HPOS="882" VPOS="1151" WIDTH="180" HEIGHT="49" WC="0.96" CONTENT="följande."/><SP WIDTH="57" VPOS="1151" HPOS="1062"/>
							<String ID="string_168" HPOS="1119" VPOS="1151" WIDTH="132" HEIGHT="48" WC="0.96" CONTENT="Enligt"/><SP WIDTH="42" VPOS="1151" HPOS="1251"/>
							<String ID="string_169" HPOS="1293" VPOS="1147" WIDTH="55" HEIGHT="39" WC="0.96" CONTENT="ett"/><SP WIDTH="39" VPOS="1147" HPOS="1348"/>
							<String ID="string_170" HPOS="1387" VPOS="1149" WIDTH="118" HEIGHT="37" WC="0.96" CONTENT="under"/><SP WIDTH="28" VPOS="1149" HPOS="1505"/>
							<String ID="string_171" HPOS="1533" VPOS="1149" WIDTH="160" HEIGHT="36" WC="0.96" CONTENT="oktober"/><SP WIDTH="27" VPOS="1149" HPOS="1693"/>
							<String ID="string_172" HPOS="1720" VPOS="1148" WIDTH="139" HEIGHT="36" WC="0.96" CONTENT="månad"/><SP WIDTH="32" VPOS="1148" HPOS="1859"/>
							<String ID="string_173" HPOS="1891" VPOS="1149" WIDTH="97" HEIGHT="35" WC="0.96" CONTENT="1918"/>
						</TextLine>
						<TextLine ID="line_19" HPOS="374" VPOS="1199" WIDTH="1616" HEIGHT="53">
							<String ID="string_174" HPOS="374" VPOS="1204" WIDTH="199" HEIGHT="36" WC="0.93" CONTENT="verkställt"/><SP WIDTH="41" VPOS="1204" HPOS="573"/>
							<String ID="string_175" HPOS="614" VPOS="1204" WIDTH="175" HEIGHT="48" WC="0.91" CONTENT="överslag"/><SP WIDTH="41" VPOS="1204" HPOS="789"/>
							<String ID="string_176" HPOS="830" VPOS="1203" WIDTH="97" HEIGHT="36" WC="0.92" CONTENT="hade"/><SP WIDTH="40" VPOS="1203" HPOS="927"/>
							<String ID="string_177" HPOS="967" VPOS="1202" WIDTH="432" HEIGHT="49" WC="0.89" CONTENT="generalpoststyrelsen"/><SP WIDTH="36" VPOS="1202" HPOS="1399"/>
							<String ID="string_178" HPOS="1435" VPOS="1206" WIDTH="127" HEIGHT="31" WC="0.96" CONTENT="ansett"/><SP WIDTH="28" VPOS="1206" HPOS="1562"/>
							<String ID="string_179" HPOS="1590" VPOS="1201" WIDTH="60" HEIGHT="47" WC="0.96" CONTENT="sig"/><SP WIDTH="36" VPOS="1201" HPOS="1650"/>
							<String ID="string_180" HPOS="1686" VPOS="1200" WIDTH="47" HEIGHT="36" WC="0.96" CONTENT="då"/><SP WIDTH="37" VPOS="1200" HPOS="1733"/>
							<String ID="string_181" HPOS="1770" VPOS="1200" WIDTH="130" HEIGHT="36" WC="0.92" CONTENT="kunna"/><SP WIDTH="26" VPOS="1200" HPOS="1900"/>
							<String ID="string_182" HPOS="1926" VPOS="1199" WIDTH="64" HEIGHT="37" WC="0.92" CONTENT="be-"/>
						</TextLine>
						<TextLine ID="line_20" HPOS="372" VPOS="1251" WIDTH="1616" HEIGHT="53">
							<String ID="string_183" HPOS="372" VPOS="1256" WIDTH="120" HEIGHT="35" WC="0.92" CONTENT="räkna"/><SP WIDTH="41" VPOS="1256" HPOS="492"/>
							<String ID="string_184" HPOS="533" VPOS="1255" WIDTH="239" HEIGHT="49" WC="0.90" CONTENT="postverkets"/><SP WIDTH="36" VPOS="1255" HPOS="772"/>
							<String ID="string_185" HPOS="808" VPOS="1255" WIDTH="160" HEIGHT="48" WC="0.96" CONTENT="utgifter"/><SP WIDTH="29" VPOS="1255" HPOS="968"/>
							<String ID="string_186" HPOS="997" VPOS="1254" WIDTH="58" HEIGHT="37" WC="0.96" CONTENT="för"/><SP WIDTH="27" VPOS="1254" HPOS="1055"/>
							<String ID="string_187" HPOS="1082" VPOS="1257" WIDTH="41" HEIGHT="33" WC="0.96" CONTENT="år"/><SP WIDTH="31" VPOS="1257" HPOS="1123"/>
							<String ID="string_188" HPOS="1154" VPOS="1256" WIDTH="96" HEIGHT="34" WC="0.96" CONTENT="1919"/><SP WIDTH="30" VPOS="1256" HPOS="1250"/>
							<String ID="string_189" HPOS="1280" VPOS="1254" WIDTH="56" HEIGHT="35" WC="0.96" CONTENT="till"/><SP WIDTH="29" VPOS="1254" HPOS="1336"/>
							<String ID="string_190" HPOS="1365" VPOS="1253" WIDTH="176" HEIGHT="48" WC="0.92" CONTENT="omkring"/><SP WIDTH="29" VPOS="1253" HPOS="1541"/>
							<String ID="string_191" HPOS="1570" VPOS="1253" WIDTH="231" HEIGHT="47" WC="0.90" CONTENT="50,800,000"/><SP WIDTH="38" VPOS="1253" HPOS="1801"/>
							<String ID="string_192" HPOS="1839" VPOS="1251" WIDTH="149" HEIGHT="36" WC="0.96" CONTENT="kronor."/>
						</TextLine>
						<TextLine ID="line_21" HPOS="372" VPOS="1302" WIDTH="1618" HEIGHT="53">
							<String ID="string_193" HPOS="372" VPOS="1307" WIDTH="175" HEIGHT="36" WC="0.96" CONTENT="Därefter"/><SP WIDTH="33" VPOS="1307" HPOS="547"/>
							<String ID="string_194" HPOS="580" VPOS="1306" WIDTH="96" HEIGHT="37" WC="0.94" CONTENT="hade"/><SP WIDTH="23" VPOS="1306" HPOS="676"/>
							<String ID="string_195" HPOS="699" VPOS="1306" WIDTH="222" HEIGHT="47" WC="0.95" CONTENT="emellertid,"/><SP WIDTH="25" VPOS="1306" HPOS="921"/>
							<String ID="string_196" HPOS="946" VPOS="1307" WIDTH="120" HEIGHT="48" WC="0.96" CONTENT="enligt"/><SP WIDTH="32" VPOS="1307" HPOS="1066"/>
							<String ID="string_197" HPOS="1098" VPOS="1306" WIDTH="74" HEIGHT="36" WC="0.96" CONTENT="vad"/><SP WIDTH="24" VPOS="1306" HPOS="1172"/>
							<String ID="string_198" HPOS="1196" VPOS="1306" WIDTH="82" HEIGHT="36" WC="0.93" CONTENT="från"/><SP WIDTH="24" VPOS="1306" HPOS="1278"/>
							<String ID="string_199" HPOS="1302" VPOS="1304" WIDTH="451" HEIGHT="50" WC="0.91" CONTENT="generalpoststyrelsens"/><SP WIDTH="25" VPOS="1304" HPOS="1753"/>
							<String ID="string_200" HPOS="1778" VPOS="1303" WIDTH="82" HEIGHT="36" WC="0.93" CONTENT="sida"/><SP WIDTH="27" VPOS="1303" HPOS="1860"/>
							<String ID="string_201" HPOS="1887" VPOS="1302" WIDTH="103" HEIGHT="37" WC="0.92" CONTENT="med-"/>
						</TextLine>
						<TextLine ID="line_22" HPOS="372" VPOS="1354" WIDTH="1619" HEIGHT="53">
							<String ID="string_202" HPOS="372" VPOS="1359" WIDTH="135" HEIGHT="46" WC="0.96" CONTENT="delats,"/><SP WIDTH="42" VPOS="1359" HPOS="507"/>
							<String ID="string_203" HPOS="549" VPOS="1359" WIDTH="105" HEIGHT="36" WC="0.95" CONTENT="vissa"/><SP WIDTH="40" VPOS="1359" HPOS="654"/>
							<String ID="string_204" HPOS="694" VPOS="1358" WIDTH="253" HEIGHT="49" WC="0.94" CONTENT="nytillkomna"/><SP WIDTH="36" VPOS="1358" HPOS="947"/>
							<String ID="string_205" HPOS="983" VPOS="1357" WIDTH="262" HEIGHT="37" WC="0.96" CONTENT="förhållanden"/><SP WIDTH="27" VPOS="1357" HPOS="1245"/>
							<String ID="string_206" HPOS="1272" VPOS="1357" WIDTH="188" HEIGHT="46" WC="0.96" CONTENT="föranlett,"/><SP WIDTH="43" VPOS="1357" HPOS="1460"/>
							<String ID="string_207" HPOS="1503" VPOS="1361" WIDTH="54" HEIGHT="31" WC="0.96" CONTENT="att"/><SP WIDTH="28" VPOS="1361" HPOS="1557"/>
							<String ID="string_208" HPOS="1585" VPOS="1355" WIDTH="164" HEIGHT="36" WC="0.96" CONTENT="nämnda"/><SP WIDTH="28" VPOS="1355" HPOS="1749"/>
							<String ID="string_209" HPOS="1777" VPOS="1354" WIDTH="214" HEIGHT="48" WC="0.96" CONTENT="beräkning"/>
						</TextLine>
						<TextLine ID="line_23" HPOS="373" VPOS="1406" WIDTH="1617" HEIGHT="52">
							<String ID="string_210" HPOS="373" VPOS="1411" WIDTH="82" HEIGHT="36" WC="0.96" CONTENT="icke"/><SP WIDTH="55" VPOS="1411" HPOS="455"/>
							<String ID="string_211" HPOS="510" VPOS="1416" WIDTH="132" HEIGHT="42" WC="0.96" CONTENT="syntes"/><SP WIDTH="46" VPOS="1416" HPOS="642"/>
							<String ID="string_212" HPOS="688" VPOS="1410" WIDTH="153" HEIGHT="36" WC="0.94" CONTENT="komma"/><SP WIDTH="46" VPOS="1410" HPOS="841"/>
							<String ID="string_213" HPOS="887" VPOS="1415" WIDTH="55" HEIGHT="30" WC="0.94" CONTENT="att"/><SP WIDTH="45" VPOS="1415" HPOS="942"/>
							<String ID="string_214" HPOS="987" VPOS="1409" WIDTH="100" HEIGHT="36" WC="0.95" CONTENT="hålla"/><SP WIDTH="51" VPOS="1409" HPOS="1087"/>
							<String ID="string_215" HPOS="1138" VPOS="1409" WIDTH="133" HEIGHT="36" WC="0.92" CONTENT="streck."/><SP WIDTH="85" VPOS="1409" HPOS="1271"/>
							<String ID="string_216" HPOS="1356" VPOS="1408" WIDTH="165" HEIGHT="36" WC="0.58" CONTENT="Sålunda"/><SP WIDTH="46" VPOS="1408" HPOS="1521"/>
							<String ID="string_217" HPOS="1567" VPOS="1407" WIDTH="97" HEIGHT="36" WC="0.96" CONTENT="hade"/><SP WIDTH="45" VPOS="1407" HPOS="1664"/>
							<String ID="string_218" HPOS="1709" VPOS="1407" WIDTH="189" HEIGHT="48" WC="0.96" CONTENT="styrelsen"/><SP WIDTH="45" VPOS="1407" HPOS="1898"/>
							<String ID="string_219" HPOS="1943" VPOS="1406" WIDTH="47" HEIGHT="35" WC="0.94" CONTENT="då"/>
						</TextLine>
						<TextLine ID="line_24" HPOS="373" VPOS="1457" WIDTH="1616" HEIGHT="52">
							<String ID="string_220" HPOS="373" VPOS="1462" WIDTH="83" HEIGHT="36" WC="0.96" CONTENT="icke"/><SP WIDTH="45" VPOS="1462" HPOS="456"/>
							<String ID="string_221" HPOS="501" VPOS="1462" WIDTH="84" HEIGHT="36" WC="0.96" CONTENT="haft"/><SP WIDTH="45" VPOS="1462" HPOS="585"/>
							<String ID="string_222" HPOS="630" VPOS="1461" WIDTH="209" HEIGHT="48" WC="0.96" CONTENT="anledning"/><SP WIDTH="46" VPOS="1461" HPOS="839"/>
							<String ID="string_223" HPOS="885" VPOS="1462" WIDTH="201" HEIGHT="34" WC="0.95" CONTENT="förutsätta"/><SP WIDTH="46" VPOS="1462" HPOS="1086"/>
							<String ID="string_224" HPOS="1132" VPOS="1466" WIDTH="52" HEIGHT="30" WC="0.96" CONTENT="ett"/><SP WIDTH="49" VPOS="1466" HPOS="1184"/>
							<String ID="string_225" HPOS="1233" VPOS="1464" WIDTH="40" HEIGHT="33" WC="0.96" CONTENT="så"/><SP WIDTH="41" VPOS="1464" HPOS="1273"/>
							<String ID="string_226" HPOS="1314" VPOS="1460" WIDTH="208" HEIGHT="47" WC="0.96" CONTENT="väsentligt"/><SP WIDTH="45" VPOS="1460" HPOS="1522"/>
							<String ID="string_227" HPOS="1567" VPOS="1459" WIDTH="119" HEIGHT="48" WC="0.92" CONTENT="högre"/><SP WIDTH="46" VPOS="1459" HPOS="1686"/>
							<String ID="string_228" HPOS="1732" VPOS="1457" WIDTH="257" HEIGHT="50" WC="0.90" CONTENT="krigstidstill-"/>
						</TextLine>
						<TextLine ID="line_25" HPOS="373" VPOS="1510" WIDTH="1617" HEIGHT="52">
							<String ID="string_229" HPOS="373" VPOS="1515" WIDTH="94" HEIGHT="47" WC="0.95" CONTENT="lägg"/><SP WIDTH="40" VPOS="1515" HPOS="467"/>
							<String ID="string_230" HPOS="507" VPOS="1513" WIDTH="59" HEIGHT="36" WC="0.95" CONTENT="för"/><SP WIDTH="41" VPOS="1513" HPOS="566"/>
							<String ID="string_231" HPOS="607" VPOS="1515" WIDTH="41" HEIGHT="33" WC="0.95" CONTENT="år"/><SP WIDTH="44" VPOS="1515" HPOS="648"/>
							<String ID="string_232" HPOS="692" VPOS="1514" WIDTH="96" HEIGHT="34" WC="0.96" CONTENT="1919"/><SP WIDTH="44" VPOS="1514" HPOS="788"/>
							<String ID="string_233" HPOS="832" VPOS="1525" WIDTH="82" HEIGHT="23" WC="0.96" CONTENT="som"/><SP WIDTH="43" VPOS="1525" HPOS="914"/>
							<String ID="string_234" HPOS="957" VPOS="1512" WIDTH="72" HEIGHT="46" WC="0.96" CONTENT="det,"/><SP WIDTH="34" VPOS="1512" HPOS="1029"/>
							<String ID="string_235" HPOS="1063" VPOS="1512" WIDTH="156" HEIGHT="36" WC="0.95" CONTENT="varmed"/><SP WIDTH="41" VPOS="1512" HPOS="1219"/>
							<String ID="string_236" HPOS="1260" VPOS="1525" WIDTH="88" HEIGHT="22" WC="0.96" CONTENT="man"/><SP WIDTH="32" VPOS="1525" HPOS="1348"/>
							<String ID="string_237" HPOS="1380" VPOS="1511" WIDTH="85" HEIGHT="36" WC="0.96" CONTENT="med"/><SP WIDTH="28" VPOS="1511" HPOS="1465"/>
							<String ID="string_238" HPOS="1493" VPOS="1510" WIDTH="159" HEIGHT="48" WC="0.96" CONTENT="ledning"/><SP WIDTH="27" VPOS="1510" HPOS="1652"/>
							<String ID="string_239" HPOS="1679" VPOS="1523" WIDTH="46" HEIGHT="23" WC="0.96" CONTENT="av"/><SP WIDTH="28" VPOS="1523" HPOS="1725"/>
							<String ID="string_240" HPOS="1753" VPOS="1515" WIDTH="149" HEIGHT="31" WC="0.93" CONTENT="senaste"/><SP WIDTH="28" VPOS="1515" HPOS="1902"/>
							<String ID="string_241" HPOS="1930" VPOS="1523" WIDTH="60" HEIGHT="22" WC="0.92" CONTENT="ur-"/>
						</TextLine>
						<TextLine ID="line_26" HPOS="374" VPOS="1560" WIDTH="1616" HEIGHT="53">
							<String ID="string_242" HPOS="374" VPOS="1566" WIDTH="92" HEIGHT="36" WC="0.91" CONTENT="tima"/><SP WIDTH="44" VPOS="1566" HPOS="466"/>
							<String ID="string_243" HPOS="510" VPOS="1564" WIDTH="177" HEIGHT="49" WC="0.94" CONTENT="riksdags"/><SP WIDTH="46" VPOS="1564" HPOS="687"/>
							<String ID="string_244" HPOS="733" VPOS="1564" WIDTH="124" HEIGHT="36" WC="0.94" CONTENT="beslut"/><SP WIDTH="45" VPOS="1564" HPOS="857"/>
							<String ID="string_245" HPOS="902" VPOS="1564" WIDTH="13" HEIGHT="36" WC="0.95" CONTENT="i"/><SP WIDTH="46" VPOS="1564" HPOS="915"/>
							<String ID="string_246" HPOS="961" VPOS="1563" WIDTH="107" HEIGHT="48" WC="0.95" CONTENT="fråga"/><SP WIDTH="45" VPOS="1563" HPOS="1068"/>
							<String ID="string_247" HPOS="1113" VPOS="1576" WIDTH="61" HEIGHT="23" WC="0.90" CONTENT="om"/><SP WIDTH="47" VPOS="1576" HPOS="1174"/>
							<String ID="string_248" HPOS="1221" VPOS="1563" WIDTH="322" HEIGHT="48" WC="0.63" CONTENT="krigstidstillägg"/><SP WIDTH="42" VPOS="1563" HPOS="1543"/>
							<String ID="string_249" HPOS="1585" VPOS="1562" WIDTH="58" HEIGHT="36" WC="0.96" CONTENT="för"/><SP WIDTH="41" VPOS="1562" HPOS="1643"/>
							<String ID="string_250" HPOS="1684" VPOS="1560" WIDTH="238" HEIGHT="37" WC="0.96" CONTENT="sistnämnda"/><SP WIDTH="27" VPOS="1560" HPOS="1922"/>
							<String ID="string_251" HPOS="1949" VPOS="1564" WIDTH="41" HEIGHT="33" WC="0.95" CONTENT="år"/>
						</TextLine>
						<TextLine ID="line_27" HPOS="374" VPOS="1613" WIDTH="1615" HEIGHT="51">
							<String ID="string_252" HPOS="374" VPOS="1630" WIDTH="157" HEIGHT="23" WC="0.96" CONTENT="numera"/><SP WIDTH="36" VPOS="1630" HPOS="531"/>
							<String ID="string_253" HPOS="567" VPOS="1619" WIDTH="121" HEIGHT="33" WC="0.96" CONTENT="måste"/><SP WIDTH="40" VPOS="1619" HPOS="688"/>
							<String ID="string_254" HPOS="728" VPOS="1615" WIDTH="129" HEIGHT="36" WC="0.93" CONTENT="räkna."/><SP WIDTH="55" VPOS="1615" HPOS="857"/>
							<String ID="string_255" HPOS="912" VPOS="1614" WIDTH="230" HEIGHT="49" WC="0.92" CONTENT="Vittgående"/><SP WIDTH="39" VPOS="1614" HPOS="1142"/>
							<String ID="string_256" HPOS="1181" VPOS="1615" WIDTH="92" HEIGHT="35" WC="0.95" CONTENT="krav"/><SP WIDTH="42" VPOS="1615" HPOS="1273"/>
							<String ID="string_257" HPOS="1315" VPOS="1617" WIDTH="48" HEIGHT="47" WC="0.90" CONTENT="på"/><SP WIDTH="40" VPOS="1617" HPOS="1363"/>
							<String ID="string_258" HPOS="1403" VPOS="1613" WIDTH="353" HEIGHT="49" WC="0.90" CONTENT="löneförhöjningar"/><SP WIDTH="41" VPOS="1613" HPOS="1756"/>
							<String ID="string_259" HPOS="1797" VPOS="1613" WIDTH="60" HEIGHT="36" WC="0.96" CONTENT="för"/><SP WIDTH="28" VPOS="1613" HPOS="1857"/>
							<String ID="string_260" HPOS="1885" VPOS="1618" WIDTH="104" HEIGHT="30" WC="0.96" CONTENT="extra"/>
						</TextLine>
						<TextLine ID="line_28" HPOS="372" VPOS="1665" WIDTH="1616" HEIGHT="51">
							<String ID="string_261" HPOS="372" VPOS="1669" WIDTH="74" HEIGHT="36" WC="0.95" CONTENT="och"/><SP WIDTH="42" VPOS="1669" HPOS="446"/>
							<String ID="string_262" HPOS="488" VPOS="1668" WIDTH="170" HEIGHT="47" WC="0.93" CONTENT="tillfällig"/><SP WIDTH="34" VPOS="1668" HPOS="658"/>
							<String ID="string_263" HPOS="692" VPOS="1667" WIDTH="178" HEIGHT="49" WC="0.96" CONTENT="personal"/><SP WIDTH="30" VPOS="1667" HPOS="870"/>
							<String ID="string_264" HPOS="900" VPOS="1666" WIDTH="240" HEIGHT="37" WC="0.96" CONTENT="framträdde."/><SP WIDTH="56" VPOS="1666" HPOS="1140"/>
							<String ID="string_265" HPOS="1196" VPOS="1666" WIDTH="66" HEIGHT="36" WC="0.93" CONTENT="Ett"/><SP WIDTH="29" VPOS="1666" HPOS="1262"/>
							<String ID="string_266" HPOS="1291" VPOS="1671" WIDTH="105" HEIGHT="31" WC="0.91" CONTENT="extra"/><SP WIDTH="28" VPOS="1671" HPOS="1396"/>
							<String ID="string_267" HPOS="1424" VPOS="1665" WIDTH="287" HEIGHT="49" WC="0.91" CONTENT="dyrtidstillägg"/><SP WIDTH="27" VPOS="1665" HPOS="1711"/>
							<String ID="string_268" HPOS="1738" VPOS="1667" WIDTH="37" HEIGHT="34" WC="0.93" CONTENT="åt"/><SP WIDTH="27" VPOS="1667" HPOS="1775"/>
							<String ID="string_269" HPOS="1802" VPOS="1665" WIDTH="186" HEIGHT="47" WC="0.91" CONTENT="lantpost-"/>
						</TextLine>
						<TextLine ID="line_29" HPOS="374" VPOS="1715" WIDTH="1614" HEIGHT="51">
							<String ID="string_270" HPOS="374" VPOS="1719" WIDTH="451" HEIGHT="38" WC="0.90" CONTENT="stationsföreståndarna"/><SP WIDTH="41" VPOS="1719" HPOS="825"/>
							<String ID="string_271" HPOS="866" VPOS="1718" WIDTH="96" HEIGHT="37" WC="0.96" CONTENT="hade"/><SP WIDTH="41" VPOS="1718" HPOS="962"/>
							<String ID="string_272" HPOS="1003" VPOS="1718" WIDTH="99" HEIGHT="36" WC="0.96" CONTENT="visat"/><SP WIDTH="42" VPOS="1718" HPOS="1102"/>
							<String ID="string_273" HPOS="1144" VPOS="1718" WIDTH="60" HEIGHT="48" WC="0.96" CONTENT="sig"/><SP WIDTH="24" VPOS="1718" HPOS="1204"/>
							<String ID="string_274" HPOS="1228" VPOS="1731" WIDTH="46" HEIGHT="22" WC="0.96" CONTENT="av"/><SP WIDTH="27" VPOS="1731" HPOS="1274"/>
							<String ID="string_275" HPOS="1301" VPOS="1717" WIDTH="165" HEIGHT="37" WC="0.96" CONTENT="behovet"/><SP WIDTH="27" VPOS="1717" HPOS="1466"/>
							<String ID="string_276" HPOS="1493" VPOS="1717" WIDTH="178" HEIGHT="48" WC="0.89" CONTENT="påkallat."/><SP WIDTH="56" VPOS="1717" HPOS="1671"/>
							<String ID="string_277" HPOS="1727" VPOS="1715" WIDTH="261" HEIGHT="49" WC="0.89" CONTENT="Arvodesreg-"/>
						</TextLine>
						<TextLine ID="line_30" HPOS="375" VPOS="1768" WIDTH="1615" HEIGHT="52">
							<String ID="string_278" HPOS="375" VPOS="1772" WIDTH="122" HEIGHT="48" WC="0.92" CONTENT="lering"/><SP WIDTH="38" VPOS="1772" HPOS="497"/>
							<String ID="string_279" HPOS="535" VPOS="1772" WIDTH="58" HEIGHT="35" WC="0.96" CONTENT="för"/><SP WIDTH="37" VPOS="1772" HPOS="593"/>
							<String ID="string_280" HPOS="630" VPOS="1771" WIDTH="45" HEIGHT="36" WC="0.96" CONTENT="de"/><SP WIDTH="37" VPOS="1771" HPOS="675"/>
							<String ID="string_281" HPOS="712" VPOS="1771" WIDTH="85" HEIGHT="36" WC="0.96" CONTENT="med"/><SP WIDTH="29" VPOS="1771" HPOS="797"/>
							<String ID="string_282" HPOS="826" VPOS="1775" WIDTH="143" HEIGHT="31" WC="0.93" CONTENT="statens"/><SP WIDTH="25" VPOS="1775" HPOS="969"/>
							<String ID="string_283" HPOS="994" VPOS="1770" WIDTH="232" HEIGHT="48" WC="0.91" CONTENT="järnvägars"/><SP WIDTH="28" VPOS="1770" HPOS="1226"/>
							<String ID="string_284" HPOS="1254" VPOS="1770" WIDTH="182" HEIGHT="35" WC="0.95" CONTENT="stationer"/><SP WIDTH="30" VPOS="1770" HPOS="1436"/>
							<String ID="string_285" HPOS="1466" VPOS="1768" WIDTH="175" HEIGHT="36" WC="0.91" CONTENT="förenade"/><SP WIDTH="29" VPOS="1768" HPOS="1641"/>
							<String ID="string_286" HPOS="1670" VPOS="1768" WIDTH="320" HEIGHT="49" WC="0.91" CONTENT="poststationerna"/>
						</TextLine>
						<TextLine ID="line_31" HPOS="375" VPOS="1819" WIDTH="1614" HEIGHT="51">
							<String ID="string_287" HPOS="375" VPOS="1823" WIDTH="97" HEIGHT="36" WC="0.95" CONTENT="hade"/><SP WIDTH="28" VPOS="1823" HPOS="472"/>
							<String ID="string_288" HPOS="500" VPOS="1823" WIDTH="231" HEIGHT="47" WC="0.95" CONTENT="ifrågasatts."/><SP WIDTH="56" VPOS="1823" HPOS="731"/>
							<String ID="string_289" HPOS="787" VPOS="1821" WIDTH="301" HEIGHT="37" WC="0.96" CONTENT="Förhållandena"/><SP WIDTH="28" VPOS="1821" HPOS="1088"/>
							<String ID="string_290" HPOS="1116" VPOS="1821" WIDTH="198" HEIGHT="49" WC="0.96" CONTENT="påkallade"/><SP WIDTH="28" VPOS="1821" HPOS="1314"/>
							<String ID="string_291" HPOS="1342" VPOS="1826" WIDTH="95" HEIGHT="31" WC="0.93" CONTENT="även"/><SP WIDTH="20" VPOS="1826" HPOS="1437"/>
							<String ID="string_292" HPOS="1457" VPOS="1820" WIDTH="257" HEIGHT="48" WC="0.91" CONTENT="omreglering"/><SP WIDTH="19" VPOS="1820" HPOS="1714"/>
							<String ID="string_293" HPOS="1733" VPOS="1832" WIDTH="48" HEIGHT="23" WC="0.93" CONTENT="av"/><SP WIDTH="19" VPOS="1832" HPOS="1781"/>
							<String ID="string_294" HPOS="1800" VPOS="1819" WIDTH="189" HEIGHT="36" WC="0.92" CONTENT="lantbrev-"/>
						</TextLine>
						<TextLine ID="line_32" HPOS="373" VPOS="1871" WIDTH="1617" HEIGHT="51">
							<String ID="string_295" HPOS="373" VPOS="1876" WIDTH="180" HEIGHT="36" WC="0.91" CONTENT="bärarnas"/><SP WIDTH="21" VPOS="1876" HPOS="553"/>
							<String ID="string_296" HPOS="574" VPOS="1874" WIDTH="264" HEIGHT="48" WC="0.96" CONTENT="ersättningar."/><SP WIDTH="57" VPOS="1874" HPOS="838"/>
							<String ID="string_297" HPOS="895" VPOS="1874" WIDTH="104" HEIGHT="35" WC="0.96" CONTENT="Krav"/><SP WIDTH="27" VPOS="1874" HPOS="999"/>
							<String ID="string_298" HPOS="1026" VPOS="1876" WIDTH="48" HEIGHT="46" WC="0.96" CONTENT="på"/><SP WIDTH="29" VPOS="1876" HPOS="1074"/>
							<String ID="string_299" HPOS="1103" VPOS="1873" WIDTH="146" HEIGHT="49" WC="0.96" CONTENT="ökning"/><SP WIDTH="28" VPOS="1873" HPOS="1249"/>
							<String ID="string_300" HPOS="1277" VPOS="1886" WIDTH="46" HEIGHT="23" WC="0.93" CONTENT="av"/><SP WIDTH="28" VPOS="1886" HPOS="1323"/>
							<String ID="string_301" HPOS="1351" VPOS="1872" WIDTH="240" HEIGHT="49" WC="0.92" CONTENT="postverkets"/><SP WIDTH="30" VPOS="1872" HPOS="1591"/>
							<String ID="string_302" HPOS="1621" VPOS="1871" WIDTH="164" HEIGHT="48" WC="0.96" CONTENT="avgifter"/><SP WIDTH="28" VPOS="1871" HPOS="1785"/>
							<String ID="string_303" HPOS="1813" VPOS="1871" WIDTH="59" HEIGHT="36" WC="0.93" CONTENT="för"/><SP WIDTH="14" VPOS="1871" HPOS="1872"/>
							<String ID="string_304" HPOS="1886" VPOS="1871" WIDTH="104" HEIGHT="48" WC="0.93" CONTENT="järn-"/>
						</TextLine>
						<TextLine ID="line_33" HPOS="376" VPOS="1922" WIDTH="1613" HEIGHT="54">
							<String ID="string_305" HPOS="376" VPOS="1925" WIDTH="463" HEIGHT="51" WC="0.91" CONTENT="vägspostbefordringen"/><SP WIDTH="33" VPOS="1925" HPOS="839"/>
							<String ID="string_306" HPOS="872" VPOS="1925" WIDTH="58" HEIGHT="36" WC="0.96" CONTENT="till"/><SP WIDTH="41" VPOS="1925" HPOS="930"/>
							<String ID="string_307" HPOS="971" VPOS="1930" WIDTH="142" HEIGHT="31" WC="0.96" CONTENT="statens"/><SP WIDTH="38" VPOS="1930" HPOS="1113"/>
							<String ID="string_308" HPOS="1151" VPOS="1925" WIDTH="209" HEIGHT="48" WC="0.93" CONTENT="järnvägar"/><SP WIDTH="40" VPOS="1925" HPOS="1360"/>
							<String ID="string_309" HPOS="1400" VPOS="1945" WIDTH="50" HEIGHT="5" WC="0.91" CONTENT="—"/><SP WIDTH="41" VPOS="1945" HPOS="1450"/>
							<String ID="string_310" HPOS="1491" VPOS="1924" WIDTH="11" HEIGHT="35" WC="0.94" CONTENT="i"/><SP WIDTH="28" VPOS="1924" HPOS="1502"/>
							<String ID="string_311" HPOS="1530" VPOS="1923" WIDTH="120" HEIGHT="36" WC="0.96" CONTENT="likhet"/><SP WIDTH="40" VPOS="1923" HPOS="1650"/>
							<String ID="string_312" HPOS="1690" VPOS="1922" WIDTH="87" HEIGHT="37" WC="0.96" CONTENT="med"/><SP WIDTH="28" VPOS="1922" HPOS="1777"/>
							<String ID="string_313" HPOS="1805" VPOS="1922" WIDTH="74" HEIGHT="36" WC="0.96" CONTENT="vad"/><SP WIDTH="29" VPOS="1922" HPOS="1879"/>
							<String ID="string_314" HPOS="1908" VPOS="1935" WIDTH="81" HEIGHT="23" WC="0.96" CONTENT="som"/>
						</TextLine>
						<TextLine ID="line_34" HPOS="374" VPOS="1974" WIDTH="1617" HEIGHT="53">
							<String ID="string_315" HPOS="374" VPOS="1979" WIDTH="221" HEIGHT="48" WC="0.96" CONTENT="ifrågasatts"/><SP WIDTH="44" VPOS="1979" HPOS="595"/>
							<String ID="string_316" HPOS="639" VPOS="1977" WIDTH="59" HEIGHT="36" WC="0.95" CONTENT="för"/><SP WIDTH="41" VPOS="1977" HPOS="698"/>
							<String ID="string_317" HPOS="739" VPOS="1977" WIDTH="46" HEIGHT="36" WC="0.96" CONTENT="de"/><SP WIDTH="42" VPOS="1977" HPOS="785"/>
							<String ID="string_318" HPOS="827" VPOS="1976" WIDTH="169" HEIGHT="37" WC="0.96" CONTENT="enskilda"/><SP WIDTH="23" VPOS="1976" HPOS="996"/>
							<String ID="string_319" HPOS="1019" VPOS="1977" WIDTH="259" HEIGHT="48" WC="0.93" CONTENT="järnvägarna"/><SP WIDTH="28" VPOS="1977" HPOS="1278"/>
							<String ID="string_320" HPOS="1306" VPOS="1998" WIDTH="51" HEIGHT="3" WC="0.89" CONTENT="—"/><SP WIDTH="27" VPOS="1998" HPOS="1357"/>
							<String ID="string_321" HPOS="1384" VPOS="1976" WIDTH="96" HEIGHT="35" WC="0.94" CONTENT="hade"/><SP WIDTH="29" VPOS="1976" HPOS="1480"/>
							<String ID="string_322" HPOS="1509" VPOS="1975" WIDTH="234" HEIGHT="36" WC="0.96" CONTENT="framställts."/><SP WIDTH="58" VPOS="1975" HPOS="1743"/>
							<String ID="string_323" HPOS="1801" VPOS="1974" WIDTH="190" HEIGHT="48" WC="0.94" CONTENT="Slutligen"/>
						</TextLine>
						<TextLine ID="line_35" HPOS="375" VPOS="2026" WIDTH="1616" HEIGHT="52">
							<String ID="string_324" HPOS="375" VPOS="2029" WIDTH="116" HEIGHT="49" WC="0.96" CONTENT="tydde"/><SP WIDTH="42" VPOS="2029" HPOS="491"/>
							<String ID="string_325" HPOS="533" VPOS="2043" WIDTH="46" HEIGHT="23" WC="0.94" CONTENT="en"/><SP WIDTH="43" VPOS="2043" HPOS="579"/>
							<String ID="string_326" HPOS="622" VPOS="2029" WIDTH="58" HEIGHT="36" WC="0.93" CONTENT="del"/><SP WIDTH="28" VPOS="2029" HPOS="680"/>
							<String ID="string_327" HPOS="708" VPOS="2029" WIDTH="267" HEIGHT="48" WC="0.91" CONTENT="utgiftsposter"/><SP WIDTH="33" VPOS="2029" HPOS="975"/>
							<String ID="string_328" HPOS="1008" VPOS="2028" WIDTH="57" HEIGHT="36" WC="0.96" CONTENT="för"/><SP WIDTH="29" VPOS="2028" HPOS="1065"/>
							<String ID="string_329" HPOS="1094" VPOS="2031" WIDTH="40" HEIGHT="33" WC="0.96" CONTENT="år"/><SP WIDTH="31" VPOS="2031" HPOS="1134"/>
							<String ID="string_330" HPOS="1165" VPOS="2030" WIDTH="97" HEIGHT="34" WC="0.96" CONTENT="1918"/><SP WIDTH="30" VPOS="2030" HPOS="1262"/>
							<String ID="string_331" HPOS="1292" VPOS="2028" WIDTH="128" HEIGHT="48" WC="0.96" CONTENT="därpå,"/><SP WIDTH="43" VPOS="2028" HPOS="1420"/>
							<String ID="string_332" HPOS="1463" VPOS="2032" WIDTH="55" HEIGHT="31" WC="0.96" CONTENT="att"/><SP WIDTH="42" VPOS="2032" HPOS="1518"/>
							<String ID="string_333" HPOS="1560" VPOS="2026" WIDTH="158" HEIGHT="49" WC="0.96" CONTENT="utgifter"/><SP WIDTH="41" VPOS="2026" HPOS="1718"/>
							<String ID="string_334" HPOS="1759" VPOS="2039" WIDTH="47" HEIGHT="23" WC="0.96" CONTENT="av"/><SP WIDTH="42" VPOS="2039" HPOS="1806"/>
							<String ID="string_335" HPOS="1848" VPOS="2038" WIDTH="143" HEIGHT="23" WC="0.96" CONTENT="samma"/>
						</TextLine>
						<TextLine ID="line_36" HPOS="373" VPOS="2077" WIDTH="1618" HEIGHT="53">
							<String ID="string_336" HPOS="373" VPOS="2083" WIDTH="87" HEIGHT="47" WC="0.95" CONTENT="slag"/><SP WIDTH="41" VPOS="2083" HPOS="460"/>
							<String ID="string_337" HPOS="501" VPOS="2086" WIDTH="96" HEIGHT="31" WC="0.96" CONTENT="även"/><SP WIDTH="33" VPOS="2086" HPOS="597"/>
							<String ID="string_338" HPOS="630" VPOS="2081" WIDTH="57" HEIGHT="36" WC="0.96" CONTENT="för"/><SP WIDTH="29" VPOS="2081" HPOS="687"/>
							<String ID="string_339" HPOS="716" VPOS="2083" WIDTH="39" HEIGHT="33" WC="0.96" CONTENT="år"/><SP WIDTH="31" VPOS="2083" HPOS="755"/>
							<String ID="string_340" HPOS="786" VPOS="2082" WIDTH="97" HEIGHT="35" WC="0.96" CONTENT="1919"/><SP WIDTH="31" VPOS="2082" HPOS="883"/>
							<String ID="string_341" HPOS="914" VPOS="2083" WIDTH="118" HEIGHT="33" WC="0.96" CONTENT="måste"/><SP WIDTH="28" VPOS="2083" HPOS="1032"/>
							<String ID="string_342" HPOS="1060" VPOS="2080" WIDTH="185" HEIGHT="36" WC="0.96" CONTENT="beräknas"/><SP WIDTH="27" VPOS="2080" HPOS="1245"/>
							<String ID="string_343" HPOS="1272" VPOS="2080" WIDTH="120" HEIGHT="47" WC="0.96" CONTENT="högre"/><SP WIDTH="27" VPOS="2080" HPOS="1392"/>
							<String ID="string_344" HPOS="1419" VPOS="2084" WIDTH="48" HEIGHT="30" WC="0.96" CONTENT="än"/><SP WIDTH="28" VPOS="2084" HPOS="1467"/>
							<String ID="string_345" HPOS="1495" VPOS="2079" WIDTH="103" HEIGHT="36" WC="0.96" CONTENT="förut"/><SP WIDTH="29" VPOS="2079" HPOS="1598"/>
							<String ID="string_346" HPOS="1627" VPOS="2078" WIDTH="110" HEIGHT="36" WC="0.95" CONTENT="skett."/><SP WIDTH="39" VPOS="2078" HPOS="1737"/>
							<String ID="string_347" HPOS="1776" VPOS="2077" WIDTH="86" HEIGHT="36" WC="0.95" CONTENT="Alla"/><SP WIDTH="20" VPOS="2077" HPOS="1862"/>
							<String ID="string_348" HPOS="1882" VPOS="2077" WIDTH="109" HEIGHT="36" WC="0.96" CONTENT="dessa"/>
						</TextLine>
						<TextLine ID="line_37" HPOS="373" VPOS="2129" WIDTH="1618" HEIGHT="52">
							<String ID="string_349" HPOS="373" VPOS="2133" WIDTH="329" HEIGHT="48" WC="0.96" CONTENT="omständigheter"/><SP WIDTH="28" VPOS="2133" HPOS="702"/>
							<String ID="string_350" HPOS="730" VPOS="2132" WIDTH="229" HEIGHT="47" WC="0.96" CONTENT="föranledde,"/><SP WIDTH="29" VPOS="2132" HPOS="959"/>
							<String ID="string_351" HPOS="988" VPOS="2137" WIDTH="56" HEIGHT="31" WC="0.96" CONTENT="att"/><SP WIDTH="19" VPOS="2137" HPOS="1044"/>
							<String ID="string_352" HPOS="1063" VPOS="2145" WIDTH="88" HEIGHT="22" WC="0.96" CONTENT="man"/><SP WIDTH="20" VPOS="2145" HPOS="1151"/>
							<String ID="string_353" HPOS="1171" VPOS="2131" WIDTH="97" HEIGHT="36" WC="0.95" CONTENT="hade"/><SP WIDTH="29" VPOS="2131" HPOS="1268"/>
							<String ID="string_354" HPOS="1297" VPOS="2137" WIDTH="55" HEIGHT="30" WC="0.96" CONTENT="att"/><SP WIDTH="29" VPOS="2137" HPOS="1352"/>
							<String ID="string_355" HPOS="1381" VPOS="2132" WIDTH="154" HEIGHT="45" WC="0.96" CONTENT="förutse,"/><SP WIDTH="22" VPOS="2132" HPOS="1535"/>
							<String ID="string_356" HPOS="1557" VPOS="2135" WIDTH="54" HEIGHT="31" WC="0.96" CONTENT="att"/><SP WIDTH="24" VPOS="2135" HPOS="1611"/>
							<String ID="string_357" HPOS="1635" VPOS="2131" WIDTH="96" HEIGHT="35" WC="0.96" CONTENT="1919"/><SP WIDTH="22" VPOS="2131" HPOS="1731"/>
							<String ID="string_358" HPOS="1753" VPOS="2132" WIDTH="60" HEIGHT="33" WC="0.96" CONTENT="års"/><SP WIDTH="19" VPOS="2132" HPOS="1813"/>
							<String ID="string_359" HPOS="1832" VPOS="2129" WIDTH="159" HEIGHT="48" WC="0.96" CONTENT="utgifter"/>
						</TextLine>
						<TextLine ID="line_38" HPOS="375" VPOS="2181" WIDTH="1613" HEIGHT="52">
							<String ID="string_360" HPOS="375" VPOS="2185" WIDTH="150" HEIGHT="36" WC="0.96" CONTENT="komme"/><SP WIDTH="43" VPOS="2185" HPOS="525"/>
							<String ID="string_361" HPOS="568" VPOS="2189" WIDTH="54" HEIGHT="31" WC="0.96" CONTENT="att"/><SP WIDTH="26" VPOS="2189" HPOS="622"/>
							<String ID="string_362" HPOS="648" VPOS="2187" WIDTH="131" HEIGHT="46" WC="0.96" CONTENT="uppgå"/><SP WIDTH="28" VPOS="2187" HPOS="779"/>
							<String ID="string_363" HPOS="807" VPOS="2184" WIDTH="57" HEIGHT="35" WC="0.96" CONTENT="till"/><SP WIDTH="28" VPOS="2184" HPOS="864"/>
							<String ID="string_364" HPOS="892" VPOS="2184" WIDTH="206" HEIGHT="48" WC="0.96" CONTENT="väsentligt"/><SP WIDTH="27" VPOS="2184" HPOS="1098"/>
							<String ID="string_365" HPOS="1125" VPOS="2184" WIDTH="118" HEIGHT="48" WC="0.96" CONTENT="högre"/><SP WIDTH="28" VPOS="2184" HPOS="1243"/>
							<String ID="string_366" HPOS="1271" VPOS="2183" WIDTH="138" HEIGHT="49" WC="0.96" CONTENT="belopp"/><SP WIDTH="29" VPOS="2183" HPOS="1409"/>
							<String ID="string_367" HPOS="1438" VPOS="2188" WIDTH="48" HEIGHT="30" WC="0.96" CONTENT="än"/><SP WIDTH="29" VPOS="2188" HPOS="1486"/>
							<String ID="string_368" HPOS="1515" VPOS="2182" WIDTH="46" HEIGHT="36" WC="0.96" CONTENT="de"/><SP WIDTH="29" VPOS="2182" HPOS="1561"/>
							<String ID="string_369" HPOS="1590" VPOS="2195" WIDTH="47" HEIGHT="22" WC="0.93" CONTENT="av"/><SP WIDTH="27" VPOS="2195" HPOS="1637"/>
							<String ID="string_370" HPOS="1664" VPOS="2181" WIDTH="324" HEIGHT="49" WC="0.91" CONTENT="generalpoststy-"/>
						</TextLine>
						<TextLine ID="line_39" HPOS="375" VPOS="2235" WIDTH="704" HEIGHT="50">
							<String ID="string_371" HPOS="375" VPOS="2236" WIDTH="123" HEIGHT="37" WC="0.96" CONTENT="relsen"/><SP WIDTH="29" VPOS="2236" HPOS="498"/>
							<String ID="string_372" HPOS="527" VPOS="2236" WIDTH="297" HEIGHT="49" WC="0.96" CONTENT="ursprungligen"/><SP WIDTH="28" VPOS="2236" HPOS="824"/>
							<String ID="string_373" HPOS="852" VPOS="2235" WIDTH="227" HEIGHT="36" WC="0.96" CONTENT="beräknade."/>
						</TextLine>
					</TextBlock>
					<TextBlock ID="block_4" HPOS="374" VPOS="2284" WIDTH="1618" HEIGHT="104">
						<TextLine ID="line_40" HPOS="556" VPOS="2284" WIDTH="1433" HEIGHT="51">
							<String ID="string_374" HPOS="556" VPOS="2287" WIDTH="116" HEIGHT="36" WC="0.96" CONTENT="andra"/><SP WIDTH="36" VPOS="2287" HPOS="672"/>
							<String ID="string_375" HPOS="708" VPOS="2287" WIDTH="107" HEIGHT="36" WC="0.96" CONTENT="sidan"/><SP WIDTH="29" VPOS="2287" HPOS="815"/>
							<String ID="string_376" HPOS="844" VPOS="2287" WIDTH="138" HEIGHT="47" WC="0.95" CONTENT="kunde,"/><SP WIDTH="31" VPOS="2287" HPOS="982"/>
							<String ID="string_377" HPOS="1013" VPOS="2286" WIDTH="154" HEIGHT="36" WC="0.93" CONTENT="anförde"/><SP WIDTH="29" VPOS="2286" HPOS="1167"/>
							<String ID="string_378" HPOS="1196" VPOS="2285" WIDTH="417" HEIGHT="50" WC="0.91" CONTENT="departementschefen"/><SP WIDTH="27" VPOS="2285" HPOS="1613"/>
							<String ID="string_379" HPOS="1640" VPOS="2284" WIDTH="141" HEIGHT="48" WC="0.93" CONTENT="vidare,"/><SP WIDTH="30" VPOS="2284" HPOS="1781"/>
							<String ID="string_380" HPOS="1811" VPOS="2284" WIDTH="178" HEIGHT="49" WC="0.91" CONTENT="förhopp-"/>
						</TextLine>
						<TextLine ID="line_41" HPOS="374" VPOS="2336" WIDTH="1618" HEIGHT="52">
							<String ID="string_381" HPOS="374" VPOS="2340" WIDTH="139" HEIGHT="48" WC="0.92" CONTENT="ningar"/><SP WIDTH="27" VPOS="2340" HPOS="513"/>
							<String ID="string_382" HPOS="540" VPOS="2340" WIDTH="116" HEIGHT="48" WC="0.92" CONTENT="hysas"/><SP WIDTH="29" VPOS="2340" HPOS="656"/>
							<String ID="string_383" HPOS="685" VPOS="2338" WIDTH="141" HEIGHT="49" WC="0.96" CONTENT="därom,"/><SP WIDTH="32" VPOS="2338" HPOS="826"/>
							<String ID="string_384" HPOS="858" VPOS="2344" WIDTH="53" HEIGHT="31" WC="0.96" CONTENT="att"/><SP WIDTH="31" VPOS="2344" HPOS="911"/>
							<String ID="string_385" HPOS="942" VPOS="2341" WIDTH="98" HEIGHT="34" WC="0.96" CONTENT="1919"/><SP WIDTH="30" VPOS="2341" HPOS="1040"/>
							<String ID="string_386" HPOS="1070" VPOS="2341" WIDTH="59" HEIGHT="33" WC="0.96" CONTENT="års"/><SP WIDTH="28" VPOS="2341" HPOS="1129"/>
							<String ID="string_387" HPOS="1157" VPOS="2338" WIDTH="221" HEIGHT="47" WC="0.96" CONTENT="inkomster,"/><SP WIDTH="28" VPOS="2338" HPOS="1378"/>
							<String ID="string_388" HPOS="1406" VPOS="2338" WIDTH="13" HEIGHT="35" WC="0.96" CONTENT="i"/><SP WIDTH="27" VPOS="2338" HPOS="1419"/>
							<String ID="string_389" HPOS="1446" VPOS="2337" WIDTH="118" HEIGHT="36" WC="0.96" CONTENT="likhet"/><SP WIDTH="29" VPOS="2337" HPOS="1564"/>
							<String ID="string_390" HPOS="1593" VPOS="2336" WIDTH="85" HEIGHT="37" WC="0.96" CONTENT="med"/><SP WIDTH="19" VPOS="2336" HPOS="1678"/>
							<String ID="string_391" HPOS="1697" VPOS="2336" WIDTH="72" HEIGHT="37" WC="0.91" CONTENT="vad"/><SP WIDTH="22" VPOS="2336" HPOS="1769"/>
							<String ID="string_392" HPOS="1791" VPOS="2336" WIDTH="201" HEIGHT="37" WC="0.91" CONTENT="förhållan-"/>
						</TextLine>
					</TextBlock>
				</ComposedBlock>
			</PrintSpace>
		</Page>
	</Layout>
</alto>
