1904 2816
551 152 308 32 Bankoutskottets
883 153 177 31 utlåtande
1084 154 49 31 Nr
1155 156 48 30 57.
1613 152 14 29 1

802 389 59 41 Nr
887 390 62 41 57.

691 510 112 24 Ankom
821 511 41 23 till
881 511 155 30 riksdagens
1054 512 87 23 kansli
1159 512 53 23 den
1231 510 15 25 6
1263 513 61 29 juni
1344 510 63 26 1941
1427 513 35 23 kl.
1482 510 15 26 2
1517 519 21 17 e.
1557 519 34 17 m.

353 595 181 32 Utlåtande
558 597 11 30 i
593 597 186 37 anledning
801 607 43 21 av
868 598 123 37 Kungl.
1016 599 119 37 Maj:ts
1159 601 216 35 proposition
1399 600 79 30 med
1503 600 131 38 förslag

570 648 51 30 till
640 648 55 36 lag
713 658 57 21 om
790 649 138 37 fortsatt
946 650 155 36 giltighet
1121 660 41 20 av
1183 650 100 37 lagen
1302 651 67 30 den
1388 651 42 29 22
1451 651 181 30 december

571 698 85 30 1939
671 699 60 36 (nr
747 699 84 36 895)
849 700 176 36 angående
1042 702 68 29 rätt
1126 701 55 37 för
1198 700 194 37 Konungen
1408 704 49 27 att
1475 701 158 31 meddela

568 749 170 31 särskilda
759 750 257 31 bestämmelser
1036 760 57 21 om
1111 751 230 31 riksbankens
1360 752 272 37 sedelutgivning

572 800 67 30 och
661 800 221 31 bankrörelse
905 811 45 21 m.
974 811 45 21 m.

168 891 15 30 I
196 900 43 21 en
252 891 68 31 den
334 891 20 30 9
368 890 70 38 maj
457 891 82 30 1941
554 892 217 36 dagtecknad
785 893 214 37 proposition
1013 904 42 20 nr
1069 894 73 35 245,
1157 903 75 21 som
1245 894 178 31 hänvisats
1437 895 51 30 till
1501 895 130 31 banko-

126 942 182 30 utskottets
324 941 253 32 förberedande
592 943 268 37 handläggning,
877 944 64 30 har
958 944 124 36 Kungl.
1100 944 110 37 Maj:t,
1227 945 111 30 under
1353 945 221 36 åberopande
1590 954 43 22 av

128 992 257 37 propositionen
412 992 106 38 bilagt
545 994 124 36 utdrag
695 1003 43 21 av
766 994 376 37 statsrådsprotokollet
1169 996 82 30 över
1278 996 271 31 finansärenden
1578 996 54 30 för

127 1052 133 22 samma
277 1044 77 36 dag,
372 1043 177 37 föreslagit
564 1044 184 37 riksdagen
765 1046 51 29 att
832 1047 125 35 antaga
975 1048 46 28 ett
1039 1045 57 31 vid
1114 1046 259 36 propositionen
1390 1047 96 36 fogat
1504 1047 129 36 förslag

127 1093 50 31 till
198 1094 55 37 lag
274 1103 59 21 om
354 1094 139 30 fortsatt
515 1094 153 37 giltighet
688 1105 43 20 av
754 1095 100 37 lagen
876 1096 67 30 den
964 1097 41 28 22
1029 1097 180 30 december
1235 1097 83 30 1939
1348 1096 52 40 (nr
1422 1096 76 40 895)
1528 1096 102 38 angå-

128 1145 86 30 ende
232 1145 68 30 rätt
319 1145 55 30 för
394 1144 194 38 Konungen
608 1148 48 28 att
675 1146 159 30 meddela
856 1146 170 31 särskilda
1046 1147 259 30 bestämmelser
1324 1157 58 21 om
1402 1148 230 31 riksbankens

127 1195 272 37 sedelutgivning
417 1196 66 30 och
501 1196 223 30 bankrörelse
743 1205 46 21 m.
809 1206 46 20 m.

171 1279 153 31 Berörda
347 1279 188 38 lagförslag
559 1281 38 29 är
622 1289 42 21 av
688 1279 158 37 följande
870 1280 141 38 lydelse:

763 1403 231 44 Förslag

852 1476 51 31 till

830 1548 100 43 Lag

124 1635 66 23 om
223 1624 164 35 fortsati
422 1625 180 44 giltighet
636 1636 50 23 av
708 1626 118 44 lagen
852 1626 76 34 den
951 1627 45 33 22
1020 1626 213 35 december
1256 1628 89 33 1939
1370 1626 67 45 (nr
1459 1627 84 44 895)
1567 1638 68 24 an-

123 1685 152 46 gående
298 1687 81 33 rätt
402 1686 64 34 för
490 1687 223 43 Konungen
737 1690 59 31 att
820 1687 184 35 meddela
1028 1688 201 34 särskilda
1245 1689 308 35 bestämmelser
1569 1700 64 23 om

302 1748 273 34 riksbankens
599 1748 318 45 sedelutgivning
941 1749 77 34 och
1042 1750 266 35 bankrörelse
1332 1761 51 23 m.
1407 1762 51 22 m.

169 1845 211 38 Härigenom
403 1846 196 37 förordnas,
623 1850 48 28 att
694 1848 100 36 lagen
819 1848 66 30 den
908 1849 40 29 22
971 1849 183 30 december
1181 1850 84 29 1939
1288 1849 177 37 angående
1488 1850 69 30 rätt
1579 1850 56 30 för

127 1896 191 37 Konungen
344 1900 49 28 att
418 1898 160 30 meddela
607 1898 170 30 särskilda
802 1898 261 31 bestämmelser
1090 1909 56 20 om
1171 1899 231 31 riksbankens
1430 1900 202 36 sedelutgiv-

125 1946 82 37 ning
227 1948 67 29 och
317 1947 225 31 bankrörelse
566 1957 45 20 m.
636 1957 55 27 m.,
714 1948 117 30 vilken
853 1948 137 36 jämlikt
1012 1950 56 35 lag
1090 1950 65 30 den
1180 1950 42 29 30
1244 1959 95 21 mars
1364 1950 83 31 1940
1477 1950 55 39 (nr
1555 1949 72 40 172)

125 1998 105 35 gäller
251 1997 51 30 till
323 1998 66 30 och
408 1998 79 30 med
508 1998 68 30 den
596 1998 42 31 30
657 1997 75 37 juni
755 1999 95 35 1941,
872 1999 88 30 skall
979 2000 65 35 äga
1066 1999 137 31 fortsatt
1222 2000 155 37 giltighet
1398 2000 51 31 till
1468 2001 66 30 och
1555 2001 78 30 med

126 2048 65 30 den
207 2048 42 30 30
267 2047 77 37 juni
365 2048 92 31 1942.

169 2165 145 30 Jämlikt
339 2166 56 35 lag
418 2166 66 29 den
510 2166 41 29 22
576 2166 181 30 december
784 2167 84 29 1939
898 2166 54 39 (nr
978 2166 77 40 895)
1084 2167 80 36 äger
1190 2167 192 37 Konungen
1407 2168 113 30 under
1543 2168 90 31 vissa

125 2216 290 36 utomordentliga
440 2215 254 35 förhållanden,
722 2216 46 36 på
793 2216 256 37 framställning
1074 2227 41 20 av
1141 2218 219 36 fullmäktige
1384 2218 10 30 i
1421 2218 211 31 riksbanken

125 2266 64 30 och
207 2265 88 30 efter
314 2266 155 29 hörande
488 2275 42 21 av
552 2266 216 36 fullmäktige
789 2266 10 29 i
819 2267 339 35 riksgäldskontoret,
1178 2268 10 29 i
1208 2267 101 36 fråga
1328 2278 56 19 om
1403 2269 230 30 riksbankens

125 2315 272 36 sedelutgivning
418 2316 65 29 och
506 2316 222 30 bankrörelse
748 2320 91 26 samt
863 2317 311 36 offentliggörande
1196 2327 42 20 av
1261 2318 230 30 riksbankens
1512 2319 120 29 räken-

125 2366 126 36 skaper
273 2366 157 30 meddela
453 2375 43 21 av
520 2365 267 32 förhållandena
812 2366 184 36 påkallade
1019 2367 259 31 bestämmelser
1302 2371 49 27 att
1373 2368 89 36 gälla
1486 2369 10 29 i
1523 2369 111 29 stället

126 2416 55 30 för
198 2416 66 30 vad
283 2416 210 30 därutinnan
513 2416 114 30 finnes
646 2416 135 36 stadgat
799 2417 10 29 i
828 2418 117 34 9—14,
969 2418 49 35 16,
1043 2419 49 34 17,
1111 2419 50 34 21,
1182 2419 41 29 24
1242 2419 66 29 och
1326 2420 39 28 27
1387 2419 40 36 88
1446 2419 100 35 lagen
1568 2420 66 29 den

126 2466 40 31 30
185 2466 76 37 juni
288 2467 83 29 1934
400 2465 53 39 (nr
476 2465 76 39 437)
581 2466 55 30 för
656 2466 154 37 Sveriges
834 2467 176 31 riksbank.
1033 2468 109 35 Syftet
1166 2469 78 29 med
1268 2469 147 30 berörda
1437 2469 195 30 fullmakts-

163 2531 110 31 Bihang
284 2531 42 25 till
337 2531 167 31 riksdagens
516 2531 145 31 protokoll
674 2532 74 25 1941.
769 2533 17 24 8
797 2532 79 24 saml.
901 2533 39 23 Nr
956 2533 109 24 57—60.
1586 2532 12 25 1
