2204 2608
449 150 41 30 34
832 155 5 3 "
891 148 351 31 Kontutionsutskottets
1264 147 163 31 memorial
1450 147 53 32 Nr
1527 148 55 29 42.

408 238 194 36 förbindas
629 238 183 42 villkoret,
842 240 55 32 att
924 236 173 44 Sveriges
1124 237 365 34 kvarnintressenter
1515 236 119 35 skulle
1661 236 109 35 avstå
1797 237 83 34 från
1914 237 108 43 varje

408 290 95 33 krav
529 288 50 43 på
606 288 210 44 ersättning
843 287 85 35 från
957 289 123 32 staten
1108 287 118 43 enligt
1253 284 23 44 $
1306 288 43 33 12
1378 287 12 33 i
1410 286 64 34 det
1492 287 137 34 mellan
1650 289 123 33 staten
1794 287 68 34 och
1881 288 140 44 ifråga-

408 338 168 35 varande
616 337 174 44 förening
830 338 72 34 den
945 338 45 33 28
1031 337 71 43 juli
1133 337 93 34 1919
1256 337 192 44 ingångna
1477 338 159 41 avtalet;
1660 339 13 33 i
1701 338 106 34 detta
1833 348 190 24 samman-

410 389 103 43 hang
552 388 74 34 kan
653 391 170 39 nämnas,
852 391 57 31 att
935 387 125 34 denna
1088 388 209 42 ersättning
1324 388 212 34 sedermera
1563 387 211 36 bestämdes
1801 387 56 35 till
1884 387 140 36 kronor

413 439 255 42 1,059,114,02.
724 437 184 45 Slutligen
950 438 100 34 hava
1090 437 108 34 dessa
1231 437 264 44 myndigheter
1522 440 94 31 även
1640 437 204 45 föreslagit,
1873 441 57 32 att
1957 438 66 34 vid

411 492 54 31 ett
504 488 108 34 bifall
643 489 57 34 till
729 489 166 34 ansökan
923 488 115 34 borde
1066 488 11 33 i
1104 488 117 34 likhet
1248 487 86 34 med
1360 488 75 34 vad
1462 489 13 33 i
1502 487 178 35 liknande
1707 488 68 33 fall
1802 489 130 43 plägat
1959 488 64 34 ske

410 539 196 35 förbindas
633 539 299 42 bestämmelsen,
962 541 55 31 att
1045 541 220 41 exportören
1292 538 57 34 till
1376 538 97 34 riket
1501 538 119 34 skulle
1647 538 125 34 införa
1790 543 233 30 motsvaran-

412 589 46 35 de
485 589 187 34 kvantitet
698 592 82 31 vete
808 590 89 33 eller
923 588 194 43 vetemjöl;
1146 599 135 33 genom
1309 600 44 22 en
1382 588 111 43 dylik
1514 589 259 33 bestämmelse
1801 588 118 35 skulle
1938 589 86 44 tyd-

411 640 100 43 ligen
544 640 49 33 ha
620 642 247 41 garanterats,
897 642 57 31 att
979 639 235 34 kvantiteten
1239 638 161 34 brödsäd
1427 639 103 33 inom
1558 639 95 34 riket
1680 639 80 33 icke
1787 649 134 32 genom
1950 640 73 33 den

412 690 215 43 föreslagna
655 692 178 42 exporten
861 690 196 33 minskats.
1110 690 154 34 Jämväl
1291 689 400 43 Lantbruksstyrelsen
1731 689 70 34 har
1840 689 182 43 tillstyrkt

413 740 168 35 ansökan
624 741 69 33 och
734 739 133 35 därvid
906 739 219 43 framhållit,
1168 742 57 31 att
1264 739 64 34 det
1367 739 33 43 ej
1439 751 90 22 vore
1569 740 189 42 uteslutet,
1788 741 55 32 att
1883 751 137 32 genom

415 791 73 34 den
528 790 225 44 ifrågasatta
793 792 181 42 exporten
1002 790 300 44 prisbildningen
1329 790 13 33 i
1368 789 110 44 fråga
1506 801 60 23 om
1592 789 67 44 råg
1685 790 126 34 kunde
1838 789 185 44 påverkas

413 841 13 34 i
453 852 187 32 gynnsam
667 841 177 43 riktning.

548 890 59 35 Då
634 890 160 35 sålunda
821 891 178 43 samtliga
1024 891 13 33 i
1064 890 155 35 ärendet
1246 890 118 34 hörda
1390 890 266 43 myndigheter
1682 890 182 44 tillstyrkt
1884 890 141 43 ifråga-

414 942 168 33 varande
610 941 179 43 ansökan,
818 940 48 35 då
893 941 97 34 intet
1016 940 145 35 anförts
1189 943 79 32 mot
1295 940 45 34 de
1368 941 80 33 skäl
1475 940 61 35 för
1562 943 52 32 ett
1640 940 106 34 bifall
1774 941 57 33 till
1851 940 174 34 densam-

414 1003 73 30 ma,
517 1002 80 23 som
625 991 132 34 därvid
785 992 176 43 angivits,
990 992 69 33 och
1087 991 151 34 särskilt
1266 990 48 35 då
1340 1002 134 33 genom
1494 991 65 34 vid
1578 994 52 31 ett
1648 990 107 34 bifall
1779 991 56 34 till
1855 991 169 34 ansökan

414 1041 138 44 fogade
579 1042 136 34 villkor
742 1044 134 40 staten,
906 1041 126 35 därest
1058 1042 175 34 villkoret
1260 1044 240 41 accepterats,
1530 1042 144 33 kunnat
1701 1041 90 34 ernå
1809 1041 214 42 betydande

415 1091 147 35 direkta
593 1092 240 34 ekonomiska
864 1092 166 34 fördelar
1065 1095 90 31 utan
1184 1095 57 31 att
1268 1092 206 44 tillgången
1502 1091 50 44 på
1578 1091 162 34 brödsäd
1767 1092 101 33 inom
1895 1091 131 35 landet

414 1142 256 43 förminskats,
699 1154 110 23 anser
836 1143 57 43 sig
920 1143 183 33 utskottet
1133 1142 91 34 böra
1255 1142 68 34 hos
1354 1141 214 44 riksdagen,
1596 1141 151 43 jämlikt
1774 1139 23 45 $
1828 1142 67 34 107
1920 1153 104 32 rege-

414 1192 264 44 ringsformen,
719 1196 90 40 göra
849 1193 178 34 anmälan
1079 1195 78 31 mot
1197 1192 296 34 medlemmarna
1534 1203 48 23 av
1621 1192 72 34 den
1730 1195 26 31 t.
1785 1192 25 34 f.
1839 1192 184 44 regering,

416 1254 81 23 som
525 1243 184 43 handlagt
736 1243 103 34 detta
866 1242 150 43 ärende,
1044 1243 190 43 nämligen
1263 1242 196 34 ministern
1486 1242 61 34 för
1574 1242 139 34 utrikes
1741 1242 190 35 ärendena
1959 1242 66 34 fri-

416 1292 107 35 herre
550 1293 253 34 Palmstierna
829 1295 98 33 samt
955 1292 212 35 statsråden
1197 1292 170 43 Sandler,
1394 1292 142 35 Nothin
1565 1292 68 35 och
1660 1292 193 34 Eriksson.

1186 1402 68 33 7:0.

584 1491 208 28 Närvarande:
814 1491 112 28 Herrar
958 1491 128 27 Larsson
1107 1491 11 27 i
1140 1490 150 35 Västerås,
1315 1490 118 34 Clason,
1457 1491 153 34 Hellberg,
1635 1490 183 35 Strömberg,
1841 1490 182 36 Ljunggren,

817 1533 121 34 Thulin,
967 1532 219 34 Reuterskiöld,
1210 1532 125 34 Lyberg,
1360 1532 181 35 Sandegård,
1564 1532 129 28 Jönsson
1715 1534 11 26 i
1749 1533 164 33 Långenäs,
1938 1532 87 29 Sten-

815 1574 79 32 dahl,
928 1574 130 28 Jansson
1091 1575 10 26 i
1128 1574 186 34 Edsbäcken,
1347 1574 31 27 af
1409 1574 173 35 Ekenstam,
1615 1574 34 28 P.
1674 1574 30 28 S.
1728 1575 143 27 Hedlund
1893 1576 11 26 i
1927 1573 99 30 Öster-

817 1616 86 35 sund,
928 1615 161 35 Sävström,
1112 1615 123 28 Nilsson
1258 1617 11 26 i
1291 1616 124 33 Antnäs,
1438 1616 130 28 Persson
1590 1617 8 27 i
1616 1616 125 34 Fritorp,
1758 1616 127 28 Persson
1902 1618 10 26 i
1927 1617 99 35 Tofta,

817 1658 140 28 Hansson
979 1658 11 27 i
1014 1657 176 34 Sölvesborg
1212 1657 56 28 och
1291 1657 141 29 Karlsson
1455 1659 11 27 i
1488 1658 159 28 Vadstena.

1038 1741 166 35 (Protokoll
1227 1743 70 27 över
1317 1741 290 34 jordbruksärenden
1631 1743 58 27 den
1713 1744 37 26 19
1776 1743 121 27 oktober
1921 1744 107 35 1920.)

547 1839 20 34 I
594 1831 51 42 en
673 1838 72 34 den
776 1838 43 33 17
849 1836 210 44 september
1089 1836 95 34 1920
1212 1837 152 43 ingiven
1393 1837 180 34 skrivelse
1601 1838 424 45 hemställde.Sveriges

412 1889 207 35 Allmänna
657 1887 384 43 Lantbrukssällskap
1082 1887 67 34 hos
1189 1887 141 43 Kungl.
1359 1887 121 43 Maj:t,
1510 1890 57 32 att
1594 1888 62 34 det
1684 1889 118 35 skulle
1831 1890 194 44 medgivas

413 1938 408 44 lantmannaförening,
863 1949 80 23 som
985 1937 129 34 därom
1155 1937 126 34 kunde
1321 1938 149 34 komma
1507 1941 56 31 att
1590 1939 151 42 ansöka,
1770 1940 171 34 tillstånd
1970 1943 56 31 att

414 1993 198 41 exportera
638 1989 69 44 råg
734 2000 47 23 av
808 1988 98 34 årets
935 1987 122 35 skörd.
1098 1987 19 34 I
1144 1988 273 43 motiveringen
1444 1989 58 33 till
1523 1988 124 34 denna
1666 1989 224 35 hemställan
1910 1991 116 33 fram-

413 2041 109 42 hölls,
551 2042 68 40 att,
636 2039 185 34 alltsedan
850 2038 72 34 den
950 2049 77 32 nya
1054 2037 159 35 skörden
1241 2038 157 34 kommit
1424 2039 13 33 i
1461 2039 177 43 handeln,
1659 2051 45 22 en
1724 2040 87 34 svår
1829 2041 199 43 stockning

412 2090 78 35 rått
528 2090 50 44 på
619 2090 71 34 den
717 2089 201 34 inländska
945 2088 464 44 spannmålsmarknaden,
1439 2089 185 34 beroende
1652 2090 49 43 på
1728 2094 57 31 att
1811 2091 216 34 kvarnarna

414 2141 34 43 ej
492 2141 147 33 kunnat
677 2140 14 34 i
731 2139 222 43 erforderlig
980 2139 263 44 utsträckning
1270 2142 189 41 emottaga
1487 2139 73 35 den
1588 2140 190 43 utbjudna
1805 2141 222 35 brödsädes-

414 2191 260 45 spannmålen.
728 2190 114 34 Detta
877 2189 98 35 hade
1003 2190 13 33 i
1043 2189 205 44 synnerhet
1274 2190 99 34 varit
1399 2189 108 36 fallet
1534 2191 13 33 i
1574 2190 107 44 fråga
1709 2203 59 22 om
1796 2191 77 44 råg,
1897 2192 129 35 vadan
