2202 2614
590 136 386 30 Konstitutionsutskottets
999 133 163 33 memorial
1186 137 52 29 Nr
1259 137 53 29 42.
1720 138 36 29 T7

327 224 12 32 I
386 224 107 43 fråga
530 236 57 22 om
618 225 45 33 de
691 224 274 43 förhållanden,
995 226 100 33 vilka
1123 225 166 43 förelågo
1317 224 63 34 vid
1410 225 179 34 beslutets
1616 225 185 42 fattande,

194 274 117 42 torde,
350 275 56 33 till
436 275 289 43 komplettering
752 287 47 22 av
827 276 242 43 protokollets
1097 276 177 42 innehåll,
1305 276 68 33 här
1401 275 132 34 endast
1562 276 142 33 behöva
1731 275 73 33 till-

192 325 131 42 läggas
352 325 181 43 följande.

326 375 55 33 De
422 375 74 33 fem
539 376 10 32 i
582 376 224 42 protokollet
834 376 157 34 berörda
1019 376 120 43 bolag,
1168 376 12 33 i
1208 376 101 33 vilka
1338 375 70 34 den
1438 376 147 42 privata
1613 376 188 33 verksam-

192 425 109 34 heten
333 425 58 34 för
427 426 132 42 rening
587 437 46 22 av
662 426 183 33 brännvin
875 429 98 31 samt
1000 426 70 33 den
1101 426 170 33 enskilda
1298 426 82 33 vin-
1409 426 68 33 och
1506 426 295 42 spirituosahan-

176 475 101 34 "deln
319 475 279 42 sammanförts,
640 487 104 22 voro:
786 476 264 42 Aktiebolaget
1086 476 90 33 Vin-
1205 476 68 33 och
1302 476 297 42 spritcentralen,
1627 475 176 34 Aktiebo-

190 526 100 41 laget
316 524 36 34 J.
383 525 43 33 D.
457 524 204 34 Grönstedt
689 524 30 35 &
747 524 76 43 C:o,
845 525 243 34 Carlshamns
1108 525 290 43 punschfabriks
1417 526 234 41 Aktiebolag,
1672 525 131 33 Aktie-

191 575 149 41 bolaget
367 575 35 33 J.
433 573 232 35 Cederlunds
694 575 244 33 efterträdare
967 575 67 33 och
1063 575 262 43 Aktiebolaget
1352 575 147 42 'Tegnér
1526 575 68 33 och
1622 575 180 33 Wilcken.
1827 595 3 4 :

191 624 67 33 AB
287 623 420 44 Stockholmssystemet
734 625 186 33 innehade
949 625 385 42 stamaktiekapitalet
1361 625 11 32 i
1400 625 67 33 AB
1494 624 90 34 Vin-
1605 625 67 33 och
1693 625 110 42 sprit-

190 674 202 43 centralen,
435 675 67 33 och
545 674 104 34 detta
689 685 130 23 senare
860 675 111 43 bolag
1012 675 386 43 stamaktiekapitalet
1429 675 11 33 i
1473 675 174 43 samtliga
1675 675 127 42 övriga

190 724 383 45 partihandelsbolag.

325 775 73 34 Det
426 775 11 33 i
456 775 226 43 protokollet
701 775 230 34 omnämnda
951 776 141 33 avtalet
1112 776 137 33 mellan
1269 775 22 34 å
1310 787 71 22 ena
1401 775 119 42 sidan,
1541 775 113 34 bland
1674 775 130 41 andra,

192 824 167 43 köparne
388 836 47 22 av
462 825 66 33 AB
560 825 92 34 Vin-
672 826 68 34 och
760 826 307 42 spritcentralens
1087 826 230 41 stamaktier,
1338 825 22 34 å
1380 826 118 33 andra
1517 825 108 35 sidan
1646 826 160 33 svenska

193 877 136 39 staten,
373 875 68 34 har
481 887 47 22 av
568 876 183 34 utskottet
785 876 117 33 redan
931 875 123 34 såsom
1082 876 61 33 bil.
1172 876 34 34 A
1234 875 165 44 bifogats
1428 876 102 34 detta
1557 876 246 34 betänkande.

191 925 86 34 Med
306 925 149 43 hänsyn
483 926 57 33 till
568 925 72 34 den
669 926 198 42 belysning
893 925 134 44 frågan
1057 925 159 34 erhåller
1239 926 12 33 i
1271 926 368 42 kontrollstyrelsens
1657 928 149 40 yttran-

192 974 45 35 de
265 974 73 35 den
368 976 19 32 7
417 975 166 34 februari
614 976 106 42 1920,
748 975 128 44 bifoga
904 976 38 33 vi
970 976 103 34 detta
1099 976 176 43 yttrande
1296 975 122 35 såsom
1439 976 61 33 bil.
1520 976 42 34 B.
1607 975 199 35 Likaledes

192 1024 148 44 bifogas
369 1024 123 35 såsom
520 1026 62 34 bil.
612 1025 39 35 C.
682 1029 53 31 ett
761 1026 188 43 yttrande,
979 1038 79 22 som
1086 1026 12 33 i
1127 1026 194 34 december
1348 1026 139 34 månad
1518 1027 94 33 1919
1641 1026 11 33 i
1671 1025 134 44 frågan

194 1086 142 33 avgavs
364 1086 46 23 av
441 1075 131 35 chefen
602 1076 58 34 för
687 1077 358 42 kontrollstyrelsen.

327 1260 48 35 Vi
403 1260 104 35 finna
536 1273 51 22 nu
615 1261 290 45 ifrågavarande
932 1262 153 44 rådslag
1111 1263 12 33 i
1151 1274 79 23 mer
1256 1265 48 31 än
1333 1265 54 32 ett
1415 1263 212 34 hänseende
1651 1274 154 32 synner-

192 1311 100 43 ligen
321 1312 367 43 anmärkningsvärt.
742 1312 19 33 I
788 1313 72 34 den
888 1313 12 33 i
928 1312 137 44 många
1093 1313 212 34 avseenden
1333 1313 150 43 mycket
1504 1313 224 43 ingripande
1748 1316 57 31 ut-

192 1361 185 44 veckling,
407 1373 78 22 som
510 1362 120 34 under
658 1362 45 34 de
731 1374 131 23 senare
890 1362 89 34 åren
1007 1362 200 44 försiggått
1225 1362 50 44 på
1292 1363 513 43 rusdryckslagstiftningens

193 1410 163 43 område,
398 1412 157 33 innebar
595 1412 64 34 det
686 1424 48 22 av
760 1413 67 34 AB
856 1412 419 44 Stockholmssystemet
1303 1413 73 34 den
1406 1413 46 34 20
1479 1414 201 33 november
1710 1414 94 34 1919

191 1461 157 44 ingivna
375 1461 181 44 förslaget
592 1464 54 32 ett
673 1464 240 43 synnerligen
940 1463 137 44 viktigt
1104 1465 91 42 steg.
1250 1463 187 44 Tydligen
1465 1463 118 35 måste
1611 1463 63 35 det
1699 1466 107 32 näm-

191 1512 99 43 ligen
318 1512 96 34 först
441 1512 69 34 och
537 1512 135 35 främst
699 1513 206 43 föranleda,
936 1516 66 40 att,
1027 1514 94 34 efter
1140 1525 44 23 en
1205 1513 237 44 föregående,
1463 1514 176 34 stundom
1659 1514 146 34 mindre

190 1562 202 44 formenlig
433 1563 217 44 utveckling
688 1563 49 44 på
773 1564 181 43 området,
984 1564 71 35 den
1084 1565 160 34 svenska
1272 1567 122 32 staten
1424 1565 162 34 omsider
1611 1565 12 33 i
1651 1564 45 35 de
1724 1565 81 33 bin-

190 1612 124 35 dande
342 1613 151 43 former,
522 1613 121 34 under
668 1615 102 33 vilka
797 1615 358 43 regeringsärenden
1175 1615 247 44 handläggas,
1443 1615 118 34 skulle
1581 1615 149 34 komma
1750 1618 55 31 att

190 1665 90 42 taga
323 1664 183 43 ställning
545 1664 58 34 till
644 1665 71 34 den
756 1665 288 44 betydelsefulla
1072 1665 146 44 frågan,
1247 1666 12 33 i
1286 1665 75 35 vad
1389 1665 87 35 mån
1504 1665 220 35 överhuvud
1752 1668 54 32 ett

190 1714 177 43 monopol
408 1714 49 43 på
498 1714 169 35 området
705 1715 118 34 skulle
864 1716 121 34 under
1024 1718 143 32 statens
1195 1716 175 34 officiella
1398 1716 227 35 medverkan
1653 1727 151 32 genom-

190 1760 128 38 föras.!
373 1764 85 34 Men
501 1764 199 45 förslagets
741 1766 286 44 handläggning
1067 1767 67 34 hos
1174 1767 219 43 regeringen
1436 1767 146 34 komme
1618 1766 186 43 därjämte

192 1815 161 43 givetvis
381 1815 68 34 ock
477 1818 56 32 att
560 1816 101 33 bliva
689 1817 215 42 avgörande
931 1816 59 35 för
1017 1816 232 44 spörsmålet,
1266 1816 50 44 på
1342 1817 104 34 vilka
1472 1817 145 43 villkor,
1646 1817 12 33 i
1677 1817 125 34 vilken

191 1864 232 45 omfattning
463 1866 69 34 och
573 1866 119 34 under
731 1867 102 34 vilka
861 1867 191 43 garantier
1078 1867 58 34 för
1164 1868 98 33 olika
1290 1867 117 34 därav
1435 1868 157 34 berörda
1619 1868 183 33 intressen

192 1915 103 34 detta
322 1917 189 42 monopol,
542 1928 58 23 om
630 1917 62 34 det
720 1917 274 44 genomfördes,
1023 1918 147 34 komme
1194 1921 55 31 att
1267 1918 140 34 arbeta.
1462 1918 60 34 Av
1541 1918 108 34 dessa
1668 1918 136 34 villkor

190 1965 131 44 måste,
350 1966 115 34 bland
498 1970 127 40 annat,
656 1968 227 43 exempelvis
911 1968 101 34 bliva
1038 1968 195 43 beroende,
1263 1969 12 33 i
1302 1969 75 33 vad
1405 1968 86 35 mån
1521 1980 44 23 en
1594 1968 104 44 dylik
1726 1979 77 23 mo-

326 2063 18 41 1
361 2065 68 28 Med
454 2065 70 28 fullt
546 2066 50 33 fog
619 2065 53 28 har
695 2066 273 34 kontrollstyrelsen
992 2067 98 27 därför
1113 2067 87 27 också
1223 2068 9 26 i
1256 2068 45 27 sin
1325 2067 123 28 berörda
1471 2067 140 28 skrivelse
1626 2067 175 34 framhållit,

190 2110 43 24 att
255 2117 16 18 en
317 2107 126 34 ändring
466 2117 34 18 av
523 2108 562 34 rusdrycksförsäljningsförordningen
1108 2109 122 35 därhän,
1255 2113 43 23 att
1319 2109 54 28 AB
1395 2109 74 28 Vin-
1493 2109 54 28 och
1578 2109 225 34 spritcentraien

192 2148 110 29 erhöfle
326 2149 138 34 monopol
487 2149 37 34 på
546 2149 207 34 partihandeln
777 2151 68 27 med
868 2151 51 27 vin
943 2151 54 27 och
1021 2152 166 32 spirituosa,
1212 2151 95 28 skulle
1330 2151 142 28 innebära
1495 2161 36 18 en
1553 2151 191 33 förvandling
1767 2160 34 18 av

189 2191 129 33 bolagets
342 2192 184 27 »nuvarande
548 2192 129 27 faktiska
699 2192 137 33 monopol
860 2192 46 28 till
930 2196 43 24 ett
995 2193 129 34 rättsligt
1146 2193 160 34 monopol».
