2200 2612
630 140 384 31 Konstitutionsutskottets
1036 141 163 30 memorial
1222 141 52 30 Nr
1297 141 50 30 42.
1711 143 40 29 49

321 225 36 45 2)
386 239 47 23 av
462 229 84 33 herr
576 228 142 42 Clason,
749 241 76 21 som
856 230 59 33 väl
947 230 7 32 i
984 232 109 31 nästa
1121 230 121 42 punkt
1270 241 84 22 men
1383 230 79 34 icke
1490 231 11 32 i
1522 230 124 34 denna
1666 231 128 34 biträtt

186 277 202 35 utskottets
430 275 132 45 beslut,
605 282 90 30 enär
736 279 74 34 han
848 282 132 39 ansett,
1010 283 56 30 att
1094 280 118 33 ehuru
1241 280 260 42 övervägande
1530 281 77 33 skäl
1638 280 114 34 redan
1782 282 10 32 i

185 327 134 34 mitten
362 340 46 22 av
450 330 209 42 september
699 329 126 34 talade
867 330 57 33 för
963 331 210 42 rågexport,
1208 330 94 34 dock
1330 331 62 33 vid
1421 331 166 34 nämnda
1615 331 173 43 tidpunkt

184 379 117 41 någon
328 380 137 33 tvekan
494 391 57 22 om
583 379 85 34 dess
698 380 219 43 lämplighet
945 383 101 30 ännu
1075 380 124 33 kunde
1228 392 91 22 vara
1347 381 204 42 förklarlig.

945 530 81 32 VII.

313 612 80 33 Mot
421 612 168 42 punkten
620 613 57 32 7:0o
707 613 11 32 1
747 613 200 34 utskottets
976 613 208 33 memorial:

313 672 47 23 av
388 662 130 34 herrar
545 663 160 33 Larsson
733 663 11 32 i
772 662 188 42 Västerås,
989 660 212 46 Strömberg,
1231 663 222 44 Ljunggren,
1484 664 143 40 Thulin,
1656 663 135 35 Sande-

174 712 102 42 gård,
318 712 192 42 Sävström,
554 714 168 32 Hansson
761 714 12 33 i
815 712 223 44 Sölvesborg
1078 714 68 33 och
1188 714 187 34 Karlsson
1414 714 12 33 i
1467 714 204 42 Vadstena,
1711 726 78 22 som

178 762 141 34 anfört:

312 811 58 35 Av
412 813 199 34 enahanda
652 814 91 41 skäl,
774 825 78 23 som
880 814 36 33 vi
945 814 126 34 anfört
1098 815 12 33 i
1138 814 67 34 vår
1232 815 230 34 reservation
1489 815 64 33 vid
1582 815 122 43 punkt
1732 816 56 33 6:0

177 862 69 34 och
289 862 48 34 då
365 864 63 33 det
456 866 95 31 även
579 864 64 33 vid
671 864 104 33 tiden
804 864 58 34 för
888 864 291 43 ifrågavarande
1207 866 142 33 besluts
1376 865 171 34 fattande
1576 866 80 33 icke
1683 865 105 34 torde

176 913 49 32 ha
255 913 97 34 varit
379 913 149 44 möjligt
555 916 56 31 att
639 913 143 34 erhålla
809 914 88 33 fullt
925 915 109 33 säkra
1053 915 194 43 uppgifter
1264 915 160 34 rörande
1444 915 342 42 skörderesultatet,

176 963 49 33 ha
265 963 35 33 vi
341 966 135 40 ansett,
519 967 55 31 att
614 964 124 43 någon
780 964 205 45 anledning
1023 965 57 33 till
1113 966 178 33 anmälan
1320 969 77 31 mot
1423 965 275 44 föredragande
1726 966 61 33 de-

176 1014 368 42 partementschefen
573 1014 80 34 icke
681 1014 192 44 förelegat.

926 1177 104 32 VIII.

630 1257 166 35 (Protokoll
820 1258 68 26 över
908 1256 470 35 justitiedepartementsärenden
1403 1260 15 25 9
1443 1259 118 33 augusti
1585 1261 80 26 1920
1689 1269 35 17 nr
1747 1261 39 32 3.)

309 1331 35 46 1)
374 1346 48 22 av
449 1335 86 33 herr
562 1335 259 42 Reuterskiöld,
851 1346 78 23 som
958 1335 84 49 med
1070 1336 279 34 instämmande
1368 1348 48 22 av
1435 1337 128 34 herrar
1580 1337 205 34 Johansson

173 1385 12 32 i
213 1385 180 41 Kälkebo,
413 1384 183 43 Stendahl,
617 1385 39 33 P.
677 1384 37 34 S.
735 1385 170 33 Hedlund
922 1386 12 33 i
954 1385 207 34 Östersund
1182 1387 69 33 och
1269 1387 154 33 Persson
1442 1387 12 33 i
1473 1387 150 43 Fritorp
1642 1388 140 33 anfört:

306 1435 73 33 Till
406 1435 142 43 Kungl.
577 1434 110 43 Maj:t
714 1435 138 44 ingåvo
879 1436 38 33 Z.
945 1436 191 43 Höglund,
1161 1436 42 34 F.
1225 1436 125 35 Ström
1371 1437 68 33 och
1460 1437 41 34 O.
1522 1437 56 34 W.
1599 1438 183 43 Lövgren,

173 1485 45 34 de
260 1485 102 34 förra
402 1486 59 33 för
501 1485 405 35 Socialdemokratiska
940 1487 309 43 vänsterpartiets
1278 1488 279 41 arbetsutskott,
1599 1488 72 34 den
1700 1488 83 34 sist-

170 1536 162 34 nämnde
373 1536 58 34 för
470 1536 395 35 socialdemokratiska
891 1539 325 42 vänstergruppen
1244 1538 12 33 i
1282 1538 213 44 riksdagen,
1524 1538 72 34 den
1628 1539 43 33 15
1699 1538 83 43 juni

171 1598 45 22 en
258 1586 180 35 odaterad
467 1587 68 33 och
563 1589 93 31 utan
685 1587 227 43 anteckning
940 1599 59 22 om
1026 1588 199 44 ingivning
1250 1588 57 34 till
1334 1588 449 44 justitiedepartementet

169 1636 154 35 försedd
350 1637 195 43 handling,
575 1637 153 34 anmäld
757 1637 58 34 för
841 1637 140 44 Kungl.
1011 1638 110 43 Maj:t
1149 1638 72 34 den
1252 1639 19 34 9
1301 1639 152 43 augusti
1481 1640 69 33 och
1570 1639 210 41 sedermera

170 1690 96 31 även
300 1687 242 34 överlämnad
570 1687 57 34 till
656 1687 318 43 departementets
1002 1688 279 44 lagavdelning,
1310 1690 126 33 vilken
1464 1690 185 44 handling
1675 1691 104 33 inne-

170 1738 76 34 höll
287 1749 45 22 en
359 1738 213 43 principiell
599 1737 283 44 framställning
909 1750 59 23 om
996 1739 230 43 vidtagande
1255 1751 48 22 av
1329 1739 175 44 åtgärder
1530 1741 102 33 inom
1661 1752 118 23 nuva-

155 1788 130 47 rande
325 1788 259 44 lagstiftnings
624 1799 81 23 ram
733 1788 59 35 för
818 1789 207 43 bringande
1053 1790 57 34 till
1138 1790 248 43 användning
1413 1802 48 22 av
1487 1793 124 32 rätten
1640 1793 55 32 att
1721 1794 58 31 ut-

166 1838 111 34 färda
317 1839 139 33 allmän
498 1839 171 41 amnesti,
711 1839 150 34 särskilt
901 1839 85 34 med
1026 1839 148 44 hänsyn
1203 1840 56 34 till
1288 1840 63 35 det
1378 1840 291 44 fängelsestraff,
1699 1853 79 23 som

167 1888 148 35 ådömts
355 1889 176 34 redaktör
571 1888 88 35 Otto
702 1889 199 34 Grimlund
928 1890 58 34 för
1012 1891 155 43 utgiven
1195 1891 175 43 brottslig
1397 1891 110 34 skrift
1534 1892 11 33 i
1574 1891 205 44 anledning

168 1950 47 23 av
242 1939 211 35 finländske
473 1939 373 44 riksföreståndaren
874 1941 150 43 general
1052 1940 279 35 Mannerheims
1359 1942 113 34 besök
1491 1942 12 33 i
1523 1941 165 44 Sverige,
1709 1943 69 33 och

167 1989 218 35 Grimlunds
414 1990 260 44 obenägenhet
701 1993 56 31 att
786 1991 89 34 söka
901 1991 87 43 nåd,
1019 1991 48 34 då
1095 1991 141 43 »själva
1263 1994 143 32 termen
1427 1990 98 36 nåd”
1546 1992 150 34 skorrar
1713 1993 64 34 illa

165 2040 13 33 i
218 2040 46 34 de
291 2040 127 35 flestas
446 2043 119 32 örom».
621 2041 17 33 I
666 2041 222 43 anslutning
914 2042 126 34 härtill
1067 2042 128 34 inkom
1225 2043 20 33 8
1273 2042 72 43 juli
1372 2043 58 34 till
1457 2042 320 45 justitiedeparte-

166 2093 140 32 mentet
334 2102 57 32 en,
419 2090 171 43 följande
618 2091 76 44 dag
720 2092 58 33 till
804 2091 597 45 justitierevisionsexpeditionen
1430 2094 242 34 överlämnad
1692 2106 84 22 men

164 2140 12 33 i
219 2141 113 34 slutet
372 2152 49 23 av
459 2140 72 44 juli
559 2153 47 22 av
637 2141 466 44 justitiedepartementets
1132 2143 86 34 chef
1244 2143 205 44 återtagen,
1478 2144 56 33 till
1562 2144 214 43 Konungen

164 2191 114 34 ställd
305 2192 168 34 ansökan
503 2204 59 22 om
591 2192 161 34 amnesti
779 2192 59 34 för
857 2192 209 44 Grimlund,
1090 2194 154 43 ingiven
1264 2205 49 22 av
1332 2193 45 35 de
1396 2193 99 35 båda
1513 2194 263 35 förstnämnda

297 2254 131 42 Bihang
452 2254 47 31 till
521 2255 182 41 riksdagens
724 2255 158 43 protokoll
905 2256 92 31 1921.
1041 2256 21 29 5
1084 2256 89 31 saml.
1239 2257 49 30 27
1311 2256 82 42 häft.
1432 2256 72 40 (Nr
1526 2257 68 37 42.)
1717 2259 16 28 7
