2198 2610
439 126 39 31 56
837 123 386 31 Konstitutionsutskottets
1245 123 163 30 memorial
1431 123 54 30 Nr
1507 124 53 29 42.

397 215 102 35 tiden
527 215 59 35 för
612 215 235 34 kontraktets
874 212 185 44 ingående
1087 212 84 34 med
1198 212 196 43 Fryklund
1408 212 175 42 gällande
1603 212 403 46 upphandlingsregle-

397 269 153 39 mentet,
596 276 79 23 som
718 268 147 31 ensamt
896 263 128 34 härför
1056 264 42 32 är
1124 261 247 35 normerande
1399 262 207 34 oberoende
1634 274 47 22 av
1708 263 76 33 alla
1812 265 193 34 kollektiv-

398 317 115 41 avtal,
555 318 56 31 att
650 315 228 34 kontrollera
918 312 254 36 förhållandet
1198 313 139 33 mellan
1364 312 197 43 Fryklund
1589 313 67 34 och
1685 313 211 43 arbetarna,
1925 315 80 34 dels

396 368 56 31 att
479 365 12 33 i
520 365 63 34 det
610 366 83 34 kort
720 365 103 34 förut
850 365 114 43 givna
991 374 76 32 nya
1093 363 529 43 upphandlingsreglementet
1649 376 48 22 av
1728 364 43 34 16
1800 363 78 43 jan.
1911 365 94 34 1920

396 412 23 45 &
449 416 44 34 61
537 427 110 22 mom.
678 416 20 33 3
728 427 46 22 en
802 414 262 35 bestämmelse
1091 413 146 42 införts,
1267 424 79 23 som
1373 414 62 33 väl
1463 413 152 43 medger
1642 417 56 31 att
1724 414 66 34 vid
1818 419 187 38 entrepre-

396 466 236 43 nadbelopps
670 466 239 42 utbetalning
948 465 58 33 till
1047 466 243 41 entreprenör
1329 463 177 43 intjänta,
1549 475 84 22 men
1661 464 190 34 obetalda»
1865 465 140 33 arbets-

395 517 104 33 löner
526 516 61 34 må
623 516 130 35 kunna
780 528 48 22 av
860 518 123 31 staten
1010 514 212 34 innehållas
1250 513 59 35 för
1336 513 121 34 direkt
1475 514 247 43 utbetalning,
1752 526 85 22 men
1864 515 140 34 varken

395 566 48 44 på
483 566 116 44 något
625 569 76 32 sätt
728 578 65 32 ger
820 565 83 35 stöd
932 565 38 34 åt
997 564 163 43 anspråk
1186 564 50 43 på
1263 564 302 44 räntebetalning
1590 575 88 23 vare
1707 564 58 43 sig
1793 564 93 35 efter
1908 566 44 33 10
1980 571 25 29 4

395 617 90 34 eller
526 616 95 35 efter
656 628 127 22 annan
811 615 134 44 grund,
975 615 33 43 ej
1040 615 116 34 heller
1183 626 109 22 avser
1318 615 239 43 utbetalning
1584 626 47 22 av
1658 614 121 34 andra
1806 615 119 34 medel
1955 618 47 31 än

395 668 96 41 dem,
532 668 126 33 vartill
699 669 243 40 entreprenör
968 666 70 34 har
1069 665 299 43 kontraktsenlig
1393 667 86 31 rätt.
1533 665 306 43 Uppenbarligen
1868 666 136 33 saknas

395 718 171 42 sålunda,
608 717 124 35 såsom
773 720 95 31 även
908 715 568 44 fortifikationsdepartementet
1515 714 219 43 framhållit,
1763 715 107 43 varje
1897 718 109 32 rätts-

396 768 122 44 grund
546 768 59 34 för
631 768 204 43 anspråket
861 769 78 32 mot
966 769 134 32 staten.

528 818 75 34 Vid
643 818 233 44 avgörandet
917 828 47 23 av
1004 816 145 43 frågan,
1191 827 60 23 om
1287 815 586 44 fortifikationsdepartementets
1901 817 102 33 hem-

395 869 136 34 ställan
577 868 114 35 borde
730 867 152 35 bifallas
923 868 89 33 eller
1052 866 49 43 ej,
1133 866 119 34 måste
1281 865 110 35 alltså
1417 868 118 42 vägas
1563 869 77 31 mot
1666 866 190 34 varandra
1883 866 22 34 å
1932 877 70 23 ena

394 919 109 34 sidan
543 919 175 34 intresset
750 921 56 31 att
846 918 38 34 få
924 917 328 43 havremagasinet
1288 916 150 43 färdigt,
1481 916 21 34 å
1531 916 71 34 den
1630 916 120 34 andra
1777 919 142 31 statens
1946 917 56 32 in-

393 973 116 31 tresse
537 972 57 31 att
620 969 79 34 icke
727 968 100 34 inför
855 980 44 22 en
928 967 145 34 enskild
1100 967 104 34 makt
1230 967 12 33 i
1271 967 196 34 samhället
1494 967 144 43 nödgas
1666 967 211 43 kapitulera
1905 970 99 31 emot

393 1019 95 35 både
516 1022 76 32 rätt
619 1019 69 34 och
715 1019 183 43 billighet.
952 1018 109 33 Huru
1090 1020 116 41 gärna
1234 1020 48 31 än
1311 1017 61 34 må
1399 1017 205 44 medgivas,
1633 1020 55 31 att
1715 1017 13 33 i
1756 1017 132 34 tvister
1914 1017 89 33 mel-

393 1071 63 33 lan
502 1070 169 34 arbetare
717 1070 68 34 och
827 1068 170 35 enskilda
1024 1068 254 44 arbetsgivare
1306 1068 157 34 blockad
1496 1068 69 34 och
1593 1068 130 43 övriga
1751 1068 69 33 här
1846 1067 156 34 berörda

393 1120 176 44 åtgärder
609 1120 161 43 mången
811 1119 100 44 gång
942 1119 140 34 kanske
1114 1121 134 40 utgöra
1275 1118 242 43 nödvändiga
1545 1117 237 42 maktmedel,
1814 1117 69 34 kan
1910 1117 94 34 detta

392 1171 74 34 icke
506 1170 38 43 få
584 1171 203 33 mutsträckas
824 1172 85 41 gent
949 1172 89 31 emot
1076 1171 118 32 staten
1234 1168 64 34 och
1338 1168 55 34 det
1424 1168 185 33 allmänna
1640 1168 176 34 intresset.
1871 1167 132 35 Staten

392 1221 119 34 måste
556 1224 71 40 äga
672 1221 101 34 kraft
818 1221 69 33 och
926 1219 95 43 vilja
1060 1231 75 31 nog
1161 1221 57 32 att
1245 1219 130 34 avvisa
1403 1219 75 33 alla
1505 1218 303 44 tvångsanspråk
1840 1221 77 31 mot
1944 1219 57 42 sig

390 1271 110 43 själv,
543 1272 68 33 och
639 1271 63 34 det
729 1271 114 34 borde
872 1269 126 35 därför
1025 1270 98 33 hava
1150 1268 179 44 påvisats,
1359 1272 55 31 att
1441 1268 262 35 fullbordande
1732 1280 48 22 av
1807 1269 195 33 havrema-

388 1323 149 42 gasinet
576 1321 175 44 utgjorde
792 1332 45 22 en
879 1321 184 42 oavvislig
1089 1319 283 44 nödvändighet
1400 1331 47 22 av
1475 1319 71 34 den
1575 1319 139 43 styrka,
1744 1321 59 36 att
1828 1319 174 34 intresset

390 1372 119 34 härav
537 1375 91 31 utan
656 1372 138 34 tvekan
823 1371 210 42 övervägde
1061 1373 143 31 statens
1233 1370 235 42 ovillkorliga
1495 1370 157 33 intresse
1681 1372 56 31 att
1764 1369 80 34 icke
1873 1380 46 22 av
1938 1380 63 23 en-

391 1422 123 34 skilda
545 1423 162 42 tvingas.
761 1422 61 33 Av
849 1421 226 43 protokollet
1101 1419 178 44 framgår,
1308 1420 140 33 varken
1477 1423 56 31 att
1561 1419 300 44 föredraganden
1889 1419 111 34 beak-

390 1475 56 31 tat
473 1472 111 34 dessa
611 1472 237 43 synpunkter
874 1472 89 33 eller
990 1473 56 31 att
1074 1470 123 43 någon
1226 1470 203 43 utredning
1455 1469 120 43 gjorts
1599 1470 159 33 rörande
1779 1469 117 44 sagda
1910 1469 91 34 nöd-

389 1522 219 43 vändighet,
650 1525 91 31 utan
782 1520 301 44 föredraganden
1116 1520 68 33 har
1211 1519 84 43 nöjt
1322 1520 56 43 sig
1405 1519 86 34 med
1519 1520 317 42 departementets
1863 1519 138 34 förkla-

390 1574 95 42 ring,
523 1575 56 31 att
607 1571 243 43 fullföljande
877 1582 88 23 vore
993 1570 246 43 nödvändigt,
1270 1570 128 34 oaktat
1426 1570 81 33 däri
1534 1570 80 33 icke
1633 1573 114 40 sagts,
1777 1572 56 32 att
1860 1569 140 35 fullföl-

389 1623 135 42 jandet
563 1623 80 42 just
683 1621 48 35 då
772 1622 69 34 och
882 1621 230 34 omedelbart
1139 1631 88 22 vore
1255 1620 235 43 nödvändigt
1518 1620 68 34 och
1614 1621 79 33 icke
1721 1620 126 34 kunde
1874 1620 125 43 någon

390 1674 55 33 tid
475 1673 119 34 anstå.
648 1670 74 37 För
749 1673 77 33 min
856 1672 59 34 del
943 1672 69 33 har
1038 1671 67 43 jag
1132 1673 135 39 ansett,
1297 1673 55 37 att
1379 1670 300 44 föredraganden
1707 1670 66 34 vid
1793 1671 104 34 detta
1914 1670 85 34 råd-

391 1724 92 43 slag,
513 1723 85 34 med
627 1724 147 42 hänsyn
803 1723 58 33 tlll
888 1722 180 33 beslutets
1095 1721 181 42 framtida
1302 1721 229 43 verkningar
1550 1721 69 34 och
1646 1720 267 44 medgivandet
1940 1731 60 23 om

391 1776 144 32 statens
566 1774 181 33 vanmakt
774 1775 90 41 gent
900 1776 99 30 emot
1027 1771 189 35 enskildas
1244 1771 34 43 ej
1309 1772 163 42 lagligen
1492 1770 195 44 grundade
1716 1770 175 44 anspråk,
1919 1771 80 34 icke

390 1824 177 43 iakttagit
606 1824 115 33 rikets
763 1822 273 44 sannskyldiga
1067 1824 119 41 nytta,
1216 1822 69 33 och
1314 1824 55 31 att
1395 1821 58 34 för
1481 1821 72 34 den
1582 1822 96 33 skull
1706 1821 184 34 utskottet
1916 1821 83 34 bort

390 1877 77 31 mot
508 1873 204 35 statsrådet
751 1874 44 33 E.
824 1874 45 33 A.
899 1873 129 34 Nilson
1056 1872 210 34 framställa
1299 1872 250 43 anmärkning
1577 1872 117 43 enligt
1720 1872 45 33 R.
1795 1872 41 33 F.
1866 1868 22 45 $
1911 1871 81 34 107.
