2202 2612
437 189 115 31 Andra
579 191 204 33 kommarens
807 195 138 31 andra
969 197 176 40 tillfälliga
1172 200 135 31 utskotts
1332 202 170 33 utlåtande
1526 204 50 30 Nr
1600 207 27 28 6.
1774 203 16 34 i

231 262 244 38 förhållanden
517 267 76 35 icke
634 270 163 35 avlämna
839 275 116 43 någon
994 277 186 44 spannmål
1221 278 52 34 till
1315 280 132 44 avsalu,
1496 295 77 21 men
1617 296 47 21 nu
1698 285 134 45 nödgas

227 314 106 34 forsla
361 315 66 34 den
459 317 78 34 från
564 320 143 44 gården.

365 365 67 35 Det
460 368 101 35 torde
590 369 119 35 därför
737 373 113 33 finnas
881 374 60 45 fog
969 375 55 34 för
1052 377 195 43 utgivande
1275 391 43 22 av
1348 380 68 34 viss
1445 383 200 45 ersättning
1671 384 12 33 i
1711 397 41 21 en
1775 385 53 34 del

226 413 70 34 fall.
354 415 223 38 Utfärdande
605 432 43 21 av
676 423 117 44 någon
823 424 155 43 generell
1008 426 194 43 föreskrift,
1234 429 6 32 i
1271 429 162 45 enlighet
1460 432 78 34 med
1565 433 61 34 det
1644 446 43 21 av
1706 435 124 34 motio-

224 466 148 33 närerna
399 468 160 44 antydda
586 470 180 45 förslaget,
796 473 101 34 torde
921 475 197 35 emellertid
1143 480 96 32 möta
1258 479 182 45 praktiska
1459 481 241 46 olägenheter,
1721 484 108 35 bland

222 517 111 31 annat
360 516 207 44 därigenom
596 522 54 31 att
677 516 126 40 tvister
829 523 185 45 lätteligen
1044 526 113 35 skulle
1187 531 130 42 uppstå
1343 532 185 43 angående
1557 533 69 34 den
1645 533 183 46 tillrygga-

221 562 105 45 lagda
353 568 133 41 vägens
514 567 108 46 längd
650 570 84 34 eller
761 571 126 46 dylikt.

358 614 53 34 En
451 616 207 47 lämpligare
699 621 201 46 samordning
934 624 102 35 torde
1079 639 90 31 vara,
1211 629 53 32 att
1303 629 261 44 jordbrukaren
1597 632 229 38 tillerkännes

220 664 72 33 rätt
331 666 54 33 att
425 666 91 35 efter
553 669 156 35 ansökan
752 672 64 34 hos
843 673 65 34 och
937 676 180 45 prövning
1144 689 43 22 av
1215 678 609 47 folkhushållningskommissionen

218 713 132 36 erhålla
385 717 383 51 transportersättning
795 723 10 33 i
833 724 131 34 sådana
991 726 74 44 fall,
1095 726 62 35 där
1184 728 280 37 kommissionen
1492 732 115 36 finner
1633 734 76 35 skäl
1737 736 87 35 före-

217 763 96 46 ligga
353 766 56 34 för
436 770 264 45 ersättningens
727 773 206 44 utgivande.
989 776 123 35 Såsom
1139 778 132 35 allmän
1298 793 103 22 norm
1429 782 122 35 härför
1578 784 108 35 borde
1714 781 108 55 likväl

215 814 104 45 gälla,
361 819 55 32 att
447 820 200 45 ersättning
678 821 77 36 icke
783 823 108 36 borde
920 827 88 44 utgå
1035 827 56 34 för
1117 827 199 37 leveranser
1343 831 224 37 omfattande
1595 836 228 44 vägsträckor

216 864 114 35 under
372 867 44 34 10
458 868 197 46 kilometer,
697 873 66 33 och
804 875 53 33 att
889 875 56 34 för
972 877 276 46 överskjutande
1276 880 289 38 kilometerantal
1593 887 228 45 ersättnings-

214 914 179 47 beloppet,
436 918 8 33 i
482 919 42 34 de
552 920 63 34 fall
642 922 127 35 sådant
795 923 70 34 kan
892 938 101 22 anses
1021 927 85 34 böra
1129 930 98 44 utgå,
1256 930 77 35 icke
1361 931 163 36 kommer
1546 936 54 32 att
1626 935 192 37 fastställas

214 964 55 34 till
297 965 110 46 högre
436 968 129 48 belopp
594 974 44 31 än
666 972 21 34 5
717 976 57 31 öre
802 986 63 33 per
892 974 197 37 kilometer.

346 1068 57 33 Av
435 1081 92 22 ovan
554 1071 149 35 anförda
730 1075 167 44 yttrande
926 1076 166 47 framgår,
1122 1081 54 32 att
1203 1076 611 59 folkhushållningskommissionen

208 1116 11 33 i
259 1116 116 35 likhet
406 1119 82 34 med
515 1122 264 37 motionärerna
806 1125 123 36 funnit
957 1127 69 35 den
1051 1129 260 45 jordbrukarne
1339 1133 191 46 åliggande
1558 1136 254 47 skyldigheten

206 1168 55 32 att
299 1169 242 45 transportera
580 1172 206 49 beslaglagd
825 1178 187 44 spannmål
1040 1179 56 35 för
1122 1180 160 36 leverans
1309 1185 20 32 å
1356 1184 185 36 bestämda
1571 1187 132 46 platser
1729 1202 83 22 vara

205 1229 44 22 av
290 1218 248 37 beskaffenhet
576 1225 54 32 att
670 1225 139 45 påkalla
848 1228 166 45 åtgärder
1053 1230 56 34 för
1131 1232 234 45 utjämnande
1393 1247 44 22 av
1465 1235 145 37 därmed
1637 1250 174 24 samman-

206 1267 189 47 hängande
436 1271 239 46 olägenheter.
733 1276 199 46 Utskottet,
961 1291 77 23 som
1065 1293 102 23 anser
1194 1284 202 35 motionens
1424 1286 94 45 syfte
1546 1288 263 46 beaktansvärt,

205 1318 115 35 finner
359 1323 90 32 även
485 1322 56 34 för
580 1324 54 33 sin
662 1324 56 35 del
746 1328 173 34 rättvisan
947 1329 118 45 kräva,
1094 1333 54 32 att
1175 1335 493 43 spaunmålsleverantörerna
1695 1340 114 35 under

205 1369 92 34 vissa
323 1370 130 35 villkor
480 1372 132 35 erhålla
639 1377 200 46 ersättning
862 1378 56 34 för
937 1379 68 34 den
1026 1382 400 48 transportskyldighet,
1447 1399 77 22 som
1544 1388 42 35 de
1606 1392 58 31 äro
1684 1390 126 35 under-

205 1417 155 37 kastade.
418 1421 70 35 För
527 1424 196 45 utgivande
764 1439 43 22 av
847 1428 99 46 dylik
988 1432 200 46 ersättning
1227 1434 89 34 talar
1355 1435 91 35 först
1486 1438 67 34 och
1593 1439 126 35 främst
1752 1441 60 35 det

204 1470 219 46 principiellt
463 1474 160 45 vägande
664 1475 124 46 skälet,
829 1480 55 33 att
913 1480 260 45 jordbrukarne
1202 1485 44 44 på
1272 1486 118 44 grund
1418 1499 44 22 av
1490 1488 69 35 den
1587 1490 225 48 ovillkorliga

206 1519 302 48 leveransplikten
548 1524 11 34 i
599 1525 197 37 allmänhet
834 1529 136 47 nödgas
1010 1532 107 35 forsla
1158 1534 54 34 till
1244 1536 121 34 avsalu
1392 1538 83 34 vida
1502 1541 111 33 större
1641 1542 172 46 mängder

203 1572 187 44 spannmål
424 1576 45 31 än
497 1575 113 34 under
636 1578 158 35 normala
822 1579 259 38 förhållanden.
1136 1584 58 34 En
1221 1587 74 33 stor
1323 1587 57 34 del
1407 1608 47 3 —
1483 1590 67 34 och
1578 1590 99 35 detta
1700 1592 111 46 gäller

202 1621 142 35 särskilt
384 1622 42 35 de
467 1628 129 32 smärre
622 1627 260 45 jordbrukarne
911 1651 46 3 —
986 1632 150 36 drabbas
1163 1648 50 21 nu
1240 1648 44 22 av
1311 1637 266 49 leveransplikt,
1607 1642 114 35 under
1748 1643 61 35 det

203 1671 42 34 de
273 1672 74 34 förr
376 1674 76 34 icke
481 1675 63 35 alls
571 1677 208 37 avlämnade
807 1682 119 45 någon
954 1684 187 45 spannmål
1167 1685 56 35 till
1250 1687 223 49 försäljning.
1529 1691 279 47 Mångenstädes

202 1722 100 35 torde
343 1723 182 36 dessutom
557 1727 69 34 den
653 1729 202 36 anbefallda
882 1734 228 46 transporten
1137 1735 61 35 ske
1225 1737 56 34 till
1308 1739 142 45 platser,
1480 1741 63 34 där
1569 1742 236 37 lantmännen

202 1773 30 45 ej
262 1773 75 34 förr
363 1776 92 34 varit
482 1789 91 22 vana
600 1780 54 33 att
680 1782 137 33 avsätta
848 1783 76 34 sina
951 1784 206 45 produkter.
1200 1787 131 36 Därtill
1359 1789 172 47 kommer,
1561 1795 54 32 att
1630 1793 37 35 de
1687 1794 9 34 i
1713 1797 95 32 stora

200 1822 97 35 delar
332 1837 43 22 av
402 1825 123 36 landet
551 1828 185 48 betydliga
763 1833 197 35 avstånden
987 1835 55 34 till
1069 1836 304 38 leveransorterna
1399 1845 86 42 göra
1513 1845 292 44 spannmålsfors-

199 1872 124 47 lingen
363 1875 62 35 där
451 1877 152 36 särdeles
630 1880 230 48 betungande
888 1884 67 34 och
983 1885 120 35 därför
1130 1887 10 33 i
1169 1887 99 36 desto
1296 1893 111 32 större
1436 1892 118 36 behov
1580 1906 43 22 av
1651 1894 150 36 lättnad.

338 1925 224 38 Beträffande
603 1930 61 35 det
703 1934 81 42 sätt,
826 1935 44 44 på
911 1935 113 35 vilket
1057 1949 45 22 en
1136 1939 206 48 utjämning
1368 1954 44 22 av
1440 1943 64 35 här
1531 1944 148 36 berörda
1706 1947 97 34 miss-

198 1974 250 38 förhållanden
475 1978 90 35 skall
588 1980 122 36 kunna
737 1983 72 44 ske,
838 1984 70 35 kan
936 1986 179 36 utskottet
1142 1989 191 36 instämma
1359 1992 12 34 i
1399 1993 42 34 de
1470 2006 44 22 av
1541 1996 264 36 motionärerna

198 2026 156 45 angivna
393 2028 179 36 allmänna
611 2032 205 45 grunderna
843 2054 46 4 —
918 2038 53 32 ett
1011 2038 88 34 visst
1138 2042 350 48 ersättningsbelopp
1528 2058 63 33 per
1620 2047 70 34 100
1719 2047 86 35 kilo-

197 2088 100 32 gram
338 2078 66 34 och
444 2079 197 37 kilometer.
699 2083 98 35 Utan
836 2088 54 32 att
927 2090 160 32 närmare
1128 2090 85 45 ingå
1239 2092 11 33 i
1278 2092 207 47 detaljerna,
1515 2096 96 35 vilka
1638 2097 85 35 böra
1751 2098 49 35 bli

197 2126 149 35 föremål
373 2128 56 34 för
456 2129 214 38 kommande
698 2134 205 48 utredning,
934 2137 61 34 vill
1023 2139 180 36 utskottet
1230 2142 125 36 endast
1378 2145 115 35 uttala
1512 2147 289 36 önskvärdheten

196 2189 44 21 av
267 2179 54 33 att
347 2180 156 35 nämnda
530 2181 130 48 belopp
687 2186 38 32 så
751 2189 163 43 avväges,
943 2190 54 32 att
1020 2189 207 47 därigenom
1255 2192 115 48 skälig
1397 2197 200 46 ersättning
1623 2198 100 46 gives
1746 2199 55 35 för

197 2227 64 34 här
301 2229 269 47 ifrågavarande
597 2235 228 46 transporter.
881 2237 74 35 Det
980 2240 102 35 torde
1110 2240 122 37 kunna
1259 2243 236 48 ifrågasättas,
1525 2247 177 37 huruvida
1729 2250 68 35 den

1857 1083 149 29 Utskottet.
