1884 2808
279 163 40 30 14
657 166 119 31 Andra
798 167 246 39 lagutskottets
1067 169 180 31 utlåtande
1269 180 43 20 nr
1334 171 52 30 47.

395 244 143 39 (Kungl.
560 245 127 39 Maj:ts
707 246 168 40 förslag:)
1206 251 214 33 (Utskottets
1444 252 169 40 förslag:)

985 311 18 29 d
1031 311 28 36 5.

321 366 26 30 Ä
372 368 78 29 sön-
472 369 82 29 eller
578 369 148 40 helgdag
750 371 57 29 må
830 372 100 29 butik
954 372 31 39 ej
1012 373 114 30 hållas
1151 375 113 39 öppen
1288 375 56 30 för
1369 376 248 30 allmänheten.
1654 377 116 34 Butik,

276 420 63 29 där
365 421 128 30 handel
517 422 102 30 idkas
645 423 280 40 huvudsakligen
950 426 80 29 med
1056 426 239 39 mejerivaror,
1322 429 74 38 ägg,
1423 429 189 38 margarin,
1638 427 133 47 bageri-

276 473 66 29 och
362 473 292 37 konditorivaror,
676 476 265 39 pilsnerdricka,
964 479 212 31 alkoholfria
1197 480 159 39 drycker,
1379 481 98 30 färsk
1500 482 99 30 frukt
1621 484 83 29 eller
1725 484 46 29 le-

275 526 112 30 vande
410 527 182 35 blommor,
617 529 59 29 må
699 530 88 29 dock
810 531 112 30 hållas
945 532 114 39 öppen
1083 532 56 30 för
1162 533 238 31 allmänheten
1422 536 129 29 meHan
1574 536 153 30 klockan
1751 536 19 29 8

275 580 66 28 och
357 580 151 30 klockan
528 581 49 34 10,
593 582 174 39 varjämte
784 583 273 41 fotografiateljé
1074 586 59 29 må
1149 586 113 31 hållas
1279 588 114 39 öppen
1411 588 111 30 under
1541 589 57 30 två
1615 589 153 34 timmar,

274 632 90 30 dock
386 633 32 39 ej
443 634 110 30 under
574 635 402 41 högmässogudstjänst.

319 686 153 31 Inträffa
489 688 78 29 sön-
585 688 84 30 eller
687 689 188 40 helgdagar
893 691 10 28 i
923 691 99 39 följd,
1042 692 59 29 må
1119 692 168 40 rakstuga
1306 693 83 30 eller
1408 693 228 41 frisersalong
1655 696 113 29 hållas

274 739 114 39 öppen
407 739 55 30 för
481 741 238 30 allmänheten
736 752 43 20 en
798 752 42 21 av
857 743 102 31 dessa
977 745 107 38 dagar
1104 746 129 29 mellan
1250 746 152 30 klockan
1422 747 19 29 8
1460 748 65 29 och
1543 748 153 30 klockan
1717 749 48 29 10.

765 880 262 36 Kommunala
1055 882 222 36 avvikelser.

977 966 19 29 6
1024 965 27 37 8.

316 1032 13 28 I
354 1031 171 31 kommun
547 1034 68 33 må,
639 1034 64 30 där
724 1035 57 30 det
804 1035 117 31 finnes
943 1037 161 40 lämpligt
1128 1047 42 20 ur
1194 1038 130 30 allmän
1348 1040 181 39 synpunkt
1552 1041 65 28 och
1639 1042 126 38 prövas

269 1084 123 31 kunna
412 1086 60 29 ske
492 1088 85 28 utan
596 1088 204 40 otillbörligt
819 1089 141 40 förfång
979 1090 56 30 för
1054 1090 135 41 företag
1207 1092 96 29 inom
1322 1092 228 35 kommunen,
1572 1103 75 20 som
1666 1095 98 29 driva

269 1138 130 30 rörelse
421 1139 11 29 i
452 1140 110 34 butik,
584 1141 84 29 eller
688 1141 55 30 för
763 1142 144 40 företag,
931 1153 75 20 som
1026 1144 99 30 driva
1149 1145 109 30 sådan
1279 1146 130 30 rörelse
1432 1156 42 20 av
1494 1147 87 30 visst
1603 1148 83 39 slag,
1708 1148 56 30 be-

270 1192 179 34 stämmas,
472 1195 50 28 att
545 1194 68 29 den
635 1195 138 39 vanliga
796 1195 211 31 affärstiden
1030 1191 89 36 skall
1142 1198 214 31 inskränkas
1377 1200 83 29 eller
1483 1202 51 28 att
1557 1201 206 30 densamma

268 1245 67 34 må,
355 1247 88 28 utan
461 1248 51 28 att
531 1247 180 40 förlängas
730 1248 54 30 för
802 1250 108 29 vecka
928 1250 137 35 räknat,
1085 1251 74 30 helt
1178 1252 84 29 eller
1281 1252 110 30 delvis
1410 1253 176 40 förläggas
1605 1254 21 30 å
1644 1264 118 20 annan

268 1298 50 29 tid
337 1299 45 29 än
400 1299 68 30 den
485 1300 12 29 i
515 1300 19 29 4
552 1300 85 30 eller
656 1301 18 30 5
696 1301 16 37 8
732 1302 193 39 medgivna.
946 1304 115 29 Sådan
1079 1305 246 30 bestämmelse
1344 1306 58 30 må
1422 1307 89 29 dock
1530 1307 31 39 ej
1582 1308 179 35 innebära,

267 1353 49 28 att
336 1352 102 29 butik
458 1354 160 39 samtliga
640 1355 237 40 söckendagar
896 1357 12 28 i
926 1357 133 30 veckan
1080 1358 90 29 skall
1190 1360 141 38 stängas
1351 1359 74 30 före
1445 1361 153 29 klockan
1620 1362 39 29 19
1678 1362 84 30 eller

267 1407 50 27 att
336 1406 103 29 butik
459 1406 20 30 å
502 1408 77 28 sön-
600 1407 84 30 eller
704 1408 147 40 helgdag
871 1410 111 30 hålles
1003 1411 115 40 öppen
1138 1412 111 30 under
1271 1413 403 41 högmässogudstjänst.

311 1458 71 30 Där
402 1459 57 30 det
478 1460 96 30 inom
594 1461 71 30 viss
683 1462 172 30 kommun
874 1463 70 30 kan
965 1473 103 21 anses
1088 1465 222 40 erforderligt
1330 1466 56 30 för
1405 1469 51 28 att
1476 1468 209 39 möjliggöra
1705 1469 56 30 för

268 1512 119 39 skogs-
415 1513 65 30 och
509 1513 346 41 flottningsarbetare
883 1519 91 28 samt
1002 1518 111 30 andra
1140 1518 97 40 långt
1266 1519 81 30 från
1373 1520 155 31 hemmet
1557 1523 203 38 sysselsatta

265 1574 168 30 personer
451 1569 51 27 att
520 1568 82 38 göra
622 1568 108 40 inköp
751 1569 20 30 å
789 1569 109 35 fritid,
917 1571 58 29 må
992 1571 226 35 bestämmas,
1238 1575 51 27 att
1306 1574 102 29 butik
1427 1574 20 29 å
1467 1576 78 28 sön-
1564 1575 84 30 eller
1666 1576 94 39 helg-

266 1619 67 39 dag
357 1619 56 30 får
437 1620 112 30 hållas
575 1622 115 39 öppen
717 1623 110 29 under
852 1623 102 40 högst
978 1625 57 29 två
1062 1625 153 35 timmar,
1242 1627 90 29 dock
1358 1627 32 39 ej
1419 1628 111 29 under
1557 1629 202 39 högmässo-

265 1672 212 39 gudstjänst.

309 1726 260 35 Bestämmelse,
596 1737 122 21 varom
743 1729 12 29 i
782 1730 115 30 denna
922 1732 166 38 paragraf
1115 1732 177 35 förmäles,
1320 1734 89 30 skall
1438 1735 90 39 gälla
1554 1736 79 29 hela
1660 1737 99 29 kom-

264 1787 143 26 munen,
427 1780 64 29 där
510 1780 31 40 ej
564 1782 200 39 synnerliga
784 1783 75 29 skäl
879 1784 53 29 till
952 1787 108 28 annat
1080 1785 192 31 föranleda.
1293 1787 103 30 Olika
1415 1789 265 30 bestämmelser
1700 1790 58 29 må

264 1832 179 30 meddelas
465 1833 54 30 för
541 1834 141 30 butiker
706 1844 42 21 av
772 1836 113 30 skilda
908 1837 82 40 slag.
1015 1838 270 32 Bestämmelser
1308 1841 59 30 må
1389 1843 86 29 även
1500 1843 178 30 meddelas
1702 1843 55 30 för

264 1885 125 30 endast
412 1886 139 31 butiker
574 1897 43 20 av
641 1888 87 30 visst
753 1890 72 38 slag
847 1900 81 20 men
951 1891 59 30 må
1034 1892 159 31 däremot
1215 1894 76 30 icke
1314 1895 190 39 begränsas
1528 1897 53 29 till
1606 1906 43 20 en
1673 1897 83 30 eller

264 1938 88 30 flera
371 1939 149 39 angivna
540 1941 150 30 butiker.
710 1942 49 30 De
779 1943 150 30 avsedda
949 1945 188 31 butikerna
1158 1947 107 34 skola,
1293 1948 4 29 i
1317 1948 69 30 den
1404 1950 84 29 mån
1509 1950 37 29 så
1567 1950 188 40 lämpligen

263 1991 88 30 låter
368 1992 52 39 sig
435 1994 92 38 göra,
544 1994 144 39 angivas
704 2003 125 31 genom
845 1998 255 38 uppräknande
1116 2009 42 20 av
1174 2000 41 30 de
1232 2002 163 39 varuslag
1410 2003 105 34 vilka,
1532 2004 223 30 uteslutande

262 2045 83 30 eller
365 2045 291 42 huvudsakligen,
679 2049 190 31 saluhållas
889 2051 12 28 i
918 2051 199 31 butikerna.

971 2150 73 37 178.

307 2215 66 30 Om
399 2216 244 31 bestämmelse
668 2219 107 39 enligt
801 2220 18 29 6
848 2220 15 36 8
890 2221 155 30 beslutar
1070 2222 68 30 den
1164 2224 215 39 myndighet,
1407 2234 74 21 som
1506 2228 124 29 utövar
1656 2228 98 29 kom-

261 2276 151 23 munens
429 2270 288 31 beslutanderätt.

302 2321 72 30 När
395 2322 99 40 fråga
514 2333 57 20 om
592 2324 110 30 sådan
721 2326 244 32 bestämmelse
987 2330 224 39 uppkommit
1230 2331 65 30 hos
1315 2332 68 29 den
1403 2332 230 32 kommunala
1654 2344 99 29 myn-

259 2374 174 39 digheten,
456 2377 88 29 skall
565 2378 139 30 tillfälle
724 2379 145 31 beredas
891 2382 277 39 näringsidkare,
1191 2385 235 39 arbetstagare
1447 2388 64 29 och
1532 2389 121 33 andra,
1676 2396 76 21 som

261 2428 112 30 skulle
401 2429 141 32 beröras
568 2441 43 20 av
636 2432 281 37 bestämmelsen,
945 2437 50 28 att
1023 2444 124 31 genom
1177 2438 75 30 sina
1281 2441 361 40 sammanslutningar
1668 2441 84 30 eller

259 2482 43 39 på
321 2485 109 27 annat
449 2484 67 30 sätt
534 2485 111 30 uttala
665 2486 51 39 sig
734 2486 12 30 i
764 2488 153 30 ärendet.
