1902 2820
223 186 122 29 Första
370 185 220 29 kammarens
626 184 152 33 andra
815 184 171 38 tillfälliga
1012 184 146 29 utskotts
1184 183 176 30 utlåtande
1386 183 46 30 Nr
1456 184 29 29 9.
1583 184 19 27 3

117 274 100 29 tande
239 283 41 20 av
304 273 199 39 riksdagens
526 274 245 29 ovannämnda
793 274 111 29 beslut
926 273 9 29 i
957 272 325 40 nykterhetsfrågan
1307 273 108 29 finner
1438 273 164 29 utskottet

117 327 100 38 syftet
242 327 78 29 med
343 327 227 30 förevarande
594 326 140 35 motion,
760 326 8 29 i
793 327 66 29 vad
882 336 97 20 avser
1001 325 390 40 nykterhetstillståndet
1415 326 94 30 inom
1533 326 68 29 för-

116 380 342 39 svarsberedskapen,
481 390 82 20 vara
586 380 217 38 tillgodosett.

160 433 72 30 Vad
251 433 153 30 härefter
420 432 108 39 angår
545 432 122 40 frågan
687 443 57 20 om
763 434 461 29 förströelseverksamheten
1244 434 105 29 bland
1369 433 40 30 de
1428 433 174 30 inkallade

117 485 154 40 framgår
295 496 42 20 av
363 487 40 30 de
428 486 78 30 från
532 487 142 29 militärt
700 486 71 31 håll
798 486 9 29 i
834 487 139 30 ärendet
999 487 147 38 avgivna
1172 487 215 38 yttrandena,
1415 489 47 28 att
1489 487 114 30 denna

117 538 96 39 fråga
239 539 105 30 redan
370 541 38 29 är
431 539 147 31 föremål
604 540 55 29 för
683 541 320 38 uppmärksamhet.
1032 540 114 39 Enligt
1172 541 182 30 utskottets
1381 540 222 39 uppfattning

118 593 93 29 torde
228 593 138 30 särskilt
383 594 64 29 den
464 603 42 20 av
523 593 330 31 överbefälhavaren
870 594 146 30 berörda
1033 594 218 38 nyinrättade
1270 594 235 30 institutionen
1525 594 78 30 med

117 648 213 36 regements-,
360 646 185 38 bataljons-
575 647 64 30 och
669 647 308 38 kompaniombud,
1008 647 92 30 vilka
1129 648 89 29 hava
1247 651 48 26 att
1323 648 134 30 biträda
1486 648 115 30 veder-

116 699 151 30 börande
289 699 149 30 militära
459 700 118 29 chefer
599 700 57 30 vid
677 701 302 38 handläggningen
1002 710 43 20 av
1066 701 150 30 ärenden
1240 702 146 29 rörande
1408 702 43 29 bl.
1475 711 29 20 a.
1529 711 72 29 per-

116 753 158 29 sonalens
297 752 186 39 bildnings-
507 753 65 30 och
597 753 516 39 underhållningsverksamhet,
1137 764 82 20 vara
1242 755 113 38 ägnad
1378 757 47 27 att
1448 755 154 30 förverk-

117 805 65 38 liga
199 804 214 32 önskemålet
430 809 47 27 att
494 807 125 29 bereda
638 807 40 30 de
695 806 175 31 inkallade
888 808 141 39 lämplig
1047 808 196 30 förströelse
1261 809 65 29 och
1345 808 258 39 sysselsättning

117 859 109 29 under
245 859 150 30 fritiden.

162 913 115 30 Under
296 913 217 40 åberopande
534 924 42 21 av
597 915 66 30 vad
683 914 146 31 sålunda
850 915 133 30 anförts
1004 914 55 31 får
1080 916 163 29 utskottet
1263 915 191 36 hemställa,

424 1024 48 27 att
495 1021 265 39 ifrågavarande
785 1022 130 30 motion
938 1022 74 30 icke
1037 1021 104 31 måtte
1164 1022 50 30 till
1238 1021 113 40 någon
1376 1023 106 30 första
1507 1023 95 29 kam-

382 1085 135 21 marens
538 1075 121 39 åtgärd
679 1076 190 29 föranleda.

161 1182 200 30 Stockholm
381 1182 64 30 den
468 1183 37 29 12
525 1182 74 38 juni
622 1183 92 29 1941.

653 1288 48 31 På
719 1290 182 30 utskottets
920 1290 143 39 vägnar:

725 1369 35 31 G.
788 1364 201 36 HEUMAN.

153 1583 194 25 Närvarande:
365 1584 104 24 Herrar
486 1583 140 29 Heiiman,
645 1582 132 25 Theodor
795 1583 182 30 Magnusson,
996 1582 94 25 Albert
1110 1583 170 29 Andersson,
1298 1582 103 30 Nisser,
1420 1582 59 24 Nils
1498 1582 106 25 Elows-

117 1626 52 17 son
189 1620 52 23 och
262 1619 74 24 Emil
354 1619 158 24 Petersson.
