1882 2806
296 170 41 44 20
716 181 105 28 Andra
841 181 215 33 lagutskottets
1079 180 157 28 utlåtande
1259 187 37 19 nr
1322 180 42 26 13.

430 262 136 39 (Kungl.
590 262 117 39 Maj:ts
731 260 151 40 förslag.)

341 333 193 39 Konungen
556 333 89 38 äger,
667 333 90 30 även
780 335 85 28 utan
887 334 49 28 att
959 331 55 30 be-

295 387 262 31 stämmelserna
582 386 10 30 i
620 386 37 30 14
683 384 22 41 8
733 386 15 30 1
775 395 104 21 mom.
907 384 108 31 andra

296 440 66 31 och
381 439 111 39 tredje
513 439 164 39 styckena
700 438 186 39 iakttagits,
907 436 45 41 på
973 446 42 21 av

296 492 348 39 medicinalstyrelsen
663 492 88 31 efter
761 489 255 40 framställning

297 555 41 21 av
359 544 418 41 sjukvårdsberedningen
796 544 133 39 avgivet
948 543 67 30 för-

297 599 73 40 slag
388 598 53 32 till
461 598 208 31 innehavare
691 607 45 21 av
757 597 68 31 viss
860 596 155 40 epide-

295 650 647 39 milasarettsläkartjänst
964 653 51 27 ut-

298 706 128 31 nämna
465 705 76 35 den,
580 714 76 21 som
695 703 59 31 vid
791 704 114 30 denna
943 702 73 40 lags

297 758 275 31 ikraftträdande
589 758 37 30 är
643 757 212 30 innehavare
871 765 41 22 av
930 758 85 28 mot-

298 811 170 32 svarande
493 810 208 40 läkartjänst
728 809 59 32 vid
812 809 77 31 det
924 809 90 39 epi-

299 863 359 41 demisjukhus,
690 872 122 22 varom
839 861 98 40 fråga
966 863 47 29 är.

342 917 49 32 De
417 917 179 37 särskilda,
622 919 73 29 mot
722 916 115 31 denna
862 916 54 39 lag
942 914 73 31 stri-

297 971 113 31 dande
428 970 268 35 bestämmelser,
720 979 76 21 som
816 969 74 30 före
910 968 66 31 den
1000 969 12 28 1

295 1024 135 38 januari
451 1024 83 30 1948
545 1022 56 31 må
612 1023 90 30 hava
712 1022 101 30 blivit
823 1031 41 21 av
877 1021 138 31 Konun-

297 1085 64 31 gen
388 1077 81 30 eller
495 1076 78 30 med
601 1076 211 38 Konungens
839 1073 177 40 bemyndi-

298 1129 111 40 gande
436 1129 184 31 utfärdade
647 1128 56 31 för
731 1128 91 31 vissa
862 1127 154 40 epide-

297 1182 295 40 misjukhus,
622 1181 39 31 så
682 1182 67 30 ock
768 1180 248 40 bemyndigan-

297 1236 53 36 de,
366 1245 77 21 som
464 1245 81 30 nyss
564 1238 101 37 sagts,
684 1234 100 31 skola
803 1233 214 32 fortfarande

299 1298 81 22 vara
397 1288 169 40 gällande,
584 1288 64 31 och
666 1287 59 31 må
741 1287 219 31 beträffande
976 1285 42 31 de

298 1343 135 35 ämnen,
467 1351 76 21 som
575 1341 154 31 nämnda
760 1339 258 32 bestämmelser

298 1405 89 26 avse,
416 1395 9 30 i
454 1394 122 32 hittills
603 1394 160 39 gällande
791 1393 146 39 ordning
963 1391 55 31 för

299 1449 105 39 sagda
423 1448 145 39 sjukhus
587 1447 176 31 meddelas
781 1447 43 30 de
842 1445 175 32 föreskrif-

300 1505 57 33 ter,
377 1511 75 21 som
470 1501 58 31 må
548 1501 114 31 finnas
681 1500 177 39 lämpliga,
879 1499 137 31 Konun-

299 1563 63 31 gen
394 1555 158 39 obetaget
581 1557 49 28 att
659 1553 170 31 återkalla
858 1552 80 31 eller
968 1552 49 30 in-

298 1608 149 30 skränka
475 1607 171 31 meddelat
671 1605 288 40 bemyndigande.

562 1802 42 53 2)
639 1805 108 53 Lag

298 1892 60 23 om
376 1884 138 30 ändrad
532 1883 131 39 lydelse
681 1891 44 22 av
748 1882 42 30 18
810 1880 21 41 8
852 1881 165 40 epidemi-

341 1936 103 39 lagen
462 1937 70 30 den
549 1937 41 29 19
607 1936 76 39 juni
704 1935 86 30 1919
811 1935 55 37 (nr
883 1934 90 37 443).

312 2046 2 2 -
343 2007 212 40 Härigenom
572 2006 194 36 förordnas,
786 2009 50 27 att
855 2006 38 30 18
912 2003 19 41 $
950 2004 67 40 epi-

300 2060 193 40 demilagen
514 2060 67 31 den
607 2060 39 30 19
668 2059 77 39 juni
771 2059 84 30 1919
885 2057 133 31 skall

299 2112 130 32 erhålla
450 2113 132 30 ändrad
602 2113 131 38 lydelse
753 2111 44 40 på
819 2112 64 30 sätt
907 2110 110 31 nedan

300 2166 147 39 angives.

614 2326 37 30 18
676 2324 29 41 8.

344 2387 101 39 Varje
463 2387 288 40 epidemidistrikt
768 2387 89 30 skall
873 2388 64 37 äga
954 2385 64 32 till-

300 2439 89 40 gång
413 2439 53 32 till
488 2439 218 40 erforderligt
730 2439 96 31 antal
848 2439 127 40 platser
999 2438 21 32 å

341 2507 10 17 ?
369 2507 116 26 Senaste
504 2508 103 31 lydelse
627 2514 36 18 av
682 2506 36 27 20
737 2509 12 27 &
769 2514 28 19 se
817 2507 61 25 SFS
899 2508 77 25 1940:
990 2507 79 25 1049.

1242 258 202 39 (Utskottets
1469 257 150 39 förslag.)

1117 330 191 39 Konungen
1332 331 89 37 äger,
1444 330 87 29 även
1555 332 84 26 utan
1662 331 50 27 att
1735 328 54 29 be-

1070 384 263 31 stämmelserna
1357 383 10 29 i
1396 383 37 29 14
1460 380 20 41 $
1509 383 13 29 1
1550 391 104 21 mom.
1683 380 107 31 andra

1071 437 66 31 och
1157 436 110 39 tredje
1289 436 164 39 styckena
1476 434 185 39 iakttagits,
1684 433 44 41 på
1750 442 41 21 av

1071 489 352 39 medicinalstyrelsen
1440 488 86 31 efter
1537 486 255 39 framställning

1072 553 41 20 av
1134 541 418 41 sjukvårdsberedningen
1571 540 135 39 avgivet
1724 539 66 31 för-

1073 596 71 39 slag
1163 596 53 30 till
1237 595 209 30 innehavare
1469 604 43 21 av
1533 593 68 31 viss
1635 593 156 39 epide-

1072 646 615 42 misjukhusläkartjänst
1741 647 51 29 ut-

1074 703 127 30 nämna
1240 702 77 35 den,
1357 710 75 21 som
1471 700 58 30 vid
1567 700 114 30 denna
1718 699 74 39 lags

1073 754 275 32 ikraftträdande
1364 755 39 29 är
1419 753 210 31 innehavare
1647 762 42 21 av
1706 755 85 28 mot-

1071 808 168 31 svarande
1257 807 208 39 läkartjänst
1485 807 58 30 vid
1560 806 78 30 den
1656 805 135 40 epide-

1072 861 343 35 mivårdanstalt,
1452 869 121 22 varom
1607 858 100 40 fråga
1743 859 48 30 är.

1117 915 50 31 De
1192 914 181 36 särskilda,
1399 917 73 28 mot
1496 914 116 30 denna
1637 913 56 39 lag
1717 911 75 31 stri-

1073 969 112 30 dande
1204 967 268 36 bestämmelser,
1496 976 76 21 som
1591 966 75 31 före
1687 966 66 31 den
1777 966 13 29 1

1071 1022 134 38 januari
1227 1021 82 30 1948
1321 1019 57 32 må
1389 1020 91 30 hava
1489 1019 99 30 blivit
1598 1028 42 21 av
1653 1018 139 31 Konun-

1073 1083 63 32 gen
1164 1075 80 29 eller
1270 1074 80 30 med
1378 1073 209 39 Konungens
1614 1071 178 39 bemyndi-

1074 1128 110 39 gande
1210 1126 185 31 utfärdade
1424 1126 55 30 för
1506 1125 92 31 vissa
1637 1124 156 40 epide-

1075 1179 465 35 mivårdanstalter,
1580 1177 38 32 så
1644 1178 66 30 ock
1737 1177 56 31 be-

1074 1233 243 40 myndigande,
1347 1242 76 21 som
1453 1241 81 30 nyss
1562 1235 104 36 sagts,
1695 1230 98 31 skola

1074 1286 217 32 fortfarande
1304 1295 83 21 vara
1402 1285 168 39 gällande,
1585 1285 67 30 och
1666 1283 59 32 må
1738 1284 55 30 be-

1076 1340 173 31 träffande
1266 1339 42 31 de
1324 1340 137 34 ämnen,
1476 1348 77 21 som
1570 1338 153 31 nämnda
1738 1338 56 29 be-

1073 1393 214 31 stämmelser
1298 1402 88 26 avse,
1396 1392 10 30 i
1416 1391 121 32 hittills
1549 1391 159 40 gällande
1716 1390 77 32 ord-

1075 1447 82 39 ning
1179 1446 55 31 för
1257 1446 107 39 sagda
1385 1445 147 40 sjukhus
1555 1444 177 32 meddelas
1753 1444 43 30 de

1075 1499 225 35 föreskrifter,
1319 1509 74 21 som
1412 1497 57 32 må
1487 1498 115 30 finnas
1620 1496 175 40 lämpliga,

1077 1553 191 38 Konungen
1287 1552 157 39 obetaget
1462 1554 49 28 att
1530 1550 167 32 återkalla
1714 1550 82 31 eller

1074 1606 186 30 inskränka
1299 1605 171 30 meddelat
1506 1603 287 39 bemyndigande.

1344 1800 42 53 2)
1422 1803 93 53 Lag

1075 1889 58 24 om
1155 1882 137 30 ändrad
1312 1881 132 39 lydelse
1466 1890 43 21 av
1533 1881 53 37 18,
1619 1881 55 30 20
1706 1880 89 30 och

1096 1936 54 29 23
1180 1933 56 40 $$
1266 1934 258 40 epidemilagen
1546 1935 68 30 den
1635 1934 42 30 19
1697 1933 76 38 juni

1297 1987 85 31 1919
1406 1987 57 38 (nr
1485 1986 91 38 443).

1121 2059 209 39 Härigenom
1356 2058 195 36 förordnas,
1578 2061 49 27 att
1656 2059 48 34 18,
1745 2049 52 38 20

1076 2112 86 30 och
1200 2112 54 30 23
1291 2110 54 41 $$
1384 2111 250 40 epidemilagen
1659 2111 68 31 den
1758 2110 38 30 19

1075 2165 74 38 juni
1181 2160 98 35 1919!
1318 2165 144 30 skola
1502 2163 133 32 erhålla
1663 2163 132 31 ändrad

1077 2218 127 38 lydelse
1225 2217 44 39 på
1294 2218 64 30 sätt
1384 2218 111 30 nedan
1519 2217 148 40 angives.

1392 2310 127 53 188.

1120 2386 101 39 Varje
1240 2385 287 40 epidemidistrikt
1544 2387 89 30 skall
1649 2387 66 37 äga
1732 2384 64 31 till-

1077 2438 90 41 gång
1191 2439 52 31 till
1265 2438 218 40 erforderligt
1505 2439 96 31 antal
1624 2438 129 40 platser
1778 2436 17 31 å
