1888 2812
493 186 103 26 Andra
617 187 216 33 lagutskottets
857 187 158 26 utlåtande
1040 195 35 18 nr
1103 187 40 26 13.
1547 186 14 29 7

74 263 126 32 hållna.
242 265 115 39 Enligt
387 264 248 40 epidemilagen
667 264 127 40 åligger
826 266 52 29 det
915 266 255 30 vederbörande
1202 265 286 40 epidemidistrikt
1519 268 48 28 att

73 326 100 23 svara
195 317 56 32 för
271 321 49 28 att
342 318 96 31 inom
461 317 169 32 distriktet
654 318 112 31 finnes
789 317 219 40 erforderligt
1031 319 93 30 antal
1148 319 128 39 platser
1297 318 20 32 å
1339 318 147 40 sjukhus
1510 328 56 20 av-

73 372 105 31 sedda
198 371 57 31 för
273 381 174 30 personer,
471 381 74 21 som
566 373 61 29 äro
648 371 187 31 behäftade
857 372 80 30 med
957 372 41 30 de
1020 372 9 30 i
1051 372 249 39 epidemilagen
1322 372 139 31 särskilt
1481 381 85 31 upp-

74 425 152 31 räknade
249 423 213 41 epidemiska
485 425 260 38 sjukdomarna.
782 426 63 30 Det
867 426 139 38 stadgas
1027 426 126 36 vidare,
1179 429 48 27 att
1250 425 132 32 sådana
1405 425 161 40 epidemi-

73 478 147 40 sjukhus
240 480 97 30 skola
359 488 84 22 vara
463 479 288 38 ändamålsenligt
772 479 159 38 förlagda
954 480 63 30 och
1039 483 49 27 att
1108 480 56 30 vid
1185 480 78 30 dem
1283 480 98 30 skola
1402 480 164 30 anställas

72 532 118 31 läkare
212 533 65 30 och
299 533 65 30 den
388 532 119 40 övriga
529 534 170 38 personal,
724 543 75 20 som
822 543 43 20 av
889 533 143 30 behovet
1057 533 166 39 påkallas,
1250 533 178 39 Därjämte
1451 532 115 31 finnas

74 585 213 31 föreskrifter
309 596 58 20 om
392 585 195 40 skyldighet
607 590 45 27 att
678 586 164 31 anskaffa
867 586 195 40 utrustning
1088 587 54 30 för
1165 587 65 30 och
1253 587 185 39 planlägga
1462 586 103 31 inrät-

74 639 101 31 tande
193 649 43 21 av
255 639 172 39 tillfälliga
446 639 281 39 sjukhuslokaler
747 644 48 27 att
816 644 95 34 tagas
933 640 7 30 i
960 641 89 29 bruk
1071 641 52 29 för
1143 641 66 30 den
1227 640 165 31 händelse
1410 640 155 39 tillgäng-

72 693 66 39 liga
164 693 128 40 platser
317 693 20 31 å
362 693 297 40 epidemisjukhus
685 693 160 31 befinnas
871 693 239 37 otillräckliga.
1148 693 143 31 Jämlikt
1317 693 248 39 sjukhuslagen

72 747 88 30 skall
181 746 56 31 för
257 746 298 39 epidemisjukhus
578 747 125 30 liksom
725 747 54 30 för
800 752 108 26 annat
930 747 146 39 sjukhus
1097 748 99 38 gälla,
1221 751 49 27 att
1292 747 209 39 anläggning
1524 756 42 20 av

72 800 181 39 sjukhuset
274 800 32 40 ej
329 800 56 31 får
407 799 173 40 påbörjas,
607 801 118 30 förrän
751 800 350 39 medicinalstyrelsen
1126 800 153 39 godkänt
1304 800 95 31 såväl
1423 801 66 30 den
1512 800 55 30 för

72 854 180 39 sjukhuset
282 854 152 31 avsedda
465 859 129 26 tomten
624 864 75 21 som
727 854 352 40 byggnadsritningar
1108 854 55 31 för
1193 854 253 40 anläggningen
1477 858 89 27 samt

73 907 166 40 ritningar
279 909 82 29 över
391 908 286 39 uppvärmnings-
709 909 65 29 och
805 908 291 31 sanitärtekniska
1129 908 234 38 anordningar
1395 908 56 30 vid
1483 907 78 30 den-

71 969 143 22 samma.
251 961 49 31 De
324 962 8 29 i
359 960 249 39 sjukhuslagen
631 961 101 39 givna
757 962 305 30 bestämmelserna
1087 971 56 21 om
1169 961 171 31 direktion
1365 962 90 38 gälla
1480 961 85 39 jäm-

72 1015 54 30 väl
150 1014 352 40 epidemisjukhusen.
541 1015 9 30 I
577 1015 111 38 övrigt
711 1016 45 29 ha
780 1015 330 39 epidemidistrikten
1137 1019 70 26 stor
1230 1015 105 30 frihet
1359 1019 49 26 att
1431 1015 133 38 organi-

71 1077 75 22 sera
171 1067 463 40 epidemisjukhusväsendet
659 1068 45 39 på
729 1069 66 30 sätt
820 1067 198 40 lämpligast
1041 1068 112 30 finnes
1181 1069 64 29 och
1272 1069 65 38 äga
1363 1068 109 39 själva
1499 1068 65 30 rätt

71 1124 48 28 att
141 1121 141 31 tillsätta
302 1121 247 39 läkartjänster
572 1122 56 30 vid
650 1121 341 39 epidemisjukhusen
1014 1126 84 26 utan
1119 1131 117 21 annan
1258 1122 151 30 kontroll
1432 1122 45 30 än
1499 1122 66 29 den

70 1182 75 23 som
166 1174 106 39 ligger
293 1174 85 37 däri,
402 1179 49 26 att
474 1174 351 40 medicinalstyreisen
848 1176 87 29 skall
961 1176 9 29 i
993 1176 121 38 förväg
1137 1176 107 38 pröva
1269 1175 218 30 sökandenas
1509 1174 55 30 be-

70 1227 166 39 hörighet.
272 1228 177 31 Särskilda
473 1228 479 39 behörighetsbestämmelser
977 1229 115 30 finnas
1113 1229 189 30 emellertid
1324 1228 88 36 icke;
1436 1229 56 30 det
1515 1237 49 20 er-

73 1281 134 32 fordras
226 1281 87 32 blott
332 1286 50 27 att
403 1282 256 31 vederbörande
680 1283 84 30 skall
787 1283 84 38 fylla
894 1283 41 29 de
957 1283 85 30 krav
1063 1292 74 21 som
1158 1283 9 29 i
1188 1282 190 31 allmänhet
1397 1283 61 29 äro
1480 1291 83 30 upp-

70 1335 124 32 ställda
217 1335 56 31 för
294 1336 68 30 rätt
384 1339 49 27 att
456 1336 104 31 utöva
583 1336 257 30 läkarkonsten.

115 1389 352 39 Medicinalstyrelsen
486 1390 64 30 har
571 1399 46 21 nu
638 1390 164 38 framlagt
821 1390 131 39 förslag
972 1391 8 29 i
1002 1391 125 32 ämnet,
1150 1390 102 30 vilket
1274 1390 129 38 förslag
1425 1390 10 29 i
1456 1389 108 31 första

71 1442 94 31 hand
190 1441 145 32 innebär
362 1447 48 26 att
437 1452 41 21 en
505 1442 66 31 viss
599 1442 272 40 differentiering
899 1443 111 30 skulle
1036 1442 221 39 genomföras
1284 1443 95 30 inom
1404 1442 159 39 epidemi-

69 1495 321 39 sjukhusväsendet.
431 1497 48 29 De
505 1499 224 36 permanenta
755 1494 465 41 epidemivårdsanstalterna
1248 1495 144 32 föreslås
1419 1494 145 33 sålunda

69 1549 99 31 skola
190 1548 168 40 uppdelas
382 1549 8 30 i
417 1549 56 31 två
496 1549 201 38 kalegorier.
738 1550 71 30 Den
832 1559 64 21 ena
921 1549 207 39 kategorien,
1155 1550 54 30 för
1230 1549 115 30 vilken
1368 1549 104 39 enligt
1496 1548 67 31 för-

71 1603 106 39 slaget
205 1603 250 38 beteckningen
484 1603 297 39 epidemisjukhus
810 1603 63 30 bör
903 1612 201 26 reserveras,
1137 1604 85 29 skall
1256 1603 146 31 omfatta
1434 1602 130 31 sådana

69 1655 429 41 epidemivårdsanstalter,
521 1665 73 22 som
617 1657 60 30 äro
699 1657 151 30 avsedda
873 1657 54 29 för
949 1657 67 30 alla
1040 1656 45 30 till
1109 1656 279 40 epidemivården
1410 1656 155 31 hörande

70 1709 254 40 sjukdomsfall,
349 1709 193 31 oberoende
564 1720 41 20 av
627 1710 98 31 deras
749 1709 253 40 svårhetsgrad.
1037 1710 65 30 Vid
1124 1710 41 30 de
1188 1711 174 34 anstalter,
1387 1719 74 21 som
1485 1708 80 40 ingå

72 1763 6 30 ;
106 1763 67 30 den
197 1764 110 30 andra
333 1763 209 39 kategorien,
569 1763 407 39 epidemisjukstugorna,
1003 1764 96 30 skola
1127 1764 119 29 endast
1272 1763 191 30 behandlas
1493 1763 68 30 fall,

71 1826 73 21 som
167 1817 75 30 icke
267 1817 109 30 kräva
402 1826 93 21 mera
522 1817 135 39 speciell
684 1816 93 31 vård.
805 1817 164 30 Avsikten
996 1818 46 34 är,
1071 1820 47 26 att
1144 1816 418 39 epidemivårdsanstalter

71 1870 78 30 med
169 1879 71 21 mer
261 1870 42 29 än
325 1871 42 28 60
388 1869 214 40 vårdplatser
622 1870 97 30 alltid
738 1870 98 30 skola
858 1879 82 21 vara
962 1870 200 30 anordnade
1183 1869 115 31 såsom
1319 1869 242 39 epidemisjuk-

71 1923 73 30 hus.
164 1923 66 30 Om
247 1923 9 29 i
275 1922 101 39 något
397 1922 285 39 epidemidistrikt
702 1923 99 37 ingen
820 1924 125 29 anstalt
965 1923 64 30 har
1047 1923 109 30 denna
1176 1923 135 34 storlek,
1331 1923 86 29 skall
1438 1923 122 37 Kungl.

73 1976 98 38 Maj:t
186 1976 136 29 ändock
341 1980 73 25 utse
428 1985 40 20 en
486 1985 41 21 av
543 1976 211 30 anstalterna
773 1976 45 30 till
837 1976 307 38 epidemisjukhus,
1162 1975 156 30 försåvitt
1337 1976 73 29 icke
1427 1975 134 30 distrik-

72 2032 43 26 tet
139 2028 215 38 avtalsenligt
380 2028 203 39 disponerar
608 2029 103 30 minst
737 2030 40 28 40
805 2029 215 39 vårdplatser
1046 2029 18 30 å
1091 2028 306 39 epidemisjukhus,
1425 2039 72 19 som
1525 2029 38 29 är

71 2082 131 38 beläget
227 2082 91 30 inom
344 2092 134 20 samma
502 2082 58 29 län
583 2091 77 21 men
686 2082 111 29 drives
822 2092 41 20 av
890 2086 106 26 annat
1019 2081 295 40 epidemidistrikt.
1343 2082 61 30 Det
1431 2082 128 29 tillätna

73 2134 302 40 vårdplatsantalet
405 2135 53 30 vid
485 2135 327 39 epidemisjukstuga
842 2135 86 29 skall
957 2135 103 37 enligt
1088 2136 158 37 förslaget
1276 2145 80 20 vara
1384 2136 99 36 högst
1511 2136 49 27 60.

116 2187 70 30 Den
215 2188 6 29 i
248 2187 142 30 ärendet
417 2188 197 38 förebragta
640 2188 225 36 utredningen
895 2197 100 29 synes
1021 2188 68 38 mig
1115 2188 74 37 giva
1219 2188 202 39 uppenbara
1445 2188 119 38 belägg

73 2240 52 31 för
148 2241 291 38 angelägenheten
468 2251 38 19 ur
531 2240 362 39 sjukvårdssynpunkt
922 2251 42 20 av
991 2245 48 26 att
1065 2241 94 37 varje
1185 2241 285 38 epidemidistrikt
1498 2240 66 29 för-

72 2294 98 38 fogar
195 2294 82 30 över
302 2297 46 26 ett
376 2294 194 38 tillräckligt
599 2295 92 28 antal
721 2295 127 37 platser
876 2294 57 29 vid
959 2304 40 20 en
1027 2295 127 28 central
1184 2293 378 39 epidemivårdsanstalt

71 2355 74 22 som
169 2347 81 38 äger
271 2345 288 39 förutsättningar
587 2348 53 29 för
666 2345 316 31 tillfredsställande
1008 2346 83 31 vård
1118 2347 85 29 även
1231 2356 41 20 av
1300 2356 93 21 mera
1420 2346 144 39 kompli-

71 2399 121 31 cerade
212 2399 255 39 sjukdomsfall.
501 2394 25 36 Å
547 2400 110 29 andra
678 2399 98 30 sidan
797 2409 101 29 synes
919 2399 56 31 det
996 2409 40 20 ur
1055 2399 90 30 olika
1167 2399 215 39 synpunkter
1401 2399 164 30 önskvärt

72 2455 56 33 att,
148 2452 55 31 för
220 2452 42 30 de
280 2452 141 31 enklare
440 2452 114 35 fallen,
575 2462 42 21 en
636 2452 66 31 viss
721 2452 302 39 decentralisering
1043 2461 41 21 av
1104 2451 461 40 epidemisjukhusväsendet

71 2504 194 31 bibehålles.
311 2506 69 29 Den
411 2515 41 21 av
482 2505 348 38 medicinalstyrelsen
862 2505 191 36 föreslagna
1085 2505 314 37 differentieringen
1431 2514 40 20 av
1498 2504 66 38 epi-
