1908 2846
350 163 19 29 4
719 163 291 32 Statsutskottets
1034 164 188 32 utlåtande
1245 165 52 31 Nr
1318 164 74 31 169.

306 239 174 37 ordnings
508 240 241 36 giltighetstid
777 242 108 35 utgår
925 242 79 31 med
1043 242 211 36 budgetåret
1282 241 172 36 1931/1932
1483 243 64 32 och
1577 243 230 37 följaktligen

308 289 131 36 frågan
460 292 12 30 i
491 292 65 32 allt
576 292 67 31 fall
662 294 114 31 måste
797 292 96 32 inom
913 294 81 31 kort
1015 293 99 32 bliva
1137 294 149 31 föremål
1307 295 56 30 för
1384 294 260 37 övervägande,
1665 295 141 31 avvisa-

305 342 42 31 de
373 342 76 31 min
474 343 223 32 företrädare
723 344 12 31 i
758 344 155 32 ämbetet
937 345 133 31 tanken
1094 346 46 36 på
1163 347 54 30 att
1243 346 45 31 då
1314 345 132 32 föreslå
1470 347 119 36 någon
1614 347 156 36 ändring
1796 348 13 31 i

305 393 275 38 författningen.

346 448 68 33 Det
435 448 88 37 skäl,
545 458 76 22 som
643 447 152 32 sålunda
818 448 11 31 i
853 447 66 37 fjol
939 448 169 32 anfördes
1130 451 73 30 mot
1224 450 50 30 ett
1297 448 183 33 rubbande
1502 450 11 30 i
1538 449 112 32 förtid
1672 460 45 21 av
1740 450 67 31 den

305 499 41 31 år
399 501 78 30 1926
508 499 202 36 fastslagna
740 499 199 36 ordningen
972 501 56 31 för
1059 500 354 36 rusdrycksmedlens
1442 501 246 37 användning,
1721 504 84 33 äger

305 551 161 37 alltjämt
492 551 177 37 giltighet.
712 552 136 31 Härtill
871 551 168 38 kommer,
1065 554 54 30 att
1146 553 131 35 frågan
1302 562 56 22 om
1381 552 70 32 den
1477 553 170 32 fortsatta
1672 555 134 30 avsätt-

306 603 134 37 ningen
470 613 45 22 av
545 604 113 31 medel
688 603 57 32 till
773 603 233 37 avbetalning
1033 605 22 31 å
1084 604 243 32 statsskulden
1354 614 107 28 synes
1489 606 76 35 mig
1593 605 87 32 böra
1710 615 54 22 ses
1794 606 12 30 i

304 656 51 31 ett
377 655 125 32 vidare
525 655 270 36 sammanhang,
818 654 183 37 nämligen
1023 656 12 31 i
1056 655 175 32 samband
1254 656 80 32 med
1355 656 212 36 spörsmålet
1590 667 58 21 om
1670 667 43 21 en
1735 666 71 22 om-

306 706 194 38 värdering
527 717 45 22 av
599 708 58 31 det
685 707 12 31 i
722 709 136 30 statens
884 707 346 37 affärsförvaltning
1254 707 178 37 nedlagda
1458 708 259 37 lånekapitalet
1741 709 65 31 och

304 767 58 22 om
381 768 43 22 en
445 759 177 31 eventuell
642 759 259 37 nedskrivning
921 770 48 21 av
987 759 191 32 oräntabla
1195 759 100 32 delar
1315 770 46 21 av
1381 760 130 32 sådant
1532 760 148 37 kapital.
1721 761 84 32 För-

303 809 281 37 skjutningarna
631 810 12 31 i
679 810 297 37 penningvärdet,
1001 811 256 36 utvecklingen
1281 812 47 36 på
1353 811 454 33 kommunikationsväsen-

306 859 75 32 dets
403 861 143 32 område
567 861 65 31 och
653 861 96 31 inom
768 862 59 32 det
846 862 229 32 ekonomiska
1097 863 88 31 livet
1206 863 12 31 i
1240 863 119 35 övrigt
1381 864 95 31 hava
1497 864 156 32 medfört
1676 865 12 30 i
1709 864 96 32 olika

305 911 223 33 hänseenden
575 913 224 36 väsentligen
848 914 216 32 förändrade
1093 914 261 37 förhållanden,
1382 915 100 31 vilka
1508 926 111 27 synas
1643 917 76 35 mig
1746 918 59 35 på-

305 963 98 31 kalla
422 973 45 22 en
486 963 269 38 undersökning
774 968 84 29 över
876 965 125 33 huvud
1021 967 99 35 taget
1141 977 45 21 av
1205 968 136 31 statens
1361 967 264 36 investeringar
1646 978 46 21 av
1712 968 93 31 låne-

305 1013 140 37 kapital
472 1016 63 32 och
560 1016 101 33 detta
686 1016 157 37 kapitals
869 1017 210 32 nuvarande
1104 1018 66 31 och
1198 1018 173 32 framtida
1396 1019 228 36 avkastning.
1669 1019 56 32 En
1751 1021 53 30 ut-

304 1069 154 37 redning
481 1071 12 30 i
517 1080 48 21 nu
590 1069 157 31 nämnda
773 1068 223 32 hänseenden
1018 1069 97 32 lärer
1138 1070 81 31 med
1244 1070 57 32 det
1324 1072 164 30 snaraste
1512 1071 86 31 böra
1623 1071 182 36 igångsät-

302 1124 66 34 tas,
390 1123 40 29 så
451 1122 53 31 att
526 1121 208 32 densamma
755 1120 71 32 kan
846 1120 176 32 beräknas
1044 1120 179 38 föreligga
1244 1122 122 37 färdig
1388 1122 59 32 till
1467 1122 77 32 1932
1566 1124 61 30 års
1648 1123 157 37 riksdag.

304 1172 181 36 Slutligen
511 1175 58 29 må
595 1174 91 29 även
712 1172 164 37 påpekas,
902 1174 56 31 att
985 1172 187 37 åtskilliga
1198 1174 123 35 frågor
1348 1174 79 31 med
1452 1174 202 37 betydande
1679 1175 125 31 ekono-

303 1224 94 32 misk
422 1223 174 33 räckvidd
620 1225 59 30 stå
704 1225 46 35 på
774 1223 281 38 dagordningen,
1081 1224 101 32 vilka
1209 1224 122 37 frågor
1356 1226 34 36 ej
1415 1226 79 31 lära
1519 1227 124 30 kunna
1667 1226 136 32 undan-

303 1272 142 40 skjutas
472 1277 117 35 någon
615 1276 126 35 längre
769 1275 61 32 tid.
877 1275 107 32 Detta
1010 1285 106 27 synes
1141 1278 131 34 utgöra
1296 1286 45 22 en
1368 1277 212 37 ytterligare
1608 1278 196 37 anledning

302 1329 55 31 att
382 1327 78 33 icke
483 1338 48 22 nu
557 1326 184 37 föregripa
764 1326 211 37 spörsmålet
998 1337 56 21 om
1078 1327 354 37 rusdrycksmedlens
1456 1330 244 36 användning.
1747 1330 56 31 Av

304 1379 170 36 samtliga
495 1380 103 31 dessa
620 1375 80 35 skäl
723 1379 65 30 har
813 1378 62 39 jag
899 1378 77 33 icke
1000 1381 117 30 ansett
1142 1379 75 36 mig
1240 1379 85 32 böra
1351 1380 131 32 föreslå
1505 1384 119 33 någon
1648 1382 155 36 ändring

301 1431 12 31 i
335 1431 79 32 1926
436 1432 58 30 års
515 1430 221 37 förordning.
778 1429 72 38 Jag
872 1430 213 31 förutsätter
1107 1431 209 36 emellertid,
1335 1433 55 30 att
1411 1432 58 32 det
1492 1433 56 31 för
1570 1434 234 38 avbetalning

303 1483 21 30 å
346 1481 244 33 statsskulden
614 1481 156 32 avsedda
791 1480 162 37 beloppet
977 1483 100 35 tages
1100 1482 12 31 i
1137 1483 157 36 anspråk
1318 1482 138 37 jämväl
1480 1484 57 31 för
1559 1484 69 32 den
1651 1485 152 32 besluta-

301 1532 43 33 de
363 1533 307 36 nedskrivningen
690 1543 47 21 av
756 1534 135 31 statens
912 1533 218 37 järnvägars
1150 1533 231 38 lånekapital,
1401 1536 199 35 utgörande
1621 1537 57 31 för
1697 1539 105 30 nästa

302 1583 176 38 budgetår
500 1585 40 31 2.5
562 1584 168 36 miljoner
752 1584 140 32 kronor.

342 1635 19 32 1
387 1636 97 32 detta
509 1636 261 37 sammanhang
791 1636 137 32 tillåter
951 1636 64 37 jag
1038 1637 76 37 mig
1139 1637 129 37 bringa
1292 1638 12 31 i
1329 1638 156 37 erinran,
1510 1642 54 30 att
1589 1641 132 32 fonden
1747 1641 55 32 för

301 1687 261 33 statsskuldens
590 1688 220 36 amortering
838 1688 63 33 vid
931 1689 181 36 ingången
1141 1699 47 21 av
1216 1700 48 21 nu
1293 1690 153 36 löpande
1473 1691 177 37 budgetår
1679 1693 123 32 visade

301 1747 43 22 en
372 1738 207 38 behållning
606 1749 47 21 av
679 1740 75 31 56.98
780 1739 167 37 miljoner
972 1740 142 33 kronor.
1158 1741 125 36 Enligt
1309 1741 115 33 beslut
1450 1753 45 21 av
1523 1743 79 32 1930
1628 1746 60 31 års
1713 1745 88 32 riks-

300 1788 72 38 dag
392 1790 93 32 skall
503 1793 51 30 ett
577 1790 126 37 belopp
725 1801 46 21 av
791 1791 56 31 5.4
868 1791 166 36 miljoner
1055 1792 133 32 kronor
1210 1803 46 22 av
1279 1793 148 34 fondens
1448 1795 113 31 medel
1582 1797 105 34 tagas
1708 1797 12 30 i
1742 1806 60 22 an-

301 1843 109 35 språk
438 1843 56 31 för
519 1842 175 33 täckande
720 1853 46 21 av
790 1843 98 31 vissa
915 1843 169 33 förluster
1110 1846 21 30 å
1157 1844 364 39 lånemedelskapital.
1569 1847 232 34 Frånräknas

302 1892 97 33 detta
444 1893 134 38 belopp,
621 1895 169 31 kvarstår
813 1896 12 30 i
850 1895 130 32 fonden
1001 1906 45 21 en
1069 1896 208 37 behållning
1302 1908 46 20 av
1372 1898 76 31 51.s2
1470 1898 167 37 miljoner
1660 1900 141 32 kronor.

301 1944 126 38 Enligt
454 1946 164 35 gällande
643 1945 150 33 riksstat
816 1946 177 33 beräknas
1017 1948 56 31 för
1100 1947 243 34 innevarande
1368 1949 177 38 budgetår
1570 1952 50 32 ett
1647 1952 154 33 tillskott

301 1996 57 31 till
390 1997 130 32 fonden
550 2006 47 23 av
627 1998 76 31 21.s
733 1998 167 36 miljoner
930 1999 141 36 kronor,
1102 2000 66 31 och
1201 2001 66 31 den
1300 2001 56 31 för
1387 2002 212 36 budgetåret
1630 2003 170 40 1931/1932

301 2048 196 32 förutsatta
524 2049 254 36 avsättningen
803 2050 57 32 till
887 2051 131 32 fonden
1045 2053 41 29 är
1109 2051 115 36 enligt
1249 2052 343 39 riksstatsförslaget
1617 2058 183 34 upptagen

301 2099 57 33 till
383 2100 76 31 28.08
479 2100 166 37 miljoner
667 2101 141 32 kronor.
851 2099 103 34 Även
976 2112 66 26 om,
1064 2105 47 35 på
1135 2105 72 31 sätt
1231 2104 62 37 jag
1316 2114 124 23 senare
1463 2106 11 31 i
1499 2106 70 37 dag
1592 2108 112 31 under
1729 2110 71 30 »ut-

299 2151 111 37 gifter
437 2151 55 32 för
518 2152 292 37 kapitalökning»
835 2153 58 32 får
918 2154 146 32 tillfälle
1088 2156 54 31 att
1168 2155 123 32 vidare
1316 2156 137 37 beröra,
1477 2158 98 32 vissa
1600 2159 202 37 betydande

300 2203 126 37 belopp
448 2204 114 31 skulle
584 2215 47 20 av
653 2205 148 31 fondens
824 2205 114 31 medel
958 2206 142 32 komma
1122 2208 55 30 att
1199 2208 103 36 tagas
1324 2208 12 31 i
1359 2210 157 36 anspråk
1539 2210 56 32 för
1617 2211 184 32 nedskriv-

298 2255 89 37 ning
415 2266 46 20 av
486 2255 77 31 icke
590 2256 182 31 räntabelt
800 2256 231 38 lånekapital,
1058 2258 149 32 särskilt
1234 2259 63 31 hos
1325 2261 136 31 statens
1489 2263 312 37 vattenfallsverk,

298 2316 106 26 synes
428 2307 248 37 betänklighet
699 2308 77 31 icke
800 2309 97 30 möta
919 2310 54 30 att
995 2309 55 31 för
1074 2309 197 37 budgetens
1296 2311 240 39 finansiering
1560 2315 168 31 använda
1750 2317 51 30 ett

299 2358 141 37 rimligt
465 2358 126 38 belopp
619 2369 44 21 ur
690 2359 140 37 fonden,
856 2360 13 30 i
896 2360 102 37 varje
1025 2360 67 31 fall
1117 2361 78 31 icke
1223 2362 118 31 därest
1367 2373 47 21 av
1440 2364 132 32 fonden
1597 2366 34 36 ej
1659 2367 101 37 tages
1786 2368 12 30 i

299 2410 158 36 anspråk
482 2420 98 22 mera
605 2412 46 29 än
679 2420 74 22 som
778 2412 201 30 motsvaras
1004 2422 47 21 av
1077 2412 127 38 anslag
1229 2413 111 31 under
1367 2414 67 32 den
1460 2415 56 31 del
1540 2427 46 20 av
1611 2417 190 38 budgeten,

298 2470 74 22 som
393 2462 141 36 åsyftar
551 2462 155 37 utgifter
727 2462 55 32 för
801 2462 285 38 kapitalökning.
1128 2463 159 33 Bortsett
1308 2465 84 32 från
1411 2466 58 32 det
1489 2467 57 31 till
1566 2469 235 38 avbetalning
