<?xml version="1.0" encoding="UTF-8"?>
<alto xmlns="http://www.loc.gov/standards/alto/ns-v3#" xmlns:xlink="http://www.w3.org/1999/xlink" xmlns:xsi="http://www.w3.org/2001/XMLSchema-instance" xsi:schemaLocation="http://www.loc.gov/standards/alto/ns-v3# http://www.loc.gov/alto/v3/alto-3-0.xsd">
	<Description>
		<MeasurementUnit>pixel</MeasurementUnit>
		<sourceImageInformation>
			<fileName>/tmp/tess_oyfndjp3_input.PNG</fileName>
		</sourceImageInformation>
		<OCRProcessing ID="OCR_0">
			<ocrProcessingStep>
				<processingSoftware>
					<softwareName>tesseract 5.3.0</softwareName>
				</processingSoftware>
			</ocrProcessingStep>
		</OCRProcessing>
	</Description>
	<Layout>
		<Page WIDTH="1904" HEIGHT="2830" PHYSICAL_IMG_NR="0" ID="page_0">
			<PrintSpace HPOS="0" VPOS="0" WIDTH="1904" HEIGHT="2830">
				<ComposedBlock ID="cblock_0" HPOS="273" VPOS="131" WIDTH="1119" HEIGHT="37">
					<TextBlock ID="block_0" HPOS="273" VPOS="131" WIDTH="1119" HEIGHT="37">
						<TextLine ID="line_0" HPOS="273" VPOS="131" WIDTH="1119" HEIGHT="37">
							<String ID="string_0" HPOS="273" VPOS="131" WIDTH="18" HEIGHT="30" WC="0.96" CONTENT="2"/><SP WIDTH="375" VPOS="131" HPOS="291"/>
							<String ID="string_1" HPOS="666" VPOS="136" WIDTH="380" HEIGHT="30" WC="0.91" CONTENT="Jordbruksutskottets"/><SP WIDTH="26" VPOS="136" HPOS="1046"/>
							<String ID="string_2" HPOS="1072" VPOS="136" WIDTH="176" HEIGHT="31" WC="0.96" CONTENT="utlåtande"/><SP WIDTH="24" VPOS="136" HPOS="1248"/>
							<String ID="string_3" HPOS="1272" VPOS="137" WIDTH="50" HEIGHT="30" WC="0.95" CONTENT="Nr"/><SP WIDTH="20" VPOS="137" HPOS="1322"/>
							<String ID="string_4" HPOS="1342" VPOS="139" WIDTH="50" HEIGHT="29" WC="0.95" CONTENT="81."/>
						</TextLine>
					</TextBlock>
				</ComposedBlock>
				<ComposedBlock ID="cblock_1" HPOS="275" VPOS="216" WIDTH="1507" HEIGHT="438">
					<TextBlock ID="block_1" HPOS="275" VPOS="216" WIDTH="1507" HEIGHT="245">
						<TextLine ID="line_1" HPOS="321" VPOS="216" WIDTH="1461" HEIGHT="42">
							<String ID="string_5" HPOS="321" VPOS="216" WIDTH="69" HEIGHT="39" WC="0.23" CONTENT="4:o0)"/><SP WIDTH="47" VPOS="216" HPOS="390"/>
							<String ID="string_6" HPOS="437" VPOS="220" WIDTH="24" HEIGHT="28" WC="0.91" CONTENT="I:"/><SP WIDTH="21" VPOS="220" HPOS="461"/>
							<String ID="string_7" HPOS="482" VPOS="220" WIDTH="60" HEIGHT="30" WC="0.95" CONTENT="186"/><SP WIDTH="17" VPOS="220" HPOS="542"/>
							<String ID="string_8" HPOS="559" VPOS="230" WIDTH="42" HEIGHT="20" WC="0.96" CONTENT="av"/><SP WIDTH="19" VPOS="230" HPOS="601"/>
							<String ID="string_9" HPOS="620" VPOS="221" WIDTH="119" HEIGHT="30" WC="0.95" CONTENT="herrar"/><SP WIDTH="16" VPOS="221" HPOS="739"/>
							<String ID="string_10" HPOS="755" VPOS="221" WIDTH="114" HEIGHT="29" WC="0.95" CONTENT="Domö"/><SP WIDTH="20" VPOS="221" HPOS="869"/>
							<String ID="string_11" HPOS="889" VPOS="222" WIDTH="64" HEIGHT="29" WC="0.91" CONTENT="och"/><SP WIDTH="19" VPOS="222" HPOS="953"/>
							<String ID="string_12" HPOS="972" VPOS="221" WIDTH="270" HEIGHT="31" WC="0.91" CONTENT="Mannerskantz"/><SP WIDTH="16" VPOS="221" HPOS="1242"/>
							<String ID="string_13" HPOS="1258" VPOS="222" WIDTH="225" HEIGHT="36" WC="0.96" CONTENT="likalydande"/><SP WIDTH="17" VPOS="222" HPOS="1483"/>
							<String ID="string_14" HPOS="1500" VPOS="224" WIDTH="79" HEIGHT="29" WC="0.96" CONTENT="med"/><SP WIDTH="20" VPOS="224" HPOS="1579"/>
							<String ID="string_15" HPOS="1599" VPOS="223" WIDTH="44" HEIGHT="30" WC="0.87" CONTENT="II:"/><SP WIDTH="15" VPOS="223" HPOS="1643"/>
							<String ID="string_16" HPOS="1658" VPOS="224" WIDTH="64" HEIGHT="29" WC="0.96" CONTENT="299"/><SP WIDTH="19" VPOS="224" HPOS="1722"/>
							<String ID="string_17" HPOS="1741" VPOS="234" WIDTH="41" HEIGHT="20" WC="0.96" CONTENT="av"/>
						</TextLine>
						<TextLine ID="line_2" HPOS="276" VPOS="270" WIDTH="1505" HEIGHT="40">
							<String ID="string_18" HPOS="276" VPOS="270" WIDTH="82" HEIGHT="30" WC="0.92" CONTENT="herr"/><SP WIDTH="20" VPOS="270" HPOS="358"/>
							<String ID="string_19" HPOS="378" VPOS="270" WIDTH="132" HEIGHT="36" WC="0.91" CONTENT="Kyling,"/><SP WIDTH="19" VPOS="270" HPOS="510"/>
							<String ID="string_20" HPOS="529" VPOS="270" WIDTH="74" HEIGHT="30" WC="0.93" CONTENT="vari"/><SP WIDTH="16" VPOS="270" HPOS="603"/>
							<String ID="string_21" HPOS="619" VPOS="271" WIDTH="202" HEIGHT="36" WC="0.90" CONTENT="hemställts,"/><SP WIDTH="20" VPOS="271" HPOS="821"/>
							<String ID="string_22" HPOS="841" VPOS="274" WIDTH="50" HEIGHT="27" WC="0.96" CONTENT="att"/><SP WIDTH="17" VPOS="274" HPOS="891"/>
							<String ID="string_23" HPOS="908" VPOS="272" WIDTH="183" HEIGHT="35" WC="0.95" CONTENT="riksdagen"/><SP WIDTH="20" VPOS="272" HPOS="1091"/>
							<String ID="string_24" HPOS="1111" VPOS="272" WIDTH="58" HEIGHT="30" WC="0.95" CONTENT="må"/><SP WIDTH="17" VPOS="272" HPOS="1169"/>
							<String ID="string_25" HPOS="1186" VPOS="273" WIDTH="111" HEIGHT="29" WC="0.95" CONTENT="under"/><SP WIDTH="16" VPOS="273" HPOS="1297"/>
							<String ID="string_26" HPOS="1313" VPOS="272" WIDTH="128" HEIGHT="37" WC="0.96" CONTENT="Bidrag"/><SP WIDTH="16" VPOS="272" HPOS="1441"/>
							<String ID="string_27" HPOS="1457" VPOS="273" WIDTH="51" HEIGHT="30" WC="0.93" CONTENT="till"/><SP WIDTH="18" VPOS="273" HPOS="1508"/>
							<String ID="string_28" HPOS="1526" VPOS="272" WIDTH="255" HEIGHT="38" WC="0.90" CONTENT="hushållnings-"/>
						</TextLine>
						<TextLine ID="line_3" HPOS="276" VPOS="318" WIDTH="1506" HEIGHT="41">
							<String ID="string_29" HPOS="276" VPOS="320" WIDTH="198" HEIGHT="36" WC="0.91" CONTENT="sällskapen"/><SP WIDTH="23" VPOS="320" HPOS="474"/>
							<String ID="string_30" HPOS="497" VPOS="321" WIDTH="55" HEIGHT="29" WC="0.96" CONTENT="för"/><SP WIDTH="22" VPOS="321" HPOS="552"/>
							<String ID="string_31" HPOS="574" VPOS="321" WIDTH="201" HEIGHT="36" WC="0.93" CONTENT="budgetåret"/><SP WIDTH="26" VPOS="321" HPOS="775"/>
							<String ID="string_32" HPOS="801" VPOS="318" WIDTH="183" HEIGHT="40" WC="0.91" CONTENT="1938/1939"/><SP WIDTH="24" VPOS="318" HPOS="984"/>
							<String ID="string_33" HPOS="1008" VPOS="323" WIDTH="121" HEIGHT="30" WC="0.96" CONTENT="anvisa"/><SP WIDTH="24" VPOS="323" HPOS="1129"/>
							<String ID="string_34" HPOS="1153" VPOS="326" WIDTH="46" HEIGHT="27" WC="0.96" CONTENT="ett"/><SP WIDTH="21" VPOS="326" HPOS="1199"/>
							<String ID="string_35" HPOS="1220" VPOS="323" WIDTH="127" HEIGHT="36" WC="0.96" CONTENT="belopp"/><SP WIDTH="24" VPOS="323" HPOS="1347"/>
							<String ID="string_36" HPOS="1371" VPOS="333" WIDTH="42" HEIGHT="21" WC="0.93" CONTENT="av"/><SP WIDTH="26" VPOS="333" HPOS="1413"/>
							<String ID="string_37" HPOS="1439" VPOS="324" WIDTH="118" HEIGHT="35" WC="0.91" CONTENT="51,000"/><SP WIDTH="23" VPOS="324" HPOS="1557"/>
							<String ID="string_38" HPOS="1580" VPOS="324" WIDTH="130" HEIGHT="30" WC="0.96" CONTENT="kronor"/><SP WIDTH="21" VPOS="324" HPOS="1710"/>
							<String ID="string_39" HPOS="1731" VPOS="324" WIDTH="51" HEIGHT="30" WC="0.95" CONTENT="till"/>
						</TextLine>
						<TextLine ID="line_4" HPOS="276" VPOS="371" WIDTH="1505" HEIGHT="39">
							<String ID="string_40" HPOS="276" VPOS="371" WIDTH="194" HEIGHT="30" WC="0.91" CONTENT="avlönande"/><SP WIDTH="27" VPOS="371" HPOS="470"/>
							<String ID="string_41" HPOS="497" VPOS="381" WIDTH="42" HEIGHT="20" WC="0.93" CONTENT="av"/><SP WIDTH="25" VPOS="381" HPOS="539"/>
							<String ID="string_42" HPOS="564" VPOS="372" WIDTH="386" HEIGHT="36" WC="0.92" CONTENT="täckdikningsförmän"/><SP WIDTH="26" VPOS="372" HPOS="950"/>
							<String ID="string_43" HPOS="976" VPOS="374" WIDTH="65" HEIGHT="29" WC="0.96" CONTENT="och"/><SP WIDTH="25" VPOS="374" HPOS="1041"/>
							<String ID="string_44" HPOS="1066" VPOS="376" WIDTH="50" HEIGHT="27" WC="0.96" CONTENT="att"/><SP WIDTH="24" VPOS="376" HPOS="1116"/>
							<String ID="string_45" HPOS="1140" VPOS="373" WIDTH="100" HEIGHT="31" WC="0.96" CONTENT="alltså"/><SP WIDTH="27" VPOS="373" HPOS="1240"/>
							<String ID="string_46" HPOS="1267" VPOS="374" WIDTH="79" HEIGHT="30" WC="0.96" CONTENT="hela"/><SP WIDTH="27" VPOS="374" HPOS="1346"/>
							<String ID="string_47" HPOS="1373" VPOS="374" WIDTH="153" HEIGHT="36" WC="0.96" CONTENT="anslaget"/><SP WIDTH="26" VPOS="374" HPOS="1526"/>
							<String ID="string_48" HPOS="1552" VPOS="374" WIDTH="50" HEIGHT="30" WC="0.93" CONTENT="till"/><SP WIDTH="25" VPOS="374" HPOS="1602"/>
							<String ID="string_49" HPOS="1627" VPOS="374" WIDTH="154" HEIGHT="31" WC="0.91" CONTENT="hushåll-"/>
						</TextLine>
						<TextLine ID="line_5" HPOS="275" VPOS="421" WIDTH="1421" HEIGHT="40">
							<String ID="string_50" HPOS="275" VPOS="421" WIDTH="302" HEIGHT="36" WC="0.90" CONTENT="ningssällskapen"/><SP WIDTH="19" VPOS="421" HPOS="577"/>
							<String ID="string_51" HPOS="596" VPOS="422" WIDTH="105" HEIGHT="31" WC="0.91" CONTENT="målte"/><SP WIDTH="20" VPOS="422" HPOS="701"/>
							<String ID="string_52" HPOS="721" VPOS="422" WIDTH="82" HEIGHT="36" WC="0.96" CONTENT="utgå"/><SP WIDTH="20" VPOS="422" HPOS="803"/>
							<String ID="string_53" HPOS="823" VPOS="423" WIDTH="81" HEIGHT="30" WC="0.95" CONTENT="med"/><SP WIDTH="19" VPOS="423" HPOS="904"/>
							<String ID="string_54" HPOS="923" VPOS="426" WIDTH="46" HEIGHT="27" WC="0.95" CONTENT="ett"/><SP WIDTH="19" VPOS="426" HPOS="969"/>
							<String ID="string_55" HPOS="988" VPOS="423" WIDTH="51" HEIGHT="30" WC="0.92" CONTENT="till"/><SP WIDTH="21" VPOS="423" HPOS="1039"/>
							<String ID="string_56" HPOS="1060" VPOS="424" WIDTH="175" HEIGHT="35" WC="0.91" CONTENT="3,715,000"/><SP WIDTH="21" VPOS="424" HPOS="1235"/>
							<String ID="string_57" HPOS="1256" VPOS="425" WIDTH="131" HEIGHT="29" WC="0.96" CONTENT="kronor"/><SP WIDTH="20" VPOS="425" HPOS="1387"/>
							<String ID="string_58" HPOS="1407" VPOS="424" WIDTH="133" HEIGHT="36" WC="0.96" CONTENT="förhöjt"/><SP WIDTH="21" VPOS="424" HPOS="1540"/>
							<String ID="string_59" HPOS="1561" VPOS="425" WIDTH="135" HEIGHT="36" WC="0.95" CONTENT="belopp."/>
						</TextLine>
					</TextBlock>
					<TextBlock ID="block_2" HPOS="275" VPOS="471" WIDTH="1506" HEIGHT="89">
						<TextLine ID="line_6" HPOS="321" VPOS="471" WIDTH="1460" HEIGHT="40">
							<String ID="string_60" HPOS="321" VPOS="471" WIDTH="225" HEIGHT="32" WC="0.96" CONTENT="Beträffande"/><SP WIDTH="24" VPOS="471" HPOS="546"/>
							<String ID="string_61" HPOS="570" VPOS="473" WIDTH="228" HEIGHT="36" WC="0.96" CONTENT="utredningen"/><SP WIDTH="28" VPOS="473" HPOS="798"/>
							<String ID="string_62" HPOS="826" VPOS="473" WIDTH="10" HEIGHT="30" WC="0.90" CONTENT="i"/><SP WIDTH="24" VPOS="473" HPOS="836"/>
							<String ID="string_63" HPOS="860" VPOS="473" WIDTH="140" HEIGHT="31" WC="0.96" CONTENT="ärendet"/><SP WIDTH="24" VPOS="473" HPOS="1000"/>
							<String ID="string_64" HPOS="1024" VPOS="473" WIDTH="56" HEIGHT="31" WC="0.96" CONTENT="får"/><SP WIDTH="24" VPOS="473" HPOS="1080"/>
							<String ID="string_65" HPOS="1104" VPOS="474" WIDTH="166" HEIGHT="30" WC="0.96" CONTENT="utskottet"/><SP WIDTH="24" VPOS="474" HPOS="1270"/>
							<String ID="string_66" HPOS="1294" VPOS="474" WIDTH="148" HEIGHT="31" WC="0.96" CONTENT="hänvisa"/><SP WIDTH="24" VPOS="474" HPOS="1442"/>
							<String ID="string_67" HPOS="1466" VPOS="475" WIDTH="49" HEIGHT="30" WC="0.96" CONTENT="till"/><SP WIDTH="26" VPOS="475" HPOS="1515"/>
							<String ID="string_68" HPOS="1541" VPOS="476" WIDTH="57" HEIGHT="29" WC="0.96" CONTENT="det"/><SP WIDTH="25" VPOS="476" HPOS="1598"/>
							<String ID="string_69" HPOS="1623" VPOS="475" WIDTH="57" HEIGHT="31" WC="0.93" CONTENT="vid"/><SP WIDTH="24" VPOS="475" HPOS="1680"/>
							<String ID="string_70" HPOS="1704" VPOS="484" WIDTH="77" HEIGHT="27" WC="0.92" CONTENT="pro-"/>
						</TextLine>
						<TextLine ID="line_7" HPOS="275" VPOS="522" WIDTH="755" HEIGHT="38">
							<String ID="string_71" HPOS="275" VPOS="522" WIDTH="196" HEIGHT="36" WC="0.96" CONTENT="positionen"/><SP WIDTH="24" VPOS="522" HPOS="471"/>
							<String ID="string_72" HPOS="495" VPOS="522" WIDTH="125" HEIGHT="37" WC="0.93" CONTENT="fogade"/><SP WIDTH="24" VPOS="522" HPOS="620"/>
							<String ID="string_73" HPOS="644" VPOS="523" WIDTH="386" HEIGHT="37" WC="0.90" CONTENT="statsrådsprotokollet."/>
						</TextLine>
					</TextBlock>
					<TextBlock ID="block_3" HPOS="275" VPOS="573" WIDTH="1507" HEIGHT="81">
						<TextLine ID="line_8" HPOS="322" VPOS="573" WIDTH="1460" HEIGHT="38">
							<String ID="string_74" HPOS="322" VPOS="573" WIDTH="13" HEIGHT="29" WC="0.95" CONTENT="I"/><SP WIDTH="29" VPOS="573" HPOS="335"/>
							<String ID="string_75" HPOS="364" VPOS="573" WIDTH="99" HEIGHT="36" WC="0.95" CONTENT="fråga"/><SP WIDTH="25" VPOS="573" HPOS="463"/>
							<String ID="string_76" HPOS="488" VPOS="583" WIDTH="58" HEIGHT="20" WC="0.96" CONTENT="om"/><SP WIDTH="28" VPOS="583" HPOS="546"/>
							<String ID="string_77" HPOS="574" VPOS="574" WIDTH="41" HEIGHT="30" WC="0.96" CONTENT="de"/><SP WIDTH="28" VPOS="574" HPOS="615"/>
							<String ID="string_78" HPOS="643" VPOS="574" WIDTH="83" HEIGHT="36" WC="0.96" CONTENT="skäl,"/><SP WIDTH="30" VPOS="574" HPOS="726"/>
							<String ID="string_79" HPOS="756" VPOS="584" WIDTH="77" HEIGHT="20" WC="0.96" CONTENT="som"/><SP WIDTH="27" VPOS="584" HPOS="833"/>
							<String ID="string_80" HPOS="860" VPOS="574" WIDTH="132" HEIGHT="31" WC="0.96" CONTENT="anförts"/><SP WIDTH="28" VPOS="574" HPOS="992"/>
							<String ID="string_81" HPOS="1020" VPOS="575" WIDTH="50" HEIGHT="29" WC="0.96" CONTENT="till"/><SP WIDTH="29" VPOS="575" HPOS="1070"/>
							<String ID="string_82" HPOS="1099" VPOS="575" WIDTH="77" HEIGHT="30" WC="0.96" CONTENT="stöd"/><SP WIDTH="27" VPOS="575" HPOS="1176"/>
							<String ID="string_83" HPOS="1203" VPOS="575" WIDTH="56" HEIGHT="30" WC="0.96" CONTENT="för"/><SP WIDTH="26" VPOS="575" HPOS="1259"/>
							<String ID="string_84" HPOS="1285" VPOS="575" WIDTH="228" HEIGHT="36" WC="0.96" CONTENT="motionerna,"/><SP WIDTH="28" VPOS="575" HPOS="1513"/>
							<String ID="string_85" HPOS="1541" VPOS="576" WIDTH="163" HEIGHT="31" WC="0.95" CONTENT="hänvisas"/><SP WIDTH="28" VPOS="576" HPOS="1704"/>
							<String ID="string_86" HPOS="1732" VPOS="577" WIDTH="50" HEIGHT="29" WC="0.96" CONTENT="till"/>
						</TextLine>
						<TextLine ID="line_9" HPOS="275" VPOS="624" WIDTH="111" HEIGHT="30">
							<String ID="string_87" HPOS="275" VPOS="624" WIDTH="111" HEIGHT="30" WC="0.96" CONTENT="dessa."/>
						</TextLine>
					</TextBlock>
				</ComposedBlock>
				<ComposedBlock ID="cblock_2" HPOS="358" VPOS="765" WIDTH="1332" HEIGHT="41">
					<TextBlock ID="block_4" HPOS="358" VPOS="765" WIDTH="1332" HEIGHT="41">
						<TextLine ID="line_10" HPOS="358" VPOS="765" WIDTH="1332" HEIGHT="41">
							<String ID="string_88" HPOS="358" VPOS="765" WIDTH="135" HEIGHT="39" WC="0.96" CONTENT="Bidrag"/><SP WIDTH="23" VPOS="765" HPOS="493"/>
							<String ID="string_89" HPOS="516" VPOS="766" WIDTH="54" HEIGHT="29" WC="0.93" CONTENT="till"/><SP WIDTH="24" VPOS="766" HPOS="570"/>
							<String ID="string_90" HPOS="594" VPOS="765" WIDTH="486" HEIGHT="41" WC="0.91" CONTENT="hushållningssällskapens"/><SP WIDTH="23" VPOS="765" HPOS="1080"/>
							<String ID="string_91" HPOS="1103" VPOS="768" WIDTH="185" HEIGHT="29" WC="0.96" CONTENT="allmänna"/><SP WIDTH="24" VPOS="768" HPOS="1288"/>
							<String ID="string_92" HPOS="1312" VPOS="768" WIDTH="236" HEIGHT="30" WC="0.93" CONTENT="verksamhet"/><SP WIDTH="24" VPOS="768" HPOS="1548"/>
							<String ID="string_93" HPOS="1572" VPOS="777" WIDTH="46" HEIGHT="21" WC="0.92" CONTENT="m."/><SP WIDTH="24" VPOS="777" HPOS="1618"/>
							<String ID="string_94" HPOS="1642" VPOS="778" WIDTH="48" HEIGHT="21" WC="0.90" CONTENT="m."/>
						</TextLine>
					</TextBlock>
				</ComposedBlock>
				<ComposedBlock ID="cblock_3" HPOS="268" VPOS="860" WIDTH="1515" HEIGHT="1605">
					<TextBlock ID="block_5" HPOS="275" VPOS="860" WIDTH="1506" HEIGHT="90">
						<TextLine ID="line_11" HPOS="319" VPOS="860" WIDTH="1462" HEIGHT="43">
							<String ID="string_95" HPOS="319" VPOS="860" WIDTH="390" HEIGHT="39" WC="0.91" CONTENT="Departementschefen"/><SP WIDTH="18" VPOS="860" HPOS="709"/>
							<String ID="string_96" HPOS="727" VPOS="863" WIDTH="66" HEIGHT="29" WC="0.96" CONTENT="har"/><SP WIDTH="17" VPOS="863" HPOS="793"/>
							<String ID="string_97" HPOS="810" VPOS="863" WIDTH="11" HEIGHT="29" WC="0.96" CONTENT="i"/><SP WIDTH="19" VPOS="863" HPOS="821"/>
							<String ID="string_98" HPOS="840" VPOS="862" WIDTH="99" HEIGHT="37" WC="0.96" CONTENT="fråga"/><SP WIDTH="18" VPOS="862" HPOS="939"/>
							<String ID="string_99" HPOS="957" VPOS="873" WIDTH="57" HEIGHT="20" WC="0.96" CONTENT="om"/><SP WIDTH="18" VPOS="873" HPOS="1014"/>
							<String ID="string_100" HPOS="1032" VPOS="864" WIDTH="123" HEIGHT="36" WC="0.96" CONTENT="bidrag"/><SP WIDTH="17" VPOS="864" HPOS="1155"/>
							<String ID="string_101" HPOS="1172" VPOS="864" WIDTH="51" HEIGHT="31" WC="0.92" CONTENT="till"/><SP WIDTH="18" VPOS="864" HPOS="1223"/>
							<String ID="string_102" HPOS="1241" VPOS="865" WIDTH="460" HEIGHT="38" WC="0.90" CONTENT="hushållningssällskapens"/><SP WIDTH="20" VPOS="865" HPOS="1701"/>
							<String ID="string_103" HPOS="1721" VPOS="868" WIDTH="60" HEIGHT="29" WC="0.87" CONTENT="all-"/>
						</TextLine>
						<TextLine ID="line_12" HPOS="275" VPOS="912" WIDTH="827" HEIGHT="38">
							<String ID="string_104" HPOS="275" VPOS="912" WIDTH="131" HEIGHT="30" WC="0.91" CONTENT="männa"/><SP WIDTH="19" VPOS="912" HPOS="406"/>
							<String ID="string_105" HPOS="425" VPOS="912" WIDTH="220" HEIGHT="31" WC="0.93" CONTENT="verksamhet"/><SP WIDTH="18" VPOS="912" HPOS="645"/>
							<String ID="string_106" HPOS="663" VPOS="922" WIDTH="45" HEIGHT="21" WC="0.83" CONTENT="m."/><SP WIDTH="20" VPOS="922" HPOS="708"/>
							<String ID="string_107" HPOS="728" VPOS="923" WIDTH="46" HEIGHT="20" WC="0.91" CONTENT="m."/><SP WIDTH="22" VPOS="923" HPOS="774"/>
							<String ID="string_108" HPOS="796" VPOS="913" WIDTH="118" HEIGHT="31" WC="0.95" CONTENT="anfört"/><SP WIDTH="19" VPOS="913" HPOS="914"/>
							<String ID="string_109" HPOS="933" VPOS="913" WIDTH="169" HEIGHT="37" WC="0.96" CONTENT="följande:"/>
						</TextLine>
					</TextBlock>
					<TextBlock ID="block_6" HPOS="274" VPOS="962" WIDTH="1509" HEIGHT="244">
						<TextLine ID="line_13" HPOS="322" VPOS="962" WIDTH="1461" HEIGHT="41">
							<String ID="string_110" HPOS="322" VPOS="973" WIDTH="12" HEIGHT="15" WC="0.92" CONTENT="»"/><SP WIDTH="8" VPOS="973" HPOS="334"/>
							<String ID="string_111" HPOS="342" VPOS="962" WIDTH="73" HEIGHT="30" WC="0.96" CONTENT="Vad"/><SP WIDTH="21" VPOS="962" HPOS="415"/>
							<String ID="string_112" HPOS="436" VPOS="962" WIDTH="88" HEIGHT="31" WC="0.96" CONTENT="först"/><SP WIDTH="19" VPOS="962" HPOS="524"/>
							<String ID="string_113" HPOS="543" VPOS="962" WIDTH="109" HEIGHT="37" WC="0.92" CONTENT="angår"/><SP WIDTH="19" VPOS="962" HPOS="652"/>
							<String ID="string_114" HPOS="671" VPOS="964" WIDTH="359" HEIGHT="36" WC="0.92" CONTENT="medelsanvisningen"/><SP WIDTH="22" VPOS="964" HPOS="1030"/>
							<String ID="string_115" HPOS="1052" VPOS="965" WIDTH="51" HEIGHT="30" WC="0.93" CONTENT="till"/><SP WIDTH="21" VPOS="965" HPOS="1103"/>
							<String ID="string_116" HPOS="1124" VPOS="965" WIDTH="459" HEIGHT="38" WC="0.91" CONTENT="hushållningssällskapens"/><SP WIDTH="21" VPOS="965" HPOS="1583"/>
							<String ID="string_117" HPOS="1604" VPOS="967" WIDTH="179" HEIGHT="31" WC="0.95" CONTENT="allmänna"/>
						</TextLine>
						<TextLine ID="line_14" HPOS="274" VPOS="1012" WIDTH="1504" HEIGHT="43">
							<String ID="string_118" HPOS="274" VPOS="1013" WIDTH="221" HEIGHT="31" WC="0.95" CONTENT="verksamhet"/><SP WIDTH="28" VPOS="1013" HPOS="495"/>
							<String ID="string_119" HPOS="523" VPOS="1022" WIDTH="101" HEIGHT="22" WC="0.96" CONTENT="anser"/><SP WIDTH="27" VPOS="1022" HPOS="624"/>
							<String ID="string_120" HPOS="651" VPOS="1012" WIDTH="58" HEIGHT="39" WC="0.96" CONTENT="jag"/><SP WIDTH="26" VPOS="1012" HPOS="709"/>
							<String ID="string_121" HPOS="735" VPOS="1014" WIDTH="70" HEIGHT="37" WC="0.96" CONTENT="mig"/><SP WIDTH="29" VPOS="1014" HPOS="805"/>
							<String ID="string_122" HPOS="834" VPOS="1014" WIDTH="77" HEIGHT="31" WC="0.96" CONTENT="icke"/><SP WIDTH="27" VPOS="1014" HPOS="911"/>
							<String ID="string_123" HPOS="938" VPOS="1015" WIDTH="120" HEIGHT="31" WC="0.96" CONTENT="kunna"/><SP WIDTH="27" VPOS="1015" HPOS="1058"/>
							<String ID="string_124" HPOS="1085" VPOS="1015" WIDTH="136" HEIGHT="31" WC="0.92" CONTENT="biträda"/><SP WIDTH="28" VPOS="1015" HPOS="1221"/>
							<String ID="string_125" HPOS="1249" VPOS="1016" WIDTH="370" HEIGHT="37" WC="0.91" CONTENT="lantbruksstyrelsens"/><SP WIDTH="30" VPOS="1016" HPOS="1619"/>
							<String ID="string_126" HPOS="1649" VPOS="1018" WIDTH="129" HEIGHT="37" WC="0.96" CONTENT="förslag"/>
						</TextLine>
						<TextLine ID="line_15" HPOS="274" VPOS="1063" WIDTH="1507" HEIGHT="43">
							<String ID="string_127" HPOS="274" VPOS="1071" WIDTH="58" HEIGHT="22" WC="0.93" CONTENT="om"/><SP WIDTH="17" VPOS="1071" HPOS="332"/>
							<String ID="string_128" HPOS="349" VPOS="1063" WIDTH="176" HEIGHT="37" WC="0.91" CONTENT="beloppets"/><SP WIDTH="18" VPOS="1063" HPOS="525"/>
							<String ID="string_129" HPOS="543" VPOS="1063" WIDTH="140" HEIGHT="37" WC="0.93" CONTENT="ökning."/><SP WIDTH="30" VPOS="1063" HPOS="683"/>
							<String ID="string_130" HPOS="713" VPOS="1064" WIDTH="68" HEIGHT="30" WC="0.96" CONTENT="För"/><SP WIDTH="19" VPOS="1064" HPOS="781"/>
							<String ID="string_131" HPOS="800" VPOS="1064" WIDTH="198" HEIGHT="32" WC="0.95" CONTENT="ändamålet"/><SP WIDTH="17" VPOS="1064" HPOS="998"/>
							<String ID="string_132" HPOS="1015" VPOS="1066" WIDTH="99" HEIGHT="30" WC="0.96" CONTENT="torde"/><SP WIDTH="17" VPOS="1066" HPOS="1114"/>
							<String ID="string_133" HPOS="1131" VPOS="1065" WIDTH="146" HEIGHT="32" WC="0.96" CONTENT="sålunda"/><SP WIDTH="21" VPOS="1065" HPOS="1277"/>
							<String ID="string_134" HPOS="1298" VPOS="1066" WIDTH="55" HEIGHT="31" WC="0.96" CONTENT="för"/><SP WIDTH="20" VPOS="1066" HPOS="1353"/>
							<String ID="string_135" HPOS="1373" VPOS="1067" WIDTH="201" HEIGHT="37" WC="0.93" CONTENT="budgetåret"/><SP WIDTH="22" VPOS="1067" HPOS="1574"/>
							<String ID="string_136" HPOS="1596" VPOS="1063" WIDTH="185" HEIGHT="43" WC="0.92" CONTENT="1938/1939"/>
						</TextLine>
						<TextLine ID="line_16" HPOS="274" VPOS="1114" WIDTH="1506" HEIGHT="41">
							<String ID="string_137" HPOS="274" VPOS="1114" WIDTH="85" HEIGHT="30" WC="0.96" CONTENT="böra"/><SP WIDTH="24" VPOS="1114" HPOS="359"/>
							<String ID="string_138" HPOS="383" VPOS="1115" WIDTH="171" HEIGHT="30" WC="0.96" CONTENT="beräknas"/><SP WIDTH="21" VPOS="1115" HPOS="554"/>
							<String ID="string_139" HPOS="575" VPOS="1123" WIDTH="135" HEIGHT="23" WC="0.96" CONTENT="samma"/><SP WIDTH="22" VPOS="1123" HPOS="710"/>
							<String ID="string_140" HPOS="732" VPOS="1116" WIDTH="128" HEIGHT="37" WC="0.96" CONTENT="belopp"/><SP WIDTH="22" VPOS="1116" HPOS="860"/>
							<String ID="string_141" HPOS="882" VPOS="1125" WIDTH="74" HEIGHT="21" WC="0.96" CONTENT="som"/><SP WIDTH="23" VPOS="1125" HPOS="956"/>
							<String ID="string_142" HPOS="979" VPOS="1116" WIDTH="55" HEIGHT="31" WC="0.96" CONTENT="för"/><SP WIDTH="22" VPOS="1116" HPOS="1034"/>
							<String ID="string_143" HPOS="1056" VPOS="1117" WIDTH="234" HEIGHT="31" WC="0.96" CONTENT="innevarande"/><SP WIDTH="21" VPOS="1117" HPOS="1290"/>
							<String ID="string_144" HPOS="1311" VPOS="1117" WIDTH="170" HEIGHT="37" WC="0.96" CONTENT="budgetår"/><SP WIDTH="20" VPOS="1117" HPOS="1481"/>
							<String ID="string_145" HPOS="1501" VPOS="1119" WIDTH="82" HEIGHT="30" WC="0.93" CONTENT="eller"/><SP WIDTH="22" VPOS="1119" HPOS="1583"/>
							<String ID="string_146" HPOS="1605" VPOS="1119" WIDTH="175" HEIGHT="36" WC="0.91" CONTENT="2,800,000"/>
						</TextLine>
						<TextLine ID="line_17" HPOS="274" VPOS="1164" WIDTH="1442" HEIGHT="42">
							<String ID="string_147" HPOS="274" VPOS="1164" WIDTH="140" HEIGHT="37" WC="0.96" CONTENT="kronor,"/><SP WIDTH="21" VPOS="1164" HPOS="414"/>
							<String ID="string_148" HPOS="435" VPOS="1168" WIDTH="49" HEIGHT="28" WC="0.96" CONTENT="att"/><SP WIDTH="22" VPOS="1168" HPOS="484"/>
							<String ID="string_149" HPOS="506" VPOS="1165" WIDTH="151" HEIGHT="32" WC="0.96" CONTENT="fördelas"/><SP WIDTH="22" VPOS="1165" HPOS="657"/>
							<String ID="string_150" HPOS="679" VPOS="1166" WIDTH="128" HEIGHT="31" WC="0.96" CONTENT="mellan"/><SP WIDTH="24" VPOS="1166" HPOS="807"/>
							<String ID="string_151" HPOS="831" VPOS="1167" WIDTH="42" HEIGHT="30" WC="0.96" CONTENT="de"/><SP WIDTH="20" VPOS="1167" HPOS="873"/>
							<String ID="string_152" HPOS="893" VPOS="1166" WIDTH="112" HEIGHT="31" WC="0.93" CONTENT="skilda"/><SP WIDTH="23" VPOS="1166" HPOS="1005"/>
							<String ID="string_153" HPOS="1028" VPOS="1167" WIDTH="197" HEIGHT="37" WC="0.91" CONTENT="sällskapen"/><SP WIDTH="21" VPOS="1167" HPOS="1225"/>
							<String ID="string_154" HPOS="1246" VPOS="1167" WIDTH="106" HEIGHT="37" WC="0.95" CONTENT="enligt"/><SP WIDTH="24" VPOS="1167" HPOS="1352"/>
							<String ID="string_155" HPOS="1376" VPOS="1169" WIDTH="158" HEIGHT="37" WC="0.95" CONTENT="gällande"/><SP WIDTH="23" VPOS="1169" HPOS="1534"/>
							<String ID="string_156" HPOS="1557" VPOS="1170" WIDTH="159" HEIGHT="36" WC="0.96" CONTENT="grunder."/>
						</TextLine>
					</TextBlock>
					<TextBlock ID="block_7" HPOS="272" VPOS="1215" WIDTH="1509" HEIGHT="291">
						<TextLine ID="line_18" HPOS="319" VPOS="1215" WIDTH="1459" HEIGHT="41">
							<String ID="string_157" HPOS="319" VPOS="1215" WIDTH="72" HEIGHT="31" WC="0.93" CONTENT="Mot"/><SP WIDTH="30" VPOS="1215" HPOS="391"/>
							<String ID="string_158" HPOS="421" VPOS="1216" WIDTH="367" HEIGHT="37" WC="0.90" CONTENT="lantbruksstyrelsens"/><SP WIDTH="33" VPOS="1216" HPOS="788"/>
							<String ID="string_159" HPOS="821" VPOS="1216" WIDTH="256" HEIGHT="38" WC="0.95" CONTENT="framställning"/><SP WIDTH="32" VPOS="1216" HPOS="1077"/>
							<String ID="string_160" HPOS="1109" VPOS="1226" WIDTH="57" HEIGHT="21" WC="0.87" CONTENT="om"/><SP WIDTH="29" VPOS="1226" HPOS="1166"/>
							<String ID="string_161" HPOS="1195" VPOS="1218" WIDTH="315" HEIGHT="38" WC="0.87" CONTENT="medelsanvisning"/><SP WIDTH="30" VPOS="1218" HPOS="1510"/>
							<String ID="string_162" HPOS="1540" VPOS="1220" WIDTH="72" HEIGHT="30" WC="0.96" CONTENT="dels"/><SP WIDTH="30" VPOS="1220" HPOS="1612"/>
							<String ID="string_163" HPOS="1642" VPOS="1220" WIDTH="56" HEIGHT="30" WC="0.93" CONTENT="för"/><SP WIDTH="29" VPOS="1220" HPOS="1698"/>
							<String ID="string_164" HPOS="1727" VPOS="1223" WIDTH="51" HEIGHT="28" WC="0.92" CONTENT="ut-"/>
						</TextLine>
						<TextLine ID="line_19" HPOS="274" VPOS="1266" WIDTH="1504" HEIGHT="36">
							<String ID="string_165" HPOS="274" VPOS="1266" WIDTH="188" HEIGHT="30" WC="0.95" CONTENT="lämnande"/><SP WIDTH="23" VPOS="1266" HPOS="462"/>
							<String ID="string_166" HPOS="485" VPOS="1274" WIDTH="42" HEIGHT="22" WC="0.96" CONTENT="av"/><SP WIDTH="25" VPOS="1274" HPOS="527"/>
							<String ID="string_167" HPOS="552" VPOS="1266" WIDTH="123" HEIGHT="36" WC="0.96" CONTENT="bidrag"/><SP WIDTH="21" VPOS="1266" HPOS="675"/>
							<String ID="string_168" HPOS="696" VPOS="1266" WIDTH="51" HEIGHT="31" WC="0.92" CONTENT="till"/><SP WIDTH="26" VPOS="1266" HPOS="747"/>
							<String ID="string_169" HPOS="773" VPOS="1267" WIDTH="196" HEIGHT="30" WC="0.92" CONTENT="avlönande"/><SP WIDTH="21" VPOS="1267" HPOS="969"/>
							<String ID="string_170" HPOS="990" VPOS="1267" WIDTH="111" HEIGHT="30" WC="0.96" CONTENT="under"/><SP WIDTH="28" VPOS="1267" HPOS="1101"/>
							<String ID="string_171" HPOS="1129" VPOS="1268" WIDTH="82" HEIGHT="30" WC="0.96" CONTENT="1938"/><SP WIDTH="26" VPOS="1268" HPOS="1211"/>
							<String ID="string_172" HPOS="1237" VPOS="1277" WIDTH="43" HEIGHT="21" WC="0.96" CONTENT="av"/><SP WIDTH="23" VPOS="1277" HPOS="1280"/>
							<String ID="string_173" HPOS="1303" VPOS="1269" WIDTH="211" HEIGHT="31" WC="0.96" CONTENT="sekreterare"/><SP WIDTH="24" VPOS="1269" HPOS="1514"/>
							<String ID="string_174" HPOS="1538" VPOS="1270" WIDTH="63" HEIGHT="30" WC="0.93" CONTENT="hos"/><SP WIDTH="23" VPOS="1270" HPOS="1601"/>
							<String ID="string_175" HPOS="1624" VPOS="1269" WIDTH="154" HEIGHT="32" WC="0.91" CONTENT="hushåll-"/>
						</TextLine>
						<TextLine ID="line_20" HPOS="274" VPOS="1315" WIDTH="1504" HEIGHT="41">
							<String ID="string_176" HPOS="274" VPOS="1315" WIDTH="301" HEIGHT="38" WC="0.90" CONTENT="ningssällskapen"/><SP WIDTH="22" VPOS="1315" HPOS="575"/>
							<String ID="string_177" HPOS="597" VPOS="1317" WIDTH="80" HEIGHT="30" WC="0.93" CONTENT="med"/><SP WIDTH="24" VPOS="1317" HPOS="677"/>
							<String ID="string_178" HPOS="701" VPOS="1316" WIDTH="139" HEIGHT="36" WC="0.92" CONTENT="172,000"/><SP WIDTH="22" VPOS="1316" HPOS="840"/>
							<String ID="string_179" HPOS="862" VPOS="1317" WIDTH="138" HEIGHT="36" WC="0.96" CONTENT="kronor,"/><SP WIDTH="22" VPOS="1317" HPOS="1000"/>
							<String ID="string_180" HPOS="1022" VPOS="1318" WIDTH="72" HEIGHT="30" WC="0.96" CONTENT="dels"/><SP WIDTH="23" VPOS="1318" HPOS="1094"/>
							<String ID="string_181" HPOS="1117" VPOS="1317" WIDTH="56" HEIGHT="31" WC="0.96" CONTENT="för"/><SP WIDTH="20" VPOS="1317" HPOS="1173"/>
							<String ID="string_182" HPOS="1193" VPOS="1319" WIDTH="228" HEIGHT="30" WC="0.96" CONTENT="utlämnande"/><SP WIDTH="20" VPOS="1319" HPOS="1421"/>
							<String ID="string_183" HPOS="1441" VPOS="1328" WIDTH="43" HEIGHT="21" WC="0.96" CONTENT="av"/><SP WIDTH="20" VPOS="1328" HPOS="1484"/>
							<String ID="string_184" HPOS="1504" VPOS="1320" WIDTH="122" HEIGHT="36" WC="0.96" CONTENT="bidrag"/><SP WIDTH="21" VPOS="1320" HPOS="1626"/>
							<String ID="string_185" HPOS="1647" VPOS="1320" WIDTH="51" HEIGHT="30" WC="0.92" CONTENT="till"/><SP WIDTH="23" VPOS="1320" HPOS="1698"/>
							<String ID="string_186" HPOS="1721" VPOS="1330" WIDTH="57" HEIGHT="21" WC="0.91" CONTENT="av-"/>
						</TextLine>
						<TextLine ID="line_21" HPOS="273" VPOS="1366" WIDTH="1505" HEIGHT="40">
							<String ID="string_187" HPOS="273" VPOS="1366" WIDTH="150" HEIGHT="31" WC="0.96" CONTENT="lönande"/><SP WIDTH="24" VPOS="1366" HPOS="423"/>
							<String ID="string_188" HPOS="447" VPOS="1367" WIDTH="109" HEIGHT="31" WC="0.96" CONTENT="under"/><SP WIDTH="22" VPOS="1367" HPOS="556"/>
							<String ID="string_189" HPOS="578" VPOS="1375" WIDTH="134" HEIGHT="22" WC="0.96" CONTENT="samma"/><SP WIDTH="24" VPOS="1375" HPOS="712"/>
							<String ID="string_190" HPOS="736" VPOS="1366" WIDTH="38" HEIGHT="31" WC="0.96" CONTENT="år"/><SP WIDTH="23" VPOS="1366" HPOS="774"/>
							<String ID="string_191" HPOS="797" VPOS="1376" WIDTH="44" HEIGHT="21" WC="0.96" CONTENT="av"/><SP WIDTH="26" VPOS="1376" HPOS="841"/>
							<String ID="string_192" HPOS="867" VPOS="1368" WIDTH="41" HEIGHT="29" WC="0.91" CONTENT="59"/><SP WIDTH="24" VPOS="1368" HPOS="908"/>
							<String ID="string_193" HPOS="932" VPOS="1366" WIDTH="416" HEIGHT="38" WC="0.89" CONTENT="jordbrukskonsulenter"/><SP WIDTH="19" VPOS="1366" HPOS="1348"/>
							<String ID="string_194" HPOS="1367" VPOS="1369" WIDTH="82" HEIGHT="30" WC="0.92" CONTENT="med"/><SP WIDTH="25" VPOS="1369" HPOS="1449"/>
							<String ID="string_195" HPOS="1474" VPOS="1370" WIDTH="141" HEIGHT="35" WC="0.91" CONTENT="332,000"/><SP WIDTH="24" VPOS="1370" HPOS="1615"/>
							<String ID="string_196" HPOS="1639" VPOS="1371" WIDTH="139" HEIGHT="35" WC="0.96" CONTENT="kronor,"/>
						</TextLine>
						<TextLine ID="line_22" HPOS="274" VPOS="1416" WIDTH="1507" HEIGHT="37">
							<String ID="string_197" HPOS="274" VPOS="1416" WIDTH="73" HEIGHT="30" WC="0.96" CONTENT="dels"/><SP WIDTH="24" VPOS="1416" HPOS="347"/>
							<String ID="string_198" HPOS="371" VPOS="1417" WIDTH="64" HEIGHT="29" WC="0.95" CONTENT="ock"/><SP WIDTH="25" VPOS="1417" HPOS="435"/>
							<String ID="string_199" HPOS="460" VPOS="1416" WIDTH="51" HEIGHT="30" WC="0.93" CONTENT="till"/><SP WIDTH="24" VPOS="1416" HPOS="511"/>
							<String ID="string_200" HPOS="535" VPOS="1416" WIDTH="352" HEIGHT="37" WC="0.92" CONTENT="förvaltningsbidrag"/><SP WIDTH="25" VPOS="1416" HPOS="887"/>
							<String ID="string_201" HPOS="912" VPOS="1417" WIDTH="54" HEIGHT="30" WC="0.96" CONTENT="för"/><SP WIDTH="22" VPOS="1417" HPOS="966"/>
							<String ID="string_202" HPOS="988" VPOS="1418" WIDTH="155" HEIGHT="30" WC="0.95" CONTENT="nämnda"/><SP WIDTH="25" VPOS="1418" HPOS="1143"/>
							<String ID="string_203" HPOS="1168" VPOS="1417" WIDTH="49" HEIGHT="31" WC="0.95" CONTENT="tid"/><SP WIDTH="24" VPOS="1417" HPOS="1217"/>
							<String ID="string_204" HPOS="1241" VPOS="1418" WIDTH="52" HEIGHT="31" WC="0.96" CONTENT="till"/><SP WIDTH="25" VPOS="1418" HPOS="1293"/>
							<String ID="string_205" HPOS="1318" VPOS="1419" WIDTH="210" HEIGHT="32" WC="0.96" CONTENT="förmedlare"/><SP WIDTH="24" VPOS="1419" HPOS="1528"/>
							<String ID="string_206" HPOS="1552" VPOS="1429" WIDTH="42" HEIGHT="21" WC="0.96" CONTENT="av"/><SP WIDTH="25" VPOS="1429" HPOS="1594"/>
							<String ID="string_207" HPOS="1619" VPOS="1420" WIDTH="57" HEIGHT="31" WC="0.96" CONTENT="lån"/><SP WIDTH="25" VPOS="1420" HPOS="1676"/>
							<String ID="string_208" HPOS="1701" VPOS="1420" WIDTH="80" HEIGHT="32" WC="0.96" CONTENT="från"/>
						</TextLine>
						<TextLine ID="line_23" HPOS="272" VPOS="1467" WIDTH="1351" HEIGHT="39">
							<String ID="string_209" HPOS="272" VPOS="1467" WIDTH="456" HEIGHT="37" WC="0.91" CONTENT="täckdikningslånefonden"/><SP WIDTH="25" VPOS="1467" HPOS="728"/>
							<String ID="string_210" HPOS="753" VPOS="1469" WIDTH="81" HEIGHT="30" WC="0.93" CONTENT="med"/><SP WIDTH="23" VPOS="1469" HPOS="834"/>
							<String ID="string_211" HPOS="857" VPOS="1468" WIDTH="119" HEIGHT="35" WC="0.92" CONTENT="98,000"/><SP WIDTH="23" VPOS="1468" HPOS="976"/>
							<String ID="string_212" HPOS="999" VPOS="1469" WIDTH="131" HEIGHT="30" WC="0.96" CONTENT="kronor"/><SP WIDTH="24" VPOS="1469" HPOS="1130"/>
							<String ID="string_213" HPOS="1154" VPOS="1469" WIDTH="63" HEIGHT="30" WC="0.96" CONTENT="har"/><SP WIDTH="21" VPOS="1469" HPOS="1217"/>
							<String ID="string_214" HPOS="1238" VPOS="1469" WIDTH="58" HEIGHT="37" WC="0.96" CONTENT="jag"/><SP WIDTH="23" VPOS="1469" HPOS="1296"/>
							<String ID="string_215" HPOS="1319" VPOS="1469" WIDTH="86" HEIGHT="31" WC="0.96" CONTENT="intet"/><SP WIDTH="24" VPOS="1469" HPOS="1405"/>
							<String ID="string_216" HPOS="1429" VPOS="1473" WIDTH="49" HEIGHT="28" WC="0.96" CONTENT="att"/><SP WIDTH="21" VPOS="1473" HPOS="1478"/>
							<String ID="string_217" HPOS="1499" VPOS="1471" WIDTH="124" HEIGHT="30" WC="0.95" CONTENT="erinra."/>
						</TextLine>
					</TextBlock>
					<TextBlock ID="block_8" HPOS="268" VPOS="1517" WIDTH="1511" HEIGHT="948">
						<TextLine ID="line_24" HPOS="319" VPOS="1517" WIDTH="1460" HEIGHT="41">
							<String ID="string_218" HPOS="319" VPOS="1517" WIDTH="75" HEIGHT="30" WC="0.93" CONTENT="Vad"/><SP WIDTH="26" VPOS="1517" HPOS="394"/>
							<String ID="string_219" HPOS="420" VPOS="1517" WIDTH="341" HEIGHT="37" WC="0.92" CONTENT="vandringsrättarna"/><SP WIDTH="28" VPOS="1517" HPOS="761"/>
							<String ID="string_220" HPOS="789" VPOS="1518" WIDTH="170" HEIGHT="30" WC="0.96" CONTENT="beträffar"/><SP WIDTH="26" VPOS="1518" HPOS="959"/>
							<String ID="string_221" HPOS="985" VPOS="1519" WIDTH="74" HEIGHT="36" WC="0.96" CONTENT="har,"/><SP WIDTH="30" VPOS="1519" HPOS="1059"/>
							<String ID="string_222" HPOS="1089" VPOS="1518" WIDTH="115" HEIGHT="32" WC="0.96" CONTENT="såsom"/><SP WIDTH="26" VPOS="1518" HPOS="1204"/>
							<String ID="string_223" HPOS="1230" VPOS="1529" WIDTH="43" HEIGHT="21" WC="0.96" CONTENT="av"/><SP WIDTH="27" VPOS="1529" HPOS="1273"/>
							<String ID="string_224" HPOS="1300" VPOS="1520" WIDTH="57" HEIGHT="31" WC="0.96" CONTENT="det"/><SP WIDTH="26" VPOS="1520" HPOS="1357"/>
							<String ID="string_225" HPOS="1383" VPOS="1520" WIDTH="206" HEIGHT="37" WC="0.96" CONTENT="föregående"/><SP WIDTH="29" VPOS="1520" HPOS="1589"/>
							<String ID="string_226" HPOS="1618" VPOS="1521" WIDTH="161" HEIGHT="37" WC="0.96" CONTENT="framgår,"/>
						</TextLine>
						<TextLine ID="line_25" HPOS="273" VPOS="1568" WIDTH="1503" HEIGHT="41">
							<String ID="string_227" HPOS="273" VPOS="1568" WIDTH="124" HEIGHT="37" WC="0.96" CONTENT="Kungl."/><SP WIDTH="22" VPOS="1568" HPOS="397"/>
							<String ID="string_228" HPOS="419" VPOS="1568" WIDTH="100" HEIGHT="37" WC="0.96" CONTENT="Maj:t"/><SP WIDTH="21" VPOS="1568" HPOS="519"/>
							<String ID="string_229" HPOS="540" VPOS="1569" WIDTH="66" HEIGHT="30" WC="0.96" CONTENT="och"/><SP WIDTH="19" VPOS="1569" HPOS="606"/>
							<String ID="string_230" HPOS="625" VPOS="1569" WIDTH="184" HEIGHT="36" WC="0.95" CONTENT="riksdagen"/><SP WIDTH="22" VPOS="1569" HPOS="809"/>
							<String ID="string_231" HPOS="831" VPOS="1568" WIDTH="95" HEIGHT="32" WC="0.96" CONTENT="såväl"/><SP WIDTH="22" VPOS="1568" HPOS="926"/>
							<String ID="string_232" HPOS="948" VPOS="1570" WIDTH="83" HEIGHT="30" WC="0.96" CONTENT="1936"/><SP WIDTH="18" VPOS="1570" HPOS="1031"/>
							<String ID="string_233" HPOS="1049" VPOS="1579" WIDTH="76" HEIGHT="22" WC="0.95" CONTENT="som"/><SP WIDTH="24" VPOS="1579" HPOS="1125"/>
							<String ID="string_234" HPOS="1149" VPOS="1570" WIDTH="81" HEIGHT="31" WC="0.95" CONTENT="1937"/><SP WIDTH="21" VPOS="1570" HPOS="1230"/>
							<String ID="string_235" HPOS="1251" VPOS="1570" WIDTH="134" HEIGHT="32" WC="0.96" CONTENT="avvisat"/><SP WIDTH="18" VPOS="1570" HPOS="1385"/>
							<String ID="string_236" HPOS="1403" VPOS="1571" WIDTH="295" HEIGHT="38" WC="0.96" CONTENT="framställningar"/><SP WIDTH="20" VPOS="1571" HPOS="1698"/>
							<String ID="string_237" HPOS="1718" VPOS="1582" WIDTH="58" HEIGHT="21" WC="0.96" CONTENT="om"/>
						</TextLine>
						<TextLine ID="line_26" HPOS="273" VPOS="1618" WIDTH="1505" HEIGHT="42">
							<String ID="string_238" HPOS="273" VPOS="1618" WIDTH="131" HEIGHT="37" WC="0.96" CONTENT="ökning"/><SP WIDTH="21" VPOS="1618" HPOS="404"/>
							<String ID="string_239" HPOS="425" VPOS="1629" WIDTH="42" HEIGHT="21" WC="0.91" CONTENT="av"/><SP WIDTH="22" VPOS="1629" HPOS="467"/>
							<String ID="string_240" HPOS="489" VPOS="1619" WIDTH="362" HEIGHT="37" WC="0.91" CONTENT="vandringsrättarnas"/><SP WIDTH="24" VPOS="1619" HPOS="851"/>
							<String ID="string_241" HPOS="875" VPOS="1619" WIDTH="368" HEIGHT="37" WC="0.91" CONTENT="avlöningsförmåner."/><SP WIDTH="34" VPOS="1619" HPOS="1243"/>
							<String ID="string_242" HPOS="1277" VPOS="1620" WIDTH="53" HEIGHT="32" WC="0.96" CONTENT="Då"/><SP WIDTH="21" VPOS="1620" HPOS="1330"/>
							<String ID="string_243" HPOS="1351" VPOS="1622" WIDTH="190" HEIGHT="31" WC="0.96" CONTENT="emellertid"/><SP WIDTH="22" VPOS="1622" HPOS="1541"/>
							<String ID="string_244" HPOS="1563" VPOS="1623" WIDTH="66" HEIGHT="30" WC="0.93" CONTENT="den"/><SP WIDTH="23" VPOS="1623" HPOS="1629"/>
							<String ID="string_245" HPOS="1652" VPOS="1622" WIDTH="126" HEIGHT="38" WC="0.93" CONTENT="ifråga-"/>
						</TextLine>
						<TextLine ID="line_27" HPOS="272" VPOS="1668" WIDTH="1505" HEIGHT="40">
							<String ID="string_246" HPOS="272" VPOS="1672" WIDTH="90" HEIGHT="28" WC="0.96" CONTENT="satta"/><SP WIDTH="27" VPOS="1672" HPOS="362"/>
							<String ID="string_247" HPOS="389" VPOS="1669" WIDTH="227" HEIGHT="37" WC="0.96" CONTENT="utredningen"/><SP WIDTH="27" VPOS="1669" HPOS="616"/>
							<String ID="string_248" HPOS="643" VPOS="1668" WIDTH="177" HEIGHT="38" WC="0.96" CONTENT="angående"/><SP WIDTH="28" VPOS="1668" HPOS="820"/>
							<String ID="string_249" HPOS="848" VPOS="1670" WIDTH="66" HEIGHT="30" WC="0.96" CONTENT="den"/><SP WIDTH="25" VPOS="1670" HPOS="914"/>
							<String ID="string_250" HPOS="939" VPOS="1670" WIDTH="51" HEIGHT="31" WC="0.91" CONTENT="till"/><SP WIDTH="28" VPOS="1670" HPOS="990"/>
							<String ID="string_251" HPOS="1018" VPOS="1670" WIDTH="444" HEIGHT="38" WC="0.91" CONTENT="hushållningssällskapen"/><SP WIDTH="26" VPOS="1670" HPOS="1462"/>
							<String ID="string_252" HPOS="1488" VPOS="1672" WIDTH="134" HEIGHT="32" WC="0.93" CONTENT="knutna"/><SP WIDTH="28" VPOS="1672" HPOS="1622"/>
							<String ID="string_253" HPOS="1650" VPOS="1674" WIDTH="127" HEIGHT="30" WC="0.92" CONTENT="konsu-"/>
						</TextLine>
						<TextLine ID="line_28" HPOS="272" VPOS="1719" WIDTH="1506" HEIGHT="41">
							<String ID="string_254" HPOS="272" VPOS="1719" WIDTH="336" HEIGHT="31" WC="0.92" CONTENT="lentverksamheten"/><SP WIDTH="21" VPOS="1719" HPOS="608"/>
							<String ID="string_255" HPOS="629" VPOS="1719" WIDTH="32" HEIGHT="38" WC="0.96" CONTENT="ej"/><SP WIDTH="23" VPOS="1719" HPOS="661"/>
							<String ID="string_256" HPOS="684" VPOS="1720" WIDTH="97" HEIGHT="30" WC="0.96" CONTENT="torde"/><SP WIDTH="20" VPOS="1720" HPOS="781"/>
							<String ID="string_257" HPOS="801" VPOS="1721" WIDTH="120" HEIGHT="30" WC="0.93" CONTENT="kunna"/><SP WIDTH="21" VPOS="1721" HPOS="921"/>
							<String ID="string_258" HPOS="942" VPOS="1719" WIDTH="210" HEIGHT="38" WC="0.91" CONTENT="igångsättas"/><SP WIDTH="22" VPOS="1719" HPOS="1152"/>
							<String ID="string_259" HPOS="1174" VPOS="1721" WIDTH="119" HEIGHT="31" WC="0.96" CONTENT="förrän"/><SP WIDTH="23" VPOS="1721" HPOS="1293"/>
							<String ID="string_260" HPOS="1316" VPOS="1722" WIDTH="138" HEIGHT="37" WC="0.96" CONTENT="tidigast"/><SP WIDTH="22" VPOS="1722" HPOS="1454"/>
							<String ID="string_261" HPOS="1476" VPOS="1723" WIDTH="109" HEIGHT="30" WC="0.96" CONTENT="under"/><SP WIDTH="22" VPOS="1723" HPOS="1585"/>
							<String ID="string_262" HPOS="1607" VPOS="1724" WIDTH="100" HEIGHT="30" WC="0.96" CONTENT="nästa"/><SP WIDTH="22" VPOS="1724" HPOS="1707"/>
							<String ID="string_263" HPOS="1729" VPOS="1723" WIDTH="49" HEIGHT="37" WC="0.95" CONTENT="år,"/>
						</TextLine>
						<TextLine ID="line_29" HPOS="272" VPOS="1770" WIDTH="1505" HEIGHT="41">
							<String ID="string_264" HPOS="272" VPOS="1770" WIDTH="98" HEIGHT="31" WC="0.96" CONTENT="torde"/><SP WIDTH="28" VPOS="1770" HPOS="370"/>
							<String ID="string_265" HPOS="398" VPOS="1770" WIDTH="121" HEIGHT="37" WC="0.96" CONTENT="frågan"/><SP WIDTH="31" VPOS="1770" HPOS="519"/>
							<String ID="string_266" HPOS="550" VPOS="1780" WIDTH="58" HEIGHT="21" WC="0.92" CONTENT="om"/><SP WIDTH="28" VPOS="1780" HPOS="608"/>
							<String ID="string_267" HPOS="636" VPOS="1771" WIDTH="361" HEIGHT="37" WC="0.91" CONTENT="vandringsrättarnas"/><SP WIDTH="28" VPOS="1771" HPOS="997"/>
							<String ID="string_268" HPOS="1025" VPOS="1771" WIDTH="362" HEIGHT="38" WC="0.92" CONTENT="avlöningsförmåner"/><SP WIDTH="27" VPOS="1771" HPOS="1387"/>
							<String ID="string_269" HPOS="1414" VPOS="1774" WIDTH="85" HEIGHT="30" WC="0.96" CONTENT="böra"/><SP WIDTH="28" VPOS="1774" HPOS="1499"/>
							<String ID="string_270" HPOS="1527" VPOS="1777" WIDTH="171" HEIGHT="34" WC="0.94" CONTENT="upptagas"/><SP WIDTH="28" VPOS="1777" HPOS="1698"/>
							<String ID="string_271" HPOS="1726" VPOS="1775" WIDTH="51" HEIGHT="30" WC="0.94" CONTENT="till"/>
						</TextLine>
						<TextLine ID="line_30" HPOS="272" VPOS="1821" WIDTH="1503" HEIGHT="40">
							<String ID="string_272" HPOS="272" VPOS="1821" WIDTH="221" HEIGHT="36" WC="0.96" CONTENT="behandling."/><SP WIDTH="35" VPOS="1821" HPOS="493"/>
							<String ID="string_273" HPOS="528" VPOS="1821" WIDTH="64" HEIGHT="38" WC="0.96" CONTENT="Jag"/><SP WIDTH="21" VPOS="1821" HPOS="592"/>
							<String ID="string_274" HPOS="613" VPOS="1821" WIDTH="58" HEIGHT="30" WC="0.96" CONTENT="vill"/><SP WIDTH="23" VPOS="1821" HPOS="671"/>
							<String ID="string_275" HPOS="694" VPOS="1821" WIDTH="143" HEIGHT="32" WC="0.96" CONTENT="förorda"/><SP WIDTH="20" VPOS="1821" HPOS="837"/>
							<String ID="string_276" HPOS="857" VPOS="1824" WIDTH="50" HEIGHT="29" WC="0.93" CONTENT="att"/><SP WIDTH="22" VPOS="1824" HPOS="907"/>
							<String ID="string_277" HPOS="929" VPOS="1822" WIDTH="344" HEIGHT="37" WC="0.91" CONTENT="vandringsrättarna"/><SP WIDTH="20" VPOS="1822" HPOS="1273"/>
							<String ID="string_278" HPOS="1293" VPOS="1822" WIDTH="81" HEIGHT="32" WC="0.96" CONTENT="från"/><SP WIDTH="21" VPOS="1822" HPOS="1374"/>
							<String ID="string_279" HPOS="1395" VPOS="1824" WIDTH="66" HEIGHT="30" WC="0.96" CONTENT="och"/><SP WIDTH="23" VPOS="1824" HPOS="1461"/>
							<String ID="string_280" HPOS="1484" VPOS="1825" WIDTH="79" HEIGHT="30" WC="0.95" CONTENT="med"/><SP WIDTH="21" VPOS="1825" HPOS="1563"/>
							<String ID="string_281" HPOS="1584" VPOS="1825" WIDTH="65" HEIGHT="30" WC="0.95" CONTENT="den"/><SP WIDTH="24" VPOS="1825" HPOS="1649"/>
							<String ID="string_282" HPOS="1673" VPOS="1826" WIDTH="14" HEIGHT="29" WC="0.96" CONTENT="1"/><SP WIDTH="24" VPOS="1826" HPOS="1687"/>
							<String ID="string_283" HPOS="1711" VPOS="1824" WIDTH="64" HEIGHT="37" WC="0.96" CONTENT="juli"/>
						</TextLine>
						<TextLine ID="line_31" HPOS="274" VPOS="1870" WIDTH="1500" HEIGHT="41">
							<String ID="string_284" HPOS="274" VPOS="1872" WIDTH="84" HEIGHT="29" WC="0.96" CONTENT="1938"/><SP WIDTH="22" VPOS="1872" HPOS="358"/>
							<String ID="string_285" HPOS="380" VPOS="1870" WIDTH="56" HEIGHT="32" WC="0.96" CONTENT="må"/><SP WIDTH="20" VPOS="1870" HPOS="436"/>
							<String ID="string_286" HPOS="456" VPOS="1871" WIDTH="142" HEIGHT="31" WC="0.96" CONTENT="komma"/><SP WIDTH="18" VPOS="1871" HPOS="598"/>
							<String ID="string_287" HPOS="616" VPOS="1872" WIDTH="11" HEIGHT="29" WC="0.96" CONTENT="i"/><SP WIDTH="20" VPOS="1872" HPOS="627"/>
							<String ID="string_288" HPOS="647" VPOS="1871" WIDTH="206" HEIGHT="37" WC="0.95" CONTENT="åtnjutande"/><SP WIDTH="18" VPOS="1871" HPOS="853"/>
							<String ID="string_289" HPOS="871" VPOS="1881" WIDTH="43" HEIGHT="21" WC="0.96" CONTENT="av"/><SP WIDTH="20" VPOS="1881" HPOS="914"/>
							<String ID="string_290" HPOS="934" VPOS="1872" WIDTH="211" HEIGHT="37" WC="0.92" CONTENT="provisorisk"/><SP WIDTH="20" VPOS="1872" HPOS="1145"/>
							<String ID="string_291" HPOS="1165" VPOS="1872" WIDTH="391" HEIGHT="39" WC="0.92" CONTENT="avlöningsförbättring"/><SP WIDTH="18" VPOS="1872" HPOS="1556"/>
							<String ID="string_292" HPOS="1574" VPOS="1874" WIDTH="21" HEIGHT="31" WC="0.92" CONTENT="å"/><SP WIDTH="21" VPOS="1874" HPOS="1595"/>
							<String ID="string_293" HPOS="1616" VPOS="1875" WIDTH="63" HEIGHT="30" WC="0.93" CONTENT="500"/><SP WIDTH="19" VPOS="1875" HPOS="1679"/>
							<String ID="string_294" HPOS="1698" VPOS="1875" WIDTH="76" HEIGHT="30" WC="0.90" CONTENT="kro-"/>
						</TextLine>
						<TextLine ID="line_32" HPOS="272" VPOS="1921" WIDTH="1503" HEIGHT="41">
							<String ID="string_295" HPOS="272" VPOS="1931" WIDTH="65" HEIGHT="21" WC="0.96" CONTENT="nor"/><SP WIDTH="26" VPOS="1931" HPOS="337"/>
							<String ID="string_296" HPOS="363" VPOS="1922" WIDTH="55" HEIGHT="31" WC="0.96" CONTENT="för"/><SP WIDTH="22" VPOS="1922" HPOS="418"/>
							<String ID="string_297" HPOS="440" VPOS="1921" WIDTH="38" HEIGHT="31" WC="0.96" CONTENT="år"/><SP WIDTH="26" VPOS="1921" HPOS="478"/>
							<String ID="string_298" HPOS="504" VPOS="1925" WIDTH="49" HEIGHT="28" WC="0.96" CONTENT="att"/><SP WIDTH="26" VPOS="1925" HPOS="553"/>
							<String ID="string_299" HPOS="579" VPOS="1921" WIDTH="82" HEIGHT="38" WC="0.96" CONTENT="utgå"/><SP WIDTH="22" VPOS="1921" HPOS="661"/>
							<String ID="string_300" HPOS="683" VPOS="1932" WIDTH="43" HEIGHT="21" WC="0.93" CONTENT="av"/><SP WIDTH="25" VPOS="1932" HPOS="726"/>
							<String ID="string_301" HPOS="751" VPOS="1922" WIDTH="209" HEIGHT="31" WC="0.91" CONTENT="statsmedel."/><SP WIDTH="36" VPOS="1922" HPOS="960"/>
							<String ID="string_302" HPOS="996" VPOS="1923" WIDTH="14" HEIGHT="30" WC="0.96" CONTENT="I"/><SP WIDTH="26" VPOS="1923" HPOS="1010"/>
							<String ID="string_303" HPOS="1036" VPOS="1923" WIDTH="171" HEIGHT="30" WC="0.96" CONTENT="samband"/><SP WIDTH="28" VPOS="1923" HPOS="1207"/>
							<String ID="string_304" HPOS="1235" VPOS="1923" WIDTH="145" HEIGHT="31" WC="0.96" CONTENT="härmed"/><SP WIDTH="26" VPOS="1923" HPOS="1380"/>
							<String ID="string_305" HPOS="1406" VPOS="1924" WIDTH="64" HEIGHT="30" WC="0.96" CONTENT="bör"/><SP WIDTH="25" VPOS="1924" HPOS="1470"/>
							<String ID="string_306" HPOS="1495" VPOS="1924" WIDTH="108" HEIGHT="31" WC="0.96" CONTENT="sådan"/><SP WIDTH="25" VPOS="1924" HPOS="1603"/>
							<String ID="string_307" HPOS="1628" VPOS="1925" WIDTH="147" HEIGHT="37" WC="0.96" CONTENT="ändring"/>
						</TextLine>
						<TextLine ID="line_33" HPOS="271" VPOS="1972" WIDTH="1505" HEIGHT="39">
							<String ID="string_308" HPOS="271" VPOS="1972" WIDTH="60" HEIGHT="30" WC="0.96" CONTENT="ske"/><SP WIDTH="21" VPOS="1972" HPOS="331"/>
							<String ID="string_309" HPOS="352" VPOS="1972" WIDTH="10" HEIGHT="30" WC="0.96" CONTENT="i"/><SP WIDTH="19" VPOS="1972" HPOS="362"/>
							<String ID="string_310" HPOS="381" VPOS="1972" WIDTH="158" HEIGHT="36" WC="0.96" CONTENT="gällande"/><SP WIDTH="20" VPOS="1972" HPOS="539"/>
							<String ID="string_311" HPOS="559" VPOS="1972" WIDTH="259" HEIGHT="31" WC="0.96" CONTENT="bestämmelser"/><SP WIDTH="19" VPOS="1972" HPOS="818"/>
							<String ID="string_312" HPOS="837" VPOS="1973" WIDTH="10" HEIGHT="30" WC="0.96" CONTENT="i"/><SP WIDTH="20" VPOS="1973" HPOS="847"/>
							<String ID="string_313" HPOS="867" VPOS="1973" WIDTH="125" HEIGHT="36" WC="0.96" CONTENT="ämnet,"/><SP WIDTH="21" VPOS="1973" HPOS="992"/>
							<String ID="string_314" HPOS="1013" VPOS="1976" WIDTH="50" HEIGHT="27" WC="0.96" CONTENT="att"/><SP WIDTH="18" VPOS="1976" HPOS="1063"/>
							<String ID="string_315" HPOS="1081" VPOS="1972" WIDTH="115" HEIGHT="31" WC="0.95" CONTENT="såsom"/><SP WIDTH="21" VPOS="1972" HPOS="1196"/>
							<String ID="string_316" HPOS="1217" VPOS="1974" WIDTH="124" HEIGHT="30" WC="0.95" CONTENT="villkor"/><SP WIDTH="14" VPOS="1974" HPOS="1341"/>
							<String ID="string_317" HPOS="1355" VPOS="1974" WIDTH="55" HEIGHT="31" WC="0.93" CONTENT="för"/><SP WIDTH="13" VPOS="1974" HPOS="1410"/>
							<String ID="string_318" HPOS="1423" VPOS="1974" WIDTH="139" HEIGHT="37" WC="0.91" CONTENT="bidrags"/><SP WIDTH="13" VPOS="1974" HPOS="1562"/>
							<String ID="string_319" HPOS="1575" VPOS="1975" WIDTH="201" HEIGHT="31" WC="0.96" CONTENT="erhållande"/>
						</TextLine>
						<TextLine ID="line_34" HPOS="271" VPOS="2022" WIDTH="1505" HEIGHT="39">
							<String ID="string_320" HPOS="271" VPOS="2022" WIDTH="208" HEIGHT="31" WC="0.91" CONTENT="föreskrives"/><SP WIDTH="21" VPOS="2022" HPOS="479"/>
							<String ID="string_321" HPOS="500" VPOS="2026" WIDTH="49" HEIGHT="27" WC="0.93" CONTENT="att"/><SP WIDTH="19" VPOS="2026" HPOS="549"/>
							<String ID="string_322" HPOS="568" VPOS="2022" WIDTH="335" HEIGHT="37" WC="0.91" CONTENT="vandringsrättares"/><SP WIDTH="21" VPOS="2022" HPOS="903"/>
							<String ID="string_323" HPOS="924" VPOS="2023" WIDTH="168" HEIGHT="31" WC="0.95" CONTENT="kontanta"/><SP WIDTH="20" VPOS="2023" HPOS="1092"/>
							<String ID="string_324" HPOS="1112" VPOS="2023" WIDTH="170" HEIGHT="36" WC="0.96" CONTENT="grundlön"/><SP WIDTH="21" VPOS="2023" HPOS="1282"/>
							<String ID="string_325" HPOS="1303" VPOS="2025" WIDTH="89" HEIGHT="30" WC="0.95" CONTENT="skall"/><SP WIDTH="19" VPOS="2025" HPOS="1392"/>
							<String ID="string_326" HPOS="1411" VPOS="2026" WIDTH="122" HEIGHT="35" WC="0.96" CONTENT="utgöra"/><SP WIDTH="22" VPOS="2026" HPOS="1533"/>
							<String ID="string_327" HPOS="1555" VPOS="2025" WIDTH="104" HEIGHT="31" WC="0.92" CONTENT="minst"/><SP WIDTH="19" VPOS="2025" HPOS="1659"/>
							<String ID="string_328" HPOS="1678" VPOS="2025" WIDTH="98" HEIGHT="36" WC="0.91" CONTENT="2,500"/>
						</TextLine>
						<TextLine ID="line_35" HPOS="269" VPOS="2072" WIDTH="1508" HEIGHT="40">
							<String ID="string_329" HPOS="269" VPOS="2073" WIDTH="140" HEIGHT="30" WC="0.96" CONTENT="kronor."/><SP WIDTH="45" VPOS="2073" HPOS="409"/>
							<String ID="string_330" HPOS="454" VPOS="2072" WIDTH="66" HEIGHT="30" WC="0.96" CONTENT="Till"/><SP WIDTH="22" VPOS="2072" HPOS="520"/>
							<String ID="string_331" HPOS="542" VPOS="2073" WIDTH="114" HEIGHT="30" WC="0.96" CONTENT="denna"/><SP WIDTH="21" VPOS="2073" HPOS="656"/>
							<String ID="string_332" HPOS="677" VPOS="2072" WIDTH="96" HEIGHT="37" WC="0.96" CONTENT="fråga"/><SP WIDTH="24" VPOS="2072" HPOS="773"/>
							<String ID="string_333" HPOS="797" VPOS="2073" WIDTH="98" HEIGHT="31" WC="0.96" CONTENT="torde"/><SP WIDTH="20" VPOS="2073" HPOS="895"/>
							<String ID="string_334" HPOS="915" VPOS="2073" WIDTH="58" HEIGHT="37" WC="0.96" CONTENT="jag"/><SP WIDTH="21" VPOS="2073" HPOS="973"/>
							<String ID="string_335" HPOS="994" VPOS="2073" WIDTH="36" HEIGHT="31" WC="0.96" CONTENT="få"/><SP WIDTH="22" VPOS="2073" HPOS="1030"/>
							<String ID="string_336" HPOS="1052" VPOS="2073" WIDTH="217" HEIGHT="32" WC="0.96" CONTENT="återkomma"/><SP WIDTH="22" VPOS="2073" HPOS="1269"/>
							<String ID="string_337" HPOS="1291" VPOS="2075" WIDTH="108" HEIGHT="30" WC="0.96" CONTENT="sedan"/><SP WIDTH="22" VPOS="2075" HPOS="1399"/>
							<String ID="string_338" HPOS="1421" VPOS="2074" WIDTH="184" HEIGHT="38" WC="0.96" CONTENT="riksdagen"/><SP WIDTH="23" VPOS="2074" HPOS="1605"/>
							<String ID="string_339" HPOS="1628" VPOS="2076" WIDTH="149" HEIGHT="31" WC="0.96" CONTENT="beslutat"/>
						</TextLine>
						<TextLine ID="line_36" HPOS="269" VPOS="2123" WIDTH="1507" HEIGHT="41">
							<String ID="string_340" HPOS="269" VPOS="2123" WIDTH="11" HEIGHT="30" WC="0.93" CONTENT="i"/><SP WIDTH="20" VPOS="2123" HPOS="280"/>
							<String ID="string_341" HPOS="300" VPOS="2123" WIDTH="273" HEIGHT="37" WC="0.89" CONTENT="anslagsfrågan."/><SP WIDTH="34" VPOS="2123" HPOS="573"/>
							<String ID="string_342" HPOS="607" VPOS="2124" WIDTH="53" HEIGHT="30" WC="0.96" CONTENT="Nu"/><SP WIDTH="22" VPOS="2124" HPOS="660"/>
							<String ID="string_343" HPOS="682" VPOS="2124" WIDTH="193" HEIGHT="36" WC="0.96" CONTENT="föreslagen"/><SP WIDTH="22" VPOS="2124" HPOS="875"/>
							<String ID="string_344" HPOS="897" VPOS="2124" WIDTH="211" HEIGHT="37" WC="0.93" CONTENT="provisorisk"/><SP WIDTH="23" VPOS="2124" HPOS="1108"/>
							<String ID="string_345" HPOS="1131" VPOS="2125" WIDTH="391" HEIGHT="38" WC="0.92" CONTENT="avlöningsförbättring"/><SP WIDTH="19" VPOS="2125" HPOS="1522"/>
							<String ID="string_346" HPOS="1541" VPOS="2127" WIDTH="63" HEIGHT="30" WC="0.96" CONTENT="bör"/><SP WIDTH="21" VPOS="2127" HPOS="1604"/>
							<String ID="string_347" HPOS="1625" VPOS="2126" WIDTH="43" HEIGHT="38" WC="0.96" CONTENT="på"/><SP WIDTH="23" VPOS="2126" HPOS="1668"/>
							<String ID="string_348" HPOS="1691" VPOS="2127" WIDTH="85" HEIGHT="30" WC="0.96" CONTENT="intet"/>
						</TextLine>
						<TextLine ID="line_37" HPOS="270" VPOS="2174" WIDTH="1503" HEIGHT="39">
							<String ID="string_349" HPOS="270" VPOS="2175" WIDTH="67" HEIGHT="30" WC="0.96" CONTENT="sätt"/><SP WIDTH="30" VPOS="2175" HPOS="337"/>
							<String ID="string_350" HPOS="367" VPOS="2174" WIDTH="106" HEIGHT="31" WC="0.96" CONTENT="binda"/><SP WIDTH="31" VPOS="2174" HPOS="473"/>
							<String ID="string_351" HPOS="504" VPOS="2183" WIDTH="43" HEIGHT="21" WC="0.95" CONTENT="en"/><SP WIDTH="31" VPOS="2183" HPOS="547"/>
							<String ID="string_352" HPOS="578" VPOS="2174" WIDTH="162" HEIGHT="31" WC="0.95" CONTENT="blivande"/><SP WIDTH="28" VPOS="2174" HPOS="740"/>
							<String ID="string_353" HPOS="768" VPOS="2175" WIDTH="184" HEIGHT="37" WC="0.96" CONTENT="utredning"/><SP WIDTH="30" VPOS="2175" HPOS="952"/>
							<String ID="string_354" HPOS="982" VPOS="2175" WIDTH="148" HEIGHT="32" WC="0.90" CONTENT="rörande"/><SP WIDTH="31" VPOS="2175" HPOS="1130"/>
							<String ID="string_355" HPOS="1161" VPOS="2174" WIDTH="459" HEIGHT="39" WC="0.89" CONTENT="hushållningssällskapens"/><SP WIDTH="30" VPOS="2174" HPOS="1620"/>
							<String ID="string_356" HPOS="1650" VPOS="2177" WIDTH="123" HEIGHT="31" WC="0.90" CONTENT="befatt-"/>
						</TextLine>
						<TextLine ID="line_38" HPOS="270" VPOS="2224" WIDTH="1502" HEIGHT="39">
							<String ID="string_357" HPOS="270" VPOS="2224" WIDTH="240" HEIGHT="38" WC="0.92" CONTENT="ningshavare."/><SP WIDTH="36" VPOS="2224" HPOS="510"/>
							<String ID="string_358" HPOS="546" VPOS="2225" WIDTH="14" HEIGHT="30" WC="0.96" CONTENT="I"/><SP WIDTH="26" VPOS="2225" HPOS="560"/>
							<String ID="string_359" HPOS="586" VPOS="2225" WIDTH="108" HEIGHT="31" WC="0.96" CONTENT="likhet"/><SP WIDTH="21" VPOS="2225" HPOS="694"/>
							<String ID="string_360" HPOS="715" VPOS="2225" WIDTH="79" HEIGHT="30" WC="0.93" CONTENT="med"/><SP WIDTH="25" VPOS="2225" HPOS="794"/>
							<String ID="string_361" HPOS="819" VPOS="2225" WIDTH="352" HEIGHT="38" WC="0.91" CONTENT="lantbruksstyrelsen"/><SP WIDTH="25" VPOS="2225" HPOS="1171"/>
							<String ID="string_362" HPOS="1196" VPOS="2235" WIDTH="100" HEIGHT="22" WC="0.96" CONTENT="anser"/><SP WIDTH="22" VPOS="2235" HPOS="1296"/>
							<String ID="string_363" HPOS="1318" VPOS="2225" WIDTH="69" HEIGHT="38" WC="0.96" CONTENT="jag,"/><SP WIDTH="27" VPOS="2225" HPOS="1387"/>
							<String ID="string_364" HPOS="1414" VPOS="2229" WIDTH="48" HEIGHT="28" WC="0.96" CONTENT="att"/><SP WIDTH="25" VPOS="2229" HPOS="1462"/>
							<String ID="string_365" HPOS="1487" VPOS="2227" WIDTH="55" HEIGHT="30" WC="0.96" CONTENT="för"/><SP WIDTH="22" VPOS="2227" HPOS="1542"/>
							<String ID="string_366" HPOS="1564" VPOS="2228" WIDTH="98" HEIGHT="30" WC="0.92" CONTENT="nästa"/><SP WIDTH="25" VPOS="2228" HPOS="1662"/>
							<String ID="string_367" HPOS="1687" VPOS="2228" WIDTH="85" HEIGHT="30" WC="0.92" CONTENT="bud-"/>
						</TextLine>
						<TextLine ID="line_39" HPOS="269" VPOS="2275" WIDTH="1503" HEIGHT="38">
							<String ID="string_368" HPOS="269" VPOS="2275" WIDTH="95" HEIGHT="36" WC="0.91" CONTENT="getår"/><SP WIDTH="20" VPOS="2275" HPOS="364"/>
							<String ID="string_369" HPOS="384" VPOS="2276" WIDTH="84" HEIGHT="30" WC="0.96" CONTENT="böra"/><SP WIDTH="20" VPOS="2276" HPOS="468"/>
							<String ID="string_370" HPOS="488" VPOS="2275" WIDTH="173" HEIGHT="32" WC="0.96" CONTENT="beräknas"/><SP WIDTH="18" VPOS="2275" HPOS="661"/>
							<String ID="string_371" HPOS="679" VPOS="2276" WIDTH="111" HEIGHT="30" WC="0.96" CONTENT="medel"/><SP WIDTH="21" VPOS="2276" HPOS="790"/>
							<String ID="string_372" HPOS="811" VPOS="2276" WIDTH="55" HEIGHT="30" WC="0.96" CONTENT="för"/><SP WIDTH="19" VPOS="2276" HPOS="866"/>
							<String ID="string_373" HPOS="885" VPOS="2276" WIDTH="121" HEIGHT="37" WC="0.95" CONTENT="bidrag"/><SP WIDTH="20" VPOS="2276" HPOS="1006"/>
							<String ID="string_374" HPOS="1026" VPOS="2276" WIDTH="50" HEIGHT="31" WC="0.92" CONTENT="till"/><SP WIDTH="19" VPOS="2276" HPOS="1076"/>
							<String ID="string_375" HPOS="1095" VPOS="2277" WIDTH="195" HEIGHT="30" WC="0.92" CONTENT="avlönande"/><SP WIDTH="19" VPOS="2277" HPOS="1290"/>
							<String ID="string_376" HPOS="1309" VPOS="2285" WIDTH="43" HEIGHT="22" WC="0.96" CONTENT="av"/><SP WIDTH="20" VPOS="2285" HPOS="1352"/>
							<String ID="string_377" HPOS="1372" VPOS="2277" WIDTH="196" HEIGHT="36" WC="0.96" CONTENT="ytterligare"/><SP WIDTH="22" VPOS="2277" HPOS="1568"/>
							<String ID="string_378" HPOS="1590" VPOS="2287" WIDTH="57" HEIGHT="20" WC="0.93" CONTENT="sex"/><SP WIDTH="19" VPOS="2287" HPOS="1647"/>
							<String ID="string_379" HPOS="1666" VPOS="2278" WIDTH="106" HEIGHT="30" WC="0.91" CONTENT="vand-"/>
						</TextLine>
						<TextLine ID="line_40" HPOS="269" VPOS="2324" WIDTH="1506" HEIGHT="38">
							<String ID="string_380" HPOS="269" VPOS="2324" WIDTH="232" HEIGHT="37" WC="0.90" CONTENT="ringsrättare,"/><SP WIDTH="23" VPOS="2324" HPOS="501"/>
							<String ID="string_381" HPOS="524" VPOS="2325" WIDTH="174" HEIGHT="36" WC="0.95" CONTENT="nämligen"/><SP WIDTH="24" VPOS="2325" HPOS="698"/>
							<String ID="string_382" HPOS="722" VPOS="2325" WIDTH="54" HEIGHT="30" WC="0.96" CONTENT="för"/><SP WIDTH="22" VPOS="2325" HPOS="776"/>
							<String ID="string_383" HPOS="798" VPOS="2335" WIDTH="42" HEIGHT="21" WC="0.96" CONTENT="en"/><SP WIDTH="23" VPOS="2335" HPOS="840"/>
							<String ID="string_384" HPOS="863" VPOS="2325" WIDTH="96" HEIGHT="37" WC="0.93" CONTENT="dylik"/><SP WIDTH="23" VPOS="2325" HPOS="959"/>
							<String ID="string_385" HPOS="982" VPOS="2326" WIDTH="339" HEIGHT="36" WC="0.92" CONTENT="befattningshavare"/><SP WIDTH="26" VPOS="2326" HPOS="1321"/>
							<String ID="string_386" HPOS="1347" VPOS="2327" WIDTH="63" HEIGHT="30" WC="0.93" CONTENT="hos"/><SP WIDTH="24" VPOS="2327" HPOS="1410"/>
							<String ID="string_387" HPOS="1434" VPOS="2329" WIDTH="122" HEIGHT="29" WC="0.92" CONTENT="ettvart"/><SP WIDTH="23" VPOS="2329" HPOS="1556"/>
							<String ID="string_388" HPOS="1579" VPOS="2337" WIDTH="42" HEIGHT="20" WC="0.93" CONTENT="av"/><SP WIDTH="23" VPOS="2337" HPOS="1621"/>
							<String ID="string_389" HPOS="1644" VPOS="2328" WIDTH="131" HEIGHT="31" WC="0.92" CONTENT="Krono-"/>
						</TextLine>
						<TextLine ID="line_41" HPOS="268" VPOS="2372" WIDTH="1504" HEIGHT="42">
							<String ID="string_390" HPOS="268" VPOS="2376" WIDTH="100" HEIGHT="36" WC="0.96" CONTENT="bergs"/><SP WIDTH="23" VPOS="2376" HPOS="368"/>
							<String ID="string_391" HPOS="391" VPOS="2376" WIDTH="85" HEIGHT="36" WC="0.96" CONTENT="läns,"/><SP WIDTH="25" VPOS="2376" HPOS="476"/>
							<String ID="string_392" HPOS="501" VPOS="2375" WIDTH="249" HEIGHT="32" WC="0.96" CONTENT="Kristianstads"/><SP WIDTH="24" VPOS="2375" HPOS="750"/>
							<String ID="string_393" HPOS="774" VPOS="2377" WIDTH="87" HEIGHT="36" WC="0.96" CONTENT="läns,"/><SP WIDTH="25" VPOS="2377" HPOS="861"/>
							<String ID="string_394" HPOS="886" VPOS="2372" WIDTH="184" HEIGHT="41" WC="0.96" CONTENT="Älvsborgs"/><SP WIDTH="24" VPOS="2372" HPOS="1070"/>
							<String ID="string_395" HPOS="1094" VPOS="2378" WIDTH="75" HEIGHT="29" WC="0.96" CONTENT="läns"/><SP WIDTH="23" VPOS="2378" HPOS="1169"/>
							<String ID="string_396" HPOS="1192" VPOS="2377" WIDTH="112" HEIGHT="36" WC="0.96" CONTENT="södra,"/><SP WIDTH="27" VPOS="2377" HPOS="1304"/>
							<String ID="string_397" HPOS="1331" VPOS="2377" WIDTH="214" HEIGHT="37" WC="0.96" CONTENT="Skaraborgs"/><SP WIDTH="22" VPOS="2377" HPOS="1545"/>
							<String ID="string_398" HPOS="1567" VPOS="2378" WIDTH="85" HEIGHT="36" WC="0.93" CONTENT="läns,"/><SP WIDTH="23" VPOS="2378" HPOS="1652"/>
							<String ID="string_399" HPOS="1675" VPOS="2378" WIDTH="97" HEIGHT="31" WC="0.92" CONTENT="Väst-"/>
						</TextLine>
						<TextLine ID="line_42" HPOS="268" VPOS="2426" WIDTH="1503" HEIGHT="39">
							<String ID="string_400" HPOS="268" VPOS="2427" WIDTH="185" HEIGHT="30" WC="0.87" CONTENT="manlands"/><SP WIDTH="19" VPOS="2427" HPOS="453"/>
							<String ID="string_401" HPOS="472" VPOS="2428" WIDTH="74" HEIGHT="29" WC="0.96" CONTENT="läns"/><SP WIDTH="21" VPOS="2428" HPOS="546"/>
							<String ID="string_402" HPOS="567" VPOS="2427" WIDTH="66" HEIGHT="30" WC="0.96" CONTENT="och"/><SP WIDTH="20" VPOS="2427" HPOS="633"/>
							<String ID="string_403" HPOS="653" VPOS="2426" WIDTH="208" HEIGHT="38" WC="0.95" CONTENT="Gävleborgs"/><SP WIDTH="21" VPOS="2426" HPOS="861"/>
							<String ID="string_404" HPOS="882" VPOS="2428" WIDTH="75" HEIGHT="30" WC="0.93" CONTENT="läns"/><SP WIDTH="18" VPOS="2428" HPOS="957"/>
							<String ID="string_405" HPOS="975" VPOS="2426" WIDTH="408" HEIGHT="39" WC="0.90" CONTENT="hushållningssällskap."/><SP WIDTH="32" VPOS="2426" HPOS="1383"/>
							<String ID="string_406" HPOS="1415" VPOS="2428" WIDTH="135" HEIGHT="30" WC="0.93" CONTENT="Antalet"/><SP WIDTH="21" VPOS="2428" HPOS="1550"/>
							<String ID="string_407" HPOS="1571" VPOS="2429" WIDTH="200" HEIGHT="36" WC="0.89" CONTENT="vandrings-"/>
						</TextLine>
					</TextBlock>
				</ComposedBlock>
			</PrintSpace>
		</Page>
	</Layout>
</alto>
