1930 2838
340 175 43 32 32

646 174 420 38 Bevillningsutskottets
1084 172 224 33 betänkande
1327 172 53 32 Nr
1403 171 52 31 45.

481 573 131 25 Skattens
630 573 47 24 be-

472 608 69 32 lopp
561 608 54 25 och
632 608 45 24 be-

481 643 196 32 skattningens

490 678 178 32 omfattning.

739 258 45 36 A)
818 261 53 30 att
906 259 188 36 riksdagen
1128 259 108 31 måtte
1269 258 150 35 besluta,
1454 258 52 31 att
1529 258 40 30 21
1594 254 18 38 $
1635 257 13 31 i
1671 257 131 32 förord-

696 312 134 37 ningen
853 311 68 32 den
944 311 41 31 19
1008 311 71 36 maj
1105 311 84 30 1922
1213 307 55 37 (nr
1284 306 76 37 210)
1376 309 178 36 angående
1570 309 231 36 beskattning

697 374 44 21 av
765 364 120 31 socker
909 363 91 31 skall
1023 363 82 30 från
1128 362 64 31 och
1215 362 76 31 med
1316 361 67 32 den
1407 362 18 30 1
1442 361 70 37 juli
1528 361 84 31 1925
1629 361 93 31 hava
1737 360 64 32 föl-

696 415 104 37 jande
824 414 155 32 ändrade
1002 414 147 37 lydelse:

1202 500 39 31 21
1266 496 28 38 $.

740 571 29 30 1.
814 570 69 31 För
906 569 128 36 socker,
1058 579 74 21 som
1156 569 178 31 utlämnas
1358 568 81 31 från
1462 566 238 33 sockerfabrik
1717 566 84 32 eller

696 622 150 31 allmänt
880 620 297 37 sockernederlag,
1205 620 91 31 skall
1320 619 78 31 med
1422 619 114 32 nedan
1559 619 156 36 angivna
1738 628 63 21 un-

697 674 130 36 dantag
861 673 157 36 erläggas
1046 673 95 31 skatt
1165 672 78 32 med
1267 673 40 30 14
1330 673 58 30 öre
1412 671 56 31 för
1491 670 98 37 varje
1613 670 187 36 kilogram.

739 726 104 31 Skatt
867 725 157 36 erlägges
1048 724 75 32 icke
1147 724 55 31 för
1226 723 124 32 sådant
1372 723 130 36 socker,
1525 732 85 26 som,
1628 722 112 36 enligt
1755 731 45 22 av

696 777 136 37 Kungl.
867 777 103 36 Maj:t
994 776 199 32 meddelade
1217 775 233 35 föreskrifter,
1475 775 110 36 gjorts
1609 774 193 31 obrukbart

697 830 57 30 till
789 829 175 36 förtäring
997 838 45 21 av
1076 827 206 32 människor
1315 823 269 37 (denaturerats)
1609 826 84 30 eller
1716 835 84 25 som,

697 881 110 31 under
840 880 227 36 iakttagande
1090 890 46 21 av
1160 879 269 31 föreskrifterna
1452 878 12 30 i
1488 879 40 30 27
1552 874 29 39 $,
1605 878 196 30 utlämnats

698 933 53 30 för
785 932 228 31 överförande
1041 931 58 32 till
1123 930 239 33 sockerfabrik
1386 930 87 31 eller
1496 929 151 31 allmänt
1671 929 130 31 socker-

696 984 167 36 nederlag
886 984 86 31 eller
996 984 53 30 för
1072 983 149 31 utförsel
1242 992 42 21 ur
1300 982 92 31 riket
1409 991 126 27 genom
1551 981 249 31 tullkammare

698 1036 110 31 under
843 1036 66 31 den
944 1035 152 31 kontroll
1130 1035 65 31 och
1218 1034 40 32 de
1282 1034 142 35 villkor,
1448 1043 74 21 som
1546 1033 12 30 i
1582 1032 219 36 tullstadgan

697 1088 210 31 bestämmas
932 1087 54 31 för
1008 1087 148 31 utförsel
1180 1096 45 21 av
1249 1085 278 36 nederlagsgods.

741 1140 29 30 2.
815 1139 69 31 För
917 1139 129 36 socker,
1082 1148 74 21 som
1186 1138 130 31 införes
1340 1137 58 31 till
1423 1137 101 35 riket,
1549 1136 91 31 skall
1664 1135 60 32 vid
1748 1136 53 30 ut-

698 1191 203 31 lämnandet
924 1190 185 36 samtidigt
1133 1190 78 31 med
1235 1190 68 31 tull
1319 1189 115 36 enligt
1450 1188 179 32 tulltaxan
1645 1188 57 30 till
1720 1187 82 31 tull-

698 1243 121 31 verket
857 1242 163 36 erläggas
1054 1242 183 31 enahanda
1271 1241 95 31 skatt
1401 1250 46 21 av
1476 1241 39 30 14
1544 1242 57 28 öre
1625 1240 55 30 för
1703 1239 98 36 varje

698 1295 191 35 kilogram;
913 1294 86 31 dock
1028 1295 58 29 må
1102 1293 197 32 obeskattat
1314 1292 122 32 socker
1453 1292 80 31 från
1550 1291 251 31 tullkammare

697 1346 180 31 överföras
901 1346 57 30 till
981 1345 249 36 sockerfabrik,
1247 1344 151 31 allmänt
1414 1343 287 36 sockernederlag
1717 1343 85 30 eller

698 1407 119 21 annan
851 1397 249 31 tullkammare
1124 1397 13 30 i
1165 1397 65 31 den
1265 1396 163 36 ordning,
1463 1394 219 37 tullstadgan
1716 1395 86 30 före-

698 1449 138 31 skriver
871 1449 54 30 för
959 1448 234 36 försändning
1228 1458 45 20 av
1301 1447 185 31 oförtullat
1509 1446 83 37 gods
1616 1447 80 30 från
1720 1446 83 31 tull-

698 1501 179 30 kammare
914 1500 56 30 till
1005 1500 261 35 tullkammare,
1301 1499 63 31 och
1399 1498 78 32 med
1500 1498 233 31 användande
1756 1507 46 21 av

698 1551 367 37 förpassningsinlaga
1104 1552 114 35 enligt
1241 1561 45 21 av
1310 1550 386 37 generaltullstyrelsen
1719 1550 84 31 fast-

697 1604 99 31 ställt
820 1603 183 31 formulär.

740 1655 67 31 För
831 1655 131 36 socker,
987 1664 72 22 som
1083 1654 113 36 enligt
1221 1654 18 31 5
1263 1650 18 38 $
1304 1654 13 30 i
1333 1653 255 36 förordningen
1604 1653 67 31 den
1688 1653 18 31 9
1722 1653 80 36 juni

700 1707 83 31 1911
807 1707 79 31 med
910 1707 153 30 tulltaxa
1087 1706 55 31 för
1167 1705 249 32 inkommande
1440 1715 103 21 varor
1566 1705 131 31 införes
1720 1704 82 31 tull-

698 1759 89 35 fritt,
811 1760 59 29 må
894 1758 134 36 jämväl
1051 1758 108 30 frihet
1182 1757 81 32 från
1286 1757 217 31 sockerskatt
1526 1757 170 36 åtnjutas.

741 1809 63 32 Om
839 1809 366 36 betalningsanstånd,
1240 1809 174 31 ställande
1449 1819 45 20 av
1522 1808 161 32 säkerhet
1711 1809 90 30 samt

697 1861 136 37 påföljd
857 1862 54 31 för
935 1861 155 36 fördröjd
1113 1861 86 31 eller
1222 1861 182 31 utebliven
1422 1861 181 35 betalning
1620 1860 112 37 gäller
1748 1860 55 31 be-

697 1913 174 31 träffande
896 1913 95 31 skatt
1014 1913 53 31 för
1091 1913 111 31 infört
1225 1912 118 32 socker
1366 1912 70 32 vad
1460 1912 12 31 i
1495 1912 220 36 tullstadgan
1739 1912 64 31 fin-

698 1974 59 22 nes
781 1965 211 31 föreskrivet
1015 1964 147 32 rörande
1186 1964 236 36 tullavgifter.

740 2065 42 36 B)
805 2069 53 30 att
882 2068 260 31 sockerskatten
1165 2068 108 31 måtte
1294 2068 54 30 för
1365 2067 207 36 budgetåret
1588 2067 212 31 1925—1926

697 2120 172 31 beräknas
893 2119 57 31 till
970 2142 449 5 ....o0c.cc0cc.....--.-----..
1445 2119 128 32 Kronor
1598 2120 202 35 25,400,000.
