1926 2842
489 178 417 36 Bevillningsutskottets
928 178 224 31 betänkande
1170 178 52 31 Nr
1246 177 50 30 45.
1555 176 39 30 23

180 266 121 31 Såsom
326 264 379 37 departementschefen
729 264 133 30 erinrat
887 264 8 29 i
922 273 91 21 ovan
1037 263 186 35 återgivna
1246 262 201 36 anförande,
1473 262 63 30 har
1553 262 85 31 riks”

137 317 336 35 räkenskapsverket
486 316 168 31 beräknat
668 316 197 30 inkomsten
879 316 54 30 för
947 315 207 35 budgetåret
1168 315 211 30 1925—1926
1396 315 20 29 å
1433 314 206 30 automobil-

137 368 253 32 skattemedlen
423 368 56 30 till
505 367 192 36 15,000,000
722 367 139 31 kronor.
908 367 71 30 Till
1004 367 76 30 stöd
1104 366 121 30 härför
1249 366 62 30 har
1336 366 303 35 riksräkenskaps-

137 421 121 30 verket
282 421 11 30 i
318 419 153 31 nämnda
494 419 170 31 skrivelse
689 419 117 31 anfört
832 419 106 30 bland
962 419 110 29 annat
1096 417 170 36 följande:

182 497 173 32 »Influtna
384 496 429 31 automobilskattemedel
845 496 175 35 utgjorde,
1053 495 112 36 enligt
1195 495 71 30 vad
1295 505 73 20 som
1401 496 160 33 framgår
1593 504 44 19 av

139 541 275 30 statskontorets
441 540 143 35 tryckta
609 540 135 34 utdrag
765 549 44 21 ur
835 539 42 30 de
898 539 114 31 under
1037 538 80 31 dess
1145 538 224 35 förvaltning
1392 537 146 31 stående
1565 537 73 30 fon-

141 584 80 31 ders
243 584 64 31 och
332 583 139 31 diverse
493 582 131 32 medels
647 583 251 37 räkenskaper,
922 583 56 30 för
1001 582 98 31 tiden

338 660 141 40 1//—30/,
506 660 82 30 1928
622 684 120 4 one
753 684 166 4 snnsssrsassreree
929 683 35 4 seen
973 683 122 4 senenenennnn
1124 658 170 36 4,045,897
1319 658 123 30 kronor
1465 659 86 29 samt
1575 657 52 30 för

337 704 195 35 budgetåret
556 703 214 31 1923—1924
799 726 298 6 soooossmnmnmmnnnssssnneres
1124 702 170 36 9,142,612
1319 701 132 31 kronor.

180 799 98 31 Enär
301 809 136 21 samma
463 799 242 36 skattesatser,
728 809 75 21 som
829 798 98 36 gälla
951 797 230 32 beträffande
1207 797 42 32 de
1275 797 12 30 i
1313 796 327 32 automobilskatte-

140 843 138 31 medlen
317 843 114 31 under
476 843 115 31 första
632 842 166 31 halvåret
822 842 78 30 1923
922 842 64 30 och
1009 841 214 35 budgetåret
1246 840 197 31 1923—1924
1465 839 176 36 ingående

140 885 307 37 objektskatterna
491 886 67 30 allt
602 885 227 31 fortfarande
873 884 98 36 gälla
996 884 12 31 i
1032 885 40 31 så
1096 885 77 34 gott
1196 893 75 22 som
1295 883 211 32 oförändrat
1530 883 110 35 skick,

140 929 122 31 kunna
282 939 93 21 ovan
394 929 155 31 anförda
568 928 126 32 siffror
713 928 126 36 läggas
859 928 57 31 till
936 928 118 35 grund
1074 928 56 30 för
1149 926 243 36 beräkningen
1412 937 46 21 av
1477 927 71 30 vad
1566 935 75 22 som

139 972 72 31 kan
255 973 129 30 väntas
428 971 136 37 inflyta
609 973 21 30 å
653 981 136 22 samma
814 971 222 32 skattetitlar
1059 971 114 31 under
1196 970 212 35 budgetåret
1433 969 208 31 1925—1926.

140 1016 323 31 Automobilismen
486 1016 65 30 har
575 1015 113 31 under
710 1025 126 21 senare
859 1016 41 29 år
925 1015 98 31 varit
1046 1014 104 32 stadd
1174 1014 12 30 i
1209 1014 101 31 stark
1333 1013 219 36 utveckling,
1574 1012 67 31 och

141 1059 249 32 erfarenheten
405 1059 67 31 har
486 1059 105 36 visat,
606 1060 53 30 att
675 1059 68 31 den
757 1058 439 36 automobilbeskattning,
1212 1067 75 22 som
1300 1057 160 31 infördes
1475 1058 54 29 att
1544 1056 96 36 gälla

140 1104 83 30 från
241 1103 65 31 och
323 1103 81 31 med
420 1104 41 30 år
479 1103 88 36 1923,
586 1102 78 32 icke
680 1102 80 32 haft
779 1103 118 34 någon
915 1101 213 32 hämmande
1146 1101 136 31 verkan
1301 1102 44 35 på
1364 1101 113 31 denna
1496 1099 144 32 utveck-

139 1147 85 36 ling.
263 1147 185 31 Fastmera
468 1146 66 32 har
555 1145 252 33 användandet
828 1156 47 21 av
893 1145 246 32 motorfordon
1160 1145 90 31 trots
1270 1145 142 31 skatten
1433 1144 12 31 i
1463 1144 68 36 hög
1551 1142 90 38 grad

139 1191 112 37 ökats,
275 1192 40 30 så
338 1193 55 30 att
418 1191 137 31 antalet
579 1192 12 29 i
615 1190 91 31 bruk
732 1189 157 32 varande
913 1189 136 31 sådana
1075 1188 137 37 fordon,
1236 1188 113 32 vilket
1374 1187 62 32 vid
1461 1188 179 36 ingången

139 1244 47 22 av
214 1237 40 29 år
282 1235 79 31 1922
389 1234 100 32 torde
518 1234 94 31 hava
640 1233 138 36 utgjort
806 1233 101 31 cirka
935 1234 107 35 45,000
1072 1243 48 21 nu
1150 1232 210 36 uppskattas
1389 1232 57 31 till
1474 1231 165 36 omkring

139 1279 116 36 65,000,
281 1278 129 31 därvid
432 1277 152 37 märkes,
607 1279 53 30 att
684 1277 81 31 hela
788 1277 180 35 ökningen
994 1277 105 30 faller
1123 1277 45 35 på
1193 1275 177 37 egentliga
1395 1274 244 32 automobiler.

139 1321 121 32 Under
280 1323 41 30 år
341 1322 78 30 1923
440 1321 256 37 importerades
716 1321 167 36 omkring
905 1321 108 35 12,000
1034 1319 373 37 personautomobiler.
1449 1319 87 35 2,500
1557 1318 83 31 last-

140 1365 234 32 automobiler
394 1365 64 31 och
476 1366 87 35 2,150
580 1364 252 37 motorcyklar.
870 1363 136 32 Värdet
1026 1374 46 21 av
1089 1363 80 31 hela
1188 1362 114 31 denna
1321 1363 131 35 import
1470 1361 66 31 har
1553 1371 87 26 upp-

139 1410 78 35 gått
236 1410 57 31 till
314 1408 164 37 omkring
497 1409 177 35 36,000,000
694 1407 142 37 kronor,
854 1406 128 32 medan
1001 1406 127 32 värdet
1149 1416 45 21 av
1214 1406 177 35 importen
1408 1407 89 29 utav
1517 1405 122 31 bensin

139 1453 65 31 och
225 1453 73 36 olja
320 1454 55 30 för
395 1451 245 32 motorfordon
659 1450 229 39 uppskattats
907 1451 58 31 till
985 1450 177 36 35,000,000
1184 1450 129 31 kronor
1335 1449 64 31 och
1420 1459 45 20 av
1484 1450 156 30 automo-

141 1498 188 36 bilgummi
353 1497 56 31 till
432 1497 12 30 i
467 1498 85 29 runt
575 1496 51 32 tal
650 1496 157 36 8,000,000
830 1494 141 31 kronor.

179 1541 66 32 Att
267 1539 328 32 automobilismens
617 1538 207 37 utveckling
846 1538 78 31 icke
945 1537 159 31 kommer
1127 1538 53 30 att
1202 1538 175 30 avstanna
1401 1535 99 33 torde
1523 1536 36 31 få
1581 1545 59 21 an-

140 1595 54 22 ses
215 1596 75 21 som
310 1585 100 36 visst,
432 1584 123 31 varför
577 1586 97 28 ännu
693 1583 110 35 högre
825 1581 255 36 importsiffror
1100 1580 203 36 säkerligen
1324 1580 121 31 kunna
1466 1579 175 32 beräknas

142 1629 55 31 för
222 1627 244 32 innevarande
492 1628 63 30 och
580 1625 291 38 nästpåföljande
897 1626 51 30 år.
992 1624 52 32 På
1069 1623 117 38 grund
1209 1623 114 32 härav
1348 1624 65 30 har
1439 1623 202 31 riksräken-

141 1672 231 37 skapsverket
398 1673 116 30 ansett
538 1671 54 36 sig
618 1670 86 31 böra
731 1671 55 30 för
811 1668 211 36 budgetåret
1047 1668 202 31 1925—1926
1273 1667 193 36 uppskatta
1493 1666 66 32 den
1586 1665 54 32 del

139 1727 47 21 av
210 1713 465 37 automobilskattemedlen,
697 1723 76 21 som
797 1713 146 36 utgöres
966 1722 45 21 av
1036 1710 304 37 automobilskatt,
1366 1710 155 32 särskild
1543 1710 98 31 skatt

140 1762 22 29 å
182 1760 262 36 gummiringar
465 1759 64 31 och
549 1758 99 31 skatt
666 1759 21 29 å
706 1756 207 36 automobil,
932 1765 77 22 som
1032 1756 55 30 för
1108 1754 180 36 tillfälligt
1308 1753 184 32 brukande
1513 1754 13 30 i
1547 1753 94 31 riket

143 1804 82 32 från
247 1802 163 32 utlandet
432 1802 144 36 införes,
598 1801 56 32 till
676 1800 177 37 10,000,000
875 1799 142 31 kronor.
1059 1799 69 31 För
1151 1798 197 36 beräkning
1370 1808 47 20 av
1440 1797 66 31 den
1529 1796 112 33 totala

143 1847 201 32 inkomsten
359 1857 46 21 av
420 1843 430 34 automobilskattemedel
865 1844 63 30 bör
943 1842 127 32 härtill
1085 1842 126 36 läggas
1225 1841 66 31 den
1305 1840 179 32 särskilda
1500 1841 142 30 skatten

143 1894 20 29 å
182 1892 134 32 bensin.
354 1891 54 30 Då
425 1890 80 31 hela
522 1888 274 32 konsumtionen
815 1897 46 21 av
878 1887 124 31 bensin
1021 1886 56 31 för
1096 1885 112 31 andra
1227 1888 46 28 än
1290 1884 228 32 industriella
1535 1883 107 32 ända-

141 1936 72 32 mål
230 1936 72 31 kan
320 1934 177 32 beräknas
515 1934 118 35 uppgå
650 1932 57 32 till
724 1931 165 36 omkring
909 1930 197 36 100,000,000
1122 1929 84 31 liter
1224 1929 55 31 för
1297 1929 50 35 år,
1366 1928 114 31 skulle
1498 1928 142 31 skatten

142 1979 139 32 räknad
306 1979 91 31 efter
424 1978 17 31 5
466 1980 60 29 öre
551 1986 62 27 per
638 1976 94 36 liter,
757 1975 143 31 komma
926 1974 54 31 att
1006 1973 124 36 belöpa
1154 1973 55 36 sig
1237 1972 56 31 till
1317 1972 159 36 5,000,000
1500 1972 141 31 kronor.

141 2022 268 33 Inkomsttiteln
436 2018 430 35 automobilskattemedel
893 2017 116 32 skulle
1037 2017 107 30 alltså
1169 2015 239 37 sammanlagt
1436 2015 122 31 kunna
1586 2015 59 31 be-

142 2067 133 31 räknas
303 2067 120 36 uppgå
453 2065 56 32 till
540 2064 175 36 15,000,000
743 2063 142 34 kronor,
914 2060 81 32 med
1024 2060 112 32 vilket
1167 2060 134 35 belopp,
1330 2058 311 36 riksräkenskaps-

142 2111 122 32 verket
289 2113 91 28 även
405 2109 148 36 uppfört
578 2106 205 31 densamma
810 2123 43 4 —
877 2124 39 3 —
940 2117 66 18 —.»

183 2223 18 31 I
224 2222 157 37 enlighet
404 2220 78 33 med
499 2217 399 40 departementschefens
914 2216 133 35 förslag
1063 2215 65 31 har
1144 2215 12 31 i
1171 2214 474 37 statsverkspropositionens

142 2276 130 35 förslag
309 2274 57 31 till
402 2273 146 31 riksstat
582 2272 158 31 närmast
774 2269 86 31 efter
889 2267 260 32 inkomsttiteln
1173 2267 268 36 lastpenningar
1465 2265 180 37 upptagits

141 2324 425 35 automobilskattemedel
600 2324 113 30 såsom
748 2331 47 27 ny
831 2320 234 32 inkomsttitel
1094 2318 77 32 med
1195 2319 56 31 det
1274 2329 44 21 av
1343 2318 304 36 riksräkenskaps-

142 2380 121 31 verket
287 2377 199 33 beräknade
509 2376 171 36 beloppet,
705 2373 193 37 15,000,000
923 2372 139 31 kronor.
1108 2371 17 31 I
1148 2371 154 31 nämnda
1325 2370 131 37 förslag
1480 2370 58 31 till
1560 2369 87 31 riks-

142 2433 70 30 stat
249 2431 93 31 hava
376 2429 121 32 vidare
532 2429 20 30 å
586 2428 105 36 sjätte
714 2424 232 33 huvudtiteln
970 2423 111 33 under
1106 2423 167 32 rubriken
1299 2425 102 34 »väg-
1425 2422 63 31 och
1512 2423 131 30 vatten-

1684 271 159 23 Rikseräken-

1676 307 173 29 skapsverket.

1691 2226 159 24 Statsverks-

1663 2261 210 32 proposilionen.
