<?xml version="1.0" encoding="UTF-8"?>
<alto xmlns="http://www.loc.gov/standards/alto/ns-v3#" xmlns:xlink="http://www.w3.org/1999/xlink" xmlns:xsi="http://www.w3.org/2001/XMLSchema-instance" xsi:schemaLocation="http://www.loc.gov/standards/alto/ns-v3# http://www.loc.gov/alto/v3/alto-3-0.xsd">
	<Description>
		<MeasurementUnit>pixel</MeasurementUnit>
		<sourceImageInformation>
			<fileName>/tmp/tess_lzxbrqeu_input.PNG</fileName>
		</sourceImageInformation>
		<OCRProcessing ID="OCR_0">
			<ocrProcessingStep>
				<processingSoftware>
					<softwareName>tesseract 5.3.0</softwareName>
				</processingSoftware>
			</ocrProcessingStep>
		</OCRProcessing>
	</Description>
	<Layout>
		<Page WIDTH="2190" HEIGHT="2628" PHYSICAL_IMG_NR="0" ID="page_0">
			<PrintSpace HPOS="0" VPOS="0" WIDTH="2190" HEIGHT="2628">
				<ComposedBlock ID="cblock_0" HPOS="728" VPOS="195" WIDTH="1044" HEIGHT="33">
					<TextBlock ID="block_0" HPOS="728" VPOS="195" WIDTH="1044" HEIGHT="33">
						<TextLine ID="line_0" HPOS="728" VPOS="195" WIDTH="1044" HEIGHT="33">
							<String ID="string_0" HPOS="728" VPOS="196" WIDTH="253" HEIGHT="32" WC="0.38" CONTENT="Satsutskottels"/><SP WIDTH="29" VPOS="196" HPOS="981"/>
							<String ID="string_1" HPOS="1010" VPOS="196" WIDTH="170" HEIGHT="31" WC="0.89" CONTENT="Utlåtande"/><SP WIDTH="23" VPOS="196" HPOS="1180"/>
							<String ID="string_2" HPOS="1203" VPOS="195" WIDTH="65" HEIGHT="32" WC="0.95" CONTENT="N:o"/><SP WIDTH="23" VPOS="195" HPOS="1268"/>
							<String ID="string_3" HPOS="1291" VPOS="199" WIDTH="52" HEIGHT="29" WC="0.75" CONTENT="53."/><SP WIDTH="408" VPOS="199" HPOS="1343"/>
							<String ID="string_4" HPOS="1751" VPOS="196" WIDTH="21" HEIGHT="31" WC="0.96" CONTENT="7"/>
						</TextLine>
					</TextBlock>
				</ComposedBlock>
				<ComposedBlock ID="cblock_1" HPOS="211" VPOS="264" WIDTH="1606" HEIGHT="2069">
					<TextBlock ID="block_1" HPOS="211" VPOS="264" WIDTH="1606" HEIGHT="2069">
						<TextLine ID="line_1" HPOS="317" VPOS="264" WIDTH="1499" HEIGHT="59">
							<String ID="string_5" HPOS="317" VPOS="264" WIDTH="115" HEIGHT="47" WC="0.92" CONTENT="Öfver"/><SP WIDTH="41" VPOS="264" HPOS="432"/>
							<String ID="string_6" HPOS="473" VPOS="274" WIDTH="108" HEIGHT="37" WC="0.95" CONTENT="dessa"/><SP WIDTH="33" VPOS="274" HPOS="581"/>
							<String ID="string_7" HPOS="614" VPOS="275" WIDTH="324" HEIGHT="46" WC="0.96" CONTENT="framställningar"/><SP WIDTH="33" VPOS="275" HPOS="938"/>
							<String ID="string_8" HPOS="971" VPOS="275" WIDTH="67" HEIGHT="35" WC="0.93" CONTENT="har"/><SP WIDTH="27" VPOS="275" HPOS="1038"/>
							<String ID="string_9" HPOS="1065" VPOS="275" WIDTH="398" HEIGHT="48" WC="0.31" CONTENT="kommerskollegiuin"/><SP WIDTH="29" VPOS="275" HPOS="1463"/>
							<String ID="string_10" HPOS="1492" VPOS="276" WIDTH="73" HEIGHT="36" WC="0.96" CONTENT="den"/><SP WIDTH="28" VPOS="276" HPOS="1565"/>
							<String ID="string_11" HPOS="1593" VPOS="277" WIDTH="46" HEIGHT="35" WC="0.93" CONTENT="31"/><SP WIDTH="31" VPOS="277" HPOS="1639"/>
							<String ID="string_12" HPOS="1670" VPOS="276" WIDTH="146" HEIGHT="36" WC="0.92" CONTENT="decem-"/>
						</TextLine>
						<TextLine ID="line_2" HPOS="212" VPOS="326" WIDTH="1605" HEIGHT="49">
							<String ID="string_13" HPOS="212" VPOS="327" WIDTH="66" HEIGHT="36" WC="0.96" CONTENT="ber"/><SP WIDTH="30" VPOS="327" HPOS="278"/>
							<String ID="string_14" HPOS="308" VPOS="327" WIDTH="96" HEIGHT="35" WC="0.93" CONTENT="1906"/><SP WIDTH="30" VPOS="327" HPOS="404"/>
							<String ID="string_15" HPOS="434" VPOS="326" WIDTH="152" HEIGHT="48" WC="0.90" CONTENT="afgifvit"/><SP WIDTH="28" VPOS="326" HPOS="586"/>
							<String ID="string_16" HPOS="614" VPOS="326" WIDTH="211" HEIGHT="36" WC="0.91" CONTENT="infordradt"/><SP WIDTH="27" VPOS="326" HPOS="825"/>
							<String ID="string_17" HPOS="852" VPOS="326" WIDTH="253" HEIGHT="48" WC="0.96" CONTENT="underdånigt"/><SP WIDTH="27" VPOS="326" HPOS="1105"/>
							<String ID="string_18" HPOS="1132" VPOS="327" WIDTH="194" HEIGHT="36" WC="0.96" CONTENT="utlåtande"/><SP WIDTH="27" VPOS="327" HPOS="1326"/>
							<String ID="string_19" HPOS="1353" VPOS="327" WIDTH="70" HEIGHT="36" WC="0.96" CONTENT="och"/><SP WIDTH="28" VPOS="327" HPOS="1423"/>
							<String ID="string_20" HPOS="1451" VPOS="327" WIDTH="132" HEIGHT="37" WC="0.96" CONTENT="därvid"/><SP WIDTH="20" VPOS="327" HPOS="1583"/>
							<String ID="string_21" HPOS="1603" VPOS="328" WIDTH="138" HEIGHT="47" WC="0.96" CONTENT="anfört,"/><SP WIDTH="19" VPOS="328" HPOS="1741"/>
							<String ID="string_22" HPOS="1760" VPOS="332" WIDTH="57" HEIGHT="32" WC="0.96" CONTENT="att"/>
						</TextLine>
						<TextLine ID="line_3" HPOS="213" VPOS="355" WIDTH="1603" HEIGHT="73">
							<String ID="string_23" HPOS="213" VPOS="379" WIDTH="163" HEIGHT="48" WC="0.95" CONTENT="tillgång"/><SP WIDTH="28" VPOS="379" HPOS="376"/>
							<String ID="string_24" HPOS="404" VPOS="378" WIDTH="55" HEIGHT="36" WC="0.95" CONTENT="till"/><SP WIDTH="14" VPOS="378" HPOS="459"/>
							<String ID="string_25" HPOS="473" VPOS="355" WIDTH="145" HEIGHT="71" WC="0.94" CONTENT="billiga"/><SP WIDTH="26" VPOS="355" HPOS="618"/>
							<String ID="string_26" HPOS="644" VPOS="378" WIDTH="181" HEIGHT="36" WC="0.91" CONTENT="rederilån"/><SP WIDTH="22" VPOS="378" HPOS="825"/>
							<String ID="string_27" HPOS="847" VPOS="379" WIDTH="42" HEIGHT="35" WC="0.95" CONTENT="af"/><SP WIDTH="15" VPOS="379" HPOS="889"/>
							<String ID="string_28" HPOS="904" VPOS="383" WIDTH="120" HEIGHT="31" WC="0.96" CONTENT="större"/><SP WIDTH="19" VPOS="383" HPOS="1024"/>
							<String ID="string_29" HPOS="1043" VPOS="357" WIDTH="230" HEIGHT="70" WC="0.93" CONTENT="omfattning"/><SP WIDTH="24" VPOS="357" HPOS="1273"/>
							<String ID="string_30" HPOS="1297" VPOS="392" WIDTH="27" HEIGHT="35" WC="0.40" CONTENT="&amp;"/><SP WIDTH="-26" VPOS="392" HPOS="1324"/>
							<String ID="string_31" HPOS="1298" VPOS="378" WIDTH="178" HEIGHT="37" WC="0.91" CONTENT="gifvetvis"/><SP WIDTH="20" VPOS="378" HPOS="1476"/>
							<String ID="string_32" HPOS="1496" VPOS="392" WIDTH="88" HEIGHT="24" WC="0.96" CONTENT="vore"/><SP WIDTH="20" VPOS="392" HPOS="1584"/>
							<String ID="string_33" HPOS="1604" VPOS="379" WIDTH="42" HEIGHT="36" WC="0.93" CONTENT="af"/><SP WIDTH="14" VPOS="379" HPOS="1646"/>
							<String ID="string_34" HPOS="1660" VPOS="392" WIDTH="156" HEIGHT="36" WC="0.91" CONTENT="synner-"/>
						</TextLine>
						<TextLine ID="line_4" HPOS="211" VPOS="404" WIDTH="1605" HEIGHT="78">
							<String ID="string_35" HPOS="211" VPOS="432" WIDTH="57" HEIGHT="45" WC="0.93" CONTENT="lig"/><SP WIDTH="2" VPOS="432" HPOS="268"/>
							<String ID="string_36" HPOS="270" VPOS="407" WIDTH="216" HEIGHT="73" WC="0.21" CONTENT="&quot;betydelse"/><SP WIDTH="27" VPOS="407" HPOS="486"/>
							<String ID="string_37" HPOS="513" VPOS="430" WIDTH="61" HEIGHT="36" WC="0.96" CONTENT="för"/><SP WIDTH="30" VPOS="430" HPOS="574"/>
							<String ID="string_38" HPOS="604" VPOS="433" WIDTH="67" HEIGHT="33" WC="0.93" CONTENT="vår"/><SP WIDTH="27" VPOS="433" HPOS="671"/>
							<String ID="string_39" HPOS="698" VPOS="430" WIDTH="279" HEIGHT="47" WC="0.90" CONTENT="rederinärmgs"/><SP WIDTH="28" VPOS="430" HPOS="977"/>
							<String ID="string_40" HPOS="1005" VPOS="429" WIDTH="163" HEIGHT="50" WC="0.86" CONTENT="lvckliga"/><SP WIDTH="31" VPOS="429" HPOS="1168"/>
							<String ID="string_41" HPOS="1199" VPOS="404" WIDTH="231" HEIGHT="78" WC="0.96" CONTENT="utveckling."/><SP WIDTH="56" VPOS="404" HPOS="1430"/>
							<String ID="string_42" HPOS="1486" VPOS="430" WIDTH="88" HEIGHT="37" WC="0.96" CONTENT="Då"/><SP WIDTH="-5" VPOS="430" HPOS="1574"/>
							<String ID="string_43" HPOS="1569" VPOS="421" WIDTH="164" HEIGHT="46" WC="0.93" CONTENT="svenska"/><SP WIDTH="27" VPOS="421" HPOS="1733"/>
							<String ID="string_44" HPOS="1760" VPOS="444" WIDTH="56" HEIGHT="23" WC="0.92" CONTENT="re-"/>
						</TextLine>
						<TextLine ID="line_5" HPOS="213" VPOS="481" WIDTH="1604" HEIGHT="50">
							<String ID="string_45" HPOS="213" VPOS="484" WIDTH="88" HEIGHT="36" WC="0.96" CONTENT="dare"/><SP WIDTH="27" VPOS="484" HPOS="301"/>
							<String ID="string_46" HPOS="328" VPOS="472" WIDTH="144" HEIGHT="47" WC="0.96" CONTENT="förlade"/><SP WIDTH="28" VPOS="472" HPOS="472"/>
							<String ID="string_47" HPOS="500" VPOS="482" WIDTH="58" HEIGHT="36" WC="0.95" CONTENT="sin"/><SP WIDTH="28" VPOS="482" HPOS="558"/>
							<String ID="string_48" HPOS="586" VPOS="481" WIDTH="240" HEIGHT="37" WC="0.96" CONTENT="verksamhet"/><SP WIDTH="30" VPOS="481" HPOS="826"/>
							<String ID="string_49" HPOS="856" VPOS="482" WIDTH="55" HEIGHT="36" WC="0.93" CONTENT="till"/><SP WIDTH="28" VPOS="482" HPOS="911"/>
							<String ID="string_50" HPOS="939" VPOS="482" WIDTH="251" HEIGHT="36" WC="0.91" CONTENT="transmarina"/><SP WIDTH="27" VPOS="482" HPOS="1190"/>
							<String ID="string_51" HPOS="1217" VPOS="482" WIDTH="112" HEIGHT="48" WC="0.95" CONTENT="linjer"/><SP WIDTH="27" VPOS="482" HPOS="1329"/>
							<String ID="string_52" HPOS="1356" VPOS="483" WIDTH="70" HEIGHT="35" WC="0.93" CONTENT="och"/><SP WIDTH="28" VPOS="483" HPOS="1426"/>
							<String ID="string_53" HPOS="1454" VPOS="483" WIDTH="201" HEIGHT="36" WC="0.90" CONTENT="såmedelst"/><SP WIDTH="26" VPOS="483" HPOS="1655"/>
							<String ID="string_54" HPOS="1681" VPOS="483" WIDTH="13" HEIGHT="36" WC="0.96" CONTENT="i"/><SP WIDTH="19" VPOS="483" HPOS="1694"/>
							<String ID="string_55" HPOS="1713" VPOS="483" WIDTH="104" HEIGHT="48" WC="0.96" CONTENT="regel"/>
						</TextLine>
						<TextLine ID="line_6" HPOS="213" VPOS="533" WIDTH="1602" HEIGHT="49">
							<String ID="string_56" HPOS="213" VPOS="538" WIDTH="118" HEIGHT="33" WC="0.92" CONTENT="måste"/><SP WIDTH="42" VPOS="538" HPOS="331"/>
							<String ID="string_57" HPOS="373" VPOS="539" WIDTH="160" HEIGHT="43" WC="0.89" CONTENT="antagas"/><SP WIDTH="40" VPOS="539" HPOS="533"/>
							<String ID="string_58" HPOS="573" VPOS="533" WIDTH="151" HEIGHT="36" WC="0.96" CONTENT="komma"/><SP WIDTH="43" VPOS="533" HPOS="724"/>
							<String ID="string_59" HPOS="767" VPOS="538" WIDTH="54" HEIGHT="31" WC="0.92" CONTENT="att"/><SP WIDTH="42" VPOS="538" HPOS="821"/>
							<String ID="string_60" HPOS="863" VPOS="534" WIDTH="114" HEIGHT="35" WC="0.79" CONTENT="inlåta"/><SP WIDTH="41" VPOS="534" HPOS="977"/>
							<String ID="string_61" HPOS="1018" VPOS="534" WIDTH="61" HEIGHT="45" WC="0.81" CONTENT="sig"/><SP WIDTH="32" VPOS="534" HPOS="1079"/>
							<String ID="string_62" HPOS="1111" VPOS="536" WIDTH="47" HEIGHT="46" WC="0.93" CONTENT="på"/><SP WIDTH="29" VPOS="536" HPOS="1158"/>
							<String ID="string_63" HPOS="1187" VPOS="534" WIDTH="115" HEIGHT="35" WC="0.88" CONTENT="täflan"/><SP WIDTH="29" VPOS="534" HPOS="1302"/>
							<String ID="string_64" HPOS="1331" VPOS="534" WIDTH="84" HEIGHT="36" WC="0.96" CONTENT="med"/><SP WIDTH="28" VPOS="534" HPOS="1415"/>
							<String ID="string_65" HPOS="1443" VPOS="534" WIDTH="116" HEIGHT="36" WC="0.96" CONTENT="redan"/><SP WIDTH="27" VPOS="534" HPOS="1559"/>
							<String ID="string_66" HPOS="1586" VPOS="534" WIDTH="229" HEIGHT="47" WC="0.95" CONTENT="inarbetade,"/>
						</TextLine>
						<TextLine ID="line_7" HPOS="215" VPOS="585" WIDTH="1602" HEIGHT="50">
							<String ID="string_67" HPOS="215" VPOS="585" WIDTH="270" HEIGHT="50" WC="0.90" CONTENT="kapitalstarka"/><SP WIDTH="27" VPOS="585" HPOS="485"/>
							<String ID="string_68" HPOS="512" VPOS="586" WIDTH="70" HEIGHT="35" WC="0.96" CONTENT="och"/><SP WIDTH="23" VPOS="586" HPOS="582"/>
							<String ID="string_69" HPOS="605" VPOS="585" WIDTH="146" HEIGHT="48" WC="0.96" CONTENT="jämväl"/><SP WIDTH="28" VPOS="585" HPOS="751"/>
							<String ID="string_70" HPOS="779" VPOS="585" WIDTH="40" HEIGHT="36" WC="0.86" CONTENT="af"/><SP WIDTH="25" VPOS="585" HPOS="819"/>
							<String ID="string_71" HPOS="844" VPOS="585" WIDTH="115" HEIGHT="36" WC="0.96" CONTENT="andra"/><SP WIDTH="21" VPOS="585" HPOS="959"/>
							<String ID="string_72" HPOS="980" VPOS="585" WIDTH="80" HEIGHT="36" WC="0.93" CONTENT="skäl"/><SP WIDTH="19" VPOS="585" HPOS="1060"/>
							<String ID="string_73" HPOS="1079" VPOS="585" WIDTH="407" HEIGHT="48" WC="0.82" CONTENT="konkurrenskraftiga"/><SP WIDTH="18" VPOS="585" HPOS="1486"/>
							<String ID="string_74" HPOS="1504" VPOS="586" WIDTH="201" HEIGHT="36" WC="0.93" CONTENT="utländska"/><SP WIDTH="14" VPOS="586" HPOS="1705"/>
							<String ID="string_75" HPOS="1719" VPOS="586" WIDTH="98" HEIGHT="37" WC="0.93" CONTENT="före-"/>
						</TextLine>
						<TextLine ID="line_8" HPOS="212" VPOS="611" WIDTH="1603" HEIGHT="80">
							<String ID="string_76" HPOS="212" VPOS="644" WIDTH="79" HEIGHT="42" WC="0.96" CONTENT="tag,"/><SP WIDTH="32" VPOS="644" HPOS="291"/>
							<String ID="string_77" HPOS="323" VPOS="651" WIDTH="86" HEIGHT="23" WC="0.93" CONTENT="vore"/><SP WIDTH="27" VPOS="651" HPOS="409"/>
							<String ID="string_78" HPOS="436" VPOS="637" WIDTH="179" HEIGHT="37" WC="0.92" CONTENT="behofvet"/><SP WIDTH="28" VPOS="637" HPOS="615"/>
							<String ID="string_79" HPOS="643" VPOS="637" WIDTH="40" HEIGHT="35" WC="0.96" CONTENT="af"/><SP WIDTH="25" VPOS="637" HPOS="683"/>
							<String ID="string_80" HPOS="708" VPOS="636" WIDTH="126" HEIGHT="50" WC="0.96" CONTENT="dylika"/><SP WIDTH="28" VPOS="636" HPOS="834"/>
							<String ID="string_81" HPOS="862" VPOS="637" WIDTH="74" HEIGHT="46" WC="0.96" CONTENT="lån,"/><SP WIDTH="30" VPOS="637" HPOS="936"/>
							<String ID="string_82" HPOS="966" VPOS="637" WIDTH="228" HEIGHT="36" WC="0.96" CONTENT="åtminstone"/><SP WIDTH="29" VPOS="637" HPOS="1194"/>
							<String ID="string_83" HPOS="1223" VPOS="637" WIDTH="120" HEIGHT="37" WC="0.96" CONTENT="under"/><SP WIDTH="17" VPOS="637" HPOS="1343"/>
							<String ID="string_84" HPOS="1360" VPOS="611" WIDTH="181" HEIGHT="80" WC="0.92" CONTENT="linjernas"/><SP WIDTH="19" VPOS="611" HPOS="1541"/>
							<String ID="string_85" HPOS="1560" VPOS="638" WIDTH="163" HEIGHT="48" WC="0.92" CONTENT="tidigare"/><SP WIDTH="20" VPOS="638" HPOS="1723"/>
							<String ID="string_86" HPOS="1743" VPOS="638" WIDTH="72" HEIGHT="36" WC="0.92" CONTENT="till-"/>
						</TextLine>
						<TextLine ID="line_9" HPOS="215" VPOS="666" WIDTH="1602" HEIGHT="72">
							<String ID="string_87" HPOS="215" VPOS="704" WIDTH="99" HEIGHT="33" WC="0.91" CONTENT="varo,"/><SP WIDTH="30" VPOS="704" HPOS="314"/>
							<String ID="string_88" HPOS="344" VPOS="689" WIDTH="177" HEIGHT="37" WC="0.96" CONTENT="särskildt"/><SP WIDTH="27" VPOS="689" HPOS="521"/>
							<String ID="string_89" HPOS="548" VPOS="676" WIDTH="291" HEIGHT="49" WC="0.96" CONTENT="framträdande."/><SP WIDTH="56" VPOS="676" HPOS="839"/>
							<String ID="string_90" HPOS="895" VPOS="688" WIDTH="67" HEIGHT="36" WC="0.92" CONTENT="Ett"/><SP WIDTH="28" VPOS="688" HPOS="962"/>
							<String ID="string_91" HPOS="990" VPOS="688" WIDTH="151" HEIGHT="58" WC="0.85" CONTENT="nttryck"/><SP WIDTH="19" VPOS="688" HPOS="1141"/>
							<String ID="string_92" HPOS="1160" VPOS="690" WIDTH="61" HEIGHT="34" WC="0.96" CONTENT="för"/><SP WIDTH="18" VPOS="690" HPOS="1221"/>
							<String ID="string_93" HPOS="1239" VPOS="702" WIDTH="48" HEIGHT="23" WC="0.96" CONTENT="en"/><SP WIDTH="19" VPOS="702" HPOS="1287"/>
							<String ID="string_94" HPOS="1306" VPOS="689" WIDTH="116" HEIGHT="36" WC="0.96" CONTENT="sådan"/><SP WIDTH="19" VPOS="689" HPOS="1422"/>
							<String ID="string_95" HPOS="1441" VPOS="666" WIDTH="250" HEIGHT="72" WC="0.96" CONTENT="uppfattning"/><SP WIDTH="22" VPOS="666" HPOS="1691"/>
							<String ID="string_96" HPOS="1713" VPOS="689" WIDTH="104" HEIGHT="47" WC="0.96" CONTENT="finge"/>
						</TextLine>
						<TextLine ID="line_10" HPOS="212" VPOS="740" WIDTH="1602" HEIGHT="49">
							<String ID="string_97" HPOS="212" VPOS="719" WIDTH="112" HEIGHT="59" WC="0.96" CONTENT="också"/><SP WIDTH="29" VPOS="719" HPOS="324"/>
							<String ID="string_98" HPOS="353" VPOS="754" WIDTH="109" HEIGHT="23" WC="0.96" CONTENT="anses"/><SP WIDTH="29" VPOS="754" HPOS="462"/>
							<String ID="string_99" HPOS="491" VPOS="741" WIDTH="115" HEIGHT="35" WC="0.96" CONTENT="hafva"/><SP WIDTH="28" VPOS="741" HPOS="606"/>
							<String ID="string_100" HPOS="634" VPOS="740" WIDTH="161" HEIGHT="36" WC="0.95" CONTENT="kommit"/><SP WIDTH="28" VPOS="740" HPOS="795"/>
							<String ID="string_101" HPOS="823" VPOS="740" WIDTH="56" HEIGHT="36" WC="0.95" CONTENT="till"/><SP WIDTH="29" VPOS="740" HPOS="879"/>
							<String ID="string_102" HPOS="908" VPOS="753" WIDTH="111" HEIGHT="36" WC="0.96" CONTENT="synes"/><SP WIDTH="28" VPOS="753" HPOS="1019"/>
							<String ID="string_103" HPOS="1047" VPOS="740" WIDTH="12" HEIGHT="36" WC="0.84" CONTENT="i"/><SP WIDTH="27" VPOS="740" HPOS="1059"/>
							<String ID="string_104" HPOS="1086" VPOS="740" WIDTH="223" HEIGHT="37" WC="0.91" CONTENT="förberörda"/><SP WIDTH="26" VPOS="740" HPOS="1309"/>
							<String ID="string_105" HPOS="1335" VPOS="741" WIDTH="282" HEIGHT="48" WC="0.95" CONTENT="framställning"/><SP WIDTH="19" VPOS="741" HPOS="1617"/>
							<String ID="string_106" HPOS="1636" VPOS="743" WIDTH="42" HEIGHT="34" WC="0.70" CONTENT="at"/><SP WIDTH="15" VPOS="743" HPOS="1678"/>
							<String ID="string_107" HPOS="1693" VPOS="741" WIDTH="58" HEIGHT="36" WC="0.91" CONTENT="W."/><SP WIDTH="17" VPOS="741" HPOS="1751"/>
							<String ID="string_108" HPOS="1768" VPOS="719" WIDTH="46" HEIGHT="58" WC="0.62" CONTENT="R."/>
						</TextLine>
						<TextLine ID="line_11" HPOS="213" VPOS="791" WIDTH="1602" HEIGHT="50">
							<String ID="string_109" HPOS="213" VPOS="794" WIDTH="215" HEIGHT="47" WC="0.89" CONTENT="Lundgren."/><SP WIDTH="57" VPOS="794" HPOS="428"/>
							<String ID="string_110" HPOS="485" VPOS="792" WIDTH="55" HEIGHT="37" WC="0.84" CONTENT="De"/><SP WIDTH="29" VPOS="792" HPOS="540"/>
							<String ID="string_111" HPOS="569" VPOS="793" WIDTH="40" HEIGHT="35" WC="0.95" CONTENT="af"/><SP WIDTH="26" VPOS="793" HPOS="609"/>
							<String ID="string_112" HPOS="635" VPOS="792" WIDTH="184" HEIGHT="49" WC="0.96" CONTENT="styrelsen"/><SP WIDTH="28" VPOS="792" HPOS="819"/>
							<String ID="string_113" HPOS="847" VPOS="793" WIDTH="60" HEIGHT="35" WC="0.96" CONTENT="för"/><SP WIDTH="18" VPOS="793" HPOS="907"/>
							<String ID="string_114" HPOS="925" VPOS="782" WIDTH="187" HEIGHT="57" WC="0.50" CONTENT="Sveriges"/><SP WIDTH="28" VPOS="782" HPOS="1112"/>
							<String ID="string_115" HPOS="1140" VPOS="792" WIDTH="191" HEIGHT="36" WC="0.93" CONTENT="allmänna"/><SP WIDTH="28" VPOS="792" HPOS="1331"/>
							<String ID="string_116" HPOS="1359" VPOS="792" WIDTH="334" HEIGHT="48" WC="0.90" CONTENT="sjöfartsförening"/><SP WIDTH="19" VPOS="792" HPOS="1693"/>
							<String ID="string_117" HPOS="1712" VPOS="793" WIDTH="103" HEIGHT="36" WC="0.92" CONTENT="med-"/>
						</TextLine>
						<TextLine ID="line_12" HPOS="212" VPOS="821" WIDTH="1605" HEIGHT="72">
							<String ID="string_118" HPOS="212" VPOS="823" WIDTH="136" HEIGHT="58" WC="0.96" CONTENT="delade"/><SP WIDTH="23" VPOS="823" HPOS="348"/>
							<String ID="string_119" HPOS="371" VPOS="845" WIDTH="195" HEIGHT="48" WC="0.95" CONTENT="uppgifter"/><SP WIDTH="28" VPOS="845" HPOS="566"/>
							<String ID="string_120" HPOS="594" VPOS="834" WIDTH="102" HEIGHT="45" WC="0.96" CONTENT="såväl"/><SP WIDTH="29" VPOS="834" HPOS="696"/>
							<String ID="string_121" HPOS="725" VPOS="856" WIDTH="61" HEIGHT="23" WC="0.96" CONTENT="om"/><SP WIDTH="29" VPOS="856" HPOS="786"/>
							<String ID="string_122" HPOS="815" VPOS="844" WIDTH="72" HEIGHT="36" WC="0.96" CONTENT="den"/><SP WIDTH="28" VPOS="844" HPOS="887"/>
							<String ID="string_123" HPOS="915" VPOS="821" WIDTH="228" HEIGHT="70" WC="0.96" CONTENT="efterfrågan"/><SP WIDTH="31" VPOS="821" HPOS="1143"/>
							<String ID="string_124" HPOS="1174" VPOS="847" WIDTH="48" HEIGHT="45" WC="0.96" CONTENT="på"/><SP WIDTH="27" VPOS="847" HPOS="1222"/>
							<String ID="string_125" HPOS="1249" VPOS="844" WIDTH="62" HEIGHT="36" WC="0.96" CONTENT="lån"/><SP WIDTH="28" VPOS="844" HPOS="1311"/>
							<String ID="string_126" HPOS="1339" VPOS="844" WIDTH="83" HEIGHT="36" WC="0.95" CONTENT="från"/><SP WIDTH="19" VPOS="844" HPOS="1422"/>
							<String ID="string_127" HPOS="1441" VPOS="844" WIDTH="137" HEIGHT="36" WC="0.96" CONTENT="fonden"/><SP WIDTH="22" VPOS="844" HPOS="1578"/>
							<String ID="string_128" HPOS="1600" VPOS="845" WIDTH="60" HEIGHT="35" WC="0.93" CONTENT="för"/><SP WIDTH="18" VPOS="845" HPOS="1660"/>
							<String ID="string_129" HPOS="1678" VPOS="845" WIDTH="139" HEIGHT="36" WC="0.92" CONTENT="rederi-"/>
						</TextLine>
						<TextLine ID="line_13" HPOS="212" VPOS="872" WIDTH="1603" HEIGHT="72">
							<String ID="string_130" HPOS="212" VPOS="897" WIDTH="206" HEIGHT="46" WC="0.93" CONTENT="näringens"/><SP WIDTH="41" VPOS="897" HPOS="418"/>
							<String ID="string_131" HPOS="459" VPOS="895" WIDTH="332" HEIGHT="48" WC="0.94" CONTENT="understödjande,"/><SP WIDTH="31" VPOS="895" HPOS="791"/>
							<String ID="string_132" HPOS="822" VPOS="896" WIDTH="149" HEIGHT="35" WC="0.93" CONTENT="hvilken"/><SP WIDTH="45" VPOS="896" HPOS="971"/>
							<String ID="string_133" HPOS="1016" VPOS="872" WIDTH="133" HEIGHT="59" WC="0.91" CONTENT="hittills"/><SP WIDTH="42" VPOS="872" HPOS="1149"/>
							<String ID="string_134" HPOS="1191" VPOS="895" WIDTH="106" HEIGHT="48" WC="0.0" CONTENT="gjort"/><SP WIDTH="36" VPOS="895" HPOS="1297"/>
							<String ID="string_135" HPOS="1333" VPOS="896" WIDTH="61" HEIGHT="46" WC="0.96" CONTENT="sig"/><SP WIDTH="26" VPOS="896" HPOS="1394"/>
							<String ID="string_136" HPOS="1420" VPOS="895" WIDTH="186" HEIGHT="49" WC="0.96" CONTENT="gällande,"/><SP WIDTH="30" VPOS="895" HPOS="1606"/>
							<String ID="string_137" HPOS="1636" VPOS="909" WIDTH="81" HEIGHT="23" WC="0.96" CONTENT="som"/><SP WIDTH="29" VPOS="909" HPOS="1717"/>
							<String ID="string_138" HPOS="1746" VPOS="897" WIDTH="69" HEIGHT="35" WC="0.96" CONTENT="ock"/>
						</TextLine>
						<TextLine ID="line_14" HPOS="213" VPOS="947" WIDTH="1599" HEIGHT="48">
							<String ID="string_139" HPOS="213" VPOS="962" WIDTH="61" HEIGHT="22" WC="0.96" CONTENT="om"/><SP WIDTH="43" VPOS="962" HPOS="274"/>
							<String ID="string_140" HPOS="317" VPOS="948" WIDTH="44" HEIGHT="36" WC="0.94" CONTENT="de"/><SP WIDTH="41" VPOS="948" HPOS="361"/>
							<String ID="string_141" HPOS="402" VPOS="947" WIDTH="187" HEIGHT="48" WC="0.95" CONTENT="beviljade"/><SP WIDTH="41" VPOS="947" HPOS="589"/>
							<String ID="string_142" HPOS="630" VPOS="948" WIDTH="121" HEIGHT="46" WC="0.95" CONTENT="lånen,"/><SP WIDTH="38" VPOS="948" HPOS="751"/>
							<String ID="string_143" HPOS="789" VPOS="948" WIDTH="126" HEIGHT="35" WC="0.96" CONTENT="kunde"/><SP WIDTH="28" VPOS="948" HPOS="915"/>
							<String ID="string_144" HPOS="943" VPOS="947" WIDTH="41" HEIGHT="35" WC="0.95" CONTENT="af"/><SP WIDTH="24" VPOS="947" HPOS="984"/>
							<String ID="string_145" HPOS="1008" VPOS="947" WIDTH="206" HEIGHT="47" WC="0.93" CONTENT="kollegium"/><SP WIDTH="28" VPOS="947" HPOS="1214"/>
							<String ID="string_146" HPOS="1242" VPOS="948" WIDTH="199" HEIGHT="36" WC="0.89" CONTENT="vitsordas."/><SP WIDTH="56" VPOS="948" HPOS="1441"/>
							<String ID="string_147" HPOS="1497" VPOS="947" WIDTH="155" HEIGHT="37" WC="0.85" CONTENT="Fonden"/><SP WIDTH="28" VPOS="947" HPOS="1652"/>
							<String ID="string_148" HPOS="1680" VPOS="948" WIDTH="96" HEIGHT="36" WC="0.96" CONTENT="hade"/><SP WIDTH="27" VPOS="948" HPOS="1776"/>
							<String ID="string_149" HPOS="1803" VPOS="948" WIDTH="9" HEIGHT="35" WC="0.96" CONTENT="i"/>
						</TextLine>
						<TextLine ID="line_15" HPOS="213" VPOS="998" WIDTH="1602" HEIGHT="50">
							<String ID="string_150" HPOS="213" VPOS="1001" WIDTH="58" HEIGHT="36" WC="0.96" CONTENT="gin"/><SP WIDTH="28" VPOS="1001" HPOS="271"/>
							<String ID="string_151" HPOS="299" VPOS="1000" WIDTH="126" HEIGHT="36" WC="0.96" CONTENT="helhet"/><SP WIDTH="27" VPOS="1000" HPOS="425"/>
							<String ID="string_152" HPOS="452" VPOS="999" WIDTH="126" HEIGHT="36" WC="0.96" CONTENT="blifvit"/><SP WIDTH="29" VPOS="999" HPOS="578"/>
							<String ID="string_153" HPOS="607" VPOS="1004" WIDTH="115" HEIGHT="42" WC="0.95" CONTENT="tagen"/><SP WIDTH="27" VPOS="1004" HPOS="722"/>
							<String ID="string_154" HPOS="749" VPOS="999" WIDTH="12" HEIGHT="35" WC="0.96" CONTENT="i"/><SP WIDTH="29" VPOS="999" HPOS="761"/>
							<String ID="string_155" HPOS="790" VPOS="999" WIDTH="173" HEIGHT="48" WC="0.95" CONTENT="anspråk."/><SP WIDTH="55" VPOS="999" HPOS="963"/>
							<String ID="string_156" HPOS="1018" VPOS="998" WIDTH="220" HEIGHT="38" WC="0.82" CONTENT="Emellertid"/><SP WIDTH="28" VPOS="998" HPOS="1238"/>
							<String ID="string_157" HPOS="1266" VPOS="999" WIDTH="126" HEIGHT="36" WC="0.96" CONTENT="kunde"/><SP WIDTH="28" VPOS="999" HPOS="1392"/>
							<String ID="string_158" HPOS="1420" VPOS="999" WIDTH="120" HEIGHT="48" WC="0.96" CONTENT="enligt"/><SP WIDTH="19" VPOS="999" HPOS="1540"/>
							<String ID="string_159" HPOS="1559" VPOS="999" WIDTH="155" HEIGHT="49" WC="0.96" CONTENT="uppgift"/><SP WIDTH="19" VPOS="999" HPOS="1714"/>
							<String ID="string_160" HPOS="1733" VPOS="999" WIDTH="82" HEIGHT="36" WC="0.96" CONTENT="från"/>
						</TextLine>
						<TextLine ID="line_16" HPOS="213" VPOS="1050" WIDTH="1603" HEIGHT="64">
							<String ID="string_161" HPOS="213" VPOS="1052" WIDTH="272" HEIGHT="36" WC="0.95" CONTENT="statskontoret"/><SP WIDTH="40" VPOS="1052" HPOS="485"/>
							<String ID="string_162" HPOS="525" VPOS="1050" WIDTH="198" HEIGHT="63" WC="0.96" CONTENT="beräknas,"/><SP WIDTH="39" VPOS="1050" HPOS="723"/>
							<String ID="string_163" HPOS="762" VPOS="1056" WIDTH="55" HEIGHT="30" WC="0.95" CONTENT="att"/><SP WIDTH="37" VPOS="1056" HPOS="817"/>
							<String ID="string_164" HPOS="854" VPOS="1051" WIDTH="121" HEIGHT="36" WC="0.92" CONTENT="medel"/><SP WIDTH="28" VPOS="1051" HPOS="975"/>
							<String ID="string_165" HPOS="1003" VPOS="1054" WIDTH="96" HEIGHT="45" WC="0.89" CONTENT="ånvo"/><SP WIDTH="28" VPOS="1054" HPOS="1099"/>
							<String ID="string_166" HPOS="1127" VPOS="1051" WIDTH="125" HEIGHT="36" WC="0.91" CONTENT="blefve"/><SP WIDTH="28" VPOS="1051" HPOS="1252"/>
							<String ID="string_167" HPOS="1280" VPOS="1051" WIDTH="243" HEIGHT="63" WC="0.95" CONTENT="tillgängliga"/><SP WIDTH="28" VPOS="1051" HPOS="1523"/>
							<String ID="string_168" HPOS="1551" VPOS="1064" WIDTH="140" HEIGHT="35" WC="0.93" CONTENT="genom"/><SP WIDTH="28" VPOS="1064" HPOS="1691"/>
							<String ID="string_169" HPOS="1719" VPOS="1054" WIDTH="97" HEIGHT="34" WC="0.86" CONTENT="åter-"/>
						</TextLine>
						<TextLine ID="line_17" HPOS="214" VPOS="1080" WIDTH="1601" HEIGHT="70">
							<String ID="string_170" HPOS="214" VPOS="1103" WIDTH="196" HEIGHT="46" WC="0.91" CONTENT="betalning"/><SP WIDTH="40" VPOS="1103" HPOS="410"/>
							<String ID="string_171" HPOS="450" VPOS="1103" WIDTH="194" HEIGHT="47" WC="0.95" CONTENT="nämligen"/><SP WIDTH="42" VPOS="1103" HPOS="644"/>
							<String ID="string_172" HPOS="686" VPOS="1105" WIDTH="40" HEIGHT="33" WC="0.94" CONTENT="år"/><SP WIDTH="39" VPOS="1105" HPOS="726"/>
							<String ID="string_173" HPOS="765" VPOS="1104" WIDTH="95" HEIGHT="35" WC="0.93" CONTENT="1907"/><SP WIDTH="43" VPOS="1104" HPOS="860"/>
							<String ID="string_174" HPOS="903" VPOS="1092" WIDTH="160" HEIGHT="57" WC="0.43" CONTENT="703,333"/><SP WIDTH="39" VPOS="1092" HPOS="1063"/>
							<String ID="string_175" HPOS="1102" VPOS="1102" WIDTH="141" HEIGHT="36" WC="0.96" CONTENT="kronor"/><SP WIDTH="29" VPOS="1102" HPOS="1243"/>
							<String ID="string_176" HPOS="1272" VPOS="1105" WIDTH="47" HEIGHT="34" WC="0.96" CONTENT="33"/><SP WIDTH="30" VPOS="1105" HPOS="1319"/>
							<String ID="string_177" HPOS="1349" VPOS="1108" WIDTH="75" HEIGHT="42" WC="0.95" CONTENT="öre,"/><SP WIDTH="29" VPOS="1108" HPOS="1424"/>
							<String ID="string_178" HPOS="1453" VPOS="1105" WIDTH="40" HEIGHT="34" WC="0.96" CONTENT="år"/><SP WIDTH="30" VPOS="1105" HPOS="1493"/>
							<String ID="string_179" HPOS="1523" VPOS="1080" WIDTH="97" HEIGHT="59" WC="0.96" CONTENT="1908"/><SP WIDTH="30" VPOS="1080" HPOS="1620"/>
							<String ID="string_180" HPOS="1650" VPOS="1104" WIDTH="165" HEIGHT="46" WC="0.67" CONTENT="825,000"/>
						</TextLine>
						<TextLine ID="line_18" HPOS="212" VPOS="1154" WIDTH="1603" HEIGHT="64">
							<String ID="string_181" HPOS="212" VPOS="1156" WIDTH="141" HEIGHT="35" WC="0.95" CONTENT="kronor"/><SP WIDTH="40" VPOS="1156" HPOS="353"/>
							<String ID="string_182" HPOS="393" VPOS="1149" WIDTH="70" HEIGHT="41" WC="0.95" CONTENT="och"/><SP WIDTH="43" VPOS="1149" HPOS="463"/>
							<String ID="string_183" HPOS="506" VPOS="1159" WIDTH="40" HEIGHT="31" WC="0.93" CONTENT="år"/><SP WIDTH="23" VPOS="1159" HPOS="546"/>
							<String ID="string_184" HPOS="569" VPOS="1131" WIDTH="116" HEIGHT="59" WC="0.93" CONTENT="1909"/><SP WIDTH="46" VPOS="1131" HPOS="685"/>
							<String ID="string_185" HPOS="731" VPOS="1156" WIDTH="200" HEIGHT="45" WC="0.90" CONTENT="1,666,666"/><SP WIDTH="43" VPOS="1156" HPOS="931"/>
							<String ID="string_186" HPOS="974" VPOS="1154" WIDTH="139" HEIGHT="36" WC="0.96" CONTENT="kronor"/><SP WIDTH="43" VPOS="1154" HPOS="1113"/>
							<String ID="string_187" HPOS="1156" VPOS="1157" WIDTH="45" HEIGHT="33" WC="0.96" CONTENT="67"/><SP WIDTH="44" VPOS="1157" HPOS="1201"/>
							<String ID="string_188" HPOS="1245" VPOS="1160" WIDTH="75" HEIGHT="31" WC="0.92" CONTENT="öre."/><SP WIDTH="56" VPOS="1160" HPOS="1320"/>
							<String ID="string_189" HPOS="1376" VPOS="1154" WIDTH="16" HEIGHT="36" WC="0.96" CONTENT="I"/><SP WIDTH="34" VPOS="1154" HPOS="1392"/>
							<String ID="string_190" HPOS="1426" VPOS="1154" WIDTH="108" HEIGHT="64" WC="0.96" CONTENT="fråga"/><SP WIDTH="41" VPOS="1154" HPOS="1534"/>
							<String ID="string_191" HPOS="1575" VPOS="1168" WIDTH="61" HEIGHT="22" WC="0.96" CONTENT="om"/><SP WIDTH="30" VPOS="1168" HPOS="1636"/>
							<String ID="string_192" HPOS="1666" VPOS="1155" WIDTH="45" HEIGHT="36" WC="0.93" CONTENT="de"/><SP WIDTH="28" VPOS="1155" HPOS="1711"/>
							<String ID="string_193" HPOS="1739" VPOS="1168" WIDTH="76" HEIGHT="23" WC="0.90" CONTENT="me-"/>
						</TextLine>
						<TextLine ID="line_19" HPOS="213" VPOS="1183" WIDTH="1602" HEIGHT="72">
							<String ID="string_194" HPOS="213" VPOS="1208" WIDTH="72" HEIGHT="46" WC="0.95" CONTENT="del,"/><SP WIDTH="42" VPOS="1208" HPOS="285"/>
							<String ID="string_195" HPOS="327" VPOS="1220" WIDTH="81" HEIGHT="22" WC="0.95" CONTENT="som"/><SP WIDTH="42" VPOS="1220" HPOS="408"/>
							<String ID="string_196" HPOS="450" VPOS="1219" WIDTH="138" HEIGHT="35" WC="0.95" CONTENT="genom"/><SP WIDTH="43" VPOS="1219" HPOS="588"/>
							<String ID="string_197" HPOS="631" VPOS="1183" WIDTH="279" HEIGHT="70" WC="0.96" CONTENT="återbetalning"/><SP WIDTH="27" VPOS="1183" HPOS="910"/>
							<String ID="string_198" HPOS="937" VPOS="1206" WIDTH="149" HEIGHT="36" WC="0.96" CONTENT="komme"/><SP WIDTH="31" VPOS="1206" HPOS="1086"/>
							<String ID="string_199" HPOS="1117" VPOS="1211" WIDTH="55" HEIGHT="31" WC="0.92" CONTENT="att"/><SP WIDTH="28" VPOS="1211" HPOS="1172"/>
							<String ID="string_200" HPOS="1200" VPOS="1206" WIDTH="135" HEIGHT="49" WC="0.92" CONTENT="inflyta"/><SP WIDTH="27" VPOS="1206" HPOS="1335"/>
							<String ID="string_201" HPOS="1362" VPOS="1206" WIDTH="95" HEIGHT="37" WC="0.96" CONTENT="efter"/><SP WIDTH="27" VPOS="1206" HPOS="1457"/>
							<String ID="string_202" HPOS="1484" VPOS="1209" WIDTH="41" HEIGHT="33" WC="0.96" CONTENT="år"/><SP WIDTH="29" VPOS="1209" HPOS="1525"/>
							<String ID="string_203" HPOS="1554" VPOS="1208" WIDTH="111" HEIGHT="45" WC="0.95" CONTENT="1909,"/><SP WIDTH="20" VPOS="1208" HPOS="1665"/>
							<String ID="string_204" HPOS="1685" VPOS="1212" WIDTH="130" HEIGHT="43" WC="0.96" CONTENT="syntes"/>
						</TextLine>
						<TextLine ID="line_20" HPOS="218" VPOS="1234" WIDTH="1598" HEIGHT="71">
							<String ID="string_205" HPOS="218" VPOS="1236" WIDTH="131" HEIGHT="59" WC="0.1" CONTENT="Röse"/><SP WIDTH="43" VPOS="1236" HPOS="349"/>
							<String ID="string_206" HPOS="392" VPOS="1235" WIDTH="82" HEIGHT="69" WC="0.12" CONTENT="ES"/><SP WIDTH="17" VPOS="1235" HPOS="474"/>
							<String ID="string_207" HPOS="491" VPOS="1258" WIDTH="124" HEIGHT="36" WC="0.92" CONTENT="beslut"/><SP WIDTH="40" VPOS="1258" HPOS="615"/>
							<String ID="string_208" HPOS="655" VPOS="1257" WIDTH="191" HEIGHT="46" WC="0.96" CONTENT="innebära,"/><SP WIDTH="30" VPOS="1257" HPOS="846"/>
							<String ID="string_209" HPOS="876" VPOS="1262" WIDTH="56" HEIGHT="30" WC="0.95" CONTENT="att"/><SP WIDTH="28" VPOS="1262" HPOS="932"/>
							<String ID="string_210" HPOS="960" VPOS="1257" WIDTH="146" HEIGHT="36" WC="0.96" CONTENT="medlen"/><SP WIDTH="29" VPOS="1257" HPOS="1106"/>
							<String ID="string_211" HPOS="1135" VPOS="1257" WIDTH="120" HEIGHT="36" WC="0.93" CONTENT="skulle"/><SP WIDTH="29" VPOS="1257" HPOS="1255"/>
							<String ID="string_212" HPOS="1284" VPOS="1258" WIDTH="212" HEIGHT="47" WC="0.92" CONTENT="återgäldas"/><SP WIDTH="29" VPOS="1258" HPOS="1496"/>
							<String ID="string_213" HPOS="1525" VPOS="1258" WIDTH="55" HEIGHT="35" WC="0.96" CONTENT="till"/><SP WIDTH="28" VPOS="1258" HPOS="1580"/>
							<String ID="string_214" HPOS="1608" VPOS="1234" WIDTH="208" HEIGHT="71" WC="0.89" CONTENT="riksgälde-"/>
						</TextLine>
						<TextLine ID="line_21" HPOS="213" VPOS="1286" WIDTH="1602" HEIGHT="70">
							<String ID="string_215" HPOS="213" VPOS="1286" WIDTH="186" HEIGHT="60" WC="0.96" CONTENT="kontoret."/><SP WIDTH="56" VPOS="1286" HPOS="399"/>
							<String ID="string_216" HPOS="455" VPOS="1309" WIDTH="102" HEIGHT="35" WC="0.95" CONTENT="Intill"/><SP WIDTH="42" VPOS="1309" HPOS="557"/>
							<String ID="string_217" HPOS="599" VPOS="1311" WIDTH="198" HEIGHT="45" WC="0.95" CONTENT="utgången"/><SP WIDTH="41" VPOS="1311" HPOS="797"/>
							<String ID="string_218" HPOS="838" VPOS="1310" WIDTH="40" HEIGHT="34" WC="0.94" CONTENT="af"/><SP WIDTH="30" VPOS="1310" HPOS="878"/>
							<String ID="string_219" HPOS="908" VPOS="1311" WIDTH="40" HEIGHT="33" WC="0.96" CONTENT="år"/><SP WIDTH="31" VPOS="1311" HPOS="948"/>
							<String ID="string_220" HPOS="979" VPOS="1310" WIDTH="95" HEIGHT="34" WC="0.96" CONTENT="1909"/><SP WIDTH="30" VPOS="1310" HPOS="1074"/>
							<String ID="string_221" HPOS="1104" VPOS="1309" WIDTH="120" HEIGHT="36" WC="0.95" CONTENT="skulle"/><SP WIDTH="29" VPOS="1309" HPOS="1224"/>
							<String ID="string_222" HPOS="1253" VPOS="1286" WIDTH="135" HEIGHT="59" WC="0.96" CONTENT="alltså"/><SP WIDTH="1" VPOS="1286" HPOS="1388"/>
							<String ID="string_223" HPOS="1389" VPOS="1309" WIDTH="12" HEIGHT="35" WC="0.96" CONTENT="i"/><SP WIDTH="28" VPOS="1309" HPOS="1401"/>
							<String ID="string_224" HPOS="1429" VPOS="1309" WIDTH="58" HEIGHT="36" WC="0.96" CONTENT="sin"/><SP WIDTH="28" VPOS="1309" HPOS="1487"/>
							<String ID="string_225" HPOS="1515" VPOS="1309" WIDTH="127" HEIGHT="36" WC="0.96" CONTENT="helhet"/><SP WIDTH="27" VPOS="1309" HPOS="1642"/>
							<String ID="string_226" HPOS="1669" VPOS="1314" WIDTH="55" HEIGHT="31" WC="0.93" CONTENT="ett"/><SP WIDTH="26" VPOS="1314" HPOS="1724"/>
							<String ID="string_227" HPOS="1750" VPOS="1309" WIDTH="65" HEIGHT="36" WC="0.90" CONTENT="be-"/>
						</TextLine>
						<TextLine ID="line_22" HPOS="211" VPOS="1360" WIDTH="1605" HEIGHT="50">
							<String ID="string_228" HPOS="211" VPOS="1362" WIDTH="90" HEIGHT="48" WC="0.92" CONTENT="lopp"/><SP WIDTH="38" VPOS="1362" HPOS="301"/>
							<String ID="string_229" HPOS="339" VPOS="1362" WIDTH="40" HEIGHT="34" WC="0.60" CONTENT="af"/><SP WIDTH="34" VPOS="1362" HPOS="379"/>
							<String ID="string_230" HPOS="413" VPOS="1362" WIDTH="203" HEIGHT="45" WC="0.60" CONTENT="3,195,000"/><SP WIDTH="27" VPOS="1362" HPOS="616"/>
							<String ID="string_231" HPOS="643" VPOS="1338" WIDTH="151" HEIGHT="57" WC="0.0" CONTENT="ASOTOr"/><SP WIDTH="30" VPOS="1338" HPOS="794"/>
							<String ID="string_232" HPOS="824" VPOS="1361" WIDTH="206" HEIGHT="34" WC="0.0" CONTENT="Anas"/><SP WIDTH="27" VPOS="1361" HPOS="1030"/>
							<String ID="string_233" HPOS="1057" VPOS="1361" WIDTH="176" HEIGHT="47" WC="0.89" CONTENT="utlåning"/><SP WIDTH="27" VPOS="1361" HPOS="1233"/>
							<String ID="string_234" HPOS="1260" VPOS="1365" WIDTH="56" HEIGHT="31" WC="0.89" CONTENT="att"/><SP WIDTH="28" VPOS="1365" HPOS="1316"/>
							<String ID="string_235" HPOS="1344" VPOS="1360" WIDTH="118" HEIGHT="48" WC="0.96" CONTENT="tillgå,"/><SP WIDTH="31" VPOS="1360" HPOS="1462"/>
							<String ID="string_236" HPOS="1493" VPOS="1374" WIDTH="85" HEIGHT="23" WC="0.96" CONTENT="men"/><SP WIDTH="28" VPOS="1374" HPOS="1578"/>
							<String ID="string_237" HPOS="1606" VPOS="1361" WIDTH="96" HEIGHT="36" WC="0.92" CONTENT="efter"/><SP WIDTH="27" VPOS="1361" HPOS="1702"/>
							<String ID="string_238" HPOS="1729" VPOS="1361" WIDTH="87" HEIGHT="35" WC="0.92" CONTENT="sist-"/>
						</TextLine>
						<TextLine ID="line_23" HPOS="211" VPOS="1412" WIDTH="1605" HEIGHT="48">
							<String ID="string_239" HPOS="211" VPOS="1413" WIDTH="166" HEIGHT="36" WC="0.95" CONTENT="nämnda"/><SP WIDTH="27" VPOS="1413" HPOS="377"/>
							<String ID="string_240" HPOS="404" VPOS="1426" WIDTH="40" HEIGHT="22" WC="0.83" CONTENT="år"/><SP WIDTH="27" VPOS="1426" HPOS="444"/>
							<String ID="string_241" HPOS="471" VPOS="1389" WIDTH="81" HEIGHT="59" WC="0.95" CONTENT="icke"/><SP WIDTH="29" VPOS="1389" HPOS="552"/>
							<String ID="string_242" HPOS="581" VPOS="1417" WIDTH="91" HEIGHT="30" WC="0.96" CONTENT="utan"/><SP WIDTH="28" VPOS="1417" HPOS="672"/>
							<String ID="string_243" HPOS="700" VPOS="1412" WIDTH="177" HEIGHT="36" WC="0.96" CONTENT="särskildt"/><SP WIDTH="28" VPOS="1412" HPOS="877"/>
							<String ID="string_244" HPOS="905" VPOS="1416" WIDTH="85" HEIGHT="44" WC="0.96" CONTENT="nytt"/><SP WIDTH="28" VPOS="1416" HPOS="990"/>
							<String ID="string_245" HPOS="1018" VPOS="1412" WIDTH="122" HEIGHT="36" WC="0.96" CONTENT="beslut"/><SP WIDTH="29" VPOS="1412" HPOS="1140"/>
							<String ID="string_246" HPOS="1169" VPOS="1413" WIDTH="41" HEIGHT="35" WC="0.96" CONTENT="af"/><SP WIDTH="20" VPOS="1413" HPOS="1210"/>
							<String ID="string_247" HPOS="1230" VPOS="1412" WIDTH="214" HEIGHT="48" WC="0.96" CONTENT="Riksdagen"/><SP WIDTH="23" VPOS="1412" HPOS="1444"/>
							<String ID="string_248" HPOS="1467" VPOS="1415" WIDTH="118" HEIGHT="45" WC="0.96" CONTENT="några"/><SP WIDTH="20" VPOS="1415" HPOS="1585"/>
							<String ID="string_249" HPOS="1605" VPOS="1412" WIDTH="121" HEIGHT="36" WC="0.93" CONTENT="medel"/><SP WIDTH="19" VPOS="1412" HPOS="1726"/>
							<String ID="string_250" HPOS="1745" VPOS="1412" WIDTH="71" HEIGHT="36" WC="0.91" CONTENT="fin-"/>
						</TextLine>
						<TextLine ID="line_24" HPOS="212" VPOS="1441" WIDTH="1602" HEIGHT="70">
							<String ID="string_251" HPOS="212" VPOS="1479" WIDTH="68" HEIGHT="22" WC="0.91" CONTENT="nas"/><SP WIDTH="29" VPOS="1479" HPOS="280"/>
							<String ID="string_252" HPOS="309" VPOS="1470" WIDTH="54" HEIGHT="30" WC="0.96" CONTENT="att"/><SP WIDTH="29" VPOS="1470" HPOS="363"/>
							<String ID="string_253" HPOS="392" VPOS="1464" WIDTH="172" HEIGHT="36" WC="0.94" CONTENT="använda"/><SP WIDTH="30" VPOS="1464" HPOS="564"/>
							<String ID="string_254" HPOS="594" VPOS="1464" WIDTH="59" HEIGHT="35" WC="0.96" CONTENT="för"/><SP WIDTH="29" VPOS="1464" HPOS="653"/>
							<String ID="string_255" HPOS="682" VPOS="1464" WIDTH="221" HEIGHT="36" WC="0.92" CONTENT="ändamålet."/><SP WIDTH="45" VPOS="1464" HPOS="903"/>
							<String ID="string_256" HPOS="948" VPOS="1463" WIDTH="84" HEIGHT="37" WC="0.96" CONTENT="Med"/><SP WIDTH="29" VPOS="1463" HPOS="1032"/>
							<String ID="string_257" HPOS="1061" VPOS="1464" WIDTH="69" HEIGHT="36" WC="0.96" CONTENT="den"/><SP WIDTH="32" VPOS="1464" HPOS="1130"/>
							<String ID="string_258" HPOS="1162" VPOS="1464" WIDTH="224" HEIGHT="47" WC="0.96" CONTENT="erfarenhet,"/><SP WIDTH="30" VPOS="1464" HPOS="1386"/>
							<String ID="string_259" HPOS="1416" VPOS="1477" WIDTH="80" HEIGHT="23" WC="0.96" CONTENT="som"/><SP WIDTH="20" VPOS="1477" HPOS="1496"/>
							<String ID="string_260" HPOS="1516" VPOS="1441" WIDTH="124" HEIGHT="59" WC="0.45" CONTENT="redan"/><SP WIDTH="19" VPOS="1441" HPOS="1640"/>
							<String ID="string_261" HPOS="1659" VPOS="1464" WIDTH="155" HEIGHT="36" WC="0.96" CONTENT="vunnits"/>
						</TextLine>
						<TextLine ID="line_25" HPOS="211" VPOS="1493" WIDTH="1604" HEIGHT="71">
							<String ID="string_262" HPOS="211" VPOS="1518" WIDTH="8" HEIGHT="34" WC="0.95" CONTENT="i"/><SP WIDTH="31" VPOS="1518" HPOS="219"/>
							<String ID="string_263" HPOS="250" VPOS="1518" WIDTH="106" HEIGHT="44" WC="0.95" CONTENT="fråga"/><SP WIDTH="32" VPOS="1518" HPOS="356"/>
							<String ID="string_264" HPOS="388" VPOS="1530" WIDTH="60" HEIGHT="22" WC="0.95" CONTENT="om"/><SP WIDTH="30" VPOS="1530" HPOS="448"/>
							<String ID="string_265" HPOS="478" VPOS="1516" WIDTH="278" HEIGHT="45" WC="0.95" CONTENT="omfattningen"/><SP WIDTH="31" VPOS="1516" HPOS="756"/>
							<String ID="string_266" HPOS="787" VPOS="1516" WIDTH="41" HEIGHT="35" WC="0.92" CONTENT="af"/><SP WIDTH="23" VPOS="1516" HPOS="828"/>
							<String ID="string_267" HPOS="851" VPOS="1515" WIDTH="274" HEIGHT="48" WC="0.90" CONTENT="lånebehofvet,"/><SP WIDTH="17" VPOS="1515" HPOS="1125"/>
							<String ID="string_268" HPOS="1142" VPOS="1516" WIDTH="125" HEIGHT="36" WC="0.96" CONTENT="kunde"/><SP WIDTH="29" VPOS="1516" HPOS="1267"/>
							<String ID="string_269" HPOS="1296" VPOS="1515" WIDTH="62" HEIGHT="37" WC="0.96" CONTENT="det"/><SP WIDTH="21" VPOS="1515" HPOS="1358"/>
							<String ID="string_270" HPOS="1379" VPOS="1493" WIDTH="88" HEIGHT="59" WC="0.88" CONTENT="icke"/><SP WIDTH="23" VPOS="1493" HPOS="1467"/>
							<String ID="string_271" HPOS="1490" VPOS="1516" WIDTH="76" HEIGHT="36" WC="0.96" CONTENT="lida"/><SP WIDTH="23" VPOS="1516" HPOS="1566"/>
							<String ID="string_272" HPOS="1589" VPOS="1518" WIDTH="117" HEIGHT="46" WC="0.93" CONTENT="något"/><SP WIDTH="20" VPOS="1518" HPOS="1706"/>
							<String ID="string_273" HPOS="1726" VPOS="1516" WIDTH="89" HEIGHT="36" WC="0.91" CONTENT="tvif-"/>
						</TextLine>
						<TextLine ID="line_26" HPOS="212" VPOS="1544" WIDTH="1602" HEIGHT="72">
							<String ID="string_274" HPOS="212" VPOS="1569" WIDTH="71" HEIGHT="42" WC="0.94" CONTENT="vel,"/><SP WIDTH="39" VPOS="1569" HPOS="283"/>
							<String ID="string_275" HPOS="322" VPOS="1574" WIDTH="54" HEIGHT="30" WC="0.95" CONTENT="att"/><SP WIDTH="38" VPOS="1574" HPOS="376"/>
							<String ID="string_276" HPOS="414" VPOS="1569" WIDTH="60" HEIGHT="34" WC="0.96" CONTENT="för"/><SP WIDTH="36" VPOS="1569" HPOS="474"/>
							<String ID="string_277" HPOS="510" VPOS="1567" WIDTH="100" HEIGHT="36" WC="0.94" CONTENT="tiden"/><SP WIDTH="32" VPOS="1567" HPOS="610"/>
							<String ID="string_278" HPOS="642" VPOS="1544" WIDTH="96" HEIGHT="58" WC="0.39" CONTENT="NN"/><SP WIDTH="32" VPOS="1544" HPOS="738"/>
							<String ID="string_279" HPOS="770" VPOS="1570" WIDTH="96" HEIGHT="33" WC="0.95" CONTENT="1909"/><SP WIDTH="30" VPOS="1570" HPOS="866"/>
							<String ID="string_280" HPOS="896" VPOS="1570" WIDTH="59" HEIGHT="32" WC="0.93" CONTENT="års"/><SP WIDTH="28" VPOS="1570" HPOS="955"/>
							<String ID="string_281" HPOS="983" VPOS="1567" WIDTH="75" HEIGHT="35" WC="0.88" CONTENT="slut"/><SP WIDTH="28" VPOS="1567" HPOS="1058"/>
							<String ID="string_282" HPOS="1086" VPOS="1545" WIDTH="237" HEIGHT="58" WC="0.22" CONTENT="SAK"/><SP WIDTH="26" VPOS="1545" HPOS="1323"/>
							<String ID="string_283" HPOS="1349" VPOS="1567" WIDTH="136" HEIGHT="49" WC="0.96" CONTENT="belopp"/><SP WIDTH="29" VPOS="1567" HPOS="1485"/>
							<String ID="string_284" HPOS="1514" VPOS="1567" WIDTH="82" HEIGHT="37" WC="0.92" CONTENT="icke"/><SP WIDTH="27" VPOS="1567" HPOS="1596"/>
							<String ID="string_285" HPOS="1623" VPOS="1580" WIDTH="90" HEIGHT="23" WC="0.93" CONTENT="vore"/><SP WIDTH="28" VPOS="1580" HPOS="1713"/>
							<String ID="string_286" HPOS="1741" VPOS="1567" WIDTH="73" HEIGHT="36" WC="0.91" CONTENT="till-"/>
						</TextLine>
						<TextLine ID="line_27" HPOS="212" VPOS="1619" WIDTH="1601" HEIGHT="47">
							<String ID="string_287" HPOS="212" VPOS="1620" WIDTH="173" HEIGHT="45" WC="0.16" CONTENT="räckligt."/><SP WIDTH="56" VPOS="1620" HPOS="385"/>
							<String ID="string_288" HPOS="441" VPOS="1619" WIDTH="217" HEIGHT="44" WC="0.16" CONTENT=" Kollegium"/><SP WIDTH="30" VPOS="1619" HPOS="658"/>
							<String ID="string_289" HPOS="688" VPOS="1628" WIDTH="140" HEIGHT="36" WC="0.88" CONTENT="ansåge"/><SP WIDTH="29" VPOS="1628" HPOS="828"/>
							<String ID="string_290" HPOS="857" VPOS="1619" WIDTH="138" HEIGHT="46" WC="0.94" CONTENT="därför,"/><SP WIDTH="30" VPOS="1619" HPOS="995"/>
							<String ID="string_291" HPOS="1025" VPOS="1623" WIDTH="54" HEIGHT="31" WC="0.96" CONTENT="att"/><SP WIDTH="28" VPOS="1623" HPOS="1079"/>
							<String ID="string_292" HPOS="1107" VPOS="1633" WIDTH="44" HEIGHT="22" WC="0.96" CONTENT="en"/><SP WIDTH="24" VPOS="1633" HPOS="1151"/>
							<String ID="string_293" HPOS="1175" VPOS="1619" WIDTH="147" HEIGHT="47" WC="0.96" CONTENT="ökning"/><SP WIDTH="19" VPOS="1619" HPOS="1322"/>
							<String ID="string_294" HPOS="1341" VPOS="1619" WIDTH="41" HEIGHT="35" WC="0.95" CONTENT="af"/><SP WIDTH="15" VPOS="1619" HPOS="1382"/>
							<String ID="string_295" HPOS="1397" VPOS="1619" WIDTH="140" HEIGHT="36" WC="0.96" CONTENT="fonden"/><SP WIDTH="18" VPOS="1619" HPOS="1537"/>
							<String ID="string_296" HPOS="1555" VPOS="1619" WIDTH="116" HEIGHT="36" WC="0.93" CONTENT="borde"/><SP WIDTH="20" VPOS="1619" HPOS="1671"/>
							<String ID="string_297" HPOS="1691" VPOS="1620" WIDTH="122" HEIGHT="35" WC="0.91" CONTENT="åstad-"/>
						</TextLine>
						<TextLine ID="line_28" HPOS="212" VPOS="1647" WIDTH="1601" HEIGHT="71">
							<String ID="string_298" HPOS="212" VPOS="1672" WIDTH="182" HEIGHT="35" WC="0.94" CONTENT="kommas."/><SP WIDTH="61" VPOS="1672" HPOS="394"/>
							<String ID="string_299" HPOS="455" VPOS="1671" WIDTH="50" HEIGHT="35" WC="0.45" CONTENT="Då"/><SP WIDTH="39" VPOS="1671" HPOS="505"/>
							<String ID="string_300" HPOS="544" VPOS="1647" WIDTH="62" HEIGHT="59" WC="0.95" CONTENT="det"/><SP WIDTH="29" VPOS="1647" HPOS="606"/>
							<String ID="string_301" HPOS="635" VPOS="1670" WIDTH="139" HEIGHT="35" WC="0.96" CONTENT="dubbla"/><SP WIDTH="6" VPOS="1670" HPOS="774"/>
							<String ID="string_302" HPOS="780" VPOS="1647" WIDTH="118" HEIGHT="58" WC="0.0" CONTENT="EES"/><SP WIDTH="6" VPOS="1647" HPOS="898"/>
							<String ID="string_303" HPOS="904" VPOS="1675" WIDTH="72" HEIGHT="30" WC="0.0" CONTENT="SSA"/><SP WIDTH="29" VPOS="1675" HPOS="976"/>
							<String ID="string_304" HPOS="1005" VPOS="1671" WIDTH="40" HEIGHT="34" WC="0.92" CONTENT="at"/><SP WIDTH="24" VPOS="1671" HPOS="1045"/>
							<String ID="string_305" HPOS="1069" VPOS="1670" WIDTH="330" HEIGHT="45" WC="0.56" CONTENT="rederinärimgens"/><SP WIDTH="29" VPOS="1670" HPOS="1399"/>
							<String ID="string_306" HPOS="1428" VPOS="1671" WIDTH="66" HEIGHT="35" WC="0.93" CONTENT="och"/><SP WIDTH="31" VPOS="1671" HPOS="1494"/>
							<String ID="string_307" HPOS="1525" VPOS="1675" WIDTH="203" HEIGHT="43" WC="0.72" CONTENT="exportens"/><SP WIDTH="27" VPOS="1675" HPOS="1728"/>
							<String ID="string_308" HPOS="1755" VPOS="1675" WIDTH="58" HEIGHT="30" WC="0.92" CONTENT="ut-"/>
						</TextLine>
						<TextLine ID="line_29" HPOS="215" VPOS="1721" WIDTH="1597" HEIGHT="48">
							<String ID="string_309" HPOS="215" VPOS="1723" WIDTH="174" HEIGHT="45" WC="0.85" CONTENT="veckling"/><SP WIDTH="41" VPOS="1723" HPOS="389"/>
							<String ID="string_310" HPOS="430" VPOS="1721" WIDTH="177" HEIGHT="48" WC="0.93" CONTENT="utgjorde"/><SP WIDTH="42" VPOS="1721" HPOS="607"/>
							<String ID="string_311" HPOS="649" VPOS="1721" WIDTH="206" HEIGHT="48" WC="0.91" CONTENT="anledning"/><SP WIDTH="41" VPOS="1721" HPOS="855"/>
							<String ID="string_312" HPOS="896" VPOS="1721" WIDTH="59" HEIGHT="35" WC="0.91" CONTENT="för"/><SP WIDTH="28" VPOS="1721" HPOS="955"/>
							<String ID="string_313" HPOS="983" VPOS="1726" WIDTH="119" HEIGHT="31" WC="0.96" CONTENT="staten"/><SP WIDTH="33" VPOS="1726" HPOS="1102"/>
							<String ID="string_314" HPOS="1135" VPOS="1727" WIDTH="53" HEIGHT="29" WC="0.96" CONTENT="att"/><SP WIDTH="30" VPOS="1727" HPOS="1188"/>
							<String ID="string_315" HPOS="1218" VPOS="1722" WIDTH="125" HEIGHT="56" WC="0.96" CONTENT="stödja"/><SP WIDTH="28" VPOS="1722" HPOS="1343"/>
							<String ID="string_316" HPOS="1371" VPOS="1721" WIDTH="66" HEIGHT="36" WC="0.96" CONTENT="och"/><SP WIDTH="32" VPOS="1721" HPOS="1437"/>
							<String ID="string_317" HPOS="1469" VPOS="1726" WIDTH="231" HEIGHT="43" WC="0.96" CONTENT="uppmuntra"/><SP WIDTH="29" VPOS="1726" HPOS="1700"/>
							<String ID="string_318" HPOS="1729" VPOS="1722" WIDTH="83" HEIGHT="35" WC="0.96" CONTENT="med"/>
						</TextLine>
						<TextLine ID="line_30" HPOS="213" VPOS="1772" WIDTH="1599" HEIGHT="49">
							<String ID="string_319" HPOS="213" VPOS="1774" WIDTH="160" HEIGHT="36" WC="0.94" CONTENT="svenska"/><SP WIDTH="31" VPOS="1774" HPOS="373"/>
							<String ID="string_320" HPOS="404" VPOS="1775" WIDTH="129" HEIGHT="46" WC="0.88" CONTENT="fartyg"/><SP WIDTH="28" VPOS="1775" HPOS="533"/>
							<String ID="string_321" HPOS="561" VPOS="1773" WIDTH="224" HEIGHT="47" WC="0.88" CONTENT="uppehallna"/><SP WIDTH="30" VPOS="1773" HPOS="785"/>
							<String ID="string_322" HPOS="815" VPOS="1759" WIDTH="256" HEIGHT="58" WC="0.92" CONTENT="regelbundna"/><SP WIDTH="31" VPOS="1759" HPOS="1071"/>
							<String ID="string_323" HPOS="1102" VPOS="1773" WIDTH="250" HEIGHT="35" WC="0.89" CONTENT="transmarina"/><SP WIDTH="29" VPOS="1773" HPOS="1352"/>
							<String ID="string_324" HPOS="1381" VPOS="1773" WIDTH="121" HEIGHT="48" WC="0.95" CONTENT="linjer,"/><SP WIDTH="30" VPOS="1773" HPOS="1502"/>
							<String ID="string_325" HPOS="1532" VPOS="1773" WIDTH="114" HEIGHT="36" WC="0.96" CONTENT="borde"/><SP WIDTH="20" VPOS="1773" HPOS="1646"/>
							<String ID="string_326" HPOS="1666" VPOS="1773" WIDTH="64" HEIGHT="36" WC="0.90" CONTENT="vid"/><SP WIDTH="18" VPOS="1773" HPOS="1730"/>
							<String ID="string_327" HPOS="1748" VPOS="1773" WIDTH="64" HEIGHT="36" WC="0.90" CONTENT="be-"/>
						</TextLine>
						<TextLine ID="line_31" HPOS="212" VPOS="1801" WIDTH="1600" HEIGHT="69">
							<String ID="string_328" HPOS="212" VPOS="1826" WIDTH="235" HEIGHT="36" WC="0.89" CONTENT="stämmande"/><SP WIDTH="43" VPOS="1826" HPOS="447"/>
							<String ID="string_329" HPOS="490" VPOS="1826" WIDTH="40" HEIGHT="33" WC="0.86" CONTENT="af"/><SP WIDTH="25" VPOS="1826" HPOS="530"/>
							<String ID="string_330" HPOS="555" VPOS="1824" WIDTH="185" HEIGHT="36" WC="0.88" CONTENT="storleken"/><SP WIDTH="40" VPOS="1824" HPOS="740"/>
							<String ID="string_331" HPOS="780" VPOS="1825" WIDTH="40" HEIGHT="34" WC="0.94" CONTENT="af"/><SP WIDTH="26" VPOS="1825" HPOS="820"/>
							<String ID="string_332" HPOS="846" VPOS="1801" WIDTH="189" HEIGHT="68" WC="0.93" CONTENT="ökningen"/><SP WIDTH="32" VPOS="1801" HPOS="1035"/>
							<String ID="string_333" HPOS="1067" VPOS="1825" WIDTH="41" HEIGHT="34" WC="0.94" CONTENT="af"/><SP WIDTH="24" VPOS="1825" HPOS="1108"/>
							<String ID="string_334" HPOS="1132" VPOS="1824" WIDTH="289" HEIGHT="46" WC="0.93" CONTENT="ifrågavarande"/><SP WIDTH="27" VPOS="1824" HPOS="1421"/>
							<String ID="string_335" HPOS="1448" VPOS="1824" WIDTH="177" HEIGHT="36" WC="0.91" CONTENT="lånefond"/><SP WIDTH="29" VPOS="1824" HPOS="1625"/>
							<String ID="string_336" HPOS="1654" VPOS="1824" WIDTH="158" HEIGHT="36" WC="0.96" CONTENT="särskild"/>
						</TextLine>
						<TextLine ID="line_32" HPOS="213" VPOS="1875" WIDTH="1597" HEIGHT="51">
							<String ID="string_337" HPOS="213" VPOS="1879" WIDTH="144" HEIGHT="47" WC="0.93" CONTENT="hänsyn"/><SP WIDTH="45" VPOS="1879" HPOS="357"/>
							<String ID="string_338" HPOS="402" VPOS="1885" WIDTH="109" HEIGHT="38" WC="0.93" CONTENT="tagas"/><SP WIDTH="34" VPOS="1885" HPOS="511"/>
							<String ID="string_339" HPOS="545" VPOS="1876" WIDTH="53" HEIGHT="35" WC="0.95" CONTENT="till"/><SP WIDTH="40" VPOS="1876" HPOS="598"/>
							<String ID="string_340" HPOS="638" VPOS="1876" WIDTH="288" HEIGHT="44" WC="0.85" CONTENT="ifrågavarande"/><SP WIDTH="33" VPOS="1876" HPOS="926"/>
							<String ID="string_341" HPOS="959" VPOS="1876" WIDTH="282" HEIGHT="45" WC="0.83" CONTENT="framställning"/><SP WIDTH="28" VPOS="1876" HPOS="1241"/>
							<String ID="string_342" HPOS="1269" VPOS="1876" WIDTH="43" HEIGHT="35" WC="0.89" CONTENT="af"/><SP WIDTH="23" VPOS="1876" HPOS="1312"/>
							<String ID="string_343" HPOS="1335" VPOS="1875" WIDTH="57" HEIGHT="36" WC="0.83" CONTENT="W."/><SP WIDTH="30" VPOS="1875" HPOS="1392"/>
							<String ID="string_344" HPOS="1422" VPOS="1876" WIDTH="41" HEIGHT="36" WC="0.62" CONTENT="R."/><SP WIDTH="30" VPOS="1876" HPOS="1463"/>
							<String ID="string_345" HPOS="1493" VPOS="1875" WIDTH="220" HEIGHT="46" WC="0.95" CONTENT="Lundgren;"/><SP WIDTH="31" VPOS="1875" HPOS="1713"/>
							<String ID="string_346" HPOS="1744" VPOS="1876" WIDTH="66" HEIGHT="35" WC="0.96" CONTENT="och"/>
						</TextLine>
						<TextLine ID="line_33" HPOS="213" VPOS="1924" WIDTH="1599" HEIGHT="50">
							<String ID="string_347" HPOS="213" VPOS="1930" WIDTH="119" HEIGHT="35" WC="0.95" CONTENT="skulle"/><SP WIDTH="42" VPOS="1930" HPOS="332"/>
							<String ID="string_348" HPOS="374" VPOS="1924" WIDTH="84" HEIGHT="40" WC="0.90" CONTENT="den"/><SP WIDTH="29" VPOS="1924" HPOS="458"/>
							<String ID="string_349" HPOS="487" VPOS="1928" WIDTH="40" HEIGHT="35" WC="0.86" CONTENT="af"/><SP WIDTH="43" VPOS="1928" HPOS="527"/>
							<String ID="string_350" HPOS="570" VPOS="1927" WIDTH="197" HEIGHT="45" WC="0.78" CONTENT="Lundgren"/><SP WIDTH="45" VPOS="1927" HPOS="767"/>
							<String ID="string_351" HPOS="812" VPOS="1928" WIDTH="221" HEIGHT="45" WC="0.95" CONTENT="ifrågasatta"/><SP WIDTH="43" VPOS="1928" HPOS="1033"/>
							<String ID="string_352" HPOS="1076" VPOS="1928" WIDTH="181" HEIGHT="46" WC="0.90" CONTENT="åtgärden"/><SP WIDTH="41" VPOS="1928" HPOS="1257"/>
							<String ID="string_353" HPOS="1298" VPOS="1932" WIDTH="56" HEIGHT="31" WC="0.94" CONTENT="att"/><SP WIDTH="27" VPOS="1932" HPOS="1354"/>
							<String ID="string_354" HPOS="1381" VPOS="1928" WIDTH="68" HEIGHT="35" WC="0.95" CONTENT="hos"/><SP WIDTH="28" VPOS="1928" HPOS="1449"/>
							<String ID="string_355" HPOS="1477" VPOS="1928" WIDTH="218" HEIGHT="46" WC="0.71" CONTENT="Riksdagen"/><SP WIDTH="28" VPOS="1928" HPOS="1695"/>
							<String ID="string_356" HPOS="1723" VPOS="1927" WIDTH="89" HEIGHT="36" WC="0.91" CONTENT="äska"/>
						</TextLine>
						<TextLine ID="line_34" HPOS="213" VPOS="1956" WIDTH="1600" HEIGHT="71">
							<String ID="string_357" HPOS="213" VPOS="1982" WIDTH="134" HEIGHT="45" WC="0.82" CONTENT="anslag"/><SP WIDTH="36" VPOS="1982" HPOS="347"/>
							<String ID="string_358" HPOS="383" VPOS="1979" WIDTH="173" HEIGHT="37" WC="0.89" CONTENT="särskildt"/><SP WIDTH="43" VPOS="1979" HPOS="556"/>
							<String ID="string_359" HPOS="599" VPOS="1980" WIDTH="56" HEIGHT="33" WC="0.94" CONTENT="för"/><SP WIDTH="28" VPOS="1980" HPOS="655"/>
							<String ID="string_360" HPOS="683" VPOS="1979" WIDTH="209" HEIGHT="35" WC="0.95" CONTENT="beredande"/><SP WIDTH="30" VPOS="1979" HPOS="892"/>
							<String ID="string_361" HPOS="922" VPOS="1980" WIDTH="40" HEIGHT="33" WC="0.95" CONTENT="af"/><SP WIDTH="24" VPOS="1980" HPOS="962"/>
							<String ID="string_362" HPOS="986" VPOS="1979" WIDTH="60" HEIGHT="35" WC="0.93" CONTENT="lån"/><SP WIDTH="28" VPOS="1979" HPOS="1046"/>
							<String ID="string_363" HPOS="1074" VPOS="1956" WIDTH="65" HEIGHT="58" WC="0.96" CONTENT="för"/><SP WIDTH="23" VPOS="1956" HPOS="1139"/>
							<String ID="string_364" HPOS="1162" VPOS="1979" WIDTH="273" HEIGHT="48" WC="0.89" CONTENT="uppehållande"/><SP WIDTH="29" VPOS="1979" HPOS="1435"/>
							<String ID="string_365" HPOS="1464" VPOS="1979" WIDTH="41" HEIGHT="35" WC="0.96" CONTENT="af"/><SP WIDTH="24" VPOS="1979" HPOS="1505"/>
							<String ID="string_366" HPOS="1529" VPOS="1993" WIDTH="42" HEIGHT="21" WC="0.84" CONTENT="en"/><SP WIDTH="32" VPOS="1993" HPOS="1571"/>
							<String ID="string_367" HPOS="1603" VPOS="1956" WIDTH="90" HEIGHT="71" WC="0.83" CONTENT="linje"/><SP WIDTH="30" VPOS="1956" HPOS="1693"/>
							<String ID="string_368" HPOS="1723" VPOS="1979" WIDTH="90" HEIGHT="35" WC="0.40" CONTENT="Sve-"/>
						</TextLine>
						<TextLine ID="line_35" HPOS="212" VPOS="2029" WIDTH="1600" HEIGHT="49">
							<String ID="string_369" HPOS="212" VPOS="2033" WIDTH="81" HEIGHT="45" WC="0.83" CONTENT="rige—"/><SP WIDTH="58" VPOS="2033" HPOS="293"/>
							<String ID="string_370" HPOS="351" VPOS="2031" WIDTH="209" HEIGHT="36" WC="0.87" CONTENT="Australien"/><SP WIDTH="34" VPOS="2031" HPOS="560"/>
							<String ID="string_371" HPOS="594" VPOS="2030" WIDTH="57" HEIGHT="35" WC="0.94" CONTENT="vid"/><SP WIDTH="32" VPOS="2030" HPOS="651"/>
							<String ID="string_372" HPOS="683" VPOS="2030" WIDTH="132" HEIGHT="35" WC="0.38" CONTENT="sådant"/><SP WIDTH="30" VPOS="2030" HPOS="815"/>
							<String ID="string_373" HPOS="845" VPOS="2030" WIDTH="231" HEIGHT="35" WC="0.94" CONTENT="förhållande"/><SP WIDTH="29" VPOS="2030" HPOS="1076"/>
							<String ID="string_374" HPOS="1105" VPOS="2030" WIDTH="81" HEIGHT="36" WC="0.96" CONTENT="icke"/><SP WIDTH="24" VPOS="2030" HPOS="1186"/>
							<String ID="string_375" HPOS="1210" VPOS="2030" WIDTH="118" HEIGHT="36" WC="0.96" CONTENT="blifva"/><SP WIDTH="20" VPOS="2030" HPOS="1328"/>
							<String ID="string_376" HPOS="1348" VPOS="2031" WIDTH="231" HEIGHT="44" WC="0.94" CONTENT="erforderlig."/><SP WIDTH="49" VPOS="2031" HPOS="1579"/>
							<String ID="string_377" HPOS="1628" VPOS="2030" WIDTH="12" HEIGHT="35" WC="0.93" CONTENT="I"/><SP WIDTH="23" VPOS="2030" HPOS="1640"/>
							<String ID="string_378" HPOS="1663" VPOS="2029" WIDTH="149" HEIGHT="37" WC="0.83" CONTENT="betrak-"/>
						</TextLine>
						<TextLine ID="line_36" HPOS="214" VPOS="2061" WIDTH="1597" HEIGHT="80">
							<String ID="string_379" HPOS="214" VPOS="2061" WIDTH="111" HEIGHT="58" WC="0.95" CONTENT="tande"/><SP WIDTH="29" VPOS="2061" HPOS="325"/>
							<String ID="string_380" HPOS="354" VPOS="2085" WIDTH="40" HEIGHT="33" WC="0.61" CONTENT="at"/><SP WIDTH="25" VPOS="2085" HPOS="394"/>
							<String ID="string_381" HPOS="419" VPOS="2084" WIDTH="111" HEIGHT="33" WC="0.87" CONTENT="ofvan"/><SP WIDTH="31" VPOS="2084" HPOS="530"/>
							<String ID="string_382" HPOS="561" VPOS="2081" WIDTH="154" HEIGHT="46" WC="0.42" CONTENT="angina"/><SP WIDTH="32" VPOS="2081" HPOS="715"/>
							<String ID="string_383" HPOS="747" VPOS="2080" WIDTH="324" HEIGHT="45" WC="0.93" CONTENT="omständigheter"/><SP WIDTH="27" VPOS="2080" HPOS="1071"/>
							<String ID="string_384" HPOS="1098" VPOS="2084" WIDTH="141" HEIGHT="44" WC="0.91" CONTENT="ansåge"/><SP WIDTH="29" VPOS="2084" HPOS="1239"/>
							<String ID="string_385" HPOS="1268" VPOS="2081" WIDTH="217" HEIGHT="47" WC="0.92" CONTENT="kollegium,"/><SP WIDTH="21" VPOS="2081" HPOS="1485"/>
							<String ID="string_386" HPOS="1506" VPOS="2086" WIDTH="50" HEIGHT="30" WC="0.95" CONTENT="att"/><SP WIDTH="25" VPOS="2086" HPOS="1556"/>
							<String ID="string_387" HPOS="1581" VPOS="2082" WIDTH="61" HEIGHT="35" WC="0.96" CONTENT="det"/><SP WIDTH="20" VPOS="2082" HPOS="1642"/>
							<String ID="string_388" HPOS="1662" VPOS="2081" WIDTH="149" HEIGHT="60" WC="0.96" CONTENT="belopp,"/>
						</TextLine>
						<TextLine ID="line_37" HPOS="216" VPOS="2109" WIDTH="1594" HEIGHT="70">
							<String ID="string_389" HPOS="216" VPOS="2135" WIDTH="173" HEIGHT="36" WC="0.88" CONTENT="hvarmed"/><SP WIDTH="41" VPOS="2135" HPOS="389"/>
							<String ID="string_390" HPOS="430" VPOS="2134" WIDTH="136" HEIGHT="35" WC="0.80" CONTENT="fonden"/><SP WIDTH="44" VPOS="2134" HPOS="566"/>
							<String ID="string_391" HPOS="610" VPOS="2112" WIDTH="111" HEIGHT="54" WC="0.94" CONTENT="borde"/><SP WIDTH="34" VPOS="2112" HPOS="721"/>
							<String ID="string_392" HPOS="755" VPOS="2132" WIDTH="103" HEIGHT="38" WC="0.92" CONTENT="ökas,"/><SP WIDTH="31" VPOS="2132" HPOS="858"/>
							<String ID="string_393" HPOS="889" VPOS="2109" WIDTH="80" HEIGHT="57" WC="0.23" CONTENT="FR"/><SP WIDTH="28" VPOS="2109" HPOS="969"/>
							<String ID="string_394" HPOS="997" VPOS="2109" WIDTH="218" HEIGHT="70" WC="0.92" CONTENT="lämpligen"/><SP WIDTH="16" VPOS="2109" HPOS="1215"/>
							<String ID="string_395" HPOS="1231" VPOS="2132" WIDTH="116" HEIGHT="35" WC="0.95" CONTENT="borde"/><SP WIDTH="28" VPOS="2132" HPOS="1347"/>
							<String ID="string_396" HPOS="1375" VPOS="2132" WIDTH="228" HEIGHT="36" WC="0.96" CONTENT="bestämmas"/><SP WIDTH="29" VPOS="2132" HPOS="1603"/>
							<String ID="string_397" HPOS="1632" VPOS="2133" WIDTH="104" HEIGHT="46" WC="0.96" CONTENT="lägre"/><SP WIDTH="29" VPOS="2133" HPOS="1736"/>
							<String ID="string_398" HPOS="1765" VPOS="2136" WIDTH="45" HEIGHT="30" WC="0.96" CONTENT="än"/>
						</TextLine>
						<TextLine ID="line_38" HPOS="213" VPOS="2160" WIDTH="1601" HEIGHT="75">
							<String ID="string_399" HPOS="213" VPOS="2189" WIDTH="202" HEIGHT="46" WC="0.72" CONTENT="5,000,000"/><SP WIDTH="45" VPOS="2189" HPOS="415"/>
							<String ID="string_400" HPOS="460" VPOS="2185" WIDTH="145" HEIGHT="34" WC="0.53" CONTENT="kronor."/><SP WIDTH="61" VPOS="2185" HPOS="605"/>
							<String ID="string_401" HPOS="666" VPOS="2183" WIDTH="233" HEIGHT="35" WC="0.87" CONTENT="Beträffande"/><SP WIDTH="44" VPOS="2183" HPOS="899"/>
							<String ID="string_402" HPOS="943" VPOS="2182" WIDTH="176" HEIGHT="37" WC="0.83" CONTENT="villkoren"/><SP WIDTH="46" VPOS="2182" HPOS="1119"/>
							<String ID="string_403" HPOS="1165" VPOS="2184" WIDTH="59" HEIGHT="34" WC="0.90" CONTENT="för"/><SP WIDTH="44" VPOS="2184" HPOS="1224"/>
							<String ID="string_404" HPOS="1268" VPOS="2184" WIDTH="54" HEIGHT="34" WC="0.87" CONTENT="lån"/><SP WIDTH="45" VPOS="2184" HPOS="1322"/>
							<String ID="string_405" HPOS="1367" VPOS="2183" WIDTH="41" HEIGHT="35" WC="0.93" CONTENT="af"/><SP WIDTH="38" VPOS="2183" HPOS="1408"/>
							<String ID="string_406" HPOS="1446" VPOS="2183" WIDTH="62" HEIGHT="36" WC="0.94" CONTENT="det"/><SP WIDTH="27" VPOS="2183" HPOS="1508"/>
							<String ID="string_407" HPOS="1535" VPOS="2197" WIDTH="73" HEIGHT="35" WC="0.96" CONTENT="nya"/><SP WIDTH="29" VPOS="2197" HPOS="1608"/>
							<String ID="string_408" HPOS="1637" VPOS="2160" WIDTH="177" HEIGHT="71" WC="0.94" CONTENT="beloppet"/>
						</TextLine>
						<TextLine ID="line_39" HPOS="215" VPOS="2234" WIDTH="1598" HEIGHT="47">
							<String ID="string_409" HPOS="215" VPOS="2239" WIDTH="113" HEIGHT="36" WC="0.82" CONTENT="borde"/><SP WIDTH="41" VPOS="2239" HPOS="328"/>
							<String ID="string_410" HPOS="369" VPOS="2237" WIDTH="97" HEIGHT="44" WC="0.0" CONTENT="vålla"/><SP WIDTH="48" VPOS="2237" HPOS="466"/>
							<String ID="string_411" HPOS="514" VPOS="2234" WIDTH="92" HEIGHT="36" WC="0.90" CONTENT="hvad"/><SP WIDTH="38" VPOS="2234" HPOS="606"/>
							<String ID="string_412" HPOS="644" VPOS="2234" WIDTH="7" HEIGHT="34" WC="0.28" CONTENT="i"/><SP WIDTH="32" VPOS="2234" HPOS="651"/>
							<String ID="string_413" HPOS="683" VPOS="2234" WIDTH="135" HEIGHT="44" WC="0.74" CONTENT="nadiga"/><SP WIDTH="32" VPOS="2234" HPOS="818"/>
							<String ID="string_414" HPOS="850" VPOS="2234" WIDTH="249" HEIGHT="45" WC="0.94" CONTENT="kungörelsen"/><SP WIDTH="33" VPOS="2234" HPOS="1099"/>
							<String ID="string_415" HPOS="1132" VPOS="2236" WIDTH="41" HEIGHT="34" WC="0.67" CONTENT="af"/><SP WIDTH="25" VPOS="2236" HPOS="1173"/>
							<String ID="string_416" HPOS="1198" VPOS="2235" WIDTH="68" HEIGHT="35" WC="0.95" CONTENT="den"/><SP WIDTH="41" VPOS="2235" HPOS="1266"/>
							<String ID="string_417" HPOS="1307" VPOS="2236" WIDTH="39" HEIGHT="33" WC="0.95" CONTENT="18"/><SP WIDTH="30" VPOS="2236" HPOS="1346"/>
							<String ID="string_418" HPOS="1376" VPOS="2235" WIDTH="196" HEIGHT="36" WC="0.95" CONTENT="december"/><SP WIDTH="30" VPOS="2235" HPOS="1572"/>
							<String ID="string_419" HPOS="1602" VPOS="2237" WIDTH="96" HEIGHT="33" WC="0.93" CONTENT="1903"/><SP WIDTH="30" VPOS="2237" HPOS="1698"/>
							<String ID="string_420" HPOS="1728" VPOS="2234" WIDTH="85" HEIGHT="35" WC="0.91" CONTENT="fun-"/>
						</TextLine>
						<TextLine ID="line_40" HPOS="215" VPOS="2284" WIDTH="1594" HEIGHT="49">
							<String ID="string_421" HPOS="215" VPOS="2304" WIDTH="64" HEIGHT="22" WC="0.87" CONTENT="nes"/><SP WIDTH="29" VPOS="2304" HPOS="279"/>
							<String ID="string_422" HPOS="308" VPOS="2288" WIDTH="249" HEIGHT="38" WC="0.67" CONTENT="föreskrifvet."/><SP WIDTH="50" VPOS="2288" HPOS="557"/>
							<String ID="string_423" HPOS="607" VPOS="2285" WIDTH="97" HEIGHT="35" WC="0.76" CONTENT="Dock"/><SP WIDTH="23" VPOS="2285" HPOS="704"/>
							<String ID="string_424" HPOS="727" VPOS="2291" WIDTH="128" HEIGHT="42" WC="0.0" CONTENT="syntes"/><SP WIDTH="29" VPOS="2291" HPOS="855"/>
							<String ID="string_425" HPOS="884" VPOS="2284" WIDTH="182" HEIGHT="47" WC="0.95" CONTENT="därjämte"/><SP WIDTH="31" VPOS="2284" HPOS="1066"/>
							<String ID="string_426" HPOS="1097" VPOS="2287" WIDTH="87" HEIGHT="34" WC="0.93" CONTENT="böra"/><SP WIDTH="31" VPOS="2287" HPOS="1184"/>
							<String ID="string_427" HPOS="1215" VPOS="2285" WIDTH="190" HEIGHT="36" WC="0.94" CONTENT="meddelas"/><SP WIDTH="29" VPOS="2285" HPOS="1405"/>
							<String ID="string_428" HPOS="1434" VPOS="2286" WIDTH="191" HEIGHT="37" WC="0.79" CONTENT="föreskrift"/><SP WIDTH="30" VPOS="2286" HPOS="1625"/>
							<String ID="string_429" HPOS="1655" VPOS="2299" WIDTH="59" HEIGHT="22" WC="0.93" CONTENT="om"/><SP WIDTH="27" VPOS="2299" HPOS="1714"/>
							<String ID="string_430" HPOS="1741" VPOS="2285" WIDTH="68" HEIGHT="36" WC="0.93" CONTENT="den"/>
						</TextLine>
					</TextBlock>
				</ComposedBlock>
				<GraphicalElement ID="cblock_2" HPOS="297" VPOS="2054" WIDTH="48" HEIGHT="3"></GraphicalElement >
				<ComposedBlock ID="cblock_3" HPOS="1843" VPOS="280" WIDTH="205" HEIGHT="66">
					<TextBlock ID="block_2" HPOS="1843" VPOS="280" WIDTH="205" HEIGHT="66">
						<TextLine ID="line_41" HPOS="1861" VPOS="280" WIDTH="170" HEIGHT="23">
							<String ID="string_431" HPOS="1861" VPOS="280" WIDTH="170" HEIGHT="23" WC="0.0" CONTENT="Kopanerskoi-"/>
						</TextLine>
						<TextLine ID="line_42" HPOS="1843" VPOS="311" WIDTH="205" HEIGHT="35">
							<String ID="string_432" HPOS="1843" VPOS="315" WIDTH="57" HEIGHT="31" WC="0.50" CONTENT="legå"/><SP WIDTH="16" VPOS="315" HPOS="1900"/>
							<String ID="string_433" HPOS="1916" VPOS="311" WIDTH="132" HEIGHT="27" WC="0.31" CONTENT="utlåtande."/>
						</TextLine>
					</TextBlock>
				</ComposedBlock>
			</PrintSpace>
		</Page>
	</Layout>
</alto>
