1892 2780
242 163 62 30 100
657 162 119 29 Andra
795 161 247 40 lagutskottets
1061 160 181 30 utlåtande
1260 169 44 20 nr
1329 159 52 30 44.

957 244 41 30 34
1024 244 28 36 38.

245 297 171 29 Gällande
438 298 80 30 rätt.

293 363 118 40 Enligt
432 363 229 39 lagrummets
684 363 112 30 första
818 363 120 39 stycke
959 363 11 29 i
992 363 79 29 dess
1094 362 160 39 gällande
1277 361 130 39 lydelse
1430 362 81 38 äger
1533 361 150 39 sjöman,
1706 360 62 29 vil-

248 414 70 30 ken
337 414 172 30 avskedas
529 415 86 28 utan
635 415 50 28 att
704 414 77 29 skäl
802 422 75 20 som
895 412 11 29 i
925 413 41 29 32
987 413 82 29 eller
1089 412 40 30 33
1152 411 15 37 $
1190 413 78 38 sägs
1289 411 119 30 därtill
1427 411 177 33 föranlett,
1624 412 70 28 rätt
1713 410 54 29 till

242 463 200 41 ersättning
465 464 56 30 för
544 464 67 29 den
634 463 128 30 förlust
784 463 72 29 han
879 462 204 40 därigenom
1106 462 97 30 lider.
1228 463 13 29 I
1266 462 111 29 andra
1400 461 137 39 stycket
1560 461 137 29 lämnas
1721 469 43 21 en

247 514 195 39 hjälpregel
464 514 55 30 för
539 515 58 29 det
618 514 60 29 fall
699 515 50 28 att
770 513 188 39 utredning
979 522 57 20 om
1057 512 174 30 förlusten
1251 511 76 30 icke
1348 512 71 29 kan
1440 510 229 39 förebringas.
1693 511 75 38 Sjö-

248 574 85 21 man
356 574 41 21 av
418 564 247 39 befälsgraden
687 564 67 29 blir
777 563 45 30 då
843 562 195 39 berättigad
1061 562 52 30 till
1137 562 57 29 två
1217 561 187 30 månaders
1428 562 88 38 hyra
1540 561 64 29 och
1628 561 140 39 sjöman

246 625 46 20 av
314 615 327 39 manskapsgraden
663 614 52 30 till
737 623 44 20 en
802 613 148 30 månads
973 613 98 39 hyra,
1095 613 61 29 allt
1176 613 111 39 jämte
1311 612 45 29 fri
1379 621 77 20 resa
1479 612 79 29 med
1581 611 187 30 underhåll

248 666 54 29 till
323 666 67 29 den
409 668 55 27 ort
484 666 63 29 där
566 665 157 39 tjänsten
742 664 185 39 rätteligen
948 663 113 30 skulle
1081 663 199 30 frånträtts.

246 749 395 41 Sjömanskommittén.

292 816 116 30 Under
430 815 220 39 åberopande
673 824 43 20 av
737 815 41 30 de
802 815 76 30 skäl
902 824 74 21 som
998 813 136 30 anförts
1157 813 111 30 under
1290 812 18 30 3
1333 812 15 37 $
1374 812 148 30 föreslår
1545 811 222 33 kommittén,

247 868 56 28 att
328 866 242 39 ersättningen
595 866 57 30 vid
677 865 331 38 kontraktsstridigt
1033 864 131 30 avsked
1189 863 109 39 enligt
1328 862 41 31 34
1398 862 15 37 $
1443 862 100 30 alltid
1569 862 90 30 skall
1685 861 85 39 utgå

248 917 84 29 med
351 916 308 40 standardbelopp.

295 968 13 28 I
329 967 99 39 fråga
448 976 57 21 om
525 967 179 39 beloppets
725 966 132 29 storlek
877 974 102 21 anser
999 964 221 34 kommittén,
1241 965 51 29 att
1312 963 193 30 åtskillnad
1525 963 129 30 mellan
1675 962 94 30 olika

247 1025 156 32 grupper
424 1027 41 20 av
486 1017 142 39 sjömän
648 1016 76 30 icke
744 1017 63 29 bör
829 1017 110 38 göras.
961 1014 218 31 Kommittén
1200 1014 162 30 förordar
1385 1013 130 33 därför,
1538 1015 51 28 att
1610 1013 67 30 alla
1699 1012 70 39 sjö-

250 1069 84 29 män
359 1068 99 30 skola
482 1069 65 38 äga
569 1068 71 29 rätt
664 1067 52 29 till
740 1067 88 38 hyra
852 1066 55 30 för
930 1066 58 29 två
1012 1065 168 30 månader
1205 1065 82 29 eller
1312 1064 149 30 sålunda
1486 1073 136 20 samma
1647 1064 120 28 ersätt-

249 1119 88 39 ning
364 1127 75 21 som
466 1118 109 39 enligt
601 1117 230 30 kommitténs
859 1115 132 41 förslag
1017 1116 59 29 må
1103 1116 102 38 högst
1234 1115 84 39 utgå
1345 1114 118 30 såsom
1491 1114 184 39 sjukhyra.
1704 1113 66 29 Det

249 1168 114 31 måste
384 1178 102 21 anses
508 1177 86 21 vara
614 1169 11 29 i
647 1166 349 31 överensstämmelse
1018 1167 80 29 med
1119 1166 223 39 billighetens
1365 1165 87 29 krav
1474 1166 51 30 att
1547 1164 112 39 skälig
1683 1165 87 37 gott-

249 1219 136 39 görelse
405 1218 138 31 lämnas
566 1219 67 29 den
654 1218 141 39 sjöman
816 1226 76 21 som
911 1234 45 4 —
975 1218 87 28 utan
1083 1217 51 29 att
1155 1216 92 39 själv
1266 1216 46 29 ha
1335 1214 84 40 givit
1440 1214 190 39 anledning
1651 1213 118 30 därtill

246 1288 49 4 —
319 1280 43 21 av
388 1270 261 39 arbetsgivaren
675 1269 139 39 tvingas
840 1268 119 30 lämna
985 1267 159 40 tjänsten
1170 1266 113 30 under
1311 1266 111 30 andra
1448 1264 249 31 förhållanden
1724 1265 46 29 än

250 1320 74 30 han
341 1320 78 29 haft
438 1321 51 28 att
508 1319 113 30 räkna
639 1319 90 29 med.

297 1370 65 30 Det
387 1370 57 30 må
468 1371 151 28 nämnas
645 1371 50 28 att
720 1367 436 41 Köpenhamns-utkasten
1179 1366 147 30 behållit
1351 1366 68 29 den
1444 1365 204 30 nuvarande
1674 1364 97 29 skill-

251 1421 117 29 naden
388 1420 130 30 mellan
539 1420 141 39 sjömän
700 1429 43 20 av
762 1418 246 39 befälsgraden
1027 1418 68 29 och
1116 1417 118 39 övriga
1255 1416 151 39 sjömän.

297 1471 394 29 Kommittéledamoten
710 1468 90 30 Böös
822 1469 70 30 kan
914 1468 76 30 icke
1009 1468 140 30 biträda
1169 1466 230 31 kommitténs
1421 1466 142 39 förslag,
1585 1465 105 30 såvitt
1711 1474 60 20 an-

251 1521 62 40 går
337 1521 230 30 föreskriften
590 1522 51 29 att
663 1521 68 29 alla
755 1519 141 40 sjömän
920 1518 99 31 skola
1041 1527 84 20 vara
1148 1516 216 40 berättigade
1388 1517 52 29 till
1465 1515 195 40 ersättning
1683 1516 88 28 mot-

251 1572 174 30 svarande
443 1572 58 30 två
519 1571 185 30 månaders
723 1571 99 38 hyra.
842 1569 59 30 Att
918 1569 45 40 på
981 1570 95 29 detta
1096 1569 68 29 sätt
1183 1568 156 29 likställa
1356 1567 96 30 olika
1470 1575 152 31 grupper
1641 1574 42 21 av
1701 1565 71 39 sjö-

250 1624 86 29 män
357 1624 39 29 är
415 1622 179 30 måhända
614 1621 122 39 riktigt
756 1622 66 28 när
842 1621 57 29 det
920 1620 106 39 gäller
1047 1628 26 21 s.
1095 1619 32 29 k.
1149 1618 129 30 sociala
1298 1617 192 34 förmåner,
1511 1618 23 28 t.
1556 1626 50 20 ex.
1628 1617 69 29 rätt
1719 1616 52 29 till

249 1673 188 38 sjukhyra.
459 1671 285 30 Föreskrifterna
764 1672 11 29 i
798 1670 42 31 34
864 1670 15 36 $
904 1670 157 29 däremot
1082 1668 175 30 innefatta
1279 1677 43 20 en
1343 1677 63 20 ren
1428 1666 343 39 skadeståndsregle-

251 1725 90 38 ring,
361 1723 225 30 beträffande
605 1722 117 30 vilken
742 1721 72 30 lika
835 1720 74 30 litet
929 1729 75 21 som
1024 1720 11 29 i
1055 1719 100 39 fråga
1175 1728 57 20 om
1252 1718 261 30 löneförmåner
1533 1717 128 30 sociala
1681 1717 91 38 jäm-

251 1774 221 29 likhetskrav
494 1773 123 30 kunna
640 1772 180 39 åberopas.
844 1771 116 39 Enligt
983 1771 243 29 reservantens
1249 1768 143 39 mening
1414 1768 118 29 finnes
1555 1767 30 39 ej
1612 1767 76 30 skäl
1711 1776 61 21 an-

252 1825 90 38 taga,
368 1826 49 28 att
442 1823 240 38 ersättningen
705 1822 36 29 åt
765 1822 140 38 sjöman
929 1830 42 20 av
994 1820 327 39 manskapsgraden
1345 1818 107 40 enligt
1476 1819 67 29 den
1567 1818 204 29 nuvarande

252 1875 221 39 hjälpregeln
491 1875 11 29 i
521 1873 41 30 34
583 1873 15 36 $
620 1873 111 30 skulle
750 1882 84 20 vara
853 1872 54 29 för
925 1871 65 39 låg.
1010 1871 48 29 På
1077 1871 112 39 grund
1209 1879 43 20 av
1269 1870 67 29 vad
1356 1869 149 29 sålunda
1525 1868 135 29 anförts
1682 1868 90 29 före-

252 1925 73 30 slår
344 1926 234 32 reservanten,
599 1925 50 28 att
668 1921 412 39 standardersättningen
1099 1921 212 29 bestämmes
1330 1920 53 29 till
1401 1919 58 30 två
1477 1918 187 30 månaders
1683 1918 88 39 hyra

253 1976 56 30 för
331 1975 139 39 sjömän
492 1984 43 20 av
555 1974 246 38 befälsgraden
823 1973 64 28 och
908 1982 43 19 en
971 1971 149 30 månads
1141 1971 88 39 hyra
1251 1970 55 29 för
1328 1979 118 20 annan
1467 1969 151 39 sjöman.

302 2025 436 30 Kommittéledamöterna
755 2022 189 30 Forssblad
961 2023 65 29 och
1043 2020 249 30 Reuterskiöld
1308 2020 96 39 vilja,
1423 2020 116 30 såsom
1557 2017 157 40 framgår
1732 2026 42 22 av

217 2078 106 34 vad
342 2077 112 29 under
472 2076 19 29 3
513 2075 15 37 8
549 2075 146 33 anförts,
715 2073 139 31 behålla
872 2072 41 31 34
933 2072 15 37 $
968 2074 11 30 i
999 2072 79 30 dess
1096 2071 205 30 nuvarande
1321 2070 140 40 lydelse.

253 2160 379 29 Remissinstanserna.

300 2227 76 29 Vad
393 2226 108 39 angår
519 2226 126 38 frågan
662 2224 177 30 huruvida
856 2223 42 30 34
918 2222 14 37 $
952 2222 90 30 skall
1060 2223 154 39 upptaga
1236 2231 43 19 en
1296 2220 246 30 bestämmelse
1560 2228 57 20 om
1647 2220 126 29 stan-

254 2275 419 37 dardersättning
705 2275 125 29 eller
862 2273 41 37 ej
939 2273 119 38 intaga
1079 2273 41 29 de
1141 2272 111 30 hörda
1274 2271 293 39 myndigheterna
1588 2270 65 29 och
1675 2277 98 31 orga-

255 2327 243 31 nisationerna
526 2335 137 21 samma
688 2324 222 40 ståndpunkt
935 2332 76 21 som
1035 2323 54 30 till
1114 2322 249 30 motsvarande
1388 2321 247 29 bestämmelse
1659 2320 12 29 i
1696 2319 19 30 3
1744 2319 28 36 $.

300 2377 230 30 Beträffande
572 2373 616 39 standardersättningens
1230 2371 188 30 storlek
1458 2380 84 20 anse
1574 2370 200 30 maskinbe-

253 2428 264 39 fälsförbundet
537 2427 65 30 och
621 2424 345 41 sjöfolksförbundet
984 2442 45 3 —
1048 2424 79 29 med
1147 2422 261 31 instämmande
1430 2431 41 20 av
1491 2420 283 39 landsorganisa-

255 2479 119 30 tionen
392 2497 44 2 —
454 2480 51 28 att
524 2476 229 31 kommitténs
774 2476 132 38 förslag
925 2475 62 29 bör
1007 2475 177 39 godtagas.
