1898 2784
512 167 119 30 Andra
650 168 250 38 lagutskottets
919 168 181 30 utlåtande
1117 177 45 21 nr
1187 168 51 29 44.
1619 170 18 29 3

339 252 186 35 (Gällande
546 251 90 40 lag:)

161 320 73 30 Vad
255 329 48 20 nu
324 320 40 29 är
384 319 141 39 stadgat
545 319 82 39 äger
647 318 35 40 ej
704 319 153 39 tillämp-

112 361 96 39 ning,
236 362 64 29 där
327 361 249 40 befälhavaren
603 370 125 30 genom
756 362 101 38 grovt

115 403 160 30 vållande
297 403 139 40 ådragit
458 403 54 40 sig
534 403 214 40 sjukdomen
773 403 84 30 eller

113 445 148 37 skadan,
294 445 84 31 eller
409 445 65 31 där
503 446 71 30 han
605 446 154 39 förtegat
788 445 67 30 den

115 488 57 30 vid
190 488 176 39 tjänstens
384 488 216 39 antagande;
619 488 11 30 i
645 488 129 30 sådant
791 487 66 41 fall

113 530 40 29 är
185 529 250 40 befälhavaren
467 530 76 30 icke
575 530 197 39 berättigad
804 530 53 30 till

112 571 89 39 hyra
224 572 58 39 för
305 572 120 39 längre
451 573 50 31 tid
524 573 45 29 än
593 572 71 30 han
687 573 168 40 förrättat

114 614 167 39 tjänsten.

449 674 18 30 5
493 673 28 37 8.

158 723 181 31 Avskedas
361 723 226 31 befälhavare
608 723 46 41 på
676 724 115 39 grund
814 733 42 21 av

112 765 214 40 oduglighet,
350 765 204 40 oredlighet,
579 767 98 39 grovt
700 766 49 29 fel
771 766 84 30 eller

113 815 84 31 grov
220 807 249 31 försummelse
493 808 12 30 i
528 808 168 39 tjänsten,
722 809 39 29 är
783 808 72 29 han

112 849 77 30 icke
218 849 198 40 berättigad
446 849 53 31 till
528 850 88 39 hyra
647 850 56 30 för
733 851 121 39 längre

112 891 51 31 tid
184 893 46 29 än
251 892 73 30 han
346 892 166 30 förrättat
533 892 168 39 tjänsten.

445 951 19 30 6
491 950 28 37 8.

157 1000 67 31 Går
246 1000 153 40 fartyget
419 1001 54 30 till
493 1001 92 39 följd
605 1010 43 21 av
670 1001 184 40 sjöolycka

112 1041 158 36 förlorat,
292 1043 83 30 eller
395 1042 178 40 förklaras
595 1044 57 29 det
672 1044 91 39 efter
783 1043 72 40 sjö-

111 1083 124 40 olycka
261 1084 76 30 icke
365 1094 82 20 vara
474 1085 265 39 iståndsättligt,
766 1095 89 31 upp-

111 1127 65 29 hör
191 1126 266 39 tjänsteavtalet
474 1129 51 28 att
542 1128 101 39 gälla,
660 1129 64 29 där
741 1128 31 40 ej
793 1138 60 20 an-

111 1170 61 28 nat
196 1168 106 40 följer
326 1177 43 22 av
392 1170 148 29 avtalets
563 1170 173 36 innehåll;
763 1170 91 30 dock

111 1210 131 40 åligger
260 1212 58 29 det
335 1211 253 31 befälhavaren
605 1214 51 28 att
673 1214 74 28 mot
763 1212 90 40 hyra

109 1253 65 29 och
191 1253 188 30 underhåll
393 1254 94 30 bliva
503 1254 172 30 tillstädes
692 1255 67 29 och
775 1256 78 29 ord-

111 1303 46 22 na
181 1296 42 29 de
248 1295 303 40 angelägenheter,
578 1305 76 21 som
677 1297 82 30 röra
783 1297 71 30 far-

111 1338 94 38 tyget
225 1338 66 28 och
311 1338 123 29 lasten.

157 1463 67 30 Om
241 1463 271 31 befälhavarens
529 1465 70 29 rätt
616 1465 53 30 till
687 1465 89 39 hyra
795 1465 58 30 vid

111 1505 242 35 arbetslöshet,
393 1506 54 29 till
486 1506 47 30 fri
571 1507 162 30 hemresa
772 1508 81 29 med

112 1547 89 39 hyra
219 1548 66 29 och
307 1548 188 30 underhåll
512 1548 110 30 under
639 1557 102 22 resan
759 1551 93 29 samt

111 1589 53 30 till
191 1590 196 39 ersättning
412 1591 58 39 för
495 1590 177 40 förlorade
700 1592 153 39 effekter

110 1632 108 38 gäller
241 1633 67 29 vad
332 1634 11 28 i
368 1633 39 30 41
435 1632 15 37 8
476 1634 39 29 är
539 1634 138 39 stadgat
701 1634 56 30 för
783 1634 69 40 sjö-

110 1682 93 21 man.

443 1734 72 37 78.

156 1783 64 29 Om
241 1783 88 39 hyra
350 1784 57 30 vid
424 1785 162 39 dödsfall,
607 1795 55 20 om
684 1786 84 30 vård
786 1786 64 30 och

108 1823 48 39 fri
172 1825 162 30 hemresa
353 1825 56 30 vid
425 1826 168 39 sjukdom
610 1830 94 27 samt
721 1838 56 19 om
796 1829 54 29 be-

109 1866 172 39 gravning
300 1867 93 30 skall
412 1869 66 29 vad
498 1869 11 28 i
527 1869 51 35 24,
598 1870 42 28 28
660 1870 65 29 och
746 1871 42 29 30
808 1869 44 37 $$

109 1907 39 30 är
176 1909 141 38 stadgat
346 1909 57 39 för
432 1909 141 39 sjöman
604 1911 63 38 äga
699 1913 152 29 motsva-

109 1950 108 29 rande
242 1951 233 39 tillämpning.

441 2421 18 29 8
486 2420 27 36 8.

151 2468 165 39 Åtnjuter
333 2470 249 30 befälhavaren
601 2472 102 29 andel
720 2482 42 20 av
780 2473 69 30 far-

109 2512 111 37 tygets
240 2511 95 30 frakt
359 2512 185 39 (kaplake)
568 2514 81 29 eller
668 2523 42 20 av
728 2524 120 20 annan

1027 256 143 38 (Kungl.
1194 257 122 37 Maj:ts
1340 258 163 38 förslag:)

893 318 71 30 han
988 318 57 31 vid
1068 319 175 39 tjänstens
1264 321 198 38 antagande
1483 321 153 39 förtegat

893 360 215 39 sjukdomen
1129 361 84 31 eller
1230 362 147 37 skadan,
1397 363 40 30 är
1455 363 71 30 han
1546 363 91 30 dock

895 402 35 40 ej
959 403 196 39 berättigad
1185 403 52 30 till
1266 404 57 31 lön
1352 404 58 40 för
1438 405 119 39 längre
1586 406 51 30 tid

894 443 45 30 än
972 444 72 30 han
1075 444 168 39 förrättat
1276 445 167 40 tjänsten.
1474 447 161 29 Detsam-

895 495 57 21 ma
981 486 119 39 gäller,
1130 489 98 28 utom
1258 489 107 29 såvitt
1393 489 110 39 angår
1532 489 104 31 köns-

895 529 180 39 sjukdom,
1103 530 64 30 där
1191 531 73 29 han
1291 531 138 40 ådragit
1457 531 54 40 sig
1537 532 100 40 sjuk-

895 572 127 30 domen
1045 572 84 30 eller
1149 573 137 30 skadan
1309 573 222 40 uppsåtligen
1553 574 84 30 eller

895 623 125 30 genom
1045 617 101 36 grovt
1171 615 171 32 vållande.

1228 675 19 29 5
1274 673 28 37 8.

940 722 180 31 Avskedas
1154 724 254 31 befälhavaren
1441 726 46 40 på
1521 727 113 38 grund

895 773 42 20 av
969 765 214 39 oduglighet,
1218 766 204 40 oredlighet,
1457 770 99 37 grovt
1587 768 48 30 fel

894 806 83 30 eller
999 815 83 31 grov
1103 807 249 31 försummelse
1371 809 12 29 i
1404 809 169 40 tjänsten,
1596 812 38 29 är

896 848 72 30 han
986 849 78 30 icke
1080 849 198 40 berättigad
1296 851 53 30 till
1367 851 57 31 lön
1442 852 56 30 för
1515 852 119 40 längre

893 890 51 31 tid
971 892 45 30 än
1039 892 72 30 han
1137 892 166 31 förrättat
1329 894 168 39 tjänsten.

1228 952 18 29 6
1273 951 28 37 8.

938 999 67 30 Går
1026 1000 153 40 fartyget
1200 1001 54 30 till
1276 1002 90 40 följd
1388 1012 42 21 av
1452 1004 182 39 sjöolycka

894 1041 149 31 förlorat
1072 1043 83 30 eller
1185 1044 153 30 drabbas
1368 1045 59 30 det
1454 1055 44 21 av
1525 1049 110 28 annat

892 1083 132 38 haveri,
1059 1093 75 21 som
1171 1085 71 30 kan
1266 1088 147 38 antagas
1435 1088 59 39 för
1516 1097 42 21 en
1584 1089 49 30 tid

889 1134 43 21 av
945 1126 161 30 minsten
1119 1128 134 30 månad
1263 1129 231 40 omöjliggöra
1509 1131 126 39 tjänst-

892 1168 125 40 göring
1036 1170 156 37 ombord,
1212 1172 141 39 upphör
1370 1172 266 39 tjänsteavtalet

893 1211 51 29 att
965 1211 101 39 gälla,
1086 1212 64 30 där
1170 1212 31 40 ej
1223 1216 111 27 annat
1353 1214 106 40 följer
1478 1225 43 20 av
1540 1218 94 28 avta-

894 1253 64 29 lets
973 1253 170 36 innehåll;
1161 1254 90 31 dock
1266 1255 129 39 åligger
1409 1257 56 30 det
1479 1257 156 32 befälha-

893 1304 107 26 varen
1018 1298 51 27 att
1086 1298 74 28 mot
1178 1297 57 30 lön
1254 1299 66 29 och
1338 1299 187 31 underhåll
1541 1301 93 31 bliva

890 1337 171 31 tillstädes
1074 1339 64 29 och
1152 1340 112 30 ordna
1277 1341 42 29 de
1331 1342 302 39 angelägenheter,

893 1388 76 21 som
990 1381 82 29 röra
1093 1381 163 40 fartyget,
1278 1383 114 30 lasten
1413 1385 65 29 och
1499 1385 41 29 de
1562 1395 72 20 om-

894 1421 253 32 bordvarande.

941 1463 65 30 Om
1030 1465 272 32 befälhavarens
1325 1468 71 29 rätt
1418 1468 54 30 till
1495 1469 58 31 lön
1575 1470 58 30 vid

891 1505 234 32 arbetslöshet
1162 1511 94 28 samt
1294 1510 54 29 till
1387 1510 46 30 fri
1471 1512 162 30 hemresa

891 1548 80 29 med
998 1548 58 30 lön
1083 1550 65 29 och
1175 1551 189 31 underhåll
1390 1554 113 29 under
1529 1564 104 21 resan

892 1589 107 39 gäller
1022 1592 68 29 vad
1114 1591 10 29 i
1148 1592 39 30 41
1216 1592 15 37 $
1258 1594 38 29 är
1322 1595 138 39 stadgat
1484 1595 56 31 för
1564 1597 69 39 sjö-

891 1640 93 21 man.

1226 1736 72 37 78.

934 1784 230 40 Beträffande
1186 1787 250 39 befälhavaren
1455 1790 94 30 skall
1566 1791 66 39 föl-

890 1826 108 39 jande
1024 1828 65 38 äga
1114 1830 249 31 motsvarande
1391 1831 239 42 tillämpning:

936 1867 27 29 1.
991 1876 56 21 om
1073 1868 49 39 fri
1147 1870 162 31 hemresa
1337 1873 82 29 med
1446 1875 186 30 underhåll

890 1907 89 39 efter
1009 1910 118 38 längre
1158 1911 68 30 tids
1258 1912 237 42 tjänstgöring
1526 1917 66 30 vad
1621 1918 11 28 i

890 1950 41 29 26
960 1949 21 36 $
1008 1951 152 39 stadgas,
1189 1954 152 39 såframt
1368 1956 70 30 han
1470 1958 75 30 icke
1574 1968 57 21 av-

889 1991 144 31 skedats
1059 1993 144 39 jämlikt
1230 1997 19 28 5
1274 1996 38 38 $;

934 2034 29 28 2.
991 2043 55 21 om
1078 2036 85 30 vård
1190 2038 65 29 och
1283 2038 48 39 fri
1359 2039 161 32 hemresa
1551 2043 81 29 med

894 2076 189 31 underhåll
1118 2078 58 31 vid
1211 2079 168 40 sjukdom
1418 2084 67 29 vad
1510 2084 11 29 i
1544 2085 43 29 28
1611 2085 21 36 $

889 2118 159 38 stadgas;

933 2160 30 28 3.
990 2169 56 21 om
1068 2161 57 30 lön
1148 2163 58 30 vid
1226 2164 163 39 dödsfall,
1411 2176 55 20 om
1490 2168 141 38 begrav-

889 2199 85 39 ning
1018 2202 64 29 och
1129 2203 263 40 eldbegängelse
1437 2211 93 27 samt
1572 2220 56 20 om

889 2241 275 42 kvarlåtenskap
1185 2247 67 29 vad
1271 2248 11 28 i
1302 2249 51 35 24,
1376 2250 42 28 29
1440 2251 64 28 och
1525 2252 42 29 30
1587 2252 44 36 $$

888 2283 159 38 stadgas;
1073 2289 93 27 samt

933 2325 29 28 4.
989 2335 56 20 om
1064 2328 196 39 ersättning
1275 2330 58 39 för
1348 2331 130 39 förlust
1495 2343 42 20 av
1553 2344 77 29 per-

888 2366 113 39 sonlig
1029 2369 168 37 egendom
1227 2372 67 29 vad
1320 2373 10 28 i
1358 2373 42 30 42
1428 2374 21 35 $
1475 2372 153 47 stadgas.

1221 2429 19 29 8
1267 2429 28 36 8.

932 2474 165 40 Åtnjuter
1113 2477 251 33 befälhavaren
1381 2484 102 29 andel
1502 2494 42 20 av
1561 2485 69 30 far-

891 2517 109 38 tygets
1035 2517 94 31 frakt
1166 2520 186 40 (kaplake)
1390 2524 83 30 eller
1504 2535 42 20 av
1579 2537 50 20 er-
