1894 2786
486 161 118 29 Andra
631 161 248 38 lagutskottets
907 161 180 30 utlåtande
1114 171 42 20 nr
1178 161 51 31 44.
1588 162 31 30 17

310 245 186 36 (Gällande
528 246 91 39 lag:)

101 312 106 40 utgift
231 313 55 29 för
312 313 148 30 redaren
483 314 109 28 sätter
615 320 120 22 annan
759 312 85 38 dug-

100 355 47 40 lig
167 364 84 21 man
252 350 22 49 i
305 354 62 31 sitt
388 355 111 31 ställe.

144 440 15 29 I
181 438 74 41 fall,
278 448 77 21 som
379 448 48 20 nu
450 439 155 36 nämnts,
629 438 103 39 utgår
753 438 89 39 hyra

98 480 58 40 för
176 481 67 30 den
267 481 51 30 tid
338 480 213 40 sjömannen
575 481 89 29 varit
686 481 11 29 i
719 480 122 40 tjänst.

424 540 41 30 36
490 539 28 37 8.

148 590 114 31 Råder
285 590 12 30 i
321 590 120 34 hamn,
465 590 55 30 till
545 589 119 31 vilken
689 589 153 40 fartyget

99 633 39 29 är
175 632 164 35 bestämt,
379 633 183 30 elakartad
602 632 122 34 farsot,
764 641 77 21 som

101 674 124 32 vunnit
255 675 114 30 större
402 675 222 38 utbredning,
658 676 82 38 äger
772 674 70 41 sjö-

100 726 92 25 man,
215 717 151 30 såframt
388 718 96 29 detta
504 717 152 29 kommit
676 717 54 30 till
751 716 90 30 hans

99 759 203 30 kännedom
328 759 90 31 först
444 759 89 30 efter
560 759 58 30 det
645 759 72 29 han
744 760 99 28 anta-

99 801 77 39 gits,
216 803 71 28 rätt
328 803 52 28 att
420 801 134 30 erhålla
583 801 257 40 entledigande,

97 843 218 31 omedelbart
340 853 58 20 om
420 853 104 20 resan
548 843 31 39 ej
606 843 128 39 börjat,
760 852 82 20 men

98 885 102 39 eljest
219 886 11 29 i
249 886 113 29 första
382 886 119 33 hamn,
523 894 76 21 som
614 885 152 40 fartyget
780 894 61 21 an-

98 927 107 40 löper,
228 927 89 30 efter
340 928 57 30 det
419 928 72 29 han
513 927 140 30 erhållit
674 927 166 39 kunskap

98 978 58 21 om
179 969 249 31 förhållandet.
450 970 15 29 I
486 978 48 21 nu
554 970 126 29 nämnt
701 969 66 39 fall
789 971 53 28 ut-

97 1011 63 38 går
177 1012 88 39 hyra
284 1012 58 39 för
361 1012 66 29 den
449 1012 50 29 tid
518 1011 213 39 sjömannen
751 1011 90 30 varit

98 1054 11 28 i
128 1053 120 39 tjänst.

141 1096 144 30 Samma
311 1096 57 39 lag
393 1105 90 27 vare,
509 1096 64 30 där
596 1096 79 30 fara
700 1096 140 39 förelig-

97 1146 58 31 ger
177 1138 55 30 för
254 1139 52 29 att
330 1138 151 39 fartyget
506 1138 91 29 skall
621 1138 218 39 uppbringas

96 1188 42 21 av
153 1179 230 40 krigförande
399 1181 100 29 makt
515 1180 84 30 eller
615 1181 152 29 utsättas
784 1180 56 30 för

96 1221 222 40 krigsskada,
351 1222 84 30 eller
466 1223 64 29 där
561 1222 88 34 fara,
682 1231 77 21 som
790 1231 48 21 nu

97 1265 104 38 sagts,
225 1264 190 40 väsentligt
437 1265 114 29 ökats.

421 1323 40 31 37
487 1322 27 37 $.

142 1373 46 30 Är
221 1373 143 39 sjöman
399 1375 152 38 antagen
586 1373 55 30 för
675 1373 163 31 bestämd

98 1425 88 25 resa,
202 1416 65 29 och
283 1416 126 29 varder
421 1416 116 30 denna
553 1415 187 40 väsentligt
753 1416 88 31 änd-

96 1458 73 36 rad,
196 1459 81 38 äger
303 1458 72 29 han
400 1459 70 28 rätt
495 1459 51 28 att
572 1458 133 30 erhålla
731 1458 108 29 entle-

96 1500 160 38 digande,
277 1500 216 30 omedelbart
512 1509 58 20 om
588 1509 103 20 resan
710 1500 30 39 ej
761 1500 78 29 bör-

95 1542 63 38 jat,
188 1551 82 20 men
300 1542 103 39 eljest
431 1542 12 29 i
472 1542 112 31 första
612 1542 120 34 hamn,
762 1551 77 20 som

96 1583 151 40 fartyget
269 1584 155 39 anlöper,
447 1584 88 30 efter
555 1584 58 30 det
633 1584 71 30 han
723 1584 115 30 erhål-

96 1625 39 31 lit
157 1626 166 39 kunskap
344 1635 58 20 om
424 1626 265 39 förändringen.

141 1668 156 38 Sjöman,
327 1677 77 20 som
431 1668 45 39 på
504 1669 114 38 grund
646 1677 42 21 av
715 1677 123 21 resans

95 1709 209 40 förändring
328 1710 106 38 avgår
458 1710 81 29 från
562 1710 170 39 tjänsten,
756 1711 83 38 äger

94 1751 71 30 rätt
203 1751 53 30 till
294 1751 197 39 ersättning
528 1752 58 39 för
613 1752 66 30 den
707 1752 131 39 förlust

94 1792 71 30 han
195 1793 205 39 därigenom
432 1793 96 36 lider,
558 1793 91 30 dock
678 1794 76 29 icke
785 1795 53 28 ut-

98 1836 83 29 över
196 1835 89 39 hyra
302 1836 58 39 för
377 1845 42 20 en
440 1836 142 36 månad,
603 1845 56 21 om
679 1836 72 30 han
771 1836 68 30 till-

94 1876 66 30 hör
177 1876 255 39 befälsgraden,
451 1878 64 29 och
532 1878 58 38 för
606 1888 42 19 en
666 1878 81 29 halv
764 1878 74 30 må-

94 1918 79 37 nad,
193 1928 56 20 om
267 1919 71 29 han
360 1919 119 29 tillhör
497 1919 339 39 manskapsgraden,

94 1962 93 27 samt
207 1960 49 39 fri
278 1969 77 22 resa
379 1961 80 30 med
482 1961 187 30 underhåll
694 1962 53 29 till
766 1962 72 39 för-

94 2002 286 39 hyrningsorten,
410 2012 55 20 om
499 2003 156 39 tjänsten
683 2003 155 39 frånträ-

94 2043 60 30 des
173 2044 76 39 före
271 2053 122 21 resans
415 2044 135 39 början,
566 2054 80 20 men
661 2045 102 39 eljest
785 2045 53 30 till

92 2086 377 38 avmönstringsorten.
494 2087 132 30 Varder
648 2088 190 38 utredning

93 2127 181 38 angående
308 2128 175 39 förlusten
518 2128 35 40 ej
585 2129 190 39 förebragt,
798 2130 40 29 är

93 2168 212 38 sjömannen
328 2170 196 38 berättigad
543 2172 52 28 att
616 2170 132 30 erhålla
772 2171 66 30 vad

94 2220 75 19 som
185 2211 151 30 sålunda
354 2212 40 29 är
411 2212 150 29 bestämt
577 2212 116 30 såsom
711 2213 125 39 högsta

95 2253 205 37 ersättning.

418 2311 41 29 38
484 2311 27 35 8.

138 2360 45 30 Är
208 2360 152 39 fartyget
384 2360 75 30 icke
483 2361 10 29 i
518 2361 194 39 sjövärdigt
735 2362 101 30 skick

95 2402 54 29 för
170 2404 66 28 den
259 2412 88 23 resa,
371 2412 74 19 som
467 2404 144 28 därmed
635 2404 89 29 skall
747 2404 89 29 före-

95 2446 107 36 tagas,
228 2444 84 29 eller
339 2445 38 28 är
404 2445 57 29 det
487 2445 38 29 så
551 2445 205 39 bristfälligt
783 2448 54 27 ut-

1607 162 17 11 ”-

1016 252 142 37 (Kungl.
1184 252 120 37 Maj:ts
1328 252 164 37 förslag:)

882 312 128 39 dighet,
1037 322 76 21 som
1138 314 61 38 gör
1222 314 58 30 det
1304 313 53 31 till
1382 324 44 21 en
1452 313 172 31 välfärds-

882 354 100 40 fråga
1013 355 55 30 för
1098 355 132 30 honom
1262 357 51 29 att
1343 356 92 30 bliva
1466 356 46 29 fri
1542 356 81 30 från

881 396 169 40 tjänsten.

1199 541 42 30 36
1271 541 28 37 8.

926 590 113 31 Råder
1064 592 12 29 i
1101 591 120 34 hamn,
1248 592 53 30 till
1326 592 119 30 vilken
1469 592 153 40 fartyget

880 633 39 29 är
934 633 163 34 bestämt,
1114 633 183 31 elakartad
1314 634 122 34 farsot,
1454 635 81 38 äger
1552 634 70 40 sjö-

880 683 93 26 man,
996 674 150 31 såframt
1167 676 96 30 detta
1285 676 150 29 kommit
1456 676 54 30 till
1531 676 90 30 hans

880 717 202 30 kännedom
1109 717 90 31 först
1226 718 89 30 efter
1343 719 57 29 det
1426 718 71 30 han
1524 720 98 28 anta-

880 758 78 39 gits,
996 760 71 29 rätt
1105 761 51 29 att
1193 759 135 31 erhålla
1365 759 255 41 entledigande,

880 801 216 30 omedelbart
1121 811 57 20 om
1202 811 104 21 resan
1330 802 31 40 ej
1387 802 127 39 börjat,
1540 812 81 20 men

880 843 102 39 eljest
999 843 12 30 i
1028 844 112 30 första
1157 844 119 34 hamn,
1296 853 76 21 som
1390 844 153 40 fartyget
1561 854 60 21 an-

879 885 107 39 löper,
1009 885 89 30 efter
1120 886 57 30 det
1199 886 71 31 han
1293 886 139 31 erhållit
1455 887 165 40 kunskap

880 936 57 20 om
963 927 248 31 förhållandet.

923 1096 206 30 Detsamma
1150 1097 119 39 gäller,
1293 1097 63 30 där
1381 1097 77 30 fara
1480 1097 141 40 förelig-

878 1145 59 32 ger
960 1138 55 30 för
1038 1140 50 28 att
1112 1138 153 40 fartyget
1288 1139 91 30 skall
1402 1140 217 39 uppbringas

878 1189 43 20 av
965 1180 227 40 krigförande
1238 1182 84 29 eller
1366 1183 152 29 utsättas
1564 1182 56 30 för

882 1222 211 40 krigsskada
1126 1223 84 30 eller
1242 1224 65 29 där
1339 1223 88 35 fara,
1462 1233 76 21 som
1571 1233 49 21 nu

878 1267 106 37 sagts,
1012 1265 187 40 väsentligt
1227 1266 114 30 ökats.

1195 1324 41 30 37
1269 1324 27 37 8.

922 1373 46 31 Är
1009 1374 140 39 sjöman
1191 1376 153 38 antagen
1373 1376 55 29 för
1457 1376 162 30 bestämd

881 1425 88 25 resa,
1004 1417 66 29 och
1106 1417 131 29 ändras
1269 1418 116 29 denna
1420 1418 197 39 väsentligt,

878 1459 82 38 äger
982 1458 71 30 han
1076 1459 70 29 rätt
1168 1461 52 27 att
1247 1459 134 30 erhålla
1403 1460 216 39 entledigan-

878 1500 53 36 de,
961 1501 216 29 omedelbart
1206 1510 59 20 om
1294 1510 104 21 resan
1427 1501 31 40 ej
1490 1502 128 39 börjat,

878 1552 82 20 men
986 1542 103 39 eljest
1115 1543 11 29 i
1154 1543 113 30 första
1295 1544 120 36 hamn,
1445 1553 76 20 som
1548 1544 71 30 far-

878 1586 95 37 tyget
999 1585 154 39 anlöper,
1180 1585 90 30 efter
1298 1586 58 29 det
1381 1586 72 30 han
1478 1586 141 31 erhållit

877 1627 166 39 kunskap
1068 1636 58 21 om
1151 1627 266 40 förändringen.

923 1668 155 39 Sjöman,
1107 1678 76 21 som
1210 1670 46 39 på
1283 1671 114 38 grund
1426 1680 42 21 av
1495 1680 122 21 resans

877 1710 208 40 förändring
1114 1712 105 39 avgår
1249 1712 80 29 från
1370 1713 168 39 tjänsten,
1579 1714 40 29 är

877 1752 196 39 berättigad
1095 1753 52 30 till
1170 1754 57 30 lön
1250 1754 58 39 för
1331 1764 42 20 en
1397 1755 140 36 månad,
1561 1764 56 21 om

875 1794 71 30 han
971 1795 39 29 är
1033 1795 235 40 maskinchef,
1292 1797 170 37 styrman,
1487 1797 132 30 maski-

875 1835 81 37 nist,
983 1836 243 39 föreståndare
1252 1838 58 39 för
1336 1838 282 31 ekonomiavdel-

875 1877 86 39 ning
981 1878 84 30 eller
1084 1879 306 40 radiotelegrafist,
1413 1881 64 29 och
1497 1881 58 39 för
1575 1890 42 21 en

875 1919 82 30 halv
980 1920 140 37 månad,
1146 1930 55 20 om
1226 1921 71 30 han
1325 1922 120 29 tillhör
1469 1923 67 29 den
1561 1923 57 29 öv-

876 1961 74 39 riga
992 1962 255 39 besättningen,
1288 1964 39 29 så
1356 1964 66 29 ock
1451 1964 49 39 fri
1540 1974 76 21 resa

875 2003 81 30 med
981 2004 187 30 underhåll
1192 2005 52 29 till
1268 2006 348 39 anställningsorten,

876 2053 56 20 om
965 2045 156 39 tjänsten
1152 2046 203 39 frånträdes
1387 2048 75 39 före
1495 2057 122 21 resans

876 2086 136 39 början,
1034 2097 81 20 men
1139 2088 102 40 eljest
1266 2089 52 30 till
1340 2091 278 38 avmönstrings-

876 2130 109 28 orten.

1195 2314 41 29 38
1268 2314 27 34 8.

920 2361 45 30 Är
989 2362 151 39 fartyget
1162 2363 76 29 icke
1262 2364 10 28 i
1297 2364 194 38 sjövärdigt
1515 2365 102 29 skick

876 2403 54 29 för
952 2404 67 30 den
1040 2414 87 23 resa,
1150 2415 75 18 som
1249 2407 144 28 därmed
1416 2407 89 29 skall
1527 2407 90 29 före-

875 2446 108 36 tagas,
1010 2446 83 29 eller
1120 2448 37 27 är
1184 2447 58 29 det
1269 2447 38 29 så
1333 2447 204 40 bristfälligt
1564 2451 53 27 ut-

124 2502 17 25 2
180 2503 113 29 Bihang
306 2502 47 23 till
366 2503 169 29 riksdagens
548 2504 149 29 protokoll
710 2504 76 24 1952.
806 2505 15 23 9
834 2504 84 23 saml.
938 2504 16 23 2
967 2504 64 24 avd.
1051 2505 40 24 Nr
1109 2506 39 23 44.
