1864 2788
282 166 19 29 8
666 166 120 30 Andra
806 165 247 37 lagutskottets
1073 165 179 30 utlåtande
1271 174 42 20 nr
1333 166 50 28 15.

280 264 42 20 av
344 264 42 20 en
407 255 71 29 viss
502 255 123 36 näring
649 254 202 29 förhindrar
873 254 56 29 det
953 253 183 30 rationella
1158 253 241 37 utnyttjandet
1422 262 43 20 av
1488 253 279 30 maskinbestån-

280 300 57 29 det
362 300 94 28 inom
484 308 43 20 en
552 308 117 20 annan
694 306 84 29 gren
803 307 42 21 av
870 298 236 36 näringslivet.
1134 298 46 29 Ur
1207 298 456 37 arbetsmarknadspolitisk
1690 308 77 27 syn-

281 344 112 37 punkt
417 344 38 29 är
479 344 58 29 det
560 344 166 29 önskvärt
749 345 52 27 att
825 343 41 29 de
890 350 151 29 grupper
1065 352 42 20 av
1131 343 245 36 arbetstagare,
1404 351 74 20 som
1506 343 145 36 tidigare
1676 344 90 28 varit

281 389 203 36 sysselsatta
506 389 78 29 med
605 388 218 30 hästkörslor
845 388 9 29 i
878 388 139 36 skogen,
1039 387 153 36 alltjämt
1216 387 34 29 få
1272 387 183 36 möjlighet
1477 389 51 27 alt
1550 388 119 29 arbeta
1692 397 75 20 som

280 434 124 28 körare
424 434 9 28 i
455 433 241 36 skogsbruket.
717 433 65 29 Det
803 432 110 29 skulle
933 441 83 20 vara
1035 432 166 36 olyckligt
1221 440 56 20 om
1298 432 66 29 den
1384 432 203 36 fortgående
1608 432 156 29 mekani-

282 479 159 35 seringen
461 487 42 20 av
523 478 206 36 jordbruket
750 477 179 29 medförde
951 479 50 27 att
1021 476 260 37 jordbrukarna
1303 476 74 29 icke
1398 476 93 36 finge
1514 476 182 37 möjlighet
1718 479 50 27 att

280 523 101 36 åtaga
403 523 50 36 sig
475 523 149 36 körning
646 523 9 28 i
677 522 130 36 skogen
832 521 107 30 under
960 522 148 28 vintern.

326 585 182 29 Gentemot
527 584 93 30 detta
637 584 69 29 kan
724 584 135 29 kanske
878 583 169 30 invändas
1067 585 50 27 att
1137 583 500 37 sysselsättningssvårigheler
1657 584 8 28 i
1688 584 80 28 stäl-

283 630 45 28 let
347 630 141 28 komma
510 631 51 27 att
582 631 125 35 uppstå
729 629 54 29 för
805 628 65 29 den
890 628 259 37 yrkesmässiga
1170 627 213 30 biltrafiken.
1408 628 63 29 Det
1493 628 61 28 bör
1576 628 42 29 då
1641 628 125 29 under-

282 674 149 36 strykas,
460 676 51 27 att
539 674 41 29 de
609 673 242 37 skogskörslor
878 673 57 29 det
964 673 63 29 här
1056 673 106 36 gäller
1193 672 143 36 tidigare
1367 673 50 28 till
1446 672 237 37 övervägande
1714 673 54 29 del

282 719 128 29 utförts
435 728 43 20 av
503 718 450 37 jordbruksbefolkningen.
980 717 65 29 Det
1072 717 234 29 förhållandet
1332 719 50 27 atl
1407 717 208 35 jordbruket
1642 717 8 28 i
1677 717 91 29 ökad

282 764 244 36 utsträckning
554 763 141 36 övergår
722 763 52 29 till
803 762 222 29 traktordrift
1052 762 61 29 bör
1139 762 70 29 inte
1237 762 35 29 få
1300 761 50 29 till
1378 762 220 28 konsekvens
1625 763 50 27 att
1702 762 67 29 den

281 808 259 36 yrkesmässiga
563 807 203 30 biltrafiken
788 807 54 29 får
865 807 192 29 ensamrätt
1081 806 50 29 till
1154 806 183 29 körslorna
1361 807 8 28 i
1394 806 140 36 skogen.
1560 806 124 29 Vidare
1706 806 63 29 bör

282 853 331 36 uppmärksammas
636 854 50 27 att
711 861 42 20 en
779 851 260 29 fortskridande
1064 850 145 30 tendens
1236 851 51 29 till
1312 850 171 37 övergång
1509 850 79 30 från
1613 851 77 28 häst
1715 851 53 29 till

282 898 135 28 traktor
437 898 71 28 kan
530 897 207 29 förmärkas.
760 897 101 29 Detta
883 896 154 35 innebär,
1060 897 51 28 att
1131 895 38 37 ju
1193 896 117 36 längre
1332 895 40 29 de
1395 895 202 29 nuvarande
1619 895 148 29 bestäm-

281 942 172 29 melserna
480 942 61 29 äro
568 942 117 36 gltiga
713 941 38 37 ju
781 941 137 29 svårare
945 941 66 29 blir
1039 949 42 20 en
1108 940 164 36 återgång
1299 940 52 29 till
1380 940 105 29 friare
1514 940 254 29 förhållanden.

283 987 167 29 Avsikten
472 987 39 29 är
533 987 142 36 givetvis
698 988 51 27 att
771 986 113 29 denna
906 985 165 36 återgång
1094 985 122 29 endast
1240 985 88 29 skall
1352 985 166 28 innebära
1542 986 50 27 att
1617 985 43 28 fri
1684 984 85 29 kon-

282 1031 149 29 kurrens
456 1031 129 29 mellan
609 1031 93 29 olika
728 1030 292 37 transportmedel
1047 1029 138 29 tillåtes.
1211 1029 74 29 Den
1311 1029 88 29 skall
1425 1029 75 29 icke
1527 1029 166 29 innebära
1718 1031 51 27 att

283 1076 67 29 den
378 1076 258 36 yrkesmässiga
667 1075 206 29 biltrafiken
903 1075 200 36 utestänges
1135 1074 78 29 från
1245 1073 299 36 skogskörslorna.
1577 1074 64 28 Det
1673 1073 97 29 torde

282 1121 105 29 också
405 1121 113 29 starkt
534 1120 119 29 kunna
671 1120 223 36 ifrågasättas
911 1128 54 21 om
983 1119 177 36 verkligen
1178 1119 312 36 sysselsättningen
1507 1127 42 20 av
1566 1118 204 29 lastbilarna

283 1165 158 29 kommer
472 1167 52 27 att
556 1165 45 29 bli
634 1165 104 36 högre
771 1172 123 29 genom
926 1166 50 27 att
1008 1163 413 36 jordbrukstraktorerna
1456 1163 201 35 ulestängas
1691 1162 79 29 från

285 1210 250 35 skogsbrukets
554 1211 224 35 transporter.
797 1208 146 37 Följden
960 1208 159 29 kommer
1137 1208 177 29 sannolikt
1330 1210 50 26 att
1397 1207 56 35 bli,
1472 1209 51 27 att
1542 1207 228 36 skogsbruks-

284 1254 178 36 företagen
481 1255 10 28 i
512 1254 89 29 ökad
622 1254 213 36 omfattning
856 1253 117 29 skaffa
994 1260 85 29 egna
1103 1252 172 29 traktorer
1295 1252 83 29 eller
1398 1252 99 29 bilar.
1519 1251 47 30 Ur
1588 1251 181 29 samhälls-

283 1299 206 29 ekonomisk
513 1298 178 37 synpunkt
715 1298 35 29 få
771 1298 34 29 vi
829 1297 146 29 sålunda
999 1297 143 29 därmed
1165 1306 43 20 en
1230 1296 379 36 överdimensionering
1633 1305 42 19 av
1698 1304 71 20 ma-

284 1343 274 29 skinbeståndet.
576 1342 227 30 Förbättrade
820 1341 533 37 sysselsättningsförhållanden
1369 1341 135 36 uppnås
1521 1340 89 29 dock
1627 1340 73 29 icke
1717 1340 54 28 för

283 1388 67 29 den
368 1388 257 37 yrkesmässiga
646 1386 301 30 lastbilstrafiken.

328 1450 63 30 Vid
414 1453 48 27 ett
486 1449 215 30 bedömande
724 1458 43 20 av
790 1447 555 38 sysselsättningsförhållandena
1369 1447 9 29 i
1405 1447 231 36 skogsbruket
1659 1446 111 29 måste

283 1495 331 37 uppmärksammas
635 1496 49 27 att
706 1494 108 29 sedan
834 1502 73 20 mer
928 1493 44 29 än
994 1494 48 27 ett
1063 1492 207 29 decennium
1292 1492 178 36 knapphet
1492 1491 42 37 på
1557 1491 214 29 arbetskraft

282 1541 90 28 varit
390 1541 48 28 ett
455 1538 250 30 dominerande
724 1538 94 36 drag.
839 1538 64 28 Det
921 1537 38 29 är
977 1536 121 30 därför
1118 1536 141 29 särskilt
1277 1536 180 36 angeläget
1475 1538 51 27 att
1544 1536 68 29 alla
1632 1536 137 36 möjlig-

282 1584 96 29 heter
404 1584 52 29 till
484 1583 345 36 arbetsbesparingar
856 1581 185 37 utnyttjas.
1070 1581 49 29 De
1146 1581 201 29 nuvarande
1375 1581 310 28 bestämmelserna
1713 1589 57 20 om

283 1628 269 30 trafiktillstånd
579 1628 119 29 kunna
725 1627 122 36 utgöra
872 1629 46 27 ett
944 1626 125 29 hinder
1095 1626 9 29 i
1130 1625 94 30 detta
1249 1625 178 34 avseende,
1455 1627 37 35 ty
1517 1625 107 29 hellre
1650 1625 44 28 än
1720 1626 51 27 att

284 1674 133 29 riskera
434 1675 51 27 att
504 1673 129 29 förlora
652 1672 240 29 inkomsterna
909 1680 42 20 av
970 1670 290 37 skogskörslorna
1280 1670 95 29 torde
1394 1670 125 36 många
1539 1669 232 36 jordbrukare

283 1718 98 30 avstå
403 1718 79 29 från
504 1719 51 28 att
578 1717 122 36 övergå
724 1716 52 30 till
800 1725 42 20 en
865 1716 8 29 i
897 1716 64 29 och
985 1715 54 29 för
1063 1715 51 36 sig
1137 1714 148 30 lönande
1310 1714 224 29 traktordrift
1557 1714 95 29 inom
1675 1713 95 36 jord-

284 1763 134 29 bruket.
439 1762 194 30 Resultatet
651 1762 67 28 blir
737 1761 146 29 sålunda
904 1762 51 28 att
974 1759 304 36 mekaniseringen
1297 1759 64 29 och
1382 1759 66 29 den
1468 1759 303 35 arbetsbesparing

284 1817 43 20 en
358 1807 108 29 sådan
497 1806 112 29 skulle
639 1805 207 37 möjliggöra
878 1804 173 36 fördröjes
1082 1805 70 28 inte
1181 1804 87 29 blott
1299 1804 92 28 inom
1425 1803 231 36 skogsbruket
1686 1805 86 26 utan

285 1853 85 28 även
389 1852 94 29 inom
501 1851 217 36 jordbruket.

329 1914 93 29 Även
444 1922 57 21 om
524 1914 34 28 vi
582 1913 109 29 under
715 1912 88 29 flera
826 1912 39 29 år
888 1911 76 29 haft
988 1919 43 21 en
1055 1911 9 29 i
1091 1912 86 28 stort
1202 1912 66 27 sett
1292 1910 66 36 hög
1383 1910 267 37 sysselsättning
1676 1910 94 28 inom

286 1959 231 35 skogsbruket
535 1958 62 29 bör
613 1957 117 30 vidare
749 1956 242 37 ihågkommas
1010 1957 51 28 att
1079 1954 231 37 skogsbruket
1327 1955 38 28 är
1384 1964 42 20 en
1446 1954 222 37 synnerligen
1687 1954 84 29 kon-

284 2002 290 37 junkturkänslig
598 2002 237 36 näringsgren.
861 2001 46 29 På
931 2000 112 37 grund
1068 2009 41 20 av
1134 1999 258 37 skogsbygdens
1417 2000 7 28 i
1451 1999 91 36 regel
1566 2000 125 35 ytterst
1714 2007 57 20 en-

286 2048 109 36 sidiga
416 2047 191 36 näringsliv
628 2047 38 29 är
686 2046 56 30 det
764 2046 138 36 mycket
924 2045 93 29 svårt
1038 2047 51 27 att
1109 2044 124 29 bereda
1255 2043 151 30 friställd
1428 2043 215 29 arbetskraft
1663 2045 108 27 annat

285 2093 116 29 arbete
418 2093 88 29 även
522 2101 57 20 om
596 2091 56 30 det
669 2091 179 29 allmänna
866 2089 314 37 konjunkturläget
1198 2089 38 29 är
1254 2088 136 29 relativt
1409 2090 197 34 gynnsamt.
1626 2087 147 36 Följden

285 2138 66 28 blir
371 2139 50 27 att
440 2137 179 29 allmänna
640 2136 141 29 arbeten
802 2135 109 29 måste
933 2134 213 36 igångsättas
1167 2133 107 29 redan
1295 2133 56 29 vid
1373 2142 43 20 en
1437 2132 136 29 mindre
1595 2132 176 35 konjunk-

285 2182 228 36 turnedgång.
542 2182 63 28 Det
632 2181 38 29 är
697 2180 223 36 följaktligen
947 2179 86 29 även
1060 2188 42 20 ur
1129 2178 100 29 dessa
1258 2178 217 36 synpunkter
1503 2179 48 27 ett
1577 2176 195 37 betydande

286 2227 317 29 samhällsintresse
623 2227 49 27 att
694 2225 148 35 skogens
862 2224 156 29 arbetare
1039 2223 76 29 icke
1135 2223 201 35 utestängas
1357 2222 79 29 från
1456 2222 93 29 vissa
1569 2222 202 36 arbetsupp-

286 2272 103 36 gifter
406 2272 94 28 inom
520 2270 239 36 skogsbruket.

330 2329 238 36 Utredningen
594 2337 56 20 om
680 2326 249 37 skogsbrukets
957 2325 290 30 arbetsmarknad
1276 2325 115 29 finner
1420 2324 147 30 sålunda
1596 2324 41 29 de
1667 2333 105 20 nuva-

286 2374 106 28 rande
414 2373 310 29 bestämmelserna
747 2380 57 20 om
827 2370 269 30 trafiktillstånd
1120 2369 64 29 och
1208 2369 100 29 deras
1333 2370 221 35 tillämpning
1580 2369 118 36 utgöra
1725 2370 49 27 elt

286 2418 124 29 hinder
428 2418 54 29 för
499 2420 48 27 ett
565 2417 174 29 rationellt
755 2415 180 30 ordnande
952 2424 42 20 av
1011 2414 386 30 arbetsförhållandena
1416 2414 94 29 inom
1531 2413 242 37 skogsbruket.

286 2464 93 28 Även
401 2472 41 19 ur
463 2462 110 30 andra
596 2461 217 37 synpunkter
837 2469 101 27 synes
960 2459 111 29 behov
1094 2459 166 36 föreligga
1283 2468 41 19 av
1347 2468 41 19 en
1411 2459 147 35 översyn
1581 2467 43 20 av
1648 2458 124 35 ifraga-

285 2507 151 29 varande
457 2506 271 30 bestämmelser.
749 2505 237 36 Utredningen
1008 2504 147 29 föreslår
1176 2503 119 30 därför
1315 2505 50 27 att
1386 2503 309 29 bestämmelserna
1715 2511 57 20 om
