1862 2788
275 158 19 29 6
660 161 118 30 Andra
798 161 248 36 lagutskottets
1066 162 179 31 utlåtande
1264 171 42 21 nr
1326 164 50 28 15.

277 250 100 29 dessa
401 249 262 30 bestämmelser
686 251 74 29 icke
785 251 59 30 äro
868 260 73 20 mer
965 251 155 37 rigorösa
1143 253 44 28 än
1210 262 74 20 som
1309 254 117 28 tarvas
1452 253 53 29 för
1529 255 50 28 att
1602 254 40 28 de
1667 254 98 30 skola

278 294 86 36 fylla
389 294 60 29 sitt
475 294 172 30 ändamål.
671 296 65 29 Det
760 295 196 38 föreligger,
980 296 107 37 enligt
1111 298 195 29 nämndens
1332 298 151 36 mening,
1507 299 155 36 vägande
1688 299 74 29 skäl

278 340 50 27 att
347 338 132 36 jämväl
500 338 186 31 framdeles
706 339 175 31 bibehålla
902 341 40 28 de
962 341 152 36 grunder
1133 341 44 37 på
1196 341 94 30 vilka
1310 351 47 19 nu
1377 342 160 36 gällande
1559 342 205 38 förordning

278 382 38 29 är
344 382 197 38 uppbyggd,
569 383 65 29 och
664 385 50 28 att
742 383 75 30 icke
846 383 140 38 vidtaga
1015 385 132 30 sådana
1177 386 188 36 ändringar
1395 387 10 28 i
1434 386 250 38 förordningen
1714 389 50 28 att

278 434 80 21 man
380 427 201 37 därigenom
601 427 61 37 går
682 428 101 29 miste
804 438 56 19 om
883 429 65 28 den
969 429 183 36 möjlighet
1172 429 52 29 till
1245 430 176 29 överblick
1442 439 74 21 som
1538 431 23 28 f.
1583 440 32 19 n.
1637 431 127 34 finnes,

277 470 151 30 förlorar
449 473 141 35 greppet
612 473 80 28 över
714 472 172 29 trafikens
908 473 121 34 behov,
1051 474 78 28 dess
1151 473 213 38 omfattning
1385 474 65 29 och
1473 475 292 37 utvecklingsten-

277 515 135 33 denser,
430 515 82 29 eller
529 516 67 29 blir
614 516 220 30 urståndsatt
852 518 51 28 att
921 517 136 37 ingripa
1076 517 54 29 för
1149 520 50 27 att
1217 518 220 29 förekomma
1454 519 65 29 och
1537 519 114 36 stävja
1669 521 94 28 över-

276 559 169 29 trädelser
461 569 41 20 av
517 560 159 37 gällande
691 561 530 30 trafiksäkerhetsföreskrifter.
1236 562 76 29 Med
1327 563 95 29 detta
1436 564 195 28 nämndens
1647 564 117 30 stånd-

276 603 283 38 punktstagande
580 605 37 29 är
638 605 190 29 emellertid
849 606 55 28 väl
925 605 175 38 förenligt,
1121 608 51 28 att
1191 607 244 36 utvecklingen
1456 607 94 30 inom
1570 609 194 36 transport-

277 647 169 37 näringen
475 649 77 28 med
581 649 314 36 uppmärksamhet
923 649 103 37 följes
1055 650 65 29 och
1149 652 51 28 att
1227 650 270 38 möjligheterna
1524 652 239 37 tillvaratagas

277 693 50 28 att
352 691 96 30 inom
474 692 268 38 förordningens
768 702 75 20 ram
868 694 140 37 vidtaga
1032 694 133 30 sådana
1190 694 200 38 ändringar,
1416 705 75 20 som
1517 705 41 20 ur
1583 696 113 37 någon
1722 706 41 20 av

276 736 40 28 de
339 737 230 35 synpunkter,
592 746 75 20 som
691 737 88 37 ligga
802 738 52 29 till
877 739 112 35 grund
1014 738 54 30 för
1091 738 262 38 förordningen,
1376 739 118 30 finnas
1516 740 183 37 betingade
1722 750 41 20 av

276 780 244 37 utvecklingen
540 781 83 29 eller
642 781 101 36 eljest
763 782 121 28 kunna
904 782 186 30 medverka
1109 782 52 30 till
1181 792 43 20 en
1244 783 293 38 rationalisering.

319 894 13 29 I
352 895 189 36 synnerhet
560 896 45 30 ha
624 897 78 29 med
719 896 211 36 jordbruket
949 898 63 29 och
1032 897 275 37 skogsnäringen
1328 899 346 36 sammanhängande
1692 900 71 36 för-

275 947 188 31 hållanden
484 949 166 29 föranlett
669 950 130 37 förslag
817 960 58 20 om
895 951 188 37 ändringar
1102 952 10 28 i
1130 951 426 38 biltrafikförordningen.

323 1002 85 29 1946
434 1002 57 30 års
520 1002 182 30 kommitté
728 1003 57 36 för
810 1003 228 36 jordbrukets
1066 1004 301 37 maskinhållning
1394 1007 131 35 upptog
1552 1006 10 29 i
1590 1006 60 30 sitt
1680 1006 82 29 1947

275 1055 148 36 avgivna
448 1055 220 31 betänkande
695 1057 51 29 till
773 1056 214 38 behandling
1014 1057 164 37 frågorna
1217 1058 179 37 angående
1433 1059 329 30 maskinstationers

276 1107 183 38 möjlighet
487 1110 49 28 att
563 1109 118 30 utföra
708 1111 219 35 transporter
954 1110 35 30 åt
1016 1111 120 29 andra.

320 1165 215 30 Kommittén
556 1167 196 34 förordade,
772 1168 50 29 att
841 1177 83 20 man
942 1176 123 29 genom
1085 1169 141 36 statliga
1246 1169 242 37 stödåtgärder
1507 1169 112 30 skulle
1639 1170 124 29 under-

277 1219 85 29 lätta
391 1219 141 29 förvärv
560 1229 41 20 av
629 1220 185 30 maskinell
843 1220 203 38 utrustning
1075 1221 54 30 för
1156 1221 227 37 jordbrukets
1412 1222 121 30 behov.
1562 1223 122 29 Denna
1711 1225 53 27 ut-

276 1272 162 37 rustning
462 1272 112 30 skulle
598 1273 45 29 bl.
668 1282 29 20 a.
721 1273 288 30 tillhandahållas
1033 1284 42 20 av
1097 1275 323 30 maskinstationer.
1446 1275 215 30 Kommittén
1685 1276 78 29 räk-

275 1326 88 28 nade
382 1326 78 29 med
480 1327 51 28 att
547 1326 359 31 maskinstationerna
924 1335 124 29 genom
1066 1337 42 20 en
1127 1328 142 37 lämplig
1287 1329 238 36 organisation
1545 1329 112 29 skulle
1676 1329 87 29 kun-

276 1387 44 21 na
345 1378 119 31 utföra
487 1379 177 36 praktiskt
687 1381 93 36 taget
803 1380 69 30 alla
897 1380 141 30 arbeten
1063 1381 55 29 för
1141 1381 94 30 vilka
1259 1382 146 37 dragare
1430 1382 188 30 erfordras.
1643 1382 58 29 Att
1725 1381 37 31 så

275 1431 128 30 skedde
426 1441 80 21 vore
527 1432 105 30 också
654 1432 222 38 erforderligt
897 1433 55 30 för
975 1435 50 28 att
1046 1434 413 38 maskinanvändningen
1482 1435 112 30 skulle
1615 1435 47 30 bli
1683 1435 80 30 eko-

275 1484 155 30 nomiskt
450 1485 149 30 lönande
618 1485 55 30 för
693 1486 65 29 den
777 1486 161 30 enskilda
956 1487 269 36 jordbrukaren.
1245 1488 110 29 Bland
1376 1489 154 29 nämnda
1549 1489 142 29 arbeten
1710 1490 53 28 ut-

274 1537 121 37 gjorde
422 1538 140 30 kortare
589 1539 407 38 landsvägstransporter
1022 1549 42 20 av
1089 1548 93 29 grus,
1208 1541 74 33 ved,
1309 1541 151 34 timmer,
1486 1541 184 37 spannmål
1697 1542 65 29 och

274 1590 113 37 dylikt
402 1600 43 20 en
462 1591 75 30 icke
553 1592 174 37 obetydlig
743 1592 64 29 del.
825 1592 77 30 Med
919 1593 137 37 hänsyn
1073 1594 51 29 till
1141 1594 200 36 betydelsen
1359 1604 42 20 av
1417 1597 51 27 att
1484 1594 278 30 maskinbestån-

274 1644 56 29 det
348 1644 67 29 blir
434 1645 55 29 väl
511 1644 182 38 utnyttjat,
713 1645 125 38 ansågs
858 1647 57 29 det
934 1656 83 20 vara
1036 1656 41 20 av
1096 1647 85 33 vikt,
1201 1649 50 28 att
1270 1647 132 30 sådana
1422 1649 340 36 transportuppdrag

275 1697 116 30 kunde
424 1698 136 30 utföras
592 1698 36 29 åt
660 1699 336 30 maskinstationens
1029 1699 95 31 såväl
1157 1700 176 30 ordinarie
1366 1701 136 30 kunder
1534 1710 75 21 som
1641 1702 120 29 andra.

275 1750 215 30 Kommittén
508 1751 151 38 föreslog
676 1751 120 30 därför
814 1754 51 28 att
882 1753 42 29 de
942 1753 9 30 i
972 1752 81 30 1940
1072 1752 56 30 års
1147 1753 206 38 förordning
1371 1754 178 37 angående
1565 1754 196 37 yrkesmäs-

273 1804 51 36 sig
350 1804 304 29 automobiltrafik
679 1804 102 38 givna
805 1805 311 31 bestämmelserna
1143 1807 75 29 icke
1244 1807 113 29 skulle
1383 1807 62 37 äga
1470 1807 222 37 tillämpning
1717 1807 43 37 på

273 1858 230 35 transporter,
531 1857 143 30 utförda
703 1859 77 28 med
810 1859 231 30 användande
1070 1869 42 20 av
1141 1859 107 30 sådan
1279 1860 55 29 för
1362 1860 311 36 jordbruksarbete
1702 1869 59 20 an-

273 1910 143 29 skaffad
444 1910 64 30 och
536 1911 142 29 därmed
706 1911 281 38 huvudsakligen
1015 1912 183 37 sysselsatt
1224 1913 148 34 traktor,
1400 1922 75 21 som
1503 1914 188 29 innehaves
1720 1923 41 20 av

273 1962 125 38 någon,
422 1973 75 20 som
519 1964 252 37 yrkesmässigt
793 1964 286 30 tillhandahåller
1101 1965 375 36 jordbruksmaskiner
1500 1966 35 30 åt
1557 1967 87 29 flera
1667 1966 94 36 jord-

272 2016 163 30 brukare.
454 2016 214 30 Kommittén
687 2017 176 34 framhöll,
882 2019 51 29 att
950 2027 41 20 en
1010 2018 109 30 sådan
1136 2018 244 31 bestämmelse
1399 2021 84 28 utan
1502 2020 101 29 tvivel
1622 2020 139 29 komme

272 2071 51 28 att
340 2069 160 30 medföra
517 2079 42 20 en
577 2069 70 30 viss
664 2070 204 38 minskning
886 2080 42 21 av
945 2072 66 29 den
1027 2072 253 37 yrkesmässigt
1296 2072 168 30 bedrivna
1481 2073 279 37 transportverk-

272 2123 200 29 samhetens
493 2123 291 38 trafikunderlag,
806 2133 80 20 men
907 2125 51 29 att
978 2125 113 29 denna
1112 2125 130 29 verkan
1263 2125 76 30 icke
1359 2125 107 32 borde
1487 2126 228 30 överskattas.

316 2176 13 28 I
348 2176 61 30 sitt
426 2177 163 36 yttrande
606 2177 81 29 över
704 2176 238 31 betänkandet
960 2177 145 30 anförde
1123 2180 133 28 statens
1274 2178 295 37 biltrafikhämnd
1587 2181 50 28 att
1653 2179 108 37 enligt

272 2229 77 29 dess
370 2229 228 38 uppfattning
620 2229 89 30 »kan
731 2230 66 29 den
817 2230 234 34 konkurrens,
1073 2240 74 20 som
1168 2232 49 28 ett
1237 2232 272 36 undantagande
1530 2241 42 20 av
1591 2232 169 30 traktors-

272 2283 265 36 transporterna
555 2282 79 30 från
651 2283 312 29 bestämmelserna
978 2283 177 37 angående
1172 2283 237 38 yrkesmässig
1426 2284 160 30 biltrafik
1602 2285 158 30 kommer

272 2337 50 28 att
341 2335 160 30 medföra
521 2335 55 31 för
595 2336 66 29 den
680 2336 260 37 yrkesmässiga
961 2336 292 30 lastbilstrafiken
1274 2339 145 35 antagas
1439 2355 44 3 —
1502 2338 143 30 särskilt
1665 2339 95 29 inom

271 2388 239 38 övervägande
532 2388 206 37 jordbruks-
760 2389 82 29 eller
866 2389 389 38 skogsbruksbetonade
1278 2390 167 30 områden
1467 2409 45 2 —
1532 2391 47 30 bli
1603 2401 42 20 av
1666 2392 93 36 bety-

272 2442 112 30 dande
410 2442 213 37 omfattning
648 2442 65 29 och
739 2442 35 30 få
800 2442 184 31 kännbara
1009 2443 210 37 verkningar
1244 2443 43 37 på
1314 2443 94 31 inom
1436 2444 131 31 sådana
1593 2445 166 29 områden

269 2494 165 30 bedriven
453 2495 236 37 yrkesmässig
709 2495 281 30 lastbilstrafik».
1009 2496 182 30 Nämnden
1213 2496 102 30 anför
1335 2497 134 29 vidare:
