1854 2790
477 154 119 31 Andra
616 155 246 36 lagutskottets
882 156 180 30 utlåtande
1081 165 42 20 nr
1144 157 49 28 15.
1541 159 34 27 11

451 244 50 27 att
523 242 185 37 riksdagen
730 244 7 27 i
759 243 187 37 anledning
967 253 40 20 av
1031 244 227 30 förevarande
1279 246 181 34 motioner,
1486 247 87 33 1:43,

408 295 107 35 1:307,
541 296 104 34 1:308,
670 296 101 34 11:53,
796 296 112 30 11:400
932 297 64 28 och
1021 297 124 35 II:401,
1169 297 107 30 måtte
1300 298 9 28 i
1333 298 166 30 skrivelse
1522 299 52 29 till

407 349 125 36 Kungl.
558 349 104 36 Maj:t
687 349 121 37 bringa
833 349 51 29 till
910 350 125 36 Kungl.
1060 350 124 36 Maj:ts
1209 350 197 30 kännedom
1431 352 64 29 vad
1523 354 51 27 ut-

408 402 129 29 skottet
553 402 126 29 anfört.

135 508 200 30 Stockholm
355 509 66 29 den
440 509 39 30 26
499 518 94 21 mars
614 510 92 30 1933.

521 616 47 29 På
591 616 109 29 andra
724 616 245 36 lagutskottets
992 617 144 37 vägnar:

619 696 137 29 EDVIN
780 696 260 30 JACOBSSON.

134 945 64 29 Vid
218 945 93 29 detta
332 945 145 29 ärendes
498 945 210 37 behandling
727 945 44 29 ha
790 945 155 30 närvarit

132 1017 80 29 från
259 1017 166 29 första
470 1017 220 29 kammaren:
717 1017 121 29 herrar
862 1017 187 34 Norman”,
1075 1017 92 34 Sten,
1192 1017 73 30 Nils
1291 1017 191 36 Elowsson,
1507 1018 70 30 Wi-

88 1061 153 34 strand",
259 1062 163 34 Nerman,
442 1062 186 36 Bengtson,
647 1061 161 30 Weiland
826 1062 65 29 och
910 1062 73 29 Nils
1003 1061 160 30 Theodor
1183 1062 167 34 Larsson;

132 1106 80 29 från
254 1107 154 28 andra
449 1106 220 29 kammaren:
694 1106 57 29 fru
773 1106 200 30 Johansson
997 1107 10 29 i
1028 1106 253 38 Norrköping”,
1303 1107 80 29 herr
1405 1107 140 31 Nilsson
1567 1109 10 29 i

87 1150 201 38 Göteborg”,
306 1150 98 30 fruar
421 1150 200 37 Västberg",
640 1150 235 37 Sandström”,
893 1151 123 29 herrar
1033 1150 163 30 Carlsson
1213 1152 10 29 i
1240 1151 169 35 Bakeröd,
1427 1152 149 30 Anders-

87 1204 63 20 son
170 1196 11 28 i
201 1195 254 36 Alfredshem”,
476 1195 124 29 fröken
620 1195 107 36 Höjer
747 1195 65 30 och
831 1195 57 29 fru
910 1195 182 30 Ewerlöf".

133 1265 12 11 +
167 1265 33 29 Ej
223 1266 180 23 närvarande
423 1266 49 24 vid
490 1266 190 28 justeringen.
