2220 2618
459 183 20 29 4
924 180 265 32 Statsutskottets
1218 179 174 33 Utlåtande
1414 181 62 31 N:o
1498 182 50 30 45.

1155 717 75 41 N:o
1258 716 65 41 45.

957 871 76 29 Ank.
1057 869 43 31 till
1126 870 102 30 Riksd.
1253 871 93 29 kansli
1370 872 57 29 den
1452 873 38 27 27
1515 881 78 19 mars
1617 873 89 34 1903,
1731 872 36 28 kl.
1795 873 36 28 12
1856 872 90 29 midd.

635 1013 196 43 Utlåtande,
870 1013 13 34 i
923 1013 189 44 anledning
1139 1012 47 44 af
1206 1014 98 35 väckt
1329 1014 123 35 motion
1480 1014 178 44 angående
1683 1014 302 46 inlösningspriset
2012 1017 21 33 å

824 1071 55 36 till
900 1072 201 35 statsverket
1126 1072 205 43 hembjudna
1351 1071 239 44 frälseräntor
1616 1084 42 23 m.
1687 1084 43 23 m.

1801 1172 42 48 (I.
1873 1173 59 44 A.)

563 1324 18 36 I
621 1336 46 23 en
707 1323 104 37 inom
851 1323 132 37 Andra
1022 1323 234 37 Kammaren
1297 1323 124 47 väckt,
1463 1324 57 36 till
1561 1325 305 37 statsutskottets
1907 1325 127 37 förbe-

429 1374 169 36 redande
640 1374 237 48 behandling
917 1373 188 37 hänvisad
1146 1374 144 36 motion
1330 1374 75 43 (n:o
1448 1372 36 49 6)
1523 1375 70 36 har
1620 1375 87 36 herr
1733 1375 37 35 J.
1801 1375 232 44 Bengtsson
2012 1368 23 58 i

428 1424 186 49 Bjernalt,
655 1425 167 36 förutom
864 1424 73 37 den
977 1424 12 36 i
1023 1424 207 37 utskottets
1258 1424 196 38 utlåtande
1483 1439 61 23 n:o
1572 1427 48 35 44
1648 1426 253 37 omförmälda
1929 1426 105 37 hem-

428 1474 141 38 ställan
608 1474 12 36 i
660 1475 112 48 fråga
813 1488 60 23 om
914 1474 182 49 förlängd
1134 1474 56 37 tid
1231 1475 59 37 för
1328 1474 200 38 inlösande
1570 1476 42 36 af
1642 1476 391 47 skattefrälseräntor,

430 1525 214 49 föreslagit,
687 1530 56 31 att
781 1525 222 49 Riksdagen
1032 1529 116 33 måtte
1178 1526 59 36 för
1264 1526 59 36 sin
1351 1526 60 37 del
1440 1526 164 47 besluta,
1633 1526 83 37 dels
1744 1532 56 31 att
1827 1527 47 35 de
1903 1527 134 36 frälse-

428 1581 145 42 räntor,
614 1575 129 37 hvilka
784 1576 64 36 det
884 1576 154 49 jämlikt
1069 1575 181 50 gällande
1279 1576 276 50 författningar
1583 1577 108 48 ålåge
1720 1577 232 37 statsverket
1981 1582 55 32 att

429 1626 137 46 inlösa,
595 1626 135 47 skulle,
760 1626 119 37 sedan
909 1627 111 36 deras
1049 1627 116 36 värde
1194 1627 97 36 efter
1319 1627 64 37 det
1410 1627 63 36 vid
1503 1627 106 37 tiden
1637 1628 59 36 för
1714 1633 202 31 räntornas
1931 1628 106 37 hem-

429 1677 79 36 bud
549 1677 57 36 till
647 1677 234 37 statsverket
919 1682 132 32 senast
1089 1677 218 37 fastställda
1348 1678 403 49 årsmarkegångspris
1785 1678 86 36 med
1899 1679 137 48 tillagd

431 1727 425 49 forsellönsersättning
896 1728 42 36 af
975 1729 21 35 8
1039 1732 64 32 öre
1143 1727 226 37 kubikfoten
1412 1728 59 37 för
1503 1732 70 45 råg
1600 1729 71 36 och
1698 1729 95 36 korn
1822 1729 70 36 och
1922 1732 20 33 6
1972 1734 65 32 öre

430 1777 227 37 kubikfoten
699 1778 60 36 för
798 1778 109 37 hafre
947 1778 128 36 blifvit
1102 1778 290 49 kapitaliseradt
1420 1779 99 36 efter
1545 1780 84 47 fyra
1657 1779 60 37 för
1744 1779 212 48 hundrade,
1984 1780 55 36 in-

428 1828 104 37 lösas
561 1828 86 37 med
675 1828 65 37 det
767 1829 159 36 sålunda
954 1828 172 37 erhållna
1152 1828 298 50 kapitalbelopp.

586 1879 17 37 I
643 1879 132 49 kungl.
805 1879 277 48 förordningen
1110 1879 74 37 den
1214 1881 43 34 11
1289 1880 218 49 september
1537 1882 95 35 1885
1662 1880 199 49 angående
1890 1881 149 37 inlösen

431 1929 43 37 af
500 1929 388 47 skattefrälseräntor,
916 1929 264 48 kronotionde,
1210 1944 82 22 som
1316 1930 227 37 innehafves
1563 1931 120 36 under
1703 1930 147 37 enskild
1872 1931 168 49 egande-

430 1985 90 41 rätt,
561 1985 99 32 samt
700 1980 146 37 arbets-
886 1980 71 37 och
997 1980 375 49 hofveriskyldighet
1398 1981 58 36 till
1485 1981 210 37 skattesåld
1723 1981 313 50 kronoegendom

432 2031 174 49 stadgas,
635 2030 122 49 enligt
785 2031 100 36 hvad
914 2030 239 38 motionären
1175 2031 146 48 jämväl
1349 2031 153 45 erinrat,
1531 2037 55 31 att
1613 2032 47 36 de
1689 2037 129 32 räntor
1847 2036 20 33 å
1895 2033 144 36 skatte-

432 2081 314 47 frälsehemman,
774 2081 129 36 hvilka
930 2095 142 35 genom
1100 2082 87 48 köp,
1217 2082 89 48 byte
1331 2081 92 37 eller
1450 2082 118 48 gåfva
1594 2082 160 36 kommit
1783 2082 85 36 från
1892 2083 146 36 kronan

431 2131 12 36 i
472 2131 151 36 enskild
662 2145 162 35 persons
854 2131 91 38 eller
972 2132 127 46 verks,
1129 2132 215 49 menighets
1373 2132 93 37 eller
1493 2132 233 49 inrättnings
1755 2138 74 42 ägo
1858 2133 71 36 och
1956 2133 84 37 icke

432 2181 128 37 blifvit
599 2183 86 36 med
721 2182 372 49 jordäganderätten
1134 2182 196 48 förenade,
1372 2186 72 44 må,
1478 2183 11 36 i
1523 2187 88 33 mån
1639 2196 80 24 som
1750 2182 289 39 vederbörande

434 2237 119 46 ägare
595 2232 131 37 därom
761 2233 212 38 framställa
1008 2232 127 40 anbud
1164 2233 71 38 och
1263 2234 117 39 sedan
1408 2234 114 40 deras
1549 2234 116 39 värde
1694 2233 99 40 efter
1821 2234 222 42 medeltalet
