1912 2854
567 167 266 27 Bankoutskotltets
858 166 161 28 utlåtande
1042 167 46 27 Nr
1113 167 45 27 16.
1591 166 19 30 5

436 252 41 31 O.
502 252 38 31 V.
562 253 38 30 F.
619 252 156 32 Sondéns
793 253 92 30 änka
903 253 79 30 Elin
999 253 152 31 Kristina
1168 252 150 41 Sondén,
1335 253 83 31 född
1436 253 174 40 Carlsson,

435 306 116 31 såsom
589 306 234 38 gratifikation
859 306 121 31 anvisa
1013 310 46 27 ett
1092 306 127 41 belopp
1243 316 43 21 av
1310 309 133 29 ettusen
1469 307 141 40 kronor,

435 363 48 27 att
507 360 81 38 utgå
612 369 42 22 av
678 359 300 39 förslagsanslaget
1001 360 51 30 till
1077 360 169 38 riksdags-
1264 360 65 31 och
1347 360 264 32 revisionskost-

435 414 108 30 nader
567 416 90 28 samt
681 414 188 31 kostnader
898 413 53 31 för
974 413 202 39 riksdagens
1201 414 77 30 hus.

162 520 201 32 Stockholm
388 521 66 30 den
479 522 42 29 25
547 521 151 31 februari
726 521 95 30 1930.

590 628 46 31 På
661 628 303 31 bankoutskottets
988 630 144 36 vägnar:

683 735 35 31 C.
745 736 37 30 E.
809 735 242 32 SVENSSON.

160 1212 56 26 Vid
241 1211 198 27 förestående
463 1211 156 27 ärendens
644 1212 258 35 slutbehandling
928 1212 88 27 inom
1041 1212 151 27 utskottet
1214 1212 81 27 hava
1320 1212 154 28 närvarit:

161 1273 69 28 från
255 1273 119 28 första
398 1274 197 27 kammaren:
620 1274 112 27 herrar
758 1273 30 28 C.
813 1274 33 27 E.
871 1273 160 35 Svensson,
1057 1274 177 35 Gustafsson
1252 1274 10 27 i
1280 1274 190 34 Stensholm,
1485 1275 126 27 Petters-

115 1327 55 18 son
194 1319 10 26 i
229 1318 195 35 Olovstorp",
448 1318 141 35 Lindley,
614 1318 99 27 Ström
731 1319 9 26 i
759 1319 184 35 Lidköping,
958 1318 177 28 Johansson
1152 1319 10 27 i
1179 1319 228 35 Friggeråker"”,
1423 1319 189 28 Abrahams-

115 1371 55 19 son
195 1364 60 26 och
281 1363 146 27 Forssell"
434 1373 11 25 ;

160 1425 69 27 från
249 1425 117 27 andra
383 1425 196 28 kammaren:
597 1426 112 27 herrar
731 1426 141 34 Winkler,
889 1426 170 35 Borggren,
1077 1426 188 35 Bäcklund”,
1281 1426 150 28 Svensson
1449 1427 10 26 i
1474 1427 138 35 Betinge-

115 1472 81 33 torp,
225 1470 187 34 Wikström",
435 1469 131 34 Lovén",
590 1469 138 36 Ryberg"
754 1471 61 26 och
843 1470 142 27 Carlsson
1010 1471 9 26 i
1046 1471 156 34 Solberga.

159 1548 14 14 >
193 1548 31 30 Ej
245 1547 175 24 närvarande
439 1547 46 24 vid
506 1547 174 24 utlåtandets
696 1547 149 31 justering.
