1896 2822
84 230 68 25 1918
170 231 31 24 år

88 275 27 15 71

181 274 23 23 g-

316 154 35 29 12
643 153 126 33 Andra
801 155 254 37 lagutskottets
1088 156 184 32 utlåtande
1302 157 53 31 Nr
1377 157 29 30 2.

311 231 71 32 Vid
404 231 275 37 framläggande
699 233 56 31 för
775 233 79 31 1918
873 234 61 31 års
952 234 150 37 riksdag
1120 245 47 21 av
1188 235 138 37 förslag
1345 236 57 32 till
1422 237 99 32 vissa
1540 238 198 36 ändringar
1759 239 12 31 i

271 282 312 37 värnpliktslagen
608 284 144 35 yttrade
779 285 262 35 föredragande
1069 286 390 35 departementschefen
1485 289 14 29 i
1526 289 249 35 föreliggande

272 333 124 35 frågor
416 333 174 36 följande:

310 409 127 32 Såsom
488 411 481 36 värnpliktskommissionen
1012 413 212 37 framhållit,
1256 416 41 29 är
1328 414 333 33 huvudändamålet
1692 417 80 31 med

269 453 247 37 mönstringen
538 455 55 31 att
614 454 121 32 lämna
758 455 264 33 vederbörande
1043 456 469 38 rullföringsmyndigheter
1534 458 240 37 tillförlitliga

271 496 185 37 uppgifter
480 498 155 31 rörande
658 498 42 32 de
724 499 267 36 värnpliktigas
1016 500 211 36 vistelseort,
1251 500 122 32 adress
1398 501 65 31 och
1487 502 89 36 yrke
1599 504 93 30 samt
1714 513 59 21 om

271 540 103 31 deras
394 541 458 36 värnpliktsförhållanden
873 543 12 30 i
907 542 129 36 övrigt.
1076 542 135 36 Dylika
1231 544 204 35 uppgifters
1455 544 190 32 lämnande
1664 547 110 34 utgör

272 593 43 20 en
340 583 209 36 nödvändig
577 584 263 36 förutsättning
868 585 57 30 för
952 587 56 30 att
1035 585 391 36 mobiliseringsverket
1454 587 92 31 skall
1575 588 121 31 kunna
1725 589 47 35 på

270 627 51 31 ett
344 626 336 32 tillfredsställande
703 629 72 30 sätt
799 628 162 35 fungera.
1005 627 478 37 Mönstringsinstitutionen
1506 631 107 34 utgör
1637 630 137 33 således

272 671 51 30 ett
354 670 57 30 för
439 669 363 38 krigsberedskapens
832 671 335 32 vidmakthållande
1197 672 225 36 nödvändigt
1451 672 58 32 led
1539 673 55 31 uti
1624 683 44 22 en
1698 673 74 32 väl-

271 713 138 32 ordnad
431 713 325 36 härorganisation.

310 757 58 31 Av
390 757 66 31 den
476 759 89 29 utav
585 757 481 37 värnpliktskommissionen
1088 759 12 30 i
1122 759 147 31 ärendet
1289 758 223 33 verkställda
1533 760 241 36 utredningen

273 801 100 31 torde
390 800 135 37 tydligt
542 801 152 35 framgå,
710 802 55 29 att
781 802 110 34 något
908 804 111 28 annat
1036 803 73 30 sätt
1126 802 57 30 för
1199 801 208 32 erhållande
1421 812 48 21 av
1486 803 43 30 de
1546 803 80 31 med
1642 804 132 30 mönst-

272 843 128 36 ringen
418 844 159 30 avsedda
594 844 197 36 uppgifter,
809 854 76 21 som
904 844 118 30 bättre
1042 844 64 31 och
1123 844 82 31 med
1224 845 140 31 mindre
1383 844 128 32 besvär
1532 845 56 30 för
1608 845 42 31 de
1668 847 106 29 väruv-

270 886 157 36 pliktiga
448 886 118 36 själva
589 889 46 28 än
658 887 58 31 det
738 887 212 31 nuvarande
971 887 448 35 mönstringsförfarandet
1442 887 207 36 tillgodoser
1671 887 103 32 såväl

271 930 136 31 statens
429 929 223 36 berättigade
674 930 91 30 krav
787 929 223 31 härutinnan
1030 940 76 21 som
1126 929 69 32 den
1218 930 177 32 enskildes
1417 930 159 36 intresse,
1598 930 76 31 icke
1696 932 78 30 står

272 973 58 31 till
353 973 100 31 buds.
498 972 73 32 Vid
594 973 129 31 sådant
750 972 227 32 förhållande
1001 973 109 35 torde,
1135 973 12 30 i
1172 972 159 36 enlighet
1355 973 81 31 med
1461 973 71 32 vad
1555 973 219 36 värnplikts-

272 1016 276 31 kommissionen
579 1015 197 37 föreslagit,
805 1017 119 34 någon
954 1016 157 35 ändring
1139 1016 13 30 i
1179 1016 62 31 det
1270 1025 50 21 nu
1350 1015 229 32 föreskrivna
1607 1015 168 36 tillväga-

273 1059 223 36 gångssättet
516 1059 57 31 för
592 1059 473 35 mönstringsuppgifternas
1084 1058 292 31 införskaffande
1394 1058 78 31 icke
1490 1058 89 31 böra
1595 1058 181 35 vidtagas.

312 1102 305 31 Erfarenheterna
639 1102 84 31 från
744 1102 101 30 såväl
867 1102 78 30 1914
967 1103 59 30 års
1048 1101 466 36 landstormsmobilisering
1535 1111 73 21 som
1632 1102 42 31 de
1695 1102 80 31 där-

272 1146 91 31 efter
384 1145 139 36 årligen
544 1145 207 32 anordnade
770 1145 235 35 lagstadgade
1024 1144 445 36 landstormsövningarna
1490 1144 95 31 hava
1608 1144 55 31 till
1685 1143 92 33 fullo

274 1189 196 36 ådagalagt
498 1188 315 35 nödvändigheten
842 1198 57 26 av,
928 1190 54 30 att
1011 1188 67 31 den
1108 1189 56 30 för
1193 1187 219 36 beväringen
1440 1187 132 32 hittills
1602 1187 175 35 stadgade

273 1232 233 35 mönstrings-
521 1232 65 30 och
604 1231 607 36 adressanmiilningsskyldigheten
1229 1231 201 31 utsträckes
1447 1230 137 36 jämväl
1602 1230 57 31 till
1676 1230 101 31 land-

275 1277 163 30 stormen.
471 1275 208 31 Frånvaron
695 1285 46 20 av
758 1275 101 35 varje
875 1275 112 30 sådan
1004 1274 205 36 skyldighet
1226 1274 56 30 för
1298 1273 243 31 landstormen
1556 1273 149 36 medför,
1721 1274 54 30 ati

274 1319 265 31 vederbörande
563 1317 332 32 landstormsrullor
920 1320 62 28 äro
1005 1318 12 29 i
1041 1317 72 35 hög
1136 1317 90 34 grad
1249 1316 262 35 ofullständiga
1535 1316 65 30 och
1624 1315 152 31 otiilför-

273 1361 131 36 litliga.
444 1361 110 31 Såväl
574 1361 79 31 med
673 1361 142 35 hänsyn
835 1360 57 31 till
912 1360 305 35 angeligenheten
1237 1369 47 21 av
1304 1361 54 29 att
1377 1359 64 31 vid
1460 1358 226 31 inträffande
1705 1368 72 21 mo-

275 1404 188 36 bilisering
482 1405 123 30 kunna
625 1404 57 31 för
700 1403 163 31 militära
883 1403 168 31 ändamål
1072 1402 84 31 fullt
1178 1402 238 35 tillgodogöra
1435 1402 58 35 sig
1510 1401 68 31 den
1600 1400 57 32 till
1677 1400 100 31 land-

275 1449 154 30 stormen
452 1447 158 32 hörande
634 1447 209 36 personalen
867 1456 74 21 som
965 1457 44 20 ur
1031 1445 229 37 synpunkten
1283 1455 46 21 av
1350 1445 44 31 de
1418 1444 236 36 lagstadgade
1676 1443 100 31 iand-

276 1491 375 35 stormsövningarnas
670 1490 172 35 behöriga
861 1489 228 36 fullgörande
1108 1489 102 31 torde
1229 1489 58 31 det
1305 1498 90 21 vara
1414 1487 291 35 oundgängligen
1726 1496 52 21 er-

276 1534 199 35 forderligt,
496 1536 54 29 att
571 1533 267 32 vederbörande
859 1532 392 36 militärmyndigheter
1271 1531 139 31 erhålla
1433 1531 13 30 i
1466 1530 205 36 möjligaste
1692 1530 85 30 mån

277 1577 239 36 tillförlitliga
547 1576 187 37 uppgifter
766 1578 92 29 även
890 1586 57 20 om
978 1575 391 31 landstormsmiinnens
1400 1573 213 36 vistelseort,
1645 1572 133 36 adress,

276 1621 89 36 yrke
394 1621 66 31 och
488 1619 469 37 värnpliktsförhållanden.
1006 1618 73 36 Jag
1108 1618 119 31 finner
1257 1617 76 35 mig
1360 1616 126 31 därför
1515 1616 87 31 böra
1632 1615 144 32 biträda

277 1663 499 38 värnpliktskommissionens
808 1662 146 36 förslag,
986 1663 55 29 att
1072 1659 473 37 mönstringsskyldigheten
1575 1658 203 32 ulsträckes

276 1709 53 30 att
351 1708 152 31 omfatta
526 1707 137 36 jämväl
685 1706 58 30 till
764 1706 243 31 landstormen
1029 1704 158 31 hörande
1208 1703 258 36 värnpliktiga.
1509 1701 268 37 Värnpliktiga,

276 1752 98 30 vilka
393 1751 66 31 vid
473 1751 69 31 den
560 1760 73 27 nya
652 1748 351 36 lagbestämmelsens
1022 1746 292 32 ikraftträdande
1332 1746 111 31 redan
1460 1745 108 31 blivit
1586 1744 191 31 överförda

277 1794 55 31 till
358 1794 254 35 landstormen,
637 1793 99 30 torde
762 1792 88 30 dock
876 1791 225 30 fortfarande
1125 1790 86 30 böra
1237 1799 89 20 vara
1351 1788 162 31 befriade
1539 1788 82 30 från
1647 1788 131 29 mönst-

276 1836 318 37 ringsskyldighet.

317 1914 58 31 Av
393 1913 187 32 enahanda
600 1912 88 34 skäl,
707 1922 74 20 som
800 1911 140 31 anförts
958 1911 13 29 i
990 1911 104 33 fråga
1114 1919 57 21 om
1188 1907 484 36 mönstringsskyldigheten,
1691 1906 86 30 böra

276 1957 371 31 landstormsmännen
665 1958 91 27 även
773 1953 228 32 beträffande
1019 1950 561 36 adressanmiälningsskyldighet
1598 1948 180 32 likställas

276 2000 79 30 med
380 1999 258 35 värnpliktiga,
664 1997 216 30 tillhörande
904 1996 227 33 beväringen.
1175 1994 127 30 Härav
1326 1993 190 34 betingade
1542 1991 197 35 ändringar
1767 1990 10 30 i

279 2041 307 37 värnpliktslagen
605 2040 100 30 torde
727 2039 121 31 därför
867 2039 85 30 böra
972 2038 176 34 vidtagas.

318 2119 18 30 I
363 2118 196 35 anledning
584 2128 46 20 av
656 2116 133 36 Kungl.
816 2115 128 36 Maj:ts
971 2114 282 36 ifrågavarande
1282 2113 137 35 förslag
1444 2111 228 32 hemställdes
1697 2111 13 30 i
1737 2120 39 21 en

279 2171 96 30 inom
391 2170 116 31 andra
521 2169 209 30 kammaren
745 2168 108 31 väckt
869 2166 145 37 motion,
1029 2167 54 30 att
1101 2166 12 30 i
1129 2164 265 38 propositionen
1411 2165 112 30 måtte
1539 2165 114 33 göras,
1670 2161 109 32 bland

278 2221 121 36 annat,
424 2221 67 31 den
515 2219 209 36 ändringen,
749 2220 53 29 att
826 2217 234 36 mönstrings-
1084 2217 65 30 och
1173 2213 605 37 adressanmälningsskyldigheten

279 2272 78 32 icke
377 2272 111 31 måtte
510 2271 204 31 utsträckas
738 2269 57 31 till
817 2269 381 31 landstormsmännen.

319 2323 251 35 Lagutskottet
600 2321 87 31 fann
716 2320 134 35 Kungl.
880 2319 128 36 Maj:ts
1038 2318 138 36 förslag
1203 2328 88 21 vara
1322 2319 110 34 ägnat
1460 2318 56 30 att
1544 2317 12 30 i
1585 2315 196 37 görligaste

277 2376 84 29 mån
390 2372 201 36 undanröja
603 2371 44 32 de
658 2372 139 34 brister,
808 2380 76 20 som
897 2369 166 32 vidlådde
1077 2369 43 31 då
1132 2368 165 37 gällande
1308 2367 275 37 värnpliktslag.
1613 2366 167 31 Vidkom-

279 2425 128 31 mande
428 2425 59 31 det
506 2424 210 32 motionsvis
738 2423 202 32 framförda
961 2423 186 36 yrkandet,
1169 2423 54 30 att
1245 2422 67 31 den
1333 2421 57 31 för
1410 2419 219 37 beväringen
1651 2418 131 33 dittills
