2229 2749
662 162 259 45 Lag-Utskottets
949 167 166 33 Utlåtande
1137 170 59 32 N:o
1219 171 47 31 14.
1681 179 36 32 15

167 238 101 40 några
311 241 164 32 särskilda
520 242 204 35 föreskrifter
761 247 129 32 utöfver
919 248 84 32 hvad
1034 249 188 42 åberopade
1252 254 197 39 stadgandet
1480 256 6 30 i
1523 256 32 30 15
1584 257 82 41 Kap.
1694 259 19 30 2
1740 261 17 41 $

166 289 342 42 Rättegångs-balken
542 294 6 31 i
578 295 89 33 detia
698 298 155 32 afseende
884 300 194 33 iunehåller.

314 341 46 33 På
389 346 108 37 grund
529 346 96 32 häraf
650 349 58 30 och
741 351 70 31 med
838 350 238 34 föranledande
1107 354 34 31 af
1164 355 256 39 ifrågavarande
1452 360 134 36 motion,
1616 362 49 30 får
1696 362 58 31 Ut-

163 394 123 33 skottet
316 396 170 31 vördsamt
516 398 184 37 hemställa,

564 503 47 29 att
653 502 187 41 Riksdagen
887 506 101 33 måtte
1030 508 48 30 för
1120 510 48 29 sin
1212 511 50 30 del
1305 512 130 32 besluta
1479 526 37 20 cn
1549 516 202 41 författning,

564 552 212 41 hvarigenom
808 554 173 40 förklaras,
1012 562 47 28 att
1089 559 82 32 hvad
1203 562 17 30 8
1248 563 17 35 &
1295 563 6 30 i
1332 563 116 37 Kongl.
1481 565 111 41 Maj:ts
1622 570 129 30 resolu-

562 604 66 31 tion
660 605 60 31 och
750 604 183 43 förklaring
962 611 89 37 uppå
1082 611 182 41 allmogens
1294 615 167 32 allmänna
1493 617 118 33 besvär
1632 621 61 30 den
1712 621 32 31 21

560 654 69 32 Juli
686 656 77 32 1793
816 658 188 34 innehåller
1058 662 172 40 angående
1286 665 116 33 förbud
1437 667 48 31 för
1526 670 222 33 landtmätare

556 709 51 28 att
636 706 108 32 såsom
775 708 405 45 rättegångsfullmäktige
1210 716 130 32 biträda
1368 718 151 34 enskilde
1549 727 112 34 parter
1677 724 69 31 icke

558 758 85 31 skall
687 768 98 22 anses
824 760 119 40 betaga
971 763 224 34 landtmätare
1237 767 63 32 den
1330 769 8 30 i
1371 769 35 31 15
1437 770 80 40 Kap.
1546 773 19 30 2
1592 775 17 40 8
1637 774 111 32 Rätte-

558 807 242 42 gångs-balken
845 812 205 41 Konungens
1094 816 144 40 betjente
1280 819 9 30 i
1328 820 182 34 allmänhet
1548 824 199 34 tillerkända

559 863 74 37 rätt,
675 865 49 28 att
765 861 98 42 åtaga
905 865 48 39 sig
994 865 287 44 fullmäktigskap,
1324 874 59 29 när
1412 872 96 32 deras
1538 875 124 33 förmän
1694 878 53 31 det

557 910 118 41 tillåta,
718 912 59 32 och
821 915 38 31 de
902 916 49 31 sin
993 917 102 40 tjenst
1136 919 133 33 dermed
1304 923 25 39 ej
1361 922 193 44 försumma,
1583 927 80 32 eller
1692 928 55 32 det

557 967 88 28 emot
672 963 98 34 deras
800 966 145 33 embetes
974 968 83 40 pligt
1085 970 26 40 ej
1143 971 129 33 strider.

304 1059 192 35 Stockholm
527 1064 62 32 den
620 1067 19 30 5
667 1067 92 33 Mars
790 1068 88 32 1874.

721 1168 45 33 På
795 1170 188 36 Utskottets
1013 1177 140 38 vägnar:

801 1303 97 43 Eric
926 1305 154 57 Sparre.

699 1721 462 67 Reservationer:

295 1832 35 32 af
366 1832 88 33 Herr
496 1834 119 35 Grefve
657 1838 128 40 Sparre,
827 1842 73 32 med
943 1843 133 34 hvilken
1107 1846 127 33 Herrar
1261 1859 59 21 von
1351 1849 165 41 Gegerfelt,
1544 1851 189 41 Philipsson

139 1881 60 32 och
241 1883 143 39 Elf:!edt
424 1886 49 40 sig
516 1886 174 35 förenade:
719 1889 70 33 Då
814 1892 57 40 jag
900 1894 106 41 aldrig
1035 1896 122 41 erfarit,
1187 1903 47 28 att
1262 1898 255 42 ifrågavarande
1548 1904 182 40 stadgande

140 1932 117 42 blifvit,
299 1936 59 32 och
403 1937 198 41 detsamma,
645 1940 36 32 så
723 1942 69 32 vidt
830 1944 57 40 jag
928 1945 123 33 förmår
1084 1948 81 40 inse,
1206 1951 26 39 ej
1271 1951 102 32 heller
1402 1953 57 30 bör
1488 1954 111 32 kunna
1631 1955 99 33 blifva

138 1985 216 34 annorlunda
384 1988 200 43 tillämpadt,
616 1996 40 28 än
687 1992 173 36 Utskottet
887 1997 74 31 med
991 2008 43 21 nu
1064 1999 187 42 föreslagna
1281 2001 182 42 förklaring
1492 2005 108 41 afsett,
1617 2005 34 32 så
1669 2017 60 22 an-

138 2045 52 22 ser
215 2036 58 41 jag
302 2039 110 32 denna
441 2041 8 30 i
480 2042 64 31 allo
574 2042 221 42 öfverflödig.<

290 2089 36 31 af
365 2089 87 33 Herr
481 2092 119 33 Grefve
628 2096 140 41 Mörner,
797 2101 86 27 emot
911 2098 35 31 så
978 2101 49 30 väl
1058 2102 63 31 den
1152 2105 35 30 af
1213 2105 170 33 Utskottet
1411 2108 192 39 begagnade
1634 2111 94 31 moti-

137 2139 122 40 vering,
290 2150 68 23 som
389 2143 54 31 det
474 2144 65 33 slut
569 2146 134 32 hvartill
734 2146 171 34 Utskottet
933 2150 147 34 kommit.
