1876 2812
525 185 288 59 Statsutskottets
836 189 179 34 utlåtande
1039 200 40 21 nr
1096 191 75 31 206.
1578 190 20 29 9

156 271 368 35 Handelskammaren
546 270 54 34 får
624 270 165 42 slutligen
813 269 149 43 påpeka,
986 274 56 29 att
1065 269 68 33 den
1159 268 151 34 svenska
1334 266 263 43 träförädlings-

109 316 197 34 industrien
324 315 99 35 alltid
444 319 138 31 strävat
603 320 55 29 att
678 314 239 35 differentiera
936 314 54 34 sin
1009 313 217 43 produktion
1245 312 66 34 och
1331 317 56 29 att
1406 312 101 34 driva
1526 311 68 34 för-

110 361 163 42 ädlingen
291 361 36 33 så
344 361 98 42 långt
460 360 52 42 sig
530 363 82 39 göra
627 360 97 33 låter.
742 360 131 33 Därest
890 358 221 42 möjligheter
1128 357 135 35 funnits
1280 356 54 35 till
1352 368 42 22 en
1412 356 189 34 fristående

108 404 198 44 bärkraftig
321 404 228 43 tillverkning
566 404 60 34 vid
646 408 53 30 ett
717 403 244 44 pappersbruk
978 403 11 33 i
1008 402 270 34 Västerbottens
1297 402 70 39 län,
1385 401 92 34 hade
1495 401 100 33 detta

110 450 194 42 säkerligen
321 450 110 33 redan
449 449 206 34 tillkommit
672 449 48 42 på
740 448 128 34 enskilt
886 447 167 34 initiativ.

155 494 368 35 Handelskammaren
540 494 108 42 vågar
665 497 91 30 även
774 497 141 38 antaga,
932 497 55 29 att
1002 491 269 43 möjligheterna
1288 491 53 34 till
1358 495 53 30 ett
1427 490 170 34 drivande

109 552 45 21 av
169 539 245 43 pappersbruk
429 539 11 34 i
456 539 203 42 anslutning
674 538 54 34 till
744 538 109 33 redan
871 537 183 43 befintliga
1070 536 190 34 industrier
1275 547 92 31 noga
1385 535 209 34 undersökts

109 585 65 33 och
191 584 212 34 undersökas
421 596 45 21 av
483 583 261 34 vederbörande
759 583 142 42 företag.

154 628 367 34 Handelskammaren
538 627 54 34 får
607 627 119 34 därför
743 627 182 33 vördsamt
943 626 171 42 avstyrka
1130 625 98 34 bifall
1247 625 53 34 till
1317 625 233 34 motionerna.

154 691 111 33 Luleå
285 690 67 34 den
373 694 42 29 22
437 702 93 22 mars
552 693 99 30 1946.

392 778 365 34 NORRBOTTENS
777 777 100 34 OCH
895 775 414 35 VÄSTERBOTTENS

533 839 123 35 LÄNS
672 839 491 35 HANDELSKAMMARE

642 931 125 32 BURE
792 929 272 33 HOLMBAÄCK.

1264 991 121 40 Birger
1400 989 196 35 Rothelius.

1408 1213 123 41 Bilaga
1549 1213 47 33 D.

156 1421 133 42 Kungl.
305 1420 127 42 Maj:ts
450 1420 65 33 och
528 1419 126 34 Rikets
670 1419 380 42 Kommerskollegium

154 1473 206 35 Stockholm

154 1625 90 34 Med
265 1624 190 43 anledning
475 1637 46 21 av
539 1624 133 42 Kungl.
694 1623 330 42 Kommerskollegii
1046 1623 120 34 remiss
1191 1635 46 21 av
1259 1623 68 34 den
1349 1626 19 29 4
1391 1635 93 21 mars
1509 1625 85 31 1946

108 1669 37 34 få
168 1670 36 33 vi
227 1669 144 34 härmed
395 1669 81 34 med
500 1669 189 42 anledning
712 1681 45 21 av
782 1669 43 33 de
848 1669 95 33 inom
967 1668 202 42 riksdagens
1193 1668 90 33 båda
1307 1668 141 33 kamrar
1471 1667 129 34 väckta

110 1714 222 33 motionerna
348 1726 58 21 om
423 1713 227 42 förläggande
667 1713 54 34 till
737 1713 270 34 Västerbottens
1023 1713 59 33 län
1099 1725 46 21 av
1161 1717 53 29 ett
1232 1712 138 42 statligt
1387 1712 81 34 eller
1486 1712 111 33 under

110 1759 122 42 statlig
249 1758 217 34 medverkan
485 1758 215 34 tillkommet
717 1757 244 43 pappersbruk
982 1756 123 35 anföra
1125 1756 168 42 följande.

154 1802 232 43 Riktigheten
401 1815 46 21 av
460 1802 279 34 motionärernas
756 1802 211 42 antagande,
983 1807 55 28 att
1055 1801 181 34 bristande
1251 1801 277 42 råvarutillgång
1542 1800 54 34 för

111 1848 67 33 den
194 1847 232 34 norrländska
439 1846 447 43 träförädlingsindustrien
900 1847 159 33 kommer
1075 1851 55 28 att
1144 1845 218 42 framtvinga
1376 1858 44 21 en
1435 1846 162 41 begräns-

111 1892 84 42 ning
211 1904 46 21 av
276 1891 67 34 den
360 1891 207 34 nuvarande
583 1891 413 42 produktionsvolymen,
1015 1890 224 42 ifrågasättes
1257 1890 77 33 icke
1352 1890 10 33 i
1380 1890 66 33 och
1462 1889 55 34 för
1535 1890 62 42 sig.

110 1937 57 33 Av
185 1936 101 33 detta
303 1935 220 34 förhållande
540 1934 54 34 får
611 1935 195 34 emellertid
823 1935 75 34 icke
916 1939 88 29 utan
1023 1934 121 34 vidare
1163 1934 69 34 den
1251 1935 192 33 slutsatsen
1461 1934 136 42 dragas,

111 1986 54 29 att
182 1979 505 44 sysselsättningssvårigheter
702 1979 145 34 komma
864 1984 54 29 att
935 1979 132 42 uppstå
1082 1979 112 33 under
1212 1978 68 34 den
1298 1978 205 43 tidsperiod,
1518 1991 78 21 var-

111 2025 111 34 under
240 2025 116 33 denna
374 2024 219 34 råvarubrist
610 2024 72 34 kan
702 2023 173 35 beräknas
893 2023 96 34 råda.
1008 2023 69 34 Vid
1097 2028 54 29 ett
1168 2023 222 34 bedömande
1409 2036 46 21 av
1475 2024 122 41 syssel-

110 2068 447 44 sättningsmöjligheterna
588 2069 111 33 under
733 2068 115 34 denna
880 2068 193 42 tidsperiod
1107 2069 114 33 måste
1254 2068 174 42 väsentlig
1458 2067 138 43 hänsyn

110 2118 89 30 även
219 2119 98 37 tagas
336 2114 52 34 till
407 2113 42 34 de
468 2113 241 42 förändringar
727 2113 11 33 i
756 2113 98 42 fråga
871 2125 57 21 om
946 2112 263 42 befolkningens
1227 2112 195 43 fördelning
1441 2113 11 32 i
1470 2112 129 34 arbets-

109 2158 76 33 föra
203 2157 67 34 och
286 2157 136 34 mindre
442 2157 196 34 arbetsföra
657 2157 127 39 åldrar,
802 2169 75 21 som
895 2156 109 34 redan
1023 2157 120 41 pågår,
1163 2156 65 34 och
1247 2168 75 22 som
1343 2156 96 34 inom
1457 2157 43 33 de
1518 2160 77 30 när-

110 2207 113 28 maste
247 2203 82 32 åren
351 2201 151 34 förutses
526 2201 95 34 bliva
642 2205 45 30 än
710 2214 74 21 mer
805 2201 188 33 markanta
1016 2201 64 33 och
1103 2200 54 34 för
1179 2201 262 41 produktionen
1464 2212 132 30 ogynn-

112 2258 147 21 samma.
284 2246 179 41 Farhågor
486 2245 46 34 ha
554 2246 162 39 uttalats,
740 2250 55 29 att
818 2246 111 33 under
951 2257 43 21 en
1020 2245 173 34 avsevärd
1216 2245 158 41 tidrymd
1400 2257 43 21 en
1468 2245 129 33 allmän

111 2291 88 32 brist
214 2291 47 41 på
275 2289 215 34 arbetskraft
504 2290 160 32 kommer
680 2295 55 28 att
748 2289 98 39 råda,
860 2289 205 33 förorsakad
1080 2301 127 29 genom
1225 2292 101 30 1920-
1343 2289 66 33 och
1425 2289 172 33 30-talens

111 2335 78 41 låga
206 2333 316 34 nativitetssiffror.
539 2334 73 33 Det
628 2334 209 41 spörsmålet
854 2333 211 33 framställer
1083 2333 51 42 sig
1153 2332 118 34 därför
1290 2333 114 39 osökt,
1422 2333 176 33 huruvida

111 2379 76 33 icke
206 2378 115 34 denna
338 2378 179 33 allmänna
535 2377 87 34 brist
639 2378 46 42 på
703 2377 215 34 arbetskraft
936 2377 160 33 kommer
1116 2382 55 29 att
1189 2389 74 21 mer
1281 2380 45 30 än
1347 2380 165 39 uppväga
1530 2377 67 33 den

111 2422 206 34 förutsedda
340 2422 245 40 minskningen
609 2434 45 21 av
678 2421 303 34 arbetstillfällena
1005 2422 96 32 inom
1125 2422 68 33 den
1217 2422 230 33 norrländska
1472 2421 125 34 träför-

112 2465 345 44 ädlingsindustrien,
479 2466 65 34 och
565 2466 177 34 huruvida
765 2466 106 42 något
894 2466 183 33 överskott
1100 2478 45 21 av
1167 2465 216 34 arbetskraft
1406 2478 59 22 ens
1488 2466 109 33 lokalt

110 2512 161 33 kommer
288 2516 54 29 att
360 2511 178 41 föreligga.
555 2511 128 41 Någon
703 2510 188 43 utredning
909 2510 122 34 härom
1049 2510 63 34 har
1130 2510 78 34 från
1228 2510 276 34 motionärernas
1523 2511 74 33 sida
