2202 2626
740 148 276 32 Bankoutskottets
1038 148 164 32 utlåtande
1225 149 52 31 Nr
1299 151 51 30 36.
1758 152 41 30 25

246 230 55 30 att
342 225 134 36 hindra
517 226 71 36 den
630 230 126 32 värsta
798 226 124 36 nöden
963 227 104 35 såväl
1108 227 58 36 för
1194 226 142 38 Granat
1365 241 79 23 som
1474 229 58 35 för
1560 229 178 49 familjen.
1795 231 44 48 Ej

246 276 115 36 heller
402 289 112 36 synes
556 278 81 47 mig
678 278 71 35 den
793 278 341 48 omständigheten,
1165 285 55 30 att
1249 278 146 37 Granat
1422 280 95 36 efter
1545 282 206 36 eventuellt
1779 296 62 23 av-

246 326 281 50 skedstagande
555 329 74 36 kan
658 329 142 36 erhålla
828 332 116 39 något
972 330 144 36 mindre
1144 330 209 37 understöd
1381 332 81 35 från
1483 332 356 38 invalidhusfonden

245 378 89 37 eller
362 378 190 38 Vadstena
594 380 403 49 krigsmanshuskassa
1038 382 91 36 böra
1157 383 193 35 föranleda
1381 386 126 45 någon
1535 384 233 49 indragning
1795 399 46 23 av

246 429 137 37 honom
412 431 55 36 till
509 436 178 45 äventyrs
729 445 47 22 av
814 433 206 47 riksdagen
1058 432 158 48 beviljat
1243 433 216 47 understöd,
1489 435 158 36 emedan
1676 436 165 37 nedsätt-

244 481 144 49 ningen
417 496 46 22 av
504 483 96 35 hans
639 483 300 48 arbetsförmåga
970 484 69 35 och
1071 484 416 49 förvärvsmöjligheter
1515 486 119 36 under
1664 488 71 35 alla
1762 501 78 22 om-

243 533 259 48 ständigheter
538 534 181 36 kvarstår.
775 534 73 36 Det
876 547 113 36 synes
1018 535 80 47 mig
1126 536 183 42 därjämte
1336 537 152 35 rättvist
1515 537 72 36 och
1616 537 138 50 billigt,
1785 544 55 31 att

243 584 62 37 det
345 585 215 45 understöd,
603 598 81 33 som
727 586 204 36 eventuellt
968 586 161 36 tilldelas
1158 586 151 48 honom,
1338 589 139 34 räknas
1506 588 83 35 från
1618 589 103 36 tiden
1750 594 90 32 nära

244 636 95 36 efter
379 636 252 48 olycksfallet,
674 639 122 34 såsom
838 650 47 23 en
911 637 111 48 ringa
1050 637 213 46 ersättning
1292 640 56 34 för
1375 639 114 36 redan
1518 639 102 36 lidna
1650 640 188 37 förluster.

244 687 218 48 Riksdagen
503 688 69 36 har
600 688 100 36 förut
736 689 99 35 visat
864 688 62 49 sig
952 689 89 48 vilja
1071 690 106 35 träda
1205 689 202 49 hjälpande
1436 691 172 46 emellan,
1638 691 67 37 där
1731 693 108 36 verk-

242 738 71 48 ligt
354 738 123 37 behov
519 740 196 48 förelegat,
758 740 70 36 och
868 743 120 46 vågar
1025 741 70 47 jag
1132 741 127 36 därför
1286 743 145 47 hoppas
1460 745 41 33 så
1530 746 60 33 må
1618 743 51 37 bli
1697 744 103 36 fallet
1828 745 12 35 i

243 790 263 49 föreliggande
534 792 78 35 sak.
668 791 75 36 För
771 805 46 23 en
846 795 42 33 så
916 793 61 35 väl
1004 792 195 37 vitsordad
1227 793 71 36 och
1326 799 184 31 strävsam
1536 808 88 22 man
1644 808 80 24 som
1745 795 94 37 Gra-

242 848 65 29 nat
336 845 118 34 måste
495 843 64 36 det
587 843 145 36 kännas
766 844 245 48 synnerligen
1040 849 114 42 tungt
1183 850 54 30 att
1265 858 39 23 se
1333 846 102 35 såväl
1463 846 60 47 sig
1550 846 96 48 själv
1675 860 80 23 som
1784 848 55 36 fa-

241 893 128 49 miljen
400 894 75 36 lida
503 894 74 36 nöd
607 897 48 46 på
683 895 124 47 grund
835 908 47 22 av
910 896 67 35 här
1004 894 161 37 berörda
1192 896 290 36 förhållanden.»

371 945 72 36 Vid
473 946 192 36 motionen
694 951 63 31 äro
786 946 138 48 fogade
952 946 113 37 bland
1094 952 116 31 annat
1238 947 168 49 följande
1435 948 215 37 avskrifter:

1588 1034 65 32 Bil.
1678 1036 28 30 6.

442 1104 14 16 »
472 1087 257 50 Länslasarettet.
1169 1093 182 42 Lidköping
1373 1094 61 32 den
1460 1095 49 31 12.
1537 1096 49 30 12.
1614 1096 92 31 1914.

370 1143 224 33 Skomakaren
624 1144 81 32 Karl
728 1144 85 32 Axel
836 1144 123 33 Granat
981 1146 72 31 från
1076 1145 189 41 Häggened,
1289 1146 93 32 Råda
1404 1147 130 38 socken,
1558 1147 108 33 soldat
1688 1147 55 33 vid
1766 1149 72 32 8:de

239 1187 196 42 kompaniet,
473 1187 203 42 Skaraborgs
710 1190 195 39 regemente,
939 1189 61 32 har
1032 1189 101 32 under
1165 1189 89 33 tiden
1286 1190 142 42 "/,—"?
1444 1214 25 16 ,,
1505 1190 219 34 innevarande
1758 1193 36 31 år
1818 1194 20 30 å

239 1231 198 41 Lidköpings
470 1231 139 33 lasarett
630 1231 135 33 vårdats
793 1232 51 32 för
867 1232 95 41 varig
983 1233 226 41 tendovaginit
1231 1233 11 31 i
1265 1233 104 41 högra
1390 1234 200 41 pekfingrets
1619 1235 216 41 böjsenskida,

238 1274 102 41 enligt
363 1274 129 42 uppgift
515 1275 217 42 uppkommen
748 1275 83 32 efter
847 1277 49 31 ett
907 1276 100 32 under
1019 1277 111 32 arbete
1143 1276 55 32 vid
1208 1276 202 42 Skaraborgs
1420 1280 204 38 regementes
1633 1279 203 32 skomakeri-

238 1319 157 31 verkstad
418 1319 61 31 den
503 1319 54 42 ?”/,
585 1320 83 30 1914
692 1319 135 41 ådraget
838 1320 133 32 skärsår
987 1321 19 31 å
1021 1320 148 41 böjsidan
1185 1331 42 21 av
1242 1321 135 40 fingrets
1392 1321 240 41 mellanfalang.
1658 1322 180 33 Senskidan

237 1362 61 32 har
330 1372 118 30 genom
482 1362 169 42 ödperation
685 1362 61 32 den
783 1362 67 43 ''/,,
885 1363 61 32 och
971 1363 68 43 ””/,,
1063 1365 87 31 måst
1173 1368 124 37 öppnas
1319 1364 12 31 i
1353 1365 74 31 hela
1450 1364 50 32 sin
1523 1366 229 41 utsträckning
1774 1367 62 31 och

237 1405 169 33 nekrotisk
440 1405 134 41 böjsena
607 1405 209 42 exstirperas.
874 1406 75 33 Som
982 1407 171 41 varaktigt
1174 1418 74 21 men
1271 1408 84 32 efter
1378 1408 132 37 skadan,
1536 1419 70 21 som
1629 1420 43 21 nu
1696 1414 36 27 är
1754 1410 82 39 läkt,

236 1450 155 31 kvarstår
410 1450 194 41 fullständig
626 1450 119 42 styvhet
766 1449 12 32 i
800 1450 135 41 fingrets
957 1451 134 31 mellan-
1115 1451 61 32 och
1198 1451 142 41 ytterled
1363 1454 86 30 samt
1470 1452 51 32 till
1545 1452 91 32 cirka
1651 1452 125 33 hälften
1787 1454 49 31 in-

236 1493 139 32 skränkt
407 1493 206 41 böjförmåga
647 1493 10 32 i
692 1493 73 32 dess
788 1493 153 33 innerled.
986 1495 66 31 Det
1073 1505 43 21 nu
1140 1494 132 33 alldeles
1295 1495 93 39 stela,
1412 1496 81 32 raka
1515 1496 120 41 fingret
1658 1501 37 27 är
1717 1497 118 32 honom

236 1537 147 41 tydligen
420 1537 136 33 särskilt
588 1536 202 33 hindersamt
823 1537 10 32 i
867 1538 82 32 hans
982 1539 82 40 yrke
1091 1549 70 21 som
1185 1539 208 39 skomakare;
1418 1540 104 32 vilket
1545 1540 60 32 allt
1627 1540 135 33 härmed
1785 1541 51 32 in-

236 1583 106 39 tygas.
390 1580 182 42 Lidköping
594 1591 71 22 som
689 1592 93 21 ovan.

1421 1627 83 32 Erik
1534 1628 125 31 Waller.

1384 1674 19 21 t.
1423 1671 18 24 f.
1460 1672 235 26 lasarettsläkare,

1580 1759 67 32 Bil.
1671 1761 29 30 7.

365 1815 154 33 Soldaten
541 1827 39 21 nr
603 1817 63 31 380
690 1817 123 32 Granat
834 1816 56 33 vid
911 1817 118 41 Kungl.
1054 1817 203 42 Skaraborgs
1279 1820 185 39 regemente
1487 1818 61 32 har
1572 1830 42 21 av
1643 1819 68 41 mig
1733 1820 102 32 under

234 1859 88 33 tiden
356 1861 85 30 6—9
465 1860 138 32 oktober
628 1861 83 31 1914
733 1861 192 32 behandlats
948 1860 51 33 för
1021 1861 117 32 vulnus
1160 1861 110 33 infect.
1295 1862 83 41 digit
1400 1863 31 31 II
1454 1873 83 21 man.
1564 1863 65 38 dx.,
1653 1863 104 32 vilket
1779 1864 56 32 sår

234 1903 65 32 han
332 1903 129 41 ådragit
494 1903 51 41 sig
578 1903 11 32 i
622 1906 219 38 regementets
875 1905 111 31 arbete
1020 1905 62 32 den
1116 1906 40 30 23
1185 1906 183 41 september
1394 1907 81 31 1914
1499 1907 61 31 och
1584 1917 71 22 som
1679 1907 154 41 övergick

233 1957 114 22 senare
369 1947 11 32 i
403 1958 40 21 en
464 1947 238 41 tendovaginit.
726 1959 90 31 supp.
840 1949 74 32 med
937 1948 190 42 fullständig
1149 1950 136 40 styvhet
1307 1950 10 31 i
1340 1950 84 32 båda
1451 1950 383 42 interfalangeallederna

233 2001 116 31 genom
371 1991 120 32 nekros
513 2002 42 21 av
578 2002 109 22 senan.
742 1992 75 32 Han
848 1992 60 32 har
932 1992 51 33 för
1006 1993 125 31 skadan
1153 1993 135 33 vårdats
1311 1994 19 32 å
1353 1993 199 42 Lidköpings
1575 1994 148 33 lasarett.
1768 1995 66 32 Det

233 2035 154 32 framtida
409 2045 75 21 men
507 2045 70 22 som
601 2036 148 41 uppstått
771 2046 117 30 genom
911 2036 134 41 fingrets
1068 2036 135 41 styvhet
1224 2037 147 33 kommer
1394 2039 51 31 att
1467 2039 44 31 all
1532 2038 139 41 framtid
1695 2039 138 32 kvarstå

232 2078 51 32 till
320 2083 67 27 stor
423 2080 237 41 inskränkning
694 2090 42 21 av
772 2080 82 31 hans
892 2080 268 41 arbetsförmåga,
1199 2081 41 32 då
1273 2081 65 32 han
1373 2085 36 28 är
1432 2081 196 33 skomakare
1651 2082 51 32 till
1724 2083 107 41 yrket.

233 2122 227 32 Ovanstående
483 2122 141 41 intygas.
671 2122 128 33 Skövde
822 2123 60 32 den
909 2125 38 31 16
971 2135 88 20 mars
1085 2125 93 31 1915.

1457 2169 75 41 Olof
1554 2170 147 33 Gertzén.

1477 2213 66 32 Leg.
1562 2214 117 25 Läkare.

362 2245 189 32 Bevittnas:
576 2246 45 34 H.
649 2246 109 39 Tham,
781 2245 139 43 Kapten.

276 2297 128 44 Bihang
427 2299 49 31 till
498 2298 188 39 riksdagens
703 2298 157 42 protokoll
885 2299 94 32 1917.
1003 2299 21 31 8
1046 2299 91 32 saml.
1184 2300 45 32 26
1250 2299 78 42 häft.
1373 2300 68 42 (Nr
1463 2301 70 41 36)
1766 2302 21 30 4
