2200 2624
400 158 40 31 26
870 151 274 32 Bankoutskottets
1165 149 165 33 utlåtande
1352 149 50 31 Nr
1423 149 52 31 36.

1682 260 64 33 Bil.
1772 261 52 31 11.

557 309 63 33 Till
643 308 121 32 Chefen
787 308 51 32 för
860 307 117 41 Kungl.
1002 305 202 40 Skaraborgs
1226 306 196 39 regemente.

487 371 74 33 Med
594 369 158 32 skrivelse
785 367 53 33 till
870 366 110 42 kungl.
1014 364 348 41 arméförvaltningens
1396 363 97 33 civila
1515 363 225 41 departement
1762 364 63 31 den
1851 365 14 30 1
1890 363 65 41 maj

362 417 83 32 1915
467 415 62 32 har
550 413 45 33 Ni
617 412 108 32 insänt
749 422 39 22 en
812 422 42 21 av
875 410 119 33 indelte
1017 410 147 32 soldaten
1186 408 55 32 vid
1265 409 201 40 regementet
1487 418 40 21 nr
1550 407 64 31 380
1630 406 80 31 Karl
1725 406 87 32 Axel
1824 406 131 38 Granat,

361 461 110 31 vilken
494 458 101 32 under
617 456 111 32 arbete
751 455 11 32 i
785 456 218 39 regementets
1025 451 353 34 skomakareverkstad
1401 451 100 32 under
1523 449 184 42 september
1729 449 121 32 månad
1875 451 81 30 1914

361 503 130 41 ådragit
512 501 51 41 sig
585 499 227 42 kroppsskada
834 498 11 32 i
867 498 102 40 högra
991 497 191 41 pekfingret,
1205 495 96 42 gjord
1317 495 144 32 ansökan
1477 496 51 30 att
1544 504 41 21 en
1600 492 84 41 årlig
1699 492 144 33 livränta
1854 493 103 32 måtte

359 549 43 40 på
425 546 104 42 grund
553 555 42 21 av
616 543 139 32 berörda
777 542 104 32 skada
902 541 141 32 tilldelas
1065 540 126 32 honom.

489 589 52 31 Då
574 586 181 33 emellertid
788 586 124 32 Granat
944 585 108 32 såsom
1084 582 195 33 tillhörande
1308 582 55 32 det
1384 581 123 32 indelta
1529 580 194 41 manskapet
1745 579 75 32 icke
1843 583 37 28 är
1902 578 55 33 be-

357 632 146 42 rättigad
536 631 52 33 till
616 629 183 41 ersättning
818 628 133 43 jämlikt
972 627 119 42 nådiga
1114 625 229 41 förordningen
1366 625 61 32 den
1451 625 39 31 18
1511 623 72 42 juni
1608 624 83 31 1909
1717 623 167 41 angående
1906 633 50 21 er-

359 676 148 41 sättning
529 675 53 32 för
604 674 112 38 skada,
741 673 142 41 ådragen
906 672 100 32 under
1027 669 353 43 militärtjänstgöring,
1398 668 60 33 och
1474 667 133 38 Granat,
1624 678 69 21 som
1710 671 84 28 ännu
1805 667 153 31 kvarstår

360 722 12 32 i
405 721 154 42 tjänsten,
594 718 72 32 icke
704 722 79 36 äger
816 718 68 31 rätt
917 716 51 32 till
1001 714 175 33 understöd
1212 713 74 32 från
1320 712 167 32 Vadstena
1509 710 349 42 krigsmanshuskassa
1881 710 77 32 eller

360 762 313 37 invalidhusfonden,
697 762 87 31 samt
806 765 78 28 enär
906 760 107 40 någon
1036 757 171 41 anledning
1231 758 51 31 att
1303 756 51 32 till
1377 755 117 41 Kungl.
1519 755 95 42 Maj:t
1636 754 77 41 ingå
1728 754 75 32 med
1818 753 139 33 särskild

359 807 242 40 framställning
623 805 10 32 i
657 806 111 31 ämnet
793 803 75 33 icke
893 806 94 38 synts
1002 802 168 41 föreligga,
1185 801 88 32 hava
1287 800 111 40 kungl.
1415 797 347 41 arméförvaltningens
1774 797 184 33 intendents

359 853 62 32 och
446 850 97 34 civila
565 850 234 40 departement,
823 858 70 21 som
916 848 202 40 gemensamt
1143 844 144 33 förehaft
1303 843 91 32 detta
1409 842 127 36 ärende,
1556 841 106 33 funnit
1676 840 283 42 framställningen

360 896 74 33 icke
456 895 110 32 kunna
588 892 51 32 till
660 892 109 40 någon
791 891 95 32 deras
909 890 116 41 åtgärd
1049 889 174 37 föranleda,
1257 898 116 21 varom
1395 886 165 33 sökanden
1582 896 116 30 genom
1721 884 87 32 Eder
1831 884 128 41 försorg

360 939 95 33 torde
478 937 216 33 underrättas.
742 934 189 33 Stockholm
954 934 61 32 den
1039 935 41 30 24
1104 931 130 42 augusti
1260 932 93 31 1915.

470 1034 38 32 F.
535 1032 218 42 Bergenholtz.
863 1029 140 33 Fredrik
1025 1028 137 33 Frölich.
1274 1026 43 32 K.
1343 1026 118 32 Radhe.
1575 1025 47 32 M.
1644 1024 206 33 Kinnander.

1592 1086 97 31 Gustaf
1702 1085 117 24 Fischer.

490 1129 82 31 Rätt
595 1125 168 34 avskrivet
785 1125 150 41 intygar:
964 1126 38 31 G.
1027 1124 131 38 Fridén,
1182 1122 168 41 Sergeant.

1686 1198 63 31 Bil.
1777 1199 51 31 14.

494 1250 154 32 Soldaten
669 1248 82 32 Karl
774 1247 133 39 Granat,
930 1244 188 42 Häggened,
1143 1243 192 42 Lidköping.

493 1311 105 32 Sedan
629 1311 58 41 jag
719 1320 44 21 nu
796 1308 162 40 noggrant
988 1305 77 33 låtit
1097 1305 182 33 undersöka
1308 1304 85 32 Eder
1415 1303 94 41 fråga
1532 1302 165 41 angående
1720 1300 176 33 understöd
1917 1301 43 41 på

361 1355 106 42 grund
490 1366 42 21 av
555 1354 85 32 Eder
663 1352 215 41 fingerskada,
902 1351 105 31 måste
1026 1351 60 41 jag
1107 1351 115 39 tyvärr
1244 1347 157 37 meddela,
1426 1349 51 30 att
1500 1346 43 32 Ni
1559 1345 73 33 icke
1647 1355 97 31 synes
1759 1345 89 31 hava
1858 1345 102 40 några

362 1399 141 33 utsikter
537 1399 51 31 att
621 1397 124 32 erhålla
778 1396 102 40 något
913 1394 116 32 sådant
1051 1403 79 22 vare
1152 1393 50 41 sig
1225 1392 74 32 från
1323 1391 166 32 Vadstena
1511 1389 350 41 krigsmanshuskassa
1883 1388 79 32 eller

360 1443 73 32 från
456 1440 312 38 invalidhusfonden,
792 1439 42 32 då
867 1438 123 32 skadan
1013 1436 73 33 icke
1108 1437 65 31 kan
1196 1446 95 22 anses
1314 1445 81 22 vara
1417 1445 41 21 av
1481 1434 61 32 den
1564 1432 233 37 beskaffenhet,
1822 1433 51 31 att
1884 1431 77 32 den-

360 1497 128 22 samma
521 1485 66 32 kan
620 1484 168 32 föranleda
811 1482 101 32 Edert
935 1481 123 31 avsked
1080 1480 72 32 från
1174 1479 230 40 militärtjänst
1425 1479 43 41 på
1490 1477 105 41 grund
1619 1487 40 21 av
1681 1474 195 40 invaliditet,
1901 1474 59 33 och

361 1531 103 40 något
486 1528 175 33 understöd
683 1528 74 31 från
780 1524 224 34 ovannämnda
1026 1524 99 32 kassa
1147 1524 78 32 eller
1247 1523 78 32 fond
1348 1522 72 32 icke
1443 1522 126 31 lämnas
1585 1521 37 32 så
1636 1520 95 41 länge
1746 1519 45 32 Ni
1807 1519 154 32 kvarstår

363 1574 13 32 i
399 1572 236 41 militärtjänst.
669 1571 64 32 Vid
756 1570 86 32 Eder
865 1569 128 40 avgång
1016 1578 38 22 ur
1076 1568 103 40 tjänst
1200 1568 148 31 kommer
1371 1565 82 32 dock
1476 1564 141 41 troligen
1629 1564 84 31 Eder
1727 1563 100 32 under
1842 1563 118 41 tjänst-

363 1617 161 42 göringen
546 1616 144 40 ådragna
712 1614 105 32 skada
839 1614 51 31 att
912 1613 137 31 beaktas
1071 1611 55 32 vid
1148 1610 244 33 fastställandet
1415 1620 41 20 av
1479 1608 86 32 Eder
1588 1607 142 42 pension.

497 1660 86 32 Från
625 1655 438 42 riksförsäkringsanstalten
1096 1665 96 31 synes
1225 1654 45 32 Ni
1304 1653 73 32 icke
1408 1652 102 32 heller
1547 1652 110 31 kunna
1693 1650 126 32 erhålla
1855 1650 106 40 någon

363 1704 153 37 livränta,
540 1703 40 31 då
601 1702 133 41 jämlikt
755 1700 111 41 kungl.
890 1698 229 41 förordningen
1141 1698 61 32 den
1227 1698 39 31 18
1287 1696 72 42 juni
1387 1697 81 31 1909
1497 1706 52 22 om
1566 1693 181 42 ersättning
1762 1694 11 31 i
1790 1693 172 40 anledning

361 1759 44 21 av
437 1746 235 42 kroppsskada,
708 1745 143 39 ådragen
867 1743 98 32 under
987 1741 353 42 militärtjänstgöring,
1363 1740 114 31 endast
1499 1737 210 43 värnpliktig,
1732 1737 153 32 volontär
1907 1736 55 32 vid

364 1792 102 32 hären
489 1791 78 32 eller
590 1790 70 38 den,
684 1799 70 22 som
778 1787 112 33 tillhör
912 1787 134 32 flottans
1069 1786 78 32 eller
1169 1783 267 34 kustartilleriets
1452 1782 255 41 stammanskap,
1724 1780 146 33 därifrån
1885 1784 77 37 äger

364 1837 70 31 rätt
456 1834 49 33 till
529 1833 151 32 livränta.

496 1878 64 31 Det
583 1877 82 32 enda
687 1875 105 33 skulle
815 1885 90 26 vara,
930 1875 50 31 att
1002 1872 44 33 Ni
1069 1872 107 33 direkt
1197 1871 172 33 hänvände
1391 1870 85 32 Eder
1498 1869 52 33 till
1565 1869 179 40 Konungen
1760 1868 74 32 med
1847 1867 114 32 under-

363 1921 100 42 dånig
486 1921 151 32 anhållan
660 1930 52 22 om
736 1918 186 33 erhållande
945 1928 40 21 av
1007 1918 101 39 något
1129 1915 161 41 tillfälligt
1313 1914 183 33 understöd.
1549 1912 193 33 Utsikterna
1766 1913 51 31 att
1840 1906 121 51 erhålla

364 1966 119 32 sådant
505 1965 93 32 torde
621 1963 84 33 dock
727 1963 74 32 icke
824 1972 80 22 vara
926 1963 99 36 stora,
1049 1970 74 22 men
1145 1960 54 32 det
1222 1964 37 27 är
1279 1959 38 41 ju
1340 1958 91 32 alltid
1454 1956 73 33 skäl
1550 1958 51 30 att
1623 1956 141 32 försöka.

498 2008 190 32 Stockholm
710 2007 63 32 den
795 2008 42 30 23
861 2005 168 33 december
1054 2005 92 31 1915.

1464 2061 105 41 Adolf
1589 2061 40 40 af
1647 2060 182 33 Jochnick.»

497 2112 246 41 Handlingarna
766 2110 124 41 återgå.
1543 2103 8 10 "

495 2200 238 37 Beträffande
775 2198 133 48 övriga
949 2196 62 37 vid
1053 2196 193 37 motionen
1288 2194 139 49 fogade
1469 2192 198 38 avskrifter
1696 2191 55 36 får
1778 2190 185 36 utskottet

367 2253 157 37 hänvisa
551 2252 56 36 till
636 2252 202 36 motionen.
