1884 2842
297 156 42 30 66
714 150 297 34 Statsutskottets
1029 149 186 35 utlåtande
1234 151 56 32 Nr
1308 153 73 38 140.

300 232 220 35 sistnämnda
542 231 174 42 budgetår
736 231 192 34 beräknats
949 231 53 34 till
1025 234 180 37 3,000,000
1226 231 141 34 kronor.
1423 234 84 29 1985
1552 231 55 32 års
1647 230 145 41 riksdag

296 286 66 33 har
395 286 123 33 vidare
552 285 113 33 fattat
697 285 119 33 beslut
840 297 59 20 om
923 289 56 28 att
1003 289 121 28 staten
1149 284 89 33 skall
1263 284 10 33 i
1299 284 72 33 viss
1396 283 250 42 utsträckning
1670 284 119 32 lämna

297 339 196 33 understöd
532 339 54 32 till
619 338 232 33 bestridande
885 350 44 20 av
962 337 282 34 skoldistriktets
1277 337 196 33 kostnader
1501 337 55 33 för
1589 337 201 33 avlönande

297 405 46 20 av
369 392 209 33 överlärare.

342 445 103 33 Efter
461 457 43 21 en
521 445 221 41 redogörelse
759 444 56 33 för
831 444 72 33 vad
920 444 340 42 skolöverstyrelsen
1277 444 11 32 i
1305 444 188 33 skrivelser
1510 443 68 33 den
1592 447 40 29 31
1648 443 143 41 augusti

297 499 67 33 och
398 498 68 34 den
497 503 19 28 2
542 498 151 33 oktober
719 502 85 29 1936
829 498 183 41 föreslagit
1036 497 229 33 beträffande
1289 497 244 41 beräkningen
1559 509 45 20 av
1629 497 162 41 anslaget

297 552 55 33 för
377 552 214 42 budgetåret
626 551 189 42 1937/1938
849 551 66 33 och
948 551 54 33 för
1027 551 281 33 statskontorets
1334 550 214 34 utlåtanden
1566 550 161 39 däröver,
1745 562 45 20 av

296 606 122 33 vilken
453 605 220 42 redogörelse
705 605 194 39 inhämtas,
933 609 56 28 att
1025 604 262 42 överstyrelsen
1312 604 192 41 ifrågasatt
1528 603 259 42 överflyttning

296 659 56 33 till
377 659 237 33 förevarande
638 659 124 41 anslag
786 671 46 20 av
857 658 95 33 vissa
976 658 149 42 utgifter
1150 657 54 34 för
1222 658 171 41 avlöning
1410 670 46 20 av
1473 658 114 32 lärare
1604 657 61 33 vid
1683 661 107 29 stats-

297 712 196 33 folkskolor
517 712 10 33 i
552 712 111 33 Luleå
687 711 81 34 stift
793 711 80 34 från
898 711 313 42 förslagsanslaget
1235 711 55 33 till
1315 710 398 41 folkundervisningens
1730 710 59 32 be-

297 765 203 42 främjande
525 766 10 32 i
560 766 111 32 rikets
695 765 221 41 nordligaste
939 768 214 38 gränsorter,
1170 765 65 32 har
1253 763 398 44 departementschefen
1668 762 122 34 anfört

297 818 174 42 följande:

345 882 80 33 Den
445 881 11 34 i
477 881 60 34 det
557 881 210 43 föregående
787 881 186 34 förordade
994 880 292 43 löneregleringen
1308 892 100 22 avses
1430 892 75 22 som
1526 884 143 29 nämnts
1690 879 98 34 skola

299 927 104 33 träda
423 926 11 33 i
452 925 98 35 kraft
570 926 68 33 den
660 929 14 30 1
695 925 142 43 januari
859 928 96 31 1938.
975 925 69 34 För
1063 925 96 34 förra
1178 925 100 34 delen
1299 937 46 22 av
1365 925 211 41 budgetåret
1598 923 190 41 1937/1938

299 971 72 33 kan
398 970 231 34 förevarande
655 970 122 42 anslag
802 970 103 34 alltså
930 970 173 33 beräknas
1129 969 135 34 utifrån
1289 970 44 33 de
1358 968 256 40 förhållanden,
1640 980 75 22 som
1740 980 49 21 nu

299 1015 180 42 föreligga.
506 1015 68 34 För
601 1027 119 22 senare
747 1015 101 33 delen
875 1027 45 21 av
946 1014 210 42 budgetåret
1183 1015 114 32 måste
1322 1013 61 34 vid
1411 1013 377 42 anslagsberäkningen

300 1059 139 42 hänsyn
463 1063 101 39 tagas
589 1059 54 34 till
667 1059 42 34 de
735 1059 156 34 ändrade
915 1058 256 40 förhållanden,
1196 1070 76 22 som
1297 1059 131 41 uppstå
1453 1069 126 31 genom
1604 1057 185 42 löneregle-

299 1116 134 30 ringen.

346 1148 103 33 Efter
475 1147 310 43 löneregleringens
811 1147 275 42 genomförande
1113 1147 85 34 böra
1224 1146 81 34 från
1332 1147 158 42 anslaget
1516 1146 173 34 bestridas
1716 1146 73 33 dels

301 1197 136 30 statens
458 1192 124 43 bidrag
603 1192 53 34 till
677 1192 43 34 de
742 1192 268 40 löneförmåner,
1032 1204 76 21 som
1130 1192 138 33 lärarna
1290 1191 99 34 skola
1412 1195 65 38 äga
1498 1190 160 42 uppbära
1681 1190 108 42 enligt

301 1238 61 33 det
384 1236 197 43 föreslagna
605 1237 423 42 avlöningsreglementet,
1051 1236 73 33 dels
1145 1236 240 33 kostnaderna
1407 1235 54 34 för
1483 1236 60 33 det
1565 1235 81 33 dem
1667 1235 11 33 i
1700 1235 89 33 före-

299 1281 214 34 kommande
539 1281 63 34 fall
628 1281 269 34 tillkommande
922 1280 236 42 provisoriska
1185 1280 313 42 dyrortstillägget,
1525 1279 73 33 dels
1624 1279 166 42 avlöning

300 1326 109 42 enligt
430 1326 94 34 äldre
543 1326 152 42 grunder
714 1346 46 4 —
779 1325 178 34 exklusive
976 1325 214 42 provisorisk
1211 1324 401 42 avlöningsförbättring
1633 1324 65 33 och
1718 1328 71 29 sär-

300 1370 114 34 skilda
435 1370 202 42 lönetillägg
658 1371 38 33 åt
717 1370 111 34 lärare
849 1369 11 34 i
882 1369 450 42 lappmarksförsamlingar
1354 1369 81 33 med
1457 1368 332 34 icke-finsktalande

301 1414 206 42 befolkning
531 1419 94 29 samt
649 1414 11 33 i
683 1412 188 36 Överkalix
895 1414 205 41 församling
1122 1434 46 4 —
1190 1413 54 33 till
1270 1413 174 34 ordinarie
1467 1413 122 40 lärare,
1614 1425 74 21 som
1713 1413 76 33 icke

300 1459 62 33 vill
383 1460 127 41 övergå
530 1459 55 34 till
605 1459 60 33 det
686 1471 72 30 nya
778 1459 250 41 lönesystemet
1049 1458 66 33 och
1137 1457 30 43 ej
1190 1457 107 34 heller
1317 1458 73 33 kan
1411 1457 117 34 därtill
1549 1457 148 42 lagligen
1719 1457 69 34 för-

299 1503 139 40 bindas,
463 1503 73 33 dels
562 1507 134 30 statens
721 1503 125 42 bidrag
870 1503 53 33 till
949 1502 282 34 skoldistriktens
1257 1501 235 35 omförmälda
1517 1502 191 33 kostnader
1734 1501 55 34 för

299 1548 198 34 avlönande
515 1560 46 22 av
579 1548 207 39 överlärare,
806 1547 74 33 dels
898 1547 195 42 ersättning
1112 1546 54 35 för
1184 1547 251 33 ovannämnda
1454 1546 335 42 flyttningskostna-

300 1593 73 39 der,
398 1592 73 33 dels
494 1592 66 33 ock
584 1592 147 50 berörda
754 1592 192 33 kostnader
970 1591 55 34 för
1048 1591 228 34 anordnande
1301 1603 46 22 av
1371 1590 119 34 försök
1514 1591 81 33 med
1619 1590 169 34 förstärk-

300 1636 372 42 ningsanordningar
656 1630 24 52 i
698 1636 117 34 skolor
838 1648 46 21 av
907 1636 29 33 B
961 1635 186 34 2-formen.
1170 1635 79 34 Vad
1272 1648 49 21 nu
1345 1634 137 35 anförts
1506 1635 101 34 torde
1630 1635 75 34 icke
1731 1635 57 34 be-

300 1681 95 34 höva
423 1681 140 33 särskilt
590 1680 190 35 motiveras
808 1685 110 29 annat
946 1684 44 30 än
1018 1680 167 34 försåvitt
1213 1681 108 41 angår
1349 1680 43 33 de
1421 1679 62 34 sist
1510 1680 155 34 nämnda
1692 1680 96 33 kost-

299 1726 168 33 naderna.

345 1769 279 43 Ifrågavarande
646 1769 237 42 anordningar
905 1769 53 33 till
981 1768 247 35 förstärkande
1252 1781 45 22 av
1320 1768 294 42 undervisningen
1640 1768 9 34 i
1673 1768 115 34 skolor

299 1827 47 22 av
362 1814 31 33 B
410 1813 175 34 2-formen
602 1817 60 30 äro
679 1825 76 22 som
771 1813 133 34 bekant
921 1825 42 22 en
979 1813 90 42 följd
1087 1826 46 21 av
1152 1816 85 30 1936
1256 1814 56 33 års
1329 1813 159 42 riksdags
1505 1813 115 34 beslut
1638 1814 150 41 angåen-

299 1859 46 34 de
370 1858 184 34 införande
579 1870 46 22 av
649 1858 230 45 obligatorisk
904 1857 132 42 sjuårig
1061 1857 186 34 folkskola.
1272 1857 18 33 I
1316 1857 69 33 den
1410 1857 10 33 i
1447 1857 212 34 sistberörda
1685 1861 103 30 ämne

299 1903 147 34 avlåtna
465 1902 263 43 propositionen
748 1914 41 21 nr
809 1905 144 36 99/1936
975 1902 65 34 och
1060 1914 46 22 av
1128 1905 86 30 1936
1234 1903 56 32 års
1310 1902 143 42 riksdag
1470 1906 78 38 togs
1568 1901 76 35 icke
1664 1901 124 35 defini-

299 1947 55 34 tiv
375 1947 166 42 ställning
561 1947 54 33 till
637 1946 196 42 detaljerna
855 1947 10 32 i
887 1947 100 33 dessa
1008 1946 248 42 anordningar.
1277 1947 74 33 Det
1373 1946 201 42 påpekades
1595 1946 191 34 emellertid

299 2004 47 22 av
369 1990 388 43 departementschefen
779 1990 67 34 och
869 2003 45 21 av
936 1990 197 42 riksdagen,
1155 1995 55 29 att
1231 1991 239 33 kostnaderna
1491 1991 141 33 komme
1654 1995 55 29 att
1732 1995 55 29 ut-

298 2039 103 39 göras
422 2048 45 21 av
487 2035 236 43 ersättningar
742 2035 54 34 till
816 2035 111 34 lärare
948 2034 54 35 för
1021 2034 396 43 övertidstjänstgöring
1438 2034 65 34 och
1523 2039 55 30 att
1599 2035 43 34 de
1662 2039 125 30 ersätt-

299 2080 125 42 ningar
443 2080 53 33 till
516 2080 122 39 lärare,
658 2091 75 22 som
752 2079 134 34 således
906 2079 109 34 skulle
1035 2080 87 41 utgå
1142 2079 79 33 från
1240 2080 61 33 det
1321 2079 250 34 ovannämnda
1591 2079 53 34 till
1667 2083 120 36 10,000

297 2125 131 33 kronor
445 2125 236 33 maximerade
699 2124 318 42 anslagsbeloppet,
1035 2124 276 42 uppenbarligen
1329 2123 76 34 icke
1422 2124 118 34 kunde
1558 2124 96 34 bliva
1671 2124 116 42 preju-

298 2169 187 34 dicerande
505 2169 10 33 i
536 2169 477 42 löneregleringshänseende,
1034 2169 46 33 då
1101 2169 60 33 det
1181 2181 83 21 vore
1285 2168 100 42 fråga
1405 2180 58 22 om
1484 2181 42 21 en
1548 2169 240 33 extraordinär

299 2214 197 42 anordning
511 2226 45 22 av
572 2226 61 21 ren
650 2213 318 34 försökskaraktär.
984 2213 18 33 I
1019 2213 165 34 skrivelse
1201 2213 67 33 den
1286 2216 20 30 7
1321 2212 65 42 juli
1405 2216 86 30 1936
1508 2212 171 35 framlade
1697 2214 90 33 skol-

298 2259 256 41 överstyrelsen
576 2258 130 42 förslag
727 2258 54 33 till
802 2258 264 33 bestämmelser
1087 2258 180 41 angående
1289 2257 252 42 dispositionen
1564 2270 45 21 av
1631 2258 155 33 nämnda

299 2302 281 43 anslagsbelopp.
603 2300 265 45 Överstyrelsen
892 2301 146 35 anförde
1061 2301 75 41 här,
1159 2306 55 30 att
1238 2302 60 33 det
1322 2302 220 41 uppstående
1566 2301 151 35 behovet
1742 2314 45 22 av

298 2348 95 33 ökad
417 2347 115 34 direkt
557 2346 251 43 undervisning
831 2346 61 34 vid
917 2346 263 34 vederbörande
1204 2346 116 34 skolor
1344 2346 77 34 icke
1443 2346 119 34 kunde
1586 2346 201 42 tillgodoses

299 2396 89 29 utan
410 2404 42 21 en
474 2391 174 42 utökning
668 2403 45 21 av
733 2391 136 33 antalet
890 2391 247 33 lärartimmar.
1158 2390 56 33 En
1236 2390 98 42 dylik
1356 2390 174 42 utökning
1549 2390 129 40 kunde,
1700 2390 87 34 fort-

298 2441 94 29 satte
412 2435 266 42 överstyrelsen,
697 2436 101 33 ernås
818 2447 125 30 genom
963 2440 55 29 att
1038 2435 168 41 antingen
1226 2434 343 42 avdelningsläraren
1589 2438 125 30 utöver
1734 2435 53 34 sin

300 2479 456 43 tjänstgöringsskyldighet
776 2484 77 29 mot
874 2483 96 30 extra
992 2479 131 34 arvode
1144 2478 238 43 tjänstgjorde
1401 2479 203 42 ytterligare
1625 2484 52 29 ett
1698 2479 89 34 min-
