2182 2622
744 158 221 33 Sammansatta
988 163 92 30 Stats-
1103 164 64 37 (och
1189 166 242 39 Lag-Vutskottets
1460 170 153 30 Utlåtande
1634 173 62 29 N:o
1719 175 27 28 7.

935 240 73 37 öka
1032 239 338 53 förslagsanslaget:
1396 246 248 39 lönetillskott
1657 249 39 37 åt
1714 251 118 37 lärare
1850 251 64 38 vid
1938 251 97 40 folk-

839 289 126 37 skolor
1005 292 67 36 och
1111 293 205 38 småskolor
1353 297 87 36 med
1481 300 132 44 50,000
1647 300 148 48 kronor,
1835 303 89 36 eller
1959 303 85 38 från

840 342 194 45 8,100,000
1061 343 139 37 kronor
1225 346 59 36 till
1312 348 195 46 8,150,000
1533 351 155 46 kronor;

940 391 36 43 b)
1016 394 189 48 medgifva
1242 397 227 48 vidtagande
1508 400 41 37 af
1575 401 114 38 sådan
1718 403 158 48 ändring
1901 405 13 36 i
1941 404 104 48 fråga

838 454 61 24 om
940 443 195 38 aflönande
1166 446 38 36 af
1230 446 45 38 de
1301 449 13 35 i
1341 445 18 49 $
1389 452 17 33 1
1436 463 110 25 mom.
1575 456 18 33 1
1623 452 41 37 af
1688 454 135 47 nådiga
1850 456 196 47 kungörel-

838 505 63 25 sen
942 494 190 48 angående
1171 497 195 39 aflönande
1401 500 42 37 af
1465 502 139 38 vikarie
1630 503 59 38 för
1716 506 117 36 lärare
1860 506 63 37 vid
1950 506 96 37 folk-

836 544 106 36 skola
981 546 89 36 eller
1107 547 184 38 småskola
1330 551 120 36 under
1480 552 277 50 tjänstledighet
1783 556 48 47 på
1856 558 124 45 grund
2007 558 41 36 af

836 594 173 46 sjukdom
1036 597 71 36 den
1138 600 17 33 1
1179 599 84 47 juni
1285 602 96 35 1900
1401 601 247 40 omförmälda
1665 607 171 46 vikarier,
1855 613 55 31 att
1928 608 114 37 sådan

836 646 142 37 vikarie
1017 647 104 46 skall,
1157 648 164 39 förutom
1348 651 120 50 öfriga
1495 654 153 48 angifna
1673 656 197 49 förmåner,
1897 658 146 47 åtnjuta

836 695 154 39 arfvode
1017 697 91 38 efter
1134 700 113 37 minst
1273 704 73 35 800
1369 704 141 37 kronor
1526 705 59 37 för
1601 705 77 38 åtta
1696 708 194 39 månaders
1909 709 133 38 under-

835 747 223 48 visningstid
1085 750 90 37 eller
1203 753 72 36 100
1302 753 140 38 kronor
1467 755 59 37 för
1551 757 203 49 läsmånad,
1780 766 95 32 samt

936 799 71 36 öka
1045 798 338 52 förslagsanslaget:
1425 806 132 48 bidrag
1594 809 59 36 till
1684 810 194 39 aflönande
1904 814 13 35 i
1944 815 98 36 vissa

834 847 67 37 fall
941 849 42 36 af
1017 851 140 37 vikarie
1195 852 58 37 för
1285 855 119 37 lärare
1432 858 90 35 eller
1547 860 190 37 lärarinna
1763 862 63 36 vid
1853 863 187 38 folkskola

835 899 89 36 eller
962 900 186 38 småskola
1186 904 85 37 med
1311 907 135 45 25,000
1487 909 139 38 kronor
1653 912 91 36 eller
1769 912 83 37 från
1882 916 157 44 100,000

833 949 141 38 kronor
999 952 59 35 till
1087 954 159 45 125,000
1273 956 152 47 kronor;

935 1001 33 45 c)
1008 1002 188 48 medgifva
1235 1007 226 47 vidtagande
1502 1010 42 36 af
1570 1010 112 38 sådan
1711 1014 158 48 ändring
1895 1017 13 35 i
1934 1016 105 48 fråga

833 1060 68 27 om
922 1052 46 37 de
995 1054 10 35 i
1032 1050 19 49 $
1081 1056 18 33 1
1128 1055 41 36 af
1190 1056 135 48 nådiga
1352 1059 244 47 kungörelsen
1626 1066 190 44 angående
1841 1067 197 38 aflönande

832 1101 42 36 af
896 1103 140 37 vikarie
1066 1104 58 37 för
1149 1107 119 37 lärare
1293 1109 65 37 vid
1385 1110 42 36 af
1448 1112 190 49 landsting
1664 1116 90 36 eller
1779 1117 92 47 stad,
1898 1131 80 24 som
2006 1120 30 46 ej

832 1153 12 35 i
870 1153 191 48 landsting
1100 1156 175 49 deltager,
1317 1160 182 38 inrättadt
1534 1164 503 42 småskollärarseminarium

831 1203 121 37 under
990 1206 277 48 tjänstledighet
1296 1210 48 47 på
1371 1213 124 46 grund
1522 1213 41 37 af
1585 1216 172 45 sjukdom
1786 1218 71 37 den
1887 1221 44 35 31
1961 1218 74 55 maj

834 1256 93 34 1901
959 1256 244 38 omförmälda
1229 1260 169 48 vikarier,
1426 1269 54 31 att
1498 1264 113 38 sådan
1631 1267 140 37 vikarie
1789 1270 105 47 skall,
1914 1271 123 37 därest

830 1304 74 37 han
932 1306 113 47 aflagt
1079 1307 433 54 folkskollärarexamen,
1547 1315 165 40 förutom
1748 1319 117 48 öfriga
1884 1322 152 46 angifna

830 1354 196 48 förmåner,
1067 1358 143 48 åtnjuta
1249 1362 152 39 arfvode
1441 1365 91 38 efter
1571 1368 114 37 minst
1713 1371 72 35 800
1812 1372 139 36 kronor
1976 1372 60 38 för

830 1406 78 36 ätta
933 1407 194 40 månaders
1154 1411 341 50 undervisningstid
1522 1419 90 36 eller
1640 1421 73 35 100
1735 1421 139 37 kronor
1892 1422 58 37 för
1968 1425 66 35 läg-

828 1456 147 39 månad.

529 1551 216 41 Stockholm
773 1557 69 37 den
872 1561 45 34 15
947 1562 94 46 april
1071 1564 105 36 1905.

812 1658 51 38 På
889 1660 63 37 det
978 1671 263 31 sammansatta
1267 1669 200 37 utskottets
1493 1669 152 54 vägnar:

996 1746 39 37 T.
1062 1741 394 50 ZETTERSTRAND.

864 2255 137 31 Stockholm,
1021 2258 50 23 Ivar
1088 2260 156 28 Heggströms
1262 2262 148 29 Boktryckeri
1428 2265 74 29 A.-B.,
1522 2268 60 22 1907.
