2162 2577
710 183 251 34 Statsutskottets
989 181 172 32 Utlåtande
1184 180 62 32 N:o
1269 183 53 27 26.
1768 177 42 30 19

321 268 73 36 Till
421 268 78 35 stöd
529 267 55 36 för
612 267 65 36 sitt
704 264 291 50 afslagsyrkande
1031 263 64 35 har
1122 262 81 35 herr
1230 260 123 36 Hedin
1384 260 171 47 åberopat
1583 258 93 35 hvad
1709 259 95 35 1901

213 324 56 34 års
309 322 160 46 Riksdag
512 322 12 34 i
560 321 56 35 sin
656 321 63 35 här
747 319 108 36 ofvan
883 316 206 37 meddelade
1118 314 184 37 skrifvelse
1331 314 12 35 i
1370 316 122 33 ämnet
1519 312 129 35 anfört.
1705 312 105 35 Inne-

217 376 132 35 hörden
377 375 38 35 af
442 375 117 35 denna
587 373 185 36 skrifvelse
803 384 81 23 vore
915 393 40 3 —
983 372 117 46 yttrar
1127 369 222 35 motionären
1380 388 40 4 —
1441 368 54 34 att
1508 365 206 47 Riksdagen
1730 364 78 35 icke

215 429 81 35 ville
325 429 56 35 för
409 427 236 37 fortsättande
674 427 38 35 af
738 422 426 50 dubbelspårsbyggande
1180 434 130 35 genom
1325 420 192 36 Södertörn
1534 418 131 48 bevilja
1681 417 125 41 medel,

215 483 118 35 förrän
368 481 206 46 Riksdagen
614 480 95 46 finge
737 491 36 23 se
803 491 42 22 en
871 476 213 46 fullständig
1111 475 65 35 och
1203 473 224 48 jämförande
1455 472 195 46 utredning
1678 484 57 23 om
1765 471 45 35 de

212 535 95 35 olika
335 533 246 46 sträckningar
610 532 55 35 för
693 532 212 35 stambanan
934 530 145 34 söderut
1107 528 78 35 från
1215 526 223 44 Stockholm,
1468 538 76 22 som
1564 526 88 34 satts
1667 525 13 34 i
1695 525 110 46 fråga.

215 589 55 35 Då
299 600 43 22 en
376 587 109 36 sådan
515 585 195 47 utredning
738 597 49 22 nu
816 583 75 36 icke
916 582 122 36 blifvit
1066 581 188 46 framlagd,
1284 582 123 45 syntes
1435 579 62 35 det
1524 578 220 35 motionären
1775 578 33 46 ej

213 653 81 23 vara
324 640 10 34 i
359 640 54 35 sin
443 639 154 46 ordning
625 640 54 33 att
704 637 130 47 bevilja
858 636 61 36 det
946 636 56 34 för
1021 633 270 47 ifrågavarande
1310 631 164 37 ändamål
1494 631 127 36 äskade
1636 630 172 47 anslaget.

319 905 126 46 Enligt
488 905 93 34 hvad
615 904 177 35 utskottet
829 903 189 41 inhämtat,
1049 901 107 34 hafva
1190 899 80 35 med
1298 898 196 46 anledning
1522 898 37 34 af
1587 896 220 35 framställda

211 959 131 46 förslag
386 957 147 35 rörande
571 970 51 34 ny
664 955 241 48 ingångslinje
944 954 55 35 för
1026 954 68 34 den
1125 952 195 36 söderifrån
1348 951 57 35 till
1429 950 209 36 Stockholm
1672 948 136 36 inkom-

211 1011 127 36 mande
366 1010 207 36 statsbanan
603 1009 55 35 för
689 1010 97 34 1901
809 1010 56 33 års
885 1005 387 49 bangårdskommittés
1293 1004 155 47 räkning
1462 1002 202 36 verkställts
1684 1002 124 35 under-

211 1064 191 47 sökningar
431 1064 66 35 och
526 1063 192 48 uppgjorts
747 1060 411 45 kostnadsberäkningar
1187 1059 53 35 för
1259 1057 222 47 anläggande
1501 1056 37 35 af
1553 1055 254 47 dubbelspårig

210 1117 183 36 statsbana
419 1118 21 33 å
469 1116 107 36 bland
604 1116 110 35 andra
742 1115 157 47 följande
928 1114 121 46 linjer:

314 1172 59 42 A.)
402 1170 105 47 linjer
544 1169 82 35 med
663 1167 327 47 afvikningspunkt
1024 1167 78 34 från
1145 1167 112 34 västra
1296 1164 211 36 stambanan
1551 1163 59 34 vid
1653 1162 152 35 Gnesta:

320 1222 35 49 1)
385 1219 782 40 Gnesta-—Linasundet—Ekerön—Lofön
1182 1241 34 1 —
1226 1218 238 35 Hufvudsta—
1492 1215 207 37 Stockholm
1716 1215 90 45 (Mä-

210 1277 189 47 larölinje);

317 1331 34 42 2)
390 1329 168 35 Gnesta—
573 1317 213 62 Södertälje
801 1327 197 35 —Ekerön—
1168 1324 282 35 Lofön—Hufvudsta—
1465 1321 209 37 Stockholm
1722 1321 86 44 (Mä-

209 1383 192 46 larölinje);

317 1437 34 43 3)
398 1433 386 47 Gnesta
553 1422 20 62 —
588 1433 196 47 Södertälje
820 1455 3 2 —
859 1433 117 47 Vårby
991 1453 24 2 —
1033 1432 238 45 Hägersten--
1293 1429 249 46 Essingeöarna
1560 1426 246 37 —Stockholm

209 1489 253 47 (Vårbylinje);

316 1543 36 43 4)
406 1541 134 35 Gnesta
559 1529 269 61 —Södertälje—
852 1537 373 49 Vårby
990 1529 24 61 —
1028 1537 197 49 Stensborg—
1284 1536 298 46 Essingeöarna—
1595 1533 209 36 Stockholm

210 1595 249 47 (Vårbylinje).

314 1646 57 48 B.)
400 1647 107 47 linjer
537 1647 80 34 med
646 1645 327 47 afvikningspunkt
1001 1644 79 35 från
1112 1645 113 33 västra
1248 1641 212 36 stambanan
1490 1640 60 35 vid
1573 1640 185 46 Saltskog:

317 1702 33 44 35)
379 1699 457 47 Saltskog—-Södertälje—
853 1698 140 35 Ekerön
1022 1719 1 2 —
1060 1696 151 35 Lofön—
1213 1693 486 37 Hufvudsta—Stockholm
1715 1692 91 45 (Mä-

207 1754 187 47 larölinje);

316 1809 34 43 6)
370 1805 467 48 Saltskog
564 1794 20 63 —
599 1805 206 48 Södertälje
812 1794 20 63 —
855 1805 112 46 Vårby
989 1825 24 2 —
1024 1801 559 48 Hägersten
1245 1794 24 63 —
1288 1801 295 50 Essingeöarna-—
1597 1798 209 36 Stockholm

209 1860 252 48 (Vårbylinje);

318 1914 33 44 7)
382 1901 176 61 Saltskog
573 1901 268 61 —Södertälje—
863 1930 395 2 Vårby-—Stensborg—
1287 1905 517 50 Essingeöarna—Stockholm

208 1965 248 49 (Vårbylinje).

313 2020 21 34 I
363 2032 43 22 en
434 2019 57 35 till
520 2018 179 35 utskottet
728 2018 78 34 från
836 2017 220 35 kommittén
1085 2015 243 35 öfverlämnad
1357 2013 238 49 promemoria
1623 2011 180 36 meddelas

209 2077 158 32 närmare
400 2071 262 49 upplysningar
690 2083 56 22 om
777 2071 42 34 de
848 2070 209 46 ifrågasatta
1086 2068 95 35 olika
1208 2068 171 47 linjernas
1407 2067 107 46 längd
1543 2066 66 35 och
1639 2065 165 37 kostnad,

207 2127 99 35 deras
347 2125 173 46 lutnings-
563 2124 66 35 och
674 2122 446 48 krökningsförhållanden
1164 2135 45 21 m.
1248 2133 62 33 m.;
1348 2120 66 35 och
1443 2119 198 36 innehåller
1669 2130 134 36 prome-

207 2179 135 45 morian
386 2177 169 46 slutligen
599 2176 157 48 följande
799 2175 221 48 redogörelse
1065 2175 54 34 för
1156 2175 141 46 frågans
1326 2173 222 47 behandling
1576 2173 96 34 inom
1704 2171 96 35 kom-

207 2233 143 36 mittén:
