2184 2581
388 166 38 31 10
877 166 251 33 Statsutskottets
1156 167 171 33 Utlåtande
1349 168 62 32 N:o
1435 171 53 29 26.

383 248 178 35 Stretered
605 247 245 36 tillförbundit
895 248 55 47 sig
991 250 54 34 att
1092 248 251 36 kostnadsfritt
1389 249 55 35 för
1490 251 136 34 statens
1670 251 187 47 järnvägar
1899 251 74 35 till-

384 300 222 35 handahålla.

596 407 75 35 Vid
698 405 203 49 Fässberg:

384 494 233 49 Uppförande
660 495 36 35 af
738 495 212 35 boställshus
992 495 81 35 med
1110 497 18 34 5
1171 508 79 22 rum
1284 496 65 35 och
1380 499 19 32 5
1432 496 70 35 kök
1528 497 113 47 jämte
1670 497 108 35 uthus
1807 498 67 34 och
1904 497 70 36 käl-

490 548 71 36 ÅAR
591 579 28 4 oo
629 579 64 4 oeeen
700 579 53 5 seas
769 579 31 4 ren
808 579 74 4 soroneo
902 579 39 4 ann
948 580 65 3 sonson
1021 580 27 3 ann
1056 580 28 3 one
1091 580 39 3 one
1151 580 39 4 noen
1200 580 61 4 sonson
1270 579 26 5 bon
1305 581 51 3 ooo
1378 580 61 4 nonan
1459 580 16 4 on
1483 581 27 3 non
1518 581 28 3 on
1553 581 29 3 non
1588 581 29 3 non
1630 581 24 3 nn
1665 580 24 5 nn
1748 552 140 43 20,000
1920 551 52 35 kr.

490 620 172 35 Bostäder
685 620 12 34 i
726 621 133 34 statens
884 621 205 46 järnvägars
1117 620 68 35 hus
1208 620 170 36 saknades
1407 621 55 35 för
1493 623 19 33 5
1544 621 322 47 stationsbetjänte.

1008 779 62 35 IV
1098 779 245 36 Distriktet.

597 885 74 35 Vid
703 884 191 48 Toretorps
920 883 188 49 lastplats:

386 973 232 49 Uppförande
662 974 37 34 af
739 974 215 35 boställshus
1001 974 79 34 med
1130 976 12 33 1
1190 986 78 23 rum
1309 975 65 34 och
1417 974 71 36 kök
1527 976 111 46 jämte
1674 975 107 35 uthus
1811 974 66 36 och
1907 974 68 35 käl-

487 1023 7 50 |
491 1027 70 34 5557
1777 1028 114 41 5,700
1921 1028 52 34 kr.

490 1097 226 47 LTastplatsen
758 1097 194 34 förestodes
990 1109 49 21 nu
1076 1097 37 34 af
1153 1097 67 34 den
1258 1098 19 34 å
1311 1097 227 46 vidliggande
1566 1098 211 35 bansträcka
1805 1100 171 44 tjänstgö-

385 1150 106 35 rande
534 1150 215 34 banvakten.
805 1149 158 35 Särskild
1004 1149 180 47 platsvakt
1226 1150 107 34 borde
1376 1150 197 35 emellertid
1618 1151 62 35 där
1717 1151 177 43 anställas,
1939 1151 37 34 så

386 1205 97 33 snart
510 1202 127 36 bostad
662 1202 120 35 blifvit
809 1202 55 35 för
892 1202 107 35 sådan
1025 1202 191 35 anordnad.

598 1308 74 35 Vid
701 1307 188 48 Kulafors:
1088 1296 14 9 :

386 1397 255 48 Nedläggning
669 1398 37 34 af
733 1398 163 45 VagnhVÅg
918 1427 308 3 mmosmmsseeeesesensn
1239 1427 349 5 sensoronnonnnnnnonsnoonnnnonnn
1600 1429 46 3 nana
1653 1393 42 56 nonan
1780 1400 112 39 6,600
1923 1398 51 35 kr.

490 1467 436 48 Vagnslastgodstrafiken
965 1467 55 35 för
1055 1467 229 47 närliggande
1312 1468 223 35 industriella
1564 1469 258 47 anläggningar
1850 1469 125 47 gjorde

387 1523 161 45 vagnvåg
577 1521 60 35 vid
665 1520 177 36 stationen
872 1520 166 47 behöflig.

597 1627 75 34 Vid
700 1625 176 36 Bollnäs:

386 1715 232 48 Uppförande
648 1715 36 35 af
713 1715 318 48 expeditionslokal
1060 1715 58 35 vid
1142 1715 287 46 godsmagasinet
1444 1745 245 4 m.m.
1775 1717 115 42 5,000
1922 1715 51 35 kr.

490 1787 81 34 Den
600 1787 56 34 för
684 1786 339 47 godsexpeditionen
1052 1785 129 35 hittills
1210 1785 161 35 använda
1398 1785 142 35 lokalen
1562 1786 13 34 i
1594 1786 257 34 stationshuset
1867 1785 107 35 erfor-

385 1839 123 35 drades
547 1851 148 23 numera
734 1839 55 35 för
830 1841 110 33 annat
977 1838 174 36 ändamål.
1209 1838 375 48 Godsexpedieringen
1612 1838 59 36 vid
1698 1838 116 36 denna
1842 1838 133 36 station

387 1892 106 36 borde
522 1892 66 36 ock
616 1892 193 48 lämpligen
837 1892 62 35 ske
927 1892 13 34 i
967 1892 96 35 lokal
1086 1892 59 34 vid
1174 1892 208 46 magasinet.

386 1981 233 49 Uppförande
643 1981 38 35 af
708 1980 202 48 oljekälläre.
951 2011 323 4 mossen
1302 2010 247 5 sensonnnnsennnonnnnn
1556 2010 29 4 son
1592 2011 29 3 non
1629 2011 63 4 nonan
1775 1982 116 42 4,000
1922 1980 52 35 kr.

492 2052 170 35 Källaren
691 2051 113 36 skulle
833 2052 179 48 inrymma
1040 2051 228 47 oljeförrådet
1296 2051 55 36 för
1379 2051 200 36 distriktets
1607 2051 176 49 sydligare
1807 2051 71 40 del,
1899 2063 76 23 som

386 2105 102 48 eljest
521 2105 116 36 skulle
674 2105 78 35 från
791 2098 198 43 Östersund
1026 2105 88 48 fylla
1142 2105 64 35 sitt
1233 2105 121 35 behof.
1411 2105 345 48 Transporterandet
1784 2105 37 34 af
1849 2104 43 35 de
1921 2105 56 34 för

385 2159 153 36 nämnda
576 2158 58 35 del
671 2159 37 34 af
743 2158 182 35 distriktet
961 2158 176 47 behöfliga
1173 2158 218 46 mängderna
1428 2158 91 47 oljor
1548 2158 144 35 komme
1720 2170 130 34 genom
1882 2157 91 36 före-

385 2212 122 48 slagna
535 2211 239 47 anordningar
802 2213 54 33 att
883 2211 177 35 afsevärdt
1088 2210 190 36 förenklas.
