1902 2824
276 173 37 30 18
669 173 120 30 Första
810 170 237 36 lagutskottets
1067 166 178 32 utlåtande
1268 166 49 30 Nr
1346 166 52 29 56.

411 257 140 38 (Kungl.
580 257 120 36 Maj:ts
728 254 162 39 förslag:)
1208 248 208 39 (Utskottets
1445 246 160 39 förslag:)

986 320 36 30 17
1047 319 29 37 8.

323 382 91 35 Över
436 384 219 37 myndighets
678 382 111 31 beslut
813 380 140 37 jämlikt
976 380 19 30 3
1018 379 18 37 $
1061 378 111 30 första
1195 376 131 36 stycket
1351 374 68 36 må,
1444 374 62 30 där
1529 373 193 35 Konungen
1747 371 37 31 så

279 437 194 35 förordnat,
493 436 126 35 klagan
637 434 77 30 icke
734 433 104 30 föras.

323 487 128 36 Beslut,
472 496 72 21 som
564 485 203 37 myndighet
784 483 11 30 i
813 484 108 29 annat
940 480 61 31 fall
1019 480 45 30 än
1081 479 10 29 i
1111 478 111 31 första
1239 477 133 36 stycket
1391 484 97 22 avses
1506 473 173 31 meddelat
1698 472 85 37 jäm-

279 540 64 30 likt
366 540 19 29 3
407 538 29 37 8,
459 537 38 31 så
515 536 65 31 ock
600 535 219 37 myndighets
839 532 115 31 beslut
974 530 139 37 jämlikt
1137 530 18 29 2
1178 529 29 37 $,
1230 529 19 30 8
1271 528 18 37 $
1313 527 111 30 första
1446 525 131 37 stycket
1599 524 83 30 eller
1705 523 38 30 10
1767 519 18 39 $

280 590 88 30 skall
384 593 87 27 utan
486 587 123 31 hinder
625 596 43 21 av
685 586 78 30 förd
779 584 128 36 klagan
923 582 104 31 lända
1043 581 52 30 till
1112 578 236 36 efterrättelse,
1367 576 88 31 intill
1472 577 75 29 dess
1565 573 220 32 annorlunda

280 642 70 30 kan
368 640 109 31 varda
494 638 192 31 förordnat.

991 718 38 29 18
1050 716 29 37 8.

325 784 193 35 Konungen
538 783 81 35 äger
638 779 159 32 meddela
817 778 42 30 de
879 778 160 30 närmare
1059 772 269 35 bestämmelser,
1351 780 76 21 som
1450 769 174 31 erfordras
1646 766 57 31 för
1722 765 63 30 tiil-

281 834 181 38 lämpning
480 842 43 22 av
540 833 114 30 denna
671 832 65 35 lag.

326 936 124 31 Denna
469 935 56 37 lag
546 934 117 30 träder
682 932 12 30 i
715 931 93 31 kraft
832 930 68 30 den
925 930 14 29 1
963 927 62 37 juli
1050 927 83 29 1942
1156 927 89 29 samt
1266 923 108 37 gäller
1395 921 52 31 till
1468 921 64 30 och
1555 919 81 30 med
1659 918 65 30 den
1746 917 40 30 30

281 987 77 38 juni
377 987 93 30 1943.

326 1036 250 32 Förordnande
597 1034 106 36 enligt
729 1034 14 29 1
769 1033 18 37 8
810 1040 83 21 vare
914 1030 31 37 ej
968 1028 158 38 gällande
1148 1027 116 36 längre
1286 1025 45 30 än
1353 1024 102 36 lagen
1478 1023 80 35 äger
1579 1019 164 38 giltighet.

326 1087 193 32 Föreskrift
540 1086 82 31 eller
642 1085 113 30 beslut
775 1082 140 38 jämlikt
937 1082 30 35 2,
989 1081 29 35 3,
1041 1080 30 35 5,
1096 1079 30 35 8,
1149 1079 20 29 9
1191 1077 80 30 eller
1295 1076 40 30 10
1358 1075 18 37 $
1399 1074 82 30 eller
1500 1070 181 32 utfästelse
1702 1069 85 36 jäm-

282 1141 64 30 likt
368 1141 20 29 4
413 1140 18 36 8
454 1138 87 31 skall
562 1136 31 37 ej
616 1136 92 36 gälla
729 1135 117 35 längre
868 1133 47 30 än
937 1129 235 33 förordnande
1196 1136 73 22 som
1293 1135 83 27 nyss
1399 1127 91 33 sagts
1513 1123 39 29 är
1574 1120 169 38 gällande.

327 1188 192 33 Föreskrift
540 1187 141 37 jämlikt
702 1187 19 30 3
744 1186 18 36 8
785 1184 81 31 eller
888 1181 177 32 utfästelse
1089 1178 139 38 jämlikt
1250 1178 19 29 4
1293 1177 18 37 $
1336 1176 82 30 eller
1441 1173 122 32 sådant
1586 1171 126 31 villkor
1732 1170 56 30 be-

283 1241 179 32 träffande
478 1240 121 35 högsta
615 1237 83 37 pris,
715 1245 74 22 som
805 1235 11 30 i
834 1232 186 36 anledning
1036 1240 43 22 av
1095 1231 115 30 denna
1224 1229 56 35 lag
1294 1225 186 38 uppställts
1501 1224 5 30 i
1523 1222 171 32 samband
1710 1219 80 32 med

283 1291 229 33 meddelande
534 1299 42 21 av
599 1286 181 33 föreskrift
803 1285 106 36 enligt
933 1285 18 29 5
977 1283 29 36 $,
1030 1281 90 31 skall
1143 1280 77 30 icke
1243 1279 64 36 äga
1331 1275 220 37 tillämpning
1575 1274 11 30 i
1610 1272 100 36 fråga
1732 1280 57 21 om

284 1343 92 32 avtal
397 1352 58 22 om
474 1342 69 35 köp
563 1340 83 31 eller
663 1336 186 33 utförande
868 1343 44 22 av
931 1333 115 37 tjänst,
1066 1340 76 22 som
1163 1329 111 32 slutits
1295 1328 110 30 innan
1426 1324 223 33 föreskriften
1670 1322 120 30 trädde

283 1395 11 30 i
316 1394 98 31 kraft
437 1393 81 30 eller
538 1389 206 32 utfästelsen
765 1387 80 31 eller
869 1384 159 31 villkoret
1049 1382 80 30 blev
1153 1379 167 38 gällande,
1346 1377 120 31 såvida
1488 1376 11 29 i
1524 1374 127 31 avtalet
1674 1373 114 30 veder-

283 1447 91 35 laget
393 1443 100 31 blivit
512 1442 50 30 till
580 1441 163 35 beloppet
760 1437 160 31 bestämt.

328 1497 14 29 I
370 1496 39 30 13
436 1495 18 37 8
477 1491 182 33 meddelad
683 1487 179 33 föreskrift
888 1496 58 20 om
969 1482 247 39 tystnadsplikt
1239 1481 65 30 och
1328 1479 69 30 vad
1419 1478 11 30 i
1453 1478 98 35 lagen
1576 1474 138 36 stadgas
1738 1474 51 29 rö-

283 1547 111 31 rande
413 1543 230 33 överträdelse
661 1550 43 21 av
722 1548 134 23 samma
875 1534 179 33 föreskrift
1072 1534 165 30 ävensom
1256 1532 67 30 vad
1343 1530 65 30 där
1428 1528 136 35 stadgas
1585 1526 11 29 i
1616 1524 99 37 fråga
1734 1533 56 21 om

285 1600 108 29 annat
415 1597 101 34 brott,
541 1603 75 22 som
638 1591 133 37 begåtts
793 1589 113 30 under
929 1587 93 30 tiden
1044 1584 57 31 för
1124 1584 43 30 de
1189 1583 11 29 i
1222 1583 98 35 lagen
1347 1578 202 32 meddelade
1572 1574 217 33 bestämmel-

285 1657 119 23 sernas
427 1646 163 37 giltighet,
617 1642 90 32 skall
730 1642 63 35 äga
815 1637 219 37 tillämpning
1056 1636 88 29 även
1169 1633 86 31 efter
1279 1632 57 30 det
1359 1631 117 36 lagens
1498 1626 259 32 bestämmelser
1780 1624 11 30 i

285 1699 112 37 övrigt
413 1697 153 37 upphört
582 1697 50 29 att
649 1693 99 37 gälla.

329 1747 194 34 Föreskrift
541 1746 82 31 eller
642 1744 123 34 beslut,
786 1750 75 23 som
881 1737 189 33 meddelats
1091 1734 140 38 jämlikt
1251 1734 30 36 2,
1302 1734 30 35 3,
1354 1733 30 34 4,
1407 1732 30 35 8,
1460 1731 19 30 9
1500 1729 82 31 eller
1604 1729 39 29 11
1666 1727 18 37 $
1706 1721 84 46 pris-

284 1799 288 39 regleringslagen
598 1797 68 30 den
695 1795 38 29 13
758 1791 76 39 juni
862 1790 95 35 1941,
982 1788 81 31 eller
1089 1785 188 35 utfästelse,
1305 1792 122 21 varom
1452 1781 11 30 i
1489 1781 17 30 7
1532 1780 18 37 $
1576 1787 136 22 samma
1736 1777 56 35 lag

285 1851 178 35 förmäles,
484 1848 86 32 skall
592 1846 91 38 gälla
703 1844 114 31 såsom
838 1851 59 21 om
918 1837 224 33 föreskriften
1161 1836 80 30 eller
1259 1833 149 31 beslutet
1428 1830 189 32 meddelats
1640 1828 80 31 eller
1740 1830 51 27 ut-

286 1903 166 31 fästelsen
469 1899 142 37 avgivits
629 1895 139 39 jämlikt
785 1889 243 35 motsvarande
1046 1887 191 36 stadgande
1253 1885 11 30 i
1282 1885 115 30 denna
1414 1883 65 35 lag.

639 2054 40 40 B)
705 2057 48 28 att
771 2051 186 36 riksdagen
977 2047 107 32 måtte
1103 2045 180 36 samtycka
1301 2043 52 30 till
1373 2044 49 29 att
1443 2040 121 36 Kungl.
1585 2037 104 37 Maj:t
1708 2037 86 30 efter

595 2104 210 34 utfärdande
823 2111 43 22 av
882 2102 57 34 lag
956 2100 10 30 i
984 2100 116 29 ämnet
1115 2095 178 32 meddelar
1311 2092 127 32 sådant
1454 2089 246 35 förordnande,
1719 2096 74 22 som

595 2158 11 30 i
627 2158 118 35 lagens
770 2155 14 29 1
809 2153 18 37 $
851 2160 108 26 avses,
982 2152 47 28 att
1051 2147 92 37 gälla
1163 2146 68 30 tills
1254 2144 128 31 vidare.

331 2246 202 33 Stockholm
552 2244 66 30 den
642 2241 39 30 16
701 2238 74 38 juni
800 2236 95 31 1942.

736 2322 48 31 På
805 2321 112 30 första
937 2317 238 37 lagutskottets
1198 2313 141 36 vägnar:

887 2395 39 30 K.
948 2389 242 35 SCHLYTER.
