1898 2834
485 165 122 31 Första
631 164 239 37 lagutskottets
894 164 178 32 utlåtande
1096 165 48 31 Nr
1167 165 51 30 56-
1579 160 18 30 7

90 247 231 39 begränsning
342 265 45 4 —
408 247 44 38 på
473 251 109 28 annat
601 249 66 30 sätt
689 250 45 29 än
757 248 94 31 förut
871 248 10 31 i
903 248 208 37 paragrafen
1132 250 38 29 är
1190 251 75 34 sagt
1287 266 43 4 —
1351 258 41 21 av
1414 249 112 30 rätten
1546 251 48 28 att

92 298 246 38 yrkesmässigt
362 299 91 37 köpa
474 299 82 30 eller
581 297 87 38 sälja
689 298 231 31 förnödenhet
940 300 83 30 eller
1046 297 266 33 tillhandahålla
1334 296 116 39 tjänst,
1476 308 120 21 varom

93 348 97 37 fråga
211 349 49 30 är.

135 401 15 30 I
171 401 175 31 samband
369 401 79 31 med
470 401 57 31 det
549 400 169 38 spörsmål
742 410 59 22 om
824 401 171 37 utökning
1017 409 43 22 av
1085 400 372 37 regleringsformerna,
1484 409 75 21 som
1586 400 8 30 i

91 451 57 31 det
169 450 208 38 föregående
397 451 217 37 behandlats,
635 452 99 31 torde
753 451 60 38 jag
835 450 129 38 jämväl
987 450 37 32 få
1045 454 152 35 upptaga
1219 451 51 31 till
1292 450 211 38 behandling
1526 449 68 33 frå-

92 510 65 29 gan
182 502 175 31 huruvida
381 502 250 37 maximipriset
655 503 62 30 bör
743 501 193 32 bibehållas
961 501 116 32 såsom
1102 502 148 31 särskild
1277 502 172 37 prisform.
1478 501 118 31 Under

92 552 219 31 förarbetena
339 552 50 31 till
416 553 65 31 den
509 563 47 21 nu
583 553 157 37 gällande
767 553 360 37 prisregleringslagen
1152 552 217 38 ifrågasattes
1397 552 78 32 från
1503 552 92 31 vissa

91 602 79 38 håll,
191 604 174 30 huruvida
385 604 74 30 icke
478 613 43 21 en
541 604 347 37 sammansmältning
907 604 108 30 borde
1034 604 143 30 komma
1197 604 53 30 till
1269 602 101 32 stånd
1390 603 127 31 mellan
1539 603 56 30 det

92 654 112 37 gamla
227 654 251 37 maximipriset
501 655 67 30 och
591 655 56 30 det
669 662 126 29 genom
817 655 66 30 den
907 664 47 21 nu
979 654 159 37 gällande
1161 654 359 37 prisregleringslagen
1546 654 48 30 in-

91 704 101 31 förda
216 714 69 28 nya
309 705 254 37 normalpriset.
586 704 78 32 Med
687 706 139 36 hänsyn
848 704 50 31 till
922 707 50 28 att
996 705 42 30 de
1062 704 91 31 båda
1176 704 250 38 prisformerna
1449 703 145 38 ansåges

92 755 118 31 kunna
226 755 87 37 fylla
332 755 11 31 i
360 755 68 31 viss
444 755 83 31 mån
544 755 112 31 skilda
671 755 177 37 uppgifter
865 756 65 30 och
948 758 50 28 att
1016 755 186 37 anledning
1220 755 11 30 i
1248 758 77 28 vart
1343 755 62 31 fall
1422 755 172 31 saknades

90 808 50 28 att
162 804 200 33 frånhända
384 806 50 37 sig
455 806 43 31 de
520 805 459 38 anpassningsmöjligheter,
1003 815 76 21 som
1102 808 46 29 ett
1171 805 243 32 bibehållande
1437 815 43 21 av
1503 804 92 32 båda

91 856 251 37 prisformerna
357 855 131 38 erbjöd,
506 856 169 31 bibehölls
689 856 190 32 emellertid
896 855 260 38 maximipriset.
1175 856 292 31 Erfarenheterna
1484 856 112 31 under

91 907 66 31 den
173 907 59 36 tid,
252 906 361 38 prisregleringslagen
630 907 152 31 därefter
799 907 88 31 varit
904 907 10 31 i
932 906 230 38 tillämpning,
1182 907 98 31 torde
1296 907 189 31 emellertid
1504 907 91 30 hava

92 957 96 36 visat,
214 959 50 29 att
291 958 88 30 efter
403 957 246 38 tillskapandet
675 967 42 21 av
744 958 57 31 det
828 967 68 28 nya
921 958 397 37 normalprisbegreppet
1345 957 249 37 maximipriset

91 1008 76 31 icke
182 1008 119 37 längre
317 1009 65 30 har
397 1007 114 38 någon
528 1007 163 32 funktion
707 1011 51 29 att
775 1008 96 38 fylla.
889 1008 79 31 Med
984 1009 137 37 hänsyn
1139 1008 117 31 härtill
1274 1009 66 30 och
1358 1008 44 31 då
1419 1017 81 22 man
1519 1008 77 31 icke

91 1059 63 31 bör
180 1059 9 30 i
216 1059 101 37 lagen
342 1058 174 31 bibehålla
543 1061 47 28 ett
616 1059 199 37 stadgande,
843 1068 75 21 som
942 1059 78 30 icke
1047 1059 70 30 kan
1144 1060 121 30 väntas
1293 1059 92 31 bliva
1411 1059 182 37 tillämpat,

90 1109 188 37 tillstyrker
301 1108 59 38 jag
386 1112 49 28 att
458 1109 483 37 maximiprisbestämmelsen
967 1108 100 38 utgår
1092 1119 41 21 ur
1157 1109 110 38 lagen.
1295 1109 52 31 En
1373 1109 87 37 följd
1485 1110 110 30 härav

92 1160 65 31 blir
177 1162 49 28 att
246 1159 133 37 jämväl
401 1160 203 37 stadgandet
624 1160 11 30 i
655 1160 203 31 nuvarande
881 1160 38 30 10
941 1157 21 42 8
984 1169 59 21 om
1063 1161 68 30 rätt
1152 1160 55 30 för
1229 1160 220 37 länsstyrelse
1470 1160 11 30 i
1503 1160 92 31 vissa

91 1208 61 31 fall
173 1212 48 27 att
242 1209 168 31 förordna
430 1219 57 20 om
510 1209 330 37 tvångsförsäljning
861 1219 41 21 av
923 1210 286 36 maximiprissatt
1231 1219 84 22 vara
1334 1210 63 30 bör
1420 1209 109 37 utgå.»

137 1285 227 31 Beträffande
390 1285 122 37 frågan
540 1295 57 21 om
625 1286 172 30 förbud
823 1289 91 27 mot
940 1286 330 30 överträdelse
1297 1295 52 22 av
1377 1286 74 30 till
1480 1296 116 27 myn-

90 1335 160 37 dighet
282 1335 136 37 gjord
450 1336 278 31 utfästelse
764 1336 241 37 angående
1038 1337 167 36 högsta
1239 1336 100 37 pris
1374 1336 57 32 må
1452 1337 144 35 erinras,

89 1389 50 28 att
159 1387 11 29 i
200 1388 8 28 7
232 1387 18 37 8
272 1387 160 36 gällande
451 1387 318 37 prisregleringslag
790 1387 136 37 stadgas
948 1390 60 33 att,
1030 1387 114 31 därest
1165 1387 56 30 för
1239 1387 231 31 förnödenhet
1491 1388 107 36 gäller

90 1437 82 30 visst
192 1438 82 35 pris,
297 1447 76 20 som
394 1438 103 36 enligt
517 1438 101 36 lagen
639 1438 73 30 icke
736 1437 60 32 må
817 1438 218 30 överskridas
1057 1438 81 30 eller
1157 1437 59 31 må
1237 1438 217 30 överskridas
1475 1438 123 30 endast

90 1487 87 30 efter
198 1487 167 36 tillstånd,
390 1488 81 30 eller
492 1488 117 30 därest
634 1487 111 37 någon
772 1488 50 30 till
849 1488 160 36 offentlig
1032 1488 201 36 myndighet
1258 1487 91 37 gjort
1373 1488 147 30 särskild
1545 1491 51 27 ut-

91 1537 138 31 fästelse
253 1538 223 31 beträffande
501 1539 123 35 högsta
647 1538 82 36 pris,
756 1539 52 29 till
834 1538 104 31 vilket
964 1538 231 31 förnödenhet
1219 1538 59 31 må
1303 1548 44 21 av
1372 1539 129 30 honom
1527 1538 69 30 för-

91 1588 113 36 säljas,
222 1588 119 31 såsom
363 1588 123 31 villkor
505 1589 57 30 för
579 1588 292 31 förnödenhetens
891 1588 208 37 försäljning
1117 1589 74 30 icke
1210 1588 60 31 må
1287 1606 45 4 —
1349 1588 11 30 i
1379 1589 116 30 vidare
1513 1588 84 31 mån

89 1639 46 30 än
159 1649 72 21 som
254 1640 312 30 överensstämmer
586 1640 78 29 med
686 1639 160 36 offentlig
866 1639 220 37 myndighets
1109 1639 195 37 anordning
1325 1658 44 4 —
1389 1640 136 30 fordras
1548 1642 49 28 att

89 1688 130 37 jämväl
243 1699 118 21 annan
387 1689 230 31 förnödenhet
640 1690 154 36 inköpes.
821 1689 124 31 Vidare
969 1690 138 36 stadgas
1133 1690 10 30 i
1170 1691 37 29 12
1234 1690 18 37 8
1279 1690 103 30 straff
1405 1690 30 36 ej
1461 1690 137 30 mindre

92 1740 55 31 för
168 1741 75 35 den,
269 1750 76 21 som
367 1740 106 31 brutit
496 1744 73 27 mot
592 1741 55 30 det
671 1741 12 30 i
706 1742 16 28 7
749 1741 18 37 8
792 1741 164 36 stadgade
979 1740 172 36 förbudet,
1175 1742 45 29 än
1243 1741 88 30 även
1355 1741 55 30 för
1432 1741 66 30 den
1522 1751 74 20 som

90 1791 144 30 handlat
253 1791 14 30 i
288 1791 86 30 strid
394 1794 71 27 mot
485 1791 111 30 sådan
617 1801 41 20 av
678 1792 130 29 honom
832 1791 142 36 avgiven
995 1791 177 30 utfästelse
1194 1800 75 21 som
1289 1792 12 29 i
1325 1793 16 28 7
1364 1791 18 37 8
1403 1801 106 21 avses.

136 1841 404 30 Priskontrollnämnden
558 1842 89 30 hade
661 1842 11 29 i
688 1841 52 31 sin
758 1842 163 29 skrivelse
938 1842 65 29 den
1022 1842 40 29 24
1080 1842 144 30 oktober
1244 1842 81 30 1941
1345 1842 185 36 föreslagit,
1548 1844 49 28 att

91 1890 113 32 såsom
225 1901 44 21 en
293 1891 149 31 särskild
464 1891 174 37 paragraf,
661 1892 194 30 betecknad
878 1892 18 29 5
918 1901 20 21 a
962 1892 29 36 8,
1016 1891 105 31 måtte
1144 1895 171 33 upptagas
1339 1895 45 27 ett
1408 1892 190 36 stadgande

91 1951 43 21 av
151 1941 156 36 följande
324 1942 141 35 lydelse:

139 1992 90 29 »Har
255 1990 115 37 någon
397 1991 51 30 till
472 1991 159 37 offentlig
659 1992 202 36 myndighet
886 1991 88 38 gjort
1000 1992 148 30 särskild
1174 1991 180 32 utfästelse
1377 1992 220 31 beträffande

92 2041 121 36 högsta
235 2042 82 36 pris,
340 2042 51 30 till
412 2042 104 30 vilket
539 2042 229 30 förnödenhet
791 2041 59 32 må
871 2052 40 20 av
933 2042 133 31 honom
1087 2040 161 38 försäljas
1273 2042 82 31 eller
1377 2041 106 37 tjänst
1505 2043 91 30 utfö-

91 2101 66 27 ras,
183 2091 57 31 må
267 2092 107 36 sagda
400 2092 69 37 pris
493 2092 30 37 ej
551 2093 227 36 överskridas,
805 2093 79 30 med
906 2092 135 31 mindre
1067 2093 246 36 myndigheten
1336 2093 83 36 givit
1441 2092 155 32 tillstånd

91 2142 142 30 därtill.»

137 2194 387 35 Departementschefen
545 2194 65 30 har
630 2194 10 29 i
660 2194 113 30 denna
794 2193 97 36 fråga
912 2194 117 30 anfört
1050 2194 106 30 bland
1175 2197 107 27 annat
1303 2193 166 36 följande:

138 2244 92 30 »Den
253 2253 43 21 av
316 2244 403 35 priskontrollnämnden
739 2244 195 35 föreslagna
957 2253 69 26 nya
1046 2244 209 35 paragrafen
1276 2244 145 29 innebär
1440 2244 77 30 icke
1537 2243 59 31 nå-

91 2301 68 28 gon
180 2293 109 36 saklig
311 2293 147 36 ändring
480 2294 11 29 i
514 2293 218 30 förhållande
755 2294 51 29 till
828 2303 47 20 nu
896 2293 169 35 gällande,
1090 2293 84 30 efter
1195 2295 155 29 mönster
1370 2304 42 20 av
1435 2294 83 30 1918
1541 2293 56 31 års

92 2343 274 36 maximiprislag
392 2342 175 31 avfattade
589 2343 258 30 bestämmelser
872 2343 10 30 i
906 2344 126 29 ämnet.
1072 2343 77 30 Med
1174 2343 137 37 hänsyn
1336 2343 50 30 till
1412 2344 66 29 den
1502 2343 94 37 bety-

93 2393 91 30 delse
205 2393 55 30 för
282 2393 268 36 priskontrollen
572 2393 333 37 utfästelsepriserna
925 2402 146 21 numera
1092 2392 135 31 erhållit
1248 2402 101 28 synes
1370 2393 56 30 det
1444 2393 153 30 emeller-

93 2443 49 30 tid
167 2443 156 36 lämpligt
347 2446 48 27 att
418 2443 303 31 bestämmelserna
747 2443 134 35 härom,
907 2442 43 38 på
975 2444 67 29 sätt
1067 2443 173 30 nämnden
1264 2442 184 37 föreslagit,
1473 2445 123 35 uppta-

93 2501 59 28 gas
175 2493 9 30 i
205 2502 41 21 en
269 2493 150 30 särskild
440 2493 172 37 paragraf.
