1896 2834
483 170 123 32 Första
625 169 239 38 lagutskottets
882 168 177 32 utlåtande
1079 168 48 31 Nr
1150 168 50 31 56.
1567 160 37 32 13

229 253 143 38 (Kungl.
401 254 120 37 Maj:ts
549 252 161 39 förslag:)
1029 250 207 39 (Utskottets
1265 249 160 39 förslag:)

98 321 254 31 verkställande
386 330 42 21 av
463 319 191 37 ändrings-,
692 319 250 37 förbättrings-,
978 316 214 33 underhålls-
1230 317 84 31 eller
1349 316 255 37 rengöringsar-

98 372 76 31 bete
195 372 81 31 eller
300 374 108 28 annat
431 371 145 31 därmed
597 369 191 39 jämförligt
812 369 115 31 arbete
947 367 22 33 å
992 368 71 31 viss
1084 368 231 31 förnödenhet
1337 367 81 31 eller
1439 366 165 31 verkstäl-

99 423 100 31 lande
215 432 42 21 av
272 424 185 35 transport,

146 472 28 41 1)
204 473 89 31 skall
310 482 83 21 vara
412 472 136 38 skyldig
568 474 50 29 att
635 470 249 38 ofördröjligen
901 470 140 31 anmäla
1061 470 56 31 det
1135 469 81 38 pris,
1237 478 76 22 som
1330 478 43 21 av
1389 469 131 30 honom
1541 467 64 32 till-

99 524 134 37 lämpas
254 524 55 31 för
331 523 275 32 förnödenheten
624 523 79 30 eller
723 521 153 38 tjänsten
893 521 67 31 den
978 521 68 37 dag
1066 520 179 31 föreskrift
1265 529 58 21 om
1344 518 109 32 sådan
1472 518 132 31 anmäl-

100 574 297 38 ningsskyldighet
412 574 191 36 meddelas;

144 625 30 40 2)
204 625 89 31 skall
315 634 83 22 vara
418 624 136 38 skyldig
577 626 59 34 att,
660 623 95 38 varje
775 622 90 38 gång
886 622 146 37 höjning
1054 631 44 22 av
1119 621 106 38 priset
1247 620 163 38 vidtages,
1433 619 172 40 ofördröj-

100 676 89 38 ligen
209 676 141 31 anmäla
371 674 276 39 prishöjningen;

145 726 31 41 3)
205 727 77 31 icke
306 725 59 32 må
391 729 85 28 utan
500 724 155 32 tillstånd
678 724 83 38 höja
786 724 107 38 priset
917 724 120 31 förrän
1064 732 44 22 en
1133 722 107 31 vecka
1266 721 151 32 förflutit
1443 720 81 32 från
1551 721 56 31 det

100 778 72 31 han
198 777 186 32 inkommit
410 777 80 30 med
518 776 164 31 anmälan
711 784 58 22 om
796 775 68 30 den
892 773 182 32 tillärnade
1101 772 264 38 prishöjningen
1391 772 67 31 och
1486 771 120 32 skälen

100 828 124 32 därtill.

145 879 70 31 Har
235 879 167 31 anmälan
422 888 58 21 om
500 878 163 31 tillärnad
685 875 218 40 prishöjning
925 874 185 33 inkommit
1130 875 10 30 i
1161 874 62 31 fall
1246 873 217 32 som
1322 869 16 50 i
1356 873 107 32 första
1474 873 133 37 stycket

99 930 110 32 under
230 929 31 40 3)
289 938 99 23 avses
409 928 68 38 må,
500 928 46 32 då
567 927 171 33 särskilda
759 928 77 31 skäl
859 926 114 32 därtill
997 927 70 35 äro,
1091 926 202 38 myndighet
1316 934 74 22 som
1414 924 193 36 Konungen

100 982 209 30 bestämmer
335 980 177 31 utsträcka
539 979 68 31 den
633 979 59 37 tid,
720 978 112 31 under
857 977 116 31 vilken
999 977 151 37 säljaren
1177 976 82 30 eller
1287 976 218 35 företagaren
1532 974 75 31 icke

101 1031 59 31 må
186 1034 85 29 utan
298 1029 155 33 tillstånd
480 1029 86 38 höja
594 1029 113 38 priset,
736 1028 52 32 till
816 1029 101 36 högst
943 1037 42 21 en
1014 1026 130 32 månad
1171 1026 80 32 från
1279 1026 58 31 det
1364 1025 164 32 anmälan
1557 1024 50 31 in-

100 1083 93 30 kom.

146 1132 73 31 Den
241 1141 76 23 som
338 1131 174 31 meddelat
533 1130 180 32 föreskrift
734 1129 106 37 enligt
861 1129 109 31 första
991 1128 133 37 stycket
1144 1129 80 35 äger
1246 1128 194 30 bestämma
1462 1126 73 31 dels
1557 1125 50 32 till

101 1183 116 31 vilken
241 1182 204 39 myndighet
469 1182 167 31 anmälan
660 1180 106 37 enligt
793 1180 155 31 nämnda
973 1179 119 37 stycke
1119 1179 87 30 skall
1231 1179 112 36 göras,
1370 1177 72 31 dels
1469 1177 67 31 ock
1564 1175 42 38 på

101 1234 114 31 vilken
232 1233 205 38 myndighet
453 1233 57 30 det
528 1233 90 30 skall
634 1232 189 30 ankomma
842 1233 50 28 att
909 1229 128 37 bevilja
1054 1228 153 32 tillstånd
1224 1237 122 22 varom
1364 1227 11 31 i
1394 1228 108 30 första
1520 1229 87 36 styc-

102 1285 57 30 ket
178 1285 111 31 under
310 1283 31 41 3)
369 1283 174 31 förmäles.

816 1350 20 30 3
863 1349 29 37 8.

147 1410 192 37 Konungen
360 1410 81 31 eller
463 1408 203 40 myndighet
688 1417 75 22 som
786 1407 191 36 Konungen
999 1407 209 30 bestämmer
1228 1406 83 36 äger
1334 1404 169 31 fastställa
1526 1402 83 32 visst

102 1461 81 37 pris,
205 1470 76 22 som
303 1461 125 37 prövas
449 1459 136 38 skäligt,
608 1461 50 29 att
678 1459 90 36 gälla
791 1457 115 32 såsom
928 1456 209 38 normalpris
1159 1456 56 30 vid
1238 1455 141 36 frivillig
1402 1453 207 38 försäljning

103 1521 43 22 av
167 1511 68 32 viss
259 1511 232 31 förnödenhet
513 1511 83 29 eller
618 1509 57 31 vid
698 1508 156 37 frivilligt
875 1507 187 31 utförande
1084 1516 44 21 av
1150 1505 106 38 tjänst
1281 1514 75 22 som
1379 1505 11 30 i
1413 1506 18 29 2
1457 1505 19 37 8
1500 1513 108 22 avses.

148 1560 249 38 Normalpriset
421 1559 58 32 må
503 1560 77 31 icke
604 1559 217 32 överskridas
846 1558 80 30 med
949 1557 136 31 mindre
1110 1555 149 38 säljaren
1284 1556 82 30 eller
1391 1555 218 36 företagaren

102 1611 136 33 erhållit
261 1610 157 32 tillstånd
440 1611 126 31 därtill.
591 1610 74 31 Den
689 1619 77 21 som
789 1609 163 31 fastställt
975 1607 243 37 normalpriset
1242 1608 81 35 äger
1347 1606 194 30 bestämma
1566 1604 43 38 på

102 1663 115 31 vilken
242 1661 203 39 myndighet
468 1662 57 30 det
548 1660 90 32 skall
661 1661 190 30 ankomma
874 1662 48 28 att
946 1657 127 38 bevilja
1098 1657 122 31 sådant
1244 1656 164 32 tillstånd.

817 1753 20 29 4
864 1752 30 37 8.

149 1805 71 31 Har
247 1804 115 38 någon
391 1804 51 32 till
468 1803 162 37 offentlig
658 1802 203 38 myndighet
889 1801 90 38 gjort
1005 1800 150 32 särskild
1182 1800 179 31 utfästelse
1389 1798 221 31 beträffande

103 1856 122 36 högsta
249 1856 81 37 pris,
356 1855 51 30 till
432 1854 105 31 vilket
561 1853 69 31 viss
654 1854 231 30 förnödenhet
908 1852 58 31 må
988 1861 43 21 av
1056 1852 129 30 honom
1209 1849 164 38 försäljas
1397 1850 81 29 eller
1503 1847 107 38 tjänst

104 1916 75 21 som
202 1908 9 29 i
233 1907 18 29 2
275 1906 19 37 8
317 1914 97 22 avses
436 1905 145 36 utföras,
606 1904 57 30 må
685 1903 105 37 priset
810 1904 77 30 icke
910 1901 217 32 överskridas
1150 1901 78 30 med
1250 1900 137 31 mindre
1408 1899 201 37 myndighe-

105 1960 56 28 ten
183 1956 81 36 givit
287 1954 154 32 tillstånd
463 1954 126 31 därtill.

818 2021 19 30 5
866 2019 29 38 8.

150 2082 191 36 Konungen
366 2082 79 35 äger
470 2079 202 36 föreskriva,
698 2082 48 28 att
770 2080 69 29 rätt
864 2081 49 28 att
936 2076 245 39 yrkesmässigt
1205 2077 93 36 köpa
1324 2076 80 30 eller
1429 2074 88 37 sälja
1543 2073 67 31 viss

106 2132 230 31 förnödenhet
360 2132 81 29 eller
465 2130 116 31 såsom
606 2130 192 36 företagare
822 2128 36 31 åt
883 2138 117 21 annan
1024 2126 246 41 yrkesmässigt
1295 2126 115 30 utföra
1436 2124 108 38 tjänst
1569 2134 42 21 av

105 2183 11 30 i
140 2184 18 29 2
183 2183 18 36 8
224 2182 138 36 angivet
383 2182 73 36 slag
478 2182 88 29 skall
591 2181 193 30 tillkomma
808 2180 122 29 endast

153 2232 28 39 1)
211 2233 66 30 den
302 2241 76 22 som
403 2233 38 29 är
464 2231 151 30 medlem
638 2240 42 21 av
703 2230 68 30 viss
796 2228 327 36 sammanslutning;

150 2282 30 39 2)
211 2283 65 30 den
300 2292 76 21 som
400 2282 74 30 före
497 2282 68 29 viss
589 2282 66 35 dag
678 2279 246 38 yrkesmässigt
947 2280 84 34 köpt
1055 2278 83 30 eller
1160 2276 64 31 sålt
1248 2276 109 31 sådan
1382 2275 230 31 förnödenhet

105 2333 82 30 eller
208 2331 115 32 såsom
343 2332 193 35 företagare
557 2330 36 31 åt
614 2339 115 22 annan
752 2328 245 38 yrkesmässigt
1017 2328 111 30 utfört
1149 2326 107 31 sådan
1279 2325 116 37 tjänst.

152 2382 173 31 Meddelas
346 2381 188 36 föreskrift,
556 2390 76 21 som
653 2380 9 30 i
684 2380 108 30 första
813 2379 132 37 stycket
965 2378 110 30 under
1100 2376 27 40 1)
1155 2386 106 26 avses,
1285 2376 97 36 skall,
1405 2376 61 29 där
1487 2374 31 37 ej
1542 2375 69 30 sär-

107 2432 112 31 skilda
236 2431 243 32 förhållanden
498 2431 50 30 till
566 2433 108 28 annat
691 2430 191 35 föranleda,
900 2429 67 29 rätt
985 2430 49 27 att
1052 2426 244 38 yrkesmässigt
1315 2426 92 36 köpa
1424 2426 81 29 eller
1524 2424 88 36 sälja

107 2483 274 31 förnödenheten
403 2481 81 31 eller
505 2481 117 31 utföra
643 2480 149 36 tjänsten
815 2479 174 36 medgivas
1011 2477 130 38 jämväl
1164 2477 75 35 den,
1263 2486 75 21 som
1363 2475 178 31 förbinder
1564 2474 49 37 sig
