2145 2650
790 208 235 38 Lag-Utskottets
1053 211 152 31 Utlåtande
1228 213 56 30 N:o
1308 215 29 30 9.
1843 219 19 30 9

272 287 52 31 ett
352 283 91 36 eller
471 283 63 38 två
561 285 171 51 tingslag,
759 287 140 50 åligger
928 289 248 39 häradsborna
1204 298 55 31 att
1286 293 20 36 å
1334 294 69 36 den
1432 295 188 38 bestämda
1638 298 225 50 tingsstaden

272 344 227 41 gemensamt
533 339 157 49 uppföra
719 342 67 35 och
815 343 218 37 underhålla
1062 346 311 52 ändamålsenliga
1401 349 177 50 tingshus,
1606 353 257 37 innehållande

270 392 157 48 rymligt
464 394 161 36 sessions-
664 396 90 35 eller
786 397 194 49 tingsrum,
1008 405 133 31 tvenne
1169 415 84 22 rum
1281 401 56 38 för
1366 403 306 48 domhafvanden,
1701 413 52 31 ett
1779 422 84 22 rum

271 443 57 37 för
370 446 327 50 kronoåklagaren,
739 455 51 30 ett
831 464 84 22 rum
957 451 57 37 för
1055 455 181 36 nämnden
1273 457 66 34 och
1368 463 52 29 ett
1448 471 82 23 rum
1561 458 57 37 för
1646 466 122 43 parter
1796 463 68 35 och

271 499 141 35 vittnen
451 507 93 29 samt
574 509 134 29 tvenne
737 517 85 22 rum
850 503 57 37 för
935 507 378 48 tingsvaktmästaren.
1369 510 195 38 Dessutom
1593 513 172 50 uppföres
1794 523 69 29 sär-

269 553 97 36 skild
395 554 101 36 lokal
523 554 58 37 för
609 556 220 38 häradernas
857 560 114 36 arkiv.
1027 561 143 51 Nödiga
1191 564 311 51 ändamålsenliga
1522 568 142 36 möbler
1683 570 182 37 anskaffas

269 607 61 35 till
358 608 75 35 alla
462 622 85 22 rum
577 611 83 35 med
689 613 189 48 undantag
907 614 40 35 af
974 615 396 49 tingsvaktmästarens.
1427 621 210 37 Kostnaden
1666 623 124 37 härför
1809 631 55 29 ut-

269 667 104 42 göres
415 669 90 29 utan
547 664 191 51 undantag
780 666 41 36 af
859 669 75 34 alla
970 682 106 36 egare
1111 672 92 36 eller
1230 672 238 38 innehafvare
1497 674 41 37 af
1563 676 172 37 hemman
1763 679 100 35 inom

268 715 210 50 domsagan,
521 717 64 36 der
625 720 185 49 reglering
844 728 39 29 är
912 722 184 47 anbefald,
1125 725 92 37 efter
1245 740 139 23 samma
1413 730 131 48 grund,
1573 744 77 22 som
1678 730 57 38 för
1762 733 100 35 kom-

267 771 326 49 munalutskylder
621 780 40 28 är
689 774 195 37 bestämd.»

372 897 59 35 Då
464 899 216 44 emellertid,
714 901 116 48 enligt
857 902 97 36 hvad
983 902 162 51 framgår
1174 905 40 36 af
1239 913 53 29 ett
1320 908 371 50 statsrådsprotokoll,
1720 913 143 49 bilagdt

264 948 135 50 Kongl.
442 951 119 49 Maj:ts
596 955 224 46 proposition
850 955 66 36 N:o
950 959 41 35 11
1025 958 60 36 till
1113 960 245 37 innevarande
1386 962 172 51 Riksdag,
1587 965 133 49 Kongl.
1750 967 112 49 Maj:t,

265 1003 121 36 ehuru
414 1017 43 23 en
487 1006 158 36 revision
674 1006 41 36 af
740 1008 43 36 de
812 1010 172 48 grunder,
1013 1011 91 37 efter
1133 1014 127 36 hvilka
1289 1015 68 36 den
1387 1016 240 38 kommunala
1656 1016 206 57 byggnads-

264 1058 257 48 skyldigheten
549 1059 58 36 för
634 1064 229 35 närvarande
892 1070 155 43 utgöres,
1076 1080 86 23 vore
1191 1068 228 51 erforderlig,
1447 1071 79 36 icke
1554 1071 125 38 funnit
1706 1075 79 35 skäl
1808 1081 53 30 att

262 1124 51 22 nu
341 1110 209 51 framlägga
579 1113 137 51 förslag
745 1116 232 47 härutinnan,
1005 1120 79 45 och,
1112 1122 61 35 vid
1203 1122 127 36 sådant
1355 1123 240 48 förhållande,
1615 1127 61 36 det
1694 1128 79 36 icke
1789 1130 72 34 kan

262 1178 88 22 vara
401 1167 183 49 lämpligt,
632 1175 55 29 att
712 1170 218 50 Riksdagen
968 1174 131 35 skulle.
1125 1176 226 36 beträffande
1380 1179 104 35 vissa
1514 1181 166 48 tingslag
1717 1182 144 36 besluta

260 1219 186 50 reglering
474 1220 41 36 af
539 1222 624 55 tingshusbyggnadsskyldigheten
1192 1229 91 37 efter
1311 1231 78 36 helt
1416 1233 115 36 andra
1554 1235 171 48 grunder,
1745 1243 46 28 än
1810 1250 51 23 nu

261 1273 184 48 gällande,
474 1275 67 36 och
571 1276 175 49 derjemte
774 1280 11 33 i
813 1280 175 49 rigtning,
1016 1288 55 30 att
1100 1283 102 50 långt
1230 1289 113 32 större
1368 1285 209 51 fordringar
1596 1289 120 37 skulle
1736 1292 125 35 ställas

261 1326 47 48 på
336 1328 340 50 tingsbyggnadens
705 1332 260 47 beskaffenhet,
994 1342 44 29 än
1068 1338 107 48 lagen
1204 1337 57 37 för
1289 1342 227 35 närvarande
1545 1343 216 46 innehåller;

366 1383 45 35 då
447 1384 119 34 denna
600 1386 186 49 reglering
820 1389 119 34 skulle
972 1397 106 41 göras
1114 1392 180 37 beroende
1327 1393 40 36 af
1392 1395 285 38 »häradsbornes
1705 1394 154 58 medgif-

262 1435 137 37 vande»
435 1437 60 36 till
531 1440 313 37 sammanslående
879 1441 40 37 af
948 1444 171 50 tingslag,
1155 1460 83 22 men
1276 1448 257 49 skyldigheten
1567 1449 58 38 för
1653 1452 206 50 byggnads-

261 1489 170 50 skyldige
459 1492 11 34 i
499 1492 161 50 tingslag
689 1500 55 30 att
771 1495 99 37 hålla
901 1497 85 49 laga
1013 1499 345 52 tingshusbyggnad
1386 1503 79 36 icke
1495 1511 39 29 är
1562 1504 39 36 af
1629 1505 103 38 deras
1761 1508 97 36 med-

260 1542 175 49 gifvande
465 1546 194 46 beroende;
689 1555 95 30 samt

365 1600 45 33 då
439 1600 187 49 slutligen,
655 1602 64 36 der
747 1602 168 52 förening
944 1605 41 36 af
1000 1607 160 49 tingslag
1181 1609 117 49 enligt
1321 1612 97 35 1872
1441 1610 56 37 års
1517 1610 217 53 förordning
1753 1615 105 45 skett,

257 1651 225 49 tingslagens
510 1654 172 37 invånare
712 1656 132 37 hittills
874 1660 77 35 icke
980 1661 248 50 undandragit
1256 1664 54 48 sig
1343 1670 53 29 att
1429 1664 57 36 för
1514 1666 143 49 tingens
1686 1667 171 38 hållande

256 1704 164 37 anskaffa
463 1708 311 51 ändamålsenliga
810 1713 151 45 lokaler,
995 1714 145 36 hvadan
1169 1717 171 36 särskildt
1368 1718 199 49 stadgande
1595 1720 128 37 härom
1753 1736 104 36 synes

253 1757 250 52 öfverflödigt;

365 1813 218 38 hemställer
611 1816 197 48 Utskottet,

790 1933 54 29 att
872 1929 186 36 motionen
1088 1931 79 36 icke
1197 1931 60 36 må
1288 1934 110 35 vinna
1427 1935 228 50 Riksdagens
1683 1936 119 38 bifall.

361 2010 215 39 Stockholm
605 2014 71 36 den
710 2018 43 35 13
785 2016 178 38 Februari
997 2021 107 37 1883.

773 2124 52 37 På
852 2125 302 50 Lag-Utskottets
1183 2125 152 58 vägnar:

821 2206 133 37 AXEL
981 2203 303 44 BERGSTRÖM.

340 2347 72 29 Bih.
438 2348 46 28 till
510 2348 105 31 BRiksd.
642 2350 82 30 Prot.
749 2351 96 30 1883.
883 2354 20 27 7
927 2353 91 30 Saml.
1043 2356 20 27 5
1089 2356 87 36 Häft.
1788 2362 18 30 2
