2206 2643
432 165 121 32 Första
577 163 203 33 kammarens
803 162 140 32 andra
968 160 167 42 tillfälliga
1159 159 131 33 utskotts
1313 158 163 32 utlåtande
1501 157 52 32 Nr
1577 160 31 29 3.
1785 155 16 31 1

944 512 60 40 Nr
1032 512 37 39 3.

719 677 113 25 Ankom
850 676 42 25 till
913 675 178 32 Riksdagens
1111 675 92 25 kansli
1223 674 55 26 den
1298 673 34 27 25
1351 672 126 27 februari
1499 672 67 27 1913
1585 672 37 25 kl.
1643 671 34 26 12
1696 679 37 17 m.

422 824 130 35 Första
581 824 220 34 kammarens
830 822 134 35 andra
993 820 180 45 tillfälliga
1201 821 144 34 wtskotts
1374 819 179 35 utlåtande
1580 829 45 23 nr
1654 818 23 34 3
1705 818 14 33 i
1749 828 58 23 an-

637 886 138 44 ledning
805 897 43 23 av
876 886 80 34 herr
984 884 106 36 Roos”
1119 884 126 35 motion
1272 895 45 23 nr
1345 884 50 33 49
1424 893 53 24 om
1504 880 305 46 åvägabringande

638 962 43 22 av
717 949 186 44 utredning
938 948 60 35 och
1019 947 142 44 förslag
1188 948 13 33 i
1223 946 114 44 fråga
1366 957 53 24 om
1448 944 167 46 lämpliga
1645 943 164 44 åtgärder

630 1012 64 44 för
737 1011 230 44 anskaftfande
1009 1023 44 23 av
1080 1010 64 44 för
1173 1010 140 45 Sverige
1342 1008 149 45 behövlig
1518 1008 130 44 mängd
1676 1005 129 44 tallfrö.

318 1177 18 34 I
366 1189 44 22 en
439 1176 97 35 inom
565 1175 127 35 Första
720 1174 209 34 kammaren
958 1172 108 36 väckt
1095 1171 146 44 motion,
1272 1184 43 22 nr
1344 1173 61 42 49,
1438 1182 73 23 som
1542 1168 187 36 hänvisats
1752 1167 59 37 till
1849 1168 150 28 Motionen.

208 1229 228 48 behandling
478 1242 45 23 av
565 1229 228 35 kammarens
836 1227 112 35 andra
985 1225 183 47 tillfälliga
1204 1225 151 44 utskott,
1387 1225 65 35 har
1479 1224 85 35 herr
1591 1223 95 35 Roos
1714 1223 96 35 hem-

211 1285 111 44 ställt,
366 1286 54 34 att
448 1283 211 47 Riksdagen
688 1284 111 33 måtte
827 1281 141 35 besluta
997 1283 53 33 att
1077 1280 13 35 i
1119 1279 175 37 skrivelse
1322 1279 57 36 till
1407 1278 136 47 Kungl.
1578 1276 108 49 Maj:t
1713 1277 97 34 hem-

212 1339 116 43 ställa,
373 1340 53 33 att
467 1336 197 47 utredning
699 1335 213 37 verkställes
940 1334 153 35 rörande
1122 1334 43 34 de
1195 1333 176 47 åtgärder,
1403 1332 101 36 vilka
1531 1332 87 35 böra
1646 1330 165 47 vidtagas

213 1393 13 35 i
268 1392 67 37 och
364 1392 55 35 för
448 1391 254 36 anskaffandet
730 1402 44 23 av
803 1389 55 35 för
886 1389 123 35 landet
1037 1387 171 47 behövlig
1236 1387 133 47 mängd
1396 1386 133 44 tallfrö,
1561 1390 167 31 ävensom
1758 1386 53 34 att

213 1447 57 36 för
297 1446 212 47 Riksdagen
538 1446 202 35 sedermera
769 1443 199 47 framlägga
997 1455 44 23 av
1068 1441 245 47 utredningen
1340 1440 166 47 betingat
1533 1439 145 47 förslag.

320 1500 72 36 Till
421 1500 78 36 stöd
529 1499 56 36 för
613 1499 118 35 denna
758 1497 216 36 hemställan
1002 1496 66 35 har
1097 1496 223 35 motionären
1349 1495 120 35 anfört
1496 1493 174 49 följande:
1822 1494 209 35 Motiveringen.

323 1555 157 35 »Genom
519 1553 225 36 tillkomsten
780 1564 44 24 av
856 1553 98 33 1903
986 1553 57 32 års
1073 1550 168 47 skogslag
1269 1550 93 36 hava
1390 1549 92 47 goda
1510 1546 302 48 förutsättningar

214 1609 56 36 för
299 1609 342 46 skogsåterväxtens
670 1606 248 47 betryggande
946 1604 108 36 blivit
1082 1604 169 46 skapade,
1283 1615 84 23 men
1395 1603 210 35 förutsätter
1625 1602 110 46 sagda
1754 1601 60 46 lag

214 1663 104 44 dock,
360 1666 52 32 att
448 1661 144 36 tillfälle
635 1660 193 36 förefinnes
858 1661 52 33 att
938 1658 55 36 för
1021 1657 140 48 rimligt
1189 1657 75 47 pris
1293 1657 136 35 erhålla
1457 1656 147 47 fullgott
1633 1655 176 47 skogsfrö,

215 1717 127 44 vilket,
374 1716 217 36 åtminstone
620 1715 82 35 med
731 1713 177 37 avseende
937 1715 20 33 å
985 1712 132 44 tallfrö,
1148 1712 64 36 bör
1241 1723 85 24 vara
1346 1723 44 23 av
1410 1710 186 36 inhemskt
1614 1721 195 35 ursprung,

215 1772 100 34 detta
357 1769 244 49 synnerligast
643 1780 74 23 som
761 1767 252 35 erfarenheten
1055 1765 104 44 visat,
1200 1768 52 33 att
1281 1765 60 35 det
1368 1764 230 44 tallbestånd,
1629 1775 75 23 som
1733 1763 79 34 här-

215 1828 172 32 stammar
422 1824 81 34 från
531 1823 213 46 importerat
772 1821 65 44 frö,
869 1820 81 35 icke
978 1821 66 33 har
1072 1820 138 35 varken
1239 1819 70 34 den
1338 1817 261 47 stambildning
1628 1817 87 35 eller
1743 1817 71 34 den

214 1878 167 44 kvalitet,
426 1890 74 23 som
544 1875 293 48 oundgängligen
879 1874 180 36 erfordras
1097 1873 55 36 för
1181 1873 207 35 erhållande
1417 1885 44 23 av
1490 1874 51 33 ett
1569 1869 246 48 förstklassigt

215 1932 116 36 virke.
390 1932 69 35 För
488 1933 53 33 att
569 1930 131 35 hindra
728 1929 180 47 importen
937 1940 44 24 av
1009 1927 103 48 tyskt
1140 1927 54 35 frö
1224 1928 131 33 åsattes
1385 1926 197 35 detsamma
1610 1937 45 23 en
1682 1925 69 35 tull
1770 1936 45 24 av

217 1989 23 32 4
283 1986 135 35 kronor
462 1997 64 35 per
568 1984 188 47 kilogram,
802 1983 66 35 och
907 2004 47 3 —
986 1982 44 34 då
1059 1982 60 34 det
1147 1981 124 36 visade
1300 1979 66 48 sig,
1397 1982 52 33 att
1478 1980 128 34 sådant
1634 1978 65 45 frö,
1730 1978 85 36 tack

217 2053 84 24 vare
330 2041 62 34 det
420 2039 154 48 alltjämt
603 2038 164 47 stegrade
796 2035 180 48 fröpriset,
1008 2036 81 34 med
1118 2035 115 35 fördel
1261 2035 124 34 kunde
1408 2033 188 36 hitsändas
1615 2032 60 37 via
1693 2032 122 47 Norge

217 2094 87 36 eller
332 2093 157 36 Finland
518 2114 50 4 —
597 2092 66 35 har
692 2092 202 35 sedermera
923 2090 64 35 allt
1014 2089 212 47 importerat
1252 2088 121 35 tallfrö
1399 2090 110 33 åsatts
1529 2088 111 46 sagda
1658 2086 155 36 tullsats.

324 2148 159 34 Landets
526 2145 390 48 skogsvårdsstyrelser
959 2144 92 35 hava
1083 2143 116 35 under
1228 2144 39 33 år
1299 2144 112 42 1911,
1442 2142 87 35 eller
1558 2142 60 35 det
1648 2140 87 36 sista
1764 2143 49 42 år,

218 2202 121 36 varför
367 2200 148 48 uppgift
543 2200 142 36 kunnat
713 2199 164 44 erhållas,
909 2200 134 34 använt
1070 2199 110 45 något
1209 2201 83 31 över
1324 2198 139 42 12,000
1485 2195 178 47 kilogram
1682 2194 133 45 tallfrö,

218 2268 75 24 som
323 2255 62 37 vid
413 2255 152 47 inköpet
594 2253 119 48 dragit
741 2266 45 23 en
815 2253 154 35 kostnad
998 2264 44 23 av
1070 2251 13 35 i
1112 2251 168 35 medeltal
1312 2252 45 33 17
1388 2250 134 36 kronor
1542 2262 63 35 per
1625 2248 188 48 kilogram,

266 2317 130 41 Bihang
420 2317 48 32 till
495 2316 199 41 Riksdagens
711 2314 160 42 protokoll
895 2317 97 29 1913.
1040 2314 45 31 12
1109 2312 90 32 saml.
1225 2314 23 30 2
1273 2313 70 31 avd.
1369 2312 22 31 3
1414 2311 81 41 häft.
1522 2310 71 42 (Nr
1618 2314 47 33 3)
1753 2311 16 30 1
