1914 2826
341 170 99 29 Andra
459 172 183 27 kammarens
670 173 128 27 andra
827 174 146 35 tillfälliga
992 176 127 26 utskotts
1139 176 148 27 memorial
1306 177 43 27 Nr
1367 178 26 27 3.
1601 181 8 26 1

798 316 66 39 Nr
891 318 38 39 3.

592 421 111 28 Ankom
725 423 41 26 till
789 423 172 35 riksdagens
983 426 93 26 kansli
1099 426 54 26 den
1176 426 16 27 9
1216 427 55 34 maj
1300 427 70 27 1940
1392 428 35 28 kl.
1453 429 33 26 10
1507 429 18 27 f.
1539 437 35 19 m.

337 511 113 32 Andra
478 512 206 33 kammarens
719 514 151 31 andra
909 515 170 40 tillfälliga
1107 518 142 32 utskotts
1278 519 169 32 memorial
1473 529 41 22 nr
1542 523 30 36 3,
1601 520 13 31 i

582 568 180 39 anledning
800 579 40 21 av
880 570 204 32 kammarens
1124 572 112 32 remiss
1275 582 40 22 av
1355 573 64 31 den
1456 584 40 21 av
1535 575 77 31 herr

580 621 275 32 Andersson
876 624 12 30 i
909 624 121 32 Malmö
1052 635 41 20 m.
1107 625 38 37 fl.
1169 627 118 30 väckta
1300 627 174 38 motionen,
1486 638 43 20 nr
1541 631 70 35 197,

579 676 168 37 angående
780 677 174 38 stödjande
987 688 39 22 av
1062 679 549 39 bostadsbyggnadsverksamheten

580 730 18 29 å
622 729 120 31 landet.

164 832 64 30 Till
251 834 161 31 utskottet
435 835 60 30 har
518 844 42 22 av
583 834 106 32 andra
713 836 188 32 kammaren
927 838 201 33 remitterats
1152 849 40 21 en
1216 850 40 21 av
1280 841 80 30 herr
1382 841 190 32 Andersson
1597 842 12 30 i

117 885 122 32 Malmö
263 896 38 21 m.
314 887 39 37 fl.
367 888 98 31 väckt
483 888 133 39 motion,
630 899 41 20 nr
684 890 69 37 197,
765 891 72 31 vari
849 891 191 39 hemställts,
1054 896 49 27 att
1116 893 174 39 riksdagen
1301 895 103 31 måtte
1416 896 58 29 hos
1485 891 124 47 Kungl.

121 940 105 38 Maj:t
248 941 133 32 anhålla
403 952 50 20 om
477 943 164 38 åtgärder,
667 944 158 31 avseende
848 945 53 32 det
925 946 73 31 stöd
1022 946 33 30 åt
1079 947 189 38 byggandet
1292 958 40 21 av
1356 948 160 39 bostäder,
1541 958 69 22 som

121 994 75 31 med
216 994 128 39 hänsyn
365 995 52 31 till
439 996 11 30 i
470 996 238 40 motiveringen
730 997 53 32 till
803 999 166 31 motionen
992 1000 142 38 angivna
1157 1001 281 39 omständigheter
1457 1012 77 23 vore
1556 1013 53 22 er-

120 1047 189 39 forderliga.

163 1101 122 39 Kungl.
307 1102 105 38 Maj:t
432 1103 61 32 har
512 1103 186 33 sedermera
718 1104 63 31 den
802 1106 18 30 7
843 1107 66 37 maj
934 1107 80 29 1940
1036 1108 10 30 i
1068 1108 204 37 proposition
1293 1119 42 20 nr
1357 1109 60 31 237
1439 1109 169 39 angående

119 1154 126 40 förslag
268 1156 53 31 till
346 1157 191 37 främjande
561 1167 41 21 av
628 1156 341 43 bostadsförsörjning
993 1160 54 32 för
1071 1161 131 31 mindre
1226 1162 198 40 bemedlade,
1449 1162 159 33 barnrika

119 1208 147 40 familjer
289 1220 41 20 m.
354 1220 42 21 m.
422 1210 170 39 föreslagit
616 1212 176 39 riksdagen
816 1216 49 29 att
890 1213 68 31 dels
983 1214 175 38 godkänna
1180 1215 86 31 vissa
1291 1216 147 32 ändrade
1460 1217 148 38 grunder

118 1263 55 31 för
188 1262 118 40 bidrag
322 1264 54 30 till
393 1264 191 39 främjande
601 1276 40 20 av
659 1266 340 40 bostadsförsörjning
1016 1267 54 32 för
1087 1268 129 33 mindre
1234 1269 198 40 bemedlade,
1451 1271 158 31 barnrika

119 1316 149 39 familjer
285 1319 60 30 och
365 1318 54 31 för
438 1319 322 31 låneverksamheten
779 1321 55 30 för
852 1330 124 23 samma
995 1319 162 40 ändamål,
1178 1323 69 32 dels
1267 1323 174 38 godkänna
1460 1324 148 32 ändrade

118 1370 146 39 grunder
290 1372 53 30 för
368 1372 118 39 bidrag
510 1373 52 30 till
588 1373 191 38 främjande
805 1384 41 21 av
871 1374 308 40 bostadsbyggande
1203 1377 44 37 på
1273 1377 236 40 landsbygden,
1536 1379 71 32 dels

117 1424 174 38 godkänna
313 1426 88 30 vissa
424 1425 145 33 ändrade
594 1426 147 39 grunder
764 1427 54 31 för
840 1427 176 32 tertiärlån
1038 1428 53 30 till
1114 1429 67 31 viss
1204 1430 402 39 bostadsbyggnadsverk-

115 1478 134 37 samhet,
265 1480 68 31 dels
348 1481 58 29 ock
422 1480 113 31 anvisa
547 1480 88 32 vissa
648 1480 118 39 belopp
781 1481 55 31 för
850 1482 151 31 närmare
1017 1482 144 38 angivna
1175 1482 253 34 bostadssociala
1442 1484 162 32 ändamål.

158 1577 175 39 Utskottet,
351 1588 69 20 som
437 1578 54 30 för
507 1578 50 30 sin
575 1578 53 31 del
645 1579 105 30 håller
766 1580 81 37 före,
866 1583 50 28 att
933 1580 62 31 den
1013 1580 53 32 till
1083 1581 160 31 utskottet
1261 1583 210 32 remitterade
1487 1584 118 31 motio-

117 1640 65 21 nen
200 1639 42 22 nr
263 1632 58 29 197
344 1631 178 39 lämpligen
543 1632 59 31 bör
622 1632 178 32 behandlas
822 1644 41 20 av
884 1644 122 21 samma
1026 1635 128 31 utskott
1173 1645 68 21 som
1261 1636 146 32 kommer
1428 1640 49 28 att
1497 1637 108 32 hand-

116 1684 96 38 lägga
228 1685 246 38 propositionen
491 1695 42 21 nr
549 1686 70 37 237,
637 1686 61 32 har
714 1686 115 31 funnit
846 1688 50 38 sig
911 1688 78 31 böra
1007 1688 121 31 bereda
1144 1688 104 31 andra
1265 1689 189 35 kammaren
1470 1690 135 32 tillfälle

114 1738 136 37 besluta,
273 1739 167 32 huruvida
461 1739 164 32 motionen
648 1741 83 30 skall
753 1741 96 37 göras
869 1741 53 30 till
945 1741 138 32 föremål
1105 1742 52 31 för
1181 1743 138 32 fortsatt
1340 1744 201 40 behandling
1563 1756 41 20 av

113 1792 204 32 kammarens
333 1792 107 31 andra
453 1793 171 38 tillfälliga
640 1794 125 32 utskott
782 1793 80 33 eller
875 1795 205 31 överlämnas
1095 1796 53 30 till
1164 1800 102 27 annat
1281 1797 137 32 utskott.
1435 1797 168 32 Utskottet

113 1845 148 31 anhåller
276 1846 117 31 därför

474 1906 48 27 att
539 1902 36 30 få
592 1903 51 30 till
660 1903 105 31 andra
780 1904 188 31 kammaren
985 1905 182 31 återlämna
1182 1905 64 31 den
1263 1915 40 22 av
1320 1906 76 31 herr
1411 1906 192 31 Andersson

432 1956 10 29 i
461 1955 120 31 Malmö
601 1966 40 20 nm.
654 1956 39 37 fl.
712 1957 118 30 väckta
848 1957 164 30 motionen
1031 1967 41 21 nr
1093 1958 68 31 197.

157 2043 187 31 Stockholm
365 2044 63 31 den
450 2044 18 30 8
490 2045 65 37 maj
581 2045 88 30 1940.

647 2151 49 31 På
721 2153 176 31 utskottets
921 2153 142 37 vägnar:

654 2240 175 31 GUSTAF
852 2240 199 33 NILSSON.

147 2386 204 27 Närvarande:
373 2387 100 26 herrar
491 2386 119 28 Nilsson
630 2387 6 26 i
658 2387 222 33 Kristinehamn,
899 2387 218 34 Silfwerbrand,
1136 2388 170 33 Söderdahl,
1325 2389 158 34 Lindholm,
1504 2390 94 32 Birke,

370 2431 44 27 fru
439 2431 97 32 Alvén,
561 2432 101 26 herrar
684 2432 155 28 Näsström
863 2434 52 25 och
940 2432 181 34 Magnusson
1148 2434 5 26 i
1179 2433 144 28 Tumhult.

147 2573 114 35 Bihang
281 2573 42 27 till
342 2573 173 35 riksdagens
534 2575 147 33 protokoll
703 2574 77 27 1940.
814 2575 32 27 13
865 2575 82 27 saml.
977 2576 16 26 2
1013 2575 64 27 avd.
1109 2575 41 27 Nr
1169 2576 25 26 3.
1547 2578 8 26 1

1648 1582 164 29 Utskottet.
