2167 2645
735 211 254 33 Statsutskottets
1022 213 173 32 Utlåtande
1218 213 63 33 N:o
1304 215 51 30 10.
1785 216 18 31 9

378 292 196 38 Utskottet
602 306 111 24 anser
742 293 213 37 emellertid
988 300 53 31 ett
1070 294 127 38 beslut
1225 294 11 37 i
1267 295 133 49 frågan
1431 295 92 37 böra
1550 296 155 50 föregås
1736 297 42 36 af
1800 311 47 23 en

255 344 205 50 utredning
489 345 55 37 till
577 346 213 37 utrönande
826 346 117 37 bland
973 354 117 30 annat
1119 347 118 49 deraf,
1268 348 188 36 huruvida
1484 348 84 37 icke
1598 363 46 22 en
1675 349 174 50 lindring

254 396 11 36 i
307 403 146 31 statens
495 398 157 49 utgifter
694 399 59 36 för
794 400 279 49 pensionering
1107 400 43 36 af
1179 400 111 36 civile
1321 401 165 36 embets-
1514 402 69 35 och
1613 402 235 48 tjenstemän

255 455 95 30 samt
392 449 168 49 betjente
605 451 222 49 lämpligast
870 451 127 37 skulle
1041 451 162 37 beredas
1245 465 140 36 genom
1415 452 225 50 förändring
1669 453 43 36 af
1732 467 116 35 grun-

255 501 110 37 derna
391 502 57 36 för
476 502 236 37 civilstatens
742 503 420 50 pensionsinrättning.

379 554 130 36 Redan
552 554 193 37 tillförene
789 555 114 36 hafva
946 556 64 35 vid
1053 556 211 48 riksdagen
1307 555 327 50 framställningar
1671 557 124 49 gjorts
1837 557 11 36 i

254 606 95 48 syfte
391 612 56 30 att
487 620 140 35 genom
669 607 282 37 vidsträcktare
996 608 255 36 användande
1293 608 41 36 af
1371 607 237 37 civilstatens
1646 609 203 49 pensions-

256 657 232 50 inrättnings
519 658 160 49 alltjemt
709 659 176 37 växande
915 659 214 50 tillgångar
1149 660 266 36 åstadkomma
1434 660 223 49 minskning
1673 661 10 35 i
1701 668 148 30 statens

253 711 155 49 utgifter
451 712 56 36 för
547 712 279 49 pensionering
855 712 42 36 af
921 712 112 36 civile
1063 713 166 36 embets-
1258 713 70 36 och
1357 713 240 48 tjenstemän.
1655 712 50 38 Så
1734 720 25 30 t.
1791 727 57 24 ex.

254 763 184 50 föreslogs
481 764 54 36 uti
577 777 45 23 en
665 764 104 37 inom
803 765 138 36 Första
971 765 234 37 Kammaren
1236 765 63 36 vid
1332 768 94 34 1871
1459 768 59 33 års
1547 765 160 50 riksdag
1737 767 113 36 väckt

255 816 152 44 motion,
450 822 55 30 att
542 817 222 48 Riksdagen
797 820 116 33 måtte
944 817 70 36 hos
1045 818 142 48 Kongl.
1220 818 106 48 Maj:t
1354 822 94 44 göra
1473 818 285 49 framställning
1788 832 60 23 om

253 874 52 30 ett
346 868 135 38 sådant
522 870 192 36 ordnande
757 870 42 36 af
830 869 63 37 det
923 869 115 38 civila
1067 870 387 50 pensionsväsendet,
1484 876 65 43 att,
1579 877 91 31 utan
1700 877 148 32 statens

252 920 254 51 betungande,
545 923 164 36 embets-
738 923 71 36 och
840 923 244 49 tjenstemän,
1114 924 11 35 i
1156 924 131 36 stället
1315 924 58 35 för
1406 923 163 50 pension
1607 927 20 33 å
1657 924 193 38 allmänna

252 974 379 50 indragningsstaten
667 978 116 34 måtte
820 976 160 36 beredas
1009 976 153 37 tillfälle
1193 976 56 37 till
1280 990 47 22 en
1356 978 268 35 motsvarande
1652 977 157 38 lifränta
1838 979 11 35 i

253 1026 235 38 civilstatens
519 1028 416 50 pensionsinrättning;
968 1035 56 30 att
1053 1030 45 36 de
1128 1029 114 37 civila
1272 1035 130 42 stater,
1428 1043 80 23 som
1538 1030 81 36 icke
1649 1031 99 48 egde
1770 1030 79 37 del-

255 1079 172 49 aktighet
468 1080 11 36 1
521 1080 124 37 denna
687 1080 416 50 pensionsinrättning,
1140 1085 116 33 måtte
1288 1082 114 36 vinna
1433 1095 46 23 en
1510 1082 127 41 sådan,
1664 1089 101 30 samt
1794 1089 56 31 att

254 1132 162 37 nämnda
450 1132 213 49 inrättning
693 1136 118 34 måtte
841 1134 176 49 undergå
1042 1134 246 48 ombildning
1316 1134 97 36 efter
1444 1134 45 36 de
1518 1134 11 36 i
1559 1135 194 37 motionen
1784 1149 66 23 an-

253 1184 102 37 förda
383 1185 179 49 grunder,
593 1199 79 22 som
704 1185 228 49 Riksdagen
962 1187 117 36 funne
1109 1187 59 36 för
1199 1187 96 48 godt
1323 1187 217 49 godkänna.

377 1237 87 36 Med
505 1237 207 49 anledning
755 1238 42 36 af
833 1238 164 37 berörda
1026 1239 145 37 motion
1203 1239 89 37 aflät
1321 1239 221 49 Riksdagen
1570 1253 47 23 en
1646 1239 204 38 skrifvelse

252 1288 54 36 till
349 1289 138 48 Kongl.
529 1290 118 47 Maj:t,
691 1290 111 36 hvari
845 1290 224 49 Riksdagen
1115 1291 171 47 anförde,
1323 1298 56 30 att
1407 1292 121 49 enligt
1556 1293 86 35 dess
1673 1293 102 48 åsigt
1803 1307 48 22 en

252 1341 166 48 lindring
448 1341 11 35 i
488 1347 145 31 statens
663 1342 160 48 utgifter
851 1343 59 35 för
939 1343 332 50 pensioneringen
1299 1344 128 36 kunde
1459 1345 280 49 åvägabringas
1768 1345 83 36 der-

251 1393 163 48 igenom,
449 1399 55 30 att
537 1394 237 36 civilstatens
807 1395 408 49 pensionsinrättning
1244 1399 41 33 så
1314 1396 202 47 ordnades,
1546 1402 54 30 att
1629 1397 222 36 densamma

253 1444 123 37 kunde
418 1445 196 49 öfvertaga
655 1446 88 36 hela
787 1446 174 48 bestyret
999 1447 85 36 med
1127 1447 114 36 civile
1277 1448 253 47 tjenstemäns
1564 1449 286 48 pensionering,

252 1497 143 36 hvilket
419 1499 142 47 jemväl
592 1497 98 37 varit
720 1497 65 38 det
814 1499 192 48 syftemål,
1037 1513 80 23 som
1140 1499 87 38 med
1249 1499 283 50 inrättningens
1553 1500 180 38 bildande
1753 1502 100 36 varit

254 1549 132 36 afsedt.
444 1550 112 37 Utom
586 1551 63 35 det
678 1551 228 48 oegentliga
936 1552 138 45 deruti,
1103 1558 57 30 att
1190 1553 230 48 tjenstemän
1451 1553 298 48 pensionerades
1771 1553 81 37 dels

253 1602 80 34 från
362 1602 188 35 allmänna
579 1602 386 50 indragningsstaten
999 1604 70 35 och
1098 1604 83 35 dels
1211 1605 81 34 från
1319 1617 44 22 en
1386 1604 163 36 särskild
1572 1605 41 35 af
1628 1606 225 35 statsmedel

253 1652 234 37 understödd
515 1654 289 47 pensionsfond,
836 1667 90 23 vore
957 1655 76 44 det,
1064 1655 123 48 enligt
1215 1655 243 49 Riksdagens
1485 1656 168 47 mening,
1674 1669 47 22 en
1744 1657 109 35 miss-

253 1704 247 49 hushållning
529 1711 66 41 att,
625 1705 159 37 oaktadt
809 1712 127 31 staten
959 1706 122 48 åtagit
1102 1707 61 48 sig
1185 1713 56 30 att
1266 1707 79 36 från
1367 1707 191 36 allmänna
1578 1708 275 50 indragnings-

255 1763 119 30 staten
405 1757 226 49 pensionera
659 1758 166 36 embets-
854 1759 72 36 och
954 1760 250 48 tjenstemän,
1234 1759 118 37 likväl
1381 1762 48 47 på
1459 1773 142 23 samma
1630 1764 108 45 gång
1767 1761 86 37 med

255 1810 220 36 statsmedel
504 1810 248 48 understödja
781 1823 46 23 en
858 1824 141 35 annan,
1029 1811 58 36 till
1117 1825 46 23 en
1191 1812 60 36 del
1273 1815 47 44 på
1340 1812 225 48 delegarnes
1581 1812 138 49 bidrag
1735 1827 117 34 grun-

256 1860 71 37 dad
368 1861 90 37 fond
501 1862 40 36 af
570 1862 72 37 den
677 1862 281 40 beskaffenhet,
989 1870 55 30 att
1073 1864 72 37 den
1176 1864 13 36 i
1219 1864 192 37 anseende
1443 1864 55 37 till
1527 1865 45 36 de
1600 1865 166 37 derifrån
1794 1876 60 26 ut-

254 1914 143 47 gående
439 1914 275 48 pensionernas
754 1915 304 50 otillräcklighet
1101 1917 69 36 allt
1214 1917 147 36 mindre
1403 1917 71 36 och
1515 1917 146 36 mindre
1695 1918 60 36 för
1788 1918 67 36 sitt

255 1965 153 38 afsedda
443 1966 174 37 ändamål
647 1967 199 37 anlitades.
903 1968 226 48 Riksdagen
1161 1969 130 36 anhöll
1321 1969 136 47 derför,
1490 1975 54 30 att
1572 1969 142 48 Kongl.
1748 1970 107 49 Maj:t

254 2019 146 36 täcktes
430 2018 101 37 tillse
561 2033 59 22 om
650 2019 70 37 och
751 2023 48 46 på
828 2020 102 36 hvad
954 2026 77 31 sätt
1053 2021 241 37 civilstatens
1315 2021 403 49 pensionsinrättning
1738 2026 116 33 måtte

255 2070 125 36 kunna
424 2074 40 32 så
506 2071 148 45 ordnas,
691 2077 56 30 att
781 2073 73 36 den
885 2078 122 32 sattes
1036 2073 11 36 i
1076 2074 114 36 stånd
1219 2079 55 31 att
1302 2074 80 36 helt
1410 2074 71 36 och
1509 2074 115 36 hållet
1653 2074 202 49 öfvertaga

256 2123 172 48 samtlige
471 2123 110 36 civile
624 2124 253 47 tjenstemäns
921 2125 292 49 pensionering,
1257 2129 41 33 så
1339 2132 56 30 att
1437 2126 106 48 dylik
1577 2127 279 49 pensionering

257 2174 78 36 från
365 2175 191 36 allmänna
584 2175 391 49 indragningsstaten
1005 2178 151 35 komme
1187 2183 56 30 att
1271 2178 185 48 upphöra.

358 2226 62 37 Uti
453 2227 62 35 det
543 2227 208 43 utlåtande,
784 2241 80 23 som
896 2228 242 36 civilstatens
1168 2229 245 48 fullmägtige
1444 2230 41 35 af
1500 2229 137 49 Kongl.
1660 2230 106 48 Maj:t
1792 2244 65 22 an-

258 2277 167 37 befaldes
455 2284 54 30 att
533 2278 12 36 i
575 2278 210 50 anledning
814 2279 42 36 af
881 2280 161 36 berörda
1071 2280 289 48 framställning
1389 2280 157 48 afgifva,
1576 2281 168 36 erkände
1773 2282 85 35 full-

259 2330 166 49 mägtige
455 2330 230 49 giltigheten
716 2331 43 36 af
780 2332 101 36 hvad
902 2332 224 48 Riksdagen
1150 2332 126 36 aufört
1297 2333 145 45 derom,
1464 2339 54 29 att
1538 2333 320 48 pensionsinrätt-

341 2390 74 31 Bih.
441 2389 49 31 till
514 2389 108 31 Piksd.
649 2390 88 31 Prot.
763 2393 95 29 1889.
905 2394 20 28 4
949 2390 100 33 Saml.
1073 2393 17 27 1
1117 2392 81 40 Afd.
1234 2394 10 29 8
1269 2392 92 38 Höft.
1796 2394 17 29 2
