2165 2643
764 214 244 33 Stalsutskottets
1037 216 170 33 Utlåtande
1231 218 61 32 N:o
1315 222 48 29 10.
1774 225 37 29 153

402 294 144 38 Vidare
575 294 125 38 skulle
729 295 72 37 den
832 296 216 50 föreslagna
1077 299 274 50 förändringen
1377 306 92 45 göra
1497 302 59 38 det
1585 303 114 37 redan
1731 319 47 22 nu
1799 304 58 38 för

273 347 152 38 handen
456 348 167 37 varande
653 349 181 37 behofvet
863 350 39 36 af
926 365 46 22 en
1003 352 61 36 vid
1094 352 150 37 tiderna
1266 353 58 37 för
1344 355 512 51 pensionsutbetalningarne

273 402 151 37 anstäld
454 401 166 38 särskild
651 403 360 46 kassakontrollant,
1042 419 82 23 som
1153 406 123 37 tillika
1305 408 118 37 under
1452 408 120 50 öfriga
1600 410 103 37 tiden
1726 412 38 36 af
1776 415 81 34 året

271 455 129 38 kunde
430 455 241 51 tillhandagå
700 456 87 38 med
816 457 243 52 erforderligt
1088 461 371 49 amanuensbiträde,
1476 462 153 39 alldeles
1647 464 206 51 oafvisligt.

273 510 86 37 Med
390 509 213 51 anledning
637 511 112 36 häraf
774 511 95 37 hade
898 512 243 38 direktionen
1176 514 169 49 anhållit,
1380 522 53 30 att
1462 516 173 50 anslaget
1664 518 55 36 till
1749 526 107 30 extra

272 563 189 48 biträden,
492 563 276 48 reuskrifning,
799 565 83 47 ved,
912 565 86 48 ljus,
1028 566 332 38 skrifmaterialier
1389 582 45 22 m.
1461 583 45 22 m.
1529 573 114 34 måtte
1662 571 91 36 ökas
1770 572 86 37 med

276 618 110 47 1,400
416 615 141 37 kronor
585 615 59 37 för
669 621 55 31 att
752 617 124 36 lemna
904 617 165 50 tillgång
1098 618 56 36 till
1184 620 246 49 godtgörelse
1459 625 36 33 åt
1511 635 46 23 en
1572 623 283 38 kassakontrol-

272 669 80 37 lant
381 669 72 37 och
484 683 223 34 amanuens,
737 670 155 37 hvilken
920 671 250 50 godtgörelse
1201 673 224 51 förslagsvis
1451 675 200 38 beräknats
1669 677 57 36 till
1745 679 110 47 1,000

271 723 154 46 kronor,
465 723 72 36 och
581 722 185 48 derjemte
808 723 57 36 för
907 725 70 35 den
1021 725 121 36 ökade
1167 726 166 48 utgiften
1362 727 56 36 till
1448 741 193 36 expenser,
1673 743 77 23 som
1781 731 75 36 för-

271 775 147 49 slagets
444 774 304 49 genomförande
778 776 150 37 komme
957 783 55 30 att
1041 777 207 38 föranleda.

402 826 70 38 Om
504 828 72 36 den
606 827 224 48 ifrågasatta
857 829 258 50 tillökningen
1131 831 11 35 i
1160 831 463 53 pensionsinrättningens
1642 840 86 43 stat,
1746 837 111 47 2,400

269 881 154 43 kronor,
467 881 85 36 icke
594 881 123 36 skulle
759 882 127 36 kunna
916 883 172 47 beredas,
1119 884 99 37 hade
1248 885 239 37 direktionen
1516 887 81 36 icke
1628 893 74 31 sett
1731 891 123 46 någon

273 933 203 49 möjlighet
505 939 67 41 att,
606 933 5 36 i
641 933 63 37 det
734 934 101 48 syfte
865 934 222 50 Riksdagen
1118 937 151 47 önskat,
1299 937 154 49 vidtaga
1482 942 124 45 någon
1635 940 222 50 förändring

270 986 11 36 1
311 991 117 31 sättet
457 985 60 37 för
545 986 275 48 pensionernas
849 988 254 48 utbetalning.

402 1038 152 37 Genom
584 1051 47 23 en
661 1039 218 49 anordning
906 1040 12 36 i
948 1040 175 48 enlighet
1152 1041 87 36 med
1270 1041 256 38 direktionens
1542 1043 154 50 förslag,
1716 1045 139 49 kunde,

270 1091 123 48 enligt
450 1091 209 36 statsrådet
710 1092 69 35 och
831 1092 155 36 chefens
1034 1093 57 36 för
1139 1093 552 51 ecklesiastikdepartementet
1741 1098 113 48 åsigt,

270 1143 245 48 Riksdagens
557 1143 178 36 anhållan
778 1144 205 49 uppfyllas,
1026 1148 41 33 så
1109 1152 56 29 att
1206 1147 136 36 endast
1384 1160 44 22 en
1469 1148 108 48 ringa
1608 1150 161 36 kostnad
1798 1152 58 35 för

269 1201 111 44 porto
410 1195 71 37 och
512 1195 490 51 rekommendationsafgift
1031 1198 64 36 vid
1124 1198 256 38 insändandet
1409 1199 40 37 af
1473 1201 244 50 erforderliga
1736 1203 119 37 hand-

269 1248 129 49 lingar
437 1249 152 36 komme
631 1256 55 29 att
715 1249 142 37 drabba
886 1250 356 51 pensionstagarne,
1273 1253 68 36 och
1371 1260 97 30 emot
1505 1254 258 38 direktionens
1792 1257 64 36 be-

269 1307 120 43 gäran
433 1315 61 22 om
538 1307 53 30 ett
625 1302 117 36 ökadt
771 1303 134 49 anslag
934 1304 40 36 af
1000 1306 113 44 2,400
1144 1304 142 37 kronor
1315 1305 56 37 för
1399 1311 54 31 att
1481 1307 146 49 besörja
1656 1309 200 48 pensions-

269 1353 254 48 utdelningen
565 1357 48 45 på
655 1354 65 36 det
753 1354 218 50 föreslagna
999 1361 116 32 sättet
1145 1364 134 41 syntes
1309 1357 136 37 honom
1475 1360 32 47 ej
1538 1373 88 23 vara
1656 1363 116 46 något
1800 1368 55 30 att

270 1419 139 23 erinra.

398 1458 16 35 I
457 1457 213 50 anledning
712 1458 40 36 af
791 1458 139 50 Kongl.
961 1459 129 49 Maj:ts
1118 1461 240 49 proposition
1387 1462 55 36 till
1473 1465 93 35 1888
1596 1466 59 34 års
1685 1465 170 49 Riksdag

269 1516 55 30 att
352 1510 210 50 godkänna
590 1510 270 50 aflöningsstat
889 1511 58 37 för
974 1512 46 36 de
1051 1512 63 36 vid
1144 1514 281 37 ofvannämnda
1452 1520 55 32 tre
1531 1515 134 37 kassor
1682 1518 172 36 anstälda

268 1563 235 47 tjenstemän
546 1562 71 36 och
660 1563 260 36 vaktmästare
963 1576 98 24 samt
1100 1571 56 29 att
1190 1566 58 35 för
1277 1566 213 37 beredande
1518 1568 39 35 af
1580 1568 162 48 pension
1772 1570 82 36 från

268 1614 365 36 folkskolelärarnes
675 1615 397 50 pensionsinrättning
1114 1619 38 33 åt
1193 1618 112 35 dessa
1334 1619 222 47 tjenstemän
1586 1620 71 36 och
1684 1621 171 36 vaktmä-

269 1671 101 30 stare
413 1665 89 48 höja
544 1667 64 34 det
649 1669 125 33 såsom
805 1667 135 48 bidrag
969 1667 56 36 till
1067 1668 336 38 folkskolelärares
1444 1670 270 50 pensionering
1747 1676 108 45 utgå-

270 1718 97 35 ende
397 1717 141 49 belopp
577 1718 85 35 med
699 1721 71 33 927
801 1719 151 47 kronor,
983 1719 123 37 beslöt
1134 1720 234 49 Riksdagen,
1397 1727 64 42 att,
1495 1723 54 36 för
1578 1723 212 38 beredande
1819 1725 41 36 af

269 1770 162 47 pension
477 1775 37 30 åt
554 1770 309 47 tjenstemännen
908 1771 69 36 och
1021 1772 303 47 vaktmästaren,
1367 1774 63 35 det
1467 1778 120 33 såsom
1622 1775 135 50 bidrag
1798 1776 55 36 till

269 1821 339 36 folkskolelärares
651 1822 275 49 pensionering
953 1824 194 47 utgående
1178 1825 151 49 belopp,
1360 1827 164 44 356,500
1554 1827 149 48 kronor,
1733 1828 121 37 skulle

269 1873 110 48 höjas
410 1873 87 36 med
526 1873 65 36 det
620 1874 152 48 belopp,
803 1875 113 48 högst
945 1878 70 33 927
1048 1876 153 47 kronor,
1228 1890 80 23 som
1338 1878 65 35 vid
1421 1878 219 49 uträkning,
1658 1881 196 36 verkstäld

269 1928 47 46 på
345 1925 142 48 Kongl.
518 1925 127 48 Maj:ts
670 1925 302 38 föranstaltande
1002 1927 41 36 af
1068 1928 224 49 sakkunnig
1320 1943 148 35 person,
1498 1931 124 36 kunde
1652 1932 120 36 finnas
1801 1945 52 23 er-

266 1977 206 48 forderligt
502 1980 47 46 på
578 1978 127 46 grund
733 1978 41 36 af
798 1979 72 36 den
900 1979 41 36 af
964 1979 221 50 Riksdagen
1213 1981 227 37 förändrade
1468 1983 225 37 lönestaten.

396 2029 129 37 Sedan
567 2030 140 50 Kongl.
753 2031 106 49 Maj:t
893 2031 167 37 anbefalt
1088 2032 242 38 direktionen
1360 2034 103 37 öfver
1491 2035 361 38 folkskolelärarnes

260 2082 411 49 pensionsinrättning
696 2089 55 30 att
780 2084 75 37 låta
883 2097 138 36 genom
1052 2085 163 50 lämplig
1244 2100 140 35 person
1409 2087 209 50 ombesörja
1647 2089 206 50 utredning

266 2135 201 49 angående
510 2136 63 36 det
602 2137 250 48 erforderliga
882 2137 188 49 beloppet,
1103 2138 97 37 hade
1230 2139 238 37 direktionen
1495 2140 55 37 till
1580 2141 140 48 Kongl.
1746 2142 106 48 Maj:t

269 2188 257 36 öfverlemnat
567 2188 71 36 och
672 2188 182 50 åberopat
886 2203 46 23 en
961 2190 41 35 af
1026 2190 244 49 professoren
1299 2192 223 49 Lindhagen
1551 2193 10 36 i
1589 2198 128 32 ämnet
1744 2194 109 36 verk-

270 2240 99 37 stäld
413 2241 222 47 uträkning,
667 2241 41 36 af
734 2242 155 36 hvilken
913 2242 231 49 framginge,
1176 2250 55 29 att
1260 2244 63 36 det
1352 2245 118 47 årliga
1498 2246 245 48 statsbidrag,
1772 2260 80 23 som

269 2292 82 37 från
382 2293 71 35 och
483 2293 87 36 med
599 2296 40 33 år
672 2295 95 34 1889
799 2294 235 36 erfordrades
1064 2295 58 36 för
1152 2296 235 37 bekostande
1417 2297 39 35 af
1471 2297 382 48 tjensteinnehafvar-

271 2358 67 23 nes
373 2358 99 35 egen
518 2345 277 50 pensionering
835 2346 177 49 utgjorde
1056 2348 73 35 873
1174 2348 152 47 kronor,
1352 2348 89 36 eller
1470 2352 44 33 54
1543 2349 138 37 kronor
1709 2351 144 36 mindre

271 2402 46 30 än
360 2397 65 35 det
468 2397 41 35 af
532 2397 223 48 Riksdagen
797 2398 57 36 för
896 2398 216 36 ändamålet
1142 2400 185 36 anvisade
1357 2401 341 49 maximibeloppet.
1754 2402 99 48 Följ-
