2158 2656
800 199 246 34 Ntatsutskottets
1078 195 173 35 Utlåtande
1276 195 62 32 N:o
1364 197 47 29 10.

350 205 14 29 CO

369 206 17 31 LG

922 493 354 38 Reservationer:

439 606 71 36 Vid
545 605 161 49 punkten
747 603 57 36 2:0
842 598 213 52 (angående
1104 596 137 49 bidrag
1266 595 59 37 till
1358 592 363 39 folkskolelärarnes
1748 587 153 52 pensio-

302 658 170 50 nering):

437 711 41 36 af
503 711 85 35 herr
618 708 156 36 friherre
803 707 45 35 DB.
877 706 42 36 A.
952 703 288 51 Leijonhufvud.

433 819 62 35 vid
530 816 160 50 punkten
735 815 75 36 10:0
851 812 212 51 (angående
1100 811 253 36 kamreraren
1385 807 41 37 OC.
1457 806 128 38 Selins
1616 803 238 51 uppförande
1883 805 20 34 å

305 870 368 50 indragningsstat):

434 924 41 37 af
512 924 130 36 herrar
679 922 44 36 HE.
760 920 41 38 V.
832 921 44 36 RB.
908 921 40 35 L.
984 920 246 50 Königsfeldt,
1263 919 41 36 P.
1339 918 38 36 J.
1405 931 68 22 von
1503 917 229 42 Ehrenhoim,
1763 916 71 36 och
1866 915 38 36 C.

306 978 43 37 E.
382 976 236 50 Casparsson.

435 1084 63 36 vid
521 1083 161 48 punkten
712 1083 76 36 16:0
816 1080 209 51 (angående
1050 1081 164 50 pension
1237 1084 36 33 åt
1296 1078 421 51 distriktsingeniören,
1736 1077 168 50 majoren

307 1137 47 37 H.
380 1137 43 37 E.
454 1136 228 49 Lundborgs
711 1134 130 50 enka):

436 1189 42 35 af
501 1189 129 36 herrar
659 1188 41 35 F.
729 1188 176 46 Boström,
936 1186 36 37 CO.
1009 1187 34 35 E.
1078 1186 244 48 Casparsson,
1354 1187 45 35 BR.
1431 1185 42 37 G.
1504 1198 69 23 von
1606 1184 223 47 Hedenberg,
1863 1184 42 35 K.

307 1241 206 45 Bolnstedt,
557 1240 46 37 A.
646 1240 40 36 G.
730 1239 184 36 Svedelius
955 1239 69 36 och
1062 1238 39 37 C.
1144 1239 46 36 IF.
1220 1252 66 22 von
1316 1238 289 47 Sechuwlzenheim,
1636 1235 130 37 hvilka
1795 1235 114 49 yrkat

307 1292 107 38 bifall
444 1293 56 36 till
531 1292 139 49 Kongl.
700 1291 126 49 Maj:ts
853 1292 155 48 förslag.

438 1397 61 36 vid
537 1397 159 49 punkten
738 1396 83 37 26:0
850 1395 212 49 (angående
1092 1394 164 51 pension
1287 1396 38 35 åt
1357 1393 97 36 förre
1484 1390 422 51 stationsinspektoren

311 1449 44 37 K.
386 1449 40 36 P.
455 1449 248 49 Arnoldson):

441 1502 40 37 af
505 1502 129 38 herrar
661 1502 129 50 grefve
816 1500 41 39 G.
887 1499 148 51 Sparre,
1067 1501 45 36 F.
1144 1501 179 48 Boström,
1354 1499 97 37 P.J.
1469 1512 67 23 von
1557 1498 225 47 Ehrenhein,
1806 1495 39 39 C.
1868 1497 41 37 E.

311 1555 227 50 Casparsson
567 1556 70 37 och
666 1555 82 37 vice
776 1556 219 36 talmannen
1025 1555 43 36 L.
1102 1552 42 39 O.
1176 1554 180 47 Larsson,
1377 1552 132 37 hvilka
1531 1556 141 43 ansett,
1699 1556 56 31 att
1777 1549 134 38 motio-

311 1622 75 23 nen
416 1608 12 37 1
457 1614 129 32 ämnet
614 1608 83 37 icke
726 1609 84 37 bort
839 1608 40 37 af
901 1608 191 37 utskottet
1122 1607 232 49 tillstyrkas.

439 1715 62 36 vid
528 1717 156 46 punkten
712 1714 80 37 28:0
822 1713 209 50 (angående
1061 1713 155 37 arméns
1246 1710 337 52 pensionskassa):

442 1768 41 36 af
518 1767 88 37 herr
647 1767 158 37 friherre
845 1767 40 36 B.
919 1768 42 35 A.
993 1767 287 50 Leijonhufvud,
1309 1779 83 24 som
1421 1770 139 46 yttrat:
1591 1764 77 37 »Då
1690 1763 72 51 jag
1791 1763 122 37 finner

311 1822 74 36 den
415 1821 10 35 i
456 1821 414 49 statsrådsprotokollet
899 1820 173 36 lemnade
1103 1819 214 48 utredning
1347 1819 85 36 fullt
1459 1817 247 50 upplysande
1736 1816 72 37 och
1839 1816 74 36 till-

310 1872 294 37 fredsställande
633 1872 147 49 nödgas
804 1873 68 48 jag
900 1885 198 24 reservera
1125 1872 79 48 mig
1235 1877 80 31 mot
1340 1871 213 37 utskottets
1584 1870 237 49 motivering
1843 1869 70 37 och

310 1925 162 38 föreslår
500 1925 128 37 enkelt
658 1925 102 37 bifall
790 1925 57 37 till
875 1925 137 49 Kongl.
1044 1924 132 50 Maj:ts
1205 1924 325 48 framställning.»

444 2030 143 37 Herrar
618 2030 132 49 grefve
779 2030 42 36 BE.
852 2029 36 38 C.
918 2031 42 36 A.
992 2030 127 48 Piper,
1150 2030 49 36 H.
1232 2029 41 37 P.
1304 2030 45 36 P.
1383 2030 126 36 Tamm
1540 2028 73 37 och
1645 2026 39 39 0.
1729 2027 44 37 IV.
1807 2027 107 36 Odel-

313 2086 95 47 bery,
452 2084 114 36 hafva
608 2084 133 48 begärt
782 2083 36 36 få
847 2082 244 48 antecknadt,
1123 2088 57 31 att
1210 2082 46 37 de
1286 2083 34 47 ej
1352 2082 104 37 inom
1487 2081 193 37 utskottet
1708 2080 166 48 deltagit
1902 2080 12 36 i

316 2137 284 49 behandlingen
643 2137 41 37 af
721 2136 124 37 denna
888 2135 246 48 hufvudtitel,
1171 2136 88 36 herr
1298 2136 44 36 I.
1373 2136 180 46 Boström,
1586 2140 55 31 att
1665 2134 75 36 han
1771 2133 32 48 ej
1832 2138 84 31 när-

316 2191 100 37 varit
446 2191 60 37 vid
533 2189 280 50 behandlingen
842 2189 41 36 af
906 2188 173 50 puukten
1114 2191 68 43 1:o,
1214 2187 203 50 angående
1449 2187 242 38 civilstatens
1717 2186 199 50 pensions-

319 2245 127 36 kassa.
