1882 2780
275 167 19 29 2
697 166 318 30 Bankoutskottets
1040 165 180 30 utlåtande
1244 175 43 20 nr
1309 165 52 29 27.

280 255 117 29 därest
417 255 197 29 detsamma
635 254 77 30 icke
733 254 203 37 godkännes
959 263 42 20 av
1022 253 187 37 riksdagen
1231 253 95 29 inom
1349 252 102 38 tjugu
1473 253 108 36 dagar
1602 252 82 29 från
1704 252 78 29 bör-

279 307 62 37 jan
357 317 43 20 av
414 307 243 37 nästföljande
674 307 146 34 session,
836 306 90 30 efter
942 306 176 38 utgången
1134 315 43 21 av
1193 306 157 29 nämnda
1365 306 50 29 tid
1433 305 162 37 upphöra
1611 307 51 28 alt
1679 305 103 37 gälla.

991 411 19 30 3
1037 411 28 35 8.

325 486 81 29 Som
424 485 238 30 riksbankens
682 484 200 30 metalliska
902 484 107 29 kassa
1028 483 89 30 skall
1139 482 131 30 räknas
1291 482 62 30 allt
1373 482 217 30 riksbanken
1610 482 173 36 tillhörigt

281 539 186 37 guldmynt
486 538 66 30 och
570 539 163 36 omyntat
752 537 93 37 guld.

325 733 13 29 I
358 733 169 30 skrivelse
546 733 67 29 den
633 731 42 30 20
696 732 155 29 februari
874 731 84 29 1952
978 731 64 29 har
1063 730 233 36 utredningen
1316 739 56 21 om
1394 729 217 37 regleringen
1632 738 43 21 av
1695 729 90 29 rilks-

283 786 157 30 bankens
458 785 372 36 sedelutgivningsrätt
847 784 45 37 på
911 785 120 35 längre
1049 784 69 30 sikt
1136 784 192 34 hemställt,
1346 785 50 28 att
1415 783 299 37 maximigränsen
1732 782 56 29 för

283 840 275 36 sedelomloppet
578 839 114 29 under
713 838 96 30 tiden
831 837 81 30 från
933 837 67 30 och
1022 837 76 29 med
1122 837 67 29 den
1214 837 14 28 1
1252 836 68 37 juli
1343 835 84 30 1952
1451 836 52 29 till
1527 836 66 29 och
1615 836 79 29 med
1718 836 66 28 den

282 892 40 30 30
340 892 80 37 juni
440 892 84 30 1953
543 892 110 29 måtte
672 892 214 29 bestämmas
905 891 53 29 till
979 890 50 34 4,8
1051 890 184 36 miljarder
1255 889 141 30 kronor.

326 945 88 30 Över
433 945 193 30 skrivelsen
645 945 58 33 ha,
722 944 89 30 efter
830 944 137 33 remiss,
985 943 189 37 yttranden
1194 943 148 37 avgivits
1362 951 42 21 av
1421 942 225 37 fullmäktige
1667 942 11 29 i
1696 942 90 29 riks-

283 999 138 30 banken
437 1000 92 29 samt
543 997 226 39 fullmäktige
786 998 10 29 i
811 996 352 36 riksgäldskontoret.

329 1052 229 30 Beträffande
579 1051 194 31 innehållet
793 1052 10 28 i
823 1051 253 36 utredningens
1096 1050 169 30 skrivelse
1284 1050 65 29 och
1371 1049 339 36 remissyttrandena
1731 1048 56 30 får

284 1106 173 30 utskottet
480 1105 150 30 hänvisa
653 1104 54 30 till
732 1105 276 36 propositionen.

328 1159 398 36 Departementschefen
749 1158 64 29 har
835 1159 10 28 i
868 1158 145 29 ärendet
1035 1157 119 30 anfört
1176 1156 174 37 följande:

331 1213 117 36 Enligt
464 1213 100 37 lagen
579 1213 67 29 den
663 1211 19 30 8
697 1212 80 36 juni
793 1211 80 29 1951
897 1211 60 34 (nr
972 1210 80 36 388)
1072 1211 78 29 med
1167 1210 175 30 särskilda
1356 1210 266 29 bestämmelser
1638 1209 151 29 rörande

287 1266 234 30 riksbankens
540 1265 281 37 sedelutgivning
839 1265 90 36 gälla
947 1282 46 2 —
1009 1264 11 29 i
1038 1264 116 30 stället
1173 1263 55 30 för
1245 1264 67 29 vad
1331 1264 10 28 i
1361 1262 85 30 1934
1464 1262 56 30 års
1539 1262 250 36 riksbankslag

285 1321 38 28 är
349 1320 11 29 i
386 1319 250 30 motsvarande
661 1318 201 30 hänseende
888 1318 139 36 stadgat
1051 1334 44 3 —
1120 1316 175 30 särskilda
1322 1315 223 31 föreskrifter
1570 1316 11 29 i
1606 1315 100 37 fråga
1732 1324 56 21 om

287 1373 234 30 riksbankens
539 1373 70 30 rätt
627 1373 52 28 att
697 1372 117 36 utgiva
832 1370 126 31 sedlar.
987 1371 108 29 Dessa
1112 1370 171 29 innebära
1299 1370 105 29 bland
1423 1371 119 33 annat,
1560 1371 51 28 att
1628 1369 161 29 riksban-

286 1427 68 29 ken
375 1426 57 30 må
452 1426 119 37 utgiva
592 1426 116 29 sedlar
728 1424 52 31 till
801 1426 48 29 ett
867 1425 127 36 belopp
1015 1433 41 21 av
1076 1424 19 29 4
1109 1423 62 30 400
1192 1423 166 37 miljoner
1377 1423 141 29 kronor.
1552 1422 81 29 1951
1656 1422 57 30 års
1735 1423 55 36 lag

287 1481 39 28 är
345 1479 284 37 tidsbegränsad;
650 1478 277 37 giltighetstiden
947 1477 55 30 för
1021 1478 206 29 densamma
1245 1476 102 37 utgår
1366 1477 66 29 den
1452 1476 40 29 30
1510 1476 80 36 juni
1610 1476 95 29 1952.

332 1531 13 28 I
366 1531 170 29 samband
557 1530 80 30 med
659 1530 218 30 tillkomsten
896 1539 43 20 av
962 1530 79 29 1951
1065 1529 57 30 års
1143 1529 56 37 lag
1219 1528 156 30 uttalade
1396 1528 68 37 jag,
1485 1530 52 28 att
1557 1528 59 37 jag
1636 1529 78 29 icke
1735 1528 55 30 för

287 1584 57 30 det
364 1584 199 29 dåvarande
582 1583 81 30 ville
684 1585 80 35 taga
785 1583 119 36 slutlig
925 1582 219 38 ståndpunkt
1165 1582 54 29 till
1241 1582 125 36 frågan
1385 1582 68 29 hur
1476 1581 313 37 sedelutgivnings-

288 1638 114 28 rätten
424 1637 107 30 borde
554 1637 153 36 regleras
730 1636 44 38 på
798 1636 119 36 längre
941 1636 71 29 sikt
1034 1637 86 28 utan
1143 1637 51 28 att
1219 1635 58 36 jag
1301 1634 89 30 hade
1415 1634 54 30 för
1494 1635 116 29 avsikt
1633 1636 53 28 att
1709 1636 80 35 taga

289 1690 208 37 spörsmålet
528 1690 111 30 under
670 1690 163 29 närmare
864 1689 249 37 övervägande.
1144 1688 79 30 Med
1256 1688 76 30 stöd
1363 1697 42 20 av
1435 1687 281 37 bemyndigande
1748 1696 43 20 av

288 1744 125 36 Kungl.
435 1743 107 37 Maj:t
563 1743 65 30 har
649 1743 59 37 jag
731 1743 197 29 sedermera
951 1742 68 30 den
1043 1742 38 30 13
1104 1741 189 30 november
1318 1741 78 30 1951
1424 1740 166 30 tillkallat
1614 1739 175 31 särskilda

287 1797 291 36 utredningsmän
599 1796 80 30 med
702 1796 157 37 uppdrag
879 1797 52 28 att
950 1795 190 30 verkställa
1162 1794 189 37 utredning
1371 1794 10 29 i
1403 1794 128 29 ämnet.

333 1850 80 30 Som
431 1849 155 37 framgår
602 1858 44 21 av
661 1849 67 30 vad
746 1849 58 37 jag
821 1849 149 36 tidigare
986 1848 118 30 anfört
1121 1848 45 29 ha
1184 1847 155 30 nämnda
1359 1848 293 36 utredningsmän
1670 1848 120 29 funnit

287 1905 51 27 att
355 1903 196 37 uppdraget
569 1903 77 29 icke
664 1902 139 30 kunnat
821 1901 172 37 fullgöras
1011 1902 95 29 inom
1126 1901 110 30 sådan
1255 1901 60 34 tid,
1335 1903 52 27 att
1404 1901 110 29 härav
1533 1901 168 29 föranlett
1720 1900 71 30 för-

288 1957 73 36 slag
379 1965 57 20 om
454 1956 162 29 definitiv
635 1955 222 37 lagstiftning
875 1955 11 29 i
905 1954 126 37 frågan
1049 1954 117 30 kunde
1187 1954 214 36 framläggas
1420 1954 112 29 under
1551 1953 238 30 innevarande

287 2010 57 29 års
362 2009 154 37 riksdag.
535 2008 370 37 Utredningsmännen
924 2008 45 29 ha
989 2007 180 37 föreslagit
1187 2009 52 27 att
1259 2007 79 30 1951
1360 2006 58 30 års
1436 2006 56 37 lag
1511 2006 109 30 måtte
1639 2006 152 30 ersättas

288 2063 78 29 med
385 2072 43 20 en
444 2062 168 30 liknande
631 2062 56 36 lag
705 2061 160 37 gällande
883 2060 56 30 för
957 2060 97 30 tiden
1072 2060 67 30 den
1160 2060 13 29 1
1194 2059 68 37 juli
1284 2059 83 30 1952
1385 2077 45 4 —
1447 2059 68 30 den
1534 2059 39 29 30
1594 2058 78 37 juni
1694 2059 94 34 1953,

288 2116 120 30 varvid
425 2115 90 31 dock
530 2115 68 30 den
613 2114 204 30 nuvarande
833 2114 152 37 gränsen
1000 2113 55 30 för
1070 2112 325 37 sedelutgivningen
1409 2111 107 30 borde
1532 2111 161 37 förhöjas
1710 2111 80 30 från

288 2170 19 29 4
322 2169 62 30 400
412 2169 54 29 till
497 2169 15 29 4
526 2169 63 30 800
616 2167 168 37 miljoner
810 2167 141 29 kronor.
979 2166 67 30 Vid
1074 2166 76 30 sina
1177 2165 237 37 beräkningar
1442 2164 150 30 rörande
1621 2165 170 29 sedelom-

287 2223 117 36 loppet
425 2222 45 29 ha
492 2221 364 37 utredningsmännen
876 2237 46 4 —
941 2219 113 30 under
1076 2219 255 36 förutsättning
1352 2220 51 28 att
1426 2218 276 30 statsmakterna
1724 2218 65 29 och

289 2275 216 30 riksbanken
522 2275 139 36 vidtoge
680 2273 169 31 effektiva
867 2273 164 36 åtgärder
1048 2272 55 29 för
1120 2274 52 27 att
1192 2271 184 30 förhindra
1395 2280 43 20 en
1457 2271 143 30 fortsatt
1619 2271 87 37 pris-
1725 2270 65 30 och

289 2328 238 37 löneglidning
544 2345 46 4 —
608 2327 209 37 uppskattat
836 2325 274 37 sedelomloppet
1128 2325 58 29 vid
1207 2325 106 29 slutet
1330 2333 43 21 av
1391 2324 39 30 år
1452 2324 83 30 1952
1554 2324 54 30 till
1627 2324 165 36 omkring

289 2382 95 30 4400
411 2381 20 30 å
457 2381 96 30 4500
579 2380 168 37 miljoner
773 2379 141 30 kronor.
940 2378 68 30 Till
1035 2378 154 30 nämnda
1217 2378 125 37 belopp
1369 2377 107 30 borde
1503 2377 119 37 läggas
1650 2386 43 21 en
1719 2377 73 29 viss

289 2444 125 26 reserv,
439 2434 205 37 förslagsvis
666 2432 206 38 uppgående
894 2432 54 29 till
972 2432 62 30 300
1058 2431 166 36 miljoner
1247 2431 140 34 kronor,
1411 2430 130 30 avsedd
1565 2432 51 28 att
1639 2438 40 29 ge
1702 2430 89 29 riks-

289 2489 139 35 banken
449 2487 186 37 möjlighet
656 2488 52 28 att
730 2486 182 37 tillgodose
935 2484 189 31 eventuellt
1146 2483 287 38 uppkommande
1455 2484 121 34 behov,
1601 2492 76 21 som
1701 2491 91 21 sam-
