1884 2816
524 189 275 32 Statsutskottets
825 188 175 30 utlåtande
1025 197 43 21 nr
1093 188 71 30 191.
1563 181 38 29 21

138 276 51 30 De
207 275 236 35 sakkunnigas
462 274 128 36 förslag
620 291 23 3 —
658 283 78 20 vars
754 273 206 36 huvuddrag
978 272 59 36 jag
1055 282 47 20 nu
1122 270 157 37 återgivit
1295 287 45 4 —
1353 279 98 21 avser
1469 269 10 29 i
1494 269 107 31 första

92 319 96 30 hand
211 328 41 21 en
273 318 275 35 rationalisering
570 326 42 20 av
634 316 56 30 det
711 316 115 30 arbete
849 315 57 30 vid
927 315 293 35 länsstyrelserna,
1243 323 74 20 som
1340 313 74 30 icke
1436 313 64 29 bör
1520 320 82 22 vara

93 360 206 31 förbehållet
321 361 66 29 den
410 359 163 36 juridiskt
595 358 177 30 utbildade
794 358 214 36 personalen.
1033 356 332 35 Rationaliseringen
1388 355 86 30 skall
1499 355 104 35 enligt

94 403 362 36 sakkunnigförslaget
483 401 221 37 genomföras
734 400 47 35 så,
812 403 48 27 att
889 400 284 36 länsstyrelserna
1202 399 146 29 tilldelas
1377 397 225 36 befattnings-

92 447 130 29 havare
244 447 78 29 med
347 445 54 30 för
425 444 95 36 varje
544 445 71 34 slag
638 453 42 21 av
704 442 290 36 arbetsuppgifter
1018 441 191 36 avpassade
1232 439 282 32 kvalifikationer
1537 439 65 30 och

94 492 48 27 att
161 488 130 30 arbetet
311 487 44 37 på
375 486 156 37 lämpligt
550 487 66 29 sätt
635 486 151 30 fördelas
807 486 126 29 mellan
953 485 98 30 dessa
1070 483 351 36 befattningshavare.
1443 482 51 30 En
1514 482 89 35 följd

93 541 43 20 av
156 528 500 38 rationaliseringsåtgärderna
675 528 76 36 blir,
773 531 48 27 ait
841 528 238 29 innehavarna
1099 537 42 20 av
1161 527 42 29 de
1223 535 68 27 nya
1305 521 169 49 ordinarie
1489 525 113 30 lands-

93 577 160 31 kanslist-
275 578 65 30 och
364 574 466 37 landskontoristtjänsterna
852 572 137 36 åläggas
1011 573 108 29 större
1142 579 126 21 ansvar
1290 570 65 29 och
1377 578 96 20 mera
1495 567 107 30 kvali-

93 620 152 31 ficerade
265 619 176 37 uppgifter
460 620 44 29 än
526 628 74 20 som
620 618 10 29 i
653 618 89 35 regel
763 616 91 31 åvila
874 615 202 30 nuvarande
1096 611 286 32 landskanslister
1402 611 64 29 och
1488 610 114 30 lands-

93 663 217 30 kontorister.
334 662 200 29 Detsamma
555 661 98 29 torde
673 661 10 29 i
705 660 68 29 viss
795 658 83 30 mån
898 658 88 36 gälla
1007 655 222 31 beträffande
1250 655 43 29 de
1313 657 95 27 extra
1431 652 172 31 ordinarie

92 705 288 30 landskanslister
396 705 65 29 och
478 702 321 34 landskontorister,
818 710 74 21 som
909 700 103 35 enligt
1031 698 163 35 förslaget
1212 697 97 30 skola
1326 696 80 35 ingå
1423 696 10 28 i
1451 696 64 28 den
1535 703 68 26 nya

92 748 290 37 organisationen.
408 747 64 29 Vid
496 746 123 31 sådant
643 745 219 30 förhållande
887 754 102 26 synas
1016 745 41 29 de
1080 744 56 29 för
1159 743 218 30 närvarande
1403 742 201 35 tillämpade

93 791 195 30 restriktiva
313 788 489 38 löneregleringsprinciperna
826 788 75 29 icke
923 787 86 30 böra
1033 787 99 35 lägga
1156 786 124 30 hinder
1303 786 10 29 i
1338 786 107 34 vägen
1471 784 55 30 för
1550 792 53 27 ge-

93 834 232 30 nomförande
349 842 42 21 av
414 833 42 29 de
478 831 236 36 sakkunnigas
738 831 139 34 förslag,
901 833 49 27 att
973 830 98 30 dessa
1092 828 345 36 befattningshavare
1459 827 144 29 beredas

94 886 42 20 en
159 876 192 30 förbättrad
372 874 252 36 löneställning.
647 873 53 31 Då
722 872 362 37 sakkunnigförslaget
1105 871 130 36 jämväl
1257 871 10 29 i
1289 870 109 35 övrigt
1423 879 99 26 synes
1548 878 54 20 va-

94 929 40 21 ra
161 919 54 29 väl
243 919 190 34 motiverat,
461 918 189 35 tillstyrker
674 916 58 36 jag
759 917 192 29 detsamma
978 915 9 30 i
1016 916 76 29 dess
1119 914 216 35 huvuddrag.
1364 913 64 29 Det
1455 921 42 21 av
1525 911 78 30 fler-

95 962 82 30 talet
200 961 294 30 remissinstanser
514 960 155 29 uttalade
692 958 213 31 önskemålet
928 967 56 20 om
1006 956 176 37 placering
1205 966 43 20 av
1272 956 40 30 de
1337 965 70 26 nya
1432 954 173 30 ordinarie

94 1004 262 31 landskanslist-
386 1004 65 29 och
478 1001 466 36 landskontoristtjänsterna
971 1000 11 29 i
1009 999 209 36 lönegraden
1245 998 28 29 A
1302 998 39 29 18
1369 998 70 29 kan
1467 996 57 36 jag
1552 995 51 30 så-

95 1047 108 30 lunda
225 1047 74 30 icke
322 1046 145 30 biträda.

140 1090 74 30 Vad
237 1089 243 35 länsstyrelsen
504 1088 10 29 i
539 1087 243 36 Kopparbergs
806 1088 57 29 län
887 1087 116 30 anfört
1026 1088 131 35 därom,
1182 1090 48 28 att
1253 1088 56 30 vid
1332 1089 272 35 genomförande

96 1142 43 20 av
157 1133 41 29 de
216 1131 236 36 sakkunnigas
471 1131 128 36 förslag
617 1130 19 31 å
655 1130 134 30 mindre
807 1131 65 29 och
891 1131 205 29 medelstora
1114 1131 260 30 landskanslien
1393 1132 149 30 ärenden
1561 1141 42 20 av

96 1175 112 30 skilda
231 1175 71 35 slag
325 1174 110 30 skulle
456 1174 134 29 behöva
612 1173 167 30 hänföras
802 1173 50 30 till
875 1182 134 21 samma
1031 1173 221 36 arbetsdetalj
1277 1182 100 27 synes
1400 1173 125 36 riktigt.
1551 1173 53 30 Gi-

96 1218 107 30 vetvis
231 1217 145 30 innebär
403 1217 92 30 detta
523 1215 219 31 förhållande
772 1225 73 20 som
875 1215 154 36 betingas
1060 1225 42 21 av
1129 1225 41 20 en
1199 1216 133 30 önskan
1361 1218 49 28 att
1436 1216 167 36 begränsa

96 1261 129 29 antalet
246 1259 261 36 arbetsdetaljer
528 1259 67 30 viss
618 1259 189 36 olägenhet.
830 1258 198 30 Emellertid
1051 1259 96 29 torde
1169 1258 31 36 ej
1223 1259 107 29 heller
1350 1258 95 30 inom
1467 1268 42 20 en
1531 1259 74 29 allt-

95 1303 138 36 igenom
256 1304 171 34 homogen
452 1301 221 36 arbetsdetalj
699 1301 113 36 någon
836 1311 95 20 mera
954 1300 169 37 ingående
1144 1301 214 36 granskning
1382 1301 119 30 kunna
1527 1300 78 30 från

96 1346 280 30 föreståndarens
400 1345 76 30 sida
499 1345 219 30 förekomma
741 1354 42 21 av
807 1344 338 35 beredningsarbetet
1170 1343 221 30 beträffande
1417 1342 94 36 varje
1535 1344 69 29 sär-

97 1389 79 30 skilt
207 1389 135 35 ärende,
373 1397 74 21 som
476 1387 203 30 anförtrotts
708 1388 130 28 honom
867 1387 213 29 underställd
1109 1386 171 35 personal.
1312 1385 293 30 Föreståndarens

96 1431 139 36 uppgift
253 1431 9 29 i
280 1431 91 29 detta
390 1430 167 30 avseende
576 1439 100 26 synes
694 1429 85 30 böra
797 1429 9 29 i
824 1429 146 29 främsta
988 1431 149 27 rummet
1155 1438 83 20 vara
1257 1431 48 27 att
1324 1428 133 29 fördela
1476 1428 129 29 arbetct

97 1475 65 29 och
180 1475 104 29 utöva
302 1482 42 21 en
364 1482 95 21 mera
481 1473 128 29 allmän
629 1473 146 34 översyn
794 1481 41 20 av
855 1472 191 29 detsamma
1066 1471 94 29 inom
1179 1470 160 35 detaljen.
1360 1470 74 29 Den
1454 1479 41 20 av
1513 1470 91 28 lönce-

97 1516 176 30 nämnden
302 1516 64 29 och
395 1515 202 35 föreningen
627 1514 150 29 kvinnor
804 1514 9 29 i
844 1517 127 26 statens
1000 1513 105 35 tjänst
1135 1512 160 36 påtalade
1323 1511 210 36 klyvningen
1563 1520 43 20 av

96 1557 503 37 länsstyrelsebefattningarna
616 1557 9 29 i
642 1556 112 30 skilda
771 1556 192 35 kategorier
979 1565 99 26 synes
1094 1556 176 34 knappast
1285 1553 120 36 möjlig
1422 1553 183 36 attiprak-

95 1602 95 29 tiken
214 1601 162 30 undvika.
401 1600 199 30 Emellertid
624 1599 173 35 förtjänar
818 1598 248 35 understrykas
1090 1598 66 29 vad
1180 1598 42 29 de
1245 1596 218 35 sakkunniga
1490 1595 115 30 anfört

97 1645 132 32 därom,
251 1646 47 29 att
318 1643 124 30 hinder
459 1642 141 36 givetvis
620 1642 74 30 icke
714 1641 182 35 föreligger
914 1643 47 27 att
982 1640 48 30 till
1051 1640 211 29 innehavare
1282 1648 41 21 av
1343 1637 261 31 landskanslist-

96 1687 83 30 eller
198 1685 381 36 landskontoristtjänst
600 1688 72 26 utse
693 1684 143 35 lämplig
857 1683 154 35 kvinnlig
1031 1682 351 35 befattningshavare.
1406 1681 121 29 Därest
1550 1679 56 30 vid

95 1729 179 36 pågående
291 1728 183 35 utredning
491 1728 146 29 rörande
657 1727 159 36 åtgärder
833 1726 55 30 för
904 1725 207 36 uppnående
1129 1734 42 20 av
1188 1725 124 29 största
1329 1722 143 37 möjliga
1489 1723 116 29 enhet-

95 1772 105 35 lighet
221 1772 64 29 och
308 1770 274 35 rationalisering
603 1770 8 29 i
633 1769 98 36 fråga
753 1779 55 20 om
829 1768 302 36 länsstyrelsernas
1152 1767 219 30 verksamhet
1392 1766 64 29 och
1478 1765 126 30 arbets-

95 1815 68 29 sätt
182 1815 109 29 skulle
310 1814 72 30 visa
400 1814 49 35 sig
466 1831 43 4 —
524 1813 10 29 i
552 1813 148 34 enlighet
718 1812 78 29 med
813 1811 273 30 lönenämndens
1105 1809 185 30 förmodan
1307 1827 44 3 —
1368 1810 48 28 att
1434 1806 172 35 åtskilliga

97 1856 301 36 arbetsuppgifter,
419 1865 76 20 som
517 1865 45 19 nu
586 1854 89 30 åvila
700 1854 147 35 jurister,
871 1853 109 30 skulle
1001 1853 77 29 med
1102 1852 111 29 fördel
1234 1852 119 28 kunna
1376 1849 173 30 anförtros
1572 1847 33 31 åt

96 1899 342 35 befattningshavare
463 1901 83 26 utan
570 1897 148 35 juridisk
743 1905 153 23 examen,
923 1904 99 26 synes
1048 1894 91 29 detta
1164 1894 54 28 väl
1243 1893 154 29 närmast
1421 1891 84 30 böra
1529 1891 77 28 leda

97 1942 50 29 till
172 1945 48 27 att
243 1940 222 36 uppgifterna
490 1939 200 35 överflyttas
715 1938 78 30 från
818 1938 185 35 juristerna
1028 1937 48 28 till
1104 1934 285 31 landskanslister
1415 1932 191 36 respektive

96 1984 311 30 landskontorister
424 1983 80 29 eller
520 1981 342 35 befattningshavare
879 1980 8 28 i
904 1980 91 34 lägre
1012 1978 164 34 lönegrad
1194 1978 64 29 och
1278 1976 85 33 icke,
1382 1974 114 31 såsom
1514 1975 91 28 löne-

96 2026 176 30 nämnden
302 2034 100 26 synes
432 2024 211 35 ifrågasätta,
675 2026 48 27 att
752 2021 284 31 landskanslister
1066 2021 65 28 och
1160 2017 321 34 landskontorister,
1513 2016 92 29 vilka

97 2070 120 28 kunna
244 2069 113 29 betros
384 2068 79 29 med
490 2066 130 31 sådana
648 2064 300 37 arbetsuppgifter,
978 2063 180 30 befordras
1187 2061 49 30 till
1263 2059 193 35 befattning
1482 2059 9 29 i
1520 2068 23 20 s.
1573 2059 31 28 k.

96 2111 197 35 juristgrad.

142 2153 63 35 Jag
231 2153 160 29 förordar
415 2151 156 34 sålunda,
598 2152 48 29 att
672 2151 260 35 arbetsdetaljer
957 2152 173 29 anordnas
1157 2152 94 29 inom
1277 2152 157 34 samtliga
1460 2153 144 34 länssty-

96 2196 106 29 relser
226 2196 76 28 med
328 2195 177 34 undantag
528 2203 41 21 av
594 2194 424 34 överståthållarämbetet,
1045 2203 77 20 vars
1149 2194 134 34 statliga
1309 2194 223 34 avdelningar
1556 2203 49 20 er-

97 2238 94 29 höllo
210 2237 50 29 sin
280 2237 201 29 nuvarande
499 2236 234 34 organisation
751 2236 36 29 så
805 2239 73 26 sent
896 2245 73 20 som
989 2236 64 28 den
1076 2237 11 27 1
1109 2235 139 35 januari
1269 2236 93 32 1943,
1382 2239 48 26 att
1449 2236 158 34 samtliga

98 2280 41 29 de
157 2280 172 29 ordinarie
346 2278 286 30 landskanslister
649 2279 65 28 och
733 2277 309 30 landskontorister
1061 2280 88 27 samt
1170 2280 94 27 extra
1284 2277 172 30 ordinarie
1476 2277 130 30 sådana

96 2321 353 34 befattningshavare,
469 2329 73 20 som
562 2320 97 29 skola
679 2320 115 29 finnas
815 2320 91 28 inom
927 2320 65 28 den
1012 2329 66 25 nya
1098 2319 289 35 organisationen,
1408 2319 96 29 skola
1525 2328 81 20 vara

98 2364 182 36 placerade
299 2365 6 27 i
327 2363 208 34 lönegraden
554 2362 25 29 A
602 2363 34 27 17
657 2362 191 35 respektive
867 2362 49 28 Eo
937 2362 38 28 15
994 2365 88 25 samt
1100 2365 48 26 att
1167 2361 172 29 ordinarie
1358 2361 246 29 landskanslis-

100 2409 49 26 ter
166 2406 64 29 och
250 2404 309 31 landskontorister
576 2408 88 25 samt
682 2404 341 33 befattningshavare
1045 2404 6 28 i
1071 2403 247 34 lönegraderna
1336 2403 26 29 A
1383 2404 48 30 11.
1451 2403 25 28 A
1495 2404 28 32 9,
1543 2403 25 28 A
1589 2404 16 27 7

98 2450 65 29 och
182 2448 26 29 A
227 2449 18 28 4
265 2448 96 29 skola
381 2447 54 29 vid
457 2447 39 29 de
516 2446 168 30 särskilda
703 2446 282 35 länsstyrelserna
1006 2445 114 30 finnas
1142 2445 46 29 till
1209 2445 55 29 det
1283 2445 103 34 antal,
1407 2454 71 19 som
1502 2444 103 29 fram-

97 2491 61 35 går
187 2500 42 20 av
256 2491 63 28 den
348 2489 390 36 personalförteckning,
766 2488 56 35 jag
850 2488 7 28 i
885 2488 51 28 det
968 2487 153 35 följande
1149 2487 155 30 anhåller
1332 2487 33 29 få
1394 2487 211 28 underställd

99 2534 194 33 riksdagen.
313 2533 12 28 I
344 2532 423 35 personalförteckningen
786 2532 44 30 ha
850 2532 5 28 i
874 2531 228 35 utjämnande
1120 2530 88 36 syfte
1223 2530 88 30 vissa
1329 2530 188 34 ändringar
1534 2529 70 29 vid-

100 2576 99 35 tagits
226 2575 7 29 i
260 2575 218 29 förhållande
505 2574 45 29 till
578 2575 41 28 de
644 2574 236 33 sakkunnigas
908 2574 136 33 förslag.
1072 2572 153 30 Sålunda
1251 2573 63 28 har
1339 2572 127 29 antalet
1494 2571 111 29 lands-
