2246 2636
412 200 36 29 18
944 199 230 30 Statsutskottets
1202 201 152 28 Utlåtande
1377 201 55 28 N:o
1454 201 29 28 8.

409 277 220 36 statsverket
668 277 128 43 skulle,
837 276 120 36 såsom
997 277 400 49 generaltullstyrelsen
1432 276 143 45 antydt,
1597 276 192 36 föranleda
1816 277 114 36 ökadt
1957 290 61 22 an-

409 326 219 49 slagsbehof,
667 326 209 49 Riksdagen
916 332 146 43 antoge,
1097 333 53 30 att
1175 327 133 48 Kongl.
1335 328 101 45 Maj:t
1462 328 80 36 icke
1568 328 147 35 komme
1742 333 55 30 att
1823 327 196 37 underlåta

410 384 54 29 att
502 378 88 35 med
630 377 202 48 anledning
869 376 111 37 häraf
1011 379 60 34 till
1097 378 210 46 Riksdagen
1335 386 89 41 göra
1452 378 73 36 den
1553 377 285 47 framställning,
1867 378 151 37 hvartill

409 428 282 36 förhållandena
717 428 125 36 kunde
868 428 202 36 föranleda.

510 479 76 36 Vid
626 480 171 35 anmälan
833 478 40 37 af
904 479 228 46 Riksdagens
1164 479 159 37 berörda
1350 479 190 36 skrifvelse
1567 479 70 36 den
1668 483 44 32 25
1741 480 73 46 maj
1844 479 175 37 nästlidet

410 529 40 36 är
475 529 96 37 hade
605 530 132 46 Kongl.
765 530 100 45 Maj:t
892 529 192 46 förklarat,
1111 536 54 29 att
1191 531 403 48 generaltullstyrelsen
1622 529 62 37 vid
1712 531 242 47 uppgörande
1982 529 41 37 af

409 580 140 49 förslag
575 581 56 35 till
658 581 216 35 tullverkets
902 580 245 48 utgiftsstater
1172 580 59 36 för
1258 580 41 36 år
1329 584 93 33 1896
1454 581 114 35 borde
1594 580 89 48 utgå
1710 580 83 36 från
1814 580 70 36 den
1903 580 116 36 förut-

410 632 173 47 sättning,
611 636 53 30 att
691 631 71 36 den
790 630 59 37 för
875 631 182 48 uppbörd,
1086 631 206 46 debitering
1319 633 67 34 och
1414 632 239 45 redovisning
1680 630 40 36 af
1744 630 75 49 fyr-
1846 632 67 35 och
1933 631 86 36 båk-

409 682 147 36 medlen
596 682 201 36 tullverket
837 681 284 37 tillkommande
1160 683 190 46 provision
1386 681 21 36 å
1442 695 141 23 samma
1618 682 119 36 medel
1773 682 118 36 skulle
1928 695 90 34 upp-

409 732 182 36 debiteras
619 733 67 35 och
715 732 185 36 redovisas
928 732 231 36 omedelbart
1184 732 58 36 för
1269 733 235 36 statsverkets
1531 733 167 45 räkning.

510 782 410 50 Generaltullstyrelsen
956 783 96 36 hade
1079 803 48 3 —
1152 782 190 37 fortsätter
1370 782 403 48 departementschefen
1803 802 47 4 —
1877 796 51 22 nu
1956 796 63 22 an-

408 833 83 44 fört,
532 840 55 29 att
626 835 177 48 styrelsen
831 835 11 34 i
870 834 201 45 anledning
1098 832 39 37 af
1161 834 159 36 berörda
1346 833 188 37 föreskrift
1561 833 81 36 haft
1669 839 54 30 att
1749 840 86 41 taga
1862 835 11 34 i
1901 832 117 37 öfver-

408 884 178 48 vägande,
622 886 11 34 i
670 885 97 36 hvad
808 884 85 36 mån
930 898 44 22 en
1002 885 155 47 höjning
1184 884 41 35 af
1250 886 172 45 beloppet
1449 884 84 36 utaf
1558 885 44 35 de
1628 885 59 35 till
1713 885 305 35 vikariatsersätt-

408 936 100 45 ning,
537 940 106 31 extra
668 936 169 35 biträden
865 948 45 22 m.
937 949 48 21 m.
1014 936 99 34 inom
1141 936 177 46 styrelsen
1348 936 68 35 och
1441 936 101 35 inom
1562 934 377 48 lokalförvaltningen
1959 934 60 36 för

408 985 232 37 närvarande
679 986 171 36 anvisade
881 986 64 36 två
976 987 137 44 anslag,
1141 986 158 48 tillhopa
1327 989 155 41 215,009
1512 987 145 43 kronor,
1685 986 125 35 kunde
1837 985 83 36 från
1948 986 69 35 och

408 1036 85 36 med
520 1036 229 36 sistnämnda
775 1036 40 35 år
841 1035 117 37 blifva
985 1036 226 46 erforderlig.

508 1087 58 35 Då
593 1086 41 36 af
658 1088 157 43 orsaker,
842 1086 57 36 för
926 1087 128 35 hvilka
1081 1087 400 48 generaltullstyrelsen
1509 1088 10 34 i
1549 1088 63 34 sitt
1642 1086 102 36 förut
1771 1086 247 36 omförmälda

408 1137 193 36 utlåtande
640 1138 198 47 redogjort,
875 1137 61 37 det
963 1137 115 36 behof
1102 1137 39 36 af
1165 1137 178 36 förstärkt
1370 1139 171 46 personal
1567 1138 63 35 vid
1657 1138 218 35 tullverkets
1902 1138 115 35 lokal-

408 1187 231 49 förvaltning
671 1189 66 35 och
765 1189 63 35 vid
855 1189 379 47 gränsbevakningen,
1263 1200 78 23 som
1369 1188 112 36 redan
1511 1188 40 35 år
1583 1191 92 34 1888
1704 1188 207 42 framträdt,
1939 1187 78 36 der-

409 1238 90 37 efter
526 1239 185 48 betydligt
738 1240 113 43 ökats,
880 1244 95 30 samt
1002 1239 101 35 detta
1130 1238 114 36 behof
1267 1238 313 46 hufvudsakligen
1609 1239 245 46 tillgodosetts
1882 1251 135 35 genom

408 1290 206 36 anlitandet
649 1290 40 35 af
721 1295 104 30 extra
860 1289 179 45 biträden,
1078 1289 100 45 hade,
1214 1289 154 36 oaktadt
1395 1290 70 35 den
1493 1289 224 48 förhöjning,
1744 1302 79 22 som
1851 1289 40 35 år
1920 1292 94 33 1889

407 1341 169 45 beviljats
603 1341 13 35 i
643 1340 62 37 det
732 1353 68 23 ena
827 1340 40 36 af
889 1340 217 36 förberörda
1132 1341 128 44 anslag
1288 1341 90 35 eller
1405 1340 62 36 det
1490 1339 21 36 å
1529 1340 396 47 lokalförvaltningens
1944 1345 73 30 stat

409 1397 199 42 upptagna,
635 1390 205 47 utgifterna
865 1390 58 37 för
949 1391 384 47 vikariatsersättning
1360 1391 69 35 och
1457 1397 107 29 extra
1591 1391 169 35 biträden
1787 1404 47 22 m.
1861 1404 47 22 m.
1936 1391 80 35 icke

408 1442 104 44 blott,
540 1441 49 47 på
616 1448 70 29 sätt
713 1441 39 36 af
776 1455 139 23 samma
942 1441 192 36 utlåtande
1160 1441 217 48 framginge,
1404 1442 119 35 under
1543 1441 86 36 åren
1650 1444 256 42 1890—1892,
1925 1447 91 29 utan

403 1493 140 45 jemväl
583 1492 118 36 under
737 1492 40 36 år
807 1495 93 34 1893
929 1491 207 47 öfverstigit
1162 1492 279 47 sammanlagda
1468 1493 172 45 beloppet
1667 1491 41 36 af
1732 1491 284 49 ifrågavarande

408 1543 62 36 två
510 1544 129 45 anslag
679 1544 67 35 och
782 1543 45 36 de
854 1542 118 37 under
997 1543 104 36 tiden
1127 1544 217 46 uppkomna
1369 1544 289 46 besparingarna
1685 1542 21 36 å
1733 1543 70 35 den
1831 1543 186 35 ordinarie

408 1594 316 46 aflöningsstaten;
753 1595 66 35 och
848 1593 94 37 hade
968 1593 194 37 skilnaden
1189 1594 12 35 i
1228 1593 164 36 rundadt
1418 1594 176 35 medeltal
1622 1593 139 46 årligen
1780 1593 160 49 uppgått
1957 1594 59 35 till

412 1648 129 41 19,500
569 1646 147 34 kronor.

508 1694 122 37 Sedan
657 1696 12 35 1
696 1696 301 46 aflöningsstaten
1025 1694 59 37 för
1107 1695 40 35 år
1169 1698 95 34 1894
1283 1696 217 34 tillkommit
1521 1698 17 31 ?
1560 1708 74 35 nya
1653 1694 363 36 kammarskrifvare-

407 1747 151 44 tjenster
599 1747 68 35 och
705 1750 45 33 20
787 1759 74 36 nya
895 1746 410 48 vaktmästaretjenster,
1334 1745 93 36 hade
1455 1746 212 46 visserligen
1695 1745 20 35 å
1742 1745 45 36 de
1815 1751 108 38 orter,
1950 1745 65 36 der

408 1797 104 35 dessa
539 1798 169 46 tjensters
735 1796 239 37 innehafvare
994 1795 126 37 blifvit
1138 1796 178 44 anstälda,
1336 1797 88 35 eller
1442 1796 172 35 städerna
1632 1795 196 49 Göteborg,
1848 1795 167 46 Helsing-

407 1848 93 47 borg
528 1848 69 35 och
624 1847 147 45 Malmö,
798 1846 175 37 behofvet
1000 1846 41 36 af
1065 1853 104 30 extra
1195 1847 168 36 biträden
1392 1847 226 45 väsentligen
1644 1846 162 46 nedgått,
1833 1860 85 22 men
1943 1846 70 36 den

407 1897 108 36 häraf
538 1898 302 48 uppkommande
867 1899 207 47 besparing,
1102 1910 78 23 som
1208 1898 404 48 generaltullstyrelsen
1640 1897 134 46 ansåge
1801 1896 59 36 för
1878 1898 77 35 helt
1974 1897 40 35 år

407 1950 128 34 kunna
575 1950 179 35 beräknas
794 1950 58 34 till
892 1949 109 47 högst
1030 1951 131 42 20,000
1188 1949 150 43 kronor,
1365 1948 217 48 motvägdes
1610 1949 57 34 till
1695 1954 116 29 större
1839 1948 107 36 delen
1974 1948 42 35 af

407 1999 70 35 den
505 2000 214 47 minskning
747 1999 20 36 å
795 2000 44 35 de
865 1999 58 36 för
950 1999 281 46 ifrågavarande
1258 1998 153 46 utgifter
1439 1999 209 46 disponibla
1675 1998 130 45 medel,
1825 2011 77 23 som
1923 2012 90 34 upp-

406 2049 89 36 stått
535 2050 213 48 derigenom
789 2056 53 29 att
882 2050 191 46 samtidigt
1111 2049 84 36 med
1237 2050 244 35 omförmälda
1507 2063 75 35 nya
1608 2050 168 45 tjensters
1803 2049 210 36 inrättande

405 2100 225 46 indragning
656 2107 61 41 egt
742 2114 84 22 rum
853 2100 40 36 af
916 2100 187 46 åtskilliga
1129 2101 463 46 kustbevakningssysslor,
1620 2113 79 23 som
1726 2099 111 36 sedan
1865 2100 89 34 flera
1973 2099 41 35 år

405 2151 156 35 tillbaka
599 2151 48 46 på
686 2151 126 36 försök
853 2151 123 36 hållits
1016 2152 133 46 lediga,
1190 2151 70 35 och
1299 2151 145 36 hvilkas
1485 2150 172 46 aflöning,
1693 2151 158 45 tillhopa
1881 2152 130 41 1:4,800

406 2201 148 44 kronor,
594 2203 232 47 följaktligen
867 2201 118 37 under
1025 2202 101 35 tiden
1166 2202 145 35 kunnat
1350 2201 189 37 användas
1575 2200 59 36 för
1660 2214 140 22 samma
1828 2199 183 43 ändamål,

405 2252 152 35 hvartill
585 2251 241 37 oftanämnda
853 2254 129 46 anslag
1008 2266 88 22 vore
1124 2251 159 36 afsedda.
