2149 2630
693 220 103 32 Stats-
805 220 165 32 Utskottets
998 220 169 33 Utlåtande
1189 219 63 34 N:o
1275 220 49 33 19.
1728 221 36 30 21

553 358 604 51 Undervisningsanstalter
1183 358 69 40 för
1281 359 172 50 sjöfart.

339 465 93 33 20:0.
488 462 14 34 I
531 462 102 35 detta
661 463 139 47 anslag,
829 475 48 23 nu
909 463 207 47 utgörande
1145 466 133 42 75,800
1307 464 151 43 kronor,
1475 464 65 35 har
1567 464 121 45 Kongl.
1716 463 93 49 Maj:t

204 513 105 35 äskat
339 513 210 48 förhöjning
577 513 79 35 med
691 515 132 42 10,000
852 514 158 44 kronor;
1040 515 66 35 och
1136 515 46 36 då
1204 514 38 37 af
1269 514 84 36 hvad
1373 515 10 35 i
1400 515 407 48 statsrådsprotokollet

203 564 85 45 (Bil.
331 564 69 35 N:o
444 567 20 32 4
498 565 36 42 Db,
569 577 80 34 pag.
688 563 60 47 11)
780 566 114 34 finnes
924 565 214 37 meddeladt
1166 579 108 36 synes
1302 565 155 49 framgå,
1487 572 54 29 att
1569 566 69 36 den
1669 565 138 48 ifråga-

203 620 96 30 satta
341 615 259 47 förhöjningen
642 623 39 27 är
722 615 57 35 för
819 619 40 31 år
894 618 93 34 1877
1018 617 173 48 behöflig,
1223 629 91 30 men,
1344 618 116 46 enligt
1488 617 97 35 hvad
1618 616 190 36 Utskottet

202 664 71 37 fått
313 667 56 46 sig
410 666 226 44 meddeladt,
677 669 120 44 någon
835 670 47 44 på
909 666 221 49 fullständig
1157 668 206 47 utredning
1393 668 39 35 af
1456 668 154 35 ärendet
1637 668 168 47 grundad

205 716 175 49 pröfning
420 716 35 36 af
496 716 322 48 anslagsbehofvet
858 717 58 36 för
958 717 198 38 framtiden
1198 719 79 36 icke
1309 719 71 35 kan
1409 719 120 36 under
1557 718 250 37 innevarande

203 767 155 48 riksdag
398 767 282 48 ifrågakomma,
723 768 65 36 har
829 769 63 35 det
923 769 135 36 äskade
1088 770 175 48 beloppet
1292 776 104 42 synts
1424 769 197 36 Utskottet
1648 771 88 34 böra
1764 773 45 44 på

205 823 106 31 extra
341 824 73 30 stat
441 817 59 37 för
528 821 40 33 år
599 821 93 34 1877
723 819 196 48 uppföras;
949 819 147 37 hvadan
1126 820 195 36 Utskottet
1348 822 222 48 tillstyrker,

606 876 55 30 att
701 870 244 36 förevarande
986 872 136 47 nådiga
1163 871 270 49 framställning
1474 875 59 32 må
1565 875 43 45 på
1646 872 63 37 det
1737 879 73 29 sätt

606 921 40 36 af
670 921 212 49 Riksdagen
911 921 158 45 bifallas,
1098 928 54 31 att
1179 924 56 35 till
1265 923 468 49 undervisningsanstalter
1755 923 55 36 för

607 972 130 47 sjöfart
766 973 145 35 anvisas
941 973 54 35 till
1024 973 133 47 Kongl.
1189 974 122 48 Maj:ts
1341 974 218 48 disposition
1583 973 56 37 för
1655 978 39 32 år
1714 976 93 34 1877

609 1027 46 43 på
683 1029 105 30 extra
818 1030 74 29 stat
920 1029 54 30 ett
1001 1025 137 47 belopp
1167 1024 40 36 af
1234 1027 129 42 10,000
1391 1026 146 34 kronor.

341 1127 94 34 21:o.
489 1125 16 34 I
539 1124 173 37 afseende
741 1129 20 32 å
790 1126 121 48 öfriga
941 1126 121 35 under
1090 1126 120 36 denna
1238 1125 231 37 hufvudtitel
1498 1126 184 48 uppförda
1711 1126 98 36 ordi-

206 1176 101 35 narie
336 1177 137 45 anslag,
504 1176 79 35 deri
613 1176 219 47 förändring
860 1177 77 34 icke
966 1176 250 45 förekommit,
1245 1177 206 48 tillstyrker
1480 1176 202 44 Utskottet,

609 1232 54 30 att
692 1227 107 36 dessa
826 1228 128 48 anslag
982 1231 59 32 må
1068 1226 175 50 uppföras
1272 1228 57 35 till
1350 1228 193 36 enahanda
1562 1228 149 49 belopp,
1728 1242 79 22 som

607 1278 62 35 vid
700 1278 189 35 nästlidna
918 1282 57 32 års
1004 1279 152 48 riksdag
1184 1279 218 37 bestämdes.

342 1535 96 34 22:o.
493 1533 52 36 På
586 1533 62 36 det
690 1534 172 46 anslagen
904 1538 20 32 &
963 1533 254 37 hufvudtiteln
1260 1537 113 33 måtte
1407 1534 134 36 ordnas
1570 1538 47 44 på
1647 1534 63 36 det
1736 1541 74 30 sätt

208 1584 70 35 och
322 1584 120 35 under
483 1584 141 36 sådana
663 1585 186 43 rubriker,
890 1598 79 23 som
1010 1598 135 36 genom
1187 1586 65 34 sitt
1279 1585 162 35 innehåll
1468 1598 89 23 vore
1586 1585 143 47 egnade
1757 1592 53 30 att

211 1635 92 36 lätta
330 1633 224 49 öfversigten
584 1635 40 35 af
647 1635 251 37 hufvudtiteln
928 1637 8 34 i
968 1636 82 36 dess
1079 1636 134 42 helhet,
1242 1636 64 35 har
1336 1636 129 47 Kongl.
1497 1637 102 47 Maj:t
1619 1636 191 49 föreslagit

207 1685 215 48 Riksdagen
463 1691 66 37 att,
570 1687 63 34 vid
669 1687 243 48 uppgörande
946 1687 39 36 af
1010 1701 48 35 ny
1087 1687 150 35 riksstat
1265 1686 55 36 för
1348 1687 266 44 hufvudtiteln,
1643 1694 168 42 upptaga

208 1736 45 36 de
287 1737 187 36 ordinarie
516 1738 173 48 anslagen
732 1737 118 36 under
891 1738 44 37 de
975 1738 170 36 rubriker
1186 1738 66 35 och
1294 1739 114 43 titlar,
1451 1744 90 29 samt
1583 1739 10 34 i
1626 1739 69 35 den
1724 1740 87 35 ord-

213 1788 101 47 ning,
344 1800 80 23 som
452 1787 131 38 funnes
613 1788 152 49 angifna
794 1790 54 34 uti
877 1789 62 36 det
966 1788 139 49 förslag
1133 1790 56 34 till
1211 1790 257 47 uppställning
1492 1789 37 36 af
1542 1789 269 45 hufvudtiteln,

208 1838 145 35 hvilket
381 1851 89 23 vore
499 1839 415 48 statsrådsprotokollet
940 1839 59 37 för
1028 1840 72 35 den
1131 1842 43 33 10
1202 1839 157 36 Januari
1390 1842 94 35 1876
1514 1838 83 48 (Bil.
1628 1840 68 36 N:o
1724 1843 21 32 4
1775 1842 38 42 hb,

208 1902 82 35 pag.
321 1891 45 34 54
396 1889 69 36 och
495 1887 62 47 55)
585 1890 205 47 vidfogadt.

344 1939 55 36 Då
439 1940 72 36 den
544 1953 50 23 nu
629 1940 217 48 ifrågasatta
886 1941 265 46 förändringen
1196 1941 276 47 otvifvelaktigt
1515 1949 40 28 är
1596 1941 121 47 cegnad
1759 1947 54 30 att

209 1991 91 34 lätta
329 1990 227 48 öfversigten
584 1991 39 35 af
648 1991 255 36 hufvudtiteln
931 1993 10 33 i
971 1992 82 35 dess
1083 1992 136 42 helhet,
1247 1991 56 36 får
1332 1991 205 44 Utskottet,
1570 2005 56 23 som
1647 1993 15 34 i
1680 1992 133 35 härhos

209 2040 152 49 bilagda
402 2042 114 35 tabell
551 2040 103 47 (Litt.
687 2041 48 46 N)
764 2043 174 48 iakttagit
966 2043 68 36 den
1064 2044 268 47 uppställning,
1361 2043 133 48 Kongl.
1525 2043 103 47 Maj:t
1657 2043 157 36 sålunda

209 2090 200 49 föreslagit,
437 2092 213 45 hemställa,

610 2149 55 30 att
706 2143 241 38 förevarande
989 2144 136 48 nådiga
1166 2144 273 49 framställning
1480 2149 59 32 må
1573 2146 110 35 vinna
1710 2145 103 37 Riks-

612 2194 138 48 dagens
779 2195 116 37 bifall.

1850 474 140 32 engårnde

1844 509 154 32 förhöjning

1859 544 10 22 i
1888 544 118 30 anslaget

1848 578 44 22 till
1912 578 92 23 under-

1865 613 126 29 visnings-

1859 646 133 23 anstalter

1836 680 51 30 Jör
1904 680 107 32 sjöfart.

1861 1136 138 30 Angående

1886 1170 88 30 öfriga

1858 1204 137 23 ordinarie

1878 1238 101 30 anslag.

1865 1544 132 31 Angående

1848 1578 155 31 förändrad

1836 1612 184 32 uppställning

1829 1649 33 29 af
1885 1647 145 23 riksstaten

1849 1682 49 30 för
1917 1681 91 23 Femte

1830 1714 188 33 hufvudtiveln.
