1868 2792
454 146 124 29 Första
604 146 246 39 lagutskottets
875 147 179 29 utlatande
1080 157 42 19 nr
1148 148 50 29 25.
1557 147 20 29 5

85 224 143 39 möjliga
259 226 68 28 sätt
357 226 180 39 tillgodose
569 227 387 39 försäkringstagarnas
986 228 183 29 intressen.
1212 228 112 29 Sedan
1357 228 221 39 uppräkning

85 276 91 30 skett
202 287 41 20 av
270 278 93 30 vissa
387 279 401 38 organisationsformer,
814 280 94 29 vilka
935 282 133 28 ansetts
1092 280 84 30 böra
1203 281 136 38 prövas,
1367 280 175 30 förklaras
1568 280 9 28 i

84 330 205 34 direktiven,
315 333 50 27 att
389 333 85 28 även
498 333 108 29 andra
632 333 127 39 frågor,
784 333 113 29 vilkas
921 333 137 39 lösning
1083 335 60 28 äro
1167 343 41 20 av
1230 334 175 40 betydelse
1431 334 53 29 för
1509 334 70 29 för-

85 383 442 39 säkringsverksamheten,
548 385 84 30 böra
654 388 171 37 upptagas
847 386 51 30 till
920 386 212 40 behandling
1153 387 8 28 i
1185 388 67 28 den
1275 387 244 40 utsträckning
1541 386 36 29 så

84 435 159 31 befinnes
263 436 230 41 erforderligt.
515 439 129 29 Därvid
665 440 96 28 torde
781 439 107 39 enligt
910 440 194 29 direktiven
1126 440 105 29 bland
1253 442 108 28 annat
1382 440 83 29 böra
1484 441 95 28 över-

85 490 103 38 vägas
211 490 132 30 sådana
365 491 182 39 spörsmål,
571 501 74 20 som
669 492 141 30 särskill
833 493 135 29 berörts
989 493 10 29 i
1021 494 246 29 ovannämnda
1290 493 181 29 motioner.

128 542 136 30 Jämväl
289 544 112 29 under
422 543 222 39 förarbetena
669 545 52 29 till
744 545 67 29 den
837 546 145 39 tidigare
1006 546 153 30 nämnda
1183 546 263 39 propositionen
1470 556 43 20 nr
1538 545 41 31 50

84 596 79 29 med
184 595 133 41 förslag
341 597 51 29 till
415 597 55 40 lag
491 607 54 20 om
569 597 353 40 försäkringsrörelse
944 599 64 30 har
1033 599 207 39 spörsmålet
1264 609 57 20 om
1345 599 235 39 försäkrings-

85 648 267 32 utfästelsernas
377 650 348 40 värdebeständighet
752 652 145 30 berörts.
924 653 12 28 I
963 652 203 40 anslutning
1191 653 52 29 till
1270 653 132 39 förslag
1426 662 57 20 om
1509 653 71 37 lag-

84 702 161 30 fästande
266 713 41 20 av
329 704 67 29 den
418 713 24 20 s.
464 704 33 29 k.
521 704 375 40 skälighetsprincipen
916 705 55 30 för
992 706 216 39 premiernas
1229 706 264 30 bestämmande
1514 706 65 29 har

84 755 10 29 i
115 755 107 40 några
242 756 316 40 remissyttranden
577 757 223 35 framhållits,
822 760 50 28 att
892 758 208 40 spörsmålet
1121 768 56 20 om
1198 758 382 40 försäkringsutfästel-

83 817 119 21 sernas
236 809 425 40 realvärdebeständighet
695 820 80 20 vore
811 811 95 39 långt
940 812 169 38 viktigare
1145 813 43 28 än
1223 812 354 40 premiesättningens

85 861 182 40 skälighet.
290 863 303 39 Föredraganden,
619 864 187 30 statsrådet
830 865 107 34 Kock,
961 865 147 39 yttrade,
1133 868 50 27 att
1207 866 95 29 detta
1325 866 11 29 i
1360 866 65 30 och
1448 866 55 29 för
1528 866 52 37 sig

84 924 80 21 vore
183 916 122 39 riktigt
323 926 80 20 men
423 917 274 40 uppenbarligen
716 918 75 29 icke
810 919 118 29 kunde
948 918 139 30 minska
1105 919 202 39 betydelsen
1328 929 41 19 av
1388 928 43 20 en
1451 918 129 30 offent-

84 968 45 39 lig
153 968 152 30 kontroll
331 970 81 29 över
435 970 345 40 premiesättningen.

658 1094 191 31 Utländska
871 1095 132 30 försök.

130 1182 115 29 Under
271 1182 84 29 åren
382 1183 88 29 efter
497 1183 112 30 första
634 1184 232 39 världskriget
894 1184 140 39 gjordes
1060 1185 11 28 i
1099 1184 178 39 Tyskland
1305 1187 48 27 ett
1379 1184 121 30 försök
1528 1185 51 28 att

86 1234 108 40 skapa
222 1236 311 40 värdebeständiga
562 1236 300 40 livförsäkringar.
892 1238 82 29 Man
1002 1237 122 30 ställde
1155 1237 94 30 såväl
1279 1238 197 39 premierna
1504 1246 75 21 som

84 1287 386 40 försäkringssunuman
492 1290 11 28 i
526 1289 171 31 beroende
720 1300 42 20 av
784 1290 108 39 priset
913 1291 45 39 på
981 1291 70 29 viss
1073 1300 82 20 vara
1179 1290 211 40 exempelvis
1413 1291 60 39 råg
1496 1290 82 30 eller

85 1342 146 28 stenkol.
260 1342 52 29 En
339 1352 117 20 annan
483 1343 127 33 metod,
639 1352 74 20 som
740 1344 83 29 kom
850 1344 52 29 till
930 1344 235 39 användning,
1192 1354 62 19 var
1279 1346 50 27 att
1356 1344 126 30 teckna
1509 1344 70 29 för-

85 1394 187 39 säkringen
294 1396 10 28 i
326 1395 86 29 visst
436 1395 238 40 dollarbelopp
696 1396 83 29 eller
801 1397 86 29 visst
910 1397 125 39 belopp
1058 1397 11 28 i
1092 1396 195 40 guldmynt.
1312 1397 202 29 Resultaten
1537 1405 42 20 av

85 1446 164 30 försöken
274 1448 98 29 blevo
397 1448 88 29 dock
508 1448 110 39 ringa.

130 1501 238 29 Innevarande
398 1501 38 30 år
465 1502 45 29 ha
540 1502 416 40 livförsäkringsbolagen
986 1503 10 28 i
1024 1502 150 30 Finland
1204 1503 296 29 överenskommit
1528 1504 50 28 att

84 1553 158 30 meddela
270 1554 250 30 indexbundna
547 1554 251 40 försäkringar.
827 1556 68 28 För
924 1555 131 30 sådana
1082 1555 243 40 försäkringar
1352 1555 226 39 erforderliga

85 1607 151 38 grunder
265 1607 47 30 ha
340 1607 188 30 fastställts
555 1617 43 20 av
628 1608 326 30 socialministeriet.
985 1608 311 40 Huvudprincipen
1324 1610 49 32 är,
1403 1611 50 28 att
1484 1608 94 30 såväl

84 1659 386 40 försäkringssumman
497 1670 75 20 som
599 1662 156 38 premien
782 1662 129 29 ändras
937 1661 88 30 efter
1049 1661 423 31 levnadskostnadsindex
1498 1670 80 20 men

83 1713 123 29 endast
227 1714 111 28 under
360 1714 40 29 de
422 1716 51 28 tre
495 1713 112 31 första
628 1714 83 30 åren
732 1715 88 29 efter
841 1715 358 39 försäkringsbrevets
1221 1715 134 29 datum.
1378 1715 200 38 Ändringen

85 1766 79 29 sker
189 1775 43 20 en
260 1767 89 38 gång
376 1767 132 39 årligen
533 1767 151 30 klockan
709 1768 18 29 0
755 1768 67 29 den
848 1768 113 29 första
986 1768 11 29 i
1023 1768 66 29 den
1117 1767 299 31 kalendermånad
1442 1767 137 30 försäk-

84 1818 215 39 ringsbrevet
322 1820 38 28 är
385 1820 145 29 daterat.
558 1820 120 29 Såsom
704 1820 267 39 försäkringens
995 1820 316 40 begynnelseindex
1337 1822 63 28 och
1429 1830 74 20 som
1527 1820 52 29 in-

83 1871 65 29 dex
171 1871 54 29 för
248 1872 383 39 ändringstidpunkten
654 1873 178 29 användes
854 1873 140 29 indexet
1018 1873 54 30 för
1094 1874 67 28 den
1185 1873 140 34 månad,
1351 1883 74 20 som
1448 1873 130 29 infallit

83 1926 51 27 tre
154 1924 168 30 månader
343 1925 74 29 före
438 1925 357 39 försäkringsbrevets
814 1926 123 28 datum
957 1926 83 29 eller
1061 1926 392 38 ändringstidpunkten,
1476 1925 103 31 alltså

82 1977 284 38 januariindexet
388 1987 57 20 om
466 1978 339 38 försäkringsbrevet
828 1980 38 28 är
889 1979 135 29 daterat
1047 1979 10 28 i
1080 1979 98 39 april,
1202 1979 297 29 februariindexet
1522 1987 57 21 om

84 2030 340 40 försäkringsbrevet
446 2032 38 28 är
508 2031 136 29 daterat
669 2032 10 28 i
705 2031 70 39 maj
802 2041 29 20 o.
859 2041 25 20 s.
909 2041 31 20 v.
967 2031 99 30 Såväl
1092 2032 386 39 försäkringssumman
1504 2040 73 21 som

81 2083 156 38 premien
266 2085 101 38 utgör
395 2084 79 29 från
501 2085 65 28 och
595 2085 78 28 med
702 2085 382 39 ändringstidpunkten
1111 2085 71 29 lika
1210 2085 128 39 många
1365 2088 143 37 procent
1536 2095 42 20 av

84 2137 101 29 deras
215 2138 247 38 ursprungliga
491 2138 125 39 belopp
647 2147 73 20 som
751 2138 401 39 ändringstidpunktens
1181 2138 104 30 index
1315 2140 38 27 är
1382 2148 42 20 av
1453 2139 126 38 begyn-

85 2189 245 30 nelseindexet.
355 2190 102 29 Detta
481 2191 192 37 procenttal
699 2190 181 38 utjämnas
903 2191 88 29 dock
1016 2191 50 28 till
1093 2191 157 29 närmast
1276 2191 92 38 lägre
1391 2191 108 29 tiotal.
1526 2192 53 27 In-

84 2243 207 28 dexbunden
324 2243 199 38 försäkring
556 2243 142 29 tecknas
729 2243 44 38 på
804 2243 158 37 följande
991 2243 135 28 villkor.
1169 2244 410 38 Försäkringsobjektets

84 2295 95 28 ålder
202 2295 100 29 nästa
327 2295 201 38 födelsedag
550 2295 62 29 bör
633 2305 82 19 vara
741 2295 126 30 11--—50
890 2295 49 29 år.
963 2295 257 38 Försäkringen
1246 2295 88 29 skall
1358 2305 82 20 vara
1463 2296 116 38 vanlig

86 2348 258 37 livförsäkring,
375 2347 483 40 familjeskyddsförsäkring,
886 2347 367 40 dödsriskförsäkring
1281 2348 83 29 eller
1395 2348 185 30 studieför-

86 2401 141 37 säkring
251 2401 76 28 med
350 2400 78 38 lång
450 2400 392 39 premiebetalningstid,
866 2401 9 28 i
898 2400 103 39 något
1023 2400 60 30 fall
1105 2401 106 29 minst
1234 2401 40 29 30
1297 2401 49 33 år,
1368 2402 8 28 i
1398 2402 40 29 de
1461 2401 118 39 övriga

86 2454 105 28 minst
218 2454 39 28 20
285 2454 48 28 år.
361 2453 300 38 Försäkringarna
688 2453 89 29 bliva
804 2453 213 38 berättigade
1046 2454 46 28 till
1122 2453 91 30 vinst
1242 2463 121 20 senare
1391 2455 42 28 än
1461 2455 118 38 övriga
