2183 2669
622 136 347 33 Jordbruksutskottets
1001 138 174 32 Utlåtande
1198 139 54 31 Ny
1277 141 49 30 71.
1757 141 20 32 5

181 228 128 37 vinnas
351 241 128 35 genom
524 231 52 34 ett
609 230 197 35 eventuellt
835 230 209 47 fortgående
1073 233 46 44 på
1148 232 69 35 den
1245 232 112 35 redan
1386 231 166 48 inslagna
1581 238 115 42 vägen
1726 236 53 33 att

181 284 120 34 lämna
341 284 198 35 understöd
582 286 36 33 åt
660 284 43 35 de
746 284 40 35 af
824 284 420 49 väghållningsbesväret
1278 288 90 34 mest
1397 286 144 48 tryckta
1571 286 205 38 distrikten.

288 338 73 36 Det
397 338 100 36 torde
527 337 122 38 vidare
679 338 88 36 böra
796 338 146 46 erinrag,
975 342 62 42 att,
1069 341 114 34 ehuru
1212 340 61 36 vid
1306 343 98 33 1905
1435 343 56 33 års
1519 340 161 49 riksdag,
1712 342 68 36 för-

180 395 98 33 utom
322 393 71 35 den
437 393 45 35 då
524 392 199 48 framlagda
765 393 125 48 kungl.
932 393 222 48 proposition
1183 407 55 23 om
1269 394 154 48 ändring
1451 395 13 35 i
1492 394 95 38 vissa
1617 396 99 36 delar
1744 396 40 36 af

180 447 188 47 väglagen,
415 459 45 23 en
503 447 185 47 mångfald
730 447 134 47 förslag
906 448 145 36 väcktes
1094 461 56 23 om
1189 448 194 48 ändringar
1419 450 65 35 och
1512 449 128 48 tillägg
1668 450 13 35 i
1710 451 70 34 den

180 500 125 47 kungl.
347 500 282 47 propositionen,
668 502 60 34 det
757 501 138 45 därvid,
927 502 118 36 såvidt
1074 503 157 47 framgår
1260 503 40 35 af
1325 503 268 36 vederbörande
1621 504 158 36 utskotts

181 554 229 36 betänkande
439 555 65 35 och
534 555 210 35 kamrarnas
773 556 189 46 protokoll,
994 556 80 36 icke
1103 556 207 48 ifrågasatts
1338 560 120 45 någon
1487 557 154 48 ändring
1669 558 13 35 i
1702 571 78 34 pro-

181 607 221 48 positionens
431 609 81 35 från
542 610 69 34 den
639 609 256 48 ursprungliga
918 611 106 46 lagen
1044 612 167 34 hämtade
1231 612 250 35 bestämmelse
1500 613 152 34 rörande
1672 616 108 32 sättet

181 662 56 36 för
279 663 274 47 statsbidragets
596 663 244 37 beräknande.
898 665 130 35 Denna
1070 665 267 48 omständighet
1378 667 100 34 torde
1507 666 13 35 i
1548 669 120 44 någon
1697 669 83 33 mån

180 716 36 36 få
258 729 106 24 anses
406 718 89 47 tyda
537 720 56 44 på,
625 720 53 33 att
712 718 6 35 i
747 719 188 35 anmärkta
964 720 223 35 hänseendet
1215 719 81 36 icke
1325 720 192 48 föreligger
1544 722 111 46 något
1683 734 98 23 mera

180 771 183 37 afsevärdt
391 771 349 37 missförhållande.»

285 826 52 35 På
365 827 119 46 grund
513 826 39 35 af
577 827 95 35 hvad
702 827 150 35 sålunda
881 828 148 44 anförts,
1052 828 88 35 fann
1168 828 179 36 utskottet
1376 828 55 47 sig
1459 828 82 36 icke
1566 829 125 35 kunna
1711 829 69 35 för-

179 880 87 35 orda
293 880 226 35 motionerna
546 883 89 33 utan
663 880 224 46 hemställde,
919 884 52 33 att
1000 882 180 36 desamma
1209 882 80 36 icke
1319 884 109 34 måtte
1456 882 153 45 bifallas,
1638 883 141 37 hvilket

179 934 107 35 också
315 934 80 35 blef
421 935 92 35 båda
542 935 210 35 kamrarnas
782 936 127 35 beslut.

286 1052 152 36 Utöfver
480 1053 95 36 hvad
618 1056 254 33 sammansatta
914 1056 102 33 stats-
1058 1054 67 35 och
1166 1054 240 47 lagutskottet
1434 1055 119 36 anfört
1580 1054 14 36 i
1622 1055 63 36 sitt
1713 1056 66 35 här

182 1106 108 37 ofvan
333 1106 180 48 återgifna
554 1107 196 45 utlåtande,
791 1107 77 36 däri
893 1107 376 49 jordbruksutskottet
1298 1109 56 34 för
1382 1108 57 36 sin
1470 1109 57 35 del
1555 1109 220 45 instämmer,

180 1160 63 36 vill
280 1161 179 36 utskottet
499 1160 158 48 tillägga,
702 1164 53 33 att
789 1162 82 35 med
913 1163 142 47 hänsyn
1097 1161 55 36 till
1181 1165 108 33 sättet
1318 1163 55 35 för
1401 1163 311 47 uppskattningen
1742 1165 39 35 af

180 1215 302 47 vinterväghållet
515 1215 150 36 hvilken
694 1216 128 35 endast
851 1216 85 35 sker
965 1216 56 35 för
1049 1219 52 33 att
1120 1216 198 36 bestämma
1337 1217 207 47 ploglagens
1564 1217 211 48 ersättning,

180 1269 60 35 det
267 1269 81 35 icke
377 1275 112 41 gärna
522 1269 73 35 kan
624 1269 261 48 ifrågakomma
921 1273 52 33 att
1000 1271 105 46 lägga
1134 1271 120 35 denna
1281 1271 269 48 uppskattning
1578 1272 55 35 till
1661 1273 118 46 grund

179 1323 55 36 för
271 1323 250 48 beräkningen
551 1324 39 35 af
616 1327 51 32 ett
696 1324 196 36 eventuellt
920 1324 228 48 statsbidrag.
1206 1324 69 37 Att
1303 1326 81 34 med
1413 1325 149 48 ledning
1581 1326 40 35 af
1637 1326 142 36 kostna-

180 1378 111 35 derna
321 1377 54 36 för
399 1377 303 48 vinterväghållet
722 1379 98 35 finna
840 1381 119 44 någon
978 1378 150 48 lämplig
1147 1379 340 47 beräkningsgrund
1507 1380 54 35 för
1581 1383 51 33 ett
1652 1381 127 35 sådant

180 1431 132 48 bidrag
339 1433 103 35 torde
471 1432 108 36 också
607 1435 96 33 möta
732 1435 96 33 stora
856 1432 232 48 svårigheter,
1111 1433 170 36 särskildt
1301 1434 81 35 med
1402 1434 167 35 afseende
1590 1437 20 32 å
1634 1435 43 35 de
1697 1440 83 31 väx-

178 1485 118 48 lingar
312 1487 102 34 dessa
430 1486 195 36 kostnader
640 1487 161 47 undergå
820 1487 57 35 till
892 1487 89 48 följd
997 1487 39 35 af
1049 1487 96 36 olika
1160 1488 440 35 väderleksförhållanden
1616 1489 96 35 olika
1729 1491 48 33 år.

179 1540 111 35 Bästa
318 1543 109 33 sättet
456 1544 51 32 att
536 1540 110 37 vinna
675 1542 69 34 den
770 1540 205 49 utjämning
995 1542 39 34 af
1050 1545 219 44 vägtungan,
1292 1554 73 23 som
1386 1541 222 37 motionären
1629 1543 148 47 åsyftar,

180 1606 106 36 synes
316 1594 226 36 fördenskull
570 1607 85 24 vara
683 1598 53 33 att
764 1598 113 32 såsom
908 1595 130 36 hittills
1067 1596 121 34 lämna
1217 1596 219 47 statsbidrag
1455 1596 56 35 till
1530 1597 64 34 allt
1613 1609 166 23 sommar-

180 1648 144 47 väghåll
353 1649 66 34 och
449 1648 173 36 särskildt
651 1649 125 47 anslag
803 1648 57 36 till
889 1650 43 34 de
961 1652 92 33 mest
1081 1650 205 46 betungade
1315 1649 462 48 väghållningsdistrikten.

288 1702 124 35 Under
455 1703 227 46 åberopande
725 1703 107 35 häraf
864 1703 55 35 får
946 1703 190 45 utskottet,
1164 1703 113 48 jämte
1307 1703 144 36 erinran
1480 1707 53 32 att
1560 1704 180 36 utskottet
1768 1703 13 36 i

181 1759 110 33 annat
332 1757 189 35 utlåtande
564 1757 118 35 denna
719 1758 70 46 dag
818 1757 55 46 (nr
905 1758 60 46 67)
996 1757 123 35 funnit
1147 1757 57 47 sig
1232 1758 97 43 böra,
1360 1758 55 35 för
1443 1758 161 47 lindring
1632 1759 67 34 och
1727 1762 53 31 ut-

177 1809 167 49 jämning
386 1811 40 34 af
466 1811 205 46 vägbördan
706 1810 13 35 i
754 1811 205 44 allmänhet,
994 1811 183 47 tillstyrka
1206 1824 44 22 en
1279 1811 153 48 höjning
1461 1812 39 34 af
1525 1811 257 48 statsbidraget

181 1864 56 36 till
266 1865 348 47 sommarväghållet,
645 1865 196 44 hemställa,

715 1968 52 32 att
810 1966 81 34 herr
925 1965 193 36 Wiklunds
1147 1964 274 46 ifrågavarande
1453 1964 132 36 motion
1614 1965 81 35 icke
1724 1969 56 31 må

610 2019 39 35 af
674 2019 209 47 Riksdagen
912 2019 151 36 bifallas.

290 2100 206 35 Stockholm
527 2100 70 35 den
630 2103 45 32 19
707 2100 91 47 april
831 2103 112 33 1910.

662 2208 48 35 På
736 2208 394 49 jordbruksutskottets
1159 2214 149 41 vägnar:

716 2290 238 35 THEODOR
987 2290 273 35 ODELBERG.

229 2405 75 33 Bih.
332 2405 48 33 till
405 2404 113 33 Riksd.
546 2404 87 34 Prot.
660 2408 95 30 1910.
804 2408 20 28 8
849 2406 98 32 Saml.
974 2409 40 28 31
1044 2406 92 39 Häft.

1717 2405 18 31 po

1807 1063 179 35 Jordbruks-

1811 1109 170 34 utskottets

1818 1155 153 41 yttrande.
