<?xml version="1.0" encoding="UTF-8"?>
<alto xmlns="http://www.loc.gov/standards/alto/ns-v3#" xmlns:xlink="http://www.w3.org/1999/xlink" xmlns:xsi="http://www.w3.org/2001/XMLSchema-instance" xsi:schemaLocation="http://www.loc.gov/standards/alto/ns-v3# http://www.loc.gov/alto/v3/alto-3-0.xsd">
	<Description>
		<MeasurementUnit>pixel</MeasurementUnit>
		<sourceImageInformation>
			<fileName>/tmp/tess_39z1srqh_input.PNG</fileName>
		</sourceImageInformation>
		<OCRProcessing ID="OCR_0">
			<ocrProcessingStep>
				<processingSoftware>
					<softwareName>tesseract 5.3.0</softwareName>
				</processingSoftware>
			</ocrProcessingStep>
		</OCRProcessing>
	</Description>
	<Layout>
		<Page WIDTH="2204" HEIGHT="2662" PHYSICAL_IMG_NR="0" ID="page_0">
			<PrintSpace HPOS="0" VPOS="0" WIDTH="2204" HEIGHT="2662">
				<ComposedBlock ID="cblock_0" HPOS="684" VPOS="158" WIDTH="1036" HEIGHT="41">
					<TextBlock ID="block_0" HPOS="684" VPOS="158" WIDTH="1036" HEIGHT="41">
						<TextLine ID="line_0" HPOS="684" VPOS="158" WIDTH="1036" HEIGHT="41">
							<String ID="string_0" HPOS="684" VPOS="158" WIDTH="226" HEIGHT="41" WC="0.74" CONTENT="Lagutskottets"/><SP WIDTH="28" VPOS="158" HPOS="910"/>
							<String ID="string_1" HPOS="938" VPOS="159" WIDTH="168" HEIGHT="30" WC="0.95" CONTENT="Utlåtande"/><SP WIDTH="24" VPOS="159" HPOS="1106"/>
							<String ID="string_2" HPOS="1130" VPOS="159" WIDTH="94" HEIGHT="31" WC="0.92" CONTENT="N:o"/><SP WIDTH="-5" VPOS="159" HPOS="1224"/>
							<String ID="string_3" HPOS="1219" VPOS="160" WIDTH="26" HEIGHT="30" WC="0.90" CONTENT="9."/><SP WIDTH="457" VPOS="160" HPOS="1245"/>
							<String ID="string_4" HPOS="1702" VPOS="160" WIDTH="18" HEIGHT="29" WC="0.94" CONTENT="3"/>
						</TextLine>
					</TextBlock>
				</ComposedBlock>
				<ComposedBlock ID="cblock_1" HPOS="157" VPOS="246" WIDTH="1607" HEIGHT="451">
					<TextBlock ID="block_1" HPOS="157" VPOS="246" WIDTH="1607" HEIGHT="450">
						<TextLine ID="line_1" HPOS="160" VPOS="246" WIDTH="1601" HEIGHT="49">
							<String ID="string_5" HPOS="160" VPOS="246" WIDTH="95" HEIGHT="35" WC="0.65" CONTENT="inför"/><SP WIDTH="41" VPOS="246" HPOS="255"/>
							<String ID="string_6" HPOS="296" VPOS="246" WIDTH="373" HEIGHT="48" WC="0.34" CONTENT="tillsyvningsmannen"/><SP WIDTH="41" VPOS="246" HPOS="669"/>
							<String ID="string_7" HPOS="710" VPOS="247" WIDTH="89" HEIGHT="35" WC="0.86" CONTENT="eller"/><SP WIDTH="32" VPOS="247" HPOS="799"/>
							<String ID="string_8" HPOS="831" VPOS="247" WIDTH="272" HEIGHT="36" WC="0.95" CONTENT="föreståndaren"/><SP WIDTH="32" VPOS="247" HPOS="1103"/>
							<String ID="string_9" HPOS="1135" VPOS="247" WIDTH="59" HEIGHT="35" WC="0.96" CONTENT="vid"/><SP WIDTH="31" VPOS="247" HPOS="1194"/>
							<String ID="string_10" HPOS="1225" VPOS="247" WIDTH="136" HEIGHT="36" WC="0.91" CONTENT="häktet."/><SP WIDTH="58" VPOS="247" HPOS="1361"/>
							<String ID="string_11" HPOS="1419" VPOS="248" WIDTH="70" HEIGHT="34" WC="0.84" CONTENT="Vid"/><SP WIDTH="31" VPOS="248" HPOS="1489"/>
							<String ID="string_12" HPOS="1520" VPOS="247" WIDTH="241" HEIGHT="48" WC="0.64" CONTENT="länsfängelse"/>
						</TextLine>
						<TextLine ID="line_2" HPOS="160" VPOS="278" WIDTH="1600" HEIGHT="68">
							<String ID="string_13" HPOS="160" VPOS="299" WIDTH="56" HEIGHT="32" WC="0.89" CONTENT="må"/><SP WIDTH="32" VPOS="299" HPOS="216"/>
							<String ID="string_14" HPOS="248" VPOS="296" WIDTH="90" HEIGHT="35" WC="0.89" CONTENT="dock"/><SP WIDTH="32" VPOS="296" HPOS="338"/>
							<String ID="string_15" HPOS="370" VPOS="278" WIDTH="247" HEIGHT="64" WC="0.95" CONTENT="förklaringen"/><SP WIDTH="33" VPOS="278" HPOS="617"/>
							<String ID="string_16" HPOS="650" VPOS="303" WIDTH="180" HEIGHT="43" WC="0.92" CONTENT="upptagas"/><SP WIDTH="24" VPOS="303" HPOS="830"/>
							<String ID="string_17" HPOS="854" VPOS="297" WIDTH="135" HEIGHT="58" WC="0.95" CONTENT="jämväl"/><SP WIDTH="32" VPOS="297" HPOS="989"/>
							<String ID="string_18" HPOS="1021" VPOS="298" WIDTH="40" HEIGHT="35" WC="0.95" CONTENT="af"/><SP WIDTH="29" VPOS="298" HPOS="1061"/>
							<String ID="string_19" HPOS="1090" VPOS="298" WIDTH="222" HEIGHT="45" WC="0.95" CONTENT="Konungens"/><SP WIDTH="29" VPOS="298" HPOS="1312"/>
							<String ID="string_20" HPOS="1341" VPOS="297" WIDTH="43" HEIGHT="35" WC="0.96" CONTENT="be"/><SP WIDTH="5" VPOS="297" HPOS="1384"/>
							<String ID="string_21" HPOS="1389" VPOS="278" WIDTH="371" HEIGHT="66" WC="0.86" CONTENT="fallningshafvande."/>
						</TextLine>
						<TextLine ID="line_3" HPOS="158" VPOS="326" WIDTH="1603" HEIGHT="70">
							<String ID="string_22" HPOS="158" VPOS="346" WIDTH="40" HEIGHT="47" WC="0.80" CONTENT="Ej"/><SP WIDTH="45" VPOS="346" HPOS="198"/>
							<String ID="string_23" HPOS="243" VPOS="349" WIDTH="54" HEIGHT="32" WC="0.81" CONTENT="må"/><SP WIDTH="44" VPOS="349" HPOS="297"/>
							<String ID="string_24" HPOS="341" VPOS="326" WIDTH="247" HEIGHT="68" WC="0.94" CONTENT="förklaringen"/><SP WIDTH="43" VPOS="326" HPOS="588"/>
							<String ID="string_25" HPOS="631" VPOS="349" WIDTH="106" HEIGHT="45" WC="0.91" CONTENT="gälla,"/><SP WIDTH="30" VPOS="349" HPOS="737"/>
							<String ID="string_26" HPOS="767" VPOS="348" WIDTH="65" HEIGHT="35" WC="0.84" CONTENT="där"/><SP WIDTH="41" VPOS="348" HPOS="832"/>
							<String ID="string_27" HPOS="873" VPOS="348" WIDTH="29" HEIGHT="46" WC="0.0" CONTENT="cj"/><SP WIDTH="44" VPOS="348" HPOS="902"/>
							<String ID="string_28" HPOS="946" VPOS="348" WIDTH="59" HEIGHT="35" WC="0.95" CONTENT="vid"/><SP WIDTH="35" VPOS="348" HPOS="1005"/>
							<String ID="string_29" HPOS="1040" VPOS="349" WIDTH="103" HEIGHT="35" WC="0.95" CONTENT="tiden"/><SP WIDTH="29" VPOS="349" HPOS="1143"/>
							<String ID="string_30" HPOS="1172" VPOS="329" WIDTH="71" HEIGHT="55" WC="0.94" CONTENT="för"/><SP WIDTH="13" VPOS="329" HPOS="1243"/>
							<String ID="string_31" HPOS="1256" VPOS="348" WIDTH="80" HEIGHT="36" WC="0.96" CONTENT="dess"/><SP WIDTH="28" VPOS="348" HPOS="1336"/>
							<String ID="string_32" HPOS="1364" VPOS="327" WIDTH="211" HEIGHT="69" WC="0.84" CONTENT="afgifvande"/><SP WIDTH="30" VPOS="327" HPOS="1575"/>
							<String ID="string_33" HPOS="1605" VPOS="350" WIDTH="156" HEIGHT="46" WC="0.93" CONTENT="utslaget"/>
						</TextLine>
						<TextLine ID="line_4" HPOS="157" VPOS="398" WIDTH="1602" HEIGHT="48">
							<String ID="string_34" HPOS="157" VPOS="398" WIDTH="87" HEIGHT="34" WC="0.82" CONTENT="eller"/><SP WIDTH="34" VPOS="398" HPOS="244"/>
							<String ID="string_35" HPOS="278" VPOS="402" WIDTH="139" HEIGHT="31" WC="0.95" CONTENT="rättens"/><SP WIDTH="28" VPOS="402" HPOS="417"/>
							<String ID="string_36" HPOS="445" VPOS="399" WIDTH="87" HEIGHT="34" WC="0.88" CONTENT="eller"/><SP WIDTH="28" VPOS="399" HPOS="532"/>
							<String ID="string_37" HPOS="560" VPOS="398" WIDTH="190" HEIGHT="35" WC="0.93" CONTENT="domarens"/><SP WIDTH="29" VPOS="398" HPOS="750"/>
							<String ID="string_38" HPOS="779" VPOS="399" WIDTH="101" HEIGHT="34" WC="0.96" CONTENT="bevis"/><SP WIDTH="30" VPOS="399" HPOS="880"/>
							<String ID="string_39" HPOS="910" VPOS="412" WIDTH="56" HEIGHT="21" WC="0.96" CONTENT="om"/><SP WIDTH="30" VPOS="412" HPOS="966"/>
							<String ID="string_40" HPOS="996" VPOS="400" WIDTH="68" HEIGHT="34" WC="0.93" CONTENT="den"/><SP WIDTH="32" VPOS="400" HPOS="1064"/>
							<String ID="string_41" HPOS="1096" VPOS="399" WIDTH="154" HEIGHT="35" WC="0.89" CONTENT="ådömda"/><SP WIDTH="28" VPOS="399" HPOS="1250"/>
							<String ID="string_42" HPOS="1278" VPOS="398" WIDTH="291" HEIGHT="48" WC="0.88" CONTENT="bestraffningen"/><SP WIDTH="29" VPOS="398" HPOS="1569"/>
							<String ID="string_43" HPOS="1598" VPOS="399" WIDTH="64" HEIGHT="35" WC="0.96" CONTENT="och"/><SP WIDTH="30" VPOS="399" HPOS="1662"/>
							<String ID="string_44" HPOS="1692" VPOS="399" WIDTH="67" HEIGHT="35" WC="0.96" CONTENT="den"/>
						</TextLine>
						<TextLine ID="line_5" HPOS="160" VPOS="447" WIDTH="1601" HEIGHT="50">
							<String ID="string_45" HPOS="160" VPOS="450" WIDTH="137" HEIGHT="45" WC="0.94" CONTENT="utgång"/><SP WIDTH="42" VPOS="450" HPOS="297"/>
							<String ID="string_46" HPOS="339" VPOS="448" WIDTH="9" HEIGHT="34" WC="0.82" CONTENT="i"/><SP WIDTH="43" VPOS="448" HPOS="348"/>
							<String ID="string_47" HPOS="391" VPOS="447" WIDTH="124" HEIGHT="47" WC="0.93" CONTENT="öfrigt,"/><SP WIDTH="43" VPOS="447" HPOS="515"/>
							<String ID="string_48" HPOS="558" VPOS="450" WIDTH="107" HEIGHT="33" WC="0.90" CONTENT="målet"/><SP WIDTH="42" VPOS="450" HPOS="665"/>
							<String ID="string_49" HPOS="707" VPOS="449" WIDTH="117" HEIGHT="35" WC="0.90" CONTENT="såvidt"/><SP WIDTH="41" VPOS="449" HPOS="824"/>
							<String ID="string_50" HPOS="865" VPOS="449" WIDTH="68" HEIGHT="35" WC="0.96" CONTENT="den"/><SP WIDTH="35" VPOS="449" HPOS="933"/>
							<String ID="string_51" HPOS="968" VPOS="449" WIDTH="129" HEIGHT="35" WC="0.93" CONTENT="dömde"/><SP WIDTH="30" VPOS="449" HPOS="1097"/>
							<String ID="string_52" HPOS="1127" VPOS="456" WIDTH="102" HEIGHT="28" WC="0.91" CONTENT="rörer"/><SP WIDTH="28" VPOS="456" HPOS="1229"/>
							<String ID="string_53" HPOS="1257" VPOS="462" WIDTH="130" HEIGHT="35" WC="0.95" CONTENT="genom"/><SP WIDTH="31" VPOS="462" HPOS="1387"/>
							<String ID="string_54" HPOS="1418" VPOS="450" WIDTH="158" HEIGHT="45" WC="0.95" CONTENT="utslaget"/><SP WIDTH="27" VPOS="450" HPOS="1576"/>
							<String ID="string_55" HPOS="1603" VPOS="449" WIDTH="158" HEIGHT="39" WC="0.96" CONTENT="erhållit,"/>
						</TextLine>
						<TextLine ID="line_6" HPOS="157" VPOS="476" WIDTH="1603" HEIGHT="73">
							<String ID="string_56" HPOS="157" VPOS="478" WIDTH="153" HEIGHT="55" WC="0.95" CONTENT="kommit"/><SP WIDTH="29" VPOS="478" HPOS="310"/>
							<String ID="string_57" HPOS="339" VPOS="498" WIDTH="70" HEIGHT="35" WC="0.96" CONTENT="den"/><SP WIDTH="30" VPOS="498" HPOS="409"/>
							<String ID="string_58" HPOS="439" VPOS="512" WIDTH="60" HEIGHT="34" WC="0.95" CONTENT="my"/><SP WIDTH="4" VPOS="512" HPOS="499"/>
							<String ID="string_59" HPOS="503" VPOS="476" WIDTH="151" HEIGHT="68" WC="0.9" CONTENT="UNG"/><SP WIDTH="29" VPOS="476" HPOS="654"/>
							<String ID="string_60" HPOS="683" VPOS="499" WIDTH="56" HEIGHT="34" WC="0.92" CONTENT="till"/><SP WIDTH="30" VPOS="499" HPOS="739"/>
							<String ID="string_61" HPOS="769" VPOS="499" WIDTH="129" HEIGHT="40" WC="0.93" CONTENT="handa,"/><SP WIDTH="28" VPOS="499" HPOS="898"/>
							<String ID="string_62" HPOS="926" VPOS="500" WIDTH="149" HEIGHT="34" WC="0.85" CONTENT="hvarom"/><SP WIDTH="30" VPOS="500" HPOS="1075"/>
							<String ID="string_63" HPOS="1105" VPOS="512" WIDTH="50" HEIGHT="22" WC="0.94" CONTENT="nu"/><SP WIDTH="29" VPOS="512" HPOS="1155"/>
							<String ID="string_64" HPOS="1184" VPOS="507" WIDTH="40" HEIGHT="27" WC="0.94" CONTENT="är"/><SP WIDTH="28" VPOS="507" HPOS="1224"/>
							<String ID="string_65" HPOS="1252" VPOS="476" WIDTH="117" HEIGHT="73" WC="0.16" CONTENT="savdt,"/><SP WIDTH="30" VPOS="476" HPOS="1369"/>
							<String ID="string_66" HPOS="1399" VPOS="505" WIDTH="93" HEIGHT="29" WC="0.95" CONTENT="samt"/><SP WIDTH="22" VPOS="505" HPOS="1492"/>
							<String ID="string_67" HPOS="1514" VPOS="478" WIDTH="76" HEIGHT="56" WC="0.50" CONTENT="fe"/><SP WIDTH="28" VPOS="478" HPOS="1590"/>
							<String ID="string_68" HPOS="1618" VPOS="499" WIDTH="142" HEIGHT="43" WC="0.96" CONTENT="dömde,"/>
						</TextLine>
						<TextLine ID="line_7" HPOS="158" VPOS="527" WIDTH="1604" HEIGHT="68">
							<String ID="string_69" HPOS="158" VPOS="548" WIDTH="75" HEIGHT="34" WC="0.96" CONTENT="före"/><SP WIDTH="27" VPOS="548" HPOS="233"/>
							<String ID="string_70" HPOS="260" VPOS="548" WIDTH="69" HEIGHT="35" WC="0.96" CONTENT="den"/><SP WIDTH="30" VPOS="548" HPOS="329"/>
							<String ID="string_71" HPOS="359" VPOS="548" WIDTH="82" HEIGHT="47" WC="0.26" CONTENT="day,"/><SP WIDTH="29" VPOS="548" HPOS="441"/>
							<String ID="string_72" HPOS="470" VPOS="540" WIDTH="46" HEIGHT="43" WC="0.96" CONTENT="då"/><SP WIDTH="27" VPOS="540" HPOS="516"/>
							<String ID="string_73" HPOS="543" VPOS="530" WIDTH="247" HEIGHT="65" WC="0.96" CONTENT="förklaringen"/><SP WIDTH="31" VPOS="530" HPOS="790"/>
							<String ID="string_74" HPOS="821" VPOS="548" WIDTH="166" HEIGHT="46" WC="0.81" CONTENT="afgifves,"/><SP WIDTH="31" VPOS="548" HPOS="987"/>
							<String ID="string_75" HPOS="1018" VPOS="550" WIDTH="65" HEIGHT="34" WC="0.95" CONTENT="och"/><SP WIDTH="30" VPOS="550" HPOS="1083"/>
							<String ID="string_76" HPOS="1113" VPOS="549" WIDTH="93" HEIGHT="35" WC="0.95" CONTENT="efter"/><SP WIDTH="27" VPOS="549" HPOS="1206"/>
							<String ID="string_77" HPOS="1233" VPOS="549" WIDTH="69" HEIGHT="35" WC="0.93" CONTENT="den"/><SP WIDTH="30" VPOS="549" HPOS="1302"/>
							<String ID="string_78" HPOS="1332" VPOS="527" WIDTH="82" HEIGHT="68" WC="0.95" CONTENT="dag,"/><SP WIDTH="30" VPOS="527" HPOS="1414"/>
							<String ID="string_79" HPOS="1444" VPOS="549" WIDTH="47" HEIGHT="35" WC="0.95" CONTENT="då"/><SP WIDTH="30" VPOS="549" HPOS="1491"/>
							<String ID="string_80" HPOS="1521" VPOS="550" WIDTH="155" HEIGHT="45" WC="0.96" CONTENT="utslaget"/><SP WIDTH="30" VPOS="550" HPOS="1676"/>
							<String ID="string_81" HPOS="1706" VPOS="527" WIDTH="56" HEIGHT="57" WC="0.97" CONTENT="för"/>
						</TextLine>
						<TextLine ID="line_8" HPOS="158" VPOS="577" WIDTH="1606" HEIGHT="68">
							<String ID="string_82" HPOS="158" VPOS="598" WIDTH="131" HEIGHT="34" WC="0.95" CONTENT="honom"/><SP WIDTH="42" VPOS="598" HPOS="289"/>
							<String ID="string_83" HPOS="331" VPOS="598" WIDTH="62" HEIGHT="34" WC="0.89" CONTENT="vid"/><SP WIDTH="42" VPOS="598" HPOS="393"/>
							<String ID="string_84" HPOS="435" VPOS="603" WIDTH="118" HEIGHT="30" WC="0.92" CONTENT="rätten"/><SP WIDTH="43" VPOS="603" HPOS="553"/>
							<String ID="string_85" HPOS="596" VPOS="580" WIDTH="230" HEIGHT="54" WC="0.89" CONTENT="afkunnades"/><SP WIDTH="33" VPOS="580" HPOS="826"/>
							<String ID="string_86" HPOS="859" VPOS="577" WIDTH="106" HEIGHT="64" WC="0.92" CONTENT="eller,"/><SP WIDTH="42" VPOS="577" HPOS="965"/>
							<String ID="string_87" HPOS="1007" VPOS="612" WIDTH="59" HEIGHT="22" WC="0.96" CONTENT="om"/><SP WIDTH="42" VPOS="612" HPOS="1066"/>
							<String ID="string_88" HPOS="1108" VPOS="599" WIDTH="60" HEIGHT="35" WC="0.94" CONTENT="det"/><SP WIDTH="33" VPOS="599" HPOS="1168"/>
							<String ID="string_89" HPOS="1201" VPOS="600" WIDTH="31" HEIGHT="45" WC="0.93" CONTENT="ej"/><SP WIDTH="31" VPOS="600" HPOS="1232"/>
							<String ID="string_90" HPOS="1263" VPOS="599" WIDTH="155" HEIGHT="35" WC="0.88" CONTENT="salunda"/><SP WIDTH="27" VPOS="599" HPOS="1418"/>
							<String ID="string_91" HPOS="1445" VPOS="599" WIDTH="212" HEIGHT="43" WC="0.89" CONTENT="afkunnats,"/><SP WIDTH="30" VPOS="599" HPOS="1657"/>
							<String ID="string_92" HPOS="1687" VPOS="598" WIDTH="77" HEIGHT="36" WC="0.96" CONTENT="blef"/>
						</TextLine>
						<TextLine ID="line_9" HPOS="157" VPOS="611" WIDTH="1605" HEIGHT="86">
							<String ID="string_93" HPOS="157" VPOS="648" WIDTH="131" HEIGHT="35" WC="0.95" CONTENT="honom"/><SP WIDTH="30" VPOS="648" HPOS="288"/>
							<String ID="string_94" HPOS="318" VPOS="611" WIDTH="215" HEIGHT="73" WC="0.41" CONTENT="nnnorledes"/><SP WIDTH="28" VPOS="611" HPOS="533"/>
							<String ID="string_95" HPOS="561" VPOS="648" WIDTH="187" HEIGHT="48" WC="0.89" CONTENT="delgifvet,"/><SP WIDTH="30" VPOS="648" HPOS="748"/>
							<String ID="string_96" HPOS="778" VPOS="649" WIDTH="98" HEIGHT="35" WC="0.96" CONTENT="inom"/><SP WIDTH="30" VPOS="649" HPOS="876"/>
							<String ID="string_97" HPOS="906" VPOS="628" WIDTH="164" HEIGHT="68" WC="0.96" CONTENT="fängelse"/><SP WIDTH="29" VPOS="628" HPOS="1070"/>
							<String ID="string_98" HPOS="1099" VPOS="649" WIDTH="78" HEIGHT="36" WC="0.95" CONTENT="haft"/><SP WIDTH="24" VPOS="649" HPOS="1177"/>
							<String ID="string_99" HPOS="1201" VPOS="650" WIDTH="212" HEIGHT="36" WC="0.94" CONTENT="betänketid"/><SP WIDTH="22" VPOS="650" HPOS="1413"/>
							<String ID="string_100" HPOS="1435" VPOS="649" WIDTH="116" HEIGHT="36" WC="0.95" CONTENT="under"/><SP WIDTH="18" VPOS="649" HPOS="1551"/>
							<String ID="string_101" HPOS="1569" VPOS="653" WIDTH="60" HEIGHT="32" WC="0.95" CONTENT="två"/><SP WIDTH="21" VPOS="653" HPOS="1629"/>
							<String ID="string_102" HPOS="1650" VPOS="628" WIDTH="112" HEIGHT="69" WC="0.96" CONTENT="dagar"/>
						</TextLine>
					</TextBlock>
				</ComposedBlock>
				<ComposedBlock ID="cblock_2" HPOS="158" VPOS="697" WIDTH="842" HEIGHT="147">
					<TextBlock ID="block_2" HPOS="158" VPOS="697" WIDTH="842" HEIGHT="147">
						<TextLine ID="line_10" HPOS="158" VPOS="697" WIDTH="141" HEIGHT="48">
							<String ID="string_103" HPOS="158" VPOS="699" WIDTH="9" HEIGHT="34" WC="0.86" CONTENT="i"/><SP WIDTH="29" VPOS="699" HPOS="167"/>
							<String ID="string_104" HPOS="196" VPOS="697" WIDTH="103" HEIGHT="48" WC="0.91" CONTENT="följd."/>
						</TextLine>
						<TextLine ID="line_11" HPOS="918" VPOS="800" WIDTH="82" HEIGHT="44">
							<String ID="string_105" HPOS="918" VPOS="800" WIDTH="82" HEIGHT="44" WC="0.67" CONTENT="3.$."/>
						</TextLine>
					</TextBlock>
				</ComposedBlock>
				<ComposedBlock ID="cblock_3" HPOS="154" VPOS="898" WIDTH="1608" HEIGHT="304">
					<TextBlock ID="block_3" HPOS="154" VPOS="898" WIDTH="1608" HEIGHT="304">
						<TextLine ID="line_12" HPOS="288" VPOS="898" WIDTH="1473" HEIGHT="52">
							<String ID="string_106" HPOS="288" VPOS="898" WIDTH="59" HEIGHT="37" WC="0.95" CONTENT="Ar"/><SP WIDTH="28" VPOS="898" HPOS="347"/>
							<String ID="string_107" HPOS="375" VPOS="900" WIDTH="69" HEIGHT="35" WC="0.96" CONTENT="den"/><SP WIDTH="31" VPOS="900" HPOS="444"/>
							<String ID="string_108" HPOS="475" VPOS="900" WIDTH="129" HEIGHT="35" WC="0.95" CONTENT="dömde"/><SP WIDTH="29" VPOS="900" HPOS="604"/>
							<String ID="string_109" HPOS="633" VPOS="901" WIDTH="78" HEIGHT="34" WC="0.93" CONTENT="icke"/><SP WIDTH="21" VPOS="901" HPOS="711"/>
							<String ID="string_110" HPOS="732" VPOS="900" WIDTH="144" HEIGHT="44" WC="0.93" CONTENT="häktad,"/><SP WIDTH="22" VPOS="900" HPOS="876"/>
							<String ID="string_111" HPOS="898" VPOS="908" WIDTH="66" HEIGHT="39" WC="0.91" CONTENT="äge"/><SP WIDTH="20" VPOS="908" HPOS="964"/>
							<String ID="string_112" HPOS="984" VPOS="901" WIDTH="82" HEIGHT="43" WC="0.95" CONTENT="han,"/><SP WIDTH="23" VPOS="901" HPOS="1066"/>
							<String ID="string_113" HPOS="1089" VPOS="901" WIDTH="81" HEIGHT="35" WC="0.93" CONTENT="med"/><SP WIDTH="20" VPOS="901" HPOS="1170"/>
							<String ID="string_114" HPOS="1190" VPOS="901" WIDTH="229" HEIGHT="36" WC="0.90" CONTENT="aflämnande"/><SP WIDTH="20" VPOS="901" HPOS="1419"/>
							<String ID="string_115" HPOS="1439" VPOS="901" WIDTH="40" HEIGHT="35" WC="0.95" CONTENT="af"/><SP WIDTH="17" VPOS="901" HPOS="1479"/>
							<String ID="string_116" HPOS="1496" VPOS="903" WIDTH="155" HEIGHT="47" WC="0.95" CONTENT="utslaget"/><SP WIDTH="22" VPOS="903" HPOS="1651"/>
							<String ID="string_117" HPOS="1673" VPOS="902" WIDTH="88" HEIGHT="35" WC="0.96" CONTENT="eller"/>
						</TextLine>
						<TextLine ID="line_13" HPOS="154" VPOS="929" WIDTH="1608" HEIGHT="70">
							<String ID="string_118" HPOS="154" VPOS="949" WIDTH="128" HEIGHT="36" WC="0.94" CONTENT="sådant"/><SP WIDTH="30" VPOS="949" HPOS="282"/>
							<String ID="string_119" HPOS="312" VPOS="950" WIDTH="102" HEIGHT="36" WC="0.95" CONTENT="bevis"/><SP WIDTH="28" VPOS="950" HPOS="414"/>
							<String ID="string_120" HPOS="442" VPOS="963" WIDTH="78" HEIGHT="23" WC="0.95" CONTENT="som"/><SP WIDTH="27" VPOS="963" HPOS="520"/>
							<String ID="string_121" HPOS="547" VPOS="951" WIDTH="11" HEIGHT="35" WC="0.95" CONTENT="i"/><SP WIDTH="31" VPOS="951" HPOS="558"/>
							<String ID="string_122" HPOS="589" VPOS="952" WIDTH="19" HEIGHT="33" WC="0.92" CONTENT="2"/><SP WIDTH="29" VPOS="952" HPOS="608"/>
							<String ID="string_123" HPOS="637" VPOS="949" WIDTH="23" HEIGHT="45" WC="0.68" CONTENT="$"/><SP WIDTH="28" VPOS="949" HPOS="660"/>
							<String ID="string_124" HPOS="688" VPOS="958" WIDTH="93" HEIGHT="41" WC="0.96" CONTENT="sägs,"/><SP WIDTH="29" VPOS="958" HPOS="781"/>
							<String ID="string_125" HPOS="810" VPOS="929" WIDTH="141" HEIGHT="68" WC="0.81" CONTENT="afvifva"/><SP WIDTH="27" VPOS="929" HPOS="951"/>
							<String ID="string_126" HPOS="978" VPOS="951" WIDTH="98" HEIGHT="35" WC="0.96" CONTENT="den"/><SP WIDTH="-13" VPOS="951" HPOS="1076"/>
							<String ID="string_127" HPOS="1063" VPOS="946" WIDTH="23" HEIGHT="51" WC="0.96" CONTENT="i"/><SP WIDTH="17" VPOS="946" HPOS="1086"/>
							<String ID="string_128" HPOS="1103" VPOS="953" WIDTH="15" HEIGHT="33" WC="0.88" CONTENT="I"/><SP WIDTH="23" VPOS="953" HPOS="1118"/>
							<String ID="string_129" HPOS="1141" VPOS="950" WIDTH="22" HEIGHT="43" WC="0.18" CONTENT="8$"/><SP WIDTH="20" VPOS="950" HPOS="1163"/>
							<String ID="string_130" HPOS="1183" VPOS="950" WIDTH="248" HEIGHT="37" WC="0.90" CONTENT="omförmälda"/><SP WIDTH="28" VPOS="950" HPOS="1431"/>
							<String ID="string_131" HPOS="1459" VPOS="932" WIDTH="215" HEIGHT="67" WC="0.96" CONTENT="förklaring,"/><SP WIDTH="22" VPOS="932" HPOS="1674"/>
							<String ID="string_132" HPOS="1696" VPOS="952" WIDTH="66" HEIGHT="35" WC="0.96" CONTENT="där"/>
						</TextLine>
						<TextLine ID="line_14" HPOS="155" VPOS="980" WIDTH="1606" HEIGHT="66">
							<String ID="string_133" HPOS="155" VPOS="1000" WIDTH="142" HEIGHT="36" WC="0.96" CONTENT="straffet"/><SP WIDTH="32" VPOS="1000" HPOS="297"/>
							<String ID="string_134" HPOS="329" VPOS="1001" WIDTH="93" HEIGHT="35" WC="0.96" CONTENT="skall"/><SP WIDTH="33" VPOS="1001" HPOS="422"/>
							<String ID="string_135" HPOS="455" VPOS="1000" WIDTH="38" HEIGHT="36" WC="0.93" CONTENT="af"/><SP WIDTH="26" VPOS="1000" HPOS="493"/>
							<String ID="string_136" HPOS="519" VPOS="981" WIDTH="389" HEIGHT="56" WC="0.69" CONTENT="militärbefälhafvare"/><SP WIDTH="28" VPOS="981" HPOS="908"/>
							<String ID="string_137" HPOS="936" VPOS="1001" WIDTH="191" HEIGHT="36" WC="0.92" CONTENT="befordras"/><SP WIDTH="28" VPOS="1001" HPOS="1127"/>
							<String ID="string_138" HPOS="1155" VPOS="1002" WIDTH="56" HEIGHT="35" WC="0.96" CONTENT="till"/><SP WIDTH="29" VPOS="1002" HPOS="1211"/>
							<String ID="string_139" HPOS="1240" VPOS="1002" WIDTH="288" HEIGHT="46" WC="0.95" CONTENT="verkställighet,"/><SP WIDTH="30" VPOS="1002" HPOS="1528"/>
							<String ID="string_140" HPOS="1558" VPOS="1003" WIDTH="11" HEIGHT="34" WC="0.96" CONTENT="i"/><SP WIDTH="29" VPOS="1003" HPOS="1569"/>
							<String ID="string_141" HPOS="1598" VPOS="980" WIDTH="163" HEIGHT="58" WC="0.93" CONTENT="vittnens"/>
						</TextLine>
						<TextLine ID="line_15" HPOS="155" VPOS="1030" WIDTH="1606" HEIGHT="71">
							<String ID="string_142" HPOS="155" VPOS="1058" WIDTH="153" HEIGHT="29" WC="0.96" CONTENT="närvaro"/><SP WIDTH="28" VPOS="1058" HPOS="308"/>
							<String ID="string_143" HPOS="336" VPOS="1050" WIDTH="99" HEIGHT="37" WC="0.96" CONTENT="inför"/><SP WIDTH="29" VPOS="1050" HPOS="435"/>
							<String ID="string_144" HPOS="464" VPOS="1051" WIDTH="116" HEIGHT="35" WC="0.94" CONTENT="denne"/><SP WIDTH="28" VPOS="1051" HPOS="580"/>
							<String ID="string_145" HPOS="608" VPOS="1052" WIDTH="65" HEIGHT="35" WC="0.96" CONTENT="och"/><SP WIDTH="29" VPOS="1052" HPOS="673"/>
							<String ID="string_146" HPOS="702" VPOS="1051" WIDTH="12" HEIGHT="35" WC="0.95" CONTENT="i"/><SP WIDTH="28" VPOS="1051" HPOS="714"/>
							<String ID="string_147" HPOS="742" VPOS="1058" WIDTH="112" HEIGHT="30" WC="0.95" CONTENT="annat"/><SP WIDTH="28" VPOS="1058" HPOS="854"/>
							<String ID="string_148" HPOS="882" VPOS="1052" WIDTH="65" HEIGHT="36" WC="0.95" CONTENT="fall"/><SP WIDTH="25" VPOS="1052" HPOS="947"/>
							<String ID="string_149" HPOS="972" VPOS="1051" WIDTH="101" HEIGHT="36" WC="0.95" CONTENT="inför"/><SP WIDTH="27" VPOS="1051" HPOS="1073"/>
							<String ID="string_150" HPOS="1100" VPOS="1051" WIDTH="226" HEIGHT="46" WC="0.1" CONTENT="Konungens"/><SP WIDTH="27" VPOS="1051" HPOS="1326"/>
							<String ID="string_151" HPOS="1353" VPOS="1030" WIDTH="408" HEIGHT="71" WC="0.92" CONTENT="befallningshafvande"/>
						</TextLine>
						<TextLine ID="line_16" HPOS="155" VPOS="1102" WIDTH="1606" HEIGHT="49">
							<String ID="string_152" HPOS="155" VPOS="1102" WIDTH="89" HEIGHT="35" WC="0.92" CONTENT="eller"/><SP WIDTH="40" VPOS="1102" HPOS="244"/>
							<String ID="string_153" HPOS="284" VPOS="1102" WIDTH="193" HEIGHT="48" WC="0.93" CONTENT="magistrat"/><SP WIDTH="40" VPOS="1102" HPOS="477"/>
							<String ID="string_154" HPOS="517" VPOS="1103" WIDTH="98" HEIGHT="43" WC="0.86" CONTENT="eller,"/><SP WIDTH="42" VPOS="1103" HPOS="615"/>
							<String ID="string_155" HPOS="657" VPOS="1103" WIDTH="11" HEIGHT="34" WC="0.91" CONTENT="i"/><SP WIDTH="41" VPOS="1103" HPOS="668"/>
							<String ID="string_156" HPOS="709" VPOS="1102" WIDTH="162" HEIGHT="37" WC="0.91" CONTENT="vittnens"/><SP WIDTH="28" VPOS="1102" HPOS="871"/>
							<String ID="string_157" HPOS="899" VPOS="1110" WIDTH="167" HEIGHT="35" WC="0.95" CONTENT="närvaro,"/><SP WIDTH="30" VPOS="1110" HPOS="1066"/>
							<String ID="string_158" HPOS="1096" VPOS="1102" WIDTH="99" HEIGHT="36" WC="0.92" CONTENT="inför"/><SP WIDTH="28" VPOS="1102" HPOS="1195"/>
							<String ID="string_159" HPOS="1223" VPOS="1102" WIDTH="301" HEIGHT="49" WC="0.91" CONTENT="tillsyningsman"/><SP WIDTH="29" VPOS="1102" HPOS="1524"/>
							<String ID="string_160" HPOS="1553" VPOS="1104" WIDTH="87" HEIGHT="35" WC="0.93" CONTENT="eller"/><SP WIDTH="28" VPOS="1104" HPOS="1640"/>
							<String ID="string_161" HPOS="1668" VPOS="1103" WIDTH="93" HEIGHT="36" WC="0.91" CONTENT="före-"/>
						</TextLine>
						<TextLine ID="line_17" HPOS="154" VPOS="1152" WIDTH="1604" HEIGHT="50">
							<String ID="string_162" HPOS="154" VPOS="1152" WIDTH="170" HEIGHT="36" WC="0.79" CONTENT="ståndare"/><SP WIDTH="33" VPOS="1152" HPOS="324"/>
							<String ID="string_163" HPOS="357" VPOS="1152" WIDTH="61" HEIGHT="36" WC="0.96" CONTENT="vid"/><SP WIDTH="31" VPOS="1152" HPOS="418"/>
							<String ID="string_164" HPOS="449" VPOS="1152" WIDTH="117" HEIGHT="44" WC="0.96" CONTENT="häkte,"/><SP WIDTH="30" VPOS="1152" HPOS="566"/>
							<String ID="string_165" HPOS="596" VPOS="1153" WIDTH="220" HEIGHT="36" WC="0.95" CONTENT="ordförande"/><SP WIDTH="29" VPOS="1153" HPOS="816"/>
							<String ID="string_166" HPOS="845" VPOS="1155" WIDTH="11" HEIGHT="34" WC="0.96" CONTENT="i"/><SP WIDTH="30" VPOS="1155" HPOS="856"/>
							<String ID="string_167" HPOS="886" VPOS="1153" WIDTH="201" HEIGHT="47" WC="0.96" CONTENT="magistrat,"/><SP WIDTH="33" VPOS="1153" HPOS="1087"/>
							<String ID="string_168" HPOS="1120" VPOS="1154" WIDTH="253" HEIGHT="47" WC="0.95" CONTENT="polismästare"/><SP WIDTH="28" VPOS="1154" HPOS="1373"/>
							<String ID="string_169" HPOS="1401" VPOS="1154" WIDTH="89" HEIGHT="35" WC="0.96" CONTENT="eller"/><SP WIDTH="29" VPOS="1154" HPOS="1490"/>
							<String ID="string_170" HPOS="1519" VPOS="1154" WIDTH="239" HEIGHT="48" WC="0.96" CONTENT="kronofogde."/>
						</TextLine>
					</TextBlock>
				</ComposedBlock>
				<ComposedBlock ID="cblock_4" HPOS="917" VPOS="1304" WIDTH="82" HEIGHT="45">
					<TextBlock ID="block_4" HPOS="917" VPOS="1304" WIDTH="82" HEIGHT="45">
						<TextLine ID="line_18" HPOS="917" VPOS="1304" WIDTH="82" HEIGHT="45">
							<String ID="string_171" HPOS="917" VPOS="1308" WIDTH="19" HEIGHT="32" WC="0.91" CONTENT="4"/><SP WIDTH="30" VPOS="1308" HPOS="936"/>
							<String ID="string_172" HPOS="966" VPOS="1304" WIDTH="33" HEIGHT="45" WC="0.91" CONTENT="8."/>
						</TextLine>
					</TextBlock>
				</ComposedBlock>
				<ComposedBlock ID="cblock_5" HPOS="154" VPOS="1404" WIDTH="1606" HEIGHT="151">
					<TextBlock ID="block_5" HPOS="154" VPOS="1404" WIDTH="1606" HEIGHT="151">
						<TextLine ID="line_19" HPOS="290" VPOS="1404" WIDTH="1470" HEIGHT="50">
							<String ID="string_173" HPOS="290" VPOS="1404" WIDTH="74" HEIGHT="36" WC="0.95" CONTENT="Den"/><SP WIDTH="42" VPOS="1404" HPOS="364"/>
							<String ID="string_174" HPOS="406" VPOS="1405" WIDTH="226" HEIGHT="48" WC="0.95" CONTENT="myndighet,"/><SP WIDTH="42" VPOS="1405" HPOS="632"/>
							<String ID="string_175" HPOS="674" VPOS="1404" WIDTH="98" HEIGHT="37" WC="0.96" CONTENT="inför"/><SP WIDTH="40" VPOS="1404" HPOS="772"/>
							<String ID="string_176" HPOS="812" VPOS="1406" WIDTH="151" HEIGHT="36" WC="0.93" CONTENT="hvilken"/><SP WIDTH="41" VPOS="1406" HPOS="963"/>
							<String ID="string_177" HPOS="1004" VPOS="1405" WIDTH="203" HEIGHT="49" WC="0.93" CONTENT="förklaring"/><SP WIDTH="41" VPOS="1405" HPOS="1207"/>
							<String ID="string_178" HPOS="1248" VPOS="1407" WIDTH="115" HEIGHT="45" WC="0.61" CONTENT="enligt"/><SP WIDTH="43" VPOS="1407" HPOS="1363"/>
							<String ID="string_179" HPOS="1406" VPOS="1409" WIDTH="19" HEIGHT="32" WC="0.94" CONTENT="2"/><SP WIDTH="44" VPOS="1409" HPOS="1425"/>
							<String ID="string_180" HPOS="1469" VPOS="1407" WIDTH="88" HEIGHT="35" WC="0.93" CONTENT="eller"/><SP WIDTH="42" VPOS="1407" HPOS="1557"/>
							<String ID="string_181" HPOS="1599" VPOS="1408" WIDTH="19" HEIGHT="33" WC="0.90" CONTENT="5"/><SP WIDTH="34" VPOS="1408" HPOS="1618"/>
							<String ID="string_182" HPOS="1652" VPOS="1405" WIDTH="22" HEIGHT="44" WC="0.79" CONTENT="&amp;"/><SP WIDTH="33" VPOS="1405" HPOS="1674"/>
							<String ID="string_183" HPOS="1707" VPOS="1405" WIDTH="53" HEIGHT="36" WC="0.91" CONTENT="af-"/>
						</TextLine>
						<TextLine ID="line_20" HPOS="154" VPOS="1455" WIDTH="1605" HEIGHT="50">
							<String ID="string_184" HPOS="154" VPOS="1455" WIDTH="141" HEIGHT="47" WC="0.87" CONTENT="vifvits,"/><SP WIDTH="29" VPOS="1455" HPOS="295"/>
							<String ID="string_185" HPOS="324" VPOS="1456" WIDTH="89" HEIGHT="35" WC="0.90" CONTENT="skall"/><SP WIDTH="43" VPOS="1456" HPOS="413"/>
							<String ID="string_186" HPOS="456" VPOS="1455" WIDTH="265" HEIGHT="50" WC="0.90" CONTENT="ofördröjligen"/><SP WIDTH="41" VPOS="1455" HPOS="721"/>
							<String ID="string_187" HPOS="762" VPOS="1456" WIDTH="151" HEIGHT="36" WC="0.92" CONTENT="afsända"/><SP WIDTH="41" VPOS="1456" HPOS="913"/>
							<String ID="string_188" HPOS="954" VPOS="1456" WIDTH="267" HEIGHT="36" WC="0.95" CONTENT="underrättelse"/><SP WIDTH="28" VPOS="1456" HPOS="1221"/>
							<String ID="string_189" HPOS="1249" VPOS="1457" WIDTH="126" HEIGHT="36" WC="0.95" CONTENT="därom"/><SP WIDTH="31" VPOS="1457" HPOS="1375"/>
							<String ID="string_190" HPOS="1406" VPOS="1457" WIDTH="54" HEIGHT="36" WC="0.93" CONTENT="till"/><SP WIDTH="30" VPOS="1457" HPOS="1460"/>
							<String ID="string_191" HPOS="1490" VPOS="1457" WIDTH="69" HEIGHT="36" WC="0.96" CONTENT="den"/><SP WIDTH="30" VPOS="1457" HPOS="1559"/>
							<String ID="string_192" HPOS="1589" VPOS="1456" WIDTH="170" HEIGHT="43" WC="0.96" CONTENT="domstol,"/>
						</TextLine>
						<TextLine ID="line_21" HPOS="154" VPOS="1506" WIDTH="840" HEIGHT="49">
							<String ID="string_193" HPOS="154" VPOS="1519" WIDTH="76" HEIGHT="23" WC="0.95" CONTENT="som"/><SP WIDTH="30" VPOS="1519" HPOS="230"/>
							<String ID="string_194" HPOS="260" VPOS="1512" WIDTH="61" HEIGHT="42" WC="0.93" CONTENT="ägt"/><SP WIDTH="29" VPOS="1512" HPOS="321"/>
							<String ID="string_195" HPOS="350" VPOS="1512" WIDTH="161" HEIGHT="42" WC="0.91" CONTENT="upptaga"/><SP WIDTH="29" VPOS="1512" HPOS="511"/>
							<String ID="string_196" HPOS="540" VPOS="1507" WIDTH="127" HEIGHT="35" WC="0.96" CONTENT="besvär"/><SP WIDTH="27" VPOS="1507" HPOS="667"/>
							<String ID="string_197" HPOS="694" VPOS="1506" WIDTH="103" HEIGHT="36" WC="0.96" CONTENT="öfver"/><SP WIDTH="30" VPOS="1506" HPOS="797"/>
							<String ID="string_198" HPOS="827" VPOS="1508" WIDTH="167" HEIGHT="47" WC="0.96" CONTENT="utslaget."/>
						</TextLine>
					</TextBlock>
				</ComposedBlock>
				<ComposedBlock ID="cblock_6" HPOS="916" VPOS="1659" WIDTH="83" HEIGHT="44">
					<TextBlock ID="block_6" HPOS="916" VPOS="1659" WIDTH="83" HEIGHT="44">
						<TextLine ID="line_22" HPOS="916" VPOS="1659" WIDTH="83" HEIGHT="44">
							<String ID="string_199" HPOS="916" VPOS="1662" WIDTH="18" HEIGHT="32" WC="0.82" CONTENT="5"/><SP WIDTH="32" VPOS="1662" HPOS="934"/>
							<String ID="string_200" HPOS="966" VPOS="1659" WIDTH="33" HEIGHT="44" WC="0.80" CONTENT="8."/>
						</TextLine>
					</TextBlock>
				</ComposedBlock>
				<ComposedBlock ID="cblock_7" HPOS="154" VPOS="1759" WIDTH="1604" HEIGHT="201">
					<TextBlock ID="block_7" HPOS="154" VPOS="1759" WIDTH="1604" HEIGHT="201">
						<TextLine ID="line_23" HPOS="286" VPOS="1759" WIDTH="1472" HEIGHT="49">
							<String ID="string_201" HPOS="286" VPOS="1759" WIDTH="228" HEIGHT="48" WC="0.96" CONTENT="Förklaring,"/><SP WIDTH="42" VPOS="1759" HPOS="514"/>
							<String ID="string_202" HPOS="556" VPOS="1773" WIDTH="78" HEIGHT="23" WC="0.92" CONTENT="som"/><SP WIDTH="42" VPOS="1773" HPOS="634"/>
							<String ID="string_203" HPOS="676" VPOS="1760" WIDTH="165" HEIGHT="48" WC="0.55" CONTENT="afgifvits"/><SP WIDTH="42" VPOS="1760" HPOS="841"/>
							<String ID="string_204" HPOS="883" VPOS="1762" WIDTH="10" HEIGHT="33" WC="0.89" CONTENT="i"/><SP WIDTH="42" VPOS="1762" HPOS="893"/>
							<String ID="string_205" HPOS="935" VPOS="1760" WIDTH="380" HEIGHT="36" WC="0.89" CONTENT="öfverensstämmelse"/><SP WIDTH="42" VPOS="1760" HPOS="1315"/>
							<String ID="string_206" HPOS="1357" VPOS="1760" WIDTH="81" HEIGHT="36" WC="0.96" CONTENT="med"/><SP WIDTH="43" VPOS="1760" HPOS="1438"/>
							<String ID="string_207" HPOS="1481" VPOS="1760" WIDTH="93" HEIGHT="36" WC="0.93" CONTENT="hvad"/><SP WIDTH="28" VPOS="1760" HPOS="1574"/>
							<String ID="string_208" HPOS="1602" VPOS="1762" WIDTH="11" HEIGHT="34" WC="0.95" CONTENT="i"/><SP WIDTH="31" VPOS="1762" HPOS="1613"/>
							<String ID="string_209" HPOS="1644" VPOS="1763" WIDTH="18" HEIGHT="33" WC="0.95" CONTENT="2"/><SP WIDTH="30" VPOS="1763" HPOS="1662"/>
							<String ID="string_210" HPOS="1692" VPOS="1761" WIDTH="66" HEIGHT="35" WC="0.96" CONTENT="och"/>
						</TextLine>
						<TextLine ID="line_24" HPOS="154" VPOS="1808" WIDTH="1604" HEIGHT="51">
							<String ID="string_211" HPOS="154" VPOS="1811" WIDTH="20" HEIGHT="34" WC="0.88" CONTENT="3"/><SP WIDTH="42" VPOS="1811" HPOS="174"/>
							<String ID="string_212" HPOS="216" VPOS="1808" WIDTH="47" HEIGHT="45" WC="0.42" CONTENT="$S"/><SP WIDTH="40" VPOS="1808" HPOS="263"/>
							<String ID="string_213" HPOS="303" VPOS="1817" WIDTH="40" HEIGHT="28" WC="0.91" CONTENT="är"/><SP WIDTH="40" VPOS="1817" HPOS="343"/>
							<String ID="string_214" HPOS="383" VPOS="1809" WIDTH="59" HEIGHT="36" WC="0.95" CONTENT="för"/><SP WIDTH="41" VPOS="1809" HPOS="442"/>
							<String ID="string_215" HPOS="483" VPOS="1811" WIDTH="122" HEIGHT="46" WC="0.95" CONTENT="hvarje"/><SP WIDTH="38" VPOS="1811" HPOS="605"/>
							<String ID="string_216" HPOS="643" VPOS="1810" WIDTH="66" HEIGHT="36" WC="0.93" CONTENT="fall"/><SP WIDTH="41" VPOS="1810" HPOS="709"/>
							<String ID="string_217" HPOS="750" VPOS="1811" WIDTH="181" HEIGHT="48" WC="0.91" CONTENT="stadgadt,"/><SP WIDTH="31" VPOS="1811" HPOS="931"/>
							<String ID="string_218" HPOS="962" VPOS="1824" WIDTH="54" HEIGHT="22" WC="0.96" CONTENT="ma"/><SP WIDTH="43" VPOS="1824" HPOS="1016"/>
							<String ID="string_219" HPOS="1059" VPOS="1811" WIDTH="79" HEIGHT="36" WC="0.93" CONTENT="icke"/><SP WIDTH="28" VPOS="1811" HPOS="1138"/>
							<String ID="string_220" HPOS="1166" VPOS="1814" WIDTH="193" HEIGHT="45" WC="0.89" CONTENT="återtagas."/><SP WIDTH="57" VPOS="1814" HPOS="1359"/>
							<String ID="string_221" HPOS="1416" VPOS="1811" WIDTH="74" HEIGHT="36" WC="0.96" CONTENT="Har"/><SP WIDTH="27" VPOS="1811" HPOS="1490"/>
							<String ID="string_222" HPOS="1517" VPOS="1811" WIDTH="69" HEIGHT="36" WC="0.96" CONTENT="den"/><SP WIDTH="29" VPOS="1811" HPOS="1586"/>
							<String ID="string_223" HPOS="1615" VPOS="1811" WIDTH="143" HEIGHT="40" WC="0.96" CONTENT="dömde,"/>
						</TextLine>
						<TextLine ID="line_25" HPOS="154" VPOS="1860" WIDTH="1604" HEIGHT="50">
							<String ID="string_224" HPOS="154" VPOS="1861" WIDTH="110" HEIGHT="35" WC="0.92" CONTENT="innan"/><SP WIDTH="42" VPOS="1861" HPOS="264"/>
							<String ID="string_225" HPOS="306" VPOS="1860" WIDTH="250" HEIGHT="50" WC="0.84" CONTENT="förklaringen"/><SP WIDTH="43" VPOS="1860" HPOS="556"/>
							<String ID="string_226" HPOS="599" VPOS="1861" WIDTH="168" HEIGHT="49" WC="0.84" CONTENT="afgifves,"/><SP WIDTH="42" VPOS="1861" HPOS="767"/>
							<String ID="string_227" HPOS="809" VPOS="1862" WIDTH="167" HEIGHT="36" WC="0.92" CONTENT="besvärat"/><SP WIDTH="42" VPOS="1862" HPOS="976"/>
							<String ID="string_228" HPOS="1018" VPOS="1862" WIDTH="56" HEIGHT="48" WC="0.96" CONTENT="sig"/><SP WIDTH="39" VPOS="1862" HPOS="1074"/>
							<String ID="string_229" HPOS="1113" VPOS="1861" WIDTH="106" HEIGHT="37" WC="0.95" CONTENT="öfver"/><SP WIDTH="37" VPOS="1861" HPOS="1219"/>
							<String ID="string_230" HPOS="1256" VPOS="1863" WIDTH="170" HEIGHT="47" WC="0.96" CONTENT="utslaget,"/><SP WIDTH="30" VPOS="1863" HPOS="1426"/>
							<String ID="string_231" HPOS="1456" VPOS="1862" WIDTH="101" HEIGHT="35" WC="0.96" CONTENT="skola"/><SP WIDTH="29" VPOS="1862" HPOS="1557"/>
							<String ID="string_232" HPOS="1586" VPOS="1862" WIDTH="172" HEIGHT="36" WC="0.96" CONTENT="besvären"/>
						</TextLine>
						<TextLine ID="line_26" HPOS="154" VPOS="1911" WIDTH="915" HEIGHT="49">
							<String ID="string_233" HPOS="154" VPOS="1924" WIDTH="104" HEIGHT="23" WC="0.96" CONTENT="anses"/><SP WIDTH="41" VPOS="1924" HPOS="258"/>
							<String ID="string_234" HPOS="299" VPOS="1925" WIDTH="73" HEIGHT="22" WC="0.96" CONTENT="vara"/><SP WIDTH="27" VPOS="1925" HPOS="372"/>
							<String ID="string_235" HPOS="399" VPOS="1925" WIDTH="131" HEIGHT="35" WC="0.95" CONTENT="genom"/><SP WIDTH="29" VPOS="1925" HPOS="530"/>
							<String ID="string_236" HPOS="559" VPOS="1911" WIDTH="250" HEIGHT="49" WC="0.96" CONTENT="förklaringen"/><SP WIDTH="29" VPOS="1911" HPOS="809"/>
							<String ID="string_237" HPOS="838" VPOS="1912" WIDTH="231" HEIGHT="36" WC="0.95" CONTENT="återkallade."/>
						</TextLine>
					</TextBlock>
				</ComposedBlock>
				<ComposedBlock ID="cblock_8" HPOS="916" VPOS="2063" WIDTH="82" HEIGHT="45">
					<TextBlock ID="block_8" HPOS="916" VPOS="2063" WIDTH="82" HEIGHT="45">
						<TextLine ID="line_27" HPOS="916" VPOS="2063" WIDTH="82" HEIGHT="45">
							<String ID="string_238" HPOS="916" VPOS="2067" WIDTH="20" HEIGHT="34" WC="0.94" CONTENT="6"/><SP WIDTH="28" VPOS="2067" HPOS="936"/>
							<String ID="string_239" HPOS="964" VPOS="2063" WIDTH="34" HEIGHT="45" WC="0.56" CONTENT="8."/>
						</TextLine>
					</TextBlock>
				</ComposedBlock>
				<ComposedBlock ID="cblock_9" HPOS="155" VPOS="2165" WIDTH="1602" HEIGHT="100">
					<TextBlock ID="block_9" HPOS="155" VPOS="2165" WIDTH="1602" HEIGHT="100">
						<TextLine ID="line_28" HPOS="287" VPOS="2165" WIDTH="1470" HEIGHT="49">
							<String ID="string_240" HPOS="287" VPOS="2166" WIDTH="142" HEIGHT="36" WC="0.92" CONTENT="Varder"/><SP WIDTH="40" VPOS="2166" HPOS="429"/>
							<String ID="string_241" HPOS="469" VPOS="2165" WIDTH="114" HEIGHT="44" WC="0.96" CONTENT="straff,"/><SP WIDTH="31" VPOS="2165" HPOS="583"/>
							<String ID="string_242" HPOS="614" VPOS="2166" WIDTH="108" HEIGHT="36" WC="0.96" CONTENT="hvars"/><SP WIDTH="41" VPOS="2166" HPOS="722"/>
							<String ID="string_243" HPOS="763" VPOS="2166" WIDTH="278" HEIGHT="47" WC="0.96" CONTENT="verkställighet"/><SP WIDTH="29" VPOS="2166" HPOS="1041"/>
							<String ID="string_244" HPOS="1070" VPOS="2165" WIDTH="130" HEIGHT="48" WC="0.96" CONTENT="börjat,"/><SP WIDTH="30" VPOS="2165" HPOS="1200"/>
							<String ID="string_245" HPOS="1230" VPOS="2165" WIDTH="40" HEIGHT="36" WC="0.93" CONTENT="af"/><SP WIDTH="25" VPOS="2165" HPOS="1270"/>
							<String ID="string_246" HPOS="1295" VPOS="2165" WIDTH="178" HEIGHT="37" WC="0.91" CONTENT="öfverrätt"/><SP WIDTH="28" VPOS="2165" HPOS="1473"/>
							<String ID="string_247" HPOS="1501" VPOS="2166" WIDTH="137" HEIGHT="48" WC="0.95" CONTENT="skärpt,"/><SP WIDTH="30" VPOS="2166" HPOS="1638"/>
							<String ID="string_248" HPOS="1668" VPOS="2167" WIDTH="89" HEIGHT="35" WC="0.96" CONTENT="skall"/>
						</TextLine>
						<TextLine ID="line_29" HPOS="155" VPOS="2215" WIDTH="1602" HEIGHT="50">
							<String ID="string_249" HPOS="155" VPOS="2215" WIDTH="288" HEIGHT="49" WC="0.91" CONTENT="bestraffningen"/><SP WIDTH="46" VPOS="2215" HPOS="443"/>
							<String ID="string_250" HPOS="489" VPOS="2216" WIDTH="138" HEIGHT="37" WC="0.93" CONTENT="ändock"/><SP WIDTH="47" VPOS="2216" HPOS="627"/>
							<String ID="string_251" HPOS="674" VPOS="2216" WIDTH="123" HEIGHT="48" WC="0.86" CONTENT="fortså"/><SP WIDTH="40" VPOS="2216" HPOS="797"/>
							<String ID="string_252" HPOS="837" VPOS="2217" WIDTH="116" HEIGHT="48" WC="0.93" CONTENT="enligt"/><SP WIDTH="41" VPOS="2217" HPOS="953"/>
							<String ID="string_253" HPOS="994" VPOS="2216" WIDTH="259" HEIGHT="37" WC="0.91" CONTENT="underrättens"/><SP WIDTH="41" VPOS="2216" HPOS="1253"/>
							<String ID="string_254" HPOS="1294" VPOS="2217" WIDTH="131" HEIGHT="46" WC="0.95" CONTENT="utslag,"/><SP WIDTH="43" VPOS="2217" HPOS="1425"/>
							<String ID="string_255" HPOS="1468" VPOS="2217" WIDTH="56" HEIGHT="35" WC="0.96" CONTENT="till"/><SP WIDTH="42" VPOS="2217" HPOS="1524"/>
							<String ID="string_256" HPOS="1566" VPOS="2216" WIDTH="80" HEIGHT="37" WC="0.96" CONTENT="dess"/><SP WIDTH="41" VPOS="2216" HPOS="1646"/>
							<String ID="string_257" HPOS="1687" VPOS="2217" WIDTH="70" HEIGHT="36" WC="0.95" CONTENT="den"/>
						</TextLine>
					</TextBlock>
				</ComposedBlock>
			</PrintSpace>
		</Page>
	</Layout>
</alto>
