1900 2818
587 158 273 31 Statsutskottets
882 157 174 31 utlåtande
1077 167 41 20 nr
1140 157 49 30 10.
1608 150 36 28 13

182 245 171 31 Utskottet
374 244 208 35 hemställer,

490 331 49 28 att
563 327 182 37 riksdagen
769 326 57 31 må

491 379 31 38 a)
553 379 50 30 till
638 378 287 38 Torvingenjörer
956 386 44 21 m.
1034 376 52 37 fl:
1116 376 211 36 Avlöningar
1358 376 54 30 för
1444 374 201 38 budgetåret

449 424 139 44 1945/46
610 429 119 31 anvisa
749 433 49 26 ett
818 429 268 37 förslagsanslag
1107 437 41 21 av
1170 429 19 29 5
1202 429 65 30 000
1289 428 141 35 kronor;

489 479 34 40 b)
548 479 209 37 bemyndiga
780 479 122 36 Kungl.
925 478 101 37 Maj:t
1047 481 50 28 att
1116 478 103 36 enligt
1240 478 67 31 vad
1328 477 11 30 i
1359 476 280 37 statsrådsproto-

446 532 106 31 kollet
577 533 82 29 över
684 531 300 31 handelsärenden
1011 530 56 31 för
1091 530 66 31 den
1184 531 20 29 4
1231 530 139 39 januari
1401 530 83 30 1945
1512 528 132 31 anförts

447 583 58 30 vid
523 582 195 40 beviljande
736 582 111 31 under
866 581 39 31 år
925 582 83 30 1946
1028 591 41 21 av
1088 580 133 32 torvlån
1242 580 81 31 från
1341 579 303 32 industrilånefon-

447 634 66 30 den
533 634 12 30 i
569 633 169 31 särskilda
762 633 63 30 fall
847 633 158 36 medgiva
1026 632 175 36 undantag
1226 631 79 31 från
1329 631 159 37 gällande
1509 630 135 32 lånebe-

447 685 223 30 stämmelser.

183 800 88 41 17:0)
302 801 296 37 Torvingenjörer
625 811 46 21 m.
696 801 52 31 fl.:
775 801 272 32 Omkostnader.
1072 800 79 31 Med
1175 800 247 36 tillstyrkande
1448 810 43 21 av
1518 799 123 37 Kungl.

138 853 119 40 Maj:ts
278 853 130 37 förslag
434 853 125 39 (punkt
582 855 49 34 18,
653 863 24 21 s.
700 852 70 40 34),
793 853 106 30 vilket
919 853 10 30 i
950 852 219 31 förhållande
1189 852 51 31 till
1260 852 56 31 det
1336 852 54 30 för
1411 852 236 31 innevarande

137 903 168 38 budgetår
328 904 162 31 anvisade
511 905 153 35 anslaget
688 904 145 30 innebär
856 914 44 20 en
920 913 42 21 av
985 904 236 36 belastningen
1244 902 21 31 å
1287 904 152 36 anslaget
1462 903 184 31 föranledd

136 954 201 37 minskning
359 954 80 31 med
461 955 19 29 2
495 955 63 29 300
580 955 139 34 kronor,
744 954 200 30 hemställer
964 955 174 33 utskottet,

492 1042 48 28 att
564 1039 182 36 riksdagen
773 1038 57 32 må
855 1039 50 30 till
933 1038 285 38 Torvingenjörer
1242 1047 44 22 im.
1313 1037 51 38 fl.:
1393 1037 253 31 Omkostnader

448 1090 56 30 för
533 1089 201 37 budgetåret
770 1086 140 41 1945/46
944 1090 119 31 anvisa
1092 1094 48 26 ett
1172 1090 270 38 förslagsanslag
1473 1100 43 20 av
1549 1091 96 29 4090

447 1141 138 31 kronor.

184 1256 88 40 18:0)
301 1258 201 30 Instruktör
525 1258 12 30 i
562 1258 189 37 hemslöjd:
775 1258 184 37 Avlöning.
986 1259 122 36 Kungl.
1137 1258 101 37 Maj:t
1262 1259 67 31 har
1352 1258 181 38 föreslagit
1557 1260 87 29 riks-

138 1309 110 36 dagen
276 1308 124 39 (punkt
424 1310 48 35 19,
496 1320 25 20 s.
547 1309 53 40 35)
629 1312 48 28 att
698 1309 50 31 till
775 1310 195 31 Instruktör
991 1311 10 29 i
1024 1310 186 37 hemslöjd:
1234 1310 169 38 Avlöning
1426 1310 56 32 för
1503 1311 140 36 budget-

139 1358 72 32 året
235 1355 139 42 1945/46
397 1360 120 31 anvisa
536 1364 47 27 ett
606 1361 119 36 anslag
747 1371 42 21 av
811 1362 19 29 6
845 1361 63 30 700
928 1361 138 31 kronor.

184 1460 122 37 Kungl.
334 1460 117 39 Maj:ts
475 1460 131 37 förslag
628 1461 155 36 innebär,
809 1464 50 28 att
881 1462 227 31 förevarande
1134 1463 119 36 anslag
1277 1467 167 33 upptages
1469 1464 56 30 för
1548 1465 99 29 nästa

138 1510 168 37 hudgetår
324 1512 78 29 med
423 1511 204 31 oförändrat
646 1512 135 37 belopp.

186 1611 115 31 Under
322 1612 208 37 hänvisning
549 1613 49 30 till
621 1614 65 29 vad
707 1613 165 31 utskottet
891 1623 93 22 ovan
1003 1615 110 30 under
1133 1616 155 35 punkten
1311 1617 19 29 4
1350 1616 117 31 anfört
1486 1617 160 30 hemstäl-

138 1662 49 30 ler
209 1662 175 37 utskottet,

494 1734 49 28 att
560 1731 184 37 riksdagen
761 1731 67 38 må,
845 1733 11 30 i
874 1733 185 39 anledning
1074 1744 42 20 av
1136 1734 122 37 Kungl.
1278 1735 116 39 Maj:ts
1412 1735 131 37 förslag
1560 1739 88 28 samt

449 1782 217 31 motionerna
688 1784 27 29 I:
742 1784 40 30 73
803 1784 66 30 och
893 1784 45 30 II:
965 1785 70 36 128,
1057 1785 50 30 till
1130 1784 195 31 Instruktör
1346 1786 11 29 i
1376 1785 185 39 hemslöjd:
1584 1787 64 29 Av-

449 1832 117 37 löning
588 1833 55 30 för
662 1832 202 38 budgetåret
886 1831 138 43 1945/46
1044 1836 119 30 anvisa
1184 1839 45 28 ett
1251 1837 120 36 anslag
1391 1848 41 20 av
1454 1839 19 29 8
1487 1839 64 30 000
1570 1838 76 30 kro-

448 1892 73 22 nor.

187 1997 86 40 19:0)
304 1999 200 31 Instruktör
527 2000 12 30 i
559 2001 189 35 hemslöjd:
770 2002 272 32 Omkostnader.
1067 2003 14 30 I
1104 2003 151 37 enlighet
1278 2005 80 30 med
1381 2006 122 36 Kungl.
1529 2006 118 36 Maj:ts

141 2048 128 37 förslag
299 2048 124 39 (punkt
444 2051 52 35 20,
524 2060 24 21 s.
572 2049 70 40 35),
669 2051 105 31 vilket
796 2052 146 31 innebär
964 2053 213 31 oförändrad
1203 2055 323 37 medelsanvisning,
1550 2057 95 30 hem-

139 2100 118 29 ställer
274 2101 173 35 utskottet,

495 2172 49 27 att
568 2169 183 37 riksdagen
775 2170 58 31 må
858 2171 50 30 till
931 2171 194 30 Instruktör
1150 2173 10 29 i
1184 2173 185 38 hemslöjd:
1398 2174 251 30 Omkostnader

453 2218 56 31 för
527 2218 200 37 budgetåret
749 2217 139 42 1945/46
906 2222 120 31 anvisa
1044 2225 47 28 ett
1110 2223 270 37 förslagsanslag
1399 2233 43 22 av
1464 2226 14 29 1
1494 2226 64 29 300
1570 2226 76 29 kro-

453 2277 74 22 nor.

186 2390 90 40 20:0)
303 2391 410 37 Navigationsskolorna:
734 2394 224 38 Avlöningar.
980 2396 13 30 I
1016 2397 152 36 enlighet
1189 2398 81 30 med
1293 2398 123 37 Kungl.
1439 2400 119 35 Maj:ts
1578 2400 70 31 för-

142 2442 73 37 slag
240 2442 124 40 (punkt
385 2444 51 35 21,
457 2453 25 21 s.
502 2443 70 40 35),
594 2445 103 31 vilket
717 2446 10 29 i
748 2445 219 33 förhållande
989 2448 48 30 till
1056 2450 245 30 motsvarande
1320 2451 119 36 anslag
1457 2451 55 30 för
1531 2452 117 36 löpan-

141 2491 43 31 de
208 2492 167 38 budgetår
398 2494 145 31 innebär
565 2495 203 32 oförändrat
790 2497 135 37 belopp,
948 2498 198 31 hemställer
1168 2500 175 37 utskottet,

1696 1615 128 25 Utskottet.
