1916 2848
317 184 19 29 4
630 175 418 39 Bevillningsutskottets
1071 172 224 33 betänkande
1316 171 52 31 Nr
1393 170 30 31 5.

672 255 98 36 1931,
805 254 84 31 dock
923 254 52 30 att
1009 252 75 31 dels
1118 250 68 31 vad
1209 249 14 31 i
1247 249 19 31 8
1294 249 18 38 $
1334 247 139 37 stadgas
1495 246 75 31 icke
1594 244 88 32 skall
1707 243 72 32 till-

671 308 135 36 lämpas
838 304 211 33 beträffande
1081 302 128 32 sådana
1242 301 241 34 abonnemang
1517 299 54 30 för
1606 298 40 30 år
1679 296 99 36 1932,

674 369 73 22 som
782 357 207 33 verkställas
1022 355 108 32 under
1153 355 40 30 år
1216 352 97 36 1931,
1336 352 76 32 dels
1434 351 67 31 ock
1524 352 40 29 11
1589 351 19 38 $
1631 350 18 30 1
1674 358 105 22 mom.

674 413 32 37 a)
730 411 89 31 skall
841 410 91 31 hava
954 407 155 38 följande
1131 405 152 33 ändrade
1307 404 143 38 lydelse:

716 464 33 37 a)
773 463 55 31 för
851 458 313 40 utgivarkorsband
1188 459 12 30 i
1224 457 204 31 allmänhet:

719 516 42 31 12
789 517 57 29 öre
869 514 53 31 för
944 512 98 37 varje
1065 512 77 31 vikt
1164 521 44 20 av
1232 511 49 30 ett
1303 509 99 31 halvt
1423 507 173 36 kilogram
1620 506 84 31 eller
1725 504 56 32 del

676 579 45 21 av
755 567 101 32 halvt
888 566 181 36 kilogram,
1104 562 125 32 varvid
1252 558 323 40 utgivarkorsband,
1599 567 82 22 vars
1704 556 78 32 vikt

677 620 216 36 understiger
926 618 42 31 25
1003 626 108 28 gram,
1145 617 138 29 taxeras
1317 623 71 21 som
1423 621 56 22 om
1513 611 56 31 det
1605 609 111 37 vägde
1739 608 44 32 25

679 682 109 28 gram.

324 780 197 32 Stockholm
546 778 64 32 den
635 777 39 32 13
699 775 155 33 februari
878 774 94 32 1930.

719 880 51 31 På
793 876 392 38 bevillningsutskottets
1210 876 146 33 vägnar:

873 973 98 33 JOH.
996 969 203 35 NILSSON.

285 1305 198 26 Närvarande:
502 1304 99 23 herrar
619 1301 91 25 Johan
731 1299 112 25 Nilsson
862 1299 9 23 i
890 1296 197 28 Kristianstad,
1107 1296 78 30 Bärg,
1206 1295 146 30 Bergman,
1371 1292 119 26 Boman,
1510 1288 134 28 Leander,
1662 1288 128 24 Jönsson

502 1348 9 23 i
532 1341 152 32 Slätåker”,
713 1344 164 30 Björnsson,
898 1337 130 28 Månsson
1047 1340 10 23 i
1075 1338 134 28 Furuvik,
1228 1338 125 24 Jönsson
1373 1336 8 24 i
1401 1336 66 26 Boa,
1490 1334 162 24 Johansson
1671 1332 9 23 i
1699 1331 93 24 Arkö-

503 1389 83 29 sund,
615 1389 153 31 Bengtsson
797 1386 9 24 i
834 1383 129 30 Kullen",
992 1383 126 28 Hamrin,
1147 1383 126 29 Lövgren
1296 1380 9 24 i
1325 1379 120 31 Nyborg,
1465 1378 100 24 Olsson
1584 1377 9 23 i
1613 1368 179 40 Golvvasta”",

505 1432 142 33 Nylander
666 1433 9 23 i
694 1427 193 31 Stockholm",
906 1428 111 24 Nilsson
1035 1428 9 23 i
1065 1426 107 31 Hörby,
1191 1417 123 37 Åström,
1328 1419 157 35 Östergren,
1499 1420 160 25 Andersson
1674 1420 9 23 i
1695 1416 98 27 Boda"

503 1477 53 25 och
575 1476 103 25 Olsson
697 1476 8 23 i
726 1473 92 25 Gävle.

504 1547 10 11 >
534 1546 63 25 Icke
615 1545 126 25 närvarit
759 1543 50 25 vid
827 1542 173 32 justeringen
1019 1547 33 17 av
1071 1536 200 27 betänkandet.

511 2521 1056 16 ee

508 2555 112 19 200704.
662 2549 177 29 Stockholm,
858 2548 80 24 Isaac
958 2546 112 25 Marcus
1089 2540 378 34 Boktryckeri-Aktiebolag,
1489 2538 75 26 1930.
