<?xml version="1.0" encoding="UTF-8"?>
<alto xmlns="http://www.loc.gov/standards/alto/ns-v3#" xmlns:xlink="http://www.w3.org/1999/xlink" xmlns:xsi="http://www.w3.org/2001/XMLSchema-instance" xsi:schemaLocation="http://www.loc.gov/standards/alto/ns-v3# http://www.loc.gov/alto/v3/alto-3-0.xsd">
	<Description>
		<MeasurementUnit>pixel</MeasurementUnit>
		<sourceImageInformation>
			<fileName>/tmp/tess_4hdsw6bn_input.PNG</fileName>
		</sourceImageInformation>
		<OCRProcessing ID="OCR_0">
			<ocrProcessingStep>
				<processingSoftware>
					<softwareName>tesseract 5.3.0</softwareName>
				</processingSoftware>
			</ocrProcessingStep>
		</OCRProcessing>
	</Description>
	<Layout>
		<Page WIDTH="2196" HEIGHT="2604" PHYSICAL_IMG_NR="0" ID="page_0">
			<PrintSpace HPOS="0" VPOS="0" WIDTH="2196" HEIGHT="2604">
				<ComposedBlock ID="cblock_0" HPOS="396" VPOS="233" WIDTH="1352" HEIGHT="41">
					<TextBlock ID="block_0" HPOS="396" VPOS="233" WIDTH="1352" HEIGHT="41">
						<TextLine ID="line_0" HPOS="396" VPOS="233" WIDTH="1352" HEIGHT="41">
							<String ID="string_0" HPOS="396" VPOS="237" WIDTH="19" HEIGHT="30" WC="0.96" CONTENT="8"/><SP WIDTH="238" VPOS="237" HPOS="415"/>
							<String ID="string_1" HPOS="653" VPOS="240" WIDTH="110" HEIGHT="28" WC="0.96" CONTENT="Andra"/><SP WIDTH="21" VPOS="240" HPOS="763"/>
							<String ID="string_2" HPOS="784" VPOS="239" WIDTH="186" HEIGHT="27" WC="0.96" CONTENT="kammarens"/><SP WIDTH="21" VPOS="239" HPOS="970"/>
							<String ID="string_3" HPOS="991" VPOS="233" WIDTH="130" HEIGHT="40" WC="0.91" CONTENT="tredje"/><SP WIDTH="23" VPOS="233" HPOS="1121"/>
							<String ID="string_4" HPOS="1144" VPOS="236" WIDTH="149" HEIGHT="38" WC="0.96" CONTENT="tillfälliga"/><SP WIDTH="22" VPOS="236" HPOS="1293"/>
							<String ID="string_5" HPOS="1315" VPOS="237" WIDTH="120" HEIGHT="28" WC="0.96" CONTENT="utskotts"/><SP WIDTH="22" VPOS="237" HPOS="1435"/>
							<String ID="string_6" HPOS="1457" VPOS="236" WIDTH="149" HEIGHT="29" WC="0.96" CONTENT="utlåtande"/><SP WIDTH="23" VPOS="236" HPOS="1606"/>
							<String ID="string_7" HPOS="1629" VPOS="236" WIDTH="48" HEIGHT="28" WC="0.96" CONTENT="Nr"/><SP WIDTH="25" VPOS="236" HPOS="1677"/>
							<String ID="string_8" HPOS="1702" VPOS="236" WIDTH="46" HEIGHT="28" WC="0.96" CONTENT="13."/>
						</TextLine>
					</TextBlock>
				</ComposedBlock>
				<ComposedBlock ID="cblock_1" HPOS="392" VPOS="312" WIDTH="1613" HEIGHT="2011">
					<TextBlock ID="block_1" HPOS="394" VPOS="312" WIDTH="1609" HEIGHT="451">
						<TextLine ID="line_1" HPOS="396" VPOS="312" WIDTH="1605" HEIGHT="48">
							<String ID="string_9" HPOS="396" VPOS="316" WIDTH="178" HEIGHT="36" WC="0.96" CONTENT="ställande"/><SP WIDTH="41" VPOS="316" HPOS="574"/>
							<String ID="string_10" HPOS="615" VPOS="329" WIDTH="43" HEIGHT="22" WC="0.92" CONTENT="av"/><SP WIDTH="37" VPOS="329" HPOS="658"/>
							<String ID="string_11" HPOS="695" VPOS="315" WIDTH="253" HEIGHT="35" WC="0.91" CONTENT="minimitaxor"/><SP WIDTH="41" VPOS="315" HPOS="948"/>
							<String ID="string_12" HPOS="989" VPOS="326" WIDTH="62" HEIGHT="23" WC="0.96" CONTENT="ens"/><SP WIDTH="37" VPOS="326" HPOS="1051"/>
							<String ID="string_13" HPOS="1088" VPOS="312" WIDTH="59" HEIGHT="36" WC="0.96" CONTENT="för"/><SP WIDTH="36" VPOS="312" HPOS="1147"/>
							<String ID="string_14" HPOS="1183" VPOS="312" WIDTH="46" HEIGHT="36" WC="0.95" CONTENT="de"/><SP WIDTH="36" VPOS="312" HPOS="1229"/>
							<String ID="string_15" HPOS="1265" VPOS="313" WIDTH="179" HEIGHT="35" WC="0.88" CONTENT="särskilda"/><SP WIDTH="35" VPOS="313" HPOS="1444"/>
							<String ID="string_16" HPOS="1479" VPOS="312" WIDTH="293" HEIGHT="48" WC="0.88" CONTENT="postdistrikten."/><SP WIDTH="53" VPOS="312" HPOS="1772"/>
							<String ID="string_17" HPOS="1825" VPOS="312" WIDTH="176" HEIGHT="35" WC="0.94" CONTENT="Däremot"/>
						</TextLine>
						<TextLine ID="line_2" HPOS="395" VPOS="361" WIDTH="1606" HEIGHT="46">
							<String ID="string_18" HPOS="395" VPOS="366" WIDTH="175" HEIGHT="36" WC="0.92" CONTENT="framhöll"/><SP WIDTH="27" VPOS="366" HPOS="570"/>
							<String ID="string_19" HPOS="597" VPOS="365" WIDTH="475" HEIGHT="42" WC="0.91" CONTENT="andrakammarutskottet,"/><SP WIDTH="30" VPOS="365" HPOS="1072"/>
							<String ID="string_20" HPOS="1102" VPOS="369" WIDTH="54" HEIGHT="29" WC="0.96" CONTENT="att"/><SP WIDTH="23" VPOS="369" HPOS="1156"/>
							<String ID="string_21" HPOS="1179" VPOS="363" WIDTH="62" HEIGHT="36" WC="0.96" CONTENT="det"/><SP WIDTH="26" VPOS="363" HPOS="1241"/>
							<String ID="string_22" HPOS="1267" VPOS="364" WIDTH="79" HEIGHT="34" WC="0.96" CONTENT="icke"/><SP WIDTH="28" VPOS="364" HPOS="1346"/>
							<String ID="string_23" HPOS="1374" VPOS="363" WIDTH="67" HEIGHT="36" WC="0.96" CONTENT="bör"/><SP WIDTH="26" VPOS="363" HPOS="1441"/>
							<String ID="string_24" HPOS="1467" VPOS="376" WIDTH="85" HEIGHT="22" WC="0.96" CONTENT="vara"/><SP WIDTH="27" VPOS="376" HPOS="1552"/>
							<String ID="string_25" HPOS="1579" VPOS="362" WIDTH="147" HEIGHT="36" WC="0.96" CONTENT="svårare"/><SP WIDTH="27" VPOS="362" HPOS="1726"/>
							<String ID="string_26" HPOS="1753" VPOS="361" WIDTH="58" HEIGHT="36" WC="0.96" CONTENT="för"/><SP WIDTH="20" VPOS="361" HPOS="1811"/>
							<String ID="string_27" HPOS="1831" VPOS="361" WIDTH="43" HEIGHT="36" WC="0.93" CONTENT="de"/><SP WIDTH="20" VPOS="361" HPOS="1874"/>
							<String ID="string_28" HPOS="1894" VPOS="374" WIDTH="107" HEIGHT="24" WC="0.92" CONTENT="sven-"/>
						</TextLine>
						<TextLine ID="line_3" HPOS="395" VPOS="411" WIDTH="1607" HEIGHT="53">
							<String ID="string_29" HPOS="395" VPOS="418" WIDTH="63" HEIGHT="34" WC="0.93" CONTENT="ska"/><SP WIDTH="28" VPOS="418" HPOS="458"/>
							<String ID="string_30" HPOS="486" VPOS="415" WIDTH="393" HEIGHT="49" WC="0.91" CONTENT="postmyndigheterna"/><SP WIDTH="28" VPOS="415" HPOS="879"/>
							<String ID="string_31" HPOS="907" VPOS="421" WIDTH="46" HEIGHT="28" WC="0.96" CONTENT="än"/><SP WIDTH="28" VPOS="421" HPOS="953"/>
							<String ID="string_32" HPOS="981" VPOS="413" WIDTH="57" HEIGHT="36" WC="0.96" CONTENT="för"/><SP WIDTH="27" VPOS="413" HPOS="1038"/>
							<String ID="string_33" HPOS="1065" VPOS="413" WIDTH="45" HEIGHT="36" WC="0.95" CONTENT="de"/><SP WIDTH="27" VPOS="413" HPOS="1110"/>
							<String ID="string_34" HPOS="1137" VPOS="414" WIDTH="136" HEIGHT="35" WC="0.96" CONTENT="norska"/><SP WIDTH="27" VPOS="414" HPOS="1273"/>
							<String ID="string_35" HPOS="1300" VPOS="418" WIDTH="53" HEIGHT="30" WC="0.96" CONTENT="att"/><SP WIDTH="26" VPOS="418" HPOS="1353"/>
							<String ID="string_36" HPOS="1379" VPOS="413" WIDTH="203" HEIGHT="36" WC="0.93" CONTENT="bestämma"/><SP WIDTH="22" VPOS="413" HPOS="1582"/>
							<String ID="string_37" HPOS="1604" VPOS="411" WIDTH="398" HEIGHT="50" WC="0.91" CONTENT="avlöningsförhållan-"/>
						</TextLine>
						<TextLine ID="line_4" HPOS="395" VPOS="462" WIDTH="1608" HEIGHT="40">
							<String ID="string_38" HPOS="395" VPOS="467" WIDTH="95" HEIGHT="35" WC="0.96" CONTENT="dena"/><SP WIDTH="40" VPOS="467" HPOS="490"/>
							<String ID="string_39" HPOS="530" VPOS="465" WIDTH="57" HEIGHT="35" WC="0.96" CONTENT="för"/><SP WIDTH="40" VPOS="465" HPOS="587"/>
							<String ID="string_40" HPOS="627" VPOS="465" WIDTH="46" HEIGHT="36" WC="0.94" CONTENT="de"/><SP WIDTH="40" VPOS="465" HPOS="673"/>
							<String ID="string_41" HPOS="713" VPOS="465" WIDTH="167" HEIGHT="35" WC="0.96" CONTENT="enskilda"/><SP WIDTH="39" VPOS="465" HPOS="880"/>
							<String ID="string_42" HPOS="919" VPOS="463" WIDTH="114" HEIGHT="36" WC="0.96" CONTENT="fallen"/><SP WIDTH="35" VPOS="463" HPOS="1033"/>
							<String ID="string_43" HPOS="1068" VPOS="464" WIDTH="64" HEIGHT="35" WC="0.96" CONTENT="allt"/><SP WIDTH="36" VPOS="464" HPOS="1132"/>
							<String ID="string_44" HPOS="1168" VPOS="463" WIDTH="95" HEIGHT="36" WC="0.96" CONTENT="efter"/><SP WIDTH="35" VPOS="463" HPOS="1263"/>
							<String ID="string_45" HPOS="1298" VPOS="476" WIDTH="78" HEIGHT="23" WC="0.96" CONTENT="som"/><SP WIDTH="38" VPOS="476" HPOS="1376"/>
							<String ID="string_46" HPOS="1414" VPOS="463" WIDTH="105" HEIGHT="35" WC="0.96" CONTENT="dessa"/><SP WIDTH="34" VPOS="463" HPOS="1519"/>
							<String ID="string_47" HPOS="1553" VPOS="462" WIDTH="124" HEIGHT="35" WC="0.96" CONTENT="kunde"/><SP WIDTH="32" VPOS="462" HPOS="1677"/>
							<String ID="string_48" HPOS="1709" VPOS="464" WIDTH="147" HEIGHT="35" WC="0.96" CONTENT="komma"/><SP WIDTH="28" VPOS="464" HPOS="1856"/>
							<String ID="string_49" HPOS="1884" VPOS="462" WIDTH="119" HEIGHT="35" WC="0.96" CONTENT="under"/>
						</TextLine>
						<TextLine ID="line_5" HPOS="394" VPOS="513" WIDTH="1608" HEIGHT="50">
							<String ID="string_50" HPOS="394" VPOS="516" WIDTH="194" HEIGHT="47" WC="0.96" CONTENT="prövning,"/><SP WIDTH="38" VPOS="516" HPOS="588"/>
							<String ID="string_51" HPOS="626" VPOS="516" WIDTH="68" HEIGHT="35" WC="0.96" CONTENT="och"/><SP WIDTH="37" VPOS="516" HPOS="694"/>
							<String ID="string_52" HPOS="731" VPOS="516" WIDTH="182" HEIGHT="35" WC="0.96" CONTENT="utskottet"/><SP WIDTH="36" VPOS="516" HPOS="913"/>
							<String ID="string_53" HPOS="949" VPOS="514" WIDTH="100" HEIGHT="36" WC="0.93" CONTENT="delar"/><SP WIDTH="30" VPOS="514" HPOS="1049"/>
							<String ID="string_54" HPOS="1079" VPOS="515" WIDTH="227" HEIGHT="34" WC="0.92" CONTENT="härutinnan"/><SP WIDTH="28" VPOS="515" HPOS="1306"/>
							<String ID="string_55" HPOS="1334" VPOS="513" WIDTH="71" HEIGHT="35" WC="0.96" CONTENT="den"/><SP WIDTH="28" VPOS="513" HPOS="1405"/>
							<String ID="string_56" HPOS="1433" VPOS="526" WIDTH="44" HEIGHT="22" WC="0.96" CONTENT="av"/><SP WIDTH="28" VPOS="526" HPOS="1477"/>
							<String ID="string_57" HPOS="1505" VPOS="513" WIDTH="179" HEIGHT="35" WC="0.96" CONTENT="utskottet"/><SP WIDTH="27" VPOS="513" HPOS="1684"/>
							<String ID="string_58" HPOS="1711" VPOS="516" WIDTH="40" HEIGHT="32" WC="0.96" CONTENT="år"/><SP WIDTH="32" VPOS="516" HPOS="1751"/>
							<String ID="string_59" HPOS="1783" VPOS="515" WIDTH="90" HEIGHT="34" WC="0.88" CONTENT="1915"/><SP WIDTH="30" VPOS="515" HPOS="1873"/>
							<String ID="string_60" HPOS="1903" VPOS="517" WIDTH="99" HEIGHT="31" WC="0.89" CONTENT="utta-"/>
						</TextLine>
						<TextLine ID="line_6" HPOS="394" VPOS="562" WIDTH="1609" HEIGHT="52">
							<String ID="string_61" HPOS="394" VPOS="566" WIDTH="83" HEIGHT="35" WC="0.95" CONTENT="lade"/><SP WIDTH="36" VPOS="566" HPOS="477"/>
							<String ID="string_62" HPOS="513" VPOS="567" WIDTH="162" HEIGHT="47" WC="0.96" CONTENT="mening."/><SP WIDTH="55" VPOS="567" HPOS="675"/>
							<String ID="string_63" HPOS="730" VPOS="566" WIDTH="128" HEIGHT="47" WC="0.96" CONTENT="Enligt"/><SP WIDTH="37" VPOS="566" HPOS="858"/>
							<String ID="string_64" HPOS="895" VPOS="566" WIDTH="198" HEIGHT="34" WC="0.93" CONTENT="utskottets"/><SP WIDTH="36" VPOS="566" HPOS="1093"/>
							<String ID="string_65" HPOS="1129" VPOS="564" WIDTH="241" HEIGHT="36" WC="0.92" CONTENT="förmenande"/><SP WIDTH="32" VPOS="564" HPOS="1370"/>
							<String ID="string_66" HPOS="1402" VPOS="562" WIDTH="105" HEIGHT="37" WC="0.96" CONTENT="torde"/><SP WIDTH="28" VPOS="562" HPOS="1507"/>
							<String ID="string_67" HPOS="1535" VPOS="563" WIDTH="32" HEIGHT="47" WC="0.94" CONTENT="ej"/><SP WIDTH="26" VPOS="563" HPOS="1567"/>
							<String ID="string_68" HPOS="1593" VPOS="563" WIDTH="117" HEIGHT="35" WC="0.96" CONTENT="heller"/><SP WIDTH="27" VPOS="563" HPOS="1710"/>
							<String ID="string_69" HPOS="1737" VPOS="566" WIDTH="114" HEIGHT="45" WC="0.91" CONTENT="några"/><SP WIDTH="26" VPOS="566" HPOS="1851"/>
							<String ID="string_70" HPOS="1877" VPOS="570" WIDTH="126" HEIGHT="29" WC="0.91" CONTENT="oöver-"/>
						</TextLine>
						<TextLine ID="line_7" HPOS="394" VPOS="613" WIDTH="1609" HEIGHT="51">
							<String ID="string_71" HPOS="394" VPOS="617" WIDTH="187" HEIGHT="47" WC="0.92" CONTENT="vinneliga"/><SP WIDTH="27" VPOS="617" HPOS="581"/>
							<String ID="string_72" HPOS="608" VPOS="616" WIDTH="228" HEIGHT="48" WC="0.96" CONTENT="svårigheter"/><SP WIDTH="27" VPOS="616" HPOS="836"/>
							<String ID="string_73" HPOS="863" VPOS="616" WIDTH="89" HEIGHT="35" WC="0.96" CONTENT="böra"/><SP WIDTH="27" VPOS="616" HPOS="952"/>
							<String ID="string_74" HPOS="979" VPOS="620" WIDTH="96" HEIGHT="30" WC="0.96" CONTENT="möta"/><SP WIDTH="27" VPOS="620" HPOS="1075"/>
							<String ID="string_75" HPOS="1102" VPOS="614" WIDTH="59" HEIGHT="36" WC="0.96" CONTENT="för"/><SP WIDTH="28" VPOS="614" HPOS="1161"/>
							<String ID="string_76" HPOS="1189" VPOS="613" WIDTH="244" HEIGHT="37" WC="0.96" CONTENT="utarbetande"/><SP WIDTH="42" VPOS="613" HPOS="1433"/>
							<String ID="string_77" HPOS="1475" VPOS="627" WIDTH="44" HEIGHT="22" WC="0.96" CONTENT="av"/><SP WIDTH="29" VPOS="627" HPOS="1519"/>
							<String ID="string_78" HPOS="1548" VPOS="615" WIDTH="96" HEIGHT="33" WC="0.96" CONTENT="vissa"/><SP WIDTH="32" VPOS="615" HPOS="1644"/>
							<String ID="string_79" HPOS="1676" VPOS="614" WIDTH="185" HEIGHT="35" WC="0.92" CONTENT="allmänna"/><SP WIDTH="27" VPOS="614" HPOS="1861"/>
							<String ID="string_80" HPOS="1888" VPOS="626" WIDTH="115" HEIGHT="36" WC="0.92" CONTENT="grun-"/>
						</TextLine>
						<TextLine ID="line_8" HPOS="396" VPOS="663" WIDTH="1607" HEIGHT="50">
							<String ID="string_81" HPOS="396" VPOS="666" WIDTH="65" HEIGHT="36" WC="0.96" CONTENT="der"/><SP WIDTH="27" VPOS="666" HPOS="461"/>
							<String ID="string_82" HPOS="488" VPOS="666" WIDTH="58" HEIGHT="36" WC="0.96" CONTENT="för"/><SP WIDTH="27" VPOS="666" HPOS="546"/>
							<String ID="string_83" HPOS="573" VPOS="666" WIDTH="278" HEIGHT="36" WC="0.96" CONTENT="bestämmande"/><SP WIDTH="28" VPOS="666" HPOS="851"/>
							<String ID="string_84" HPOS="879" VPOS="679" WIDTH="44" HEIGHT="22" WC="0.96" CONTENT="av"/><SP WIDTH="28" VPOS="679" HPOS="923"/>
							<String ID="string_85" HPOS="951" VPOS="666" WIDTH="71" HEIGHT="35" WC="0.93" CONTENT="den"/><SP WIDTH="27" VPOS="666" HPOS="1022"/>
							<String ID="string_86" HPOS="1049" VPOS="666" WIDTH="187" HEIGHT="47" WC="0.91" CONTENT="avlöning,"/><SP WIDTH="29" VPOS="666" HPOS="1236"/>
							<String ID="string_87" HPOS="1265" VPOS="678" WIDTH="77" HEIGHT="23" WC="0.95" CONTENT="som"/><SP WIDTH="28" VPOS="678" HPOS="1342"/>
							<String ID="string_88" HPOS="1370" VPOS="666" WIDTH="13" HEIGHT="35" WC="0.95" CONTENT="i"/><SP WIDTH="28" VPOS="666" HPOS="1383"/>
							<String ID="string_89" HPOS="1411" VPOS="664" WIDTH="62" HEIGHT="36" WC="0.96" CONTENT="det"/><SP WIDTH="28" VPOS="664" HPOS="1473"/>
							<String ID="string_90" HPOS="1501" VPOS="663" WIDTH="165" HEIGHT="36" WC="0.96" CONTENT="enskilda"/><SP WIDTH="27" VPOS="663" HPOS="1666"/>
							<String ID="string_91" HPOS="1693" VPOS="663" WIDTH="106" HEIGHT="36" WC="0.96" CONTENT="fallet"/><SP WIDTH="25" VPOS="663" HPOS="1799"/>
							<String ID="string_92" HPOS="1824" VPOS="663" WIDTH="67" HEIGHT="36" WC="0.96" CONTENT="bör"/><SP WIDTH="23" VPOS="663" HPOS="1891"/>
							<String ID="string_93" HPOS="1914" VPOS="666" WIDTH="89" HEIGHT="45" WC="0.96" CONTENT="utgå"/>
						</TextLine>
						<TextLine ID="line_9" HPOS="394" VPOS="716" WIDTH="784" HEIGHT="47">
							<String ID="string_94" HPOS="394" VPOS="716" WIDTH="59" HEIGHT="36" WC="0.96" CONTENT="för"/><SP WIDTH="26" VPOS="716" HPOS="453"/>
							<String ID="string_95" HPOS="479" VPOS="716" WIDTH="239" HEIGHT="37" WC="0.96" CONTENT="bestridande"/><SP WIDTH="28" VPOS="716" HPOS="718"/>
							<String ID="string_96" HPOS="746" VPOS="729" WIDTH="44" HEIGHT="22" WC="0.93" CONTENT="av"/><SP WIDTH="26" VPOS="729" HPOS="790"/>
							<String ID="string_97" HPOS="816" VPOS="716" WIDTH="362" HEIGHT="47" WC="0.92" CONTENT="lantbrevbäringen."/>
						</TextLine>
					</TextBlock>
					<TextBlock ID="block_2" HPOS="393" VPOS="763" WIDTH="1611" HEIGHT="353">
						<TextLine ID="line_10" HPOS="495" VPOS="763" WIDTH="1506" HEIGHT="52">
							<String ID="string_98" HPOS="495" VPOS="768" WIDTH="55" HEIGHT="34" WC="0.96" CONTENT="Då"/><SP WIDTH="28" VPOS="768" HPOS="550"/>
							<String ID="string_99" HPOS="578" VPOS="766" WIDTH="118" HEIGHT="36" WC="0.93" CONTENT="under"/><SP WIDTH="28" VPOS="766" HPOS="696"/>
							<String ID="string_100" HPOS="724" VPOS="766" WIDTH="215" HEIGHT="49" WC="0.91" CONTENT="dryftandet"/><SP WIDTH="27" VPOS="766" HPOS="939"/>
							<String ID="string_101" HPOS="966" VPOS="779" WIDTH="43" HEIGHT="22" WC="0.96" CONTENT="av"/><SP WIDTH="27" VPOS="779" HPOS="1009"/>
							<String ID="string_102" HPOS="1036" VPOS="765" WIDTH="241" HEIGHT="36" WC="0.96" CONTENT="förevarande"/><SP WIDTH="27" VPOS="765" HPOS="1277"/>
							<String ID="string_103" HPOS="1304" VPOS="766" WIDTH="180" HEIGHT="47" WC="0.96" CONTENT="spörsmål"/><SP WIDTH="19" VPOS="766" HPOS="1484"/>
							<String ID="string_104" HPOS="1503" VPOS="764" WIDTH="217" HEIGHT="36" WC="0.96" CONTENT="framställts"/><SP WIDTH="21" VPOS="764" HPOS="1720"/>
							<String ID="string_105" HPOS="1741" VPOS="763" WIDTH="172" HEIGHT="48" WC="0.96" CONTENT="farhågor"/><SP WIDTH="20" VPOS="763" HPOS="1913"/>
							<String ID="string_106" HPOS="1933" VPOS="763" WIDTH="68" HEIGHT="45" WC="0.96" CONTENT="för,"/>
						</TextLine>
						<TextLine ID="line_11" HPOS="395" VPOS="813" WIDTH="1607" HEIGHT="52">
							<String ID="string_107" HPOS="395" VPOS="823" WIDTH="54" HEIGHT="29" WC="0.96" CONTENT="att"/><SP WIDTH="34" VPOS="823" HPOS="449"/>
							<String ID="string_108" HPOS="483" VPOS="822" WIDTH="54" HEIGHT="30" WC="0.96" CONTENT="ett"/><SP WIDTH="35" VPOS="822" HPOS="537"/>
							<String ID="string_109" HPOS="572" VPOS="816" WIDTH="235" HEIGHT="37" WC="0.96" CONTENT="avskaffande"/><SP WIDTH="28" VPOS="816" HPOS="807"/>
							<String ID="string_110" HPOS="835" VPOS="830" WIDTH="44" HEIGHT="22" WC="0.93" CONTENT="av"/><SP WIDTH="28" VPOS="830" HPOS="879"/>
							<String ID="string_111" HPOS="907" VPOS="816" WIDTH="424" HEIGHT="49" WC="0.91" CONTENT="entreprenadsystemet"/><SP WIDTH="26" VPOS="816" HPOS="1331"/>
							<String ID="string_112" HPOS="1357" VPOS="815" WIDTH="125" HEIGHT="36" WC="0.96" CONTENT="kunde"/><SP WIDTH="27" VPOS="815" HPOS="1482"/>
							<String ID="string_113" HPOS="1509" VPOS="815" WIDTH="149" HEIGHT="35" WC="0.96" CONTENT="komma"/><SP WIDTH="27" VPOS="815" HPOS="1658"/>
							<String ID="string_114" HPOS="1685" VPOS="820" WIDTH="53" HEIGHT="29" WC="0.96" CONTENT="att"/><SP WIDTH="28" VPOS="820" HPOS="1738"/>
							<String ID="string_115" HPOS="1766" VPOS="813" WIDTH="164" HEIGHT="36" WC="0.96" CONTENT="medföra"/><SP WIDTH="28" VPOS="813" HPOS="1930"/>
							<String ID="string_116" HPOS="1958" VPOS="826" WIDTH="44" HEIGHT="23" WC="0.96" CONTENT="en"/>
						</TextLine>
						<TextLine ID="line_12" HPOS="394" VPOS="864" WIDTH="1610" HEIGHT="51">
							<String ID="string_117" HPOS="394" VPOS="867" WIDTH="227" HEIGHT="48" WC="0.96" CONTENT="indragning"/><SP WIDTH="27" VPOS="867" HPOS="621"/>
							<String ID="string_118" HPOS="648" VPOS="881" WIDTH="44" HEIGHT="21" WC="0.96" CONTENT="av"/><SP WIDTH="28" VPOS="881" HPOS="692"/>
							<String ID="string_119" HPOS="720" VPOS="867" WIDTH="112" HEIGHT="35" WC="0.95" CONTENT="redan"/><SP WIDTH="28" VPOS="867" HPOS="832"/>
							<String ID="string_120" HPOS="860" VPOS="867" WIDTH="191" HEIGHT="47" WC="0.93" CONTENT="befintliga"/><SP WIDTH="26" VPOS="867" HPOS="1051"/>
							<String ID="string_121" HPOS="1077" VPOS="866" WIDTH="434" HEIGHT="47" WC="0.92" CONTENT="lantbrevbäringslinjer"/><SP WIDTH="27" VPOS="866" HPOS="1511"/>
							<String ID="string_122" HPOS="1538" VPOS="865" WIDTH="68" HEIGHT="35" WC="0.96" CONTENT="och"/><SP WIDTH="28" VPOS="865" HPOS="1606"/>
							<String ID="string_123" HPOS="1634" VPOS="864" WIDTH="115" HEIGHT="36" WC="0.96" CONTENT="ökade"/><SP WIDTH="28" VPOS="864" HPOS="1749"/>
							<String ID="string_124" HPOS="1777" VPOS="865" WIDTH="227" HEIGHT="47" WC="0.96" CONTENT="svårigheter"/>
						</TextLine>
						<TextLine ID="line_13" HPOS="395" VPOS="916" WIDTH="1608" HEIGHT="50">
							<String ID="string_125" HPOS="395" VPOS="917" WIDTH="57" HEIGHT="36" WC="0.96" CONTENT="för"/><SP WIDTH="35" VPOS="917" HPOS="452"/>
							<String ID="string_126" HPOS="487" VPOS="917" WIDTH="228" HEIGHT="36" WC="0.95" CONTENT="inrättandet"/><SP WIDTH="36" VPOS="917" HPOS="715"/>
							<String ID="string_127" HPOS="751" VPOS="930" WIDTH="43" HEIGHT="22" WC="0.96" CONTENT="av"/><SP WIDTH="32" VPOS="930" HPOS="794"/>
							<String ID="string_128" HPOS="826" VPOS="930" WIDTH="73" HEIGHT="36" WC="0.95" CONTENT="nya"/><SP WIDTH="26" VPOS="930" HPOS="899"/>
							<String ID="string_129" HPOS="925" VPOS="918" WIDTH="121" HEIGHT="47" WC="0.95" CONTENT="linjer,"/><SP WIDTH="24" VPOS="918" HPOS="1046"/>
							<String ID="string_130" HPOS="1070" VPOS="917" WIDTH="64" HEIGHT="35" WC="0.96" CONTENT="vill"/><SP WIDTH="29" VPOS="917" HPOS="1134"/>
							<String ID="string_131" HPOS="1163" VPOS="918" WIDTH="179" HEIGHT="34" WC="0.93" CONTENT="utskottet"/><SP WIDTH="28" VPOS="918" HPOS="1342"/>
							<String ID="string_132" HPOS="1370" VPOS="917" WIDTH="168" HEIGHT="34" WC="0.92" CONTENT="häremot"/><SP WIDTH="27" VPOS="917" HPOS="1538"/>
							<String ID="string_133" HPOS="1565" VPOS="916" WIDTH="92" HEIGHT="35" WC="0.96" CONTENT="hava"/><SP WIDTH="27" VPOS="916" HPOS="1657"/>
							<String ID="string_134" HPOS="1684" VPOS="916" WIDTH="146" HEIGHT="43" WC="0.96" CONTENT="uttalat,"/><SP WIDTH="29" VPOS="916" HPOS="1830"/>
							<String ID="string_135" HPOS="1859" VPOS="920" WIDTH="54" HEIGHT="30" WC="0.93" CONTENT="att"/><SP WIDTH="27" VPOS="920" HPOS="1913"/>
							<String ID="string_136" HPOS="1940" VPOS="927" WIDTH="63" HEIGHT="23" WC="0.92" CONTENT="an-"/>
						</TextLine>
						<TextLine ID="line_14" HPOS="395" VPOS="965" WIDTH="1608" HEIGHT="50">
							<String ID="string_137" HPOS="395" VPOS="967" WIDTH="154" HEIGHT="48" WC="0.95" CONTENT="ledning"/><SP WIDTH="35" VPOS="967" HPOS="549"/>
							<String ID="string_138" HPOS="584" VPOS="969" WIDTH="157" HEIGHT="46" WC="0.96" CONTENT="givetvis"/><SP WIDTH="38" VPOS="969" HPOS="741"/>
							<String ID="string_139" HPOS="779" VPOS="968" WIDTH="129" HEIGHT="35" WC="0.96" CONTENT="saknas"/><SP WIDTH="36" VPOS="968" HPOS="908"/>
							<String ID="string_140" HPOS="944" VPOS="967" WIDTH="59" HEIGHT="35" WC="0.96" CONTENT="för"/><SP WIDTH="35" VPOS="967" HPOS="1003"/>
							<String ID="string_141" HPOS="1038" VPOS="967" WIDTH="220" HEIGHT="48" WC="0.96" CONTENT="antagande,"/><SP WIDTH="33" VPOS="967" HPOS="1258"/>
							<String ID="string_142" HPOS="1291" VPOS="971" WIDTH="54" HEIGHT="31" WC="0.96" CONTENT="att"/><SP WIDTH="28" VPOS="971" HPOS="1345"/>
							<String ID="string_143" HPOS="1373" VPOS="967" WIDTH="212" HEIGHT="47" WC="0.96" CONTENT="postverket"/><SP WIDTH="27" VPOS="967" HPOS="1585"/>
							<String ID="string_144" HPOS="1612" VPOS="966" WIDTH="80" HEIGHT="35" WC="0.96" CONTENT="icke"/><SP WIDTH="29" VPOS="966" HPOS="1692"/>
							<String ID="string_145" HPOS="1721" VPOS="969" WIDTH="119" HEIGHT="31" WC="0.96" CONTENT="såsom"/><SP WIDTH="28" VPOS="969" HPOS="1840"/>
							<String ID="string_146" HPOS="1868" VPOS="965" WIDTH="135" HEIGHT="35" WC="0.93" CONTENT="hittills"/>
						</TextLine>
						<TextLine ID="line_15" HPOS="395" VPOS="1015" WIDTH="1609" HEIGHT="39">
							<String ID="string_147" HPOS="395" VPOS="1018" WIDTH="119" HEIGHT="35" WC="0.96" CONTENT="skulle"/><SP WIDTH="36" VPOS="1018" HPOS="514"/>
							<String ID="string_148" HPOS="550" VPOS="1018" WIDTH="62" HEIGHT="36" WC="0.96" CONTENT="vid"/><SP WIDTH="37" VPOS="1018" HPOS="612"/>
							<String ID="string_149" HPOS="649" VPOS="1018" WIDTH="201" HEIGHT="36" WC="0.96" CONTENT="utövandet"/><SP WIDTH="36" VPOS="1018" HPOS="850"/>
							<String ID="string_150" HPOS="886" VPOS="1031" WIDTH="44" HEIGHT="23" WC="0.96" CONTENT="av"/><SP WIDTH="28" VPOS="1031" HPOS="930"/>
							<String ID="string_151" HPOS="958" VPOS="1019" WIDTH="78" HEIGHT="34" WC="0.96" CONTENT="sina"/><SP WIDTH="27" VPOS="1019" HPOS="1036"/>
							<String ID="string_152" HPOS="1063" VPOS="1017" WIDTH="219" HEIGHT="36" WC="0.96" CONTENT="funktioner"/><SP WIDTH="27" VPOS="1017" HPOS="1282"/>
							<String ID="string_153" HPOS="1309" VPOS="1017" WIDTH="92" HEIGHT="35" WC="0.96" CONTENT="hava"/><SP WIDTH="26" VPOS="1017" HPOS="1401"/>
							<String ID="string_154" HPOS="1427" VPOS="1017" WIDTH="13" HEIGHT="35" WC="0.96" CONTENT="i"/><SP WIDTH="28" VPOS="1017" HPOS="1440"/>
							<String ID="string_155" HPOS="1468" VPOS="1017" WIDTH="92" HEIGHT="35" WC="0.96" CONTENT="sikte"/><SP WIDTH="27" VPOS="1017" HPOS="1560"/>
							<String ID="string_156" HPOS="1587" VPOS="1016" WIDTH="268" HEIGHT="35" WC="0.93" CONTENT="allmänhetens"/><SP WIDTH="27" VPOS="1016" HPOS="1855"/>
							<String ID="string_157" HPOS="1882" VPOS="1015" WIDTH="122" HEIGHT="35" WC="0.90" CONTENT="berät-"/>
						</TextLine>
						<TextLine ID="line_16" HPOS="393" VPOS="1069" WIDTH="345" HEIGHT="47">
							<String ID="string_158" HPOS="393" VPOS="1069" WIDTH="124" HEIGHT="47" WC="0.92" CONTENT="tigade"/><SP WIDTH="28" VPOS="1069" HPOS="517"/>
							<String ID="string_159" HPOS="545" VPOS="1070" WIDTH="193" HEIGHT="34" WC="0.96" CONTENT="intressen."/>
						</TextLine>
					</TextBlock>
					<TextBlock ID="block_3" HPOS="392" VPOS="1116" WIDTH="1612" HEIGHT="402">
						<TextLine ID="line_17" HPOS="495" VPOS="1116" WIDTH="1508" HEIGHT="48">
							<String ID="string_160" HPOS="495" VPOS="1119" WIDTH="91" HEIGHT="35" WC="0.96" CONTENT="Lika"/><SP WIDTH="40" VPOS="1119" HPOS="586"/>
							<String ID="string_161" HPOS="626" VPOS="1119" WIDTH="86" HEIGHT="36" WC="0.96" CONTENT="med"/><SP WIDTH="39" VPOS="1119" HPOS="712"/>
							<String ID="string_162" HPOS="751" VPOS="1120" WIDTH="273" HEIGHT="35" WC="0.96" CONTENT="motionärerna"/><SP WIDTH="38" VPOS="1120" HPOS="1024"/>
							<String ID="string_163" HPOS="1062" VPOS="1119" WIDTH="120" HEIGHT="34" WC="0.96" CONTENT="finner"/><SP WIDTH="40" VPOS="1119" HPOS="1182"/>
							<String ID="string_164" HPOS="1222" VPOS="1119" WIDTH="192" HEIGHT="42" WC="0.96" CONTENT="utskottet,"/><SP WIDTH="42" VPOS="1119" HPOS="1414"/>
							<String ID="string_165" HPOS="1456" VPOS="1122" WIDTH="53" HEIGHT="30" WC="0.93" CONTENT="att"/><SP WIDTH="39" VPOS="1122" HPOS="1509"/>
							<String ID="string_166" HPOS="1548" VPOS="1116" WIDTH="286" HEIGHT="48" WC="0.92" CONTENT="olägenheterna"/><SP WIDTH="39" VPOS="1116" HPOS="1834"/>
							<String ID="string_167" HPOS="1873" VPOS="1129" WIDTH="43" HEIGHT="22" WC="0.96" CONTENT="av"/><SP WIDTH="36" VPOS="1129" HPOS="1916"/>
							<String ID="string_168" HPOS="1952" VPOS="1129" WIDTH="51" HEIGHT="22" WC="0.95" CONTENT="nu"/>
						</TextLine>
						<TextLine ID="line_18" HPOS="393" VPOS="1166" WIDTH="1611" HEIGHT="51">
							<String ID="string_169" HPOS="393" VPOS="1168" WIDTH="283" HEIGHT="48" WC="0.92" CONTENT="ifrågavarande"/><SP WIDTH="41" VPOS="1168" HPOS="676"/>
							<String ID="string_170" HPOS="717" VPOS="1169" WIDTH="386" HEIGHT="48" WC="0.92" CONTENT="entreprenadsystem"/><SP WIDTH="42" VPOS="1169" HPOS="1103"/>
							<String ID="string_171" HPOS="1145" VPOS="1168" WIDTH="178" HEIGHT="49" WC="0.96" CONTENT="tydligast"/><SP WIDTH="39" VPOS="1168" HPOS="1323"/>
							<String ID="string_172" HPOS="1362" VPOS="1169" WIDTH="85" HEIGHT="46" WC="0.96" CONTENT="giva"/><SP WIDTH="36" VPOS="1169" HPOS="1447"/>
							<String ID="string_173" HPOS="1483" VPOS="1169" WIDTH="57" HEIGHT="45" WC="0.96" CONTENT="sig"/><SP WIDTH="34" VPOS="1169" HPOS="1540"/>
							<String ID="string_174" HPOS="1574" VPOS="1168" WIDTH="181" HEIGHT="34" WC="0.96" CONTENT="tillkänna"/><SP WIDTH="34" VPOS="1168" HPOS="1755"/>
							<String ID="string_175" HPOS="1789" VPOS="1168" WIDTH="55" HEIGHT="33" WC="0.96" CONTENT="uti"/><SP WIDTH="35" VPOS="1168" HPOS="1844"/>
							<String ID="string_176" HPOS="1879" VPOS="1166" WIDTH="45" HEIGHT="35" WC="0.96" CONTENT="de"/><SP WIDTH="37" VPOS="1166" HPOS="1924"/>
							<String ID="string_177" HPOS="1961" VPOS="1179" WIDTH="43" HEIGHT="22" WC="0.95" CONTENT="av"/>
						</TextLine>
						<TextLine ID="line_19" HPOS="393" VPOS="1217" WIDTH="1611" HEIGHT="50">
							<String ID="string_178" HPOS="393" VPOS="1221" WIDTH="276" HEIGHT="34" WC="0.95" CONTENT="motionärerna"/><SP WIDTH="37" VPOS="1221" HPOS="669"/>
							<String ID="string_179" HPOS="706" VPOS="1219" WIDTH="167" HEIGHT="48" WC="0.95" CONTENT="åsyftade"/><SP WIDTH="37" VPOS="1219" HPOS="873"/>
							<String ID="string_180" HPOS="910" VPOS="1224" WIDTH="116" HEIGHT="30" WC="0.96" CONTENT="större"/><SP WIDTH="39" VPOS="1224" HPOS="1026"/>
							<String ID="string_181" HPOS="1065" VPOS="1219" WIDTH="237" HEIGHT="35" WC="0.90" CONTENT="samhällena."/><SP WIDTH="54" VPOS="1219" HPOS="1302"/>
							<String ID="string_182" HPOS="1356" VPOS="1219" WIDTH="67" HEIGHT="35" WC="0.72" CONTENT="Ått"/><SP WIDTH="38" VPOS="1219" HPOS="1423"/>
							<String ID="string_183" HPOS="1461" VPOS="1221" WIDTH="38" HEIGHT="32" WC="0.96" CONTENT="så"/><SP WIDTH="37" VPOS="1221" HPOS="1499"/>
							<String ID="string_184" HPOS="1536" VPOS="1225" WIDTH="39" HEIGHT="28" WC="0.96" CONTENT="är"/><SP WIDTH="27" VPOS="1225" HPOS="1575"/>
							<String ID="string_185" HPOS="1602" VPOS="1217" WIDTH="116" HEIGHT="43" WC="0.96" CONTENT="fallet,"/><SP WIDTH="29" VPOS="1217" HPOS="1718"/>
							<String ID="string_186" HPOS="1747" VPOS="1217" WIDTH="106" HEIGHT="35" WC="0.93" CONTENT="beror"/><SP WIDTH="27" VPOS="1217" HPOS="1853"/>
							<String ID="string_187" HPOS="1880" VPOS="1221" WIDTH="124" HEIGHT="31" WC="0.92" CONTENT="natur-"/>
						</TextLine>
						<TextLine ID="line_20" HPOS="392" VPOS="1267" WIDTH="1612" HEIGHT="50">
							<String ID="string_188" HPOS="392" VPOS="1271" WIDTH="128" HEIGHT="45" WC="0.92" CONTENT="ligtvis"/><SP WIDTH="36" VPOS="1271" HPOS="520"/>
							<String ID="string_189" HPOS="556" VPOS="1270" WIDTH="124" HEIGHT="47" WC="0.96" CONTENT="därpå,"/><SP WIDTH="39" VPOS="1270" HPOS="680"/>
							<String ID="string_190" HPOS="719" VPOS="1275" WIDTH="53" HEIGHT="30" WC="0.96" CONTENT="att"/><SP WIDTH="36" VPOS="1275" HPOS="772"/>
							<String ID="string_191" HPOS="808" VPOS="1270" WIDTH="143" HEIGHT="35" WC="0.96" CONTENT="arbetet"/><SP WIDTH="36" VPOS="1270" HPOS="951"/>
							<String ID="string_192" HPOS="987" VPOS="1269" WIDTH="84" HEIGHT="35" WC="0.93" CONTENT="med"/><SP WIDTH="35" VPOS="1269" HPOS="1071"/>
							<String ID="string_193" HPOS="1106" VPOS="1269" WIDTH="271" HEIGHT="47" WC="0.91" CONTENT="brevbäringen"/><SP WIDTH="37" VPOS="1269" HPOS="1377"/>
							<String ID="string_194" HPOS="1414" VPOS="1268" WIDTH="114" HEIGHT="36" WC="0.96" CONTENT="oftast"/><SP WIDTH="33" VPOS="1268" HPOS="1528"/>
							<String ID="string_195" HPOS="1561" VPOS="1272" WIDTH="54" HEIGHT="31" WC="0.96" CONTENT="för"/><SP WIDTH="33" VPOS="1272" HPOS="1615"/>
							<String ID="string_196" HPOS="1648" VPOS="1268" WIDTH="106" HEIGHT="35" WC="0.96" CONTENT="dessa"/><SP WIDTH="32" VPOS="1268" HPOS="1754"/>
							<String ID="string_197" HPOS="1786" VPOS="1267" WIDTH="218" HEIGHT="35" WC="0.95" CONTENT="brevbärare"/>
						</TextLine>
						<TextLine ID="line_21" HPOS="393" VPOS="1316" WIDTH="1610" HEIGHT="52">
							<String ID="string_198" HPOS="393" VPOS="1319" WIDTH="73" HEIGHT="35" WC="0.96" CONTENT="blir"/><SP WIDTH="28" VPOS="1319" HPOS="466"/>
							<String ID="string_199" HPOS="494" VPOS="1320" WIDTH="104" HEIGHT="35" WC="0.96" CONTENT="deras"/><SP WIDTH="28" VPOS="1320" HPOS="598"/>
							<String ID="string_200" HPOS="626" VPOS="1319" WIDTH="270" HEIGHT="48" WC="0.96" CONTENT="huvudsakliga"/><SP WIDTH="27" VPOS="1319" HPOS="896"/>
							<String ID="string_201" HPOS="923" VPOS="1320" WIDTH="294" HEIGHT="48" WC="0.96" CONTENT="sysselsättning,"/><SP WIDTH="22" VPOS="1320" HPOS="1217"/>
							<String ID="string_202" HPOS="1239" VPOS="1319" WIDTH="68" HEIGHT="35" WC="0.96" CONTENT="och"/><SP WIDTH="19" VPOS="1319" HPOS="1307"/>
							<String ID="string_203" HPOS="1326" VPOS="1321" WIDTH="117" HEIGHT="33" WC="0.96" CONTENT="måste"/><SP WIDTH="20" VPOS="1321" HPOS="1443"/>
							<String ID="string_204" HPOS="1463" VPOS="1318" WIDTH="63" HEIGHT="35" WC="0.96" CONTENT="det"/><SP WIDTH="17" VPOS="1318" HPOS="1526"/>
							<String ID="string_205" HPOS="1543" VPOS="1318" WIDTH="61" HEIGHT="35" WC="0.96" CONTENT="vid"/><SP WIDTH="19" VPOS="1318" HPOS="1604"/>
							<String ID="string_206" HPOS="1623" VPOS="1318" WIDTH="132" HEIGHT="35" WC="0.96" CONTENT="sådant"/><SP WIDTH="19" VPOS="1318" HPOS="1755"/>
							<String ID="string_207" HPOS="1774" VPOS="1316" WIDTH="229" HEIGHT="36" WC="0.94" CONTENT="förhållande"/>
						</TextLine>
						<TextLine ID="line_22" HPOS="394" VPOS="1367" WIDTH="1609" HEIGHT="50">
							<String ID="string_208" HPOS="394" VPOS="1369" WIDTH="154" HEIGHT="36" WC="0.96" CONTENT="framstå"/><SP WIDTH="36" VPOS="1369" HPOS="548"/>
							<String ID="string_209" HPOS="584" VPOS="1373" WIDTH="120" HEIGHT="32" WC="0.96" CONTENT="såsom"/><SP WIDTH="34" VPOS="1373" HPOS="704"/>
							<String ID="string_210" HPOS="738" VPOS="1383" WIDTH="45" HEIGHT="22" WC="0.96" CONTENT="en"/><SP WIDTH="32" VPOS="1383" HPOS="783"/>
							<String ID="string_211" HPOS="815" VPOS="1369" WIDTH="229" HEIGHT="48" WC="0.95" CONTENT="felaktighet,"/><SP WIDTH="29" VPOS="1369" HPOS="1044"/>
							<String ID="string_212" HPOS="1073" VPOS="1375" WIDTH="55" HEIGHT="30" WC="0.96" CONTENT="att"/><SP WIDTH="27" VPOS="1375" HPOS="1128"/>
							<String ID="string_213" HPOS="1155" VPOS="1370" WIDTH="105" HEIGHT="34" WC="0.93" CONTENT="dessa"/><SP WIDTH="27" VPOS="1370" HPOS="1260"/>
							<String ID="string_214" HPOS="1287" VPOS="1367" WIDTH="364" HEIGHT="49" WC="0.90" CONTENT="befattningshavare"/><SP WIDTH="28" VPOS="1367" HPOS="1651"/>
							<String ID="string_215" HPOS="1679" VPOS="1369" WIDTH="13" HEIGHT="33" WC="0.66" CONTENT="1"/><SP WIDTH="28" VPOS="1369" HPOS="1692"/>
							<String ID="string_216" HPOS="1720" VPOS="1367" WIDTH="105" HEIGHT="48" WC="0.96" CONTENT="fråga"/><SP WIDTH="26" VPOS="1367" HPOS="1825"/>
							<String ID="string_217" HPOS="1851" VPOS="1380" WIDTH="59" HEIGHT="23" WC="0.93" CONTENT="om"/><SP WIDTH="28" VPOS="1380" HPOS="1910"/>
							<String ID="string_218" HPOS="1938" VPOS="1381" WIDTH="65" HEIGHT="22" WC="0.90" CONTENT="an-"/>
						</TextLine>
						<TextLine ID="line_23" HPOS="394" VPOS="1417" WIDTH="1609" HEIGHT="51">
							<String ID="string_219" HPOS="394" VPOS="1421" WIDTH="209" HEIGHT="47" WC="0.91" CONTENT="ställnings-"/><SP WIDTH="28" VPOS="1421" HPOS="603"/>
							<String ID="string_220" HPOS="631" VPOS="1421" WIDTH="68" HEIGHT="35" WC="0.93" CONTENT="och"/><SP WIDTH="33" VPOS="1421" HPOS="699"/>
							<String ID="string_221" HPOS="732" VPOS="1420" WIDTH="220" HEIGHT="36" WC="0.90" CONTENT="lönevillkor"/><SP WIDTH="28" VPOS="1420" HPOS="952"/>
							<String ID="string_222" HPOS="980" VPOS="1422" WIDTH="125" HEIGHT="45" WC="0.96" CONTENT="intaga"/><SP WIDTH="27" VPOS="1422" HPOS="1105"/>
							<String ID="string_223" HPOS="1132" VPOS="1432" WIDTH="45" HEIGHT="22" WC="0.96" CONTENT="en"/><SP WIDTH="30" VPOS="1432" HPOS="1177"/>
							<String ID="string_224" HPOS="1207" VPOS="1422" WIDTH="40" HEIGHT="32" WC="0.96" CONTENT="så"/><SP WIDTH="27" VPOS="1422" HPOS="1247"/>
							<String ID="string_225" HPOS="1274" VPOS="1419" WIDTH="200" HEIGHT="36" WC="0.96" CONTENT="avvikande"/><SP WIDTH="29" VPOS="1419" HPOS="1474"/>
							<String ID="string_226" HPOS="1503" VPOS="1419" WIDTH="177" HEIGHT="45" WC="0.96" CONTENT="ställning"/><SP WIDTH="28" VPOS="1419" HPOS="1680"/>
							<String ID="string_227" HPOS="1708" VPOS="1423" WIDTH="77" HEIGHT="30" WC="0.96" CONTENT="mot"/><SP WIDTH="29" VPOS="1423" HPOS="1785"/>
							<String ID="string_228" HPOS="1814" VPOS="1417" WIDTH="81" HEIGHT="45" WC="0.96" CONTENT="den,"/><SP WIDTH="30" VPOS="1417" HPOS="1895"/>
							<String ID="string_229" HPOS="1925" VPOS="1431" WIDTH="78" HEIGHT="22" WC="0.96" CONTENT="som"/>
						</TextLine>
						<TextLine ID="line_24" HPOS="393" VPOS="1470" WIDTH="712" HEIGHT="48">
							<String ID="string_230" HPOS="393" VPOS="1472" WIDTH="144" HEIGHT="46" WC="0.91" CONTENT="intages"/><SP WIDTH="28" VPOS="1472" HPOS="537"/>
							<String ID="string_231" HPOS="565" VPOS="1484" WIDTH="44" HEIGHT="22" WC="0.96" CONTENT="av"/><SP WIDTH="26" VPOS="1484" HPOS="609"/>
							<String ID="string_232" HPOS="635" VPOS="1471" WIDTH="190" HEIGHT="35" WC="0.96" CONTENT="städernas"/><SP WIDTH="27" VPOS="1471" HPOS="825"/>
							<String ID="string_233" HPOS="852" VPOS="1470" WIDTH="253" HEIGHT="35" WC="0.86" CONTENT="brevbärare.»"/>
						</TextLine>
					</TextBlock>
					<TextBlock ID="block_4" HPOS="392" VPOS="1518" WIDTH="1613" HEIGHT="340">
						<TextLine ID="line_25" HPOS="497" VPOS="1518" WIDTH="1505" HEIGHT="45">
							<String ID="string_234" HPOS="497" VPOS="1520" WIDTH="188" HEIGHT="36" WC="0.93" CONTENT="Utskottet"/><SP WIDTH="37" VPOS="1520" HPOS="685"/>
							<String ID="string_235" HPOS="722" VPOS="1520" WIDTH="229" HEIGHT="43" WC="0.91" CONTENT="hemställde,"/><SP WIDTH="35" VPOS="1520" HPOS="951"/>
							<String ID="string_236" HPOS="986" VPOS="1525" WIDTH="53" HEIGHT="30" WC="0.96" CONTENT="att"/><SP WIDTH="27" VPOS="1525" HPOS="1039"/>
							<String ID="string_237" HPOS="1066" VPOS="1520" WIDTH="116" HEIGHT="35" WC="0.96" CONTENT="andra"/><SP WIDTH="27" VPOS="1520" HPOS="1182"/>
							<String ID="string_238" HPOS="1209" VPOS="1520" WIDTH="212" HEIGHT="34" WC="0.96" CONTENT="kammaren"/><SP WIDTH="29" VPOS="1520" HPOS="1421"/>
							<String ID="string_239" HPOS="1450" VPOS="1522" WIDTH="111" HEIGHT="32" WC="0.96" CONTENT="måtte"/><SP WIDTH="28" VPOS="1522" HPOS="1561"/>
							<String ID="string_240" HPOS="1589" VPOS="1518" WIDTH="58" HEIGHT="35" WC="0.96" CONTENT="för"/><SP WIDTH="28" VPOS="1518" HPOS="1647"/>
							<String ID="string_241" HPOS="1675" VPOS="1519" WIDTH="57" HEIGHT="34" WC="0.96" CONTENT="sin"/><SP WIDTH="29" VPOS="1519" HPOS="1732"/>
							<String ID="string_242" HPOS="1761" VPOS="1518" WIDTH="57" HEIGHT="35" WC="0.96" CONTENT="del"/><SP WIDTH="28" VPOS="1518" HPOS="1818"/>
							<String ID="string_243" HPOS="1846" VPOS="1518" WIDTH="156" HEIGHT="44" WC="0.95" CONTENT="besluta,"/>
						</TextLine>
						<TextLine ID="line_26" HPOS="394" VPOS="1568" WIDTH="1608" HEIGHT="50">
							<String ID="string_244" HPOS="394" VPOS="1576" WIDTH="54" HEIGHT="30" WC="0.95" CONTENT="att"/><SP WIDTH="27" VPOS="1576" HPOS="448"/>
							<String ID="string_245" HPOS="475" VPOS="1570" WIDTH="196" HEIGHT="48" WC="0.96" CONTENT="riksdagen"/><SP WIDTH="29" VPOS="1570" HPOS="671"/>
							<String ID="string_246" HPOS="700" VPOS="1573" WIDTH="112" HEIGHT="32" WC="0.96" CONTENT="måtte"/><SP WIDTH="27" VPOS="1573" HPOS="812"/>
							<String ID="string_247" HPOS="839" VPOS="1571" WIDTH="13" HEIGHT="33" WC="0.96" CONTENT="i"/><SP WIDTH="27" VPOS="1571" HPOS="852"/>
							<String ID="string_248" HPOS="879" VPOS="1570" WIDTH="174" HEIGHT="35" WC="0.96" CONTENT="skrivelse"/><SP WIDTH="27" VPOS="1570" HPOS="1053"/>
							<String ID="string_249" HPOS="1080" VPOS="1570" WIDTH="58" HEIGHT="34" WC="0.96" CONTENT="till"/><SP WIDTH="29" VPOS="1570" HPOS="1138"/>
							<String ID="string_250" HPOS="1167" VPOS="1569" WIDTH="137" HEIGHT="47" WC="0.95" CONTENT="Kungl."/><SP WIDTH="20" VPOS="1569" HPOS="1304"/>
							<String ID="string_251" HPOS="1324" VPOS="1568" WIDTH="104" HEIGHT="48" WC="0.96" CONTENT="Maj:t"/><SP WIDTH="20" VPOS="1568" HPOS="1428"/>
							<String ID="string_252" HPOS="1448" VPOS="1569" WIDTH="155" HEIGHT="44" WC="0.95" CONTENT="anhålla,"/><SP WIDTH="21" VPOS="1569" HPOS="1603"/>
							<String ID="string_253" HPOS="1624" VPOS="1568" WIDTH="62" HEIGHT="35" WC="0.96" CONTENT="det"/><SP WIDTH="19" VPOS="1568" HPOS="1686"/>
							<String ID="string_254" HPOS="1705" VPOS="1569" WIDTH="138" HEIGHT="34" WC="0.96" CONTENT="täcktes"/><SP WIDTH="21" VPOS="1569" HPOS="1843"/>
							<String ID="string_255" HPOS="1864" VPOS="1568" WIDTH="138" HEIGHT="49" WC="0.96" CONTENT="Kungl."/>
						</TextLine>
						<TextLine ID="line_27" HPOS="392" VPOS="1617" WIDTH="1612" HEIGHT="52">
							<String ID="string_256" HPOS="392" VPOS="1621" WIDTH="106" HEIGHT="48" WC="0.96" CONTENT="Maj:t"/><SP WIDTH="39" VPOS="1621" HPOS="498"/>
							<String ID="string_257" HPOS="537" VPOS="1622" WIDTH="74" HEIGHT="34" WC="0.96" CONTENT="låta"/><SP WIDTH="40" VPOS="1622" HPOS="611"/>
							<String ID="string_258" HPOS="651" VPOS="1620" WIDTH="141" HEIGHT="43" WC="0.96" CONTENT="utreda,"/><SP WIDTH="39" VPOS="1620" HPOS="792"/>
							<String ID="string_259" HPOS="831" VPOS="1620" WIDTH="185" HEIGHT="36" WC="0.96" CONTENT="huruvida"/><SP WIDTH="30" VPOS="1620" HPOS="1016"/>
							<String ID="string_260" HPOS="1046" VPOS="1620" WIDTH="68" HEIGHT="35" WC="0.96" CONTENT="och"/><SP WIDTH="27" VPOS="1620" HPOS="1114"/>
							<String ID="string_261" HPOS="1141" VPOS="1620" WIDTH="13" HEIGHT="34" WC="0.96" CONTENT="i"/><SP WIDTH="27" VPOS="1620" HPOS="1154"/>
							<String ID="string_262" HPOS="1181" VPOS="1620" WIDTH="124" HEIGHT="35" WC="0.96" CONTENT="vilken"/><SP WIDTH="28" VPOS="1620" HPOS="1305"/>
							<String ID="string_263" HPOS="1333" VPOS="1620" WIDTH="260" HEIGHT="46" WC="0.96" CONTENT="utsträckning"/><SP WIDTH="26" VPOS="1620" HPOS="1593"/>
							<String ID="string_264" HPOS="1619" VPOS="1618" WIDTH="63" HEIGHT="35" WC="0.96" CONTENT="det"/><SP WIDTH="27" VPOS="1618" HPOS="1682"/>
							<String ID="string_265" HPOS="1709" VPOS="1617" WIDTH="59" HEIGHT="37" WC="0.93" CONTENT="för"/><SP WIDTH="27" VPOS="1617" HPOS="1768"/>
							<String ID="string_266" HPOS="1795" VPOS="1618" WIDTH="209" HEIGHT="36" WC="0.91" CONTENT="brefbärin-"/>
						</TextLine>
						<TextLine ID="line_28" HPOS="393" VPOS="1668" WIDTH="1611" HEIGHT="51">
							<String ID="string_267" HPOS="393" VPOS="1684" WIDTH="90" HEIGHT="35" WC="0.96" CONTENT="gens"/><SP WIDTH="29" VPOS="1684" HPOS="483"/>
							<String ID="string_268" HPOS="512" VPOS="1671" WIDTH="190" HEIGHT="36" WC="0.96" CONTENT="ordnande"/><SP WIDTH="33" VPOS="1671" HPOS="702"/>
							<String ID="string_269" HPOS="735" VPOS="1670" WIDTH="167" HEIGHT="36" WC="0.91" CONTENT="använda"/><SP WIDTH="28" VPOS="1670" HPOS="902"/>
							<String ID="string_270" HPOS="930" VPOS="1670" WIDTH="384" HEIGHT="48" WC="0.91" CONTENT="entreprenadsystem"/><SP WIDTH="28" VPOS="1670" HPOS="1314"/>
							<String ID="string_271" HPOS="1342" VPOS="1669" WIDTH="125" HEIGHT="35" WC="0.96" CONTENT="kunde"/><SP WIDTH="28" VPOS="1669" HPOS="1467"/>
							<String ID="string_272" HPOS="1495" VPOS="1669" WIDTH="190" HEIGHT="43" WC="0.96" CONTENT="avskaffas,"/><SP WIDTH="30" VPOS="1669" HPOS="1685"/>
							<String ID="string_273" HPOS="1715" VPOS="1669" WIDTH="147" HEIGHT="36" WC="0.96" CONTENT="särskilt"/><SP WIDTH="25" VPOS="1669" HPOS="1862"/>
							<String ID="string_274" HPOS="1887" VPOS="1671" WIDTH="12" HEIGHT="33" WC="0.92" CONTENT="i"/><SP WIDTH="29" VPOS="1671" HPOS="1899"/>
							<String ID="string_275" HPOS="1928" VPOS="1668" WIDTH="76" HEIGHT="37" WC="0.92" CONTENT="för-"/>
						</TextLine>
						<TextLine ID="line_29" HPOS="393" VPOS="1719" WIDTH="1611" HEIGHT="49">
							<String ID="string_276" HPOS="393" VPOS="1721" WIDTH="118" HEIGHT="36" WC="0.92" CONTENT="stads-"/><SP WIDTH="40" VPOS="1721" HPOS="511"/>
							<String ID="string_277" HPOS="551" VPOS="1722" WIDTH="67" HEIGHT="35" WC="0.96" CONTENT="och"/><SP WIDTH="41" VPOS="1722" HPOS="618"/>
							<String ID="string_278" HPOS="659" VPOS="1721" WIDTH="115" HEIGHT="35" WC="0.93" CONTENT="andra"/><SP WIDTH="39" VPOS="1721" HPOS="774"/>
							<String ID="string_279" HPOS="813" VPOS="1720" WIDTH="271" HEIGHT="36" WC="0.89" CONTENT="stadsliknande"/><SP WIDTH="36" VPOS="1720" HPOS="1084"/>
							<String ID="string_280" HPOS="1120" VPOS="1720" WIDTH="204" HEIGHT="36" WC="0.80" CONTENT="samhällen"/><SP WIDTH="27" VPOS="1720" HPOS="1324"/>
							<String ID="string_281" HPOS="1351" VPOS="1720" WIDTH="69" HEIGHT="35" WC="0.96" CONTENT="och"/><SP WIDTH="28" VPOS="1720" HPOS="1420"/>
							<String ID="string_282" HPOS="1448" VPOS="1719" WIDTH="65" HEIGHT="35" WC="0.93" CONTENT="där"/><SP WIDTH="25" VPOS="1719" HPOS="1513"/>
							<String ID="string_283" HPOS="1538" VPOS="1719" WIDTH="274" HEIGHT="48" WC="0.92" CONTENT="brevbäringen"/><SP WIDTH="27" VPOS="1719" HPOS="1812"/>
							<String ID="string_284" HPOS="1839" VPOS="1724" WIDTH="165" HEIGHT="44" WC="0.92" CONTENT="upptoge"/>
						</TextLine>
						<TextLine ID="line_30" HPOS="393" VPOS="1769" WIDTH="1612" HEIGHT="49">
							<String ID="string_285" HPOS="393" VPOS="1777" WIDTH="136" HEIGHT="31" WC="0.96" CONTENT="största"/><SP WIDTH="27" VPOS="1777" HPOS="529"/>
							<String ID="string_286" HPOS="556" VPOS="1771" WIDTH="107" HEIGHT="36" WC="0.95" CONTENT="delen"/><SP WIDTH="19" VPOS="1771" HPOS="663"/>
							<String ID="string_287" HPOS="682" VPOS="1785" WIDTH="43" HEIGHT="21" WC="0.93" CONTENT="av"/><SP WIDTH="19" VPOS="1785" HPOS="725"/>
							<String ID="string_288" HPOS="744" VPOS="1771" WIDTH="260" HEIGHT="36" WC="0.91" CONTENT="brevbärarens"/><SP WIDTH="19" VPOS="1771" HPOS="1004"/>
							<String ID="string_289" HPOS="1023" VPOS="1770" WIDTH="64" HEIGHT="46" WC="0.96" CONTENT="tid,"/><SP WIDTH="19" VPOS="1770" HPOS="1087"/>
							<String ID="string_290" HPOS="1106" VPOS="1776" WIDTH="95" HEIGHT="30" WC="0.96" CONTENT="samt"/><SP WIDTH="18" VPOS="1776" HPOS="1201"/>
							<String ID="string_291" HPOS="1219" VPOS="1770" WIDTH="150" HEIGHT="48" WC="0.96" CONTENT="vidtaga"/><SP WIDTH="19" VPOS="1770" HPOS="1369"/>
							<String ID="string_292" HPOS="1388" VPOS="1769" WIDTH="45" HEIGHT="36" WC="0.96" CONTENT="de"/><SP WIDTH="19" VPOS="1769" HPOS="1433"/>
							<String ID="string_293" HPOS="1452" VPOS="1770" WIDTH="180" HEIGHT="47" WC="0.95" CONTENT="åtgärder,"/><SP WIDTH="21" VPOS="1770" HPOS="1632"/>
							<String ID="string_294" HPOS="1653" VPOS="1782" WIDTH="78" HEIGHT="23" WC="0.96" CONTENT="som"/><SP WIDTH="20" VPOS="1782" HPOS="1731"/>
							<String ID="string_295" HPOS="1751" VPOS="1771" WIDTH="112" HEIGHT="35" WC="0.96" CONTENT="härav"/><SP WIDTH="18" VPOS="1771" HPOS="1863"/>
							<String ID="string_296" HPOS="1881" VPOS="1769" WIDTH="124" HEIGHT="37" WC="0.96" CONTENT="kunde"/>
						</TextLine>
						<TextLine ID="line_31" HPOS="393" VPOS="1822" WIDTH="218" HEIGHT="36">
							<String ID="string_297" HPOS="393" VPOS="1822" WIDTH="218" HEIGHT="36" WC="0.91" CONTENT="föranledas."/>
						</TextLine>
					</TextBlock>
					<TextBlock ID="block_5" HPOS="392" VPOS="1870" WIDTH="1612" HEIGHT="138">
						<TextLine ID="line_32" HPOS="494" VPOS="1870" WIDTH="1510" HEIGHT="50">
							<String ID="string_298" HPOS="494" VPOS="1873" WIDTH="16" HEIGHT="35" WC="0.93" CONTENT="I"/><SP WIDTH="28" VPOS="1873" HPOS="510"/>
							<String ID="string_299" HPOS="538" VPOS="1873" WIDTH="154" HEIGHT="47" WC="0.93" CONTENT="avgiven"/><SP WIDTH="27" VPOS="1873" HPOS="692"/>
							<String ID="string_300" HPOS="719" VPOS="1872" WIDTH="223" HEIGHT="35" WC="0.96" CONTENT="reservation"/><SP WIDTH="28" VPOS="1872" HPOS="942"/>
							<String ID="string_301" HPOS="970" VPOS="1870" WIDTH="207" HEIGHT="36" WC="0.96" CONTENT="förklarade"/><SP WIDTH="19" VPOS="1870" HPOS="1177"/>
							<String ID="string_302" HPOS="1196" VPOS="1871" WIDTH="58" HEIGHT="47" WC="0.95" CONTENT="sig"/><SP WIDTH="19" VPOS="1871" HPOS="1254"/>
							<String ID="string_303" HPOS="1273" VPOS="1883" WIDTH="45" HEIGHT="23" WC="0.96" CONTENT="en"/><SP WIDTH="19" VPOS="1883" HPOS="1318"/>
							<String ID="string_304" HPOS="1337" VPOS="1870" WIDTH="163" HEIGHT="36" WC="0.96" CONTENT="ledamot"/><SP WIDTH="18" VPOS="1870" HPOS="1500"/>
							<String ID="string_305" HPOS="1518" VPOS="1884" WIDTH="45" HEIGHT="22" WC="0.96" CONTENT="av"/><SP WIDTH="19" VPOS="1884" HPOS="1563"/>
							<String ID="string_306" HPOS="1582" VPOS="1871" WIDTH="180" HEIGHT="36" WC="0.96" CONTENT="utskottet"/><SP WIDTH="19" VPOS="1871" HPOS="1762"/>
							<String ID="string_307" HPOS="1781" VPOS="1871" WIDTH="78" HEIGHT="35" WC="0.96" CONTENT="icke"/><SP WIDTH="18" VPOS="1871" HPOS="1859"/>
							<String ID="string_308" HPOS="1877" VPOS="1871" WIDTH="127" HEIGHT="35" WC="0.96" CONTENT="kunna"/>
						</TextLine>
						<TextLine ID="line_33" HPOS="392" VPOS="1920" WIDTH="1612" HEIGHT="49">
							<String ID="string_309" HPOS="392" VPOS="1923" WIDTH="146" HEIGHT="35" WC="0.96" CONTENT="biträda"/><SP WIDTH="36" VPOS="1923" HPOS="538"/>
							<String ID="string_310" HPOS="574" VPOS="1923" WIDTH="200" HEIGHT="35" WC="0.96" CONTENT="utskottets"/><SP WIDTH="32" VPOS="1923" HPOS="774"/>
							<String ID="string_311" HPOS="806" VPOS="1922" WIDTH="218" HEIGHT="35" WC="0.96" CONTENT="hemställan"/><SP WIDTH="28" VPOS="1922" HPOS="1024"/>
							<String ID="string_312" HPOS="1052" VPOS="1923" WIDTH="109" HEIGHT="34" WC="0.96" CONTENT="såvitt"/><SP WIDTH="27" VPOS="1923" HPOS="1161"/>
							<String ID="string_313" HPOS="1188" VPOS="1921" WIDTH="213" HEIGHT="35" WC="0.93" CONTENT="densamma"/><SP WIDTH="27" VPOS="1921" HPOS="1401"/>
							<String ID="string_314" HPOS="1428" VPOS="1924" WIDTH="130" HEIGHT="45" WC="0.90" CONTENT="avsåge"/><SP WIDTH="27" VPOS="1924" HPOS="1558"/>
							<String ID="string_315" HPOS="1585" VPOS="1922" WIDTH="114" HEIGHT="35" WC="0.95" CONTENT="andra"/><SP WIDTH="27" VPOS="1922" HPOS="1699"/>
							<String ID="string_316" HPOS="1726" VPOS="1927" WIDTH="99" HEIGHT="30" WC="0.95" CONTENT="orter"/><SP WIDTH="27" VPOS="1927" HPOS="1825"/>
							<String ID="string_317" HPOS="1852" VPOS="1928" WIDTH="46" HEIGHT="28" WC="0.93" CONTENT="än"/><SP WIDTH="28" VPOS="1928" HPOS="1898"/>
							<String ID="string_318" HPOS="1926" VPOS="1920" WIDTH="78" HEIGHT="36" WC="0.92" CONTENT="för-"/>
						</TextLine>
						<TextLine ID="line_34" HPOS="394" VPOS="1971" WIDTH="908" HEIGHT="37">
							<String ID="string_319" HPOS="394" VPOS="1973" WIDTH="124" HEIGHT="35" WC="0.96" CONTENT="städer"/><SP WIDTH="28" VPOS="1973" HPOS="518"/>
							<String ID="string_320" HPOS="546" VPOS="1973" WIDTH="68" HEIGHT="34" WC="0.96" CONTENT="och"/><SP WIDTH="29" VPOS="1973" HPOS="614"/>
							<String ID="string_321" HPOS="643" VPOS="1972" WIDTH="116" HEIGHT="35" WC="0.93" CONTENT="andra"/><SP WIDTH="27" VPOS="1972" HPOS="759"/>
							<String ID="string_322" HPOS="786" VPOS="1971" WIDTH="274" HEIGHT="36" WC="0.92" CONTENT="stadsliknande"/><SP WIDTH="28" VPOS="1971" HPOS="1060"/>
							<String ID="string_323" HPOS="1088" VPOS="1972" WIDTH="214" HEIGHT="35" WC="0.62" CONTENT="samhällen."/>
						</TextLine>
					</TextBlock>
					<TextBlock ID="block_6" HPOS="392" VPOS="2021" WIDTH="1613" HEIGHT="150">
						<TextLine ID="line_35" HPOS="494" VPOS="2021" WIDTH="1510" HEIGHT="45">
							<String ID="string_324" HPOS="494" VPOS="2023" WIDTH="127" HEIGHT="35" WC="0.96" CONTENT="Andra"/><SP WIDTH="40" VPOS="2023" HPOS="621"/>
							<String ID="string_325" HPOS="661" VPOS="2023" WIDTH="214" HEIGHT="35" WC="0.95" CONTENT="kammaren"/><SP WIDTH="40" VPOS="2023" HPOS="875"/>
							<String ID="string_326" HPOS="915" VPOS="2022" WIDTH="106" HEIGHT="36" WC="0.96" CONTENT="biföll"/><SP WIDTH="28" VPOS="2022" HPOS="1021"/>
							<String ID="string_327" HPOS="1049" VPOS="2023" WIDTH="198" HEIGHT="35" WC="0.96" CONTENT="utskottets"/><SP WIDTH="28" VPOS="2023" HPOS="1247"/>
							<String ID="string_328" HPOS="1275" VPOS="2022" WIDTH="230" HEIGHT="44" WC="0.96" CONTENT="hemställan,"/><SP WIDTH="28" VPOS="2022" HPOS="1505"/>
							<String ID="string_329" HPOS="1533" VPOS="2021" WIDTH="160" HEIGHT="36" WC="0.96" CONTENT="varefter"/><SP WIDTH="28" VPOS="2021" HPOS="1693"/>
							<String ID="string_330" HPOS="1721" VPOS="2022" WIDTH="151" HEIGHT="35" WC="0.93" CONTENT="ärendet"/><SP WIDTH="27" VPOS="2022" HPOS="1872"/>
							<String ID="string_331" HPOS="1899" VPOS="2028" WIDTH="105" HEIGHT="29" WC="0.92" CONTENT="över-"/>
						</TextLine>
						<TextLine ID="line_36" HPOS="392" VPOS="2071" WIDTH="1613" HEIGHT="46">
							<String ID="string_332" HPOS="392" VPOS="2073" WIDTH="188" HEIGHT="36" WC="0.96" CONTENT="lämnades"/><SP WIDTH="39" VPOS="2073" HPOS="580"/>
							<String ID="string_333" HPOS="619" VPOS="2073" WIDTH="58" HEIGHT="35" WC="0.94" CONTENT="till"/><SP WIDTH="38" VPOS="2073" HPOS="677"/>
							<String ID="string_334" HPOS="715" VPOS="2071" WIDTH="116" HEIGHT="37" WC="0.94" CONTENT="första"/><SP WIDTH="39" VPOS="2071" HPOS="831"/>
							<String ID="string_335" HPOS="870" VPOS="2073" WIDTH="222" HEIGHT="44" WC="0.95" CONTENT="kammaren,"/><SP WIDTH="42" VPOS="2073" HPOS="1092"/>
							<String ID="string_336" HPOS="1134" VPOS="2085" WIDTH="79" HEIGHT="23" WC="0.96" CONTENT="som"/><SP WIDTH="41" VPOS="2085" HPOS="1213"/>
							<String ID="string_337" HPOS="1254" VPOS="2072" WIDTH="198" HEIGHT="36" WC="0.96" CONTENT="hänvisade"/><SP WIDTH="27" VPOS="2072" HPOS="1452"/>
							<String ID="string_338" HPOS="1479" VPOS="2072" WIDTH="203" HEIGHT="36" WC="0.95" CONTENT="detsamma"/><SP WIDTH="26" VPOS="2072" HPOS="1682"/>
							<String ID="string_339" HPOS="1708" VPOS="2073" WIDTH="60" HEIGHT="34" WC="0.95" CONTENT="till"/><SP WIDTH="28" VPOS="2073" HPOS="1768"/>
							<String ID="string_340" HPOS="1796" VPOS="2072" WIDTH="65" HEIGHT="36" WC="0.96" CONTENT="sitt"/><SP WIDTH="26" VPOS="2072" HPOS="1861"/>
							<String ID="string_341" HPOS="1887" VPOS="2071" WIDTH="118" HEIGHT="37" WC="0.96" CONTENT="första"/>
						</TextLine>
						<TextLine ID="line_37" HPOS="392" VPOS="2123" WIDTH="369" HEIGHT="48">
							<String ID="string_342" HPOS="392" VPOS="2123" WIDTH="189" HEIGHT="48" WC="0.96" CONTENT="tillfälliga"/><SP WIDTH="28" VPOS="2123" HPOS="581"/>
							<String ID="string_343" HPOS="609" VPOS="2124" WIDTH="152" HEIGHT="35" WC="0.96" CONTENT="utskott."/>
						</TextLine>
					</TextBlock>
					<TextBlock ID="block_7" HPOS="392" VPOS="2172" WIDTH="1610" HEIGHT="151">
						<TextLine ID="line_38" HPOS="493" VPOS="2172" WIDTH="1508" HEIGHT="49">
							<String ID="string_344" HPOS="493" VPOS="2174" WIDTH="110" HEIGHT="35" WC="0.96" CONTENT="Detta"/><SP WIDTH="40" VPOS="2174" HPOS="603"/>
							<String ID="string_345" HPOS="643" VPOS="2175" WIDTH="143" HEIGHT="34" WC="0.96" CONTENT="utskott"/><SP WIDTH="39" VPOS="2175" HPOS="786"/>
							<String ID="string_346" HPOS="825" VPOS="2174" WIDTH="71" HEIGHT="35" WC="0.96" CONTENT="fick"/><SP WIDTH="38" VPOS="2174" HPOS="896"/>
							<String ID="string_347" HPOS="934" VPOS="2173" WIDTH="82" HEIGHT="36" WC="0.93" CONTENT="från"/><SP WIDTH="27" VPOS="2173" HPOS="1016"/>
							<String ID="string_348" HPOS="1043" VPOS="2178" WIDTH="26" HEIGHT="30" WC="0.89" CONTENT="t."/><SP WIDTH="30" VPOS="2178" HPOS="1069"/>
							<String ID="string_349" HPOS="1099" VPOS="2172" WIDTH="24" HEIGHT="37" WC="0.86" CONTENT="f."/><SP WIDTH="28" VPOS="2172" HPOS="1123"/>
							<String ID="string_350" HPOS="1151" VPOS="2173" WIDTH="251" HEIGHT="35" WC="0.96" CONTENT="sekreteraren"/><SP WIDTH="27" VPOS="2173" HPOS="1402"/>
							<String ID="string_351" HPOS="1429" VPOS="2174" WIDTH="13" HEIGHT="34" WC="0.91" CONTENT="i"/><SP WIDTH="28" VPOS="2174" HPOS="1442"/>
							<String ID="string_352" HPOS="1470" VPOS="2174" WIDTH="419" HEIGHT="47" WC="0.91" CONTENT="generalpoststyrelsen"/><SP WIDTH="26" VPOS="2174" HPOS="1889"/>
							<String ID="string_353" HPOS="1915" VPOS="2172" WIDTH="86" HEIGHT="36" WC="0.96" CONTENT="Joh."/>
						</TextLine>
						<TextLine ID="line_39" HPOS="392" VPOS="2222" WIDTH="1610" HEIGHT="50">
							<String ID="string_354" HPOS="392" VPOS="2225" WIDTH="124" HEIGHT="45" WC="0.93" CONTENT="Enger"/><SP WIDTH="27" VPOS="2225" HPOS="516"/>
							<String ID="string_355" HPOS="543" VPOS="2229" WIDTH="185" HEIGHT="42" WC="0.92" CONTENT="emottaga"/><SP WIDTH="28" VPOS="2229" HPOS="728"/>
							<String ID="string_356" HPOS="756" VPOS="2237" WIDTH="45" HEIGHT="23" WC="0.96" CONTENT="en"/><SP WIDTH="28" VPOS="2237" HPOS="801"/>
							<String ID="string_357" HPOS="829" VPOS="2224" WIDTH="246" HEIGHT="48" WC="0.96" CONTENT="promemoria"/><SP WIDTH="26" VPOS="2224" HPOS="1075"/>
							<String ID="string_358" HPOS="1101" VPOS="2224" WIDTH="13" HEIGHT="35" WC="0.96" CONTENT="i"/><SP WIDTH="27" VPOS="2224" HPOS="1114"/>
							<String ID="string_359" HPOS="1141" VPOS="2228" WIDTH="135" HEIGHT="39" WC="0.96" CONTENT="ämnet,"/><SP WIDTH="28" VPOS="2228" HPOS="1276"/>
							<String ID="string_360" HPOS="1304" VPOS="2224" WIDTH="123" HEIGHT="34" WC="0.96" CONTENT="vilken"/><SP WIDTH="27" VPOS="2224" HPOS="1427"/>
							<String ID="string_361" HPOS="1454" VPOS="2224" WIDTH="117" HEIGHT="35" WC="0.93" CONTENT="finnes"/><SP WIDTH="24" VPOS="2224" HPOS="1571"/>
							<String ID="string_362" HPOS="1595" VPOS="2222" WIDTH="111" HEIGHT="48" WC="0.92" CONTENT="fogad"/><SP WIDTH="19" VPOS="2222" HPOS="1706"/>
							<String ID="string_363" HPOS="1725" VPOS="2223" WIDTH="63" HEIGHT="35" WC="0.96" CONTENT="vid"/><SP WIDTH="19" VPOS="2223" HPOS="1788"/>
							<String ID="string_364" HPOS="1807" VPOS="2224" WIDTH="195" HEIGHT="35" WC="0.96" CONTENT="utskottets"/>
						</TextLine>
						<TextLine ID="line_40" HPOS="393" VPOS="2272" WIDTH="1079" HEIGHT="51">
							<String ID="string_365" HPOS="393" VPOS="2274" WIDTH="80" HEIGHT="35" WC="0.96" CONTENT="däri"/><SP WIDTH="28" VPOS="2274" HPOS="473"/>
							<String ID="string_366" HPOS="501" VPOS="2274" WIDTH="156" HEIGHT="48" WC="0.95" CONTENT="avgivna"/><SP WIDTH="28" VPOS="2274" HPOS="657"/>
							<String ID="string_367" HPOS="685" VPOS="2274" WIDTH="192" HEIGHT="36" WC="0.96" CONTENT="utlåtande"/><SP WIDTH="28" VPOS="2274" HPOS="877"/>
							<String ID="string_368" HPOS="905" VPOS="2272" WIDTH="60" HEIGHT="47" WC="0.95" CONTENT="(nr"/><SP WIDTH="29" VPOS="2272" HPOS="965"/>
							<String ID="string_369" HPOS="994" VPOS="2272" WIDTH="46" HEIGHT="47" WC="0.96" CONTENT="9)."/><SP WIDTH="55" VPOS="2272" HPOS="1040"/>
							<String ID="string_370" HPOS="1095" VPOS="2274" WIDTH="189" HEIGHT="36" WC="0.96" CONTENT="Utskottet"/><SP WIDTH="26" VPOS="2274" HPOS="1284"/>
							<String ID="string_371" HPOS="1310" VPOS="2273" WIDTH="162" HEIGHT="50" WC="0.96" CONTENT="yttrade:"/>
						</TextLine>
					</TextBlock>
				</ComposedBlock>
			</PrintSpace>
		</Page>
	</Layout>
</alto>
