2186 2628
409 213 17 28 2
639 213 104 28 Andra
765 213 197 30 Kammarens
987 214 159 39 Tillfälliga
1176 215 125 30 Utskotts
1324 213 72 41 (N:o
1419 215 34 38 2)
1480 215 150 29 Utlåtande
1653 216 57 28 N:o
1735 216 47 28 18.

408 294 88 30 utan
536 289 234 47 vederbörlig
809 291 172 36 tillåtelse
1020 293 201 36 utskänker
1256 293 60 36 vin
1356 293 67 35 och
1455 292 257 49 maltdrycker,
1740 292 66 36 och
1837 305 78 23 som
1943 291 61 37 vid

408 340 70 36 den
517 341 63 43 tid,
622 340 47 36 då
708 340 263 49 förordningen
1011 343 88 48 gafs,
1141 344 174 45 möjligen
1352 343 122 36 kunde
1501 355 102 24 anses
1631 356 74 35 nog
1732 342 273 43 afskräckande,

407 403 50 23 nu
501 391 151 36 alldeles
691 392 78 36 icke
809 399 64 29 äro
914 393 217 47 tillräckligt
1171 393 182 37 effektiva.
1411 393 118 36 Bland
1571 399 114 30 annat
1723 394 67 35 har
1830 394 176 45 penning-

407 441 144 37 värdets
587 443 246 47 oupphörliga
871 444 205 45 sjunkande
1112 445 161 46 bidragit
1307 445 67 44 till,
1402 450 54 30 att
1483 446 70 35 200
1582 445 154 35 kronors
1763 445 106 36 böter
1896 457 49 23 nu
1974 445 30 47 ej

407 492 123 36 kunde
564 493 187 36 betraktas
787 493 119 37 såsom
943 495 74 35 lika
1052 501 144 40 strängt
1216 495 122 45 straff,
1366 508 77 23 som
1471 495 101 36 detta
1598 496 134 45 belopp
1760 495 131 45 ansågs
1918 508 88 23 vara

408 548 50 30 ett
483 556 67 33 par
576 544 107 35 tiotal
710 543 39 36 år
774 545 166 35 tillbaka.
984 545 114 37 Dessa
1124 547 378 36 bötesbestimmelser
1528 547 128 34 kunna
1683 545 125 47 derför
1825 559 52 22 nu
1897 546 109 45 knap-

407 599 81 42 past
527 607 105 23 anses
672 600 112 30 annat
824 602 46 28 än
911 608 78 23 som
1029 602 53 30 ett
1123 598 96 46 slags
1267 597 446 45 »>high-license»-system.
1766 595 240 37 Atminstone

406 645 126 47 tyckas
573 646 92 35 ölets
705 645 67 36 och
812 647 119 35 vinets
970 647 220 46 lönkrögare
1230 647 172 47 uppfatta
1442 648 109 35 saken
1587 647 53 41 så;
1675 653 40 43 ty
1747 648 97 35 huru
1872 647 134 47 många

407 694 136 47 gånger
584 696 185 46 åtskilliga
808 696 42 36 af
888 696 82 37 dem
1010 705 46 29 än
1092 698 61 36 må
1188 698 182 46 bötfällas,
1397 698 38 35 så
1462 697 154 37 fortfara
1643 698 44 37 de
1714 698 95 36 ändå
1836 704 55 30 att
1917 698 90 48 sälja

405 745 249 50 rusdrycker.»>

505 796 87 37 Som
629 799 52 34 en
709 798 224 36 illustration
968 798 116 47 härpå
1119 799 106 36 anför
1256 800 240 44 motionären,
1529 805 75 30 »att
1631 813 43 23 en
1702 799 40 36 af
1766 800 44 36 de
1838 800 168 47 qvinnor,

407 860 77 23 som
511 848 11 34 i
549 846 213 38 Stockholm
802 849 89 35 idka
931 850 125 47 oloflig
1097 850 253 47 utskänkning
1386 849 41 37 af
1460 851 35 35 öl
1531 850 68 36 och
1627 851 72 44 vin,
1727 851 67 35 har
1822 850 120 36 dömts
1970 850 41 36 af

407 898 303 46 polisdomstolen
737 899 78 36 icke
841 900 145 36 mindre
1013 908 46 27 än
1087 901 172 47 tjugusex
1286 901 140 46 gånger
1443 902 55 35 till
1521 901 115 45 böter,
1656 901 67 36 och
1742 902 114 35 likväl
1874 900 133 37 fortfar

407 949 73 35 hon
516 949 84 36 med
637 950 55 35 sin
726 949 350 47 förderfbringande
1104 952 438 47 utskänkningsrörelse>,
1570 952 166 48 tydligen
1764 952 242 36 betraktande

407 999 153 36 böterna
593 1000 117 36 »blott
736 1013 79 23 som
842 1007 53 30 ett
922 1002 94 45 slags
1044 1002 99 35 skatt
1168 1002 47 46 på
1242 1002 137 36 hennes
1406 1003 124 47 yrke».

512 1050 85 36 »Att
638 1051 249 46 lönkrögeriet
927 1059 40 28 är
1006 1065 44 23 en
1091 1053 144 46 verklig
1270 1053 252 48 landsplåga»,
1550 1052 188 37 fortsätter
1765 1053 85 45 han,
1883 1053 123 36 »torde

407 1113 44 23 en
487 1101 91 36 hvar
611 1102 87 44 inse,
726 1102 66 35 och
820 1107 55 30 att
902 1102 61 36 det
988 1102 147 37 utöfvas
1158 1103 11 35 i
1197 1104 141 47 ganska
1365 1109 76 30 stor
1467 1104 253 46 utsträckning
1746 1104 44 46 på
1822 1104 183 46 åtskilliga

407 1152 129 35 ställen
562 1153 12 35 i
602 1151 82 37 vårt
711 1152 97 45 land,
836 1153 106 36 torde
968 1153 176 37 likaledes
1171 1167 90 22 vara
1287 1155 166 35 bekant.»
1502 1155 131 35 Denna
1660 1155 148 45 olofliga
1834 1156 172 35 utskänk-

407 1203 245 45 ningsrörelse
696 1203 126 45 skulle,
868 1204 114 45 enligt
1024 1204 93 36 hans
1156 1204 252 45 förmenande,
1448 1205 221 36 åtminstone
1708 1206 12 35 i
1759 1205 120 46 någon
1922 1205 83 37 mån

406 1253 174 44 hämmas,
609 1266 61 23 om
696 1254 387 47 lagbestämmelserna
1111 1255 173 48 skärptes.
1337 1254 77 38 Och
1444 1256 71 35 han
1544 1268 115 33 anser,
1691 1261 53 31 att
1771 1256 45 37 de
1844 1256 47 36 då
1917 1258 90 35 böra

407 1303 103 48 höjas
535 1304 59 36 till
621 1304 112 36 minst
759 1305 63 35 sitt
850 1305 140 37 dubbla
1016 1306 216 36 nuvarande
1258 1307 147 47 belopp.

506 1354 52 36 På
584 1355 123 45 grund
734 1354 40 37 af
796 1355 101 37 hvad
925 1356 71 36 han
1025 1356 156 36 sålunda
1208 1356 131 45 anfört,
1367 1357 212 36 hemställer
1605 1357 84 45 han,

507 1411 54 30 att
595 1405 210 48 Riksdagen
842 1407 190 46 behagade
1067 1407 67 36 hos
1171 1407 132 46 Kongl.
1339 1407 100 47 Maj:t
1475 1408 135 45 begära
1644 1408 109 36 sådan
1784 1408 158 47 ändring
1968 1408 41 36 af

407 1452 18 49 $
456 1457 41 34 12
525 1469 112 23 mom.
669 1458 16 33 1
714 1457 12 35 i
753 1456 134 47 Kongl.
906 1457 117 47 Maj:ts
1041 1457 136 47 nådiga
1194 1457 220 47 förordning
1433 1458 191 48 angående
1641 1458 219 49 försäljning
1879 1459 40 36 af
1932 1460 74 45 vin,

407 1506 260 50 maltdrycker,
704 1507 138 36 kokadt
878 1508 98 36 kaffe
1007 1508 66 37 och
1102 1509 117 36 andra
1245 1509 186 46 tillagade,
1457 1510 79 36 icke
1564 1510 196 46 spirituösa
1786 1510 156 49 drycker
1968 1510 41 36 af

408 1557 69 36 den
507 1561 43 33 24
580 1558 155 36 oktober
764 1561 105 42 1885,
899 1564 55 30 att
980 1559 70 36 den
1077 1559 114 37 måtte
1217 1559 38 37 få
1280 1560 165 46 följande
1472 1560 152 45 lydelse:

511 1612 27 31 1.
591 1608 91 45 Den,
709 1621 78 23 som
814 1614 91 31 utan
934 1614 54 32 att
1013 1609 113 37 hafva
1153 1612 11 34 i
1192 1611 155 46 stadgad
1375 1611 158 46 ordning
1561 1611 124 37 dertill
1711 1611 147 36 erhållit
1885 1612 120 46 rättig-

407 1658 70 45 het,
504 1659 12 34 i
543 1659 81 35 stad
653 1659 87 36 eller
764 1658 47 48 på
839 1660 127 36 landet
992 1661 199 37 utskänker
1218 1662 62 35 vin
1308 1662 91 35 eller
1425 1662 249 44 maltdrycker
1701 1663 88 35 eller
1814 1662 48 47 på
1881 1662 126 37 landet

406 1709 107 35 idkar
547 1708 219 50 försäljning
798 1709 43 36 af
863 1711 62 35 vin
954 1711 87 36 eller
1067 1712 253 49 maltdrycker
1346 1711 58 36 för
1431 1711 236 47 afhemtning
1693 1713 58 35 till
1778 1712 144 37 mindre
1948 1714 59 36 be-

408 1760 88 46 lopp
524 1767 46 28 än
598 1760 53 35 tio
679 1761 82 35 liter
788 1761 89 36 eller
904 1761 167 49 kringför
1099 1762 69 36 och
1194 1762 169 48 försäljer
1390 1762 133 37 sådana
1550 1763 157 45 drycker
1724 1764 58 35 till
1800 1764 143 36 mindre
1961 1772 46 28 än

406 1810 160 36 nämnda
592 1811 146 46 belopp,
765 1812 85 36 böte
876 1811 116 37 första
1018 1812 144 47 gången
1183 1813 95 49 från
1306 1814 60 35 och
1388 1815 79 34 med
1487 1814 45 36 tio
1552 1814 54 35 till
1625 1814 59 36 och
1704 1815 79 35 med
1801 1821 46 29 ett
1865 1815 140 36 hundra

407 1861 129 36 kronor
563 1861 70 36 och
660 1861 117 36 andra
801 1862 147 46 gången
968 1863 95 48 från
1092 1870 46 29 ett
1164 1864 142 35 hundra
1335 1864 56 35 till
1417 1865 59 35 och
1504 1865 79 35 med
1611 1864 60 36 två
1695 1865 143 35 hundra
1865 1865 139 37 kronor.

407 1910 90 37 Sker
523 1911 62 37 det
610 1912 117 47 tredje
752 1912 146 49 gången
926 1914 88 35 eller
1040 1913 129 46 oftare,
1196 1927 87 23 vare
1310 1915 66 35 bot
1396 1915 93 48 från
1518 1916 61 35 två
1605 1915 142 35 hundra
1767 1916 53 35 till
1848 1916 59 36 och
1927 1917 79 35 med

399 1961 90 48 fyra
516 1963 142 35 hundra
686 1963 135 36 kronor.
861 1962 80 38 Har
965 1963 230 47 förbrytelse,
1222 1965 157 36 hvarom
1399 1979 50 22 nu
1468 1972 40 29 är
1527 1965 117 46 sagdt,
1671 1966 95 36 skett
1784 1966 20 36 å
1822 1973 79 29 sön-
1920 1967 88 36 eller

407 2012 187 46 helgedag,
623 2014 87 35 ökas
738 2013 143 37 straffet
907 2014 83 36 med
1009 2015 107 36 böter
1125 2015 93 48 från
1238 2016 59 35 och
1317 2017 81 34 med
1416 2017 45 35 tio
1482 2016 52 36 till
1554 2016 60 36 och
1635 2018 78 34 med
1728 2017 122 46 femtio
1868 2017 138 36 kronor.

507 2062 112 37 Idkar
654 2064 121 46 någon
811 2064 114 37 sådan
956 2064 230 48 försäljning,
1213 2078 79 23 som
1319 2066 11 35 i
1359 2064 18 47 $
1407 2068 20 34 8
1457 2074 38 28 är
1521 2066 148 46 nämnd,
1696 2072 90 30 utan
1815 2072 55 30 att
1896 2067 110 37 hafva

407 2113 125 36 derom
568 2115 100 45 gjort
703 2116 174 35 anmälan
913 2115 87 36 eller
1035 2116 124 36 dertill
1196 2116 146 36 erhållit
1368 2117 177 45 tillstånd,
1573 2117 91 36 efter
1690 2130 77 23 som
1795 2116 58 36 för
1880 2118 126 48 hvarje

406 2163 67 37 fall
499 2172 39 27 är
565 2165 181 46 stadgadt,
774 2167 89 35 eller
890 2165 246 38 öfverskrider
1156 2167 121 46 någon
1298 2166 70 36 den
1387 2168 174 45 rättighet
1578 2169 59 34 till
1656 2167 112 36 sådan
1789 2167 217 50 försäljning

407 2215 88 35 eller
520 2215 57 35 till
605 2216 253 47 utskänkning
885 2215 42 37 af
950 2217 62 35 vin
1040 2217 90 36 eller
1156 2217 259 50 maltdrycker,
1442 2219 71 35 han
1542 2218 156 45 erhållit,
1727 2217 83 37 böte
1829 2219 96 48 från
1945 2220 61 36 och

407 2266 78 35 med
512 2266 45 35 tio
586 2266 55 36 till
668 2267 61 35 och
757 2269 80 34 med
856 2268 141 48 fyratio
1025 2267 141 37 kronor.
