<?xml version="1.0" encoding="UTF-8"?>
<alto xmlns="http://www.loc.gov/standards/alto/ns-v3#" xmlns:xlink="http://www.w3.org/1999/xlink" xmlns:xsi="http://www.w3.org/2001/XMLSchema-instance" xsi:schemaLocation="http://www.loc.gov/standards/alto/ns-v3# http://www.loc.gov/alto/v3/alto-3-0.xsd">
	<Description>
		<MeasurementUnit>pixel</MeasurementUnit>
		<sourceImageInformation>
			<fileName>/tmp/tess_3sjgpzni_input.PNG</fileName>
		</sourceImageInformation>
		<OCRProcessing ID="OCR_0">
			<ocrProcessingStep>
				<processingSoftware>
					<softwareName>tesseract 5.3.0</softwareName>
				</processingSoftware>
			</ocrProcessingStep>
		</OCRProcessing>
	</Description>
	<Layout>
		<Page WIDTH="2202" HEIGHT="2620" PHYSICAL_IMG_NR="0" ID="page_0">
			<PrintSpace HPOS="0" VPOS="0" WIDTH="2202" HEIGHT="2620">
				<ComposedBlock ID="cblock_0" HPOS="675" VPOS="183" WIDTH="1074" HEIGHT="34">
					<TextBlock ID="block_0" HPOS="675" VPOS="183" WIDTH="1074" HEIGHT="34">
						<TextLine ID="line_0" HPOS="675" VPOS="183" WIDTH="1074" HEIGHT="34">
							<String ID="string_0" HPOS="675" VPOS="185" WIDTH="266" HEIGHT="32" WC="0.89" CONTENT="Statsutskottets"/><SP WIDTH="28" VPOS="185" HPOS="941"/>
							<String ID="string_1" HPOS="969" VPOS="184" WIDTH="177" HEIGHT="33" WC="0.95" CONTENT="Utlåtande"/><SP WIDTH="24" VPOS="184" HPOS="1146"/>
							<String ID="string_2" HPOS="1170" VPOS="183" WIDTH="62" HEIGHT="32" WC="0.95" CONTENT="N:o"/><SP WIDTH="22" VPOS="183" HPOS="1232"/>
							<String ID="string_3" HPOS="1254" VPOS="185" WIDTH="55" HEIGHT="30" WC="0.96" CONTENT="48."/><SP WIDTH="401" VPOS="185" HPOS="1309"/>
							<String ID="string_4" HPOS="1710" VPOS="183" WIDTH="39" HEIGHT="31" WC="0.28" CONTENT="al"/>
						</TextLine>
					</TextBlock>
				</ComposedBlock>
				<ComposedBlock ID="cblock_1" HPOS="177" VPOS="268" WIDTH="1618" HEIGHT="2066">
					<TextBlock ID="block_1" HPOS="177" VPOS="268" WIDTH="1618" HEIGHT="2066">
						<TextLine ID="line_1" HPOS="197" VPOS="268" WIDTH="1595" HEIGHT="54">
							<String ID="string_5" HPOS="197" VPOS="274" WIDTH="179" HEIGHT="37" WC="0.96" CONTENT="anvisade"/><SP WIDTH="52" VPOS="274" HPOS="376"/>
							<String ID="string_6" HPOS="428" VPOS="279" WIDTH="180" HEIGHT="43" WC="0.93" CONTENT="utvägen,"/><SP WIDTH="47" VPOS="279" HPOS="608"/>
							<String ID="string_7" HPOS="655" VPOS="272" WIDTH="296" HEIGHT="49" WC="0.91" CONTENT="handlingarnas"/><SP WIDTH="48" VPOS="272" HPOS="951"/>
							<String ID="string_8" HPOS="999" VPOS="270" WIDTH="309" HEIGHT="38" WC="0.90" CONTENT="öfverlämnande"/><SP WIDTH="46" VPOS="270" HPOS="1308"/>
							<String ID="string_9" HPOS="1354" VPOS="270" WIDTH="57" HEIGHT="36" WC="0.91" CONTENT="till"/><SP WIDTH="39" VPOS="270" HPOS="1411"/>
							<String ID="string_10" HPOS="1450" VPOS="268" WIDTH="342" HEIGHT="49" WC="0.89" CONTENT="justitiekanslers-"/>
						</TextLine>
						<TextLine ID="line_2" HPOS="197" VPOS="321" WIDTH="1593" HEIGHT="53">
							<String ID="string_11" HPOS="197" VPOS="327" WIDTH="178" HEIGHT="47" WC="0.92" CONTENT="embetet,"/><SP WIDTH="44" VPOS="327" HPOS="375"/>
							<String ID="string_12" HPOS="419" VPOS="329" WIDTH="118" HEIGHT="45" WC="0.95" CONTENT="ansåg"/><SP WIDTH="40" VPOS="329" HPOS="537"/>
							<String ID="string_13" HPOS="577" VPOS="325" WIDTH="215" HEIGHT="37" WC="0.96" CONTENT="revisionen"/><SP WIDTH="40" VPOS="325" HPOS="792"/>
							<String ID="string_14" HPOS="832" VPOS="324" WIDTH="84" HEIGHT="36" WC="0.96" CONTENT="icke"/><SP WIDTH="38" VPOS="324" HPOS="916"/>
							<String ID="string_15" HPOS="954" VPOS="323" WIDTH="255" HEIGHT="49" WC="0.96" CONTENT="erforderligt,"/><SP WIDTH="30" VPOS="323" HPOS="1209"/>
							<String ID="string_16" HPOS="1239" VPOS="322" WIDTH="47" HEIGHT="37" WC="0.96" CONTENT="då"/><SP WIDTH="29" VPOS="322" HPOS="1286"/>
							<String ID="string_17" HPOS="1315" VPOS="322" WIDTH="74" HEIGHT="36" WC="0.96" CONTENT="den"/><SP WIDTH="27" VPOS="322" HPOS="1389"/>
							<String ID="string_18" HPOS="1416" VPOS="326" WIDTH="130" HEIGHT="44" WC="0.96" CONTENT="antog,"/><SP WIDTH="29" VPOS="326" HPOS="1546"/>
							<String ID="string_19" HPOS="1575" VPOS="326" WIDTH="56" HEIGHT="32" WC="0.95" CONTENT="att"/><SP WIDTH="26" VPOS="326" HPOS="1631"/>
							<String ID="string_20" HPOS="1657" VPOS="321" WIDTH="133" HEIGHT="48" WC="0.95" CONTENT="kungl."/>
						</TextLine>
						<TextLine ID="line_3" HPOS="196" VPOS="372" WIDTH="1595" HEIGHT="53">
							<String ID="string_21" HPOS="196" VPOS="379" WIDTH="274" HEIGHT="36" WC="0.96" CONTENT="statskontoret"/><SP WIDTH="28" VPOS="379" HPOS="470"/>
							<String ID="string_22" HPOS="498" VPOS="378" WIDTH="120" HEIGHT="37" WC="0.96" CONTENT="skulle"/><SP WIDTH="28" VPOS="378" HPOS="618"/>
							<String ID="string_23" HPOS="646" VPOS="377" WIDTH="76" HEIGHT="36" WC="0.96" CONTENT="låta"/><SP WIDTH="28" VPOS="377" HPOS="722"/>
							<String ID="string_24" HPOS="750" VPOS="376" WIDTH="61" HEIGHT="49" WC="0.96" CONTENT="sig"/><SP WIDTH="28" VPOS="376" HPOS="811"/>
							<String ID="string_25" HPOS="839" VPOS="375" WIDTH="209" HEIGHT="49" WC="0.96" CONTENT="angeläget"/><SP WIDTH="27" VPOS="375" HPOS="1048"/>
							<String ID="string_26" HPOS="1075" VPOS="388" WIDTH="90" HEIGHT="24" WC="0.96" CONTENT="vara"/><SP WIDTH="29" VPOS="388" HPOS="1165"/>
							<String ID="string_27" HPOS="1194" VPOS="379" WIDTH="55" HEIGHT="31" WC="0.96" CONTENT="att"/><SP WIDTH="26" VPOS="379" HPOS="1249"/>
							<String ID="string_28" HPOS="1275" VPOS="374" WIDTH="12" HEIGHT="36" WC="0.96" CONTENT="i"/><SP WIDTH="29" VPOS="374" HPOS="1287"/>
							<String ID="string_29" HPOS="1316" VPOS="374" WIDTH="105" HEIGHT="36" WC="0.96" CONTENT="detta"/><SP WIDTH="29" VPOS="374" HPOS="1421"/>
							<String ID="string_30" HPOS="1450" VPOS="372" WIDTH="64" HEIGHT="37" WC="0.96" CONTENT="fall"/><SP WIDTH="29" VPOS="372" HPOS="1514"/>
							<String ID="string_31" HPOS="1543" VPOS="377" WIDTH="171" HEIGHT="45" WC="0.96" CONTENT="prestera"/><SP WIDTH="29" VPOS="377" HPOS="1714"/>
							<String ID="string_32" HPOS="1743" VPOS="386" WIDTH="48" HEIGHT="24" WC="0.95" CONTENT="en"/>
						</TextLine>
						<TextLine ID="line_4" HPOS="197" VPOS="423" WIDTH="1596" HEIGHT="49">
							<String ID="string_33" HPOS="197" VPOS="431" WIDTH="227" HEIGHT="36" WC="0.95" CONTENT="åtminstone"/><SP WIDTH="36" VPOS="431" HPOS="424"/>
							<String ID="string_34" HPOS="460" VPOS="431" WIDTH="12" HEIGHT="34" WC="0.93" CONTENT="i"/><SP WIDTH="37" VPOS="431" HPOS="472"/>
							<String ID="string_35" HPOS="509" VPOS="429" WIDTH="152" HEIGHT="37" WC="0.90" CONTENT="formelt"/><SP WIDTH="39" VPOS="429" HPOS="661"/>
							<String ID="string_36" HPOS="700" VPOS="428" WIDTH="217" HEIGHT="37" WC="0.93" CONTENT="hänseende"/><SP WIDTH="41" VPOS="428" HPOS="917"/>
							<String ID="string_37" HPOS="958" VPOS="426" WIDTH="351" HEIGHT="38" WC="0.88" CONTENT="tillfredsställande"/><SP WIDTH="42" VPOS="426" HPOS="1309"/>
							<String ID="string_38" HPOS="1351" VPOS="425" WIDTH="223" HEIGHT="47" WC="0.96" CONTENT="förklaring."/><SP WIDTH="58" VPOS="425" HPOS="1574"/>
							<String ID="string_39" HPOS="1632" VPOS="423" WIDTH="50" HEIGHT="38" WC="0.77" CONTENT="Så"/><SP WIDTH="42" VPOS="423" HPOS="1682"/>
							<String ID="string_40" HPOS="1724" VPOS="424" WIDTH="69" HEIGHT="37" WC="0.96" CONTENT="har"/>
						</TextLine>
						<TextLine ID="line_5" HPOS="197" VPOS="476" WIDTH="1594" HEIGHT="54">
							<String ID="string_41" HPOS="197" VPOS="482" WIDTH="212" HEIGHT="37" WC="0.95" CONTENT="emellertid"/><SP WIDTH="20" VPOS="482" HPOS="409"/>
							<String ID="string_42" HPOS="429" VPOS="482" WIDTH="34" HEIGHT="48" WC="0.96" CONTENT="ej"/><SP WIDTH="23" VPOS="482" HPOS="463"/>
							<String ID="string_43" HPOS="486" VPOS="482" WIDTH="114" HEIGHT="45" WC="0.96" CONTENT="skett,"/><SP WIDTH="19" VPOS="482" HPOS="600"/>
							<String ID="string_44" HPOS="619" VPOS="486" WIDTH="90" HEIGHT="31" WC="0.96" CONTENT="utan"/><SP WIDTH="18" VPOS="486" HPOS="709"/>
							<String ID="string_45" HPOS="727" VPOS="479" WIDTH="264" HEIGHT="49" WC="0.96" CONTENT="förklaringen"/><SP WIDTH="18" VPOS="479" HPOS="991"/>
							<String ID="string_46" HPOS="1009" VPOS="480" WIDTH="68" HEIGHT="35" WC="0.96" CONTENT="har"/><SP WIDTH="19" VPOS="480" HPOS="1077"/>
							<String ID="string_47" HPOS="1096" VPOS="479" WIDTH="42" HEIGHT="36" WC="0.96" CONTENT="af"/><SP WIDTH="11" VPOS="479" HPOS="1138"/>
							<String ID="string_48" HPOS="1149" VPOS="477" WIDTH="130" HEIGHT="49" WC="0.95" CONTENT="kungl."/><SP WIDTH="19" VPOS="477" HPOS="1279"/>
							<String ID="string_49" HPOS="1298" VPOS="477" WIDTH="277" HEIGHT="36" WC="0.93" CONTENT="statskontoret"/><SP WIDTH="15" VPOS="477" HPOS="1575"/>
							<String ID="string_50" HPOS="1590" VPOS="476" WIDTH="201" HEIGHT="37" WC="0.91" CONTENT="affordrats"/>
						</TextLine>
						<TextLine ID="line_6" HPOS="197" VPOS="527" WIDTH="1594" HEIGHT="55">
							<String ID="string_51" HPOS="197" VPOS="535" WIDTH="72" HEIGHT="36" WC="0.95" CONTENT="den"/><SP WIDTH="43" VPOS="535" HPOS="269"/>
							<String ID="string_52" HPOS="312" VPOS="534" WIDTH="98" HEIGHT="36" WC="0.93" CONTENT="efter"/><SP WIDTH="42" VPOS="534" HPOS="410"/>
							<String ID="string_53" HPOS="452" VPOS="533" WIDTH="203" HEIGHT="49" WC="0.92" CONTENT="Fougberg"/><SP WIDTH="27" VPOS="533" HPOS="655"/>
							<String ID="string_54" HPOS="682" VPOS="532" WIDTH="157" HEIGHT="36" WC="0.93" CONTENT="tillsatte"/><SP WIDTH="27" VPOS="532" HPOS="839"/>
							<String ID="string_55" HPOS="866" VPOS="536" WIDTH="290" HEIGHT="40" WC="0.91" CONTENT="räntmästaren,"/><SP WIDTH="30" VPOS="536" HPOS="1156"/>
							<String ID="string_56" HPOS="1186" VPOS="543" WIDTH="80" HEIGHT="23" WC="0.96" CONTENT="som"/><SP WIDTH="29" VPOS="543" HPOS="1266"/>
							<String ID="string_57" HPOS="1295" VPOS="529" WIDTH="144" HEIGHT="36" WC="0.96" CONTENT="lämnat"/><SP WIDTH="28" VPOS="529" HPOS="1439"/>
							<String ID="string_58" HPOS="1467" VPOS="527" WIDTH="233" HEIGHT="51" WC="0.96" CONTENT="upplysning"/><SP WIDTH="29" VPOS="527" HPOS="1700"/>
							<String ID="string_59" HPOS="1729" VPOS="541" WIDTH="62" HEIGHT="23" WC="0.96" CONTENT="om"/>
						</TextLine>
						<TextLine ID="line_7" HPOS="197" VPOS="580" WIDTH="1595" HEIGHT="54">
							<String ID="string_60" HPOS="197" VPOS="587" WIDTH="134" HEIGHT="47" WC="0.96" CONTENT="dagen,"/><SP WIDTH="42" VPOS="587" HPOS="331"/>
							<String ID="string_61" HPOS="373" VPOS="585" WIDTH="48" HEIGHT="36" WC="0.96" CONTENT="då"/><SP WIDTH="43" VPOS="585" HPOS="421"/>
							<String ID="string_62" HPOS="464" VPOS="585" WIDTH="72" HEIGHT="36" WC="0.96" CONTENT="han"/><SP WIDTH="42" VPOS="585" HPOS="536"/>
							<String ID="string_63" HPOS="578" VPOS="584" WIDTH="57" HEIGHT="37" WC="0.93" CONTENT="till"/><SP WIDTH="29" VPOS="584" HPOS="635"/>
							<String ID="string_64" HPOS="664" VPOS="583" WIDTH="147" HEIGHT="50" WC="0.91" CONTENT="sysslan"/><SP WIDTH="28" VPOS="583" HPOS="811"/>
							<String ID="string_65" HPOS="839" VPOS="583" WIDTH="239" HEIGHT="46" WC="0.96" CONTENT="utnämndes,"/><SP WIDTH="31" VPOS="583" HPOS="1078"/>
							<String ID="string_66" HPOS="1109" VPOS="587" WIDTH="98" HEIGHT="31" WC="0.96" CONTENT="samt"/><SP WIDTH="27" VPOS="587" HPOS="1207"/>
							<String ID="string_67" HPOS="1234" VPOS="581" WIDTH="178" HEIGHT="36" WC="0.95" CONTENT="hänvisat"/><SP WIDTH="28" VPOS="581" HPOS="1412"/>
							<String ID="string_68" HPOS="1440" VPOS="580" WIDTH="57" HEIGHT="36" WC="0.95" CONTENT="till"/><SP WIDTH="28" VPOS="580" HPOS="1497"/>
							<String ID="string_69" HPOS="1525" VPOS="593" WIDTH="48" HEIGHT="23" WC="0.96" CONTENT="en"/><SP WIDTH="27" VPOS="593" HPOS="1573"/>
							<String ID="string_70" HPOS="1600" VPOS="581" WIDTH="42" HEIGHT="35" WC="0.95" CONTENT="af"/><SP WIDTH="25" VPOS="581" HPOS="1642"/>
							<String ID="string_71" HPOS="1667" VPOS="593" WIDTH="125" HEIGHT="23" WC="0.94" CONTENT="annan"/>
						</TextLine>
						<TextLine ID="line_8" HPOS="198" VPOS="631" WIDTH="1593" HEIGHT="55">
							<String ID="string_72" HPOS="198" VPOS="637" WIDTH="230" HEIGHT="49" WC="0.95" CONTENT="tjänsteman"/><SP WIDTH="36" VPOS="637" HPOS="428"/>
							<String ID="string_73" HPOS="464" VPOS="637" WIDTH="101" HEIGHT="36" WC="0.96" CONTENT="inom"/><SP WIDTH="37" VPOS="637" HPOS="565"/>
							<String ID="string_74" HPOS="602" VPOS="636" WIDTH="137" HEIGHT="37" WC="0.93" CONTENT="verket"/><SP WIDTH="27" VPOS="636" HPOS="739"/>
							<String ID="string_75" HPOS="766" VPOS="634" WIDTH="174" HEIGHT="50" WC="0.90" CONTENT="afgifven"/><SP WIDTH="28" VPOS="634" HPOS="940"/>
							<String ID="string_76" HPOS="968" VPOS="633" WIDTH="250" HEIGHT="50" WC="0.96" CONTENT="promemoria"/><SP WIDTH="29" VPOS="633" HPOS="1218"/>
							<String ID="string_77" HPOS="1247" VPOS="632" WIDTH="162" HEIGHT="37" WC="0.96" CONTENT="rörande"/><SP WIDTH="29" VPOS="632" HPOS="1409"/>
							<String ID="string_78" HPOS="1438" VPOS="632" WIDTH="194" HEIGHT="36" WC="0.96" CONTENT="storleken"/><SP WIDTH="29" VPOS="632" HPOS="1632"/>
							<String ID="string_79" HPOS="1661" VPOS="632" WIDTH="41" HEIGHT="36" WC="0.96" CONTENT="af"/><SP WIDTH="25" VPOS="632" HPOS="1702"/>
							<String ID="string_80" HPOS="1727" VPOS="631" WIDTH="64" HEIGHT="37" WC="0.96" CONTENT="det"/>
						</TextLine>
						<TextLine ID="line_9" HPOS="196" VPOS="683" WIDTH="1595" HEIGHT="55">
							<String ID="string_81" HPOS="196" VPOS="689" WIDTH="137" HEIGHT="49" WC="0.93" CONTENT="belopp"/><SP WIDTH="45" VPOS="689" HPOS="333"/>
							<String ID="string_82" HPOS="378" VPOS="689" WIDTH="208" HEIGHT="48" WC="0.92" CONTENT="Fougberg"/><SP WIDTH="40" VPOS="689" HPOS="586"/>
							<String ID="string_83" HPOS="626" VPOS="687" WIDTH="186" HEIGHT="50" WC="0.83" CONTENT="tillgripit."/><SP WIDTH="65" VPOS="687" HPOS="812"/>
							<String ID="string_84" HPOS="877" VPOS="687" WIDTH="53" HEIGHT="36" WC="0.93" CONTENT="På"/><SP WIDTH="41" VPOS="687" HPOS="930"/>
							<String ID="string_85" HPOS="971" VPOS="685" WIDTH="234" HEIGHT="38" WC="0.91" CONTENT="besvarande"/><SP WIDTH="41" VPOS="685" HPOS="1205"/>
							<String ID="string_86" HPOS="1246" VPOS="685" WIDTH="42" HEIGHT="36" WC="0.96" CONTENT="af"/><SP WIDTH="39" VPOS="685" HPOS="1288"/>
							<String ID="string_87" HPOS="1327" VPOS="685" WIDTH="72" HEIGHT="35" WC="0.96" CONTENT="den"/><SP WIDTH="38" VPOS="685" HPOS="1399"/>
							<String ID="string_88" HPOS="1437" VPOS="684" WIDTH="11" HEIGHT="35" WC="0.96" CONTENT="i"/><SP WIDTH="37" VPOS="684" HPOS="1448"/>
							<String ID="string_89" HPOS="1485" VPOS="683" WIDTH="306" HEIGHT="48" WC="0.96" CONTENT="anmärkningen"/>
						</TextLine>
						<TextLine ID="line_10" HPOS="177" VPOS="735" WIDTH="1614" HEIGHT="54">
							<String ID="string_90" HPOS="177" VPOS="740" WIDTH="254" HEIGHT="48" WC="0.69" CONTENT="framställda"/><SP WIDTH="40" VPOS="740" HPOS="431"/>
							<String ID="string_91" HPOS="471" VPOS="741" WIDTH="149" HEIGHT="48" WC="0.95" CONTENT="frågan,"/><SP WIDTH="43" VPOS="741" HPOS="620"/>
							<String ID="string_92" HPOS="663" VPOS="739" WIDTH="183" HEIGHT="37" WC="0.95" CONTENT="huruvida"/><SP WIDTH="38" VPOS="739" HPOS="846"/>
							<String ID="string_93" HPOS="884" VPOS="738" WIDTH="92" HEIGHT="37" WC="0.95" CONTENT="eller"/><SP WIDTH="36" VPOS="738" HPOS="976"/>
							<String ID="string_94" HPOS="1012" VPOS="738" WIDTH="12" HEIGHT="36" WC="0.96" CONTENT="i"/><SP WIDTH="37" VPOS="738" HPOS="1024"/>
							<String ID="string_95" HPOS="1061" VPOS="737" WIDTH="99" HEIGHT="37" WC="0.96" CONTENT="hvad"/><SP WIDTH="42" VPOS="737" HPOS="1160"/>
							<String ID="string_96" HPOS="1202" VPOS="739" WIDTH="85" HEIGHT="33" WC="0.96" CONTENT="mån"/><SP WIDTH="29" VPOS="739" HPOS="1287"/>
							<String ID="string_97" HPOS="1316" VPOS="736" WIDTH="74" HEIGHT="37" WC="0.94" CONTENT="den"/><SP WIDTH="42" VPOS="736" HPOS="1390"/>
							<String ID="string_98" HPOS="1432" VPOS="735" WIDTH="64" HEIGHT="36" WC="0.93" CONTENT="vid"/><SP WIDTH="28" VPOS="735" HPOS="1496"/>
							<String ID="string_99" HPOS="1524" VPOS="735" WIDTH="267" HEIGHT="49" WC="0.91" CONTENT="räkenskapen"/>
						</TextLine>
						<TextLine ID="line_11" HPOS="196" VPOS="786" WIDTH="1598" HEIGHT="56">
							<String ID="string_100" HPOS="196" VPOS="793" WIDTH="139" HEIGHT="49" WC="0.93" CONTENT="fogade"/><SP WIDTH="38" VPOS="793" HPOS="335"/>
							<String ID="string_101" HPOS="373" VPOS="806" WIDTH="29" HEIGHT="23" WC="0.89" CONTENT="s."/><SP WIDTH="39" VPOS="806" HPOS="402"/>
							<String ID="string_102" HPOS="441" VPOS="792" WIDTH="36" HEIGHT="36" WC="0.89" CONTENT="k."/><SP WIDTH="32" VPOS="792" HPOS="477"/>
							<String ID="string_103" HPOS="509" VPOS="791" WIDTH="273" HEIGHT="38" WC="0.90" CONTENT="konklusionen"/><SP WIDTH="33" VPOS="791" HPOS="782"/>
							<String ID="string_104" HPOS="815" VPOS="804" WIDTH="91" HEIGHT="23" WC="0.96" CONTENT="vore"/><SP WIDTH="33" VPOS="804" HPOS="906"/>
							<String ID="string_105" HPOS="939" VPOS="790" WIDTH="151" HEIGHT="48" WC="0.96" CONTENT="oriktig,"/><SP WIDTH="34" VPOS="790" HPOS="1090"/>
							<String ID="string_106" HPOS="1124" VPOS="789" WIDTH="68" HEIGHT="36" WC="0.96" CONTENT="har"/><SP WIDTH="32" VPOS="789" HPOS="1192"/>
							<String ID="string_107" HPOS="1224" VPOS="789" WIDTH="173" HEIGHT="36" WC="0.93" CONTENT="däremot"/><SP WIDTH="31" VPOS="789" HPOS="1397"/>
							<String ID="string_108" HPOS="1428" VPOS="787" WIDTH="172" HEIGHT="36" WC="0.92" CONTENT="hvarken"/><SP WIDTH="42" VPOS="787" HPOS="1600"/>
							<String ID="string_109" HPOS="1642" VPOS="786" WIDTH="73" HEIGHT="37" WC="0.96" CONTENT="den"/><SP WIDTH="38" VPOS="786" HPOS="1715"/>
							<String ID="string_110" HPOS="1753" VPOS="787" WIDTH="41" HEIGHT="36" WC="0.96" CONTENT="af"/>
						</TextLine>
						<TextLine ID="line_12" HPOS="198" VPOS="838" WIDTH="1594" HEIGHT="55">
							<String ID="string_111" HPOS="198" VPOS="845" WIDTH="130" HEIGHT="48" WC="0.81" CONTENT="kungl."/><SP WIDTH="49" VPOS="845" HPOS="328"/>
							<String ID="string_112" HPOS="377" VPOS="844" WIDTH="275" HEIGHT="37" WC="0.96" CONTENT="statskontoret"/><SP WIDTH="44" VPOS="844" HPOS="652"/>
							<String ID="string_113" HPOS="696" VPOS="842" WIDTH="153" HEIGHT="37" WC="0.90" CONTENT="utvalde"/><SP WIDTH="45" VPOS="842" HPOS="849"/>
							<String ID="string_114" HPOS="894" VPOS="841" WIDTH="270" HEIGHT="37" WC="0.90" CONTENT="förklaranden"/><SP WIDTH="42" VPOS="841" HPOS="1164"/>
							<String ID="string_115" HPOS="1206" VPOS="840" WIDTH="92" HEIGHT="36" WC="0.96" CONTENT="eller"/><SP WIDTH="41" VPOS="840" HPOS="1298"/>
							<String ID="string_116" HPOS="1339" VPOS="838" WIDTH="131" HEIGHT="49" WC="0.94" CONTENT="kungl."/><SP WIDTH="45" VPOS="838" HPOS="1470"/>
							<String ID="string_117" HPOS="1515" VPOS="839" WIDTH="277" HEIGHT="36" WC="0.96" CONTENT="statskontoret"/>
						</TextLine>
						<TextLine ID="line_13" HPOS="197" VPOS="890" WIDTH="1595" HEIGHT="55">
							<String ID="string_118" HPOS="197" VPOS="897" WIDTH="105" HEIGHT="48" WC="0.90" CONTENT="själft"/><SP WIDTH="35" VPOS="897" HPOS="302"/>
							<String ID="string_119" HPOS="337" VPOS="896" WIDTH="122" HEIGHT="36" WC="0.91" CONTENT="inlåtit"/><SP WIDTH="41" VPOS="896" HPOS="459"/>
							<String ID="string_120" HPOS="500" VPOS="896" WIDTH="72" HEIGHT="48" WC="0.96" CONTENT="sig,"/><SP WIDTH="42" VPOS="896" HPOS="572"/>
							<String ID="string_121" HPOS="614" VPOS="897" WIDTH="32" HEIGHT="47" WC="0.96" CONTENT="ej"/><SP WIDTH="44" VPOS="897" HPOS="646"/>
							<String ID="string_122" HPOS="690" VPOS="894" WIDTH="120" HEIGHT="37" WC="0.96" CONTENT="häller"/><SP WIDTH="40" VPOS="894" HPOS="810"/>
							<String ID="string_123" HPOS="850" VPOS="894" WIDTH="68" HEIGHT="36" WC="0.96" CONTENT="har"/><SP WIDTH="42" VPOS="894" HPOS="918"/>
							<String ID="string_124" HPOS="960" VPOS="893" WIDTH="86" HEIGHT="36" WC="0.96" CONTENT="med"/><SP WIDTH="41" VPOS="893" HPOS="1046"/>
							<String ID="string_125" HPOS="1087" VPOS="897" WIDTH="55" HEIGHT="32" WC="0.96" CONTENT="ett"/><SP WIDTH="41" VPOS="897" HPOS="1142"/>
							<String ID="string_126" HPOS="1183" VPOS="892" WIDTH="96" HEIGHT="36" WC="0.96" CONTENT="enda"/><SP WIDTH="42" VPOS="892" HPOS="1279"/>
							<String ID="string_127" HPOS="1321" VPOS="891" WIDTH="68" HEIGHT="36" WC="0.95" CONTENT="ord"/><SP WIDTH="42" VPOS="891" HPOS="1389"/>
							<String ID="string_128" HPOS="1431" VPOS="891" WIDTH="164" HEIGHT="36" WC="0.94" CONTENT="bemötts"/><SP WIDTH="41" VPOS="891" HPOS="1595"/>
							<String ID="string_129" HPOS="1636" VPOS="890" WIDTH="101" HEIGHT="36" WC="0.95" CONTENT="hvad"/><SP WIDTH="43" VPOS="890" HPOS="1737"/>
							<String ID="string_130" HPOS="1780" VPOS="890" WIDTH="12" HEIGHT="35" WC="0.95" CONTENT="i"/>
						</TextLine>
						<TextLine ID="line_14" HPOS="196" VPOS="942" WIDTH="1595" HEIGHT="54">
							<String ID="string_131" HPOS="196" VPOS="948" WIDTH="301" HEIGHT="48" WC="0.96" CONTENT="anmärkningen"/><SP WIDTH="41" VPOS="948" HPOS="497"/>
							<String ID="string_132" HPOS="538" VPOS="947" WIDTH="146" HEIGHT="37" WC="0.96" CONTENT="anförts"/><SP WIDTH="41" VPOS="947" HPOS="684"/>
							<String ID="string_133" HPOS="725" VPOS="946" WIDTH="142" HEIGHT="47" WC="0.96" CONTENT="därom,"/><SP WIDTH="44" VPOS="946" HPOS="867"/>
							<String ID="string_134" HPOS="911" VPOS="950" WIDTH="55" HEIGHT="31" WC="0.96" CONTENT="att"/><SP WIDTH="40" VPOS="950" HPOS="966"/>
							<String ID="string_135" HPOS="1006" VPOS="944" WIDTH="244" HEIGHT="48" WC="0.96" CONTENT="inventering"/><SP WIDTH="40" VPOS="944" HPOS="1250"/>
							<String ID="string_136" HPOS="1290" VPOS="943" WIDTH="71" HEIGHT="36" WC="0.92" CONTENT="hos"/><SP WIDTH="42" VPOS="943" HPOS="1361"/>
							<String ID="string_137" HPOS="1403" VPOS="947" WIDTH="273" HEIGHT="31" WC="0.92" CONTENT="räntmästaren"/><SP WIDTH="30" VPOS="947" HPOS="1676"/>
							<String ID="string_138" HPOS="1706" VPOS="942" WIDTH="85" HEIGHT="36" WC="0.96" CONTENT="icke"/>
						</TextLine>
						<TextLine ID="line_15" HPOS="197" VPOS="993" WIDTH="1595" HEIGHT="52">
							<String ID="string_139" HPOS="197" VPOS="999" WIDTH="218" HEIGHT="37" WC="0.91" CONTENT="verkställts"/><SP WIDTH="37" VPOS="999" HPOS="415"/>
							<String ID="string_140" HPOS="452" VPOS="999" WIDTH="12" HEIGHT="35" WC="0.96" CONTENT="i"/><SP WIDTH="37" VPOS="999" HPOS="464"/>
							<String ID="string_141" HPOS="501" VPOS="999" WIDTH="114" HEIGHT="37" WC="0.96" CONTENT="sådan"/><SP WIDTH="43" VPOS="999" HPOS="615"/>
							<String ID="string_142" HPOS="658" VPOS="998" WIDTH="241" HEIGHT="47" WC="0.96" CONTENT="omfattning,"/><SP WIDTH="43" VPOS="998" HPOS="899"/>
							<String ID="string_143" HPOS="942" VPOS="1010" WIDTH="82" HEIGHT="23" WC="0.96" CONTENT="som"/><SP WIDTH="42" VPOS="1010" HPOS="1024"/>
							<String ID="string_144" HPOS="1066" VPOS="996" WIDTH="132" HEIGHT="48" WC="0.93" CONTENT="kungl."/><SP WIDTH="30" VPOS="996" HPOS="1198"/>
							<String ID="string_145" HPOS="1228" VPOS="995" WIDTH="301" HEIGHT="36" WC="0.92" CONTENT="statskontorets"/><SP WIDTH="33" VPOS="995" HPOS="1529"/>
							<String ID="string_146" HPOS="1562" VPOS="993" WIDTH="230" HEIGHT="37" WC="0.95" CONTENT="instruktion"/>
						</TextLine>
						<TextLine ID="line_16" HPOS="198" VPOS="1045" WIDTH="1591" HEIGHT="53">
							<String ID="string_147" HPOS="198" VPOS="1052" WIDTH="260" HEIGHT="37" WC="0.89" CONTENT="föreskrifver."/><SP WIDTH="55" VPOS="1052" HPOS="458"/>
							<String ID="string_148" HPOS="513" VPOS="1051" WIDTH="56" HEIGHT="36" WC="0.96" CONTENT="De"/><SP WIDTH="42" VPOS="1051" HPOS="569"/>
							<String ID="string_149" HPOS="611" VPOS="1050" WIDTH="64" HEIGHT="36" WC="0.93" CONTENT="vid"/><SP WIDTH="39" VPOS="1050" HPOS="675"/>
							<String ID="string_150" HPOS="714" VPOS="1049" WIDTH="267" HEIGHT="49" WC="0.92" CONTENT="räkenskapen"/><SP WIDTH="41" VPOS="1049" HPOS="981"/>
							<String ID="string_151" HPOS="1022" VPOS="1048" WIDTH="140" HEIGHT="49" WC="0.93" CONTENT="fogade"/><SP WIDTH="40" VPOS="1048" HPOS="1162"/>
							<String ID="string_152" HPOS="1202" VPOS="1046" WIDTH="249" HEIGHT="38" WC="0.92" CONTENT="bankbesked"/><SP WIDTH="41" VPOS="1046" HPOS="1451"/>
							<String ID="string_153" HPOS="1492" VPOS="1046" WIDTH="126" HEIGHT="36" WC="0.95" CONTENT="utvisa"/><SP WIDTH="41" VPOS="1046" HPOS="1618"/>
							<String ID="string_154" HPOS="1659" VPOS="1045" WIDTH="130" HEIGHT="48" WC="0.96" CONTENT="kungl."/>
						</TextLine>
						<TextLine ID="line_17" HPOS="198" VPOS="1098" WIDTH="1595" HEIGHT="46">
							<String ID="string_155" HPOS="198" VPOS="1103" WIDTH="297" HEIGHT="37" WC="0.91" CONTENT="statskontorets"/><SP WIDTH="41" VPOS="1103" HPOS="495"/>
							<String ID="string_156" HPOS="536" VPOS="1103" WIDTH="152" HEIGHT="36" WC="0.96" CONTENT="fordran"/><SP WIDTH="41" VPOS="1103" HPOS="688"/>
							<String ID="string_157" HPOS="729" VPOS="1102" WIDTH="70" HEIGHT="35" WC="0.96" CONTENT="hos"/><SP WIDTH="41" VPOS="1102" HPOS="799"/>
							<String ID="string_158" HPOS="840" VPOS="1101" WIDTH="234" HEIGHT="36" WC="0.96" CONTENT="riksbanken"/><SP WIDTH="41" VPOS="1101" HPOS="1074"/>
							<String ID="string_159" HPOS="1115" VPOS="1100" WIDTH="74" HEIGHT="36" WC="0.96" CONTENT="den"/><SP WIDTH="41" VPOS="1100" HPOS="1189"/>
							<String ID="string_160" HPOS="1230" VPOS="1102" WIDTH="45" HEIGHT="33" WC="0.95" CONTENT="31"/><SP WIDTH="45" VPOS="1102" HPOS="1275"/>
							<String ID="string_161" HPOS="1320" VPOS="1098" WIDTH="199" HEIGHT="37" WC="0.96" CONTENT="december"/><SP WIDTH="44" VPOS="1098" HPOS="1519"/>
							<String ID="string_162" HPOS="1563" VPOS="1099" WIDTH="110" HEIGHT="45" WC="0.96" CONTENT="1901,"/><SP WIDTH="33" VPOS="1099" HPOS="1673"/>
							<String ID="string_163" HPOS="1706" VPOS="1110" WIDTH="87" HEIGHT="24" WC="0.96" CONTENT="men"/>
						</TextLine>
						<TextLine ID="line_18" HPOS="198" VPOS="1149" WIDTH="1594" HEIGHT="57">
							<String ID="string_164" HPOS="198" VPOS="1155" WIDTH="265" HEIGHT="51" WC="0.91" CONTENT="räkenskapen"/><SP WIDTH="42" VPOS="1155" HPOS="463"/>
							<String ID="string_165" HPOS="505" VPOS="1155" WIDTH="68" HEIGHT="36" WC="0.95" CONTENT="har"/><SP WIDTH="40" VPOS="1155" HPOS="573"/>
							<String ID="string_166" HPOS="613" VPOS="1154" WIDTH="83" HEIGHT="36" WC="0.93" CONTENT="icke"/><SP WIDTH="41" VPOS="1154" HPOS="696"/>
							<String ID="string_167" HPOS="737" VPOS="1153" WIDTH="176" HEIGHT="37" WC="0.88" CONTENT="afslutats"/><SP WIDTH="38" VPOS="1153" HPOS="913"/>
							<String ID="string_168" HPOS="951" VPOS="1152" WIDTH="85" HEIGHT="37" WC="0.96" CONTENT="med"/><SP WIDTH="31" VPOS="1152" HPOS="1036"/>
							<String ID="string_169" HPOS="1067" VPOS="1165" WIDTH="142" HEIGHT="23" WC="0.96" CONTENT="samma"/><SP WIDTH="28" VPOS="1165" HPOS="1209"/>
							<String ID="string_170" HPOS="1237" VPOS="1151" WIDTH="87" HEIGHT="48" WC="0.96" CONTENT="dag,"/><SP WIDTH="30" VPOS="1151" HPOS="1324"/>
							<String ID="string_171" HPOS="1354" VPOS="1155" WIDTH="89" HEIGHT="31" WC="0.96" CONTENT="utan"/><SP WIDTH="30" VPOS="1155" HPOS="1443"/>
							<String ID="string_172" HPOS="1473" VPOS="1149" WIDTH="177" HEIGHT="36" WC="0.96" CONTENT="omfattar"/><SP WIDTH="28" VPOS="1149" HPOS="1650"/>
							<String ID="string_173" HPOS="1678" VPOS="1149" WIDTH="114" HEIGHT="36" WC="0.96" CONTENT="äfven"/>
						</TextLine>
						<TextLine ID="line_19" HPOS="198" VPOS="1200" WIDTH="1595" HEIGHT="48">
							<String ID="string_174" HPOS="198" VPOS="1220" WIDTH="133" HEIGHT="23" WC="0.96" CONTENT="senare"/><SP WIDTH="28" VPOS="1220" HPOS="331"/>
							<String ID="string_175" HPOS="359" VPOS="1206" WIDTH="284" HEIGHT="37" WC="0.96" CONTENT="transaktioner"/><SP WIDTH="28" VPOS="1206" HPOS="643"/>
							<String ID="string_176" HPOS="671" VPOS="1205" WIDTH="85" HEIGHT="36" WC="0.96" CONTENT="med"/><SP WIDTH="28" VPOS="1205" HPOS="756"/>
							<String ID="string_177" HPOS="784" VPOS="1204" WIDTH="245" HEIGHT="37" WC="0.96" CONTENT="riksbanken."/><SP WIDTH="57" VPOS="1204" HPOS="1029"/>
							<String ID="string_178" HPOS="1086" VPOS="1203" WIDTH="149" HEIGHT="37" WC="0.96" CONTENT="Genom"/><SP WIDTH="28" VPOS="1203" HPOS="1235"/>
							<String ID="string_179" HPOS="1263" VPOS="1208" WIDTH="55" HEIGHT="30" WC="0.96" CONTENT="ett"/><SP WIDTH="29" VPOS="1208" HPOS="1318"/>
							<String ID="string_180" HPOS="1347" VPOS="1202" WIDTH="132" HEIGHT="36" WC="0.96" CONTENT="sådant"/><SP WIDTH="26" VPOS="1202" HPOS="1479"/>
							<String ID="string_181" HPOS="1505" VPOS="1200" WIDTH="288" HEIGHT="48" WC="0.95" CONTENT="förfaringssätt"/>
						</TextLine>
						<TextLine ID="line_20" HPOS="198" VPOS="1251" WIDTH="1593" HEIGHT="56">
							<String ID="string_182" HPOS="198" VPOS="1262" WIDTH="118" HEIGHT="33" WC="0.96" CONTENT="måste"/><SP WIDTH="41" VPOS="1262" HPOS="316"/>
							<String ID="string_183" HPOS="357" VPOS="1258" WIDTH="232" HEIGHT="49" WC="0.96" CONTENT="uppkomma"/><SP WIDTH="42" VPOS="1258" HPOS="589"/>
							<String ID="string_184" HPOS="631" VPOS="1270" WIDTH="47" HEIGHT="23" WC="0.94" CONTENT="en"/><SP WIDTH="39" VPOS="1270" HPOS="678"/>
							<String ID="string_185" HPOS="717" VPOS="1256" WIDTH="162" HEIGHT="37" WC="0.94" CONTENT="skillnad"/><SP WIDTH="28" VPOS="1256" HPOS="879"/>
							<String ID="string_186" HPOS="907" VPOS="1255" WIDTH="140" HEIGHT="37" WC="0.96" CONTENT="mellan"/><SP WIDTH="29" VPOS="1255" HPOS="1047"/>
							<String ID="string_187" HPOS="1076" VPOS="1255" WIDTH="64" HEIGHT="36" WC="0.96" CONTENT="det"/><SP WIDTH="26" VPOS="1255" HPOS="1140"/>
							<String ID="string_188" HPOS="1166" VPOS="1254" WIDTH="13" HEIGHT="36" WC="0.92" CONTENT="i"/><SP WIDTH="27" VPOS="1254" HPOS="1179"/>
							<String ID="string_189" HPOS="1206" VPOS="1253" WIDTH="268" HEIGHT="48" WC="0.90" CONTENT="räkenskapen"/><SP WIDTH="27" VPOS="1253" HPOS="1474"/>
							<String ID="string_190" HPOS="1501" VPOS="1251" WIDTH="290" HEIGHT="38" WC="0.91" CONTENT="utbalanserade"/>
						</TextLine>
						<TextLine ID="line_21" HPOS="197" VPOS="1304" WIDTH="1596" HEIGHT="55">
							<String ID="string_191" HPOS="197" VPOS="1310" WIDTH="178" HEIGHT="49" WC="0.96" CONTENT="beloppet"/><SP WIDTH="42" VPOS="1310" HPOS="375"/>
							<String ID="string_192" HPOS="417" VPOS="1309" WIDTH="40" HEIGHT="36" WC="0.96" CONTENT="af"/><SP WIDTH="37" VPOS="1309" HPOS="457"/>
							<String ID="string_193" HPOS="494" VPOS="1309" WIDTH="131" HEIGHT="48" WC="0.93" CONTENT="kungl."/><SP WIDTH="45" VPOS="1309" HPOS="625"/>
							<String ID="string_194" HPOS="670" VPOS="1308" WIDTH="293" HEIGHT="37" WC="0.91" CONTENT="statskontorets"/><SP WIDTH="40" VPOS="1308" HPOS="963"/>
							<String ID="string_195" HPOS="1003" VPOS="1306" WIDTH="156" HEIGHT="37" WC="0.96" CONTENT="fordran"/><SP WIDTH="36" VPOS="1306" HPOS="1159"/>
							<String ID="string_196" HPOS="1195" VPOS="1306" WIDTH="70" HEIGHT="36" WC="0.95" CONTENT="hos"/><SP WIDTH="27" VPOS="1306" HPOS="1265"/>
							<String ID="string_197" HPOS="1292" VPOS="1304" WIDTH="231" HEIGHT="37" WC="0.96" CONTENT="riksbanken"/><SP WIDTH="29" VPOS="1304" HPOS="1523"/>
							<String ID="string_198" HPOS="1552" VPOS="1304" WIDTH="71" HEIGHT="36" WC="0.96" CONTENT="och"/><SP WIDTH="28" VPOS="1304" HPOS="1623"/>
							<String ID="string_199" HPOS="1651" VPOS="1316" WIDTH="142" HEIGHT="23" WC="0.96" CONTENT="samma"/>
						</TextLine>
						<TextLine ID="line_22" HPOS="197" VPOS="1355" WIDTH="1595" HEIGHT="53">
							<String ID="string_200" HPOS="197" VPOS="1362" WIDTH="157" HEIGHT="36" WC="0.96" CONTENT="fordran"/><SP WIDTH="42" VPOS="1362" HPOS="354"/>
							<String ID="string_201" HPOS="396" VPOS="1361" WIDTH="115" HEIGHT="36" WC="0.96" CONTENT="sådan"/><SP WIDTH="42" VPOS="1361" HPOS="511"/>
							<String ID="string_202" HPOS="553" VPOS="1361" WIDTH="74" HEIGHT="36" WC="0.96" CONTENT="den"/><SP WIDTH="35" VPOS="1361" HPOS="627"/>
							<String ID="string_203" HPOS="662" VPOS="1360" WIDTH="13" HEIGHT="36" WC="0.96" CONTENT="i"/><SP WIDTH="36" VPOS="1360" HPOS="675"/>
							<String ID="string_204" HPOS="711" VPOS="1359" WIDTH="264" HEIGHT="49" WC="0.96" CONTENT="verkligheten"/><SP WIDTH="42" VPOS="1359" HPOS="975"/>
							<String ID="string_205" HPOS="1017" VPOS="1372" WIDTH="73" HEIGHT="23" WC="0.89" CONTENT="var."/><SP WIDTH="56" VPOS="1372" HPOS="1090"/>
							<String ID="string_206" HPOS="1146" VPOS="1358" WIDTH="67" HEIGHT="35" WC="0.95" CONTENT="Att"/><SP WIDTH="40" VPOS="1358" HPOS="1213"/>
							<String ID="string_207" HPOS="1253" VPOS="1357" WIDTH="155" HEIGHT="36" WC="0.96" CONTENT="utanför"/><SP WIDTH="37" VPOS="1357" HPOS="1408"/>
							<String ID="string_208" HPOS="1445" VPOS="1356" WIDTH="64" HEIGHT="36" WC="0.93" CONTENT="det"/><SP WIDTH="31" VPOS="1356" HPOS="1509"/>
							<String ID="string_209" HPOS="1540" VPOS="1355" WIDTH="252" HEIGHT="36" WC="0.89" CONTENT="redovisande"/>
						</TextLine>
						<TextLine ID="line_23" HPOS="199" VPOS="1406" WIDTH="1592" HEIGHT="55">
							<String ID="string_210" HPOS="199" VPOS="1413" WIDTH="132" HEIGHT="37" WC="0.96" CONTENT="verket"/><SP WIDTH="28" VPOS="1413" HPOS="331"/>
							<String ID="string_211" HPOS="359" VPOS="1413" WIDTH="90" HEIGHT="48" WC="0.96" CONTENT="ingå"/><SP WIDTH="27" VPOS="1413" HPOS="449"/>
							<String ID="string_212" HPOS="476" VPOS="1413" WIDTH="12" HEIGHT="36" WC="0.96" CONTENT="i"/><SP WIDTH="29" VPOS="1413" HPOS="488"/>
							<String ID="string_213" HPOS="517" VPOS="1412" WIDTH="238" HEIGHT="49" WC="0.95" CONTENT="granskning"/><SP WIDTH="27" VPOS="1412" HPOS="755"/>
							<String ID="string_214" HPOS="782" VPOS="1411" WIDTH="43" HEIGHT="36" WC="0.95" CONTENT="af"/><SP WIDTH="24" VPOS="1411" HPOS="825"/>
							<String ID="string_215" HPOS="849" VPOS="1411" WIDTH="124" HEIGHT="36" WC="0.95" CONTENT="denna"/><SP WIDTH="29" VPOS="1411" HPOS="973"/>
							<String ID="string_216" HPOS="1002" VPOS="1409" WIDTH="162" HEIGHT="37" WC="0.95" CONTENT="skillnad"/><SP WIDTH="29" VPOS="1409" HPOS="1164"/>
							<String ID="string_217" HPOS="1193" VPOS="1414" WIDTH="41" HEIGHT="31" WC="0.96" CONTENT="är"/><SP WIDTH="23" VPOS="1414" HPOS="1234"/>
							<String ID="string_218" HPOS="1257" VPOS="1408" WIDTH="233" HEIGHT="48" WC="0.93" CONTENT="fullkomligt"/><SP WIDTH="19" VPOS="1408" HPOS="1490"/>
							<String ID="string_219" HPOS="1509" VPOS="1406" WIDTH="282" HEIGHT="46" WC="0.91" CONTENT="ändamålslöst,"/>
						</TextLine>
						<TextLine ID="line_24" HPOS="198" VPOS="1457" WIDTH="1594" HEIGHT="55">
							<String ID="string_220" HPOS="198" VPOS="1466" WIDTH="46" HEIGHT="36" WC="0.96" CONTENT="då"/><SP WIDTH="41" VPOS="1466" HPOS="244"/>
							<String ID="string_221" HPOS="285" VPOS="1465" WIDTH="48" HEIGHT="36" WC="0.95" CONTENT="all"/><SP WIDTH="41" VPOS="1465" HPOS="333"/>
							<String ID="string_222" HPOS="374" VPOS="1465" WIDTH="60" HEIGHT="36" WC="0.96" CONTENT="för"/><SP WIDTH="42" VPOS="1465" HPOS="434"/>
							<String ID="string_223" HPOS="476" VPOS="1478" WIDTH="46" HEIGHT="23" WC="0.96" CONTENT="en"/><SP WIDTH="42" VPOS="1478" HPOS="522"/>
							<String ID="string_224" HPOS="564" VPOS="1463" WIDTH="103" HEIGHT="49" WC="0.96" CONTENT="dylik"/><SP WIDTH="40" VPOS="1463" HPOS="667"/>
							<String ID="string_225" HPOS="707" VPOS="1462" WIDTH="243" HEIGHT="50" WC="0.96" CONTENT="granskning"/><SP WIDTH="41" VPOS="1462" HPOS="950"/>
							<String ID="string_226" HPOS="991" VPOS="1460" WIDTH="227" HEIGHT="49" WC="0.96" CONTENT="erforderlig"/><SP WIDTH="41" VPOS="1460" HPOS="1218"/>
							<String ID="string_227" HPOS="1259" VPOS="1460" WIDTH="170" HEIGHT="37" WC="0.95" CONTENT="materiel"/><SP WIDTH="41" VPOS="1460" HPOS="1429"/>
							<String ID="string_228" HPOS="1470" VPOS="1459" WIDTH="122" HEIGHT="36" WC="0.96" CONTENT="finnes"/><SP WIDTH="37" VPOS="1459" HPOS="1592"/>
							<String ID="string_229" HPOS="1629" VPOS="1459" WIDTH="69" HEIGHT="36" WC="0.96" CONTENT="hos"/><SP WIDTH="29" VPOS="1459" HPOS="1698"/>
							<String ID="string_230" HPOS="1727" VPOS="1457" WIDTH="65" HEIGHT="37" WC="0.96" CONTENT="det"/>
						</TextLine>
						<TextLine ID="line_25" HPOS="200" VPOS="1510" WIDTH="1592" HEIGHT="44">
							<String ID="string_231" HPOS="200" VPOS="1517" WIDTH="252" HEIGHT="37" WC="0.92" CONTENT="redovisande"/><SP WIDTH="42" VPOS="1517" HPOS="452"/>
							<String ID="string_232" HPOS="494" VPOS="1516" WIDTH="143" HEIGHT="37" WC="0.96" CONTENT="verket."/><SP WIDTH="56" VPOS="1516" HPOS="637"/>
							<String ID="string_233" HPOS="693" VPOS="1516" WIDTH="77" HEIGHT="35" WC="0.93" CONTENT="När"/><SP WIDTH="41" VPOS="1516" HPOS="770"/>
							<String ID="string_234" HPOS="811" VPOS="1520" WIDTH="26" HEIGHT="31" WC="0.63" CONTENT="t."/><SP WIDTH="31" VPOS="1520" HPOS="837"/>
							<String ID="string_235" HPOS="868" VPOS="1527" WIDTH="57" HEIGHT="24" WC="0.93" CONTENT="ex."/><SP WIDTH="31" VPOS="1527" HPOS="925"/>
							<String ID="string_236" HPOS="956" VPOS="1514" WIDTH="346" HEIGHT="36" WC="0.91" CONTENT="räntekammarens"/><SP WIDTH="28" VPOS="1514" HPOS="1302"/>
							<String ID="string_237" HPOS="1330" VPOS="1511" WIDTH="223" HEIGHT="37" WC="0.91" CONTENT="hufvudbok"/><SP WIDTH="28" VPOS="1511" HPOS="1553"/>
							<String ID="string_238" HPOS="1581" VPOS="1510" WIDTH="120" HEIGHT="36" WC="0.91" CONTENT="under"/><SP WIDTH="27" VPOS="1510" HPOS="1701"/>
							<String ID="string_239" HPOS="1728" VPOS="1510" WIDTH="64" HEIGHT="36" WC="0.91" CONTENT="be-"/>
						</TextLine>
						<TextLine ID="line_26" HPOS="197" VPOS="1562" WIDTH="1596" HEIGHT="55">
							<String ID="string_240" HPOS="197" VPOS="1569" WIDTH="235" HEIGHT="48" WC="0.87" CONTENT="nämningen"/><SP WIDTH="40" VPOS="1569" HPOS="432"/>
							<String ID="string_241" HPOS="472" VPOS="1568" WIDTH="226" HEIGHT="49" WC="0.84" CONTENT="utelöpande"/><SP WIDTH="42" VPOS="1568" HPOS="698"/>
							<String ID="string_242" HPOS="740" VPOS="1567" WIDTH="281" HEIGHT="49" WC="0.84" CONTENT="assignationer"/><SP WIDTH="29" VPOS="1567" HPOS="1021"/>
							<String ID="string_243" HPOS="1050" VPOS="1568" WIDTH="82" HEIGHT="44" WC="0.76" CONTENT="(="/><SP WIDTH="27" VPOS="1568" HPOS="1132"/>
							<String ID="string_244" HPOS="1159" VPOS="1564" WIDTH="56" HEIGHT="36" WC="0.91" CONTENT="till"/><SP WIDTH="31" VPOS="1564" HPOS="1215"/>
							<String ID="string_245" HPOS="1246" VPOS="1563" WIDTH="277" HEIGHT="37" WC="0.91" CONTENT="innehafvaren"/><SP WIDTH="29" VPOS="1563" HPOS="1523"/>
							<String ID="string_246" HPOS="1552" VPOS="1562" WIDTH="146" HEIGHT="45" WC="0.96" CONTENT="ställda,"/><SP WIDTH="31" VPOS="1562" HPOS="1698"/>
							<String ID="string_247" HPOS="1729" VPOS="1562" WIDTH="64" HEIGHT="36" WC="0.96" CONTENT="vid"/>
						</TextLine>
						<TextLine ID="line_27" HPOS="198" VPOS="1613" WIDTH="1595" HEIGHT="53">
							<String ID="string_248" HPOS="198" VPOS="1620" WIDTH="206" HEIGHT="37" WC="0.91" CONTENT="anfordran"/><SP WIDTH="41" VPOS="1620" HPOS="404"/>
							<String ID="string_249" HPOS="445" VPOS="1620" WIDTH="194" HEIGHT="36" WC="0.90" CONTENT="betalbara"/><SP WIDTH="41" VPOS="1620" HPOS="639"/>
							<String ID="string_250" HPOS="680" VPOS="1619" WIDTH="246" HEIGHT="47" WC="0.92" CONTENT="anvisningar"/><SP WIDTH="41" VPOS="1619" HPOS="926"/>
							<String ID="string_251" HPOS="967" VPOS="1620" WIDTH="20" HEIGHT="33" WC="0.91" CONTENT="å"/><SP WIDTH="41" VPOS="1620" HPOS="987"/>
							<String ID="string_252" HPOS="1028" VPOS="1616" WIDTH="131" HEIGHT="48" WC="0.93" CONTENT="kungl."/><SP WIDTH="31" VPOS="1616" HPOS="1159"/>
							<String ID="string_253" HPOS="1190" VPOS="1615" WIDTH="296" HEIGHT="37" WC="0.89" CONTENT="statskontorets"/><SP WIDTH="28" VPOS="1615" HPOS="1486"/>
							<String ID="string_254" HPOS="1514" VPOS="1614" WIDTH="166" HEIGHT="47" WC="0.96" CONTENT="räkning"/><SP WIDTH="27" VPOS="1614" HPOS="1680"/>
							<String ID="string_255" HPOS="1707" VPOS="1613" WIDTH="86" HEIGHT="36" WC="0.96" CONTENT="med"/>
						</TextLine>
						<TextLine ID="line_28" HPOS="198" VPOS="1665" WIDTH="1595" HEIGHT="55">
							<String ID="string_256" HPOS="198" VPOS="1672" WIDTH="246" HEIGHT="48" WC="0.96" CONTENT="riksbanken)"/><SP WIDTH="42" VPOS="1672" HPOS="444"/>
							<String ID="string_257" HPOS="486" VPOS="1671" WIDTH="194" HEIGHT="36" WC="0.96" CONTENT="meddelar"/><SP WIDTH="41" VPOS="1671" HPOS="680"/>
							<String ID="string_258" HPOS="721" VPOS="1684" WIDTH="46" HEIGHT="22" WC="0.94" CONTENT="en"/><SP WIDTH="40" VPOS="1684" HPOS="767"/>
							<String ID="string_259" HPOS="807" VPOS="1670" WIDTH="91" HEIGHT="47" WC="0.96" CONTENT="lång"/><SP WIDTH="28" VPOS="1670" HPOS="898"/>
							<String ID="string_260" HPOS="926" VPOS="1669" WIDTH="87" HEIGHT="37" WC="0.96" CONTENT="lista"/><SP WIDTH="28" VPOS="1669" HPOS="1013"/>
							<String ID="string_261" HPOS="1041" VPOS="1669" WIDTH="43" HEIGHT="36" WC="0.95" CONTENT="af"/><SP WIDTH="23" VPOS="1669" HPOS="1084"/>
							<String ID="string_262" HPOS="1107" VPOS="1668" WIDTH="125" HEIGHT="36" WC="0.93" CONTENT="nakna"/><SP WIDTH="28" VPOS="1668" HPOS="1232"/>
							<String ID="string_263" HPOS="1260" VPOS="1666" WIDTH="169" HEIGHT="47" WC="0.92" CONTENT="siffertal,"/><SP WIDTH="30" VPOS="1666" HPOS="1429"/>
							<String ID="string_264" HPOS="1459" VPOS="1671" WIDTH="41" HEIGHT="31" WC="0.96" CONTENT="är"/><SP WIDTH="29" VPOS="1671" HPOS="1500"/>
							<String ID="string_265" HPOS="1529" VPOS="1666" WIDTH="64" HEIGHT="36" WC="0.96" CONTENT="det"/><SP WIDTH="28" VPOS="1666" HPOS="1593"/>
							<String ID="string_266" HPOS="1621" VPOS="1665" WIDTH="80" HEIGHT="36" WC="0.90" CONTENT="helt"/><SP WIDTH="28" VPOS="1665" HPOS="1701"/>
							<String ID="string_267" HPOS="1729" VPOS="1678" WIDTH="64" HEIGHT="23" WC="0.90" CONTENT="en-"/>
						</TextLine>
						<TextLine ID="line_29" HPOS="198" VPOS="1716" WIDTH="1594" HEIGHT="56">
							<String ID="string_268" HPOS="198" VPOS="1724" WIDTH="79" HEIGHT="36" WC="0.92" CONTENT="kelt"/><SP WIDTH="28" VPOS="1724" HPOS="277"/>
							<String ID="string_269" HPOS="305" VPOS="1723" WIDTH="167" HEIGHT="49" WC="0.96" CONTENT="ogörligt"/><SP WIDTH="29" VPOS="1723" HPOS="472"/>
							<String ID="string_270" HPOS="501" VPOS="1727" WIDTH="55" HEIGHT="32" WC="0.96" CONTENT="att"/><SP WIDTH="33" VPOS="1727" HPOS="556"/>
							<String ID="string_271" HPOS="589" VPOS="1727" WIDTH="104" HEIGHT="31" WC="0.96" CONTENT="utom"/><SP WIDTH="28" VPOS="1727" HPOS="693"/>
							<String ID="string_272" HPOS="721" VPOS="1721" WIDTH="132" HEIGHT="49" WC="0.95" CONTENT="kungl."/><SP WIDTH="31" VPOS="1721" HPOS="853"/>
							<String ID="string_273" HPOS="884" VPOS="1721" WIDTH="276" HEIGHT="36" WC="0.96" CONTENT="statskontoret"/><SP WIDTH="28" VPOS="1721" HPOS="1160"/>
							<String ID="string_274" HPOS="1188" VPOS="1718" WIDTH="163" HEIGHT="37" WC="0.96" CONTENT="förvissa"/><SP WIDTH="29" VPOS="1718" HPOS="1351"/>
							<String ID="string_275" HPOS="1380" VPOS="1717" WIDTH="61" HEIGHT="48" WC="0.96" CONTENT="sig"/><SP WIDTH="28" VPOS="1717" HPOS="1441"/>
							<String ID="string_276" HPOS="1469" VPOS="1730" WIDTH="59" HEIGHT="23" WC="0.96" CONTENT="om"/><SP WIDTH="29" VPOS="1730" HPOS="1528"/>
							<String ID="string_277" HPOS="1557" VPOS="1716" WIDTH="235" HEIGHT="48" WC="0.96" CONTENT="riktigheten"/>
						</TextLine>
						<TextLine ID="line_30" HPOS="199" VPOS="1768" WIDTH="1594" HEIGHT="55">
							<String ID="string_278" HPOS="199" VPOS="1776" WIDTH="41" HEIGHT="35" WC="0.96" CONTENT="af"/><SP WIDTH="24" VPOS="1776" HPOS="240"/>
							<String ID="string_279" HPOS="264" VPOS="1775" WIDTH="46" HEIGHT="36" WC="0.93" CONTENT="de"/><SP WIDTH="29" VPOS="1775" HPOS="310"/>
							<String ID="string_280" HPOS="339" VPOS="1775" WIDTH="185" HEIGHT="48" WC="0.91" CONTENT="uppgifna"/><SP WIDTH="27" VPOS="1775" HPOS="524"/>
							<String ID="string_281" HPOS="551" VPOS="1779" WIDTH="196" HEIGHT="44" WC="0.95" CONTENT="posterna;"/><SP WIDTH="31" VPOS="1779" HPOS="747"/>
							<String ID="string_282" HPOS="778" VPOS="1786" WIDTH="87" HEIGHT="23" WC="0.96" CONTENT="man"/><SP WIDTH="29" VPOS="1786" HPOS="865"/>
							<String ID="string_283" HPOS="894" VPOS="1773" WIDTH="171" HEIGHT="35" WC="0.96" CONTENT="kommer"/><SP WIDTH="26" VPOS="1773" HPOS="1065"/>
							<String ID="string_284" HPOS="1091" VPOS="1771" WIDTH="12" HEIGHT="36" WC="0.96" CONTENT="i"/><SP WIDTH="30" VPOS="1771" HPOS="1103"/>
							<String ID="string_285" HPOS="1133" VPOS="1771" WIDTH="106" HEIGHT="47" WC="0.96" CONTENT="fråga"/><SP WIDTH="29" VPOS="1771" HPOS="1239"/>
							<String ID="string_286" HPOS="1268" VPOS="1783" WIDTH="60" HEIGHT="23" WC="0.96" CONTENT="om"/><SP WIDTH="29" VPOS="1783" HPOS="1328"/>
							<String ID="string_287" HPOS="1357" VPOS="1769" WIDTH="86" HEIGHT="36" WC="0.96" CONTENT="dem"/><SP WIDTH="29" VPOS="1769" HPOS="1443"/>
							<String ID="string_288" HPOS="1472" VPOS="1769" WIDTH="83" HEIGHT="36" WC="0.96" CONTENT="icke"/><SP WIDTH="27" VPOS="1769" HPOS="1555"/>
							<String ID="string_289" HPOS="1582" VPOS="1768" WIDTH="135" HEIGHT="48" WC="0.96" CONTENT="längre"/><SP WIDTH="29" VPOS="1768" HPOS="1717"/>
							<String ID="string_290" HPOS="1746" VPOS="1772" WIDTH="47" HEIGHT="31" WC="0.97" CONTENT="än"/>
						</TextLine>
						<TextLine ID="line_31" HPOS="199" VPOS="1818" WIDTH="1594" HEIGHT="57">
							<String ID="string_291" HPOS="199" VPOS="1826" WIDTH="54" HEIGHT="37" WC="0.96" CONTENT="till"/><SP WIDTH="30" VPOS="1826" HPOS="253"/>
							<String ID="string_292" HPOS="283" VPOS="1826" WIDTH="255" HEIGHT="49" WC="0.96" CONTENT="antaganden,"/><SP WIDTH="29" VPOS="1826" HPOS="538"/>
							<String ID="string_293" HPOS="567" VPOS="1824" WIDTH="197" HEIGHT="50" WC="0.97" CONTENT="grundade"/><SP WIDTH="29" VPOS="1824" HPOS="764"/>
							<String ID="string_294" HPOS="793" VPOS="1827" WIDTH="48" HEIGHT="46" WC="0.96" CONTENT="på"/><SP WIDTH="28" VPOS="1827" HPOS="841"/>
							<String ID="string_295" HPOS="869" VPOS="1824" WIDTH="46" HEIGHT="36" WC="0.96" CONTENT="de"/><SP WIDTH="29" VPOS="1824" HPOS="915"/>
							<String ID="string_296" HPOS="944" VPOS="1823" WIDTH="185" HEIGHT="37" WC="0.93" CONTENT="särskilda"/><SP WIDTH="19" VPOS="1823" HPOS="1129"/>
							<String ID="string_297" HPOS="1148" VPOS="1827" WIDTH="201" HEIGHT="44" WC="0.91" CONTENT="posternas"/><SP WIDTH="20" VPOS="1827" HPOS="1349"/>
							<String ID="string_298" HPOS="1369" VPOS="1820" WIDTH="151" HEIGHT="37" WC="0.93" CONTENT="storlek."/><SP WIDTH="58" VPOS="1820" HPOS="1520"/>
							<String ID="string_299" HPOS="1578" VPOS="1818" WIDTH="215" HEIGHT="37" WC="0.80" CONTENT="Kontrolle-"/>
						</TextLine>
						<TextLine ID="line_32" HPOS="198" VPOS="1871" WIDTH="1595" HEIGHT="55">
							<String ID="string_300" HPOS="198" VPOS="1879" WIDTH="134" HEIGHT="37" WC="0.91" CONTENT="randet"/><SP WIDTH="30" VPOS="1879" HPOS="332"/>
							<String ID="string_301" HPOS="362" VPOS="1878" WIDTH="41" HEIGHT="37" WC="0.96" CONTENT="af"/><SP WIDTH="24" VPOS="1878" HPOS="403"/>
							<String ID="string_302" HPOS="427" VPOS="1878" WIDTH="111" HEIGHT="36" WC="0.91" CONTENT="dessa"/><SP WIDTH="28" VPOS="1878" HPOS="538"/>
							<String ID="string_303" HPOS="566" VPOS="1882" WIDTH="131" HEIGHT="44" WC="0.96" CONTENT="poster"/><SP WIDTH="27" VPOS="1882" HPOS="697"/>
							<String ID="string_304" HPOS="724" VPOS="1879" WIDTH="119" HEIGHT="34" WC="0.96" CONTENT="måste"/><SP WIDTH="29" VPOS="1879" HPOS="843"/>
							<String ID="string_305" HPOS="872" VPOS="1876" WIDTH="66" HEIGHT="36" WC="0.96" CONTENT="ske"/><SP WIDTH="30" VPOS="1876" HPOS="938"/>
							<String ID="string_306" HPOS="968" VPOS="1875" WIDTH="62" HEIGHT="36" WC="0.96" CONTENT="vid"/><SP WIDTH="30" VPOS="1875" HPOS="1030"/>
							<String ID="string_307" HPOS="1060" VPOS="1875" WIDTH="45" HEIGHT="36" WC="0.96" CONTENT="de"/><SP WIDTH="28" VPOS="1875" HPOS="1105"/>
							<String ID="string_308" HPOS="1133" VPOS="1873" WIDTH="296" HEIGHT="48" WC="0.96" CONTENT="inventeringar,"/><SP WIDTH="22" VPOS="1873" HPOS="1429"/>
							<String ID="string_309" HPOS="1451" VPOS="1885" WIDTH="81" HEIGHT="24" WC="0.96" CONTENT="som"/><SP WIDTH="21" VPOS="1885" HPOS="1532"/>
							<String ID="string_310" HPOS="1553" VPOS="1871" WIDTH="120" HEIGHT="36" WC="0.93" CONTENT="finnas"/><SP WIDTH="21" VPOS="1871" HPOS="1673"/>
							<String ID="string_311" HPOS="1694" VPOS="1871" WIDTH="99" HEIGHT="35" WC="0.89" CONTENT="före-"/>
						</TextLine>
						<TextLine ID="line_33" HPOS="200" VPOS="1922" WIDTH="1593" HEIGHT="56">
							<String ID="string_312" HPOS="200" VPOS="1931" WIDTH="145" HEIGHT="36" WC="0.91" CONTENT="skrifna"/><SP WIDTH="39" VPOS="1931" HPOS="345"/>
							<String ID="string_313" HPOS="384" VPOS="1930" WIDTH="11" HEIGHT="35" WC="0.96" CONTENT="i"/><SP WIDTH="39" VPOS="1930" HPOS="395"/>
							<String ID="string_314" HPOS="434" VPOS="1932" WIDTH="43" HEIGHT="34" WC="0.96" CONTENT="12"/><SP WIDTH="44" VPOS="1932" HPOS="477"/>
							<String ID="string_315" HPOS="521" VPOS="1929" WIDTH="20" HEIGHT="49" WC="0.87" CONTENT="8"/><SP WIDTH="30" VPOS="1929" HPOS="541"/>
							<String ID="string_316" HPOS="571" VPOS="1930" WIDTH="41" HEIGHT="35" WC="0.96" CONTENT="af"/><SP WIDTH="24" VPOS="1930" HPOS="612"/>
							<String ID="string_317" HPOS="636" VPOS="1928" WIDTH="129" HEIGHT="48" WC="0.93" CONTENT="kungl."/><SP WIDTH="31" VPOS="1928" HPOS="765"/>
							<String ID="string_318" HPOS="796" VPOS="1928" WIDTH="294" HEIGHT="36" WC="0.90" CONTENT="statskontorets"/><SP WIDTH="27" VPOS="1928" HPOS="1090"/>
							<String ID="string_319" HPOS="1117" VPOS="1925" WIDTH="241" HEIGHT="37" WC="0.95" CONTENT="instruktion."/><SP WIDTH="57" VPOS="1925" HPOS="1358"/>
							<String ID="string_320" HPOS="1415" VPOS="1923" WIDTH="73" HEIGHT="36" WC="0.95" CONTENT="Vid"/><SP WIDTH="29" VPOS="1923" HPOS="1488"/>
							<String ID="string_321" HPOS="1517" VPOS="1936" WIDTH="48" HEIGHT="24" WC="0.96" CONTENT="en"/><SP WIDTH="29" VPOS="1936" HPOS="1565"/>
							<String ID="string_322" HPOS="1594" VPOS="1923" WIDTH="115" HEIGHT="36" WC="0.93" CONTENT="sådan"/><SP WIDTH="28" VPOS="1923" HPOS="1709"/>
							<String ID="string_323" HPOS="1737" VPOS="1922" WIDTH="56" HEIGHT="36" WC="0.92" CONTENT="in-"/>
						</TextLine>
						<TextLine ID="line_34" HPOS="199" VPOS="1973" WIDTH="1594" HEIGHT="57">
							<String ID="string_324" HPOS="199" VPOS="1982" WIDTH="213" HEIGHT="48" WC="0.91" CONTENT="ventering,"/><SP WIDTH="31" VPOS="1982" HPOS="412"/>
							<String ID="string_325" HPOS="443" VPOS="1995" WIDTH="79" HEIGHT="22" WC="0.96" CONTENT="som"/><SP WIDTH="29" VPOS="1995" HPOS="522"/>
							<String ID="string_326" HPOS="551" VPOS="1981" WIDTH="110" HEIGHT="36" WC="0.96" CONTENT="faller"/><SP WIDTH="27" VPOS="1981" HPOS="661"/>
							<String ID="string_327" HPOS="688" VPOS="1986" WIDTH="104" HEIGHT="29" WC="0.96" CONTENT="utom"/><SP WIDTH="29" VPOS="1986" HPOS="792"/>
							<String ID="string_328" HPOS="821" VPOS="1979" WIDTH="236" HEIGHT="36" WC="0.96" CONTENT="revisionens"/><SP WIDTH="21" VPOS="1979" HPOS="1057"/>
							<String ID="string_329" HPOS="1078" VPOS="1977" WIDTH="235" HEIGHT="48" WC="0.96" CONTENT="befogenhet"/><SP WIDTH="20" VPOS="1977" HPOS="1313"/>
							<String ID="string_330" HPOS="1333" VPOS="1981" WIDTH="55" HEIGHT="31" WC="0.96" CONTENT="att"/><SP WIDTH="19" VPOS="1981" HPOS="1388"/>
							<String ID="string_331" HPOS="1407" VPOS="1974" WIDTH="217" HEIGHT="46" WC="0.96" CONTENT="verkställa,"/><SP WIDTH="23" VPOS="1974" HPOS="1624"/>
							<String ID="string_332" HPOS="1647" VPOS="1973" WIDTH="146" HEIGHT="48" WC="0.96" CONTENT="åligger"/>
						</TextLine>
						<TextLine ID="line_35" HPOS="200" VPOS="2026" WIDTH="1592" HEIGHT="54">
							<String ID="string_333" HPOS="200" VPOS="2034" WIDTH="63" HEIGHT="35" WC="0.92" CONTENT="det"/><SP WIDTH="27" VPOS="2034" HPOS="263"/>
							<String ID="string_334" HPOS="290" VPOS="2032" WIDTH="493" HEIGHT="48" WC="0.91" CONTENT="inventeringsförrättaren"/><SP WIDTH="28" VPOS="2032" HPOS="783"/>
							<String ID="string_335" HPOS="811" VPOS="2036" WIDTH="54" HEIGHT="31" WC="0.96" CONTENT="att"/><SP WIDTH="20" VPOS="2036" HPOS="865"/>
							<String ID="string_336" HPOS="885" VPOS="2030" WIDTH="114" HEIGHT="36" WC="0.96" CONTENT="bland"/><SP WIDTH="20" VPOS="2030" HPOS="999"/>
							<String ID="string_337" HPOS="1019" VPOS="2035" WIDTH="114" HEIGHT="30" WC="0.96" CONTENT="annat"/><SP WIDTH="19" VPOS="2035" HPOS="1133"/>
							<String ID="string_338" HPOS="1152" VPOS="2028" WIDTH="216" HEIGHT="36" WC="0.96" CONTENT="undersöka"/><SP WIDTH="20" VPOS="2028" HPOS="1368"/>
							<String ID="string_339" HPOS="1388" VPOS="2027" WIDTH="32" HEIGHT="48" WC="0.96" CONTENT="ej"/><SP WIDTH="24" VPOS="2027" HPOS="1420"/>
							<String ID="string_340" HPOS="1444" VPOS="2026" WIDTH="146" HEIGHT="36" WC="0.95" CONTENT="mindre"/><SP WIDTH="20" VPOS="2026" HPOS="1590"/>
							<String ID="string_341" HPOS="1610" VPOS="2038" WIDTH="182" HEIGHT="33" WC="0.96" CONTENT="nummer,"/>
						</TextLine>
						<TextLine ID="line_36" HPOS="199" VPOS="2077" WIDTH="1594" HEIGHT="48">
							<String ID="string_342" HPOS="199" VPOS="2084" WIDTH="102" HEIGHT="36" WC="0.96" CONTENT="antal"/><SP WIDTH="43" VPOS="2084" HPOS="301"/>
							<String ID="string_343" HPOS="344" VPOS="2084" WIDTH="69" HEIGHT="35" WC="0.96" CONTENT="och"/><SP WIDTH="43" VPOS="2084" HPOS="413"/>
							<String ID="string_344" HPOS="456" VPOS="2083" WIDTH="105" HEIGHT="36" WC="0.96" CONTENT="valör"/><SP WIDTH="41" VPOS="2083" HPOS="561"/>
							<String ID="string_345" HPOS="602" VPOS="2082" WIDTH="41" HEIGHT="36" WC="0.96" CONTENT="af"/><SP WIDTH="38" VPOS="2082" HPOS="643"/>
							<String ID="string_346" HPOS="681" VPOS="2082" WIDTH="45" HEIGHT="37" WC="0.96" CONTENT="de"/><SP WIDTH="42" VPOS="2082" HPOS="726"/>
							<String ID="string_347" HPOS="768" VPOS="2082" WIDTH="56" HEIGHT="35" WC="0.93" CONTENT="till"/><SP WIDTH="38" VPOS="2082" HPOS="824"/>
							<String ID="string_348" HPOS="862" VPOS="2085" WIDTH="279" HEIGHT="32" WC="0.92" CONTENT="räntmästaren"/><SP WIDTH="29" VPOS="2085" HPOS="1141"/>
							<String ID="string_349" HPOS="1170" VPOS="2079" WIDTH="173" HEIGHT="36" WC="0.93" CONTENT="lämnade"/><SP WIDTH="29" VPOS="2079" HPOS="1343"/>
							<String ID="string_350" HPOS="1372" VPOS="2077" WIDTH="342" HEIGHT="48" WC="0.91" CONTENT="assignationerna,"/><SP WIDTH="30" VPOS="2077" HPOS="1714"/>
							<String ID="string_351" HPOS="1744" VPOS="2080" WIDTH="49" HEIGHT="31" WC="0.96" CONTENT="än"/>
						</TextLine>
						<TextLine ID="line_37" HPOS="200" VPOS="2127" WIDTH="1590" HEIGHT="47">
							<String ID="string_352" HPOS="200" VPOS="2136" WIDTH="114" HEIGHT="35" WC="0.96" CONTENT="äfven"/><SP WIDTH="42" VPOS="2136" HPOS="314"/>
							<String ID="string_353" HPOS="356" VPOS="2134" WIDTH="186" HEIGHT="37" WC="0.96" CONTENT="huruvida"/><SP WIDTH="41" VPOS="2134" HPOS="542"/>
							<String ID="string_354" HPOS="583" VPOS="2134" WIDTH="192" HEIGHT="36" WC="0.96" CONTENT="desamma"/><SP WIDTH="42" VPOS="2134" HPOS="775"/>
							<String ID="string_355" HPOS="817" VPOS="2132" WIDTH="124" HEIGHT="37" WC="0.95" CONTENT="blifvit"/><SP WIDTH="30" VPOS="2132" HPOS="941"/>
							<String ID="string_356" HPOS="971" VPOS="2132" WIDTH="39" HEIGHT="35" WC="0.96" CONTENT="af"/><SP WIDTH="26" VPOS="2132" HPOS="1010"/>
							<String ID="string_357" HPOS="1036" VPOS="2131" WIDTH="230" HEIGHT="36" WC="0.93" CONTENT="riksbanken"/><SP WIDTH="28" VPOS="2131" HPOS="1266"/>
							<String ID="string_358" HPOS="1294" VPOS="2130" WIDTH="138" HEIGHT="35" WC="0.90" CONTENT="inlösta"/><SP WIDTH="29" VPOS="2130" HPOS="1432"/>
							<String ID="string_359" HPOS="1461" VPOS="2128" WIDTH="101" HEIGHT="46" WC="0.96" CONTENT="eller,"/><SP WIDTH="30" VPOS="2128" HPOS="1562"/>
							<String ID="string_360" HPOS="1592" VPOS="2127" WIDTH="67" HEIGHT="36" WC="0.96" CONTENT="där"/><SP WIDTH="29" VPOS="2127" HPOS="1659"/>
							<String ID="string_361" HPOS="1688" VPOS="2130" WIDTH="41" HEIGHT="32" WC="0.96" CONTENT="så"/><SP WIDTH="29" VPOS="2130" HPOS="1729"/>
							<String ID="string_362" HPOS="1758" VPOS="2127" WIDTH="33" HEIGHT="47" WC="0.94" CONTENT="ej"/>
						</TextLine>
						<TextLine ID="line_38" HPOS="200" VPOS="2178" WIDTH="1594" HEIGHT="54">
							<String ID="string_363" HPOS="200" VPOS="2187" WIDTH="113" HEIGHT="45" WC="0.96" CONTENT="skett,"/><SP WIDTH="34" VPOS="2187" HPOS="313"/>
							<String ID="string_364" HPOS="347" VPOS="2187" WIDTH="122" HEIGHT="34" WC="0.96" CONTENT="finnas"/><SP WIDTH="32" VPOS="2187" HPOS="469"/>
							<String ID="string_365" HPOS="501" VPOS="2186" WIDTH="11" HEIGHT="35" WC="0.96" CONTENT="i"/><SP WIDTH="30" VPOS="2186" HPOS="512"/>
							<String ID="string_366" HPOS="542" VPOS="2186" WIDTH="128" HEIGHT="35" WC="0.96" CONTENT="förvar"/><SP WIDTH="29" VPOS="2186" HPOS="670"/>
							<String ID="string_367" HPOS="699" VPOS="2185" WIDTH="68" HEIGHT="36" WC="0.93" CONTENT="hos"/><SP WIDTH="29" VPOS="2185" HPOS="767"/>
							<String ID="string_368" HPOS="796" VPOS="2188" WIDTH="287" HEIGHT="32" WC="0.91" CONTENT="räntmästaren."/><SP WIDTH="44" VPOS="2188" HPOS="1083"/>
							<String ID="string_369" HPOS="1127" VPOS="2182" WIDTH="134" HEIGHT="36" WC="0.96" CONTENT="Denna"/><SP WIDTH="29" VPOS="2182" HPOS="1261"/>
							<String ID="string_370" HPOS="1290" VPOS="2180" WIDTH="288" HEIGHT="47" WC="0.89" CONTENT="undersökning"/><SP WIDTH="28" VPOS="2180" HPOS="1578"/>
							<String ID="string_371" HPOS="1606" VPOS="2182" WIDTH="79" HEIGHT="32" WC="0.92" CONTENT="åter"/><SP WIDTH="32" VPOS="2182" HPOS="1685"/>
							<String ID="string_372" HPOS="1717" VPOS="2178" WIDTH="77" HEIGHT="35" WC="0.92" CONTENT="för-"/>
						</TextLine>
						<TextLine ID="line_39" HPOS="202" VPOS="2229" WIDTH="1593" HEIGHT="55">
							<String ID="string_373" HPOS="202" VPOS="2242" WIDTH="159" HEIGHT="32" WC="0.82" CONTENT="utsätter"/><SP WIDTH="42" VPOS="2242" HPOS="361"/>
							<String ID="string_374" HPOS="403" VPOS="2238" WIDTH="85" HEIGHT="35" WC="0.93" CONTENT="med"/><SP WIDTH="34" VPOS="2238" HPOS="488"/>
							<String ID="string_375" HPOS="522" VPOS="2236" WIDTH="289" HEIGHT="48" WC="0.96" CONTENT="nödvändighet"/><SP WIDTH="40" VPOS="2236" HPOS="811"/>
							<String ID="string_376" HPOS="851" VPOS="2235" WIDTH="165" HEIGHT="48" WC="0.95" CONTENT="tillgång"/><SP WIDTH="43" VPOS="2235" HPOS="1016"/>
							<String ID="string_377" HPOS="1059" VPOS="2233" WIDTH="53" HEIGHT="36" WC="0.95" CONTENT="till"/><SP WIDTH="29" VPOS="2233" HPOS="1112"/>
							<String ID="string_378" HPOS="1141" VPOS="2232" WIDTH="131" HEIGHT="49" WC="0.91" CONTENT="kungl."/><SP WIDTH="32" VPOS="2232" HPOS="1272"/>
							<String ID="string_379" HPOS="1304" VPOS="2232" WIDTH="297" HEIGHT="36" WC="0.91" CONTENT="statskontorets"/><SP WIDTH="30" VPOS="2232" HPOS="1601"/>
							<String ID="string_380" HPOS="1631" VPOS="2229" WIDTH="164" HEIGHT="47" WC="0.96" CONTENT="räkning"/>
						</TextLine>
						<TextLine ID="line_40" HPOS="202" VPOS="2282" WIDTH="1591" HEIGHT="52">
							<String ID="string_381" HPOS="202" VPOS="2289" WIDTH="83" HEIGHT="37" WC="0.91" CONTENT="med"/><SP WIDTH="41" VPOS="2289" HPOS="285"/>
							<String ID="string_382" HPOS="326" VPOS="2289" WIDTH="243" HEIGHT="45" WC="0.91" CONTENT="riksbanken,"/><SP WIDTH="45" VPOS="2289" HPOS="569"/>
							<String ID="string_383" HPOS="614" VPOS="2288" WIDTH="159" HEIGHT="45" WC="0.91" CONTENT="hvadan,"/><SP WIDTH="44" VPOS="2288" HPOS="773"/>
							<String ID="string_384" HPOS="817" VPOS="2301" WIDTH="59" HEIGHT="22" WC="0.96" CONTENT="om"/><SP WIDTH="36" VPOS="2301" HPOS="876"/>
							<String ID="string_385" HPOS="912" VPOS="2285" WIDTH="242" HEIGHT="48" WC="0.96" CONTENT="inventering"/><SP WIDTH="28" VPOS="2285" HPOS="1154"/>
							<String ID="string_386" HPOS="1182" VPOS="2285" WIDTH="8" HEIGHT="35" WC="0.95" CONTENT="i"/><SP WIDTH="34" VPOS="2285" HPOS="1190"/>
							<String ID="string_387" HPOS="1224" VPOS="2284" WIDTH="159" HEIGHT="47" WC="0.95" CONTENT="behörig"/><SP WIDTH="29" VPOS="2284" HPOS="1383"/>
							<String ID="string_388" HPOS="1412" VPOS="2282" WIDTH="164" HEIGHT="47" WC="0.96" CONTENT="ordning"/><SP WIDTH="29" VPOS="2282" HPOS="1576"/>
							<String ID="string_389" HPOS="1605" VPOS="2286" WIDTH="66" HEIGHT="44" WC="0.96" CONTENT="ägt"/><SP WIDTH="28" VPOS="2286" HPOS="1671"/>
							<String ID="string_390" HPOS="1699" VPOS="2293" WIDTH="94" HEIGHT="33" WC="0.96" CONTENT="rum,"/>
						</TextLine>
					</TextBlock>
				</ComposedBlock>
			</PrintSpace>
		</Page>
	</Layout>
</alto>
