1886 2782
277 172 18 31 2
660 171 253 29 Statsutskottets
939 173 159 27 utlåtande
1121 181 39 19 nr
1182 173 37 28 34
1242 173 35 28 år
1300 173 75 28 1957

335 250 175 30 Utskottet
533 252 53 29 får
610 253 78 29 med
711 253 247 39 tillstyrkande
982 263 41 20 av
1047 254 125 39 Kungl.
1198 254 122 39 Maj:ts
1345 254 132 39 förslag
1501 254 194 35 hemställa,

585 307 50 28 att
661 305 185 40 riksdagen
872 306 58 30 må
954 307 121 29 bifalla
1100 307 125 39 Kungl.
1252 307 123 40 Maj:ts
1401 307 228 30 förevarande
1656 308 106 30 fram-

543 359 175 39 ställning.

334 464 75 34 3:0)
442 465 172 32 Befrielse
632 466 59 31 för
710 467 32 31 S.
762 467 38 31 A.
820 467 179 40 Gideberg
1016 468 82 30 från
1115 469 69 29 viss
1203 468 423 40 ersättningsskyldighet.
1648 468 115 31 Under

277 517 158 39 punkten
463 518 18 29 3
509 518 147 30 föreslår
683 519 125 39 Kungl.
837 520 106 39 Maj:t
970 521 186 39 riksdagen
1184 521 168 39 medgiva,
1381 523 50 28 att
1459 522 31 29 S.
1519 522 37 29 A.
1585 521 176 40 Gideberg,

278 571 115 29 därest
417 571 71 29 han
512 571 95 30 inom
631 572 50 29 tid
706 582 74 20 som
804 573 127 39 Kungl.
956 574 105 39 Maj:t
1084 574 212 30 bestämmer
1320 575 52 29 till
1397 575 189 30 försvarets
1611 575 151 31 civilför-

278 624 156 39 valtning
456 624 171 30 inbetalar
649 627 47 28 ett
718 626 124 40 belopp
865 636 43 19 av
930 627 18 29 2
964 626 62 30 000
1050 628 139 33 kronor,
1212 628 130 30 befrias
1365 628 81 30 från
1469 628 218 31 återstående
1712 639 50 20 er-

278 677 372 40 sättningsskyldighet
676 679 51 29 till
753 679 136 29 kronan
915 680 45 39 på
985 681 112 38 grund
1122 690 42 20 av
1189 681 133 30 Skövde
1348 682 169 40 tingslags
1543 682 218 30 häradsrätts

277 731 79 28 dom
381 730 68 30 den
475 730 19 30 8
519 740 93 21 mars
640 731 93 30 1954.

335 837 175 30 Utskottet
533 838 54 30 får
610 840 78 29 med
713 839 245 39 tillstyrkande
983 850 41 20 av
1048 841 124 39 Kungl.
1198 842 122 39 Maj:ts
1345 842 132 40 förslag
1502 843 193 35 hemställa,

585 894 50 28 att
659 892 185 40 riksdagen
871 893 57 30 må
953 894 121 29 bifalla
1100 895 125 39 Kungl.
1251 895 123 40 Maj:ts
1401 896 229 30 förevarande
1656 897 106 29 fram-

543 945 175 40 ställning.

333 1051 75 34 4:0)
441 1052 172 32 Befrielse
639 1053 60 31 för
725 1054 32 31 S.
784 1054 42 31 O.
854 1054 38 31 P.
920 1053 190 33 Österlund
1136 1055 84 31 från
1246 1058 68 29 viss
1339 1057 423 41 ersättningsskyldighet.

280 1104 115 29 Under
421 1105 159 38 punkten
606 1105 20 29 4
653 1106 146 30 föreslår
826 1107 126 40 Kungl.
980 1108 104 39 Maj:t
1110 1109 188 39 riksdagen
1325 1110 168 39 medgiva,
1522 1112 49 28 att
1599 1111 31 29 S.
1658 1110 39 30 O.
1726 1112 35 29 P.

277 1157 197 35 Österlund,
494 1158 116 30 därest
629 1159 70 29 han
717 1160 94 29 inom
831 1160 51 29 tid
902 1170 76 20 som
998 1162 124 38 Kungl.
1143 1162 105 39 Maj:t
1267 1163 212 30 bestämmer
1500 1164 51 29 till
1572 1164 189 30 försvarets

276 1210 295 41 civilförvaltning
601 1212 171 29 inbetalar
801 1215 48 27 ett
878 1213 126 40 belopp
1035 1224 40 20 av
1107 1215 94 29 1200
1232 1216 140 35 kronor,
1403 1217 130 30 befrias
1563 1217 80 30 från
1673 1218 88 30 åter-

276 1264 141 30 stående
437 1265 413 40 ersättningsskyldighet
870 1267 54 29 till
945 1268 207 29 statsverket
1172 1268 44 39 på
1236 1269 113 38 grund
1370 1279 43 20 av
1432 1280 42 20 en
1495 1270 10 29 i
1527 1271 143 30 ärendet
1690 1281 71 20 om-

276 1317 130 30 nämnd
431 1318 288 39 olyckshändelse
744 1319 66 29 den
833 1319 40 30 25
898 1320 79 38 juni
1004 1320 93 30 1953.

331 1424 186 30 Utskottet.
553 1425 120 30 Såsom
697 1426 189 30 försvarets
910 1427 296 40 civilförvaltning
1231 1429 205 35 framhållit,
1460 1431 62 29 bör
1546 1441 42 20 en
1612 1431 150 30 försum-

279 1477 104 30 melse
403 1486 42 21 av
464 1478 67 29 den
550 1480 53 28 art
621 1488 121 20 varom
761 1479 63 30 här
844 1481 38 28 är
903 1480 99 39 fråga
1021 1481 10 28 i
1051 1482 64 28 och
1135 1481 55 30 för
1210 1482 51 39 sig
1280 1483 167 30 bedömas
1468 1484 116 30 såsom
1605 1485 157 39 allvarlig

279 1530 77 30 med
377 1530 138 40 hänsyn
538 1531 51 30 till
612 1532 41 29 de
676 1532 111 30 risker
810 1533 55 29 för
887 1533 195 39 betydande
1107 1535 138 34 skador,
1271 1544 75 21 som
1370 1536 271 32 försummelsen
1666 1538 95 30 inne-

275 1583 103 30 burit.
417 1583 26 30 Å
472 1584 110 30 andra
609 1585 100 29 sidan
738 1595 101 29 synes
867 1588 49 28 ett
945 1587 216 30 utkrävande
1190 1588 52 30 till
1270 1589 87 29 fullo
1386 1598 42 21 av
1456 1590 154 30 kronans
1639 1593 121 29 ersätt-

276 1637 258 39 ningsanspråk
561 1640 72 27 mot
660 1638 187 31 Österlund
874 1657 44 3 —
946 1649 74 20 som
1047 1641 43 39 på
1118 1642 113 38 grund
1259 1651 41 20 av
1327 1642 272 32 försummelsen
1626 1644 134 41 ådragit

277 1690 49 39 sig
348 1699 42 20 en
412 1690 196 40 betydande
632 1693 413 40 ersättningsskyldighet
1067 1712 42 3 —
1133 1695 141 30 komma
1298 1698 50 27 att
1372 1697 132 29 drabba
1528 1698 129 29 honom
1683 1708 78 30 syn-

277 1743 154 40 nerligen
453 1744 90 30 hårt.
577 1745 175 30 Utskottet
774 1745 63 29 har
860 1746 131 35 därför,
1015 1748 78 29 med
1115 1748 195 30 beaktande
1333 1749 132 39 jämväl
1489 1760 42 20 av
1554 1751 206 31 Österlunds

275 1797 229 30 ekonomiska
525 1798 255 35 förhållanden,
801 1799 75 30 icke
898 1800 91 30 velat
1011 1802 164 29 motsätta
1197 1802 51 38 sig
1269 1804 59 32 att,
1351 1803 44 39 på
1418 1805 68 29 sätt
1508 1805 124 38 Kungl.
1655 1806 105 39 Maj:t

275 1850 188 39 föreslagit,
495 1850 186 31 Österlund
711 1852 128 30 befrias
871 1852 80 30 från
982 1855 413 40 ersättningsskyldighet
1426 1860 72 27 mot
1529 1860 50 28 att
1609 1859 70 29 han
1710 1859 49 29 in-

273 1903 132 30 betalar
432 1904 13 28 1
464 1903 62 30 200
552 1904 139 30 kronor.

327 1956 226 40 Åberopande
580 1958 56 29 det
662 1958 147 30 anförda
835 1960 203 30 hemställer
1064 1962 179 34 utskottet,

582 2013 50 27 att
657 2011 185 40 riksdagen
870 2012 57 30 må
950 2013 122 30 bifalla
1097 2015 125 39 Kungl.
1249 2015 123 40 Maj:ts
1397 2017 229 31 förevarande
1652 2020 107 29 fram-

539 2064 175 40 ställning.

329 2170 75 33 5:0)
437 2171 172 32 Befrielse
632 2172 61 31 för
715 2173 43 30 K.
783 2173 38 31 A.
846 2173 46 32 M.
917 2174 197 32 Lorentzon
1137 2175 83 31 från
1244 2178 68 30 viss
1334 2180 424 40 ersättningsskyldighet.

275 2223 115 29 Under
414 2224 159 39 punkten
598 2224 19 30 5
643 2224 146 31 föreslår
816 2226 126 40 Kungl.
969 2227 104 40 Maj:t
1098 2228 187 40 riksdagen
1311 2231 169 40 medgiva,
1507 2234 50 28 att
1584 2233 38 29 K.
1648 2233 38 29 A.
1713 2233 44 29 M.

272 2276 193 30 Lorentzon
491 2276 129 31 befrias
646 2278 79 30 från
752 2279 413 41 ersättningsskyldighet
1192 2282 52 29 till
1271 2285 209 30 statsverket
1506 2286 44 39 på
1577 2287 112 38 grund
1716 2296 41 20 av

273 2338 42 21 en
341 2330 9 29 i
378 2330 144 30 ärendet
548 2331 191 30 omnämnd
766 2332 288 39 olyckshändelse
1081 2335 66 29 den
1174 2335 42 30 28
1240 2336 78 39 juni
1348 2337 94 31 1953.

327 2435 186 37 Utskottet,
534 2446 74 20 som
627 2437 71 30 inte
720 2438 116 30 funnit
858 2439 188 41 anledning
1068 2441 49 29 till
1139 2442 141 30 erinran
1302 2446 71 27 mot
1395 2444 125 40 Kungl.
1543 2445 122 39 Maj:ts
1687 2447 69 30 för-

271 2488 82 40 slag,
379 2489 212 36 hemställer,
