2155 2648
408 215 37 29 10

365 292 70 37 och
465 293 9 35 i
503 291 133 38 Andra
666 291 224 36 Kammaren
921 292 81 35 190.
1057 289 73 36 Vid
1162 292 91 34 1881
1287 292 58 33 års
1374 288 154 49 riksdag
1557 290 147 47 uppgår
1724 286 63 37 det
1806 287 10 36 i
1836 286 133 37 Första

364 344 225 36 Kammaren
618 344 58 35 till
708 345 67 35 137
806 343 71 35 och
906 342 11 35 i
946 342 128 35 Andra
1102 341 223 36 Kammaren
1355 341 58 35 till
1443 343 88 42 204;
1561 340 146 36 således
1736 339 67 36 har
1826 339 144 35 antalet

364 401 306 43 representanter
712 395 121 35 under
868 397 40 32 14
938 397 40 32 år
1006 393 106 36 ökats
1141 393 82 35 med
1260 395 57 42 26,
1348 393 135 35 hvaraf
1510 394 43 34 12
1584 392 10 34 i
1622 391 133 35 Första
1784 390 69 36 och
1885 393 44 33 14
1959 390 10 35 i

364 447 129 36 Andra
523 446 245 36 "Kammaren.
822 445 54 36 På
916 445 172 35 läktarne
1129 445 134 35 saknas
1304 444 193 36 dessutom
1533 442 79 37 ofta
1641 442 243 48 erforderligt
1912 446 58 31 ut-

363 512 144 36 rymme
535 498 58 36 för
622 498 196 45 åhörarne,
848 496 69 37 och
939 496 67 36 der
1026 496 176 36 anvisade
1232 496 140 48 platser
1395 494 59 37 för
1474 507 172 36 pressens
1666 498 304 44 representanter

364 551 71 35 och
477 549 210 37 referenter
725 557 63 28 äro
828 548 254 47 otillräckliga
1115 554 97 29 samt
1242 553 140 43 ytterst
1417 547 208 47 obeqväma
1653 546 71 36 och
1754 545 214 47 olämpliga.

364 602 149 36 Bristen
542 604 47 45 på
618 615 44 22 en
693 607 121 30 större
843 612 216 36 gemensam
1087 599 113 44 lokal,
1231 600 67 35 der
1319 599 208 36 ledamöter
1545 597 82 36 från
1649 597 97 36 båda
1765 596 205 36 Kamrarne

365 653 126 36 kunde
521 651 292 47 sammanträffa,
842 652 68 35 har
939 650 215 37 äfvenledes
1184 650 126 36 blifvit
1328 650 184 44 anmärkt,
1533 650 135 35 liksom
1694 649 64 35 det
1780 647 191 37 otillräck-

363 705 76 47 liga
467 704 142 35 antalet
637 702 313 36 utskottslokaler
979 702 82 43 och,
1092 702 119 34 ehuru
1243 702 9 34 i
1282 701 145 34 mindre
1447 700 105 47 grad,
1573 701 46 33 de
1641 700 81 34 icke
1747 698 87 35 fullt
1854 699 117 46 lämp-

364 756 76 48 liga
469 754 302 48 anordningarna
800 754 10 35 i
841 767 45 22 en
916 753 59 36 del
1005 752 138 37 sådana
1171 758 96 30 samt
1295 752 190 36 saknaden
1513 750 59 37 för
1600 750 203 36 framtiden
1833 747 38 38 af
1897 749 74 36 till-

363 807 146 47 räcklig
537 806 100 35 lokal
667 805 57 35 för
753 806 64 35 det
845 806 11 34 i
885 805 102 35 stark
1016 804 152 35 tillväxt
1196 804 133 35 stadda
1357 803 220 47 riksdagens
1605 802 197 36 bibliotek.

464 857 117 36 Dessa
617 857 117 47 jemte
777 857 89 35 flere
908 855 117 36 andra
1066 855 246 48 olägenheter
1340 854 111 36 hafva
1488 860 91 29 utan
1608 852 132 37 tvifvel
1770 852 67 36 hos
1865 851 106 36 Riks-

364 909 140 48 dagens
523 909 107 35 fleste
651 907 208 37 ledamöter
880 906 215 36 framkallat
1115 920 44 22 en
1181 906 94 48 liflig
1295 906 142 35 önskan
1457 911 66 39 att,
1540 906 41 46 ju
1604 904 78 36 förr
1703 904 107 35 desto
1841 903 129 43 hellre,

363 960 37 36 få
429 960 189 36 desamma
646 963 40 32 så
713 959 244 47 fullständigt
985 971 78 22 som
1094 958 148 47 möjligt
1271 957 192 48 afhjelpta.
1519 957 141 35 Sådant
1686 956 71 34 kan
1779 955 109 43 dock,
1910 967 62 22 en-

364 1012 70 48 ligt
462 1010 253 37 komiterades
744 1009 107 50 åsigt,
881 1009 82 36 icke
993 1009 85 36 med
1107 1009 173 49 varaktig
1301 1009 70 35 och
1392 1008 145 47 verklig
1559 1007 122 36 fördel
1708 1009 107 33 ernås
1836 1018 135 35 genom

365 1063 72 36 den
466 1063 220 35 alternativt
706 1061 219 49 ifrågasatta
946 1060 240 49 tillbyggnad
1208 1060 39 36 af
1264 1060 65 36 det
1348 1060 124 48 gamla
1492 1059 299 48 riksdagshuset.
1838 1057 67 36 Att
1923 1075 48 4 —

364 1114 58 36 för
459 1120 55 30 att
551 1114 170 47 begagna
759 1127 44 21 en
840 1112 128 48 vanlig
1005 1112 76 35 bild
1120 1131 47 4 —
1202 1112 224 48 ytterligare
1464 1109 86 49 foga
1579 1124 44 22 en
1652 1123 49 36 ny
1730 1110 82 34 klut
1841 1112 47 45 på
1917 1114 55 29 ett

364 1166 178 47 gammalt
566 1165 110 34 kläde
702 1165 72 34 kan
799 1164 166 34 hvarken
992 1176 43 21 ur
1059 1163 180 35 skönhets
1260 1163 192 46 synpunkt
1468 1162 91 35 eller
1574 1161 82 36 från
1673 1166 154 43 nyttans
1844 1159 127 40 stånd-

364 1216 122 48 punkt
514 1229 114 34 gerna
657 1215 199 44 försvaras,
886 1214 46 36 då
960 1212 180 37 behofvet
1169 1212 38 37 af
1232 1227 44 22 en
1305 1226 50 36 ny
1383 1212 176 49 byggnad
1589 1212 221 48 derigenom
1839 1210 132 36 endast

365 1268 121 35 skulle
514 1267 59 35 för
601 1270 124 45 någon
754 1266 55 36 tid
838 1266 196 46 aflägsnas,
1060 1278 83 22 men
1165 1265 155 35 alldeles
1349 1264 81 35 icke
1452 1263 308 36 tillfredsställas.
1815 1261 54 36 De
1889 1262 82 34 icke

365 1319 107 46 ringa
500 1318 215 43 kostnader,
745 1330 80 23 som
851 1316 95 36 efter
966 1316 63 35 det
1048 1329 73 35 nya
1141 1315 489 48 representationsskickets
1651 1313 211 48 antagande
1882 1312 89 35 ned-

365 1369 104 36 lades
498 1372 47 45 på
574 1369 63 35 det
665 1368 217 36 nuvarande
911 1367 298 48 riksdagshuset,
1239 1365 105 50 afsåg
1372 1365 300 49 uppenbarligen
1694 1365 98 35 blott
1812 1370 55 30 ett
1886 1376 86 35 pro-

365 1420 179 36 visoriskt
573 1419 243 36 anordnande
846 1417 40 37 af
910 1418 307 48 oundgängligen
1247 1417 240 48 nödvändiga
1516 1417 144 35 lokaler
1688 1415 59 36 för
1776 1415 72 36 den
1869 1420 103 30 snart

366 1470 167 37 derefter
574 1469 354 37 sammanträdande
970 1468 227 49 Riksdagen,
1239 1469 70 35 och
1352 1469 116 43 tiden,
1502 1469 101 34 inom
1642 1467 153 36 hvilken
1824 1466 148 35 arbetet

366 1526 118 31 måste
514 1535 87 22 vara
630 1521 249 40 fullbordadt,
908 1520 84 35 lade
1023 1520 133 35 hinder
1186 1521 9 34 i
1224 1527 120 40 vägen
1374 1519 58 35 för
1462 1525 54 29 ett
1545 1518 190 46 varaktigt
1763 1518 69 35 och
1854 1518 118 46 lämp-

366 1574 70 47 ligt
477 1572 194 36 ordnande
702 1571 38 36 af
766 1572 121 35 denna
928 1571 143 48 vigtiga
1113 1570 287 48 angelägenhet.
1455 1569 126 49 Länge
1616 1568 132 48 dröjde
1782 1568 63 36 det
1874 1568 96 35 dock

366 1624 93 45 icke,
491 1625 111 34 innan
624 1624 66 35 hos
717 1623 212 47 Riksdagen
952 1628 121 29 röster
1095 1622 141 47 höjdes,
1257 1621 254 36 anmärkande
1533 1620 346 47 otillräckligheten
1901 1618 70 36 och

366 1673 318 49 bristfälligheten
715 1673 39 36 af
779 1674 45 35 de
853 1673 255 48 provisoriska
1151 1672 304 47 anordningarne
1497 1672 69 35 och
1605 1671 196 36 uttalande
1830 1671 57 47 sig
1914 1669 59 36 för

366 1725 238 49 uppförande
634 1725 39 36 af
699 1730 53 31 ett
780 1730 85 42 nytt
892 1724 258 47 riksdagshus,
1179 1724 152 47 värdigt
1360 1724 70 35 den
1460 1723 160 36 svenska
1639 1722 226 47 Riksdagen,
1890 1728 82 28 vär-

367 1777 80 47 digt
476 1776 84 36 dess
589 1777 161 43 valmän,
780 1776 64 36 det
872 1776 158 35 svenska
1059 1775 129 36 folket.
1231 1774 128 37 Redan
1387 1774 63 36 vid
1483 1777 92 34 1872
1606 1777 59 32 års
1692 1773 155 47 riksdag
1876 1772 95 35 hade

367 1828 108 35 dessa
516 1828 140 47 åsigter
698 1828 101 35 inom
840 1827 351 47 representationen
1234 1826 135 35 vunnit
1397 1825 71 36 den
1511 1825 244 48 utbredning,
1785 1829 54 30 att
1866 1823 106 35 Riks-

367 1880 132 46 dagen,
537 1882 102 44 uppå
677 1879 144 35 enskild
856 1879 208 34 motionärs
1098 1877 289 47 framställning,
1423 1876 122 36 beslöt
1580 1876 198 47 uppdraga
1806 1878 38 32 åt
1871 1874 100 35 Full-

367 1930 166 47 mäktige
562 1931 9 34 i
601 1929 392 49 Riksgäldskontoret,
1022 1935 234 41 gemensamt
1284 1928 84 35 med
1397 1927 254 48 Fullmäktige
1680 1927 10 35 i
1719 1926 252 43 Riksbanken,

468 1979 37 47 a)
534 1987 67 38 att,
630 1981 116 35 sedan
775 1979 252 49 Fullmäktige
1048 1985 75 30 satt
1143 1980 56 47 sig
1220 1980 9 34 i
1250 1979 232 36 förbindelse
1504 1978 83 35 med
1609 1978 45 35 de
1675 1976 295 44 vederbörande,

369 2032 124 35 hvilka
523 2033 9 33 i
562 2031 104 48 fråga
695 2045 60 22 om
784 2030 389 49 Helgeandsholmens
1208 2030 194 36 ordnande
1431 2035 96 30 samt
1556 2042 60 22 om
1653 2028 134 47 Kongl.
1818 2027 153 36 hofstal-

367 2084 70 34 lets
465 2083 239 48 förflyttning
731 2083 57 35 till
817 2096 120 21 annan
968 2082 155 47 lämplig
1151 2082 97 47 plats
1277 2081 117 36 borde
1424 2081 121 44 höras,
1567 2081 74 35 låta
1662 2080 204 36 verkställa
1885 2078 86 36 full-

367 2133 151 48 ständig
558 2134 216 47 utredning,
816 2133 81 35 dels
926 2146 58 22 om
1028 2133 207 35 kostnaden
1276 2131 59 36 för
1363 2145 44 22 en
1442 2132 114 35 sådan
1598 2131 251 47 förflyttning,
1891 2130 80 35 dels

369 2184 188 36 huruvida
587 2190 54 30 ett
669 2190 79 30 mot
777 2184 214 36 ändamålet
1018 2182 88 37 fullt
1134 2183 182 36 svarande
1352 2182 246 48 riksdagshus
1631 2182 126 36 kunde
1787 2184 20 33 å
1834 2180 137 49 Helge-

368 2235 246 36 andsholmen
656 2234 180 50 uppföras
864 2242 95 28 samt
988 2248 60 22 om
1077 2234 248 49 möjligheten
1367 2234 70 36 och
1476 2233 412 48 ändamålsenligheten
1917 2237 55 31 att

368 2287 179 48 antingen
576 2286 11 35 i
616 2299 140 23 samma
784 2286 178 49 byggnad
990 2287 187 47 inrymma
1204 2285 242 36 Riksbanken
1476 2285 69 35 och
1589 2284 382 49 Riksgäldskontoret,
