2155 2645
397 201 37 28 16

355 278 113 37 höfva
508 277 254 37 öfverskridas
803 278 58 36 för
902 278 298 48 komplettering
1241 277 39 36 af
1318 277 243 46 inventarier,
1600 277 179 47 antingen
1815 276 73 36 den
1926 275 41 36 af

355 329 335 38 Slottsarkitekten
718 329 190 37 Jacobson
937 329 213 49 föreslagna
1178 329 238 49 tillbyggnad
1438 329 92 36 eller
1553 329 69 35 den
1646 327 219 49 ifrågasatta
1885 341 77 22 om-

355 382 227 48 byggnaden
623 381 40 37 af
699 381 286 49 riksdagshuset
1026 382 121 35 skulle
1188 381 234 36 verkställas.
1481 380 14 36 I
1525 379 177 37 afseende
1732 383 18 32 å
1779 380 97 47 plats
1905 378 57 36 för

355 434 65 36 det
456 447 73 35 nya
564 433 298 49 riksdagshuset,
897 433 212 48 uttrycktes
1144 433 71 35 den
1244 433 164 47 mening,
1438 439 50 29 att
1516 433 68 34 den
1612 432 93 35 enda
1735 430 117 36 dertill
1877 430 86 47 fullt

354 485 176 50 lämpliga
563 485 109 49 plats,
709 498 75 23 som
810 484 139 49 funnes
977 485 13 35 i
1017 483 211 48 Stockholm,
1257 497 82 23 vore
1369 483 366 49 Helgeandsholmens
1763 489 116 29 vestra
1907 482 55 35 del

355 537 71 36 och
455 544 55 29 att
539 537 67 36 der
633 537 121 36 skulle
784 537 126 35 kunna
939 536 187 36 anordnas
1156 550 43 22 en
1230 535 224 49 tillräckligt
1482 541 79 30 stor
1590 534 175 49 byggnad
1796 540 91 30 utan
1907 539 55 31 att

355 589 169 49 skymma
565 587 135 50 Kongl.
730 588 132 36 slottet
902 588 93 36 eller
1036 588 160 48 menligt
1236 587 155 37 inverka
1432 589 48 46 på
1514 586 132 36 taflans
1676 585 174 45 skönhet,
1879 584 82 36 från

355 640 152 36 hvilken
536 640 81 36 sida
645 653 85 23 man
760 647 45 28 än
834 639 224 36 betraktade
1088 640 84 35 den.
1226 638 85 36 Men
1341 638 47 36 då
1416 638 255 36 kostnaderna
1699 637 59 36 för
1781 650 44 23 en
1846 636 115 36 sådan

355 692 232 47 anläggning
627 692 58 34 till
725 690 95 47 följd
861 690 39 35 af
932 690 212 35 hofstallets
1181 691 181 47 flyttning
1391 690 70 34 och
1491 689 117 35 andra
1636 688 326 47 omständigheter

354 755 91 23 vore
474 745 39 33 så
541 741 93 50 godt
662 755 80 23 som
771 741 178 49 omöjliga
989 746 55 31 att
1073 754 64 23 ens
1166 739 246 37 närmelsevis
1440 739 178 44 beräkna,
1649 739 69 36 och
1749 737 213 51 ordalydel-

355 807 63 23 sen
448 794 11 35 i
487 792 233 49 Riksdagens
749 793 125 36 beslut
902 793 115 36 »helst
1038 796 19 32 å
1077 792 315 36 Riddarholmen»
1414 790 231 37 innefattade
1667 804 44 22 en
1729 791 233 47 uppmaning

355 851 56 30 att
451 845 66 35 der
558 845 171 48 uppsöka
771 858 45 22 en
858 844 158 48 lämplig
1048 844 110 48 plats,
1188 847 39 32 så
1255 843 185 48 föreslogs
1469 843 11 34 i
1508 843 134 35 sådant
1671 841 215 36 hänseende
1916 841 45 35 de

354 901 151 39 tomter,
534 909 80 24 som
643 909 50 23 nu
732 903 64 28 äro
832 896 201 48 bebyggda
1062 895 84 36 med
1174 894 401 49 Riksgäldskontorets
1605 893 69 36 och
1704 893 258 36 Riksarkivets

355 949 81 35 hus.
492 948 63 47 Sju
585 948 156 49 stycken
771 948 307 48 eskissritningar
1106 947 59 35 till
1193 952 84 43 nytt
1304 946 246 48 riksdagshus
1580 949 19 32 å
1629 945 123 36 denna
1781 945 97 47 plats
1905 950 57 30 ut-

355 999 198 36 arbetades
577 1000 118 47 jemte
724 998 325 48 kostnadsförslag
1078 998 71 36 och
1179 1011 45 23 en
1253 998 117 36 tabell
1398 997 58 36 för
1471 996 218 49 jemförelse
1709 996 137 36 mellan
1867 1002 95 29 stor-

354 1052 110 35 leken
493 1050 40 37 af
557 1051 194 35 lokalerna
780 1051 118 48 enligt
927 1050 45 36 de
1002 1050 100 36 olika
1129 1049 189 49 förslagen
1349 1049 57 36 till
1435 1049 256 48 riksdagshus.
1740 1048 128 48 Enligt
1887 1046 74 37 för-

355 1103 121 48 slaget
505 1102 234 36 beräknades

505 1154 210 35 kostnaden
748 1152 58 36 för
835 1152 64 36 det
926 1166 74 34 nya
1028 1152 286 47 riksdagshuset
1341 1151 59 35 till
1429 1150 62 36 Kr.
1524 1152 209 43 1,350,000:
1766 1169 40 4 —

507 1204 153 37 hvartill
688 1204 149 36 komme
863 1202 279 37 ofvannämnda
1161 1202 160 36 kostnad
1342 1201 58 36 för

555 1256 297 48 komplettering
880 1254 39 36 af
945 1255 230 35 inventarier
1201 1285 193 5 .......e---
1451 1265 13 18 »
1564 1254 245 42 128,758:
1762 1249 49 55 60

1075 1331 92 36 eller
1195 1331 207 35 tillsamans
1430 1329 63 36 Kr.
1525 1331 208 43 1,478,758:
1765 1331 56 34 60.

455 1409 64 36 Uti
557 1408 72 36 den
658 1408 208 44 skrifvelse,
896 1407 180 36 hvarmed
1105 1406 142 37 Herrar
1274 1406 254 48 Fullmäktige
1556 1407 59 35 till
1644 1404 317 38 Stats-Utskottet

355 1461 64 35 vid
450 1461 94 36 1880
573 1463 58 32 års
660 1459 153 48 riksdag
842 1458 281 37 öfverlemnade
1144 1458 162 36 berörda
1325 1457 206 49 utredning
1545 1458 117 47 jemte
1683 1457 186 47 ritningar
1889 1456 70 36 och

354 1510 326 49 kostnadsförslag
720 1524 47 22 m.
797 1524 60 31 m.,
900 1510 210 36 hemstälde
1151 1509 142 36 Herrar
1337 1508 266 47 Fullmäktige,
1649 1508 188 35 huruvida
1878 1508 81 35 icke

355 1561 316 38 Stats-Utskottet
710 1561 127 36 kunde
873 1562 101 35 finna
1003 1561 79 36 skäl
1111 1560 138 36 föreslå
1277 1560 227 47 Riksdagen,
1534 1565 55 30 att
1617 1559 65 35 det
1711 1558 39 36 af
1776 1561 93 34 1879
1901 1562 58 32 års

353 1613 166 48 Riksdag
547 1613 254 46 Fullmäktige
830 1611 113 49 gifna,
981 1612 67 35 här
1078 1611 110 37 ofvan
1218 1611 250 36 omförmälda
1499 1610 174 48 uppdrag
1700 1613 116 32 måtte
1845 1609 115 36 varda

353 1664 178 49 förnyadt
573 1665 70 35 och
686 1664 159 36 anstånd
882 1664 58 35 till
976 1665 91 34 1881
1101 1666 58 32 års
1187 1662 153 48 riksdag
1369 1662 83 36 med
1483 1662 234 36 utlåtandets
1746 1660 214 48 afgifvande

355 1716 9 35 i
407 1715 246 37 förevarande
694 1714 106 48 fråga
841 1715 115 36 varda
996 1713 143 36 Herrar
1180 1712 252 49 Fullmäktige
1475 1712 217 49 medgifvet.
1755 1712 91 36 Lika
1876 1712 84 35 med

353 1767 142 36 Herrar
536 1767 254 47 Fullmäktige
832 1769 115 45 ansåg
988 1764 317 37 Stats-Utskottet
1338 1765 72 35 den
1438 1765 144 47 vigtiga
1611 1764 131 47 frågan
1772 1764 31 47 ej
1834 1764 126 34 kunna

354 1824 114 30 annat
509 1825 45 28 än
597 1818 113 35 vinna
751 1820 48 45 på
840 1830 45 22 en
927 1816 260 49 sorgfälligare
1219 1815 180 50 pröfning
1427 1823 45 28 än
1502 1817 103 35 tiden
1634 1816 48 34 då
1710 1814 209 48 medgifvit,
1949 1815 9 34 i

354 1869 206 48 synnerhet
596 1882 81 22 som
714 1868 46 36 de
795 1867 157 37 anförda
980 1868 116 35 orden
1127 1867 116 36 »helst
1272 1870 19 32 å
1319 1867 316 36 Riddarholmen»
1665 1866 30 47 ej
1726 1865 232 36 innefattade

355 1934 45 22 en
441 1921 114 35 sådan
598 1920 204 48 ovilkorlig
842 1918 206 45 föreskrift,
1091 1924 55 30 att
1187 1918 95 45 icke,
1319 1919 63 35 vid
1412 1932 46 22 en
1485 1917 154 37 fortsatt
1667 1917 230 48 behandling
1925 1916 40 36 af

354 1972 122 35 denna
516 1970 117 48 fråga,
675 1970 111 37 äfven
827 1970 117 36 andra
979 1970 180 48 lämpliga
1188 1970 142 47 platser
1358 1969 58 36 för
1445 1975 54 30 ett
1527 1975 84 42 nytt
1639 1968 245 48 riksdagshus
1913 1975 44 28 än

355 2022 73 36 den
457 2028 124 30 senast
608 2022 226 47 föreslagna,
866 2034 88 23 vare
990 2021 56 47 sig
1074 2024 47 44 på
1149 2020 297 36 Riddarholmen
1476 2020 92 36 eller
1596 2025 105 31 utom
1731 2020 227 42 densamma,

354 2073 127 36 kunde
512 2074 148 35 komma
690 2073 121 35 under
839 2072 289 48 öfvervägande.
1183 2071 15 35 I
1226 2070 391 37 öfverensstämmelse
1639 2070 84 36 med
1745 2070 213 37 Utskottets

355 2125 224 35 hemställan
609 2124 122 36 beslöt
758 2124 217 47 Riksdagen
1005 2129 55 29 att
1088 2123 55 35 uti
1169 2122 401 47 Riksgäldskontorets
1599 2135 49 22 nu
1683 2121 174 48 gällande
1877 2134 81 34 reg-

354 2176 164 35 lemente
559 2175 122 36 skulle
723 2174 140 36 införas
905 2179 54 31 ett
987 2177 40 33 så
1067 2173 164 49 lydande
1269 2173 225 49 stadgande:
1541 2172 152 45 »Sedan,
1724 2172 95 36 efter
1847 2173 111 35 väckt

354 2226 142 49 förslag
526 2240 46 22 om
613 2226 239 49 tillbyggnad
881 2225 40 36 af
946 2225 64 36 det
1037 2225 124 48 gamla
1185 2224 296 49 riksdagshuset,
1505 2227 93 34 1878
1621 2227 59 33 års
1700 2223 176 47 Riksdag,
1898 2236 60 22 en-

353 2278 71 48 ligt
451 2275 18 48 $
500 2281 42 33 71
574 2277 39 36 af
647 2290 141 23 samma
830 2280 58 32 års
928 2277 243 47 reglemente,
1214 2279 38 32 åt
1285 2275 251 49 Fullmäktige
1565 2275 207 48 uppdragit
1800 2281 55 29 att
1882 2274 77 36 låta
