2156 2638
1715 205 34 29 11

188 278 92 35 eller
309 277 70 36 ock
409 277 57 37 för
503 278 240 37 Riksbanken
773 282 46 55 på
848 284 114 31 annat
998 285 74 31 sätt
1108 280 141 36 bereda
1286 281 157 48 lämplig
1471 281 113 64 lokal,
1614 282 179 48 antingen

188 332 47 44 på
262 329 372 48 Helgeandsholmen
664 331 91 34 eller
784 331 9 34 i
824 330 84 36 dess
937 331 205 58 granskap;

288 378 34 47 b)
352 386 56 30 att
436 381 76 35 låta
554 388 172 41 uppgöra
768 381 248 49 fullständiga
1052 383 187 47 ritningar
1272 383 70 35 och
1376 383 325 48 kostnadsförslag
1736 385 58 35 till

187 430 392 49 Helgeandsholmens
609 433 193 35 ordnande
832 433 70 35 och
932 413 261 68 bebyggande
1208 433 58 36 för
1295 433 278 37 ofvannämnda
1608 416 185 63 ändamål,

187 462 134 55 dervid
351 482 117 36 borde
498 483 151 35 utredas
680 484 208 35 kostnaden
917 485 178 35 särskildt
1123 484 57 35 för
1208 484 236 48 uppförande
1474 486 132 35 endast
1639 486 39 35 af
1702 461 92 77 riks-

188 533 165 48 dagshus
382 539 96 30 samt
506 534 179 36 särskildt
713 536 181 46 antingen
923 535 59 35 för
1010 535 168 35 bankens
1208 536 69 35 och
1312 535 399 48 Riksgäldskontorets
1741 538 52 35 in-

188 564 220 68 rymmande
438 585 10 35 i
476 585 298 48 riksdagshuset,
812 565 91 56 eller
939 586 58 35 för
1034 585 235 49 uppförande
1304 586 40 36 af
1376 568 172 55 bankhus
1578 592 46 44 på
1656 588 138 49 Helge-

188 636 247 35 andsholmen
466 636 90 35 eller
585 650 121 22 annan
735 615 158 70 lämplig
921 638 114 46 plats;

289 684 32 48 c)
351 692 56 30 att
435 686 58 36 för
521 686 149 49 frågans
701 688 106 35 bästa
835 689 153 47 möjliga
1017 689 147 47 lösning
1192 688 138 36 bereda
1356 689 147 35 tillfälle
1524 690 57 35 till
1601 690 113 35 täflan
1737 689 57 36 för

189 738 97 44 dem,
328 751 81 22 som
450 738 86 35 ville
579 719 138 67 afgifva
759 740 186 47 ritningar
974 740 69 35 och
1072 718 142 69 förslag
1241 740 11 35 i
1282 746 137 38 ämnet,
1449 746 96 31 samt
1573 740 58 36 för
1659 741 135 38 sådant

189 767 174 57 ändamål
392 788 139 36 utfästa
559 765 180 76 lämpliga
767 765 239 77 belöningar;

290 837 38 47 d)
358 846 55 30 att
441 840 134 36 utreda
606 853 59 23 om
695 841 69 35 och
796 841 10 34 i
835 819 110 58 hvad
963 820 83 57 mån
1076 847 94 30 samt
1201 841 119 36 under
1349 842 127 35 hvilka
1510 843 123 35 vilkor
1662 843 132 36 Stock-

189 891 120 35 holms
338 891 345 48 stadsfullmäktige
712 892 125 35 kunde
866 906 89 22 vara
983 893 149 47 hugade
1162 893 70 35 och
1261 893 172 48 skyldige
1462 899 55 30 att
1546 894 178 47 deltaga
1711 887 22 58 i
1748 895 45 35 de

188 942 86 35 med
303 921 390 68 Helgeandsholmens
723 943 194 36 ordnande
946 943 179 36 förenade
1154 944 222 44 kostnader;
1406 944 70 36 och

289 990 31 49 e)
350 999 67 41 att,
446 993 113 36 sedan
590 994 157 36 ärendet
772 994 159 36 sålunda
952 994 151 36 erhållit
1131 995 115 48 nödig
1275 995 215 48 utredning,
1520 996 59 35 till
1610 998 93 35 1873
1734 999 59 33 års

201 1045 153 46 Viksdag
383 1045 191 35 inkomma
603 1045 84 35 med
716 1045 240 48 fullständigt
996 1045 142 49 förslag
1166 1047 10 34 i
1206 1052 126 30 ämnet
1360 1052 96 30 samt
1484 1048 9 33 i
1523 1047 270 48 sammanhang

188 1095 154 36 dermed
364 1096 135 35 utreda
520 1099 47 44 på
587 1096 97 35 hvad
706 1102 75 29 sätt
801 1097 220 35 nuvarande
1041 1097 247 47 riksdagshus
1309 1096 191 37 äfvensom
1522 1097 121 49 öfriga
1663 1098 130 48 fastig-

188 1147 118 43 heter,
345 1160 80 22 som
456 1147 9 34 1i
494 1146 91 48 följd
616 1147 40 35 af
689 1147 107 36 dessa
833 1147 140 47 förslag
1010 1148 80 35 icke
1128 1149 129 35 vidare
1286 1148 183 36 behöfdes
1498 1148 57 36 för
1583 1150 66 35 sitt
1678 1163 114 21 nuva-

186 1197 116 36 rande
333 1198 186 42 ändamål,
549 1198 126 35 kunde
706 1198 347 48 ändamålsenligen
1083 1198 58 36 för
1170 1200 156 35 allmänt
1353 1199 123 36 behof
1489 1200 189 36 användas
1699 1201 93 34 eller

186 1249 208 47 lämpligen
423 1248 193 48 föryttras.

286 1299 118 37 Dessa
433 1300 188 48 åtgärder,
651 1300 126 36 hvilka
807 1301 9 34 i
845 1301 74 35 viss
947 1304 84 32 mån
1060 1314 91 22 voro
1181 1301 189 36 beroende
1399 1300 39 36 af
1455 1302 245 48 utredningar
1720 1303 71 35 och

187 1350 125 36 beslut
342 1350 84 36 utaf
463 1351 116 35 andra
621 1351 278 48 myndigheter,
941 1351 216 36 medhunno
1192 1351 255 49 Fullmäktige
1484 1353 82 35 icke
1596 1359 55 30 att
1679 1354 9 34 i
1719 1354 72 35 alla

187 1402 104 35 delar
319 1402 58 36 till
407 1404 94 34 1873
532 1405 59 32 års
619 1402 154 47 riksdag
800 1403 218 44 verkställa,
1048 1402 151 36 hvarför
1227 1409 83 42 nytt
1341 1403 174 49 uppdrag
1544 1404 10 34 i
1575 1404 45 35 de
1643 1403 147 37 felande

186 1453 154 36 delarne
369 1452 82 36 blef
476 1456 36 32 åt
542 1453 254 48 Fullmäktige
826 1454 177 35 lemnadt.

286 1504 127 35 Jemte
447 1504 130 36 vidare
615 1484 206 68 utredning
850 1505 11 35 i
889 1510 127 30 ämnet
1044 1504 152 49 ingåfvo
1226 1504 253 47 Fullmäktige
1509 1506 10 34 i
1548 1505 241 37 Riksbanken

186 1555 70 35 och
284 1554 385 48 Riksgäldskontoret
697 1556 72 61 till
788 1534 93 58 1874
910 1559 59 32 års
998 1535 165 67 Riksdag
1189 1552 149 55 tvenne,
1358 1556 10 34 i
1396 1544 199 60 anledning
1614 1556 40 36 af
1669 1563 121 30 utsatt

185 1607 128 42 täflan,
342 1607 179 34 inkomna
561 1607 186 47 ritningar”
754 1601 92 41 och
884 1586 324 68 kostnadsförslag
1236 1606 58 36 för
1323 1584 71 59 den
1424 1586 220 68 ifrågasatta
1672 1608 118 48 bygg-

185 1635 128 57 naden
338 1661 20 31 å
386 1633 386 76 Helgeandsholmen,
801 1658 216 47 uppgjorda
1039 1657 96 36 efter
1156 1658 45 35 de
1222 1658 99 34 olika
1342 1632 263 78 alternativen,
1627 1658 72 36 den
1721 1672 68 22 ena

185 1709 38 34 af
248 1684 236 60 Arkitekten
516 1707 121 49 Helgo
679 1686 205 58 Zettervall
926 1709 69 35 och
1039 1709 71 35 den
1148 1708 115 36 andra
1293 1708 39 36 af
1364 1708 225 37 Arkitekten
1626 1709 163 36 Fredrik

185 1758 117 37 Olaus
331 1759 227 40 Lindström,
587 1760 174 35 slutande
790 1760 56 47 sig
874 1760 71 35 den
973 1759 121 36 förres
1123 1760 322 47 kostnadsförslag
1477 1759 59 36 för
1565 1774 44 21 en
1637 1774 153 49 gemen-

184 1822 78 23 sam
304 1810 176 48 byggnad
522 1809 57 36 för
618 1810 226 48 Riksdagen,
886 1810 241 36 Riksbanken
1164 1810 68 36 och
1270 1810 381 49 Riksgäldskontoret
1688 1815 20 31 å
1744 1825 44 22 en

184 1856 146 71 sumrna
371 1860 41 36 af
447 1862 196 42 3,500,000
685 1842 140 55 kronor
867 1862 69 35 och
978 1861 72 35 den
1092 1875 148 22 senares
1282 1861 58 36 för
1381 1875 44 22 en
1463 1862 115 35 sådan
1611 1862 177 49 byggnad

185 1925 19 21 å
259 1914 170 42 1,470,921
474 1890 141 57 kronor
643 1915 43 33 31
719 1919 76 29 öre.
848 1912 56 35 En
933 1913 160 35 särskild
1134 1913 139 35 nämnd
1315 1916 127 44 utsågs
1471 1912 57 36 för
1555 1915 234 47 granskning

184 1925 82 72 och
285 1941 236 57 bedömande
550 1962 39 36 af
614 1963 106 35 dessa
749 1963 186 48 ritningar
963 1963 69 35 och
1058 1962 152 49 förslag.
1265 1963 129 35 Denna
1401 1943 153 56 nämnd
1555 1943 232 57 förklarade

184 2013 10 35 i
224 2013 158 47 afgifvet
411 2013 194 36 utlåtande
634 2015 57 47 sig
720 2015 80 34 icke
831 2013 109 37 hafva
967 2013 126 36 funnit
1120 2014 212 48 tillrådligt,
1362 2020 55 30 att
1444 2015 207 47 någotdera
1680 2014 40 37 af
1742 2016 45 35 de

184 2063 144 49 ingifna
368 2063 188 48 förslagen
598 2065 103 35 lades
738 2066 58 34 till
829 2065 123 47 grund
980 2064 58 36 för
1066 2065 71 35 den
1167 2064 153 36 afsedda
1358 2065 239 47 byggnaden,
1627 2079 83 22 men
1741 2067 46 34 då

185 2115 190 36 desamma
404 2116 10 34 1i
442 2116 90 34 flere
562 2116 104 35 delar
694 2116 126 35 kunde
849 2123 139 40 utgöra
1017 2121 55 30 ett
1098 2116 94 47 godt
1221 2116 185 47 underlag
1426 2116 69 35 och
1516 2116 192 36 förarbete
1730 2118 56 35 till

185 2170 53 31 ett
266 2172 85 43 nytt
378 2165 206 37 fristående
613 2166 142 49 förslag
782 2168 10 34 i
822 2172 137 41 ämnet,
988 2167 214 35 tilldelades
1231 2180 43 22 en
1304 2167 92 35 hvar
1424 2166 39 36 af
1479 2167 44 35 de
1548 2168 163 35 täflande
1733 2174 54 29 ett

183 2218 78 46 pris
290 2216 40 36 af
357 2219 108 43 2,500
494 2217 151 36 kronor.
700 2218 15 35 I
744 2217 130 48 sjelfva
903 2218 113 35 saken
1046 2218 209 35 hemstälde
1284 2218 64 35 det
1379 2224 266 30 sammansatta
1670 2218 117 36 Stats-

184 2268 71 35 och
284 2268 316 47 Banko-Utskott,
631 2272 38 33 åt
697 2269 111 36 hvars
841 2268 276 37 förberedande
1153 2268 230 49 behandling
1414 2267 132 50 frågan
1581 2268 125 37 blifvit
1734 2269 53 37 öf-
