1908 2824
302 130 17 28 6
676 128 436 33 Konstitutionsutskottets
1131 127 176 32 utlåtande
1325 138 42 20 nr
1383 128 52 31 22.

307 216 266 31 statsministern
594 214 192 37 respektive
807 213 198 31 statsrådets
1026 212 109 33 äldste
1155 212 11 30 i
1186 212 108 37 tjänst
1313 211 152 32 varande
1487 211 151 31 ledamot
1660 212 63 35 äga
1743 212 69 29 rätt

307 271 48 27 att
377 266 79 31 från
478 265 285 37 myndigheterna
784 264 157 30 inhämta
961 264 68 30 alla
1051 263 41 30 de
1113 263 259 37 upplysningar,
1395 272 76 20 som
1491 261 173 31 erfordras
1685 262 57 29 för
1761 271 49 20 re-

308 316 403 31 visionsverksamheten.
737 314 49 31 På
809 315 112 35 grund
947 315 108 29 härav
1080 313 187 31 förordade
1292 312 213 31 revisorerna
1530 321 41 21 en
1596 313 146 36 översyn
1770 321 42 21 av

306 368 42 30 de
368 367 266 35 bestämmelser,
656 375 75 21 som
752 366 129 35 reglera
902 365 99 29 deras
1021 365 230 29 verksamhet.
1273 363 78 30 Med
1374 363 138 36 hänsyn
1533 363 49 30 till
1602 363 133 30 ämnets
1756 362 55 30 be-

308 418 200 30 skaffenhet
526 420 113 33 syntes
659 416 57 30 det
737 416 78 29 dem
834 415 84 30 böra
939 416 188 28 ankomma
1148 413 44 38 på
1213 413 217 36 fullmäktige
1449 414 10 29 i
1482 413 332 35 riksgäldskontoret

308 472 49 26 att
375 468 205 30 föranstalta
599 476 58 21 om
675 466 243 35 utredningens
940 464 263 31 verkställande.

353 518 48 31 På
422 519 196 35 tillstyrkan
637 527 43 21 av
699 517 251 31 statsutskottet
973 513 71 39 (utl.
1064 525 42 20 nr
1127 512 73 39 128)
1226 515 65 30 har
1310 515 234 30 innevarande
1562 514 142 36 riksdag
1721 513 11 30 i
1754 523 56 21 en-

308 569 105 35 lighet
436 568 79 30 med
538 568 230 30 revisorernas
792 566 127 36 förslag
942 566 186 36 uppdragit
1152 564 36 31 åt
1210 564 215 36 fullmäktige
1448 564 11 30 i
1481 564 333 36 riksgäldskontoret

309 623 49 27 att
373 619 111 31 under
500 618 194 30 beaktande
712 617 129 37 jämväl
858 626 42 21 av
916 615 204 32 sambandet
1136 616 129 29 mellan
1280 615 41 30 de
1340 615 136 35 statliga
1494 614 320 36 revisionsorganen

309 670 65 29 och
396 669 200 35 riksdagens
618 668 149 30 revision
786 667 204 30 föranstalta
1010 676 56 20 om
1086 676 42 20 en
1149 665 94 36 dylik
1264 665 191 35 utredning.

354 770 74 29 Vad
448 768 73 32 åter
540 768 106 36 angår
663 768 67 30 den
749 778 42 20 av
811 767 184 35 riksdagen
1015 766 145 30 sålunda
1180 766 11 30 i
1209 765 228 32 förevarande
1456 765 253 36 sammanhang
1728 765 87 30 även

309 819 147 31 berörda
477 819 124 35 frågan
623 828 58 20 om
702 817 206 33 sambandet
928 817 128 30 mellan
1077 817 42 30 de
1141 816 136 36 statliga
1298 815 321 36 revisionsorganen
1640 815 65 30 och
1729 814 85 30 riks-

310 870 127 36 dagens
460 869 157 36 revision,
641 870 123 36 knytes
788 869 156 30 intresset
965 868 65 30 här
1054 867 124 32 främst
1204 867 50 30 till
1277 865 203 38 spörsmålet
1502 876 57 20 om
1582 864 233 31 förhållandet

311 921 127 30 mellan
466 924 127 27 statens
621 919 212 31 sakrevision
861 919 64 30 och
953 918 309 30 statsrevisorerna.
1291 916 52 31 Då
1369 920 128 26 statens
1527 915 211 31 sakrevision
1765 915 50 30 in-

311 971 150 30 rättades
478 970 40 31 år
535 971 82 30 1943
634 970 76 30 stod
727 970 56 30 det
798 970 100 35 klart,
916 973 49 26 att
984 969 76 31 dess
1076 966 372 38 granskningsområde
1465 966 11 30 i
1493 970 84 27 stort
1594 970 63 28 sett
1675 967 141 29 komme

311 1025 48 27 att
376 1021 245 30 sammanfalla
639 1020 79 30 med
738 1019 326 35 statsrevisorernas,
1083 1019 144 30 bortsett
1244 1017 78 30 från
1339 1018 131 29 banko-
1489 1017 65 30 och
1570 1016 245 35 riksgäldsver-

311 1073 76 29 ken.
410 1067 27 34 Å
459 1071 109 30 andra
590 1070 100 31 sidan
711 1069 123 37 ansågs
857 1070 10 29 i
891 1069 340 30 överensstämmelse
1252 1068 78 30 med
1355 1069 79 29 1941
1458 1066 55 31 års
1535 1066 281 31 revisionsutred-

310 1122 83 36 ning
421 1122 98 38 (SOU
543 1120 180 40 1942:57),
746 1125 49 26 att
815 1120 167 30 olikheter
1003 1121 10 29 i
1034 1119 98 35 fråga
1153 1129 58 20 om
1233 1118 66 30 den
1321 1117 297 31 konstitutionella
1640 1116 175 36 ställning-

311 1182 42 20 en
371 1176 90 27 samt
478 1171 415 31 verksamhetsformerna
911 1169 108 31 måste
1037 1169 158 31 medföra
1213 1169 91 30 vissa
1323 1168 275 36 skiljaktigheter
1614 1167 11 30 i
1643 1166 98 36 fråga
1759 1176 57 20 om

312 1223 41 29 de
378 1222 91 31 båda
495 1222 334 35 revisionsorganens
854 1220 262 35 verkningssätt.
1144 1219 305 31 Statsrevisorerna
1475 1217 89 31 hade
1589 1217 146 31 sålunda
1760 1226 56 20 en-

312 1273 60 35 ligt
390 1271 395 36 revisionsutredningen
802 1272 10 29 i
829 1272 172 35 egenskap
1019 1280 42 21 av
1078 1274 46 27 ett
1140 1269 202 36 riksdagens
1359 1277 107 28 organ
1484 1272 48 27 att
1551 1269 150 35 granska
1718 1272 98 26 stats-

312 1323 255 35 förvaltningen
585 1324 87 29 även
689 1332 41 21 ur
749 1322 108 30 andra
878 1322 215 36 synpunkter
1110 1322 44 29 än
1174 1321 42 29 de
1235 1326 74 26 rent
1328 1319 236 30 ekonomiska.
1586 1319 134 30 Statens
1740 1319 77 29 sak-

313 1373 165 31 revisions
504 1372 260 37 huvuduppgift
790 1371 119 37 avsågs
936 1372 156 30 däremot
1118 1371 93 30 bliva
1239 1370 211 36 granskning
1476 1379 41 20 av
1544 1369 273 35 förvaltningens

313 1423 331 36 ändamålsenlighet
662 1433 41 21 ur
724 1422 226 31 ekonomiska
969 1422 224 37 synpunkter,
1215 1421 167 30 ehuruväl
1402 1421 87 29 även
1509 1419 180 36 härvidlag
1708 1418 110 31 andra

312 1475 177 29 allmänna
513 1474 167 30 intressen
702 1473 107 30 borde
831 1474 105 35 ägnas
960 1472 215 36 erforderligt
1197 1471 204 31 beaktande.
1427 1471 67 29 För
1516 1474 49 26 att
1587 1473 128 27 statens
1740 1470 77 29 sak-

313 1524 148 31 revision
484 1524 10 30 i
517 1524 141 36 lämplig
682 1523 208 36 omfattning
916 1523 110 30 skulle
1049 1524 120 29 kunna
1195 1522 91 29 bliva
1312 1525 47 27 ett
1383 1521 236 36 komplement
1644 1520 50 32 till
1719 1523 98 27 stats-

313 1575 192 30 revisionen
525 1575 64 29 och
608 1574 55 30 för
682 1578 49 27 att
750 1573 174 36 samtidigt
942 1573 141 36 onödigt
1102 1572 245 31 dubbelarbete
1368 1571 111 31 skulle
1497 1571 118 30 kunna
1635 1569 182 36 undvikas,

313 1635 80 22 vore
418 1625 56 31 det
498 1624 188 31 emellertid
710 1625 186 36 angeläget,
922 1628 49 27 att
995 1624 41 30 de
1062 1622 91 31 båda
1178 1622 320 36 revisionsorganen
1523 1621 184 37 uppehölle
1732 1621 86 29 nära

312 1676 147 30 kontakt
481 1675 79 30 med
584 1675 181 30 varandra.
790 1674 221 31 Sistnämnda
1034 1674 178 36 synpunkt
1235 1672 225 31 underströks
1484 1681 42 20 av
1550 1671 267 36 departements-

314 1726 122 30 chefen
454 1727 10 29 i
479 1735 96 28 prop.
594 1735 42 21 nr
654 1726 61 30 164
733 1726 50 30 till
801 1726 82 30 1943
899 1724 55 31 års
971 1724 139 36 riksdag
1127 1723 176 36 angående
1319 1722 198 31 inrättande
1535 1731 41 21 av
1594 1725 129 27 statens
1742 1721 77 30 sak-

314 1776 158 31 revision.

360 1828 83 30 1946
465 1826 56 32 års
543 1826 167 31 revisorer
730 1826 186 30 framhöllo
936 1825 11 30 i
968 1825 52 30 sin
1041 1825 180 30 berättelse
1241 1823 111 31 under
1373 1824 17 37 8
1415 1825 52 34 33,
1488 1827 50 27 att
1558 1823 87 30 flera
1667 1832 43 21 av
1733 1822 86 30 riks-

314 1878 110 35 dagen
447 1877 150 36 begärda
618 1876 233 36 utredningar,
874 1885 74 21 som
970 1876 117 30 kunde
1109 1876 176 32 betraktas
1308 1874 113 31 såsom
1444 1878 47 27 ett
1513 1874 54 30 led
1589 1873 10 30 i
1624 1884 41 20 en
1690 1872 130 31 allmän

315 1929 147 35 översyn
487 1938 42 20 av
557 1928 66 29 den
649 1927 136 35 statliga
811 1926 442 35 revisionsverksamheten,
1281 1926 93 29 ännu
1402 1924 76 31 icke
1504 1924 59 30 lett
1590 1923 50 31 till
1666 1923 152 30 resultat.

316 1979 62 30 Det
399 1988 81 20 vore
502 1978 185 35 angeläget,
710 1981 50 27 att
784 1976 212 37 spörsmålen
1020 1980 135 26 snarast
1176 1975 183 36 bringades
1384 1975 50 31 till
1455 1984 42 22 en
1520 1974 143 36 lösning.
1688 1974 14 29 I
1727 1973 93 30 detta

315 2029 253 35 sammanhang
595 2027 107 31 borde
730 2029 86 29 även
845 2027 109 31 andra
982 2027 79 30 med
1088 2026 434 30 revisionsverksamheten
1551 2024 268 34 sammanhäng-

315 2079 88 30 ande
427 2078 117 36 frågor
567 2083 171 32 upptagas
764 2078 49 30 till
836 2078 160 30 närmare
1018 2076 223 36 granskning.
1267 2077 62 29 Det
1352 2075 108 31 borde
1484 2074 145 31 sålunda
1655 2073 164 31 undersö-

315 2130 72 36 kas,
417 2128 173 31 huruvida
618 2130 95 30 inom
740 2128 67 31 den
836 2127 135 36 statliga
997 2127 431 31 revisionsverksamheten
1457 2125 245 31 dubbelarbete
1731 2124 88 30 före-

315 2181 149 29 komme.
491 2180 52 30 En
567 2188 118 23 annan
708 2178 98 37 fråga
832 2187 81 22 vore
937 2179 41 30 de
1003 2177 136 36 statliga
1164 2177 337 35 revisionsorganens
1527 2175 160 36 ställning
1713 2174 11 30 i
1751 2174 68 30 för-

315 2229 163 31 hållande
497 2230 49 30 till
564 2229 201 36 riksdagens
784 2229 175 30 revisorer.
980 2229 48 30 Av
1047 2228 174 36 betydelse
1241 2237 79 23 vore
1340 2231 50 27 att
1409 2231 46 26 ett
1477 2225 245 37 klarläggande
1742 2225 78 30 här-

315 2281 148 30 utinnan
485 2279 137 32 skedde.

362 2326 92 35 Över
485 2330 230 31 revisorernas
750 2329 254 36 framställning
1039 2328 148 37 avgåvos
1220 2327 184 38 yttranden
1437 2336 43 21 av
1514 2326 303 36 riksräkenskaps-

316 2382 116 30 verket
456 2382 66 30 och
547 2384 126 27 statens
699 2379 222 32 sakrevision.
946 2379 421 36 Riksräkenskapsverket
1391 2377 147 31 anförde
1563 2377 122 30 därvid
1709 2376 44 30 bl.
1779 2385 40 26 a.,

316 2436 49 26 att
392 2436 46 26 ett
465 2431 84 31 visst
573 2430 192 32 samarbete
794 2430 214 30 förekomme
1034 2430 127 30 mellan
1186 2428 213 31 revisorerna
1426 2428 66 30 och
1518 2426 302 36 riksräkenskaps-
