1886 2812
516 157 295 33 Statsutskottets
842 155 188 34 utlåtande
1061 156 53 32 Nr
1139 157 28 29 ?.
1502 152 40 32 13

124 239 85 36 17:0)
254 237 18 31 I
294 236 153 37 enlighet
470 236 76 31 med
568 235 133 37 Kungl.
725 235 117 36 Maj:ts
865 235 128 35 förslag
1016 233 198 32 hemställer
1237 233 171 35 utskottet,

523 315 52 30 att
608 312 185 37 riksdagen
816 313 56 30 må
895 322 43 20 ur
961 312 185 30 riksstaten
1169 311 148 31 utesluta
1340 310 56 31 det
1418 309 171 31 ordinarie

481 364 303 37 förslagsanslaget
807 364 57 31 till
888 364 266 36 övergångsstat
1177 363 56 36 för
1248 362 340 36 kontrollstyrelsen.

124 462 86 38 18:o)
256 461 132 36 Kungl.
422 461 100 36 Maj:t
556 460 64 31 har
654 459 178 36 föreslagit
859 458 182 37 riksdagen
1064 458 123 37 (punkt
1211 459 53 36 21)
1288 459 51 29 att
1361 457 55 31 till
1438 458 152 35 upprätt-

81 514 162 31 hållande
265 524 45 20 av
334 513 334 36 kontrollstyrelsens
691 511 219 31 verksamhet
932 511 54 30 för
1008 510 201 36 budgetåret
1232 509 213 31 1927—1928
1469 509 121 30 anvisa

80 567 49 30 ett
151 567 99 30 extra
272 566 121 35 anslag
416 574 46 21 av
485 565 117 35 22,900
626 564 136 30 kronor.

125 617 221 32 Beträffande
380 617 228 36 utredningen
642 616 13 30 i
689 615 141 32 ärendet
864 615 54 31 får
940 615 165 31 utskottet
1128 614 147 31 hänvisa
1298 613 55 31 till
1376 613 60 31 sid.
1461 612 128 32 31—33

80 681 47 21 av
150 670 377 37 statsrådsprotokollet.

126 758 18 31 I
166 757 166 31 samband
354 756 77 31 med
447 755 252 32 fastställandet
721 765 45 20 av
790 754 333 36 kontrollstyrelsens
1146 753 230 36 organisation
1400 753 12 29 i
1435 752 73 31 dess
1531 762 60 20 nu-

83 809 151 31 varande
258 809 90 31 form
370 808 184 37 uppfördes
576 808 20 30 å
619 807 194 36 riksstaten,
838 806 105 31 bland
970 807 115 34 annat,
1115 807 48 29 ett
1185 807 98 29 extra
1305 805 118 35 anslag
1439 804 56 30 till
1511 813 81 26 upp-

83 861 231 32 rätthållande
337 871 44 21 av
405 859 333 37 kontrollstyrelsens
772 858 219 31 verksamhet
1024 857 109 31 under
1156 857 197 36 budgetåret
1377 856 214 30 1924—1925

83 916 21 30 å
127 915 118 36 22,400
268 915 138 30 kronor.
451 913 141 31 Samma
614 912 120 36 anslag
758 911 65 31 har
837 911 63 30 ock
915 911 152 30 anvisats
1082 910 54 30 för
1151 910 210 36 budgetåren
1377 908 214 31 1925—1926

83 967 64 31 och
172 967 227 31 1926—1927.

129 1019 18 32 I
170 1020 99 35 fråga
292 1029 56 20 om
370 1017 272 36 användningen
665 1026 45 21 av
733 1016 57 31 det
813 1015 54 31 för
889 1015 201 36 budgetåret
1114 1014 214 31 1926—1927
1352 1013 162 31 anvisade
1535 1023 58 20 an-

85 1072 109 35 slaget
228 1071 89 30 hava
349 1072 160 29 närmare
542 1068 255 31 bestämmelser
831 1067 187 31 meddelats
1046 1067 11 30 i
1081 1067 83 30 brev
1187 1066 56 31 till
1266 1066 240 30 statskontoret
1528 1064 65 31 den

87 1124 19 30 5
140 1133 93 21 mars
268 1122 96 32 1926.
410 1122 18 30 I
462 1121 92 31 detta
588 1120 81 31 brev
699 1120 65 31 har
793 1119 132 37 Kungl.
950 1119 101 36 Maj:t
1073 1119 179 35 förklarat,
1276 1118 104 31 bland
1403 1119 117 34 annat,
1543 1119 51 28 att

85 1176 79 31 med
187 1175 176 31 anlitande
386 1185 45 20 av
454 1174 157 35 anslaget
633 1173 12 30 i
669 1173 99 35 fråga
791 1173 57 30 må
871 1172 60 30 hos
954 1171 316 36 kontrollstyrelsen
1283 1170 191 31 tillsvidare
1486 1169 108 31 under

87 1228 96 31 tiden
207 1229 18 29 1
250 1227 66 37 juli
340 1226 173 32 1926—30
537 1226 77 36 juni
638 1225 84 31 1927
746 1224 169 31 anställas
949 1225 46 30 ett
1029 1223 166 37 juridiskt
1229 1223 139 35 biträde,
1392 1232 42 21 en
1457 1222 138 36 byråin-

88 1281 147 36 spektör,
270 1290 42 21 en
336 1279 246 37 byråingenjör
616 1278 62 30 och
712 1278 48 30 ett
792 1276 250 32 kanslibiträde
1065 1278 172 33 ävensom,
1261 1276 13 30 i
1297 1275 63 31 den
1383 1276 81 29 mån
1487 1276 37 29 så
1548 1284 48 20 er-

89 1333 146 35 fordras,
259 1333 98 30 extra
372 1330 341 36 befattningshavare
741 1329 62 31 och
826 1329 228 35 sakkunniga.
1101 1328 17 30 TI
1141 1328 154 35 enlighet
1317 1327 140 30 härmed
1474 1326 121 36 gestal-

88 1386 55 30 tar
167 1385 53 36 sig
244 1384 244 36 dispositionen
511 1393 45 20 av
580 1382 93 31 detta
695 1381 122 36 anslag
841 1382 43 35 på
907 1380 152 36 följande
1083 1381 81 29 sätt:

176 1447 49 29 ett
247 1444 166 37 juridiskt
435 1443 134 31 biträde
590 1435 14 50 =
608 1465 595 6 oss..ommsessessrssrsrarerersrenereransrsr
1122 1435 38 50 enar
1165 1435 42 50 ennn
1230 1441 125 29 kronor
1401 1439 95 36 3,000

176 1507 42 21 en.
241 1496 262 37 byråinspektör
525 1495 41 38 (D
583 1496 54 36 22)
653 1517 496 5 s=sssoe-smsemssucsssmwansas
1087 1489 66 48 vux
1156 1518 47 3 a
1288 1503 13 16 >
1402 1491 95 36 7,212

176 1559 44 21 en
242 1548 245 37 byråingenjör
511 1547 41 38 (B
576 1548 54 36 21)
649 1569 552 6 ......nsoessssessessesesesrseneseresriresesnenn
1167 1540 38 49 enn
1287 1555 13 16 »
1401 1543 95 36 6,048

176 1602 51 31 ett:
250 1600 249 32 kanslibiträde
519 1621 683 7 ..sssmsmnmmsmssmsssysnssemanssssswsess
1290 1608 12 15 »
1404 1595 94 36 2,520

180 1655 98 29 extra
300 1651 342 37 befattningshavare
664 1650 62 32 och
750 1650 218 36 sakkunniga
987 1673 210 5 ..........e-e.-.
1285 1660 13 16 »
1403 1648 95 35 3,620

1063 1710 144 31 Summa
1230 1710 126 30 kronor
1380 1710 126 35 22,400.

134 1794 75 30 Den
231 1802 45 21 av
299 1792 133 35 Kungl.
456 1791 100 36 Maj:t
577 1800 49 21 nu
649 1790 195 36 föreslagna
867 1789 241 36 förhöjningen
1132 1798 44 20 av
1199 1788 152 36 anslaget
1366 1790 39 28 är
1420 1787 177 30 föranledd

90 1856 46 21 av
170 1846 51 30 att
254 1845 60 30 två
346 1854 45 21 av
425 1842 368 37 befattningshavarna
820 1843 59 29 äro
907 1840 209 37 berättigade
1139 1840 56 31 till
1218 1840 232 36 uppflyttning
1475 1840 12 29 i
1510 1839 88 30 löne-

91 1898 93 31 klass
206 1897 108 31 under
337 1894 283 33 nästkommande
643 1894 178 36 budgetår.

137 1976 53 31 Då
213 1975 165 31 utskottet
401 1974 75 30 icke
498 1973 75 31 haft
595 1973 106 35 något
723 1973 52 29 att
797 1972 115 30 erinra
936 1973 70 29 mot
1029 1971 132 35 Kungl.
1186 1970 116 36 Maj:ts
1325 1970 138 36 förslag,
1479 1970 54 29 får
1548 1971 51 28 ut-

91 2029 127 30 skottet
241 2026 192 36 hemställa,

538 2105 52 30 att
624 2103 186 36 riksdagen
844 2103 57 30 må
935 2102 55 31 till.
1008 2101 329 37 upprätthållande
1364 2110 43 21 av
1431 2100 168 31 kontroll-

496 2157 191 36 styrelsens
709 2155 226 32 verksamhet
957 2155 54 30 för
1033 2153 200 37 budgetåret
1249 2153 213 31 1927—1928
1478 2152 122 31 anvisa

498 2210 47 30 ett
567 2210 97 30 extra
686 2208 121 36 anslag
831 2218 45 20 av
900 2207 116 36 22,900
1040 2206 136 31 kronor.

139 2313 86 41 19:0)
269 2313 51 31 På
354 2312 113 37 grund
501 2323 44 20 av
577 2312 133 36 Kungl.
734 2312 117 36 Maj:ts
874 2311 128 36 förslag
1027 2310 123 37 (punkt
1174 2311 53 36 22)
1250 2309 62 31 och
1335 2309 107 31 under
1464 2309 137 30 hänvis-

1610 234 198 35 Övergångsstat

1618 274 42 29 för
1680 272 120 24 kontroll-

1641 308 135 29 styrelsen.

1672 342 80 38 [20.]

1648 462 130 23 Kontroll

1644 496 140 31 styrelsens

1627 532 166 24 verksamhet.

1672 567 81 37 [21.]

1647 2322 122 24 Kontroll
1787 2323 16 22 å

96 2366 86 36 ning
216 2365 56 32 till
307 2365 69 31 vad
409 2364 369 37 statsrådsprotokollet
812 2363 74 38 (sid.
916 2363 40 30 33
984 2363 62 31 och
1070 2362 54 37 34)
1148 2363 12 29 i
1184 2363 116 30 ämnet
1323 2361 200 35 innehåller,
1548 2360 55 30 får
1628 2357 191 31 tillverknings-

95 2418 165 31 utskottet
282 2417 192 35 hemställa,

1664 2392 118 30 avgifter.
