1920 2828
621 171 226 29 Statsutskottets
868 171 147 28 utlåtande
1035 170 50 28 Nr
1109 170 69 29 164.
1612 165 19 31 3

137 257 85 30 agen
245 257 55 20 om
324 245 270 42 förfoganderätt
616 246 53 31 för
691 244 235 42 luftskyddets
948 244 121 38 behov,
1093 245 100 39 utgår
1208 242 193 41 ersättning
1416 242 146 31 allenast
1577 242 53 31 för

123 296 116 32 arbete
271 296 111 31 under
415 296 59 39 tid,
508 296 44 31 då
574 294 257 33 vederbörande
855 295 100 41 eljest
977 294 111 32 skulle
1111 294 86 31 hava
1219 293 108 31 utfört
1350 292 280 32 förvärvsarbete.

841 379 19 31 6
882 378 30 42 8.

177 439 68 33 För
267 439 77 39 den,
370 450 73 21 som
466 439 35 31 in
524 440 123 30 natura
670 438 146 32 erhåller
839 437 200 41 erforderlig
1058 435 214 44 förplägnad,
1290 435 153 32 minskas
1459 435 173 41 daglönen

126 491 79 32 med
227 492 56 30 två
305 490 136 32 kronor.

845 530 71 42 78

178 592 69 32 För
279 603 128 31 person
440 591 109 32 under
582 591 143 31 aderton
754 592 36 30 år
813 591 80 40 äger
915 588 277 42 luftskyddschef
1213 588 192 32 bestämma
1426 587 92 42 lägre
1542 587 92 31 löne-

124 643 128 42 belopp
284 645 43 29 än
351 642 42 32 de
417 641 10 32 i
450 644 19 30 2
492 642 65 31 och
580 642 20 31 5
622 641 44 42 $$
689 641 146 41 angivna
859 642 88 30 samt
969 640 93 41 lägre
1085 639 126 42 avdrag
1233 640 42 30 än
1298 638 12 32 1
1333 639 19 31 6
1374 637 22 43 8
1419 638 139 41 stadgas
1582 637 53 31 för

127 693 204 43 förplägnad
353 693 36 31 in
412 694 129 30 natura.

845 733 72 41 88.

178 794 69 33 Vid
269 794 228 42 tjänstgöring
520 793 108 42 enligt
651 794 19 30 2
691 792 21 43 3
734 792 174 42 uppbäres
931 792 62 31 full
1016 791 124 42 daglön
1165 791 53 31 för
1233 790 223 42 begynnelse-
1472 789 64 32 och
1554 789 81 32 slut-

128 846 157 41 dagarna,
320 845 116 31 därest
468 844 275 42 tjänstgöringen
771 845 19 30 å
813 843 103 31 dessa
939 842 102 42 dagar
1065 843 147 40 uppgått
1235 841 52 31 till
1310 840 107 32 minst
1439 840 131 31 hälften
1595 851 40 20 av

129 896 65 32 den
218 896 100 41 eljest
341 895 156 42 brukliga
519 893 347 44 tjänstgöringstiden
889 894 53 31 för
964 893 74 41 dag,
1063 892 65 32 och
1151 892 101 42 eljest
1274 892 80 31 halv
1378 891 134 41 daglön.

180 946 67 33 Vid
270 946 237 42 tjänstgöring,
530 946 54 31 för
606 946 112 31 vilken
742 945 122 31 timlön
888 945 107 40 utgår,
1019 943 125 32 räknas
1167 943 130 41 dygnet
1312 942 74 31 från
1402 941 145 32 klockan
1565 952 68 21 sex.

128 998 19 31 I
180 997 344 43 tjänstgöringstiden
547 996 163 32 inräknas
733 995 65 32 den
824 995 60 39 tid,
909 1006 73 20 som
1006 994 156 41 skäligen
1185 995 95 39 åtgår
1302 993 53 31 för
1378 992 74 32 färd
1474 992 54 31 till
1552 992 84 31 eller

128 1049 73 31 från
225 1048 396 41 tjänstgöringsplatsen.
659 1046 68 32 Vid
750 1046 117 32 brutet
889 1045 157 32 timantal
1069 1044 123 32 räknas
1215 1044 147 31 allenast
1386 1042 59 39 tid,
1470 1054 74 21 som
1569 1053 67 20 om-

130 1100 100 31 fattat
252 1099 107 31 minst
381 1098 77 32 halv
481 1098 128 31 timme.
654 1097 69 31 För
746 1096 215 33 sistnämnda
982 1095 52 32 tid
1057 1096 100 41 utgår
1179 1094 56 32 hel
1258 1094 133 32 timlön.

847 1190 18 31 9
881 1188 37 43 8.

182 1252 85 38 Lön,
285 1250 190 41 ersättning
490 1250 53 31 för
558 1248 127 33 mistad
700 1248 153 32 inkomst
870 1247 64 32 och
949 1246 268 41 bostadsbidrag
1233 1245 171 32 utbetalas
1420 1245 11 31 i
1444 1244 191 32 efterskott.

837 1333 39 32 10
898 1332 31 42 8.

184 1395 86 39 Den,
295 1406 74 21 som
394 1394 102 41 tagits
519 1394 11 31 i
554 1393 149 42 anspråk
725 1393 53 31 för
801 1391 138 42 ständig
960 1389 431 43 luftskyddstjänstgöring
1413 1389 72 31 tills
1508 1388 128 38 vidare,

130 1448 80 39 äger
230 1445 58 32 vid
311 1444 262 43 tjänstledighet
595 1455 40 20 av
658 1443 195 41 anledning,
878 1453 73 20 som
974 1441 12 31 i
1011 1442 39 30 14
1072 1440 22 42 8
1116 1440 99 32 civila
1230 1439 408 41 avlöningsreglementet

132 1499 87 38 sägs,
243 1495 110 32 under
376 1506 41 20 en
440 1494 51 32 tid
514 1506 40 20 av
578 1496 56 29 två
656 1493 162 32 månader
841 1493 134 40 åtnjuta
996 1492 62 30 full
1074 1492 59 31 lön
1150 1492 161 30 ävensom
1329 1490 11 31 i
1357 1488 281 33 förekommande

130 1548 60 31 fall
213 1546 192 40 ersättning
426 1545 52 31 för
500 1544 128 32 mistad
650 1544 152 31 inkomst
825 1543 65 32 och
912 1541 276 42 bostadsbidrag.
1233 1539 123 33 Under
1377 1538 262 43 tjänstledighet

131 1599 53 31 för
216 1608 112 21 annan
367 1596 157 41 sjukdom
559 1597 43 29 än
638 1594 115 39 sådan,
778 1605 74 21 som
886 1593 12 31 i
931 1592 149 32 nämnda
1113 1592 156 41 paragraf
1302 1601 108 28 avses,
1444 1592 55 29 må
1529 1589 110 31 under

132 1659 129 22 samma
294 1647 52 32 tid
379 1648 81 40 utgå
492 1646 139 42 belopp,
666 1644 241 33 motsvarande
937 1646 51 29 tre
1020 1642 207 42 fjärdedelar
1257 1652 40 20 av
1320 1640 234 42 nyssnämnda
1576 1640 63 31 för-

132 1701 125 30 måner.

842 1739 32 29 11
902 1736 30 42 8.

187 1794 89 38 Över
308 1798 296 42 luftskyddschefs
628 1797 114 32 beslut
764 1797 12 31 i
800 1796 135 37 ärende,
960 1806 73 21 som
1057 1805 100 21 avses
1180 1794 11 31 i
1214 1794 114 31 denna
1350 1792 211 41 förordning,
1585 1792 55 30 må

133 1852 123 31 besvär
284 1850 138 31 anföras
455 1849 64 31 hos
553 1848 250 42 länsstyrelsen
831 1847 94 31 inom
948 1846 97 42 tjugu
1071 1845 104 41 dagar
1199 1845 74 30 från
1297 1844 58 31 det
1378 1842 191 42 klaganden
1594 1853 46 20 er-

134 1901 98 33 hållit
255 1901 56 31 del
334 1912 40 20 av
397 1900 159 31 beslutet.

187 1952 132 38 Beslut,
345 1962 73 20 som
442 1950 107 41 enligt
576 1949 113 31 denna
711 1947 202 41 förordning
935 1945 192 33 meddelats
1151 1956 39 20 av
1213 1944 234 41 länsstyrelse,
1471 1945 55 29 må
1549 1944 92 29 över-

134 2004 116 40 klagas
272 2002 66 31 hos
361 2001 195 41 Konungen
580 2000 94 31 inom
698 1998 60 38 tid,
776 2009 74 21 som
866 1998 12 31 i
894 1996 186 33 allmänhet
1096 1998 36 29 är
1147 1994 160 33 bestämd
1324 1995 52 30 för
1392 1992 249 42 överklagande

135 2065 40 20 av
197 2051 213 34 förvaltande
433 2050 258 43 myndigheters
715 2049 63 31 och
802 2047 234 33 ämbetsverks
1059 2046 125 32 beslut.

843 2125 39 30 12
904 2123 30 42 8.

188 2188 53 31 De
269 2185 229 41 anvisningar,
523 2196 74 20 som
621 2185 111 30 finnas
756 2182 221 41 erforderliga
999 2182 53 30 för
1074 2180 219 41 tillämpning
1316 2190 40 20 av
1380 2179 112 31 denna
1514 2176 128 33 förord-

137 2238 91 41 ning,
253 2236 175 32 meddelas
452 2247 38 20 av
514 2233 454 43 luftskyddsinspektionen.

190 2364 122 31 Denna
345 2362 200 40 förordning
578 2361 113 31 träder
714 2360 10 30 i
747 2359 90 32 kraft
860 2359 107 41 dagen
992 2358 85 31 efter
1100 2356 76 38 den,
1201 2356 43 31 då
1266 2355 244 39 förordningen
1535 2353 108 41 enligt

138 2415 81 31 därå
251 2412 181 33 meddelad
456 2412 135 41 uppgift
614 2410 183 32 utkommit
819 2410 73 30 från
917 2408 132 41 trycket
1071 2407 11 31 i
1107 2406 132 32 Svensk
1263 2403 379 42 författningssamling.

743 2474 14 28 oo
747 2482 298 11 ——t——A
