1874 2836
283 156 18 30 2
723 161 305 30 Bankoutskottets
1054 160 176 30 utlåtande
1255 159 49 31 Nr
1333 161 49 28 23.

332 248 14 29 I
369 257 42 20 en
434 247 50 30 till
505 246 217 31 direktionen
744 247 80 28 över
847 245 259 30 lärarinnornas
1128 244 294 36 pensionsanstalt
1444 244 101 29 ställd
1567 243 102 30 skrift
1689 243 68 30 den
1771 244 27 29 4

287 299 145 29 oktober
455 298 82 29 1932
562 297 118 30 anhöll
703 296 233 30 Lämmerhirt
957 313 45 3 —
1021 296 110 29 under
1154 294 220 37 åberopande
1398 304 42 20 av
1464 297 48 27 att
1533 295 71 29 hon
1625 303 81 21 vore
1729 294 68 30 del-

287 350 104 35 ägare
408 349 9 30 i
435 347 334 38 pensionsanstalten
785 364 45 4 —
844 349 49 28 att
908 346 92 30 bliva
1015 346 186 30 tillerkänd
1215 345 282 36 tilläggspension
1511 344 140 36 jämlikt
1668 345 130 35 kungö-

288 400 112 29 relsen
424 400 65 29 den
516 400 39 29 18
580 398 185 30 november
792 398 81 29 1921
901 395 177 37 angående
1102 395 321 37 tilläggspensioner
1445 394 35 31 åt
1503 395 88 30 vissa
1619 395 57 30 vid
1700 398 98 27 stats-

287 450 237 30 understödda
544 449 157 30 enskilda
721 448 240 29 läroanstalter
979 447 172 30 anställda
1173 447 204 34 lärarinnor,
1399 446 93 30 vilka
1513 445 86 36 avgå
1618 446 78 29 med
1718 455 80 27 pen-

289 501 76 29 sion
388 501 79 29 med
489 499 174 37 utgången
689 508 43 21 av
755 498 77 36 juni
861 498 93 30 1921.

333 551 115 36 Enligt
470 551 112 29 beslut
606 550 65 29 den
696 550 40 29 24
761 549 187 29 november
974 549 82 29 1932
1080 548 205 29 tillerkände
1309 546 217 30 direktionen
1550 546 81 29 över
1656 545 143 30 lärarin-

288 610 129 21 nornas
439 599 291 38 pensionsanstalt
753 598 45 38 på
821 599 112 36 grund
957 608 42 21 av
1021 598 229 36 kungörelsen
1272 598 68 30 den
1364 598 39 29 31
1430 597 181 30 december
1636 598 80 29 1917
1739 606 60 21 an-

288 651 132 38 gående
438 651 319 36 tilläggspensioner
776 649 35 31 åt
830 650 91 29 vissa
941 650 193 29 lärarinnor
1157 649 57 29 vid
1234 649 42 29 de
1299 648 322 30 statsunderstödda
1643 648 157 30 enskilda

288 703 289 30 läroanstalterna
598 701 231 30 Lämmerhirt
852 710 42 20 en
916 699 85 37 årlig
1024 699 280 37 tilläggspension
1326 708 42 21 av
1389 700 64 29 218
1474 699 129 29 kronor
1623 701 50 27 att
1692 698 109 36 jämte

288 753 115 30 henne
425 752 266 31 tillkommande
711 751 144 37 pension
877 750 21 31 å
920 752 60 28 217
1005 751 130 29 kronor
1159 749 80 36 utgå
1265 749 80 30 från
1368 749 125 36 början
1516 758 43 21 av
1583 749 64 35 juli
1671 747 129 31 månad

288 803 39 31 år
354 805 93 29 1932.

336 849 90 36 Över
442 854 234 30 direktionens
692 853 112 30 beslut
820 852 146 30 anförde
985 851 233 30 Lämmerhirt
1235 851 124 29 besvär
1377 851 64 29 hos
1458 851 123 35 Kungl.
1601 849 102 37 Maj:t
1721 850 79 29 med

290 906 156 35 yrkande
464 907 48 28 att
531 905 94 29 bliva
643 903 185 31 tillerkänd
848 902 144 38 pension
1010 902 104 35 enligt
1132 902 42 29 de
1191 901 9 29 i
1219 901 230 36 kungörelsen
1468 901 66 30 den
1556 901 40 30 18
1614 901 187 29 november

292 957 82 29 1921
397 955 101 37 givna
519 955 317 30 bestämmelserna.

335 1007 14 29 I
366 1005 177 31 utlåtande
563 1007 81 28 över
662 1005 166 30 besvären
848 1003 146 31 anförde
1011 1002 217 30 direktionen
1246 1002 81 29 över
1344 1001 260 30 lärarinnornas
1623 1001 177 35 pensions-

289 1057 139 37 anstalt,
454 1059 48 28 att
529 1056 215 30 direktionen
770 1055 58 30 vid
853 1054 167 37 prövning
1045 1063 43 20 av
1115 1052 250 31 Lämmerhirts
1392 1051 265 37 pensionsfråga
1685 1051 116 31 funnit

290 1108 230 36 kungörelsen
540 1107 67 30 den
629 1107 39 29 18
689 1105 186 30 november
900 1105 79 29 1921
1003 1104 75 30 icke
1099 1104 118 29 kunna
1236 1104 177 34 tillämpas
1432 1102 21 31 å
1470 1103 123 34 henne,
1615 1103 84 29 enär
1718 1102 82 30 hen-

290 1168 61 20 nes
375 1158 231 36 tjänstgöring
629 1156 85 31 efter
736 1155 39 31 år
801 1156 84 30 1906
908 1155 74 30 icke
1004 1155 88 30 varit
1115 1164 42 20 av
1182 1152 109 32 sådan
1315 1156 54 27 art
1393 1154 66 29 och
1481 1153 208 35 omfattning
1727 1162 74 21 som

290 1210 68 29 den
381 1209 9 30 i
412 1209 229 35 kungörelsen
662 1207 113 30 såsom
795 1206 246 30 huvudvillkor
1062 1205 55 30 för
1137 1204 283 36 tilläggspension
1440 1203 218 31 föreskrivna
1680 1203 121 36 tjänst-

290 1260 121 36 göring
437 1259 110 30 under
573 1259 105 30 minst
708 1259 38 29 10
774 1256 158 37 tjänstår.
962 1257 14 29 I
1003 1255 90 37 följd
1120 1256 109 29 härav
1254 1255 92 30 hade
1372 1255 217 29 direktionen
1614 1256 112 28 ansett
1752 1254 49 35 sig

289 1310 209 31 förhindrad
521 1310 131 29 tilldela
676 1309 112 29 henne
811 1308 67 30 den
900 1307 279 36 tilläggspension
1201 1305 20 31 å
1244 1306 64 30 628
1332 1306 139 34 kronor,
1495 1315 74 20 som
1594 1304 97 36 eljest
1715 1304 86 30 kun-

291 1364 60 27 nat
370 1360 89 37 utgå,
479 1361 66 29 och
563 1360 10 30 i
591 1360 111 30 stället
718 1360 149 29 bestämt
882 1358 129 30 hennes
1028 1356 281 37 tilläggspension
1326 1356 51 30 till
1397 1357 63 29 218
1479 1356 129 29 kronor
1626 1356 9 29 i
1652 1355 150 35 enlighet

290 1412 81 30 med
392 1411 305 30 bestämmelserna
719 1410 10 29 i
750 1409 230 36 kungörelsen
999 1409 66 29 den
1085 1409 38 29 31
1146 1407 181 30 december
1349 1407 93 29 1917.

336 1461 264 36 Statskontoret,
619 1470 74 21 som
710 1460 126 30 hördes
855 1461 81 28 över
955 1459 176 34 besvären,
1152 1458 201 30 förklarade
1373 1457 49 36 sig
1440 1457 10 30 i
1468 1457 188 36 anledning
1673 1466 42 20 av
1736 1457 66 29 vad

291 1513 217 30 direktionen
529 1511 117 31 anfört
665 1511 197 35 visserligen
881 1519 91 26 anse,
991 1512 49 27 att
1059 1509 55 30 det
1134 1509 9 29 i
1166 1509 80 29 1921
1270 1507 56 31 års
1347 1508 204 35 kungörelse
1571 1507 139 30 införda
1729 1507 72 29 vill-

291 1565 108 34 koret,
428 1566 49 27 att
505 1562 258 30 vederbörande
794 1560 175 30 lärarinna
996 1560 110 29 skulle
1137 1560 90 29 hava
1253 1558 200 36 tjänstgjort
1479 1558 110 29 under
1615 1567 43 20 en
1684 1558 49 29 tid
1759 1567 43 20 av

290 1616 107 28 minst
420 1615 38 29 10
478 1613 39 31 år
536 1613 87 30 efter
645 1611 171 37 utgången
839 1621 42 20 av
904 1610 37 30 år
964 1611 93 35 1906,
1079 1610 76 30 icke
1175 1609 214 30 innefattade
1409 1608 113 37 någon
1543 1608 180 30 föreskrift
1744 1617 58 20 om

290 1668 50 27 att
361 1664 274 37 tjänstgöringen
655 1664 109 29 skulle
784 1663 92 29 hava
894 1661 88 30 varit
1000 1671 43 20 av
1062 1661 68 29 viss
1150 1660 220 35 omfattning,
1392 1669 80 20 men
1494 1662 49 27 att
1564 1659 80 30 med
1665 1659 137 35 hänsyn

289 1716 53 30 till
363 1715 291 36 tjänstgöringens
675 1717 52 27 art
746 1712 233 31 Lämmerhirt
998 1712 10 30 i
1027 1712 61 30 allt
1109 1711 62 30 fall
1192 1711 75 30 icke
1288 1710 182 37 uppfyllde
1490 1710 169 29 villkoren
1678 1709 57 30 för
1752 1719 49 20 er-

290 1766 164 31 hållande
482 1775 43 21 av
553 1764 281 37 tilläggspension
863 1763 104 36 enligt
996 1762 154 31 nämnda
1181 1761 215 36 kungörelse.
1438 1760 76 30 Viss
1544 1761 55 29 del
1629 1769 43 21 av
1700 1760 100 30 Läm-

290 1818 162 29 merhirts
476 1816 230 36 tjänstgöring
731 1815 90 30 hade
846 1814 174 35 nämligen
1042 1813 88 30 varit
1152 1812 137 36 förlagd
1310 1812 52 30 till
1383 1821 117 20 annan
1524 1812 44 29 än
1592 1811 209 30 statsunder-

291 1869 102 30 stödd
414 1868 212 34 läroanstalt,
646 1866 168 35 varjämte
833 1865 71 30 hon
924 1864 67 30 viss
1012 1864 138 30 kortare
1170 1863 49 30 tid
1239 1861 142 37 åtnjutit
1399 1862 269 36 tjänstledighet.
1688 1861 115 35 Enligt

291 1920 263 29 statskontorets
578 1917 138 35 mening
737 1916 107 30 borde
868 1914 119 31 därför
1011 1914 337 36 tilläggspensionen,
1372 1912 44 38 på
1438 1913 66 30 sätt
1525 1922 73 20 som
1624 1913 98 34 skett,
1746 1912 55 29 be-

291 1971 128 29 räknas
443 1969 104 36 enligt
569 1968 306 30 bestämmelserna
896 1966 9 30 i
930 1966 80 29 1917
1034 1964 56 31 års
1111 1965 215 35 kungörelse.

336 2019 334 36 Skolöverstyrelsen
695 2018 112 30 anslöt
831 2017 49 35 sig
906 2017 10 29 i
942 2016 134 36 avgivet
1098 2015 159 37 yttrande
1284 2015 9 29 i
1319 2015 141 29 ärendet
1485 2014 50 30 till
1560 2014 65 29 den
1649 2013 153 36 uppfatt-

291 2072 83 35 ning
399 2071 246 30 statskontoret
670 2069 9 29 i
705 2068 141 30 ärendet
872 2067 132 30 uttalat.

336 2121 97 30 Efter
453 2122 56 29 det
528 2119 232 31 Lämmerhirt
780 2119 50 30 till
850 2118 77 30 stöd
945 2117 54 30 för
1017 2118 166 29 besvären
1204 2115 167 37 åberopat
1389 2115 131 36 jämväl
1539 2115 68 29 viss
1627 2124 41 20 av
1689 2114 114 30 henne

290 2172 89 31 efter
400 2172 147 30 inträdet
571 2172 9 29 i
605 2169 283 39 pensionsåldern
911 2168 166 36 fullgjord
1102 2167 229 36 tjänstgöring
1352 2166 58 30 vid
1433 2166 135 30 enskild
1592 2164 210 31 statsunder-

290 2224 103 30 stödd
416 2223 212 34 läroanstalt,
652 2221 146 30 anförde
822 2220 245 30 statskontoret
1088 2218 10 30 i
1121 2218 139 36 förnyat
1282 2215 188 36 utlåtande,
1493 2219 48 27 att
1562 2215 240 37 tjänstgöring,

290 2274 168 36 fullgjord
476 2273 87 30 efter
583 2273 56 30 det
657 2271 258 30 vederbörande
932 2270 135 29 tillträtt
1085 2268 153 38 pension,
1259 2268 75 30 icke
1351 2268 107 29 borde
1474 2265 37 31 få
1530 2266 273 37 tillgodoräknas

290 2326 56 30 för
365 2324 200 31 erhållande
584 2333 43 20 av
646 2324 104 34 högre
769 2321 155 38 pension.

339 2374 114 36 Enligt
475 2374 112 35 utslag
611 2373 65 30 den
699 2373 38 29 31
763 2371 135 36 augusti
922 2371 82 29 1934
1027 2370 87 30 utlät
1137 2370 49 35 sig
1205 2369 295 36 regeringsrätten,
1524 2370 48 28 att
1594 2368 83 29 enär
1701 2366 99 29 Läm-

291 2427 145 29 merhirt
464 2426 74 29 icke
566 2425 86 30 efter
677 2423 172 36 utgången
877 2432 42 20 av
947 2420 37 31 år
1014 2421 83 30 1906
1125 2421 110 29 under
1263 2419 106 30 minst
1399 2419 39 29 10
1466 2418 38 30 år
1533 2418 134 30 bestritt
1693 2415 108 31 sådan

290 2477 240 36 tjänstgöring,
561 2485 74 20 som
663 2474 92 36 finge
779 2473 273 36 tillgodoräknas
1077 2472 113 29 henne
1215 2470 55 30 för
1294 2469 201 31 erhållande
1519 2479 42 20 av
1584 2469 218 34 tilläggspen-
