1892 2831
411 139 403 38 Bevillningsutskottets
837 137 217 29 betänkande
1074 146 43 19 nr
1137 137 41 28 50
1198 136 40 29 år
1260 136 82 29 1967
1581 137 36 29 31

138 220 200 40 ylterligare
367 220 331 38 skattesänkningar
727 219 11 29 i
766 218 298 31 inkomstskikten
1093 226 69 31 upp
1191 217 53 29 till
1273 226 39 20 ca
1344 216 113 30 17000
1487 216 50 29 kr.
1567 216 53 29 för

139 274 86 39 gifta
246 275 65 29 och
332 284 39 19 ca
392 273 18 29 8
426 273 61 30 000
508 274 52 29 kr.
582 273 54 29 för
658 272 275 30 ensamstående.
955 272 77 29 Med
1053 272 137 38 hänsyn
1210 271 52 29 till
1285 270 55 30 det
1363 270 153 30 aktuella
1537 270 85 29 bud-

139 328 145 39 gelläget
302 328 98 29 torde
419 327 56 30 det
492 327 71 29 inte
581 336 82 20 vara
681 326 136 40 möjligt
836 328 48 28 att
903 335 48 20 nu
970 325 202 40 genomföra
1189 325 199 39 ytterligare
1408 324 213 39 sänkningar

139 391 42 20 av
207 382 66 29 den
301 382 136 29 direkta
462 381 278 38 beskattningen.
768 380 130 31 Enbart
927 380 65 29 den
1020 379 135 30 mindre
1183 378 175 39 sänkning
1385 388 42 19 av
1454 378 168 29 skatteut-

139 436 102 38 taget,
262 445 75 20 som
358 435 159 30 förordas
539 436 10 28 i
570 434 218 29 molionerna
809 434 28 29 1:
854 434 61 29 225
937 434 65 29 och
1023 433 45 29 II:
1085 433 73 34 288,
1179 433 70 29 kan
1269 432 173 29 beräknas
1465 431 158 30 mediöra

139 492 48 27 ett
207 489 257 30 skattebortfall
484 489 54 29 för
557 489 71 29 helt
646 488 169 39 budgetår
833 488 44 39 på
896 487 162 39 omkring
1079 487 59 30 100
1159 487 87 39 milj.
1266 487 52 29 kr.

183 543 176 30 Utskottet
381 544 64 29 har
467 542 57 30 vid
547 542 87 30 flera
658 542 160 29 tillfällen
841 541 193 30 framhållit
1057 540 280 30 önskvärdheten
1361 550 42 20 av
1423 539 200 41 ytterligare

139 597 175 30 lättnader
334 599 10 28 i
364 597 66 29 den
451 596 136 30 direkta
606 595 268 40 beskattningen
896 596 53 29 för
970 595 135 29 mindre
1127 595 285 38 inkomsttagare.
1433 594 117 38 Enligt
1571 595 52 27 ut-

140 651 147 30 skottets
314 651 227 39 uppfattning
566 651 37 29 är
629 650 191 30 emellertid
847 649 122 39 frågan
996 659 56 20 om
1079 648 299 30 skatteskalornas
1405 647 219 39 utformning

139 705 215 40 väsentligen
379 714 43 20 en
446 705 99 39 fråga
569 714 56 20 om
650 704 238 39 avvägningen
913 704 128 29 mellan
1066 703 114 30 direkt
1204 703 66 29 och
1294 702 153 30 indirekt
1471 702 153 29 beskait-

140 760 93 38 ning.
255 760 49 29 De
324 769 41 20 av
389 759 81 30 1965
492 759 56 30 års
568 758 142 39 riksdag
731 759 151 37 antagna
903 757 281 30 skatteskalorna
1203 757 70 29 kan
1294 757 157 28 närmast
1473 765 53 20 ses
1549 764 74 21 som

140 815 48 27 ett
208 813 233 39 provisorium
461 814 11 29 i
492 812 172 30 avvaktan
685 812 43 40 på
748 811 181 30 resultalet
950 821 42 20 av
1011 811 66 30 den
1099 810 264 39 överarbetning
1384 819 41 20 av
1446 810 176 29 allmänna

141 867 368 38 skatteberedningens
532 867 130 39 förslag
684 867 10 29 i
717 866 98 39 fråga
836 875 57 20 om
915 864 405 41 familjebeskattningen
1343 864 65 29 och
1430 864 194 29 mervärde-

142 921 150 34 skatten,
309 930 75 21 som
400 921 23 29 f.
441 930 31 20 n.
489 920 107 40 pågår
612 921 95 28 inom
724 920 404 39 finansdepartementet.
1145 919 116 38 Enligt
1279 918 186 30 utskottets
1484 918 140 38 mening

143 975 127 29 saknas
293 974 188 40 anledning
501 976 50 28 att
572 973 175 40 föregripa
769 973 93 30 detta
884 972 322 39 utredningsarbete
1229 980 123 31 genom
1374 973 49 28 att
1445 980 47 20 nu
1515 972 108 28 sänka

143 1029 248 38 skatteuttaget
415 1028 120 29 utöver
558 1028 66 29 vad
650 1036 74 21 som
747 1027 108 29 redan
879 1027 101 29 skett.
1004 1026 66 30 Vid
1094 1026 284 39 övervägandena
1401 1025 149 29 rörande
1575 1025 50 29 fa-

142 1081 368 40 miljebeskattningen
535 1081 159 30 kommer
720 1081 141 39 givetvis
888 1081 40 29 de
954 1079 285 30 ensamståendes
1265 1078 359 30 skatteförhållanden

143 1137 50 28 att
223 1136 155 33 beaktas,
411 1135 165 29 eftersom
608 1135 231 38 utredningen
870 1134 266 39 nödvändigtvis
1168 1133 109 30 måste
1308 1136 37 27 ta
1376 1132 166 39 ställning
1573 1133 51 29 till

141 1188 45 31 bl.
211 1199 28 20 a.
264 1188 383 40 tudelningsprincipen
670 1188 58 30 vid
751 1188 278 38 beskattningen,
1054 1187 298 30 skatteskalornas
1377 1187 248 29 konstruktion

143 1243 65 29 och
224 1243 193 29 relationen
435 1242 127 30 mellan
580 1242 86 40 gifta
683 1243 64 28 och
764 1241 275 30 ensamstående.

188 1297 79 29 Med
296 1297 55 30 det
381 1296 148 30 anförda
558 1296 180 40 avstyrker
768 1296 169 29 utskottet
965 1295 99 30 bifall
1094 1295 52 29 till
1175 1295 218 30 motionerna
1424 1294 106 30 I1:421
1561 1294 65 29 och

145 1351 44 29 If:
207 1351 62 29 529
299 1353 90 27 samt
417 1351 107 29 I:589
554 1350 64 29 och
647 1350 44 29 II:
710 1350 59 29 717
799 1351 10 29 i
836 1350 148 29 berörda
1012 1350 95 29 delar
1135 1349 164 29 ävensom
1328 1349 51 29 till
1408 1349 218 29 motionerna

144 1405 28 28 I:
189 1404 62 30 225
271 1404 64 30 och
356 1404 45 29 II:
418 1404 73 30 288.

143 1530 390 35 Bolagsbeskattningen

191 1619 12 28 I
232 1619 220 30 motionerna
480 1619 108 30 1:588
617 1629 41 19 av
685 1619 79 29 herr
793 1620 147 29 Werner
967 1619 65 29 och
1061 1619 44 29 II:
1123 1618 60 30 709
1213 1627 40 20 av
1281 1618 80 30 herr
1391 1618 237 29 Hermansson

145 1682 45 21 mm.
212 1672 36 30 fl.
269 1673 106 39 yrkas
395 1672 148 40 höjning
564 1681 42 21 av
626 1672 232 30 skattesatsen
878 1672 58 30 vid
957 1672 66 29 den
1045 1672 138 39 statliga
1203 1671 425 40 inkomstbeskattningen

146 1726 54 29 för
220 1726 197 40 aktiebolag
436 1726 79 30 från
536 1726 201 30 nuvarande
756 1726 41 30 40
818 1726 51 30 till
889 1726 41 30 50
949 1728 153 37 procent.

190 1779 518 40 Företagsskatteutredningen
732 1780 87 29 skall
844 1779 105 39 enligt
974 1779 76 30 sina
1074 1779 150 29 direktiv
1246 1779 45 29 bl.
1316 1789 29 19 a.
1371 1780 166 38 ompröva
1561 1779 69 29 frå-

148 1840 65 31 gan
234 1842 59 21 om
312 1833 66 30 den
400 1832 162 31 inbördes
583 1832 237 40 avvägningen
841 1843 42 20 av
904 1833 274 29 skatlesatserna
1199 1833 53 29 för
1274 1833 93 29 olika
1389 1833 73 39 slag
1483 1842 41 20 av
1544 1833 87 39 juri-

148 1886 101 30 diska
272 1895 175 31 personer.
472 1887 13 28 I
509 1886 173 30 avvaktan
706 1887 44 39 på
773 1887 181 29 resultatet
978 1896 42 20 av
1044 1886 114 30 denna
1181 1886 187 40 utredning
1393 1887 64 29 och
1482 1887 66 29 den
1572 1886 59 40 på-

149 1939 130 39 gående
308 1940 311 39 överarbetningen
648 1949 41 20 av
718 1940 176 30 allmänna
925 1940 369 39 skatteberedningens
1323 1940 130 39 förslag
1482 1940 148 30 rörande

149 1993 372 40 socialförsäkringens
550 1994 231 40 finansiering
809 1994 64 29 och
901 1994 321 30 mervärdeskatten
1252 2003 101 21 anser
1382 1994 169 30 utskotlet
1581 1995 52 38 sig

149 2047 71 29 inte
243 2047 121 30 kunna
387 2048 177 39 tillstyrka
588 2048 65 29 den
678 2057 42 20 av
743 2047 259 30 motionärerna
1026 2048 197 39 föreslagna
1248 2048 237 39 skärpningen
1509 2058 42 19 av
1573 2048 59 29 bo-

149 2101 344 39 lagsbeskattningen
520 2101 63 30 och
612 2101 180 40 avstyrker
820 2101 134 30 således
979 2101 99 30 bifall
1106 2102 51 30 till
1185 2102 219 30 motionerna
1432 2102 28 30 1:
1477 2102 62 29 588
1567 2102 64 30 och

149 2155 45 30 II:
211 2155 61 30 709
292 2156 10 29 i
322 2155 114 29 denna
456 2155 63 30 del.

149 2281 277 35 Indexreglering
446 2290 42 20 av
507 2281 275 35 skattesystemet

197 2369 13 28 I
230 2369 220 30 motionerna
469 2369 28 29 I:
514 2369 61 29 421
598 2379 41 20 av
657 2369 80 30 herr
757 2369 187 40 Holmberg
964 2380 44 19 m.
1030 2370 36 29 fl.
1087 2371 64 29 och
1172 2371 44 28 II:
1233 2370 62 29 529
1316 2380 42 20 av
1376 2371 81 29 herr
1477 2371 159 29 Bohman

153 2433 44 19 m.
216 2423 37 30 fi.
271 2423 201 30 hemställes
491 2432 56 21 om
566 2423 131 40 förslag
713 2424 52 29 till
786 2423 82 30 1968
887 2424 55 29 års
961 2424 143 39 riksdag
1122 2433 56 21 om
1196 2424 276 40 indexreglering
1490 2434 42 20 av
1549 2427 87 27 orts-

152 2477 129 38 avdrag
300 2478 64 28 och
385 2476 384 39 skatteskiktsgränser.
790 2477 92 29 även
903 2478 11 29 i
933 2477 218 30 motionerna
1172 2478 28 29 1:
1217 2478 61 29 558
1300 2488 41 20 av
1360 2479 121 29 herrar
1501 2478 135 30 Dahlén
