1881 2832
395 127 404 39 Bevillningsutskottets
821 129 218 30 betänkande
1059 139 42 20 nr
1122 131 40 28 50
1182 131 38 28 år
1243 131 82 29 1967
1585 134 18 29 3

164 205 35 35 2)
230 206 11 30 i
260 206 166 32 skrivelse
443 207 52 30 till
514 207 125 41 Kungl.
659 208 104 40 Maj:t
781 208 196 37 hemställa,
996 212 49 29 att
1064 211 125 40 Kungl.
1208 212 107 39 Maj:t
1332 212 107 30 måtte

163 260 36 34 a)
230 261 177 40 förelägga
432 262 82 30 1968
538 262 56 30 års
617 263 142 40 riksdag
783 263 130 40 förslag
935 265 150 30 rörande
1108 265 276 41 indexreglering
1407 276 42 20 av
1472 268 126 28 ortsav«

118 315 84 39 drag
221 315 64 29 och
304 325 41 20 av
365 316 375 41 skatteskiktsgränser
758 318 96 29 inom
874 319 40 29 de
936 319 137 40 statliga
1092 319 449 37 inkomstskatteskalorna,

161 369 38 34 b)
229 370 185 40 påskynda
436 371 67 29 den
525 371 95 30 inom
644 372 395 40 finansdepartementet
1062 375 177 39 pågående
1262 376 193 40 översynen
1478 386 41 20 av
1542 377 60 29 all-

118 424 131 30 männa
269 425 369 40 skatteberedningens
657 426 131 40 förslag
807 427 147 30 rörande
975 428 171 40 övergång
1164 429 52 29 till
1237 438 42 20 en
1299 430 130 29 allmän
1449 430 153 30 indirekt

117 478 225 40 beskattning
360 481 86 28 utan
464 479 219 31 kumulativa
700 481 221 39 verkningar,
942 482 37 29 så
998 484 49 28 att
1066 483 130 40 förslag
1214 484 70 29 kan
1303 484 195 40 föreläggas
1519 485 81 29 1967

118 532 57 30 års
194 532 226 40 höstriksdag
440 542 57 20 om
517 534 184 30 införande
723 544 42 20 av
785 544 41 20 en
848 535 95 40 dylik
965 536 92 30 skatt
1079 536 42 30 fr.
1143 546 29 21 o.
1194 546 44 20 m.
1259 537 173 41 ingången
1454 548 41 21 av
1518 539 83 30 1968

118 586 11 30 i
148 587 114 29 stället
281 587 54 29 för
353 587 66 29 den
438 588 202 30 nuvarande
660 598 24 20 s.
703 589 33 29 k.
755 590 391 39 omsättningsskalten;

163 640 63 33 IT)
257 640 40 30 de
325 641 224 40 likalydande
576 642 220 30 motionerna
822 643 28 29 1:
868 643 62 30 558
957 653 43 20 av
1024 644 121 31 herrar
1171 644 136 30 Dahlén
1334 646 65 29 och
1426 646 174 39 Bengtson

119 696 89 28 samt
233 694 45 31 II:
297 694 61 30 708
383 705 42 20 av
447 695 121 30 herrar
592 695 164 30 Hedlund
780 697 64 29 och
870 696 115 37 Ohlin,
1009 699 75 29 vari
1107 699 207 34 hemställts,
1339 701 49 28 alt
1414 700 187 40 riksdagen

117 748 107 31 måtte

164 801 33 34 1)
228 803 11 29 i
262 803 166 30 skrivelse
450 804 52 29 till
526 804 124 40 Kungl.
674 805 104 39 Maj:t
801 805 141 31 anhålla
964 808 50 28 att
1037 806 130 41 förslag
1190 807 210 41 framlägges
1423 808 54 31 för
1500 809 101 30 nästa

117 857 57 29 års
194 857 144 40 riksdag
359 867 57 20 om
438 867 41 20 en
501 858 131 30 allmän
654 859 256 35 skattereform,
933 861 241 30 innefattande
1195 862 44 29 bl.
1262 871 29 20 a.
1314 871 43 20 en
1378 863 223 39 omläggning

117 920 42 20 av
177 911 66 29 den
261 912 203 29 nuvarande
481 912 375 40 omsättningsskatten
874 914 52 29 till
945 924 42 20 en
1005 916 147 38 generell
1170 915 153 30 indirekt
1342 916 93 30 skatt
1453 926 42 20 av
1512 926 88 20 mer-

116 965 266 30 värdeskattens
401 968 71 37 typ,
491 966 174 30 lättnader
684 968 11 28 i
714 967 66 29 den
799 968 136 30 direkta
953 969 307 35 inkomstskatten,
1280 970 246 40 förändringar
1544 971 56 29 be-

116 1019 179 30 träffande
314 1020 128 29 sociala
459 1020 178 30 förmåner
655 1021 65 29 och
737 1021 194 40 avgifterna
947 1023 53 29 till
1018 1022 110 36 dessa,
1148 1023 37 30 så
1202 1025 50 28 att
1269 1033 83 21 man
1367 1024 145 30 beaktar
1530 1024 70 40 låg-

117 1073 375 40 inkomstgruppernas
521 1075 167 38 problem,
720 1077 89 28 samt
839 1076 170 29 reformer
1039 1077 95 29 inom
1164 1077 434 40 företagsbeskattningen,

118 1136 74 20 som
212 1128 135 28 stärker
366 1128 410 40 konkurrensförmågan
795 1130 64 28 och
879 1129 189 31 förbättrar
1087 1131 407 40 kapitalförsörjningen,

161 1180 35 34 2)
227 1181 11 29 i
261 1181 166 30 skrivelse
450 1181 52 30 till
525 1182 125 40 Kungl.
674 1183 105 39 Maj:t
803 1183 140 32 anhålla
966 1186 49 27 att
1039 1184 303 41 undersökningar
1365 1186 159 29 kommer
1546 1186 53 29 till

117 1234 103 30 stånd
242 1235 149 29 rörande
415 1236 155 29 metoder
594 1238 49 28 att
666 1236 157 30 undvika
845 1237 227 30 inflationens
1097 1238 269 40 skattehöjande
1389 1239 210 40 verkningar

117 1290 90 28 samt
226 1290 49 28 att
293 1289 131 39 förslag
441 1290 11 29 i
470 1290 188 40 anledning
674 1290 109 30 härav
801 1291 192 40 förelägges
1010 1292 202 40 riksdagen;

161 1342 61 34 IV)
253 1342 40 30 de
310 1343 227 40 likalydande
552 1344 219 30 motionerna
790 1345 28 29 1:
835 1345 62 29 588
916 1355 42 20 av
973 1345 81 30 herr
1074 1346 144 29 Werner
1235 1347 65 29 och
1318 1347 44 29 II:
1381 1347 61 29 709
1461 1357 41 20 av
1518 1347 80 30 herr

116 1396 239 29 Hermansson
375 1406 45 21 m.
439 1396 49 40 fl.,
507 1398 75 30 vari
599 1397 207 37 hemställts,
827 1400 49 28 att
895 1399 188 40 riksdagen
1102 1400 107 30 måtte

163 1449 33 34 1)
227 1452 127 38 antaga
372 1451 157 39 följande

783 1569 145 40 Förslag

829 1651 53 29 till

115 1729 208 40 förordning
343 1730 177 40 angående
542 1730 148 40 ändring
711 1730 11 30 i
740 1731 251 40 förordningen
1012 1732 66 30 den
1099 1733 41 29 26
1160 1732 68 40 juli
1249 1733 82 30 1947
1357 1732 59 35 (nr
1437 1733 81 36 577)
1542 1743 57 20 om

608 1785 118 39 statlig
745 1785 359 40 förmögenhetsskatt

161 1874 211 39 Härigenom
392 1874 195 35 förordnas,
607 1877 50 27 att
679 1875 36 29 11
738 1875 15 37 $
777 1876 14 28 1
812 1884 105 21 mom.
937 1876 251 40 förordningen
1208 1877 66 29 den
1293 1877 40 30 26
1352 1877 67 39 juli
1441 1877 81 30 1947
1542 1887 57 20 om

118 1928 116 39 statlig
250 1928 358 39 förmögenhetsskatt
626 1929 88 29 skall
731 1929 131 30 erhålla
878 1929 133 30 ändrad
1027 1930 130 40 lydelse
1173 1930 44 40 på
1234 1931 67 29 sätt
1317 1931 114 29 nedan
1448 1931 150 40 angives.

815 2010 36 29 11
873 2010 27 37 8.

160 2071 15 28 1
196 2080 105 20 mom.
323 2071 121 40 Statlig
465 2071 356 40 förmögenhetsskatt
840 2091 44 2 —
902 2091 43 3 —
963 2091 45 3 —
1027 2073 286 40 familjestiftelse
1335 2075 138 39 utgöra:

159 2126 63 28 när
243 2125 66 29 den
329 2126 330 39 beskattningsbara
678 2126 287 40 förmögenheten
985 2127 76 30 icke
1082 2128 187 39 överstiger
1293 2128 59 30 130
1368 2128 61 30 000
1451 2129 145 30 kronor:

115 2186 41 21 en
175 2182 143 36 procent
337 2189 42 19 av
397 2179 66 29 den
482 2179 53 30 del
555 2189 41 20 av
614 2180 66 29 den
698 2180 329 40 beskattningsbara
1046 2181 296 40 förmögenheten,
1364 2191 73 21 som
1457 2183 142 30 översti-

115 2241 57 32 ger
193 2233 60 30 100
269 2233 62 30 000
349 2233 146 37 kronor;

157 2288 63 28 när
242 2287 66 29 den
328 2287 330 40 beskattningsbara
679 2288 287 40 förmögenheten
987 2289 188 40 överstiger

139 2362 49 24 150
200 2362 51 23 000
265 2368 62 17 men
341 2362 60 23 icke
441 2362 52 24 200
505 2362 50 24 000
568 2363 50 23 kr.:
678 2363 51 24 500
741 2363 41 23 kr.
796 2363 43 24 för
879 2363 50 24 150
941 2363 50 24 000
1005 2364 49 23 och
1072 2364 41 29 1,5
1127 2364 27 28 4,
1171 2371 36 17 av
1220 2364 173 28 återstoden;

138 2398 51 24 200
200 2398 51 24 000
289 2405 9 15 »
352 2405 9 15 oo»
439 2399 52 24 400
502 2399 51 23 000
580 2406 9 15 »
612 2406 5 16 :
652 2399 104 24 1250»
803 2407 9 14 »
878 2399 113 24 200000
1027 2407 9 15 »
1070 2400 15 23 2
1125 2399 29 31 KU,
1184 2407 8 15 »
1301 2408 9 14 »
1386 2408 7 21 ;

137 2434 114 24 400000
287 2441 9 15 »
352 2442 9 14 »
414 2434 139 25 -1000000
579 2442 9 15 »
612 2442 5 16 :
650 2435 105 24 5250»
802 2442 9 15 >»
876 2435 53 24 400
940 2436 51 23 000
1028 2442 10 16 »
1070 2435 84 31 2,59
1184 2443 9 14 »
1301 2443 10 15 »
1387 2443 6 22 :

113 2470 78 25 1000
202 2470 51 24 000
263 2471 41 23 kr.
614 2471 114 24 :20250
746 2478 9 15 »
803 2478 10 16 »
851 2472 140 24 1000000
1026 2479 9 15 »
1069 2472 15 24 3
1125 2473 27 28 Y
1183 2479 9 15 »
1303 2479 9 16 »
