1892 2758
257 151 42 30 48
649 147 252 27 Statsutskottets
925 147 162 27 utlåtande
1109 155 39 19 nr
1170 147 17 26 4
1208 147 37 27 år
1266 147 76 27 1964

316 227 164 37 Anslaget
500 227 39 29 är
560 226 54 29 för
635 226 233 29 innevarande
888 226 169 37 budgetår
1078 225 142 38 uppfört
1240 226 77 30 med
1339 226 41 30 23
1394 226 62 30 300
1471 226 63 30 000
1556 226 52 29 kr.

316 281 200 29 Försvarets
541 279 309 30 intendenturverk
872 279 63 29 har
959 279 188 37 föreslagit,
1172 281 50 28 att
1246 279 155 37 anslaget
1425 280 78 29 med
1528 280 137 36 hänsyn
1689 280 51 29 till

262 334 266 37 prisstegringar
545 334 63 29 och
628 333 89 29 ökad
736 332 443 37 drivmedelsförbrukning
1198 332 98 37 höjes
1315 333 78 29 med
1416 334 14 28 1
1447 333 62 30 080
1524 333 62 30 000
1606 333 52 29 kr.

317 388 78 29 Som
420 386 156 38 framgår
599 395 41 21 av
664 386 56 29 det
746 385 206 37 föregående
981 386 50 36 (p.
1060 387 33 32 1)
1122 386 62 29 bör
1208 386 156 36 anslaget
1388 386 249 29 Försvarsfilm
1663 387 80 29 från

261 441 64 29 och
351 440 77 30 med
456 440 100 29 nästa
582 439 167 37 budgetår
776 441 81 34 utgå
885 448 39 20 ur
951 439 189 29 riksstaten
1166 439 64 29 och
1257 439 110 30 medel
1395 439 55 30 för
1476 439 266 38 ifrågavarande

262 494 161 30 ändamål
452 494 141 29 anvisas
623 493 110 29 under
765 493 344 36 försvarsgrenarnas
1139 492 278 37 övningsanslag.
1448 493 77 30 Med
1555 493 188 37 anledning

262 548 106 29 härav
391 547 62 30 bör
478 546 227 30 förevarande
729 546 121 37 anslag
875 545 202 38 uppräknas
1101 546 78 29 med
1207 546 59 29 190
1282 546 61 30 000
1369 546 51 30 kr.
1446 546 77 30 Med
1548 546 195 31 beaktande

263 601 106 29 härav
395 600 148 30 föreslår
571 598 392 39 departementschefen,
991 601 52 27 att
1069 599 155 36 anslaget
1252 599 93 30 inom
1373 600 67 29 den
1467 608 75 21 ram
1572 609 73 20 som
1673 601 71 29 han

265 654 163 30 förutsatt
450 654 54 29 för
525 654 158 29 marinen
705 652 165 38 uppföres
890 652 78 30 med
991 652 117 30 24515
1122 652 62 30 000
1212 653 47 34 (+
1279 653 93 29 1015
1386 652 82 35 000)
1495 653 52 30 kr.

319 760 183 36 Utskollet,
523 769 73 21 som
617 761 9 28 i
646 760 56 29 det
722 759 206 37 föregående
948 759 76 30 icke
1044 759 77 30 haft
1140 759 103 37 något
1263 762 50 27 att
1334 761 114 29 erinra
1468 763 73 27 mot
1561 762 50 28 att
1631 761 112 29 medel

264 815 53 29 för
339 814 233 30 försvarsfilm
592 814 139 29 anvisas
752 813 110 30 under
884 813 345 36 försvarsgrenarnas
1250 813 279 37 övningsanslag,
1552 814 192 37 tillstyrker

263 870 50 28 att
332 867 226 30 förevarande
576 866 120 38 anslag
715 866 54 29 för
788 866 99 29 nästa
904 866 169 36 budgetår
1092 866 164 37 uppföres
1274 867 78 29 med
1372 867 41 29 24
1427 867 63 30 515
1504 867 63 30 000
1587 867 51 29 kr.

319 921 114 30 Under
450 921 159 37 punkten
630 921 12 28 1
664 920 65 29 har
747 920 169 29 utskottet
935 919 158 37 avstyrkt
1112 920 41 29 de
1173 919 234 37 föreliggande
1427 921 228 30 motionerna.

318 974 173 30 Utskottet
511 973 210 35 hemställer,

583 1029 50 28 att
650 1027 187 36 riksdagen
853 1027 66 34 må,
938 1027 79 29 med
1035 1026 98 30 bifall
1150 1027 51 29 till
1221 1027 123 36 Kungl.
1363 1027 124 36 Maj:ts
1506 1027 131 38 förslag
1655 1030 91 28 samt

529 1080 76 30 med
621 1081 117 36 avslag
753 1080 20 30 å
789 1080 217 29 motionerna
1023 1080 27 29 I:
1068 1080 62 30 393
1145 1081 63 29 och
1225 1080 43 29 II:
1286 1080 72 35 473,
1375 1080 103 30 såvitt
1494 1090 47 21 nu
1556 1081 39 29 är
1609 1081 11 29 i
1635 1081 109 38 fråga,

530 1134 52 30 till
606 1133 175 30 Marinen:
809 1132 174 37 Övningar
1008 1140 45 23 m.
1079 1140 45 22 m.
1151 1133 53 30 för
1229 1133 203 37 budgetåret
1460 1134 139 31 1964/65
1625 1135 121 29 anvisa

529 1190 48 28 ett
595 1187 353 36 reservationsanslag
965 1196 42 21 av
1024 1187 117 30 24515
1156 1187 61 30 000
1235 1187 51 29 kr.

755 1332 33 31 e)
800 1331 345 25 Intendenturmateriel
1159 1340 41 16 m.
1215 1340 42 16 m.

323 1402 95 33 59:0)
447 1402 179 31 Marinen:
650 1402 207 31 Beklädnad
878 1413 46 19 m.
941 1413 47 19 m.
1011 1401 13 29 I
1047 1401 151 38 enlighet
1220 1401 79 29 med
1322 1401 124 39 Kungl.
1469 1401 124 39 Maj:ts
1616 1401 130 39 förslag

270 1455 127 36 (punkt
416 1455 50 34 59,
489 1463 25 21 s.
537 1454 60 30 105
616 1454 64 29 och
703 1454 92 34 106),
816 1454 236 29 innebärande
1070 1453 212 30 oförändrad
1303 1454 327 37 medelsanvisning,
1652 1455 94 29 hem-

266 1508 116 29 ställer
401 1508 181 34 utskottet,

585 1563 50 28 att
658 1561 187 37 riksdagen
868 1561 56 30 må
948 1561 52 29 till
1023 1560 174 30 Marinen:
1221 1560 201 31 Beklådnad
1445 1569 44 22 m.
1513 1569 46 22 in.
1584 1562 55 29 för
1661 1562 86 30 bud-

529 1615 130 37 getåret
684 1615 140 30 19614/65
846 1614 121 31 anvisa
989 1616 49 29 ett
1059 1615 353 37 reservationsanslag
1434 1624 42 21 av
1500 1615 16 30 7
1532 1615 62 30 300
1608 1616 63 30 000
1695 1616 51 29 kr.

323 1722 96 34 60:0)
448 1723 179 30 Marinen:
648 1724 219 29 Inventarier
886 1734 47 19 m.
949 1734 47 19 m.
1019 1723 13 28 I
1053 1722 150 39 enlighet
1224 1723 79 29 med
1324 1723 125 38 Kungl.
1471 1723 125 39 Maj:ts
1616 1722 131 39 förslag

270 1775 128 37 (punkt
419 1775 51 35 60,
494 1784 26 21 s.
545 1775 202 35 106—108),
771 1775 235 30 innebärande
1028 1784 42 20 en
1091 1774 344 38 anslagsminskning
1457 1785 42 21 av
1524 1775 60 30 100
1599 1775 62 31 000
1683 1776 63 34 kr.,

266 1828 199 30 hemställer
488 1828 177 35 utskottet,

586 1884 50 28 att
657 1882 188 37 riksdagen
866 1882 56 30 må
945 1882 52 29 till
1019 1881 173 31 Marinen:
1216 1882 214 30 Inventarier
1450 1891 46 21 m.
1518 1891 46 21 m.
1589 1883 53 30 för
1663 1883 85 30 bud-

530 1935 129 38 getåret
684 1935 140 31 1964/653
845 1935 121 30 anvisa
989 1937 47 28 ett
1059 1936 353 37 reservationsanslag
1434 1945 42 21 av
1501 1937 12 28 1
1531 1936 63 31 900
1609 1937 62 30 000
1695 1937 51 29 kr.

324 2043 96 33 61:0)
449 2044 179 30 Marinen:
657 2044 367 39 Sjukvårdsmateriel.
1053 2043 12 29 1
1092 2043 151 38 enlighet
1269 2044 79 29 med
1376 2044 124 39 Kungl.
1528 2044 124 39 Maj:ts
1679 2044 69 29 för-

267 2096 72 36 slag
362 2095 130 37 (punkt
511 2096 52 35 61,
586 2104 24 21 s.
634 2096 78 34 109)
737 2095 200 30 hemställer
956 2096 180 35 utskottet,
1158 2096 111 29 under
1289 2096 141 30 erinran
1450 2105 57 21 om
1527 2097 66 30 vad
1615 2097 133 30 utskot-

268 2151 45 27 tet
333 2148 115 31 anfört
468 2149 112 30 under
599 2149 157 37 punkten
776 2149 39 30 27
837 2150 10 28 i
868 2149 56 30 det
945 2149 216 37 föregående,

583 2205 50 28 att
653 2203 187 37 riksdagen
862 2203 56 30 må
939 2203 52 30 till
1014 2202 173 31 Marinen:
1211 2203 355 37 Sjukvårdsmateriel
1588 2204 54 30 för
1663 2204 85 30 bud-

530 2256 130 38 getåret
683 2257 141 31 1964/65
846 2257 120 30 anvisa
989 2259 48 27 ett
1059 2257 354 37 reservationsanslag
1434 2266 43 22 av
1501 2259 13 28 1
1532 2258 62 30 200
1609 2258 62 30 000
1695 2258 52 30 kr.

323 2364 96 33 62:0)
448 2364 179 31 Marinen:
655 2365 242 39 Anskaffning
923 2376 42 20 av
992 2365 426 40 drivmedelsutrustning.
1448 2365 13 29 I
1489 2365 152 39 enlighet
1668 2365 80 30 med

266 2416 123 37 Kungl.
408 2416 125 37 Maj:ts
551 2416 130 38 förslag
703 2417 131 37 (punkt
850 2417 52 35 62,
923 2426 25 21 s.
970 2417 93 35 109),
1084 2417 234 31 innebärande
1337 2427 43 21 en
1398 2417 290 39 anslagshöjning
1706 2427 42 21 av

267 2470 39 29 20
320 2470 61 30 000
398 2470 62 35 kr.,
478 2470 202 30 hemställer
696 2470 179 35 utskottet,
