1874 2766
517 170 251 28 Statsutskottets
790 168 160 28 utlåtande
970 176 39 19 nr
1028 167 16 26 4
1064 167 35 27 år
1118 165 74 28 1964
1544 163 61 29 123

124 253 61 32 kr.,
208 252 107 29 vilket
338 251 145 29 innebär
505 260 42 20 en
569 249 147 39 höjning
739 259 41 19 av
803 258 47 20 nu
874 247 170 40 utgående
1065 246 123 39 bidrag
1211 244 77 30 med
1313 243 161 29 närmare
1500 240 38 29 18
1556 239 47 34 2.

125 307 71 27 Den
228 305 136 29 relativt
394 306 66 28 sett
489 303 194 39 betydande
713 301 223 40 uppräkning
965 309 41 21 av
1035 297 267 40 ifrågavarande
1329 293 274 41 bidragsanslag,

123 367 73 20 som
228 357 148 30 sålunda
407 357 209 39 föreslagits,
647 356 116 29 finner
796 355 169 29 utskottet
997 353 36 29 få
1064 361 101 21 anses
1197 350 200 40 godtagbar.
1429 348 176 30 Utskottet

122 412 68 29 kan
214 411 133 30 således
369 411 76 29 icke
467 410 176 39 tillstyrka
666 409 113 39 någon
803 408 199 40 ytterligare
1026 405 224 41 uppräkning
1274 413 41 20 av
1338 400 266 41 ifrågavarande

122 465 120 39 anslag
265 464 55 31 för
343 466 101 28 nästa
468 462 177 40 budgetår.
670 462 50 29 Då
744 462 170 29 utskoltet
937 460 76 30 icke
1037 459 116 29 finner
1177 456 189 39 anledning
1390 457 50 28 att
1465 453 138 31 förorda

122 518 112 39 någon
253 518 149 38 ändring
419 516 221 30 beträffande
660 515 242 38 fördelningen
922 523 40 20 av
982 510 411 41 anslagsuppräkningen
1412 508 54 30 för
1486 507 120 39 bidrag

125 572 47 29 lill
193 581 47 20 nu
258 571 148 30 berörda
425 569 285 40 organisationer,
725 568 183 39 avstyrkas
923 566 101 30 alltså
1038 565 220 30 motionerna
1271 564 29 28 I:
1315 563 60 29 461
1392 561 64 30 och
1471 561 45 29 II:
1532 560 72 30 563.

123 626 175 29 Utskottet
318 624 205 29 förutsätter
543 622 202 33 emellertid,
766 623 60 32 att,
847 621 115 29 därest
982 619 62 30 Blå
1064 619 161 39 stjärnan
1245 617 76 29 icke
1341 617 64 28 har
1424 614 183 40 möjlighet

123 681 48 27 att
188 678 80 30 med
283 686 43 21 en
342 675 317 39 medelsanvisning
676 684 42 20 av
735 683 47 20 nu
799 674 194 38 föreslagen
1012 672 128 30 storlek
1158 671 122 29 kunna
1298 669 133 30 utbilda
1449 668 66 30 den
1532 676 74 31 per-

124 732 108 33 sonal,
256 740 75 21 som
353 730 127 30 behövs
503 730 11 28 i
537 728 138 30 arméns
699 726 346 40 krigsorganisation,
1069 725 125 38 Kungl.
1220 723 106 38 Maj:t
1349 722 54 30 för
1426 723 101 28 nästa
1551 720 56 30 års

123 785 142 39 riksdag
287 784 210 38 framlägger
520 782 129 38 förslag
672 790 56 20 om
752 780 204 37 erforderlig
979 777 299 40 anslagshöjning.

178 847 177 30 Utskottet
371 845 212 32 hemställer,

451 909 49 27 att
517 906 184 38 riksdagen
719 905 66 33 må,
804 904 78 29 med
900 903 97 29 bifall
1018 903 48 28 till
1086 901 124 39 Kungl.
1229 900 123 39 Maj:ts
1370 898 131 40 förslag
1519 899 88 29 samt

394 961 77 29 med
503 960 116 38 avslag
649 959 20 29 å
698 958 220 29 motionerna
949 955 101 30 I1:461
1086 955 65 29 och
1181 953 136 33 I1:563,
1348 953 52 29 till
1430 950 177 40 Frivilliga

389 1011 299 42 djursjukvården
717 1011 10 29 i
752 1010 77 39 krig
856 1010 54 29 för
936 1009 202 39 budgetåret
1168 1007 140 30 1964/65
1337 1006 121 30 anvisa
1484 1007 48 28 ett
1558 1014 50 20 re-

391 1066 316 37 servationsanslag
732 1074 41 19 av
797 1064 40 29 25
853 1063 62 30 000
940 1063 51 29 kr.

185 1200 118 34 188:0)
333 1201 178 39 Frivilliga
534 1198 290 41 skytteväsendet,
850 1196 125 39 Kungl.
1001 1195 105 39 Maj:t
1130 1194 63 30 har
1219 1192 180 39 föreslagit
1423 1191 184 38 riksdagen

131 1254 130 40 (punkt
285 1253 72 34 194,
380 1263 25 20 s.
428 1252 63 31 324
513 1252 65 30 och
600 1251 79 34 325)
707 1253 51 27 att
779 1250 51 30 till
853 1248 266 41 ifrågavarande
1142 1246 163 31 ändamål
1330 1246 54 29 för
1407 1244 203 40 budgetåret

128 1307 140 31 1964/65
291 1306 120 30 anvisa
433 1307 48 29 ett
504 1304 355 38 reservationsanslag
882 1312 40 20 av
945 1303 18 29 2
978 1301 62 30 200
1056 1301 61 30 000
1140 1301 52 29 kr.

181 1413 126 30 Vidare
330 1413 64 29 har
417 1412 170 29 utskottet
611 1411 51 29 till
685 1410 213 38 behandling
923 1408 152 30 förehaft
1099 1407 57 30 två
1181 1405 224 40 likalydande
1429 1405 182 31 motioner,

126 1467 125 30 väckta
276 1466 67 29 den
369 1474 64 21 ena
458 1465 96 29 inom
580 1464 110 29 första
716 1463 206 29 kammaren
949 1471 41 20 av
1016 1461 120 29 herrar
1162 1458 133 30 Harald
1319 1459 200 28 Pettersson
1548 1457 61 29 och

129 1520 169 29 Thorsten
318 1519 151 29 Larsson
495 1518 45 32 (1:
557 1516 79 33 395)
661 1516 64 30 och
745 1516 66 29 den
830 1515 110 29 andra
959 1514 95 29 inom
1075 1513 109 29 andra
1204 1513 206 28 kammaren
1431 1520 41 20 av
1491 1511 120 29 herrar

127 1574 151 28 Larsson
298 1573 11 28 i
327 1571 134 39 Borrby
479 1571 65 29 och
563 1569 135 30 Fälldin
724 1569 62 29 (11:
803 1567 96 34 474),
919 1568 10 28 i
949 1567 92 29 vilka
1062 1565 197 30 hemställts
1279 1566 50 28 att
1349 1563 187 40 riksdagen
1555 1563 57 29 vid

129 1627 53 29 sin
201 1625 213 39 behandling
433 1633 43 20 av
494 1623 177 37 Frivilliga
692 1620 283 41 skytteväsendet
996 1619 109 30 under
1127 1618 115 39 fjärde
1264 1617 221 30 huvudtiteln
1506 1616 106 30 måtte

128 1680 121 29 anvisa
268 1680 48 28 ett
333 1676 356 38 reservationsanslag
708 1684 41 20 av
768 1675 18 29 2
800 1674 62 30 332
877 1673 62 30 000
958 1673 52 29 kr.

184 1730 227 32 Beträffande
433 1730 41 29 de
497 1729 75 30 skäl
594 1728 260 29 motionärerna
877 1726 115 30 anfört
1015 1725 51 30 till
1091 1724 76 30 stöd
1190 1724 55 30 för
1268 1724 60 29 sitt
1349 1723 157 40 yrkande
1529 1723 83 30 hän-

128 1786 92 29 visas
245 1785 51 30 till
321 1783 176 30 motionen
525 1782 27 29 TI:
570 1781 72 30 395.

186 1891 165 38 Anslaget
369 1891 37 28 är
425 1888 54 30 för
498 1886 234 31 innevarande
752 1885 168 39 budgetår
939 1884 141 40 uppfört
1103 1883 74 29 med
1199 1884 18 28 2
1236 1882 59 30 100
1310 1882 62 30 000
1393 1882 51 29 kr.

183 1961 52 29 Av
255 1959 57 31 det
330 1958 54 31 för
403 1956 240 31 innevarande
662 1954 168 40 budgetår
851 1953 167 31 anvisade
1038 1952 153 39 anslaget
1211 1951 205 40 disponeras
1437 1952 18 29 2
1472 1951 65 31 035
1553 1951 65 30 000

128 2015 51 29 kr.
210 2013 54 31 för
293 2012 68 30 den
391 2021 42 20 av
462 2008 331 42 skytteförbundens
821 2006 224 41 överstyrelse
1072 2005 105 31 ledda
1206 2004 276 40 skytterörelsen,
1512 2013 107 21 varav

128 2068 64 29 472
210 2067 65 30 000
296 2066 52 29 kr.
371 2064 52 31 för
443 2062 186 32 underhåll
649 2072 42 20 av
711 2061 218 41 skjutbanor.
951 2060 66 30 För
1038 2059 156 31 Svenska
1214 2057 407 41 pistolskytteförbundet

129 2121 66 30 och
220 2119 157 31 Svenska
401 2115 399 41 sportskytteförbundet
823 2113 205 40 disponeras
1053 2113 40 30 55
1110 2113 65 29 000
1201 2112 51 30 kr.
1278 2110 194 40 respektive
1498 2111 40 30 10
1554 2111 65 29 000

129 2174 51 30 kr.

188 2223 338 42 Skytteförbundens
546 2221 223 39 överstyrelse
787 2219 210 34 hemställer,
1019 2222 46 26 att
1082 2217 241 39 statsbidraget
1342 2216 53 31 för
1414 2217 99 29 nästa
1532 2215 88 31 bud-

130 2278 94 40 getår
242 2278 86 30 ökas
348 2276 81 30 med
448 2276 64 30 232
529 2275 65 30 000
614 2274 51 30 kr.
684 2274 51 29 Av
755 2273 68 30 den
843 2272 195 38 föreslagna
1056 2270 189 40 höjningen
1263 2269 143 39 belöper
1425 2270 42 29 40
1483 2269 65 30 000
1568 2269 51 29 kr.

131 2331 45 41 på
212 2329 249 40 överstyrelsen
493 2325 507 42 (administrationskostnader
1034 2324 65 30 och
1134 2322 189 31 kostnader
1357 2321 53 31 för
1443 2322 178 30 verksam-

132 2384 131 40 heten),
300 2384 39 29 10
355 2383 65 30 000
452 2382 51 29 kr.
537 2380 45 40 på
613 2378 323 41 skytteförbunden,
972 2378 60 29 117
1050 2378 65 29 000
1148 2376 50 30 kr.
1232 2375 45 40 på
1309 2375 81 30 ökat
1421 2374 123 39 bidrag
1572 2373 50 31 till

132 2435 360 42 skytteföreningarna
528 2436 89 28 samt
651 2434 41 29 65
709 2433 65 30 000
811 2432 51 30 kr.
895 2430 44 41 på
971 2429 185 31 underhåll
1188 2439 43 20 av
1262 2428 216 40 skjutbanor.
1512 2422 112 49 Enligt

134 2489 248 40 överstyrelsen
412 2487 175 31 erfordras
615 2486 66 30 den
709 2485 153 40 begärda
890 2483 185 41 höjningen
1105 2482 53 31 för
1185 2481 225 41 skjutbanors
1438 2479 184 32 underhåll
