1856 2792
489 131 389 31 Jordbruksutskottets
901 130 179 30 utlåtande
1102 139 42 20 nr
1164 130 52 29 35.
1569 127 38 30 25

106 218 184 29 hemställa
317 226 57 21 om
401 216 277 39 bemyndigande
705 217 51 28 att
783 214 148 30 tillkalla
960 213 173 30 särskilda
1160 212 223 39 sakkunniga
1410 212 54 29 för
1491 211 116 29 utred-

107 269 83 39 ning
213 278 42 20 av
278 267 267 39 ifrågavarande
569 266 182 40 spörsmål.
777 266 13 29 I
815 266 174 29 avvaktan
1012 264 45 40 på
1082 266 50 27 att
1156 263 341 38 utredningsarbetet
1523 262 85 29 slut-

107 319 102 33 föres,
235 319 98 29 torde
358 318 115 30 såsom
499 317 108 29 redan
632 317 135 30 anförts
793 315 291 41 prisregleringen
1110 314 44 39 på
1179 314 126 29 fiskets
1331 313 141 29 område
1498 312 110 29 hand-

107 370 63 29 has
192 369 11 29 i
223 369 188 30 huvudsak
432 369 45 38 på
499 377 134 20 samma
655 368 70 29 sätt
748 376 75 20 som
845 366 125 30 hittills
993 365 12 29 i
1027 365 152 39 enlighet
1201 364 80 30 med
1304 364 42 29 de
1367 363 207 30 uttalanden
1596 362 11 29 i

105 421 127 33 ämnet,
257 429 75 20 som
357 420 109 39 gjorts
491 429 41 20 av
556 419 253 38 förediagande
833 416 385 41 departementschefen
1246 416 10 28 i
1282 414 261 41 propositionen
1567 423 41 20 nr

105 470 162 35 81/1951.

151 549 51 29 Av
219 548 67 29 den
303 547 227 39 redogörelse,
548 544 373 41 jordbruksnämnden
939 544 134 29 lämnat
1091 542 149 30 rörande
1269 541 339 29 kostnaderna

109 599 55 29 för
194 598 326 40 upprätthållandet
551 606 42 20 av
622 595 304 41 prisregleringen,
959 593 155 39 framgår
1144 594 51 28 att
1226 592 309 38 utbetalningarna
1564 600 42 20 av

107 649 195 40 pristillägg
328 649 64 30 och
419 646 411 42 prisutjämningsmedel
857 646 55 29 för
938 645 38 29 år
1007 645 82 29 1952
1117 645 69 28 rätt
1213 644 159 29 avsevärt
1400 641 208 39 understigit

108 709 164 21 summan
300 709 42 21 av
368 700 42 29 de
438 699 111 29 under
577 699 73 29 året
677 697 156 29 influtna
860 694 398 41 regleringsavgifterna.
1288 692 250 39 Behållningen
1567 701 42 20 av

108 750 380 41 prisregleringsmedel
512 749 162 39 utgjorde
698 747 150 30 sålunda
872 747 66 29 den
965 747 14 29 1
1005 745 142 40 januari
1173 744 83 30 1953
1281 744 97 30 cirka
1401 743 20 29 4
1445 743 164 39 miljoner

109 802 129 29 kronor
259 803 73 27 mot
353 802 45 33 2,3
418 800 164 38 miljoner
603 800 130 29 kronor
755 799 66 30 den
845 799 14 28 1
882 797 142 40 januari
1049 797 92 29 1952.
1165 796 12 29 I
1200 796 111 29 likhet
1331 795 79 29 med
1433 794 176 30 nämnden

109 853 205 29 förutsätter
337 852 70 39 jag,
432 853 51 27 att
505 850 281 30 medelsbehovet
811 849 55 29 för
891 850 51 29 att
966 847 239 40 upprätthålla
1230 845 292 41 prisregleringen
1547 853 63 20 un-

109 904 60 29 der
187 904 102 28 nästa
307 901 169 40 budgetår
496 901 89 30 skall
603 903 122 29 kunna
743 900 122 30 täckas
884 909 42 20 av
944 897 391 42 prisregleringsmedel.
1355 896 114 39 Några
1489 895 121 39 anslag

109 954 20 29 å
150 953 191 30 riksstaten
363 953 177 29 erfordras
562 951 102 30 alltså
685 952 76 29 icke
784 951 55 29 för
861 950 210 30 ändamålet.

154 1007 77 29 Med
258 1006 139 39 hänsyn
423 1005 54 29 till
504 1003 258 38 omfattningen
791 1011 42 20 av
860 998 536 43 prisregleringsverksamheten
1424 998 64 29 har
1515 996 96 40 jord-

109 1057 290 30 bruksnämnden
421 1055 168 34 förordat,
612 1056 50 27 att
684 1052 445 40 regleringsföreningarna
1152 1050 90 29 skall
1265 1049 37 29 få
1325 1049 185 39 disponera
1534 1047 77 29 sina

110 1108 147 29 statslån
276 1107 65 29 och
358 1105 355 33 riksbankskrediter,
732 1104 55 29 för
805 1103 95 30 vilka
919 1103 113 29 staten
1052 1101 94 30 ställt
1165 1100 147 40 garanti,
1331 1099 54 29 till
1403 1099 100 29 deras
1523 1098 87 29 fulla

110 1158 123 40 belopp
255 1158 133 39 jämväl
410 1156 111 30 under
543 1155 204 39 budgetåret
772 1153 160 36 1953/54.
955 1153 183 29 Nämnden
1161 1152 64 28 har
1248 1151 118 29 vidare
1389 1150 11 28 i
1423 1149 188 38 anledning

110 1219 43 20 av
175 1209 131 38 förslag
329 1217 57 20 om
409 1207 172 38 utökning
604 1216 42 20 av
668 1205 146 39 tidigare
838 1203 144 39 beviljat
1006 1202 148 31 statslån
1177 1201 169 33 förordat,
1371 1203 50 28 att
1444 1200 67 29 den
1535 1200 76 28 kre-

110 1260 60 34 dit,
199 1268 76 21 som
302 1259 114 29 ställts
444 1257 54 30 till
526 1257 206 38 föreningen
759 1254 264 31 Västkustfisks
1052 1253 218 40 disposition,
1300 1252 90 29 skall
1418 1251 84 30 ökas
1531 1250 80 30 från

109 1310 44 33 2,5
173 1310 53 29 till
247 1310 45 32 5,5
315 1309 163 39 miljoner
499 1309 140 29 kronor.
662 1308 80 29 Som
763 1307 77 30 skäl
861 1306 64 29 har
946 1305 122 30 därvid
1089 1304 159 39 angivits,
1271 1304 72 29 dels
1365 1305 50 27 att
1436 1302 177 38 förening-

110 1370 44 20 en
173 1360 44 40 på
238 1360 113 39 grund
373 1369 41 20 av
434 1358 204 30 utestående
659 1356 325 41 exportfordringar
1005 1355 147 38 nödgats
1174 1353 155 40 upplåna
1351 1353 112 29 medel
1486 1352 54 29 för
1561 1353 51 27 att

111 1411 121 29 kunna
252 1411 82 38 göra
354 1409 195 38 avräkning
568 1409 79 29 med
668 1408 77 29 sina
765 1407 244 32 leverantörer,
1031 1406 73 29 dels
1124 1405 66 29 ock
1210 1406 52 28 att
1282 1404 57 29 det
1359 1403 92 29 skett
1472 1412 42 19 en
1536 1411 76 20 suc-

111 1461 111 30 cessiv
242 1460 132 39 ökning
396 1469 42 20 av
460 1459 224 38 föreningens
707 1457 226 38 omsättning.
956 1457 67 29 För
1046 1463 84 32 egen
1152 1455 55 29 del
1231 1463 102 21 anser
1354 1454 60 39 jag
1435 1453 72 39 mig
1528 1453 85 29 böra

111 1511 186 39 tillstyrka,
327 1512 50 28 att
405 1509 443 40 regleringsföreningarna
877 1509 86 29 även
991 1507 112 29 under
1131 1507 101 28 nästa
1259 1505 170 38 budgetår
1458 1503 89 30 skall
1576 1502 36 30 få

109 1562 186 39 disponera
319 1562 80 30 över
420 1561 76 29 sina
517 1561 147 29 statslån
686 1561 91 28 samt
799 1558 138 39 åtnjuta
958 1558 71 30 viss
1050 1556 316 31 riksbankskredit.
1390 1555 73 29 Vad
1485 1554 129 29 beträf-

110 1613 55 29 far
184 1612 175 30 storleken
379 1621 41 20 av
438 1611 218 29 sistnämnda
675 1610 115 29 kredit
808 1609 116 29 finner
941 1608 59 39 jag
1017 1608 71 39 mig
1105 1607 121 29 kunna
1245 1606 146 39 godtaga
1408 1606 66 29 vad
1491 1606 123 28 nämn-

110 1663 66 29 den
199 1662 194 39 föreslagit;
418 1662 89 29 dock
530 1670 101 20 anser
653 1660 60 39 jag
735 1660 71 38 mig
827 1660 45 39 på
895 1659 111 39 grund
1031 1667 41 20 av
1097 1658 89 38 läget
1209 1657 45 40 på
1278 1655 335 31 kreditmarknaden

110 1713 75 30 icke
209 1713 122 29 kunna
355 1712 141 30 förorda
522 1712 110 28 större
656 1711 149 38 höjning
828 1719 42 20 av
895 1709 205 38 föreningen
1124 1707 261 30 Västkustfisks
1411 1706 203 30 riksbanks-

111 1763 114 29 kredit
244 1764 45 28 än
307 1764 78 29 med
406 1762 44 33 0,5
468 1762 163 38 miljoner
650 1761 130 29 kronor
798 1760 54 29 till
874 1759 18 30 3
912 1759 165 39 miljoner
1094 1759 140 28 kronor.

157 1814 13 29 I
187 1813 264 40 propositionen
469 1821 41 20 nr
530 1811 148 35 81/1951
700 1810 156 30 uttalade
875 1808 253 40 föredragande
1146 1806 396 41 departementschefen,
1564 1808 49 27 att

112 1864 71 29 han
206 1863 78 30 med
308 1863 137 38 hänsyn
469 1862 53 29 till
546 1862 40 29 de
610 1861 225 38 svårigheter,
860 1869 75 20 som
960 1858 244 38 utvecklingen
1229 1858 96 29 inom
1350 1857 264 38 fiskerinäring-

113 1923 42 20 en
178 1913 117 30 kunde
316 1914 123 29 väntas
462 1912 142 29 komma
626 1912 50 29 att
697 1910 160 30 medföra
879 1910 55 29 för
957 1908 451 40 regleringsföreningarna,
1433 1907 115 30 såsom
1571 1916 42 20 en

113 1963 316 39 övergångsåtgärd
457 1962 79 30 ville
564 1962 142 30 förorda
734 1962 51 29 att
814 1960 249 39 föreningarna
1091 1959 110 29 under
1229 1958 205 39 budgetåret
1465 1957 149 35 1951/52

115 2014 112 29 skulle
254 2023 84 21 vara
364 2013 156 30 befriade
549 2012 79 30 från
655 2014 52 27 att
733 2012 114 29 betala
876 2012 102 28 ränta
1006 2010 20 30 å
1053 2010 103 30 halva
1184 2009 160 40 beloppet
1372 2018 42 20 av
1441 2008 173 39 beviljade

113 2065 157 29 statslån.
297 2065 66 30 För
389 2064 199 29 återstoden
613 2073 41 20 av
680 2063 102 29 lånen
808 2063 106 28 borde
941 2062 82 38 utgå
1049 2062 99 29 ränta
1175 2061 88 29 efter
1290 2060 45 33 3,5
1361 2061 152 38 procent.
1541 2059 73 29 Vad

114 2115 149 30 sålunda
289 2114 135 30 anförts
452 2114 200 38 godkändes
680 2122 42 21 av
748 2112 199 39 riksdagen.
975 2112 139 29 Samma
1142 2110 219 39 ståndpunkt
1387 2109 114 39 intogs
1529 2110 86 28 även

110 2174 41 19 av
178 2165 82 30 1952
285 2165 56 28 års
367 2164 142 38 riksdag
533 2163 221 29 beträffande
779 2162 204 38 budgetåret
1009 2160 158 35 1952/53.
1193 2160 77 30 Med
1296 2159 187 39 anledning
1508 2168 41 20 av
1574 2160 40 29 de

113 2227 47 20 nu
185 2217 236 38 föreliggande
444 2215 350 38 framställningarna
819 2214 8 28 i
854 2214 116 28 ämnet
994 2212 59 30 vill
1077 2212 58 39 jag
1159 2211 244 38 understryka,
1429 2212 50 28 att
1503 2211 113 28 ränte-

111 2267 150 28 friheten
286 2275 59 20 var
368 2265 126 30 avsedd
517 2266 49 27 att
589 2264 88 38 gälla
702 2263 123 29 endast
850 2263 110 28 under
983 2271 42 20 en
1049 2260 253 38 övergångstid.
1325 2260 52 28 Då
1399 2260 216 37 föreningar-

111 2325 44 20 na
176 2316 191 29 emellertid
391 2315 218 28 fortfarande
632 2313 63 29 har
719 2315 50 27 att
792 2312 118 30 arbeta
933 2311 111 29 under
1066 2310 92 30 vissa
1184 2310 223 39 svårigheter,
1432 2318 101 21 anser
1556 2309 59 38 jag

111 2367 69 38 mig
202 2367 83 28 böra
308 2365 151 33 förorda,
481 2366 49 28 att
554 2364 40 29 de
615 2364 9 28 i
648 2363 174 29 avvaktan
844 2362 44 39 på
910 2362 180 28 resultatet
1112 2370 41 20 av
1174 2362 66 28 den
1262 2369 41 20 av
1327 2359 68 38 mig
1418 2359 196 38 föreslagna

111 2417 231 37 utredningen
370 2415 87 29 skall
486 2415 129 39 jämväl
643 2414 53 29 för
721 2412 204 39 budgetåret
954 2411 148 35 1953/54
1130 2410 192 30 bibehållas
1348 2410 56 30 vid
1432 2409 182 30 förmånen

112 2468 49 27 alt
185 2476 80 19 vara
290 2466 153 28 befriade
467 2465 78 29 från
569 2464 241 39 skyldigheten
836 2465 49 27 att
909 2462 111 29 betala
1045 2463 99 28 ränta
1167 2461 18 29 å
1211 2461 121 29 lånens
1357 2460 101 29 halva
1480 2460 134 39 belopp.
