1852 2790
250 145 40 30 32
635 145 389 30 Jordbruksutskottets
1046 146 180 29 utlåtande
1248 156 43 20 nr
1310 146 52 29 35.

254 228 125 39 Kungl.
407 229 105 38 Maj:t
540 228 204 29 förutsätter
772 228 190 31 emellertid
991 229 169 29 utskottet
1189 230 60 33 att,
1278 229 90 29 intill
1396 230 78 29 dess
1502 230 182 30 resultatet
1712 240 42 20 av

253 279 238 38 nyssnämnda
509 279 188 38 utredning
713 278 194 39 föreligger,
925 278 227 39 möjligheten
1171 281 50 27 att
1238 281 120 37 uttaga
1375 279 143 40 import-
1536 280 64 29 och
1618 282 136 38 export-

254 331 147 39 avgifter
419 331 76 30 icke
515 331 184 38 utnyttjas,
720 331 120 30 såvida
859 331 30 38 ej
911 331 186 39 väsentligt
1117 332 154 29 ändrade
1291 332 244 30 förhållanden
1556 333 199 30 föranleder

253 380 127 28 därtill.

296 430 74 30 Vad
393 430 125 39 Kungl.
543 430 105 39 Maj:t
672 430 119 30 anfört
814 431 147 29 rörande
986 431 67 29 den
1075 430 166 40 prisnivå,
1266 440 75 20 som
1365 431 62 29 bör
1451 432 152 38 skyddas
1628 440 125 31 genom

251 480 356 39 importregleringen,
629 481 70 29 kan
719 481 171 30 utskottet
911 481 138 31 ansluta
1071 481 51 39 sig
1141 481 63 29 till.
1226 481 40 39 Ej
1290 482 107 29 heller
1417 482 65 29 har
1501 482 171 31 utskottet
1693 482 60 30 nå-

252 533 58 36 got
328 532 49 29 att
395 531 115 30 erinra
528 533 72 27 mot
618 531 126 39 Kungl.
765 531 123 39 Maj:ts
907 532 133 40 förslag
1056 532 11 29 i
1085 532 121 39 övrigt.

296 581 58 29 Ett
372 581 100 30 bifall
490 581 52 30 till
559 582 67 29 vad
644 582 173 29 utskottet
836 581 147 31 sålunda
1003 581 157 31 förordat
1180 582 197 30 föranleder
1396 582 93 30 vissa
1509 582 244 40 författnings-

252 631 198 39 ändringar.
468 632 67 29 Till
552 641 42 21 en
609 632 128 39 början
752 632 63 30 bör
833 632 400 39 importförordningens
1250 632 124 30 rubrik
1390 634 128 28 ändras
1536 633 53 29 till
1604 635 50 28 att
1672 643 80 21 avse

251 681 171 40 reglering
441 691 42 20 av
501 681 170 31 införseln
691 691 43 21 av
752 682 94 29 vissa
865 683 73 39 slag
958 692 41 20 av
1019 682 71 30 fisk
1110 683 63 29 och
1195 683 171 39 skaldjur,
1386 683 174 39 varjämte
1578 683 10 29 i
1609 685 67 29 den
1694 684 58 30 vid

252 730 252 41 förordningen
521 732 123 39 fogade
662 732 141 40 bilagan
821 733 61 29 bör
900 733 136 39 intagas
1053 733 133 39 jämväl
1204 734 41 29 de
1264 742 41 21 av
1324 733 259 32 motionärerna
1601 734 151 39 angivna

251 780 192 40 fiskslagen
466 782 65 29 och
555 782 217 39 skaldjuren.
800 782 123 30 Vidare
947 783 197 30 föranleder
1168 784 189 29 utskottets
1382 783 132 40 förslag
1537 794 43 20 en
1603 784 151 39 ändring

244 840 50 20 :av
310 832 250 39 förordningen
577 834 68 29 den
660 833 41 30 30
718 833 71 39 maj
813 834 81 29 1952
918 834 58 33 (nr
993 834 80 33 320)
1096 843 58 20 om
1168 833 71 30 viss
1257 834 170 39 reglering
1444 843 42 21 av
1503 835 154 30 handeln
1672 835 81 29 med

251 881 82 35 fisk,
353 892 44 19 m.
417 892 55 24 m.,
492 882 11 29 i
522 883 56 30 det
597 885 50 28 att
666 883 10 29 i
695 883 270 40 förordningens
987 885 14 28 1
1026 883 15 37 $
1062 884 62 29 bör
1143 884 153 39 angivas,
1317 886 50 29 att
1385 886 66 29 vad
1470 884 11 30 i
1501 884 250 40 förordningen

251 932 79 38 sägs
351 941 56 20 om
427 932 71 30 fisk
519 934 86 29 även
625 933 89 30 skall
737 934 90 39 gälla
847 934 172 30 hummer.

296 982 115 31 Under
429 983 218 40 åberopande
665 993 43 21 av
725 985 67 29 vad
810 984 149 30 sålunda
975 984 136 30 anförts
1129 985 202 30 hemställer
1349 985 180 34 utskottet,

603 1035 50 29 att
674 1033 189 40 riksdagen
885 1034 57 29 må

604 1084 38 29 A.
663 1085 80 30 med
764 1084 187 40 anledning
971 1094 42 21 av
1033 1085 125 40 Kungl.
1179 1085 124 39 Maj:ts
1324 1085 218 40 proposition
1562 1088 90 28 samt
1672 1087 80 29 med

559 1133 99 30 bifall
681 1134 54 30 till
757 1134 179 31 motionen
959 1135 45 29 II:
1021 1136 63 29 579
1107 1137 127 38 antaga
1257 1137 56 28 det
1336 1136 57 30 vid
1416 1136 262 39 propositionen
1701 1136 52 30 fo-

560 1185 84 38 gade
671 1184 168 40 förslaget
864 1185 51 29 till
943 1185 206 40 förordning
1175 1186 180 39 angående
1379 1187 171 39 reglering
1576 1196 43 20 av
1643 1187 110 30 inför-

561 1235 73 29 seln
654 1244 43 20 av
717 1234 95 31 vissa
833 1236 72 39 slag
927 1245 42 20 av
990 1235 81 35 fisk,
1094 1236 90 29 dock
1204 1238 79 28 med
1305 1238 41 28 de
1367 1237 189 39 ändringar
1577 1246 43 21 av
1640 1237 113 30 rubri-

560 1284 77 35 ken,
660 1286 14 29 1
698 1284 16 37 8
736 1284 111 32 första
866 1286 135 38 stycket
1020 1287 65 28 och
1105 1287 66 29 den
1190 1286 58 30 vid
1268 1286 250 40 förordningen
1538 1287 124 39 fogade
1682 1287 70 30 för-

559 1334 221 40 teckningen,
805 1345 74 20 som
903 1335 156 40 framgår
1084 1346 42 20 av
1149 1336 157 39 följande
1331 1337 116 29 såsom
1471 1337 187 30 utskottets
1681 1337 72 40 för-

559 1385 75 39 slag
650 1385 214 32 betecknade
884 1386 144 39 lydelse:

395 1477 126 39 Kungl.
540 1477 123 40 Maj:ts
682 1478 149 40 förslag:

542 1545 144 40 Förslag

587 1613 53 29 till

293 1678 206 40 förordning
529 1679 178 40 angående
737 1680 172 40 reglering
939 1689 42 21 av

247 1728 170 30 införseln
433 1738 42 21 av
490 1729 92 31 vissa
598 1730 72 39 slag
686 1739 42 21 av
744 1730 81 30 fisk.

965 1863 15 37 $

292 1928 84 30 Fisk
398 1939 42 19 av
463 1930 40 29 de
527 1930 82 39 slag,
634 1940 75 20 som
732 1931 142 39 angivas
898 1931 11 29 i
933 1931 48 30 bi-

249 1979 76 40 laga
341 1980 51 30 till
408 1983 115 29 denna
538 1982 215 40 förordning,
770 1983 56 30 får
840 1982 75 31 icke
930 1984 51 29 in-

246 2028 96 30 föras
364 2029 52 30 till
438 2030 90 30 riket
550 2032 86 28 utan
656 2031 144 30 särskilt
822 2032 157 29 tillstånd

247 2088 42 20 av
305 2081 131 29 statens
451 2080 337 39 jordbruksnämnd.
805 2082 65 30 Vid
886 2083 93 28 med-

247 2129 146 31 delande
420 2140 42 20 av
488 2130 111 40 dylikt
625 2131 160 31 tillstånd
811 2132 56 29 må
895 2141 85 30 upp-

247 2180 120 29 ställas
391 2180 130 31 sådana
544 2182 124 29 villkor
691 2182 55 29 för
769 2183 78 29 dess
869 2182 111 40 tillgo-

246 2230 217 39 donjutande
480 2240 75 21 som
570 2233 125 38 prövas
711 2241 83 21 vara
810 2233 170 29 erforder-

246 2280 78 40 liga.

1202 1479 193 31 Utskottets
1423 1480 148 39 förslag:

1315 1548 143 38 Förslag

1360 1614 52 30 till

1065 1680 206 40 förordning
1302 1681 178 40 angående
1510 1682 171 40 reglering
1711 1691 42 21 av

1020 1730 171 31 införseln
1221 1740 42 20 av
1291 1732 93 29 vissa
1413 1732 74 39 slag
1516 1741 42 20 av
1587 1732 71 29 fisk
1688 1732 64 30 och

1019 1776 93 47 skald
1123 1776 67 47 jur.

1011 1865 27 29 1.

1063 1930 84 30 Fisk
1169 1931 64 29 och
1256 1931 163 40 skaldjur
1441 1942 42 20 av
1504 1933 41 29 de
1569 1933 82 39 slag,
1676 1942 75 20 som

1019 1981 141 39 angivas
1178 1982 10 29 i
1206 1981 111 39 bilaga
1334 1983 53 29 till
1403 1984 113 29 denna
1534 1983 216 39 förordning,

1020 2031 35 29 få
1074 2031 75 30 icke
1168 2032 135 30 införas
1323 2032 52 30 till
1394 2033 89 30 riket
1504 2035 84 29 utan
1609 2033 143 30 särskilt

1018 2082 158 30 tillstånd
1198 2091 42 21 av
1262 2084 131 28 statens
1413 2083 337 39 jordbruksnämnd.

1019 2132 65 30 Vid
1116 2133 228 31 meddelande
1376 2143 41 20 av
1449 2133 112 40 dylikt
1593 2133 158 31 tillstånd

1019 2182 57 30 må
1094 2183 194 39 uppställas
1307 2183 131 30 sådana
1456 2184 125 30 villkor
1600 2184 54 30 för
1672 2185 78 29 dess

1019 2233 317 39 tillgodonjutande
1373 2243 74 20 som
1482 2235 125 38 prövas
1644 2234 108 30 erfor-

1019 2283 140 39 derliga.
