1924 2794
368 167 188 30 Allmänna
575 166 398 40 beredningsutskottets
993 165 178 30 utlåtande
1188 173 43 21 nr
1250 164 38 30 17
1305 164 40 30 år
1363 164 84 30 1966
1632 163 19 29 5

830 447 65 40 Nr
922 447 58 41 17

365 558 185 30 Utlåtande
571 558 11 30 i
599 557 190 41 anledning
807 566 42 21 av
870 557 101 30 väckt
990 556 133 31 motion
1142 565 57 21 om
1219 555 134 40 statligt
1371 554 80 30 stöd
1470 554 52 30 till
1540 562 113 32 gram-

562 619 447 42 mofonskiveproduktion.

209 728 68 30 Till
302 729 180 29 allmänna
506 727 382 40 beredningsutskottet
913 727 65 29 har
1003 726 182 30 hänvisats
1211 734 43 21 en
1280 724 143 34 motion,
1451 723 46 30 II:
1514 722 71 35 782,
1612 731 42 21 av

167 782 80 29 herr
262 781 172 40 Kellgren,
451 781 76 30 vari
541 781 212 34 hemställes,
771 782 50 28 att
837 780 188 39 riksdagen
1041 780 12 29 i
1069 779 166 30 skrivelse
1250 778 54 30 till
1320 777 127 39 Kungl.
1463 776 105 39 Maj:t
1585 776 69 29 för-

166 835 104 30 ordar
286 835 187 40 utredning
490 844 57 21 om
564 835 132 39 statligt
714 834 78 30 stöd
807 833 53 30 till
878 833 127 30 svensk
1022 830 537 43 grammofonskiveproduktion
1575 828 79 30 med

167 888 142 31 särskilt
331 888 197 30 beaktande
552 898 42 20 av
617 890 48 28 ett
689 887 131 40 förslag
844 887 80 30 från
948 886 206 39 föreningen
1177 885 196 40 Fylkingen
1398 885 90 28 samt
1511 892 42 21 av
1575 882 79 30 med

166 942 339 40 skivproduktionen
529 941 232 40 förknippade
784 940 185 40 juridiska,
995 939 230 30 ekonomiska
1248 938 65 30 och
1336 935 319 32 distributionstek-

168 996 101 30 niska
287 996 171 39 aspekter.

211 1049 219 30 Motionären
448 1048 103 31 anför
568 1049 45 29 bl.
632 1058 29 20 a.
680 1050 50 27 att
748 1047 238 40 inspelningar
1004 1056 43 20 av
1064 1046 128 30 svensk
1208 1045 119 29 musik
1343 1044 46 40 på
1405 1043 168 40 Lp-skiva
1588 1042 68 29 hit-

168 1103 71 29 tills
254 1102 77 30 haft
347 1103 139 39 mycket
500 1102 159 39 blygsam
675 1101 221 39 omfattning.
912 1100 135 30 Försök
1060 1099 53 30 till
1130 1098 92 30 ökad
1236 1097 215 41 produktion
1465 1096 65 30 har
1545 1095 111 40 gjorts

167 1164 126 31 genom
317 1156 136 39 privata
477 1155 152 30 initiativ
654 1156 91 28 samt
770 1162 125 32 genom
921 1153 155 39 Sveriges
1100 1152 99 30 radio
1224 1151 66 30 och
1315 1150 80 30 med
1420 1149 132 39 statligt
1579 1148 77 30 stöd

168 1217 125 31 genom
309 1208 411 31 försöksverksamheten
736 1207 79 30 med
831 1207 258 29 rikskonserter
1107 1214 81 21 men
1203 1213 206 21 resurserna
1426 1204 38 29 är
1481 1202 177 30 otillräck-

170 1263 76 39 liga.
269 1263 49 29 De
342 1262 117 30 skivor
483 1271 74 20 som
580 1260 270 31 åstadkommits
872 1259 110 31 under
1008 1259 81 29 1965
1112 1259 64 29 har
1199 1258 90 29 dock
1312 1257 54 30 för
1388 1257 112 29 första
1523 1255 133 40 gången

168 1324 125 31 genom
315 1315 273 39 utomordentlig
609 1314 211 30 musikalisk
841 1313 64 30 och
926 1312 142 30 teknisk
1088 1311 145 30 kvalitet
1254 1310 173 40 klargjort
1448 1311 50 29 att
1520 1308 137 39 Sverige

169 1370 45 39 på
232 1369 95 30 detta
345 1369 143 29 område
507 1369 70 29 kan
597 1367 245 31 åstadkomma
861 1366 248 40 inspelningar,
1131 1374 75 21 som
1224 1364 139 40 mycket
1381 1363 56 30 väl
1454 1362 133 30 hävdar
1607 1361 50 39 sig

170 1423 10 29 i
195 1423 67 29 den
278 1422 282 30 internationella
575 1421 268 30 konkurrensen
859 1420 65 29 och
939 1419 203 39 därigenom
1157 1418 108 30 också
1280 1415 377 41 försäljningsmässigt

171 1476 62 29 har
252 1475 182 39 möjlighet
453 1477 50 28 att
523 1475 82 39 göra
624 1474 51 39 sig
694 1473 170 40 gällande.
883 1473 74 29 Inte
976 1472 107 30 minst
1102 1472 107 39 gäller
1228 1471 95 29 detta
1341 1470 67 29 den
1426 1468 232 40 inspelnings-

170 1528 162 30 tekniska
357 1528 200 34 kvaliteten,
582 1527 63 30 där
669 1536 83 20 man
776 1527 97 28 inom
897 1525 118 30 landet
1039 1524 78 30 haft
1140 1523 147 40 tillgång
1310 1523 53 29 till
1388 1522 139 39 mycket
1552 1521 107 29 fram-

171 1581 142 30 stående
332 1581 161 39 expertis.

213 1634 193 40 Lp-skivan
423 1634 80 29 med
521 1634 107 29 seriös
646 1633 118 30 musik
779 1632 65 30 har
863 1633 94 29 ännu
975 1631 71 30 inte
1064 1631 66 29 fått
1147 1630 68 29 den
1231 1629 108 30 breda
1356 1628 182 40 spridning
1555 1627 11 29 i
1582 1627 76 29 vårt

169 1688 93 34 land,
283 1697 74 20 som
376 1688 68 29 den
463 1687 107 30 sedan
587 1687 100 39 länge
705 1686 65 30 har
788 1686 12 29 i
817 1685 121 30 länder
958 1694 75 20 som
1051 1683 167 30 Amerika
1236 1683 65 29 och
1319 1681 190 41 Tyskland.
1530 1680 127 31 Skivan

169 1742 160 29 kommer
348 1740 193 30 emellertid
561 1740 79 29 med
659 1740 46 30 all
726 1739 162 30 säkerhet
908 1739 86 29 även
1014 1738 64 29 här
1098 1739 50 28 att
1167 1736 115 30 hävda
1303 1736 50 39 sig
1374 1744 74 21 som
1467 1736 48 28 ett
1535 1734 123 38 viktigt

169 1794 214 39 hjälpmedel
411 1796 51 28 att
488 1793 280 39 tillgängliggöra
794 1792 128 29 musik.
951 1791 74 30 Inte
1052 1790 107 30 minst
1188 1790 106 39 gäller
1322 1789 94 29 detta
1444 1788 124 30 skolan
1594 1786 63 30 och

170 1847 369 39 musikpedagogiken.
562 1846 217 29 Biblioteken
801 1845 71 30 kan
894 1844 106 30 också
1021 1845 12 29 i
1053 1844 61 30 allt
1137 1844 110 29 större
1270 1841 246 39 utsträckning
1536 1841 123 29 väntas

171 1901 48 29 bli
238 1900 164 30 försedda
420 1900 79 29 med
518 1900 172 29 diskotek.
710 1900 58 28 Ett
788 1898 131 39 förslag
937 1898 64 29 har
1021 1898 12 28 i
1050 1897 127 38 början
1196 1905 43 21 av
1260 1895 81 30 1965
1361 1894 170 30 tillställts
1550 1893 109 30 eckle-

171 1953 401 40 siastikdepartementet
597 1953 12 29 i
632 1952 92 29 form
748 1961 43 20 av
815 1960 42 20 en
882 1951 83 29 P.M.
991 1950 79 29 från
1095 1949 206 38 föreningen
1324 1947 204 40 Fylkingen,
1553 1946 107 29 vilket

172 2007 171 29 skisserar
359 2015 42 20 en
418 2006 200 39 utveckling
634 2015 42 20 av
691 2005 68 29 den
776 2004 149 30 svenska
942 2000 583 42 grammofonskiveproduktionen
1541 2000 11 28 i
1569 1999 91 29 form

172 2069 42 20 av
232 2062 48 27 ett
299 2060 131 38 statligt
450 2058 282 30 subventionerat
751 2057 111 38 bolag.
881 2056 178 38 Förslaget
1078 2055 200 29 diskuterar
1296 2053 106 30 också
1421 2053 94 29 såväl
1534 2053 127 29 ekono-

172 2113 115 29 miska
304 2122 74 20 som
395 2112 223 29 distributiva
634 2111 166 40 problem.
818 2110 103 29 Detta
937 2109 131 38 förslag
1085 2117 75 20 som
1176 2107 348 40 uppmärksammats
1541 2105 11 29 i
1568 2114 93 30 pres-

172 2175 62 20 sen
255 2165 65 30 och
342 2175 42 20 av
405 2165 223 29 musikernas
650 2162 359 40 fackorganisationer
1030 2162 64 29 har
1117 2162 94 28 ännu
1234 2160 30 39 ej
1289 2159 165 30 föranlett
1476 2159 114 38 någon
1612 2158 50 29 åt-

173 2219 84 39 gärd
276 2228 79 20 men
373 2227 80 20 vore
473 2218 148 38 förtjänt
640 2219 50 27 att
709 2217 162 29 närmare
888 2215 155 30 beaktas.
1062 2213 256 30 Diskussionen
1336 2222 57 19 om
1411 2212 178 29 formerna
1608 2210 53 30 för

172 2281 43 20 en
233 2271 144 30 bredare
397 2270 292 39 skivproduktion
707 2270 64 29 har
789 2268 192 30 emellertid
999 2267 89 30 varit
1107 2266 276 33 kontroversiell,
1402 2265 118 28 varför
1539 2264 122 38 frågan

174 2324 88 29 först
279 2324 106 29 borde
403 2324 48 28 bli
468 2323 147 29 föremål
633 2323 54 28 för
705 2331 42 20 en
765 2320 300 40 kompletterande
1082 2319 199 38 utredning.
1300 2317 129 30 Därvid
1446 2317 107 29 borde
1570 2316 91 29 vissa

172 2377 176 39 juridiska
369 2376 64 29 och
455 2374 230 30 ekonomiska
706 2374 161 39 aspekter
888 2373 137 39 belysas
1046 2371 209 39 ytterligare,
1278 2370 112 29 likaså
1412 2369 106 29 också
1540 2369 121 38 frågan

174 2439 57 20 om
248 2429 142 29 skivans
406 2428 234 40 pedagogiska
656 2426 225 38 användning
898 2425 94 29 inom
1010 2423 254 30 skolväsendet.

218 2482 176 30 Utskottet
413 2481 64 29 har
498 2480 173 29 inhämtat
691 2478 162 40 yttrande
874 2479 79 28 över
973 2476 177 30 motionen
1171 2475 80 30 från
1272 2477 132 28 statens
1424 2473 238 31 försöksverk-
