2187 2688
417 202 16 28 6
550 200 116 32 Första
690 200 217 32 Kammarens
935 200 181 42 Tillfälliga
1145 202 138 31 Utskotts
1306 201 76 43 (N:o
1406 203 32 40 2)
1469 202 167 33 Utlåtande
1658 203 63 33 N:o
1744 204 51 31 13.

374 289 162 36 revision
566 289 10 35 i
606 288 92 36 båda
726 302 50 22 nu
805 288 151 48 angifna
985 288 216 46 afseenden;
1238 291 67 35 och
1335 290 64 37 det
1427 304 108 36 synes
1564 291 204 46 Utskottet,
1797 306 80 24 som
1908 309 72 30 om,

375 340 9 35 i
415 339 65 37 fall
509 343 39 33 så
579 348 40 28 är
645 339 263 46 förhållandet,
938 341 82 35 med
1052 341 144 49 hänsyn
1225 342 56 36 till
1310 343 263 49 äktenskapets
1593 343 68 37 och
1678 343 184 50 familjens
1877 353 103 31 stora

374 391 190 49 betydelse
604 395 39 32 så
685 392 59 35 väl
786 393 10 34 i
838 393 69 34 och
936 392 58 35 för
1022 392 56 48 sig
1106 393 90 36 eller
1224 393 84 36 med
1338 393 170 37 afseende
1537 399 47 44 på
1614 395 82 36 dess
1725 395 255 45 medlemmar,

374 455 78 23 som
495 442 107 37 äfven
645 441 57 37 för
743 449 139 29 statens
924 444 101 35 helsa
1067 443 67 36 och
1178 445 170 43 bestånd,
1390 445 76 36 skäl
1508 459 99 30 vore,
1649 452 53 30 att
1744 447 84 36 med
1862 449 115 37 sådan

374 494 160 36 revision
577 494 30 48 ej
651 494 146 36 komme
839 499 55 31 att
935 498 105 32 anstå
1068 495 56 35 till
1153 508 44 23 en
1228 509 79 22 mer
1335 496 89 36 eller
1452 497 145 37 mindre
1625 498 160 47 aflägsen
1814 498 165 45 framtid,

375 550 88 31 utan
494 551 52 29 att
576 545 68 35 den
672 546 38 46 ju
740 545 74 35 förr
843 546 106 35 desto
980 546 116 35 hellre
1126 546 123 36 blefve
1277 545 202 51 företagen.

508 596 73 36 Det
621 604 41 27 är
702 600 45 44 på
787 596 125 47 grund
954 596 115 45 häraf,
1111 610 79 22 som
1234 597 202 45 Utskottet,
1478 600 79 35 med
1593 600 202 47 anledning
1823 602 38 35 af
1885 602 95 37 Herr

374 644 227 39 Grafströms
631 648 142 35 motion
802 647 193 36 vördsamt
1024 648 226 43 hemställer,

826 704 54 30 att
922 699 212 48 Riksdagen
1164 704 114 32 måtte
1308 701 148 35 besluta
1485 706 54 30 att
1573 703 4 34 i
1609 702 239 50 underdånig
1875 705 104 36 skrif-

776 750 97 34 velse
907 750 160 43 anhålla,
1096 750 61 35 det
1187 751 129 46 Kongl.
1345 751 105 47 Maj:t
1477 753 143 35 täcktes
1649 754 228 36 underkasta
1905 757 77 46 gäl-

776 799 107 36 lande
912 800 345 46 lagbestämmelser
1285 815 58 22 om
1366 802 371 49 äktenskapsskilnad
1758 817 45 23 en
1821 807 158 36 revision

776 849 57 37 för
874 851 211 36 beredande
1114 851 39 37 af
1179 852 243 50 erforderliga
1456 853 261 49 förändringar
1745 856 9 35 i
1784 856 109 37 ofvan
1917 871 62 22 an-

776 901 117 48 tydda
941 902 134 48 syften,
1121 910 92 28 samt
1264 904 160 36 derefter
1468 905 57 36 till
1577 905 207 50 Riksdagen
1840 908 140 49 afgifva

775 952 114 49 nådig
917 954 233 47 proposition
1180 955 9 33 i
1219 954 139 47 frågan.

508 1052 217 38 Stockholm
756 1055 70 35 den
860 1057 42 34 17
936 1055 102 48 April
1071 1057 104 36 1878.

935 1157 52 36 På
1016 1157 211 37 Utskottets
1257 1166 157 40 vägnar:

1032 1259 56 36 W.
1118 1245 203 51 STRÅLE.

795 2260 188 52 Stockholm,
997 2263 587 54 Associations-Boktryckeriet,
1469 2256 99 71 1878.
1596 2267 31 2 =
