1928 2852
78 1166 135 24 Utskottet.

300 164 40 31 16
647 163 396 33 Jordbruksutskottets
1065 161 187 32 utlåtande
1276 162 52 31 Nr
1355 163 27 29 1.

661 241 78 31 visa
762 241 55 31 för
840 240 214 37 budgetåret
1078 239 172 36 1933/1934
1273 242 51 29 ett
1348 241 103 30 extra
1477 239 282 36 förslagsanslag

660 303 46 20 av
725 293 127 36 475,000
871 292 141 36 kronor,
1033 293 54 30 att
1107 293 88 35 utgå
1215 291 113 37 enligt
1347 302 50 20 nu
1415 291 166 36 gällande
1602 291 156 36 grunder

660 345 57 31 för
740 345 113 31 sådan
875 343 278 37 fraktlindring;

700 395 32 36 2)
757 397 53 30 att
855 396 182 31 motionen
1082 396 124 30 IT:261
1242 395 77 31 icke
1345 396 59 30 må
1430 395 187 31 föranleda
1642 395 117 36 någon

661 448 211 37 riksdagens
894 447 140 38 åtgärd.

301 551 89 35 40:0)
414 551 254 37 Bekämpande
687 561 47 22 av
751 551 310 37 växtsjukdomar.
1077 550 121 32 Under
1219 551 115 36 punkt
1353 550 38 31 99
1412 551 65 30 har
1498 550 134 37 Kungl.
1651 550 110 37 Maj:t

261 605 186 36 föreslagit
472 604 193 36 riksdagen
690 605 54 29 att
768 603 57 31 till
848 603 170 37 åtgärder
1044 603 54 31 för
1123 602 245 36 bekämpande
1393 612 46 21 av
1464 601 298 37 växtsjukdomar

260 657 127 30 anvisa
408 657 55 30 för
486 656 214 36 budgetåret
724 654 170 36 1933/1934
916 656 52 30 ett
991 656 104 29 extra
1118 654 283 37 förslagsanslag
1422 664 46 21 av
1491 654 107 35 15,000
1622 654 139 30 kronor.

300 709 18 30 I
338 708 173 31 samband
529 708 150 31 härmed
697 708 66 30 har
783 707 175 31 utskottet
978 707 59 31 till
1056 706 219 37 behandling
1295 706 159 31 förehaft
1474 707 63 30 två
1557 706 97 31 inom
1674 706 88 30 riks-

261 761 116 36 dagen
406 760 142 36 väckta,
578 759 59 31 till
667 759 174 31 utskottet
872 758 199 32 hänvisade
1101 758 232 36 likalydande
1362 758 186 35 motioner,
1581 758 181 36 nämligen

262 813 32 30 I:
309 813 58 30 134
384 822 44 21 av
446 812 83 31 herr
547 811 214 37 Johansson,
778 811 120 32 Johan
915 810 199 36 Bernhard,
1133 811 64 30 och
1215 809 53 32 II:
1282 810 59 31 264
1358 820 46 21 av
1422 810 82 31 herr
1523 810 142 36 Linnér,
1684 810 78 30 vari

262 864 210 36 hemställts,
494 865 54 30 att
572 863 61 32 vid
654 862 221 37 beviljandet
897 873 45 20 av
966 861 127 37 anslag
1116 862 57 31 till
1194 861 245 37 bekämpande
1462 871 47 21 av
1533 861 230 36 växtsjukdo-

262 926 78 21 mar
368 917 58 30 må
454 915 190 36 förklaras,
673 916 55 30 att
755 915 162 35 anslaget
944 915 60 30 må
1033 913 185 32 användas
1247 913 136 36 jämväl
1413 913 56 32 för
1499 913 191 31 utrotande
1717 924 44 20 av

263 967 305 32 berberisbusken.

302 1019 239 32 Beträffande
567 1019 41 31 de
634 1018 88 37 skäl,
748 1028 75 21 som
848 1018 141 31 anförts
1015 1017 57 31 till
1096 1018 79 31 stöd
1199 1017 136 36 härför,
1361 1017 173 31 hänvisas
1559 1017 58 30 till
1641 1017 121 31 motio-

262 1082 121 21 nerna.

301 1158 182 31 Utskottet
506 1157 67 31 har
597 1157 77 31 icke
697 1158 109 35 något
830 1158 53 29 att
906 1156 123 31 erinra
1051 1157 73 30 mot
1147 1157 54 30 att
1225 1155 165 36 anslaget
1412 1155 132 36 ifråga,
1567 1165 75 21 som
1665 1154 13 30 i
1701 1163 62 21 nu-

262 1210 157 31 varande
441 1211 59 29 års
520 1209 150 31 riksstat
693 1208 185 37 upptagits
901 1208 58 31 till
980 1208 109 36 20,000
1109 1207 141 36 kronor,
1273 1207 55 31 för
1352 1208 105 30 nästa
1479 1206 176 36 budgetår
1678 1216 84 26 upp-

262 1263 94 30 föres
375 1262 79 30 med
474 1261 58 31 det
554 1271 45 21 av
619 1260 134 37 Kungl.
774 1259 109 37 Maj:t
905 1259 207 37 föreslagna
1132 1258 164 38 beloppet
1316 1259 108 36 15,000
1444 1258 141 31 kronor.

302 1313 285 32 Vidkommande
603 1313 224 31 motionerna
844 1312 139 31 erinras
1002 1311 88 36 däri,
1109 1313 53 29 att
1180 1311 12 31 i
1209 1310 186 32 avvaktan
1412 1312 46 35 på
1477 1310 196 31 förändrad
1691 1310 71 36 lag-

262 1366 170 35 stiftning
460 1364 231 32 beträffande
718 1363 315 32 berberisbuskens
1060 1362 192 32 utrotande
1279 1362 110 36 något
1417 1362 127 36 anslag
1571 1361 55 31 för
1655 1362 107 31 ända-

262 1418 109 30 målet
396 1417 76 30 icke
497 1427 47 20 av
568 1415 134 37 Kungl.
726 1415 109 36 Maj:t
861 1414 207 37 föreslagits
1093 1414 55 31 för
1172 1414 214 35 budgetåret
1412 1412 180 36 1933/1934.
1638 1413 124 31 Motio-

262 1479 113 21 nerna
404 1478 84 21 avse
518 1469 54 30 att
602 1468 80 31 med
713 1467 184 31 anlitande
927 1477 46 20 av
1005 1465 320 37 förslagsanslaget
1356 1464 57 32 till
1443 1465 244 36 bekämpande
1717 1475 45 21 av

264 1520 298 37 växtsjukdomar
587 1519 216 37 möjliggöra
826 1520 50 30 ett
902 1517 233 37 fullföljande
1158 1528 44 20 av
1228 1516 195 38 påbörjade
1448 1517 65 31 och
1539 1517 12 30 i
1577 1517 96 31 vissa
1698 1516 64 31 fall

263 1573 112 31 redan
403 1572 102 36 långt
536 1571 247 31 framskridna
811 1570 169 36 åtgärder
1012 1570 56 31 för
1098 1568 315 32 berberisbuskens
1441 1569 200 31 utrotande.
1693 1568 69 32 För

264 1633 88 28 egen
381 1624 55 32 del
464 1624 66 30 har
559 1623 175 31 utskottet
762 1622 78 31 icke
867 1622 110 36 något
1006 1623 54 30 att
1089 1621 122 31 erinra
1240 1622 73 29 mot
1342 1622 51 30 ett
1421 1621 130 31 sådant
1580 1620 183 31 tillmötes-

264 1677 135 35 gående
426 1686 46 20 av
499 1675 234 35 motionerna,
761 1675 53 30 att
841 1673 134 36 Kungl.
1005 1673 110 36 Maj:t
1140 1672 182 36 medgives
1350 1674 74 30 rätt
1452 1673 64 35 att,
1553 1672 5 31 i
1587 1673 68 31 den
1680 1673 83 30 mån

264 1729 126 36 anslag
413 1728 56 31 för
491 1727 118 36 dylikt
632 1726 168 32 ändamål
821 1726 91 30 efter
934 1725 181 37 prövning
1137 1725 12 30 i
1171 1724 103 37 varje
1297 1724 148 31 särskilt
1470 1724 67 31 fall
1559 1724 72 32 kan
1651 1724 112 31 befin-

263 1789 64 22 nas
351 1779 86 31 böra
461 1780 98 35 utgå,
584 1778 130 31 bereda
738 1776 238 37 erforderliga
1001 1776 113 31 medel
1142 1776 82 30 från
1250 1776 162 36 anslaget
1438 1776 57 31 till
1520 1776 243 36 bekämpande

263 1842 45 20 av
331 1831 307 36 växtsjukdomar.

303 1883 122 32 Under
448 1882 224 37 åberopande
694 1892 45 20 av
761 1882 58 31 det
840 1880 155 31 anförda
1015 1879 205 32 hemställer
1243 1879 183 35 utskottet,

706 1951 54 31 att
779 1950 193 36 riksdagen
991 1951 59 29 må
1069 1949 80 31 med
1168 1949 106 31 bifall
1293 1949 58 31 till
1371 1948 134 36 Kungl.
1527 1948 128 36 Maj:ts
1675 1948 89 30 före-

667 2002 157 31 varande
847 2001 271 36 framställning
1141 2001 93 31 samt
1255 2001 12 30 i
1290 1999 196 38 anledning
1509 2010 45 21 av
1577 1999 187 32 motioner-

666 2064 47 22 na
734 2054 32 31 I:
782 2054 57 30 134
861 2054 65 31 och
949 2053 53 31 IT:
1017 2053 59 31 264
1099 2052 57 31 till
1179 2052 170 36 åtgärder
1373 2052 56 30 för
1453 2051 244 37 bekämpande
1720 2061 44 21 av

667 2106 298 36 växtsjukdomar
1004 2104 128 32 anvisa
1172 2104 56 31 för
1269 2104 213 35 budgetåret
1512 2102 171 36 1933/1934
1714 2104 50 30 ett

667 2160 103 29 extra
801 2157 283 36 förslagsanslag
1115 2166 45 21 av
1192 2156 108 36 15,000
1330 2156 131 31 kronor
1492 2155 80 31 med
1603 2157 73 29 rätt
1709 2155 55 30 för

666 2209 147 37 Kungl.
845 2209 91 36 Maj:t
963 2210 54 30 att
1042 2210 85 34 taga
1153 2209 12 30 i
1191 2207 158 37 anspråk
1375 2207 238 32 förevarande
1639 2206 125 36 anslag

667 2261 136 37 jämväl
832 2262 55 30 för
915 2261 99 31 vissa
1043 2260 168 36 åtgärder
1240 2259 58 32 till
1326 2259 314 31 berberisbuskens
1671 2260 93 29 utro-

666 2314 117 31 tande.

303 2416 90 37 41:0o)
417 2417 180 37 Ogräsens
620 2415 255 38 bekämpande.
916 2415 124 31 Under
1063 2415 115 36 punkt
1202 2414 57 31 100
1283 2414 65 31 har
1375 2413 390 36 departementschefen

265 2470 131 34 anfört,
419 2470 53 30 att
495 2469 72 31 han
592 2468 121 31 funnit
735 2468 55 36 sig
812 2467 184 31 nödsakad
1020 2466 140 36 föreslå,
1183 2467 54 30 att
1258 2465 148 31 särskilt
1428 2464 127 36 anslag
1580 2465 55 31 för
1658 2464 107 31 ända-

265 2521 109 31 målet
394 2521 76 30 icke
493 2520 171 36 uppföres
685 2520 20 30 å
727 2519 192 30 riksstaten
944 2519 57 30 för
1021 2519 104 30 nästa
1145 2517 186 36 budgetår.
1377 2517 16 30 I
1416 2516 66 31 den
1505 2517 83 29 mån
1610 2517 57 30 det
1688 2515 76 31 icke
