1930 2866
537 166 397 33 Jordbruksutskottets
954 166 188 32 utlåtande
1164 167 53 31 Nr
1239 166 29 30 1.
1559 165 41 32 17

140 242 100 32 bleve
263 243 144 37 möjligt
432 244 56 30 för
511 243 318 32 centralanstalten
852 245 54 30 att
930 244 80 31 med
1033 244 57 31 till
1114 244 198 31 anstaltens
1336 244 212 37 förfogande
1571 246 70 30 stå-

139 294 89 32 ende
276 295 114 31 medel
439 296 110 30 utöva
599 295 215 37 erforderlig
843 296 229 31 verksamhet
1102 296 56 31 för
1189 298 170 34 ogräsens
1386 296 255 37 bekämpande,

140 347 122 36 syntes
285 344 135 39 Kungl.
446 345 110 37 Maj:t
579 346 124 31 kunna
727 357 43 21 ur
793 346 163 37 anslaget
981 347 56 31 till
1062 347 250 36 befrämjande
1338 347 11 30 i
1374 347 198 31 allmänhet
1595 357 47 21 av

138 399 176 36 jordbruk
340 399 65 31 och
431 399 386 36 lantmannanäringar
843 399 128 31 anvisa
996 399 109 36 något
1131 398 141 31 mindre
1298 398 126 37 belopp
1452 398 55 32 för
1533 398 108 31 ända-

137 450 120 33 målet.
299 449 107 32 Detta
430 451 57 30 får
509 451 174 30 utskottet
707 451 210 36 härigenom

581 537 223 31 omförmäla.

176 647 91 37 42:0)
290 649 324 32 Berberisbuskens
639 650 201 31 utrotande.
865 650 125 37 Enligt
1015 650 71 32 vad
1109 649 394 37 departementschefen
1527 649 112 32 under

139 702 117 35 punkt
278 702 58 31 101
358 702 122 31 anfört
502 702 65 31 har
590 702 12 31 i
625 702 186 31 avvaktan
831 703 46 35 på
900 702 138 32 ändrad
1060 702 234 37 lagstiftning
1315 702 229 32 beträffande
1567 702 75 31 ber-

138 753 251 31 berisbuskens
409 754 191 30 utrotande
619 755 111 35 något
750 755 81 34 nytt
852 754 126 37 anslag
997 754 55 31 för
1072 753 206 32 ändamålet
1298 754 77 31 icke
1396 755 136 31 ansetts
1552 754 88 32 böra

138 807 180 35 upptagas
342 806 56 31 för
423 806 213 36 budgetåret
661 804 180 37 1933/1934.

177 857 19 32 I
215 867 45 22 en
278 857 98 32 inom
393 858 114 31 andra
526 858 210 31 kammaren
755 858 118 36 väckt,
892 858 59 31 till
970 858 175 31 utskottet
1166 858 178 31 hänvisad
1363 858 136 31 motion
1518 868 43 21 nr
1581 858 59 31 107

139 920 47 21 av
206 911 83 30 herr
310 910 159 37 Heiding
489 921 44 20 m.
554 910 39 36 fl.
615 910 67 30 har
704 910 210 37 hemställts,
936 911 54 30 att
1010 910 195 36 riksdagen
1222 912 111 30 måtte
1355 910 56 31 för
1431 911 104 31 nästa
1556 910 86 31 bud-

137 962 102 37 getår
262 962 58 31 till
342 962 228 31 bestridande
594 972 45 21 av
663 962 192 31 kostnader
878 962 57 31 för
957 961 316 32 berberisbuskens
1297 962 191 31 utrotande
1511 962 129 31 anvisa

137 1015 52 30 ett
211 1016 103 29 extra
338 1013 370 37 reservationsanslag
732 1024 45 21 av
798 1014 108 36 50,000
929 1014 141 31 kronor.

178 1125 122 32 Under
326 1125 117 37 punkt
467 1126 38 30 40
529 1125 66 32 här
621 1135 95 22 ovan
740 1126 66 30 har
832 1126 172 31 utskottet
1030 1125 185 32 hemställt
1240 1136 57 21 om
1322 1127 75 31 rätt
1422 1126 56 32 för
1503 1126 136 36 Kungl.

137 1176 111 38 Maj:t
269 1179 54 30 att
343 1179 87 36 taga
450 1178 12 30 i
483 1177 157 37 anspråk
660 1179 104 30 extra
785 1177 321 38 förslagsanslaget
1126 1178 58 31 till
1204 1178 245 37 bekämpande
1470 1188 47 22 av
1537 1180 102 30 växt-

137 1229 211 38 sjukdomar
369 1229 137 37 jämväl
528 1229 55 32 för
605 1229 98 32 vissa
724 1229 170 37 åtgärder
917 1229 58 32 till
996 1229 314 33 berberisbuskens
1333 1230 200 32 utrotande.
1567 1229 72 32 Un-

134 1282 65 31 der
219 1281 224 37 åberopande
466 1281 113 32 härav
599 1282 207 31 hemställer
827 1282 183 36 utskottet,

571 1369 55 30 att
668 1368 236 32 förevarande
935 1368 136 31 motion
1103 1368 51 32 IT:
1170 1369 59 31 107
1261 1371 58 29 må
1342 1379 103 21 anses
1467 1369 175 32 besvarad

533 1428 127 28 genom
679 1420 71 31 vad
768 1420 173 31 utskottet
962 1421 153 31 sålunda
1136 1421 197 36 föreslagit.

175 1529 91 37 43:0)
289 1531 337 31 Lantbruksmöten.
669 1531 126 37 Enligt
817 1532 72 31 vad
910 1532 112 31 under
1045 1532 117 36 punkt
1185 1532 57 31 102
1265 1533 139 30 anförts
1426 1533 64 30 har
1514 1532 123 37 depar-

138 1583 281 31 tementschefen
439 1583 79 31 med
538 1583 201 37 beräkning
758 1584 53 31 att
832 1582 38 37 ”/s
890 1594 47 21 av
957 1583 58 32 det
1037 1584 56 31 för
1113 1583 213 37 budgetåret
1347 1583 171 36 1931/1932
1539 1584 100 32 anvi-

136 1635 83 31 sade
244 1635 163 36 anslaget
431 1635 58 31 till
513 1635 311 32 lantbruksmöten
847 1637 21 30 å
892 1636 107 35 25,000
1024 1636 131 31 kronor
1179 1636 63 31 bör
1267 1636 208 36 disponeras
1499 1637 56 31 för
1579 1637 58 32 det

139 1687 115 31 första
281 1686 469 32 distriktslantbruksmötet
779 1689 92 30 samt
899 1689 54 30 att
981 1689 51 30 ett
1060 1688 213 37 ytterligare
1301 1688 126 37 belopp
1456 1699 46 21 av
1530 1689 108 35 25,000

137 1738 131 32 kronor
289 1739 123 31 ställes
432 1738 58 32 till
510 1739 213 37 förfogande
745 1740 76 30 före
840 1739 111 38 sagda
969 1741 112 30 mötes
1102 1740 214 32 avhållande
1337 1741 78 31 1935
1436 1741 122 31 funnit
1578 1751 60 21 an-

138 1791 78 36 slag
233 1791 79 31 icke
328 1791 80 31 med
424 1791 268 37 nödvändighet
709 1792 137 31 behöva
863 1791 145 32 anvisas
1027 1792 56 31 för
1101 1791 214 38 budgetåret
1333 1791 179 36 1933/1934.
1530 1793 109 31 Detta

138 1844 57 30 får
220 1843 175 31 utskottet
419 1843 210 36 härigenom

578 1921 222 31 omförmäla.

177 2021 90 37 44:0)
290 2023 402 32 Lantbruksattachéer.
739 2023 82 32 Med
848 2024 257 36 tillstyrkande
1132 2035 46 21 av
1206 2025 134 36 Kungl.
1368 2025 128 36 Maj:ts
1525 2026 112 30 under

138 2075 114 37 punkt
276 2076 59 30 103
359 2075 126 36 gjorda
509 2075 280 37 framställning,
813 2086 75 20 som
911 2076 200 30 innefattar
1135 2086 44 21 en
1202 2077 179 36 sänkning
1406 2088 45 19 av
1475 2078 162 35 anslaget

139 2130 55 29 för
217 2127 282 36 ifrågavarande
520 2127 169 31 ändamål
710 2127 80 31 med
812 2128 86 35 3,000
923 2128 130 30 kronor
1091 2128 76 31 med
1191 2128 141 36 hänsyn
1355 2129 56 30 till
1436 2129 201 37 föreslagen

139 2179 230 36 nedsättning
393 2189 45 20 av
465 2179 440 31 lantbruksattachéernas
930 2179 248 37 expensmedel
1204 2181 79 30 med
1309 2180 151 37 tillhopa
1485 2182 152 30 motsva-

141 2231 106 31 rande
269 2231 137 35 belopp,
429 2231 205 30 hemställer
657 2231 185 35 utskottet,

579 2318 54 29 att
653 2317 192 36 riksdagen
864 2318 58 29 må
942 2317 56 30 till
1018 2317 262 35 uppehållande
1299 2329 45 19 av
1364 2320 52 28 tre
1437 2319 200 30 lantbruks-

539 2368 403 36 attachébefattningar,
966 2368 183 36 nämligen
1172 2378 43 21 en
1240 2370 11 29 i
1276 2370 154 35 London,
1454 2380 43 21 en
1521 2371 12 29 i
1554 2370 83 30 Ber-

539 2419 52 31 lin
613 2420 66 30 och
702 2429 43 21 en
767 2420 11 30 i
801 2419 103 36 Riga,
928 2419 127 31 anvisa
1079 2420 55 30 för
1157 2419 212 36 budgetåret
1393 2420 170 36 1933/1934
1586 2424 51 29 ett

538 2472 104 29 extra
661 2471 125 36 anslag
806 2481 45 20 av
870 2470 107 35 62,500
997 2471 141 30 kronor.

142 2545 107 29 Bihang
267 2542 41 25 till
330 2541 166 31 riksdagens
519 2542 144 30 protokoll
688 2542 73 24 1933.
802 2543 31 23 10
852 2544 80 22 saml.
971 2543 39 23 Nr
1032 2544 20 22 1.
1590 2544 16 23 2

1698 1127 136 24 Utskottet.
