1928 2854
98 1170 133 25 Utskottet.

330 154 40 30 22
670 159 396 35 Jordbruksutskottets
1088 163 187 33 utlåtande
1296 165 53 31 Nr
1372 167 29 30 1.

306 231 145 37 Enligt
477 233 135 37 Kungl.
640 234 128 37 Maj:ts
795 237 135 37 förslag
955 239 116 31 skulle
1098 240 58 31 det
1180 241 127 36 högsta
1334 243 311 39 bidragsbeloppet
1673 247 114 32 under

287 282 211 37 budgetåret
545 285 171 36 1983/1934
762 288 213 34 bestämmas
1012 291 58 32 till
1096 293 159 36 2,500,000
1280 294 141 38 kronor,
1448 297 65 30 och
1540 297 55 31 för
1622 298 164 37 tillgodo-

286 335 125 31 seende
428 346 45 20 av
493 337 114 32 medel
626 338 125 32 härtill
771 340 55 31 för
845 351 137 21 samma
1002 343 53 32 tid
1074 344 114 31 skulle
1207 346 145 32 anvisas
1372 349 50 31 ett
1442 349 127 36 anslag
1588 351 21 30 å
1627 351 159 36 2,500,000

285 386 139 32 kronor.
465 389 192 36 Härjämte
678 391 150 32 innebär
850 393 172 37 förslaget
1044 396 113 31 sådan
1178 397 156 38 ändring
1356 400 152 31 rörande
1532 401 176 33 villkoren
1729 404 56 31 för

285 438 207 33 erhållande
515 451 46 20 av
585 442 220 38 statsbidrag
831 444 82 32 från
936 446 282 37 ifrågavarande
1242 449 136 38 anslag,
1403 454 53 29 att
1482 453 67 31 den
1572 464 75 21 som
1670 455 116 32 erhål-

286 490 51 31 ler
366 490 127 38 bidrag
522 502 44 21 ur
593 494 381 39 avdikningsanslaget
1003 499 63 31 bör
1095 500 246 34 tillförbindas
1368 505 64 34 att,
1460 507 67 28 när
1555 507 39 29 så
1622 515 47 22 av
1694 507 90 31 lant-

285 541 288 39 bruksstyrelsen
599 547 200 36 påfordras,
827 548 91 32 efter
946 550 197 37 företagets
1170 552 252 34 fullbordande
1451 556 112 32 förete
1591 557 193 39 behörigen

287 594 215 33 verifierade
530 597 241 38 räkenskaper
797 602 83 29 över
908 601 42 31 de
976 603 82 31 med
1086 603 176 38 företaget
1290 606 169 33 förenade
1487 609 203 36 utgifterna
1718 611 66 32 och

284 647 55 30 att
359 647 203 32 vidkännas
583 650 112 31 sådan
715 651 207 38 minskning
941 664 47 21 av
1009 655 58 32 till
1089 655 176 38 företaget
1286 658 179 37 beviljade
1487 662 298 37 statsunderstöd,

284 710 75 22 som
379 701 368 39 lantbruksstyrelsen
767 705 92 31 efter
879 707 224 37 granskning
1124 719 45 21 av
1189 710 114 36 sagda
1322 711 244 38 räkenskaper
1587 714 120 32 finner
1726 715 57 37 sig

284 749 86 35 böra
392 753 212 33 föreskriva.
1687 786 2 3 :

324 803 227 34 Motionären
577 817 103 21 avser
705 818 44 21 en
775 809 133 37 ökning
935 820 47 21 av
1008 812 58 31 det
1093 823 44 20 av
1165 813 133 37 Kungl.
1325 814 110 38 Maj:t
1463 817 131 32 äskade
1620 819 163 37 anslaget

283 857 80 31 med
386 857 158 36 1,300,000
569 859 129 32 kronor
723 861 85 31 eller
832 862 57 31 till
911 862 159 37 3,800,000
1094 864 138 32 kronor.
1278 867 135 31 Vidare
1438 869 152 31 föreslår
1612 871 171 31 motionä-

283 918 63 21 ren
362 928 40 3 —
419 910 79 31 med
517 912 274 37 utgångspunkt
811 914 82 31 från
910 916 54 30 att
983 915 134 38 Kungl.
1135 916 129 38 Maj:ts
1282 919 136 38 förslag
1437 921 115 31 skulle
1570 922 12 30 i
1603 923 105 37 fråga
1726 928 57 26 om

283 960 281 37 bidragskvoten
581 963 173 33 innebära
772 975 44 21 en
835 966 213 38 förändring
1066 969 39 30 så
1122 969 143 32 tillvida
1284 972 54 30 att
1357 972 116 31 denna
1492 973 86 32 kvot
1596 971 126 44 skulle.
1729 977 54 30 ut-

283 1014 87 34 göra
398 1013 104 37 högst
531 1014 142 32 hälften
700 1026 47 21 av
775 1017 198 32 kostnaden
1000 1038 40 4 —
1067 1021 55 30 att
1150 1021 188 33 föreskrift
1365 1024 180 32 meddelas
1575 1026 124 32 därom
1728 1029 54 29 att

282 1065 221 37 statsbidrag
525 1068 60 29 må
608 1069 87 35 utgå
716 1069 80 31 med
818 1069 139 32 hälften
979 1081 47 21 av
1048 1072 207 33 kostnaden.

322 1166 18 31 I
388 1167 236 34 betraktande
672 1181 45 20 av
756 1173 55 29 att
837 1174 116 31 såsom
982 1175 393 36 departementschefen
1404 1180 113 31 under
1544 1181 238 33 förevarande

281 1219 115 35 punkt
420 1220 138 32 erinrat
585 1222 133 37 Kungl.
745 1223 109 37 Maj:t
879 1226 114 31 under
1019 1227 152 37 utgifter
1198 1229 55 31 för
1280 1229 286 40 kapitalökning,
1594 1233 187 38 föreslagit

282 1271 225 36 uppförande
533 1273 12 30 i
571 1273 195 33 riksstaten
790 1275 136 37 jämväl
949 1288 47 21 av
1021 1280 51 31 ett
1097 1280 147 31 särskilt
1269 1282 127 36 anslag
1421 1284 21 30 å
1466 1283 78 31 icke
1569 1284 139 33 mindre
1735 1289 47 28 än

280 1322 157 36 4,000,000
461 1324 132 32 kronor
618 1325 57 32 till
700 1327 303 38 understödjande
1027 1341 46 21 av
1097 1331 136 31 sådana
1257 1333 425 40 torrläggningsföretag,
1706 1348 75 21 som

281 1376 64 29 äro
373 1376 139 35 ägnade
544 1377 54 30 att
627 1378 186 31 motverka
843 1380 289 39 arbetslösheten,
1163 1393 103 22 anser
1297 1384 55 37 sig
1383 1386 174 33 utskottet
1587 1388 77 31 icke
1694 1389 87 32 böra

282 1426 144 32 förorda
453 1429 54 30 att
534 1429 136 31 statens
694 1431 347 39 avdikningsanslag
1069 1434 56 31 för
1151 1436 105 31 nästa
1282 1436 176 37 budgetår
1487 1438 211 35 bestämmes
1722 1441 58 32 till

280 1481 108 36 högre
409 1481 126 38 belopp
557 1485 47 29 än
624 1483 134 37 Kungl.
780 1484 109 37 Maj:t
910 1485 198 38 föreslagit.
1149 1488 181 32 Utskottet
1351 1489 67 31 har
1439 1490 111 32 heller
1572 1492 77 31 icke
1670 1493 110 36 något

280 1535 54 29 att
358 1533 121 31 erinra
503 1535 75 30 mot
603 1535 67 31 den
694 1545 46 21 av
764 1536 133 37 Kungl.
923 1537 111 37 Maj:t
1060 1538 205 38 föreslagna
1290 1541 202 37 ändringen
1517 1543 13 31 i
1552 1543 227 37 bidragsvill-

280 1584 117 31 koren.
438 1585 83 32 Med
540 1587 173 31 avseende
733 1589 21 29 å
774 1588 280 37 bidragskvoten
1072 1591 149 31 innebär
1240 1592 135 36 Kungl.
1396 1593 129 37 Maj:ts
1546 1595 136 38 förslag
1702 1597 77 31 icke

276 1653 41 5 —
334 1638 117 30 såsom
471 1638 226 32 motionären
717 1649 106 27 synes
845 1641 162 32 förmena
1027 1662 41 3 —
1087 1644 117 35 någon
1228 1644 213 39 förändring
1462 1647 12 30 i
1496 1648 71 31 vad
1588 1658 49 21 nu
1658 1648 124 37 gäller.

320 1686 121 34 Under
467 1689 224 37 åberopande
718 1701 46 21 av
792 1692 58 31 det
876 1693 150 32 anförda
1066 1694 205 33 hemställer
1298 1693 185 45 utskottet,

720 1779 54 30 att
794 1778 193 37 riksdagen
1006 1780 59 31 må
1084 1781 80 31 med
1183 1781 106 32 bifall
1308 1782 57 31 till
1385 1783 135 37 Kungl.
1541 1784 128 37 Maj:ts
1689 1786 89 32 före-

682 1830 157 31 varande
872 1830 270 39 framställning
1174 1834 65 31 och
1271 1835 81 31 med
1385 1835 126 37 avslag
1544 1838 21 29 å
1598 1837 178 32 motionen

681 1883 52 31 IT:
748 1884 59 31 271

719 1933 31 37 1)
777 1936 189 36 godkänna
992 1947 48 21 av
1066 1937 392 37 departementschefen
1484 1940 11 30 i
1523 1941 255 36 statsrådspro-

679 1987 148 31 tokollet
858 1988 179 36 tillstyrkt
1067 1990 154 37 ändring
1251 1991 153 31 rörande
1431 1992 179 32 villkoren
1640 1993 57 32 för
1725 2003 52 22 er-

679 2039 166 31 hållande
892 2050 47 21 av
975 2041 220 38 statsbidrag
1223 2042 84 31 från
1333 2044 137 30 statens
1498 2044 279 38 avdikningsan-

679 2091 93 36 slag;
1704 2122 2 2 |

717 2143 32 36 2)
774 2144 176 38 medgiva,
972 2147 55 30 att
1051 2145 134 39 Kungl.
1209 2145 112 38 Maj:t
1344 2149 58 29 må
1426 2148 114 31 under
1564 2148 213 37 budgetåret

678 2195 172 37 1933/1934
874 2197 136 37 bevilja
1034 2198 219 37 statsbidrag
1279 2199 83 32 från
1384 2200 137 30 statens
1546 2200 229 38 avdiknings-

679 2248 126 37 anslag
829 2250 21 29 å
874 2249 153 37 tillhopa
1051 2250 104 37 högst
1178 2250 158 36 2,500,000
1361 2251 146 35 kronor;

718 2298 31 37 3)
774 2300 127 32 anvisa
929 2301 56 31 för
1014 2301 212 38 budgetåret
1254 2301 172 36 1933/1934
1456 2304 113 31 under
1584 2294 95 51 titel
1698 2307 78 30 sta-

677 2355 78 29 tens
802 2353 345 37 avdikningsanslag
1195 2356 51 29 ett
1285 2355 104 30 extra
1418 2355 284 39 förslagsanslag
1730 2368 47 20 av

676 2405 158 36 2,500,000
857 2405 141 31 kronor.
