1878 2798
281 143 39 31 28
595 144 122 30 Första
735 144 230 38 lagutskottets
982 144 173 32 utlåtande
1174 155 40 20 nr
1233 148 57 34 41;
1310 145 134 38 bilagor.

320 242 124 32 Såsom
471 243 264 32 motionärerna
765 244 199 37 framhålla,
996 245 102 31 råder
1130 246 241 40 otvivelaktigt
1401 248 147 29 allmänt
1579 248 68 30 den
1677 258 84 29 upp-

276 288 211 39 fattningen,
510 291 50 28 att
583 289 69 30 den
675 290 205 30 nuvarande
903 290 195 40 ordningen
1122 291 11 30 i
1157 290 100 40 fråga
1281 301 58 21 om
1362 301 26 21 s.
1413 292 33 30 k.
1471 291 290 40 tredjegångstill-

276 333 156 39 sättning
452 342 42 21 av
513 333 336 40 kyrkoherdetjänst
869 334 77 31 icke
965 336 39 29 är
1025 335 335 31 tillfredsställande.
1383 336 205 31 Emellertid
1608 337 100 31 torde
1731 338 30 37 ej

277 378 107 29 heller
403 379 66 28 den
490 378 134 38 lösning
645 388 42 20 av
708 379 198 37 problemet,
927 390 76 20 som
1025 390 41 20 av
1088 381 256 30 motionärerna
1366 381 203 39 föreslagits,
1592 392 83 20 vara
1697 382 65 30 den

276 432 42 20 ur
336 422 70 31 alla
425 423 219 38 synpunkter
662 426 66 28 sett
746 424 205 39 lyckligaste
971 425 65 30 och
1053 425 111 30 bästa.
1184 425 57 30 Att
1261 425 263 31 motionärerna
1543 426 111 39 själva
1673 427 88 30 varit

278 467 79 29 fullt
398 468 181 29 medvetna
610 468 123 30 härom
762 478 104 29 synes
896 469 231 38 framskymta
1157 470 10 29 i
1198 470 276 31 motionärernas
1504 472 177 29 uttalande
1714 474 47 27 att

276 520 128 31 genom
426 512 67 30 den
517 522 42 21 av
583 513 81 30 dem
688 512 200 40 föreslagna
912 514 245 39 anordningen
1184 515 130 30 »skulle
1339 515 120 31 vidare
1483 516 67 30 den
1575 516 186 35 irritation,

276 566 76 21 som
376 557 100 30 alltid
499 557 128 39 skapas
650 557 94 31 inför
768 561 47 28 ett
838 558 389 40 regeringsingripande
1250 560 11 29 i
1285 563 47 27 ett
1355 560 294 38 kyrkoherdeval,
1674 560 88 31 åter-

274 601 147 31 komma
448 611 95 21 mera
571 602 145 30 sällan».
744 602 102 31 Detta
873 603 365 37 irritationsmoment,
1266 614 75 21 som
1366 605 280 39 uppenbarligen
1673 606 89 29 varit

276 646 237 39 anledningen
533 647 51 29 till
604 647 192 36 motionen,
817 648 112 30 skulle
950 647 133 31 således
1104 648 78 31 icke
1203 649 71 30 helt
1295 650 218 38 undanröjas
1534 653 86 27 utan
1640 651 122 29 endast

276 691 9 29 i
309 691 70 30 viss
401 691 241 38 utsträckning
661 693 191 29 reduceras.
899 693 63 29 Det
986 693 176 30 förefaller
1186 694 186 30 emellertid
1397 695 177 37 angeläget
1598 698 49 27 att
1671 696 91 29 detta

276 735 355 31 irritationsmoment
653 736 73 30 helt
747 736 142 39 bringas
911 747 41 20 ur
975 738 155 35 världen,
1155 738 107 30 vilket
1285 739 100 30 torde
1408 739 121 30 kunna
1554 739 61 31 ske
1636 748 126 30 genom

277 789 42 21 en
342 780 194 30 förändrad
558 781 221 39 lagstiftning
801 781 11 30 i
835 782 68 29 den
925 782 166 39 riktning,
1114 792 77 21 som
1213 783 148 38 angivits
1384 783 11 30 i
1419 783 67 30 den
1508 793 43 21 av
1574 784 127 39 biskop
1724 785 37 29 T.

276 824 129 30 Bohlin
422 824 56 31 vid
498 826 83 29 1938
599 825 57 30 års
672 826 211 38 kyrkomöte
899 827 125 30 väckta
1042 827 182 30 motionen
1245 827 53 38 (nr
1314 827 31 39 3)
1366 828 173 30 avseende
1556 829 205 38 upphävan-

275 869 42 30 de
342 879 44 20 av
411 869 272 31 bestämmelsen
711 880 57 21 om
793 872 155 38 prästval
976 871 58 30 vid
1060 871 91 31 vissa
1178 872 251 39 tillsättningar
1455 882 43 21 av
1522 873 239 38 kyrkoherde-

275 913 159 39 tjänster.
459 914 67 30 För
549 914 74 31 min
647 915 57 30 del
726 915 71 30 kan
820 915 59 39 jag
903 916 77 31 icke
1002 916 140 31 biträda
1167 917 281 31 motionärernas
1472 918 132 39 förslag
1629 928 59 21 om
1712 921 49 28 att

275 958 215 39 Konungens
507 959 299 39 utnämningsrätt
825 960 113 30 skulle
958 961 212 30 inskränkas
1190 962 51 30 till
1261 965 50 27 att
1329 971 82 21 avse
1431 963 122 30 endast
1573 973 62 20 var
1654 963 108 30 femte

274 1002 91 40 gång
391 1003 337 51 kyrkoherdetjänst
753 1004 67 31 blir
846 1005 102 39 ledig,
976 1005 44 30 då
1044 1006 209 39 härigenom
1279 1003 283 59 lagstiftningens
1591 1008 171 38 egentliga

275 1048 92 38 syfte
390 1048 11 30 i
423 1048 180 39 betänklig
628 1049 86 38 grad
738 1049 112 44 skulle
874 1023 140 70 rubbas.
1040 1050 168 31 Däremot
1232 1051 59 30 vill
1313 1051 58 39 jag
1395 1052 109 38 gärna
1527 1052 140 31 biträda
1692 1052 69 31 för-

274 1092 109 39 slaget
401 1103 58 20 om
475 1069 265 67 bestämmelser
759 1086 162 47 syftande
939 1095 52 30 till
1010 1095 258 40 inskränkning
1287 1105 42 21 av
1345 1097 115 29 rätten
1478 1099 50 28 att
1548 1097 85 30 söka
1650 1096 110 31 sådan

274 1136 108 39 tjänst
400 1140 99 27 utom
517 1137 142 39 förslag.

318 1181 133 39 Utdrag
477 1191 42 21 av
543 1183 214 38 protokollet
783 1183 112 31 skulle
920 1184 157 39 biläggas
1104 1185 249 39 domkapitlets
1377 1186 163 38 yttrande
1567 1186 11 30 i
1605 1187 154 29 ärendet.

919 1272 82 31 Som
1022 1282 91 22 ovan

1460 1319 77 30 Otto
1563 1319 151 30 Wersäll.

1574 1536 119 38 Bilaga
1714 1537 42 29 H.

324 1576 176 25 SVENSKA
519 1577 185 25 KYRKANS

271 1620 490 26 SJÖMANSVÄRDSSTYRELSE.

318 1737 66 30 Till
400 1738 205 38 Riksdagens
622 1739 108 37 första
747 1739 189 38 lagutskott.

315 1829 156 31 Svenska
492 1830 157 39 kyrkans
671 1830 408 40 sjömansvårdsstyrelse
1101 1832 66 30 har
1188 1833 185 30 anmodats
1395 1836 51 28 att
1468 1833 51 30 till
1541 1833 218 39 Riksdagens

271 1874 113 30 första
416 1875 192 39 lagutskott
640 1875 123 39 avgiva
794 1876 164 38 yttrande
987 1877 83 29 över
1102 1876 52 30 till
1185 1876 240 31 innevarande
1457 1877 142 40 riksdag
1631 1878 126 30 väckta

271 1919 186 36 motioner,
477 1929 42 20 nr
538 1920 63 30 268
621 1919 11 30 i
650 1920 112 30 första
779 1920 210 31 kammaren
1008 1930 42 21 av
1069 1921 82 30 herr
1171 1921 198 31 Holmbäck
1387 1923 66 29 och
1473 1932 42 20 nr
1534 1923 63 30 420
1617 1923 10 29 i
1647 1923 110 30 andra

271 1963 209 31 kammaren
499 1974 42 20 av
559 1964 83 30 herr
661 1964 107 36 Ståhl,
788 1975 57 20 om
865 1965 149 39 ändring
1033 1966 11 29 i
1063 1966 102 39 lagen
1185 1976 57 21 om
1260 1966 208 40 tillsättning
1488 1976 43 21 av
1550 1967 207 69 prästerliga

269 2008 160 38 tjänster.

315 2052 177 39 Styrelsen
517 2063 103 21 anser
645 2053 51 40 sig
721 2053 76 31 icke
822 2055 91 30 hava
939 2055 189 39 anledning
1155 2058 50 28 att
1230 2055 11 30 i
1266 2055 58 31 sitt
1347 2057 164 38 yttrande
1537 2057 82 39 ingå
1644 2056 45 40 på
1716 2033 41 53 de

271 2097 94 30 olika
387 2098 170 38 problem,
580 2107 77 21 som
680 2099 278 39 sammanhänga
981 2100 80 30 med
1084 2100 173 31 institutet
1281 2110 57 21 om
1361 2110 25 21 s.
1407 2101 34 30 k.
1466 2075 290 70 tredjegångstill-

271 2141 165 39 sättning,
455 2145 86 28 utan
559 2143 212 30 inskränker
789 2143 50 39 sig
859 2144 53 30 till
916 2122 57 52 "de
992 2143 250 32 förhållanden
1262 2154 76 22 som
1356 2145 114 31 direkt
1489 2146 126 30 beröra
1636 2146 120 38 styrel-

271 2196 79 20 sens
372 2187 234 31 verksamhet.

314 2231 178 38 Styrelsen
519 2232 131 30 önskar
677 2232 56 31 för
761 2233 53 30 sin
842 2233 56 30 del
924 2234 235 38 understryka
1187 2235 66 30 vad
1280 2244 76 21 som
1384 2235 11 30 i
1423 2235 255 40 motiveringen
1706 2235 50 30 till

269 2276 223 30 motionerna
519 2276 207 31 framhålles
754 2276 181 40 angående
963 2277 262 41 svårigheterna
1252 2279 56 30 för
1335 2280 344 39 sjömansprästerna
1707 2282 49 27 att

271 2320 161 39 uppfylla
463 2321 174 30 villkoren
666 2324 50 28 att
748 2323 246 38 provpredika.
1027 2323 156 31 Resorna
1214 2325 130 29 mellan
1377 2325 337 30 arbetsstationerna
1746 2324 10 29 i

271 2365 188 30 utländska
475 2366 152 30 hamnar
646 2367 66 30 och
727 2367 202 31 hemlandet
947 2369 62 29 äro
1028 2368 10 30 i
1056 2368 94 38 regel
1167 2368 169 31 förenade
1353 2370 81 29 med
1452 2370 192 30 avsevärda
1661 2369 94 30 kost-

270 2410 119 30 nader.
410 2409 186 40 Långväga
616 2411 67 30 och
702 2412 181 38 vanskliga
901 2412 351 31 kommunikationer
1271 2414 62 30 äro
1353 2413 12 30 i
1383 2414 91 30 vissa
1494 2414 64 30 fall
1575 2431 46 4 —
1640 2412 114 32 såsom

269 2452 43 32 då
336 2453 101 40 fråga
461 2455 39 30 är
524 2464 58 21 om
605 2458 230 28 transoceana
860 2457 151 29 hamnar
1033 2475 45 3 —
1102 2458 134 37 ägnade
1260 2461 50 27 att
1334 2458 72 31 helt
1432 2458 231 40 omöjliggöra
1689 2458 65 38 sjö-
