1878 2786
436 194 390 35 Jordbruksutskottets
849 189 179 32 utlåtande
1050 198 43 20 nr
1113 189 20 29 9
1153 187 39 29 år
1215 185 83 30 1958
1582 180 38 30 13

118 287 188 39 listningen
325 294 42 20 av
386 284 72 29 fisk
477 283 53 29 till
550 280 159 40 kryddad
730 278 84 31 eller
833 276 99 30 färsk
953 272 164 41 skarpsill
1138 269 198 32 föranleder
1356 268 55 30 för
1431 268 190 28 närvaran-

118 339 42 29 de
178 338 76 29 icke
273 335 104 40 något
397 332 182 31 uttalande
599 330 80 30 från
699 329 73 29 min
793 327 86 31 sida.

162 388 74 29 Den
256 385 196 38 anordning
471 383 80 29 med
581 375 407 39 centralisering
1019 382 54 21 av
1103 371 242 40 exporten
1375 368 52 30 till
1448 365 174 32 särskilda

118 446 119 32 organ,
252 437 118 31 vilken
387 434 111 30 under
516 442 43 20 en
577 431 88 39 följd
687 439 42 20 av
747 428 38 30 år
801 427 193 39 tillämpats
1011 422 223 32 beträffande
1251 420 122 30 länder
1391 418 79 30 med
1488 417 135 29 centra-

118 488 128 31 liserad
268 487 139 39 import,
429 484 65 29 har
516 483 107 38 enligt
645 476 372 44 jordbruksnämnden
1041 476 88 28 även
1151 473 111 29 under
1284 471 58 29 det
1365 468 162 31 sistlidna
1549 466 73 30 året

116 539 90 29 visat
230 538 50 39 sig
302 534 208 39 nödvändig.
536 532 121 31 Såsom
680 528 179 31 nämnden
881 526 128 34 anfört,
1034 533 103 31 synes
1160 523 57 29 det
1239 519 221 39 erforderligt
1484 520 60 32 att,
1568 516 55 30 för

118 591 50 28 att
191 587 176 30 rationellt
389 585 223 37 tillvarataga
635 578 237 41 föreliggande
893 574 358 43 exportmöjligheter,
1276 573 87 28 även
1386 569 112 30 under
1522 569 102 28 nästa

119 638 168 39 budgetår
310 636 133 39 reglera
464 634 170 39 exporten
655 632 11 29 i
690 629 149 40 ungefär
863 636 135 21 samma
1020 624 213 38 omfattning
1258 630 75 21 som
1356 620 55 30 för
1434 620 191 28 närvaran-

120 690 51 29 de.
192 690 64 38 Jag
276 687 160 30 förordar
457 684 131 33 därför,
608 684 50 28 att
679 682 166 39 exporten
865 677 132 40 jämväl
1018 675 112 30 under
1149 672 205 40 budgetåret
1376 669 150 35 1958/59
1547 667 78 29 ord-

120 749 64 21 nas
208 739 88 28 efter
320 738 11 28 i
354 735 188 30 huvudsak
568 733 40 30 de
634 731 162 40 grunder,
823 738 75 20 som
923 727 100 39 följts
1047 725 112 29 under
1184 720 236 32 innevarande
1445 717 179 40 budgetår.

124 791 12 29 I
161 789 152 40 enlighet
336 786 147 31 härmed
506 785 63 30 bör
594 785 86 29 även
705 777 402 39 utförselförordningen
1137 771 213 37 (1953:374)
1381 778 57 32 ges
1464 767 162 40 förlängd

123 840 158 41 giltighet
299 839 55 29 för
373 837 96 30 tiden
487 836 53 29 till
559 834 65 30 och
644 833 78 30 med
742 832 67 29 den
829 829 40 31 30
888 829 78 39 juni
988 827 95 30 1959.

168 887 378 34 Jordbruksnämnden
573 885 65 29 har
665 883 132 30 erinrat
824 889 58 21 om
910 881 50 28 att
991 878 118 29 senast
1137 876 11 29 i
1176 873 264 42 propositionen
1470 869 99 31 1957:
1586 867 42 31 88

124 941 106 30 bland
253 940 108 30 annat
384 937 157 33 uttalats,
565 936 51 28 att
637 952 45 3 —
704 932 92 30 intill
820 931 78 30 dess
922 928 184 30 resultatet
1130 935 42 20 av
1197 923 83 31 1954
1304 923 57 30 års
1385 918 244 33 fiskeriutred-

124 992 102 38 nings
247 991 147 37 översyn
416 987 184 38 föreligger
619 1002 44 3 —
683 982 228 40 möjligheten
933 980 50 29 att
1004 979 121 38 uttaga
1145 976 144 39 import-
1310 973 65 30 och
1396 969 233 42 exportavgif-

125 1044 51 27 ter
195 1041 43 37 på
256 1040 80 33 fisk,
352 1039 78 29 med
447 1037 176 35 undantag
641 1034 55 29 för
712 1033 145 36 tidigare
875 1028 230 32 omförmälda
1124 1026 72 38 slag
1214 1034 42 21 av
1274 1022 182 33 fiskfiléer,
1473 1021 75 29 icke
1565 1020 65 29 bör

126 1091 185 39 utnyttjas,
335 1088 120 31 såvida
478 1087 31 39 ej
534 1084 187 39 väsentligt
744 1081 155 32 ändrade
921 1077 247 33 förhållanden
1191 1074 198 32 föranleder
1413 1071 128 31 därtill.
1564 1069 67 30 Nå-

127 1150 67 32 gon
213 1140 148 39 ändring
379 1139 12 29 i
410 1138 41 30 de
471 1136 150 31 sålunda
639 1133 204 31 redovisade
863 1129 269 40 möjligheterna
1152 1128 51 28 att
1222 1127 121 37 uttaga
1362 1121 268 41 ifrågavarande

126 1191 148 40 avgifter
298 1198 101 22 anser
422 1188 59 40 jag
504 1187 77 30 icke
604 1184 165 41 påkallad
792 1183 56 29 för
870 1182 102 29 nästa
995 1173 180 49 budgetår.

173 1293 67 29 För
264 1289 205 41 budgetåret
496 1286 151 36 1957/58
671 1285 65 29 har
761 1281 194 40 medgivits,
981 1281 51 28 att
1057 1279 52 29 till
1136 1276 196 31 kostnaden
1357 1275 55 29 för
1438 1282 42 20 en
1506 1271 127 30 befatt-

131 1343 83 39 ning
247 1350 76 22 som
366 1331 675 46 fiskexportrepresentant
1084 1328 55 30 får
1170 1329 98 37 tagas
1300 1325 12 30 i
1344 1323 155 41 anspråk
1530 1322 103 38 högst

129 1392 42 31 90
186 1391 62 31 000
270 1392 140 32 kronor,
433 1397 108 21 varav
565 1386 41 30 45
622 1386 62 30 000
707 1385 131 29 kronor
859 1381 79 30 från
960 1382 56 29 det
1039 1380 20 30 å
1080 1379 185 29 riksstaten
1289 1376 108 29 under
1419 1373 127 30 nionde
1570 1372 64 29 hu-

128 1441 174 32 vudtiteln
326 1439 203 31 redovisade
553 1433 392 38 reservationsanslaget
970 1428 214 41 Främjande
1209 1436 42 21 av
1274 1425 190 38 beredning
1489 1423 64 29 och
1579 1430 56 22 av-

130 1492 156 39 sättning
304 1500 41 21 av
363 1490 71 29 fisk
453 1498 45 20 m.
516 1497 46 21 m.
581 1486 65 30 och
664 1484 199 31 återstoden
882 1481 80 31 från
981 1481 42 29 de
1042 1480 54 30 för
1115 1477 204 40 budgetåret
1340 1473 150 36 1957/58
1509 1480 126 32 genom

131 1541 222 42 upptagande
381 1549 41 20 av
448 1536 298 39 införselavgifter
773 1534 46 40 på
845 1532 125 30 fiskets
999 1529 142 31 område
1171 1526 196 41 inflytande
1397 1524 148 30 medlen.
1574 1522 62 29 Be-

132 1591 327 40 fattningshavaren
483 1590 38 28 är
545 1587 106 30 sedan
675 1587 65 29 den
769 1585 14 29 1
810 1582 141 41 januari
978 1580 83 31 1955
1086 1577 214 32 stationerad
1324 1576 10 29 i
1358 1576 110 29 Bonn.
1577 1565 2 3 |

177 1643 121 30 Såsom
320 1641 108 29 redan
451 1637 199 39 föreslagits
673 1636 57 29 vid
753 1632 258 39 behandlingen
1035 1639 42 21 av
1100 1627 240 41 nyssnämnda
1364 1625 121 38 anslag
1507 1624 11 29 i
1543 1623 92 29 årets

134 1689 412 42 statsverksproposition
579 1687 61 33 (IX
667 1687 49 33 ht,
745 1694 32 31 p.
807 1683 94 35 174),
927 1682 99 30 torde
1052 1680 52 30 till
1132 1677 171 31 täckande
1329 1686 42 20 av
1397 1673 240 31 kostnaderna

132 1744 55 30 för
212 1741 241 39 befattningen
478 1739 56 30 för
559 1736 206 40 budgetåret
792 1733 149 35 1958/59
967 1732 85 29 böra
1077 1729 173 30 beräknas
1276 1728 48 29 ett
1349 1725 205 31 oförändrat
1580 1723 56 29 be-

131 1794 81 39 lopp
232 1802 42 20 av
292 1792 40 29 90
347 1792 61 29 000
428 1790 141 29 kronor.
590 1789 13 29 I
622 1785 204 39 anslutning
845 1783 52 30 till
916 1782 66 30 vad
1003 1790 75 21 som
1097 1781 10 28 i
1126 1778 155 30 nämnda
1301 1775 255 37 sammanhang
1577 1782 59 20 an-

134 1844 100 34 förts,
250 1843 63 29 bör
328 1841 118 30 vidare
462 1859 44 3 —
523 1838 107 30 sedan
647 1838 41 29 45
703 1836 63 30 000
783 1836 131 28 kronor
931 1842 42 20 av
990 1830 236 31 kostnaderna
1245 1828 55 29 för
1317 1825 243 39 befattningen
1578 1823 56 29 be-

136 1894 112 31 stritts
274 1902 40 20 ur
338 1892 156 37 anslaget
517 1907 43 4 —
583 1887 200 30 återstoden
807 1884 82 39 utgå
913 1892 42 20 ur
979 1883 41 29 de
1045 1882 54 29 för
1123 1878 205 40 budgetåret
1354 1876 149 35 1958/59
1529 1873 105 39 infly-

136 1944 104 31 tande
262 1944 82 29 eller
365 1940 250 32 dessförinnan
636 1938 156 29 influtna
813 1932 345 39 införselavgifterna
1179 1929 45 40 på
1246 1928 124 30 fiskets
1393 1925 154 30 område.

179 2044 244 31 Kostnaderna
450 2041 112 29 under
588 2036 237 32 innevarande
852 2032 169 40 budgetår
1049 2032 55 29 för
1143 2028 251 31 kvalitets
1407 2022 229 32 kontroll

136 2105 43 20 av
206 2095 109 29 andra
341 2093 175 29 fiskvaror
542 2091 45 28 än
613 2089 189 29 konserver
828 2084 169 30 bestrides
1024 2082 10 29 i
1062 2080 151 39 enlighet
1241 2078 77 29 med
1345 2076 113 29 beslut
1484 2083 42 21 av
1555 2072 81 30 1957

137 2146 55 29 års
211 2144 141 38 riksdag
372 2152 41 19 av
432 2139 197 40 inflytande
649 2134 303 39 kontrollavgifter
971 2132 110 39 jämte
1101 2132 47 28 ett
1169 2129 149 29 tillskott
1337 2136 41 20 av
1398 2126 101 38 högst
1519 2123 41 29 40
1576 2122 62 30 000

138 2196 128 28 kronor
294 2202 40 19 ur
360 2188 391 43 jordbruksnämndens
778 2183 260 39 clearingkassa
1064 2181 54 29 för
1144 2179 81 29 fisk.
1252 2177 116 38 Enligt
1396 2174 206 30 uttalanden
1628 2172 10 29 i

138 2243 262 41 propositionen
427 2240 98 30 1957:
543 2239 51 33 88,
619 2238 93 28 vilka
737 2235 152 30 lämnats
914 2235 85 26 utan
1024 2231 140 29 erinran
1190 2237 41 20 av
1256 2227 197 37 riksdagen,
1480 2223 89 30 skall
1594 2240 43 3 —

138 2296 9 28 i
168 2294 151 38 enlighet
340 2292 78 29 med
439 2300 42 19 en
502 2290 124 28 hösten
651 2286 82 30 1956
755 2284 128 30 mellan
904 2278 371 43 jordbruksnämnden
1298 2276 62 30 och
1385 2274 148 30 svenska
1555 2273 85 27 kon-

138 2341 294 33 servkontrollens
456 2339 61 29 råd
540 2337 133 30 träffad
695 2331 340 34 överenskommelse
1058 2328 177 39 angående
1258 2326 70 29 viss
1351 2323 223 39 omläggning
1600 2329 41 20 av

138 2390 367 34 konservkontrollens
529 2387 249 30 arbetsformer
803 2383 64 29 och
891 2381 260 39 avgiftssystem
1199 2395 17 3 —
1239 2376 105 29 sedan
1369 2374 40 30 20
1425 2373 62 29 000
1511 2373 130 28 kronor

138 2444 143 29 tillförts
300 2451 42 20 en
362 2441 9 29 i
390 2438 263 42 propositionen
672 2433 211 32 omförmäld
903 2429 232 33 buffertfond,
1158 2427 146 29 tillskott
1324 2434 42 20 av
1385 2422 202 31 statsmedel
1608 2420 30 39 cj

138 2494 117 30 vidare
274 2491 176 30 erfordras
469 2489 54 29 för
543 2483 318 33 kvalitetskontroll
881 2490 41 20 av
941 2481 200 28 konserver.
