1874 2780
255 178 37 28 14
572 180 389 31 Jordbruksulskottets
984 182 179 30 utlåtande
1185 193 42 19 nr
1248 185 19 28 9
1288 184 39 29 år
1350 185 83 28 1958

300 262 245 39 Nyssnämnda
573 264 223 40 omläggning
825 275 40 20 av
895 266 351 31 konservkontrollen
1274 268 218 31 beräknades
1521 270 159 30 medföra
1708 273 50 28 ett

257 311 123 30 sådant
401 312 244 40 förbilligande
665 323 43 20 av
726 315 434 36 kontrollverksamheten,
1181 319 50 28 att
1250 318 57 29 vid
1327 321 121 37 export
1468 328 41 21 av
1529 321 136 28 normal
1686 330 72 20 om-

257 361 151 40 fattning
433 362 237 31 kostnaderna
696 365 9 28 i
733 365 54 29 sin
811 365 117 30 helhet
953 366 117 30 kunde
1096 368 120 29 täckas
1243 376 124 31 genom
1394 369 362 40 kontrollavgifterna.

255 411 376 31 Jordbruksnämnden
655 414 157 30 anmäler
836 415 192 31 emellertid
1051 426 58 24 nu,
1134 419 50 28 att
1209 427 82 20 man
1314 426 124 31 genom
1463 429 41 20 en
1530 421 227 38 exceptionell

257 462 203 39 minskning
482 471 42 20 av
545 465 166 37 exporten
734 473 42 20 av
797 464 262 31 fiskkonserver
1081 467 52 29 till
1157 467 89 39 följd
1270 477 41 20 av
1333 477 43 20 en
1399 469 111 29 under
1533 470 38 29 år
1599 470 81 30 1957
1706 471 52 29 in-

257 511 130 30 träffad
406 512 64 29 och
489 513 110 29 under
616 513 38 30 år
675 514 83 29 1958
776 515 128 30 väntad
924 515 142 30 fortsatt
1084 516 86 30 brist
1189 517 45 40 på
1251 517 142 31 råvaror
1411 518 55 30 för
1484 519 199 31 industrien
1701 521 57 29 be-

258 561 104 34 farar,
390 563 51 28 att
470 563 136 29 medlen
633 564 11 28 i
675 565 239 37 nyssnämnda
946 565 220 31 buffertfond
1196 567 76 31 icke
1301 568 159 30 kommer
1489 571 50 28 att
1568 570 109 30 förslå
1706 572 52 28 att

256 611 100 29 täcka
377 612 243 30 underskottet
641 613 44 40 på
705 614 279 31 verksamheten.
1007 615 184 31 Nämnden
1213 618 147 29 föreslår
1381 619 130 36 därför,
1534 622 50 27 att
1607 621 148 29 tillskott

255 670 41 19 av
321 663 201 29 statsmedel
549 663 87 29 skall
661 664 57 29 vid
744 664 111 30 behov
879 665 121 29 kunna
1024 666 258 39 ifrågakomma
1307 668 54 30 för
1385 669 372 31 konservkontrollens

256 711 231 40 finansiering
514 713 110 29 under
650 713 205 40 budgetåret
884 715 159 35 1958/59.
1072 717 76 29 Med
1176 717 137 40 hänsyn
1341 719 51 29 till
1422 719 66 30 vad
1517 729 75 20 som
1620 721 136 30 anförts

255 761 177 39 angående
457 762 56 29 det
538 763 222 39 synnerligen
783 764 192 40 besvärliga
1000 766 84 39 läge,
1109 767 108 29 vilket
1242 768 350 31 konservkontrollen
1617 770 140 31 befaras

255 811 83 29 råka
361 811 21 35 i,
405 812 117 29 finner
543 813 58 39 jag
623 814 70 38 mig
715 813 84 30 böra
821 815 175 39 tillstyrka
1019 817 196 29 nämndens
1239 818 228 31 förevarande
1491 820 141 39 förslag.
1656 822 13 29 I
1692 821 65 29 lik-

254 860 56 30 het
328 861 77 29 med
426 862 171 30 nämnden
620 863 201 30 förutsätter
839 865 58 37 jag
915 866 198 34 emellertid,
1133 868 49 28 att
1201 868 86 29 även
1307 868 9 29 i
1337 868 268 39 fortsättningen
1624 871 58 30 vid
1702 880 55 20 ex-

255 912 76 35 port
355 920 42 21 av
422 913 134 29 normal
579 913 209 38 omfattning
811 914 232 31 kostnaderna
1069 916 54 30 för
1148 917 348 32 konservkontrollen
1522 920 10 29 i
1558 920 54 30 sin
1639 921 117 30 helhet

255 960 88 30 skall
363 961 122 31 täckas
505 970 123 31 genom
649 963 351 40 kontrollavgifterna
1020 966 64 29 och
1105 968 50 28 att
1176 967 196 39 avgifterna
1394 969 89 30 skall
1504 970 113 40 höjas,
1640 971 116 30 därest

254 1010 42 30 de
313 1011 158 30 normala
488 1012 393 32 kontrollkostnaderna
898 1015 112 29 skulle
1029 1016 98 39 stiga.
1144 1017 65 39 Jag
1227 1017 206 33 förutsätter
1452 1020 97 34 även,
1568 1021 52 29 att
1637 1022 120 29 nämn-

255 1060 64 30 den
343 1061 64 29 och
431 1062 147 29 svenska
601 1063 366 31 konservkontrollens
992 1065 61 30 råd
1078 1067 101 29 söker
1201 1067 217 39 tillvarataga
1442 1070 68 29 alla
1534 1070 223 40 möjligheter

254 1110 50 29 till
324 1110 226 41 besparingar
569 1113 10 29 i
598 1113 189 42 anledning
806 1123 41 21 av
866 1115 66 29 den
953 1115 210 31 reducerade
1182 1117 435 34 kontrollverksamheten.

298 1161 13 28 I
332 1160 100 40 fråga
454 1171 56 20 om
533 1162 276 40 finansieringen
833 1174 41 20 av
898 1166 48 28 ett
969 1166 187 30 eventuellt
1179 1167 220 41 erforderligt
1422 1169 150 31 tillskott
1595 1171 52 29 till
1670 1172 86 29 kon-

255 1211 276 30 servkontrollen
554 1213 164 29 ävensom
741 1222 42 21 av
805 1214 363 32 kvalitetskontrollen
1190 1217 11 29 i
1224 1218 111 39 övrigt
1356 1236 44 3 —
1421 1219 11 29 i
1455 1219 68 30 den
1546 1221 83 29 mån
1651 1222 106 39 utgif-

254 1263 98 27 terna
374 1261 55 30 för
453 1262 196 30 kontrollen
672 1264 32 38 ej
731 1264 69 29 kan
823 1264 172 31 bestridas
1018 1275 42 20 av
1082 1267 251 31 inkommande
1357 1269 148 39 avgifter
1528 1288 43 4 —
1595 1271 162 30 förordar

252 1310 381 39 jordbruksnämnden,
652 1314 51 28 att
721 1313 55 31 för
797 1314 165 40 täckning
981 1324 42 21 av
1041 1316 106 39 sagda
1165 1317 150 31 tillskott
1332 1320 196 39 respektive
1546 1322 210 30 underskott

254 1360 87 30 skall
363 1361 36 30 få
418 1363 98 38 tagas
535 1363 11 29 i
566 1363 154 39 anspråk
740 1364 73 30 dels
833 1365 11 28 i
865 1365 285 39 clearingkassan
1170 1367 56 30 för
1246 1368 69 29 fisk
1336 1369 66 29 den
1426 1370 14 29 1
1462 1369 65 40 juli
1551 1371 83 30 1958
1655 1372 101 30 kvar-

254 1410 140 30 stående
415 1412 123 34 medel,
558 1413 72 29 dels
650 1415 49 28 ett
719 1413 124 41 belopp
863 1424 41 21 av
923 1415 101 40 högst
1045 1416 39 30 20
1100 1417 62 29 000
1183 1418 130 30 kronor
1333 1428 42 20 av
1395 1420 42 29 de
1460 1421 123 34 medel,
1604 1431 75 21 som
1701 1423 55 30 för

251 1459 205 41 budgetåret
476 1462 149 35 1958/59
643 1463 145 39 inflyter
806 1472 124 31 genom
950 1467 221 38 upptagande
1191 1477 42 19 av
1252 1469 295 40 införselavgifter
1567 1472 43 39 på
1630 1472 125 31 fiskets

252 1510 151 30 område.
426 1511 182 31 Nämnden
630 1513 206 30 framhåller
857 1515 10 29 i
890 1515 203 41 anslutning
1117 1517 130 35 härtill,
1270 1520 50 28 att
1340 1537 44 3 —
1405 1520 117 30 därest
1543 1521 146 31 behovet
1712 1532 42 20 av

254 1560 282 32 tillskottsmedel
565 1562 55 30 för
648 1563 363 32 kvalitetskontrollen
1041 1566 54 30 för
1122 1567 237 32 innevarande
1387 1570 170 40 budgetår
1586 1581 42 21 ur
1656 1582 100 31 nyss-

250 1611 154 29 nämnda
422 1612 104 29 kassa
545 1612 30 39 ej
596 1613 160 29 kommer
774 1616 50 27 att
843 1615 172 40 överstiga
1033 1617 40 30 30
1089 1618 61 30 000
1170 1618 131 29 kronor
1318 1638 43 2 —
1378 1620 247 41 behållningen
1644 1623 9 29 i
1674 1624 79 29 kas-

251 1668 61 21 san
334 1660 67 30 den
426 1663 13 28 1
462 1662 66 38 juli
553 1663 82 30 1958
656 1663 174 31 beräknas
853 1666 115 38 uppgå
989 1666 51 29 till
1062 1667 149 39 ungefär
1234 1669 40 29 30
1289 1669 61 30 000
1373 1670 140 31 kronor.
1537 1672 130 30 Därvid
1689 1673 64 29 har

255 1710 87 30 dock
364 1711 76 31 icke
462 1712 159 30 beaktats
644 1714 41 29 de
708 1714 184 31 minskade
915 1716 153 40 anspråk
1090 1717 19 30 å
1131 1718 140 34 kassan,
1296 1728 74 20 som
1393 1720 70 30 kan
1485 1721 201 31 föranledas
1709 1733 42 19 av

251 1761 180 31 resultatet
455 1772 41 20 av
519 1763 40 29 de
582 1763 287 40 överläggningar
893 1775 57 20 om
971 1767 71 29 viss
1065 1767 148 40 höjning
1237 1778 42 20 av
1302 1770 194 39 avgifterna
1522 1771 53 30 för
1599 1773 153 29 kontrol-

252 1812 62 34 len,
340 1812 94 29 vilka
459 1813 175 29 nämnden
660 1823 100 20 avser
784 1817 48 27 att
858 1817 163 38 upptaga.
1047 1818 77 29 Med
1149 1818 137 40 hänsyn
1310 1819 51 30 till
1388 1821 231 30 osäkerheten
1645 1832 42 20 av
1711 1823 43 29 de

251 1862 211 30 verkställda
484 1862 281 41 beräkningarna
788 1865 61 29 bör
870 1866 193 30 emellertid
1087 1868 107 39 enligt
1217 1869 195 31 nämndens
1436 1872 141 39 mening
1600 1872 20 29 å
1643 1873 107 29 andra

252 1912 98 29 sidan
370 1912 145 31 beaktas
534 1913 144 30 behovet
698 1923 42 21 av
759 1917 50 27 att
827 1916 200 39 ytterligare
1047 1918 112 30 medel
1179 1918 115 30 finnes
1314 1920 225 40 tillgängliga,
1561 1922 116 30 därest
1697 1933 55 19 av-

250 1961 326 37 giftsinkomsterna
597 1964 113 30 skulle
730 1965 111 38 nedgå
861 1966 43 39 på
925 1967 113 38 grund
1059 1977 42 20 av
1120 1968 163 30 minskad
1306 1973 130 36 export.

297 2012 76 30 Med
390 2013 136 40 hänsyn
546 2014 49 29 till
612 2015 66 29 vad
696 2016 177 29 nämnden
890 2016 149 32 sålunda
1055 2018 129 34 anfört,
1202 2019 116 29 finner
1335 2020 60 40 jag
1412 2021 70 39 mig
1498 2021 84 30 böra
1600 2022 156 35 förorda,

252 2063 49 27 att
321 2062 50 29 till
390 2062 223 32 bestridande
632 2074 42 20 av
693 2065 235 32 omförmälda
947 2068 193 30 eventuella
1161 2069 149 30 tillskott
1330 2070 51 29 till
1402 2071 351 31 konservkontrollen

252 2114 89 27 samt
359 2121 42 22 av
418 2113 130 31 sådana
566 2114 190 31 kostnader
775 2115 54 30 för
846 2116 364 32 kvalitetskontrollen
1228 2128 41 21 av
1286 2121 109 29 andra
1413 2121 176 31 fiskvaror
1606 2123 45 29 än
1669 2123 84 29 kon-

253 2170 123 26 server,
395 2172 75 20 som
488 2163 75 30 icke
581 2164 69 29 kan
668 2165 121 30 täckas
807 2174 123 31 genom
948 2167 195 40 inflytande
1162 2169 313 41 kontrollavgifter,
1494 2172 88 30 skall
1603 2173 35 29 få
1657 2175 96 38 tagas

252 2212 8 28 i
281 2213 154 39 anspråk
455 2214 11 28 i
486 2213 108 30 första
615 2215 95 30 hand
730 2215 11 29 i
761 2215 284 40 clearingkassan
1065 2218 54 30 för
1140 2218 71 30 fisk
1231 2220 67 29 den
1321 2221 13 29 1
1356 2221 65 38 juli
1446 2222 83 30 1958
1550 2223 202 30 kvarståen-

252 2262 40 29 de
314 2263 110 29 medel
443 2263 63 30 och
527 2264 9 28 i
556 2265 109 28 andra
683 2264 95 31 hand
798 2267 47 29 ett
864 2266 124 40 belopp
1007 2276 42 21 av
1066 2268 101 39 högst
1187 2269 40 29 20
1242 2270 62 29 000
1323 2271 130 30 kronor
1472 2281 41 20 ur
1533 2273 41 29 de
1594 2273 55 29 för
1668 2273 85 29 bud-

248 2312 128 36 setåret
409 2313 149 35 1958/59
586 2314 196 38 inflytande
811 2316 82 28 eller
921 2316 246 31 dessförinnan
1197 2319 153 30 influtna
1378 2321 374 40 införselavgiftsmed-

248 2363 56 27 Jen
323 2362 44 40 på
389 2362 125 30 fiskets
535 2364 151 30 område.

295 2430 12 28 I
331 2429 152 39 enlighet
505 2431 78 29 med
606 2431 56 29 det
687 2432 147 29 anförda
859 2433 62 29 har
945 2433 94 29 inom
1062 2434 471 42 jordbruksdepartementet
1558 2438 194 31 utarbetats

252 2478 128 42 förslag
402 2480 52 28 till
477 2480 72 30 dels
571 2481 209 39 förordning
800 2483 178 39 angående
1000 2484 144 40 fortsatt
1165 2484 158 41 giltighet
1345 2496 43 20 av
1408 2488 252 40 förordningen
1685 2491 69 29 den
