2109 2659
359 212 42 32 24
444 207 21 53 —
485 213 118 32 Andra
628 211 215 35 Kammarens
866 212 179 43 Tillfälliga
1073 211 137 35 Utskotts
1235 213 78 40 (N:o
1338 215 30 40 1)
1398 213 174 33 Utlåtande
1597 214 63 33 N:o
1684 215 51 31 23.

316 293 229 38 minarlerna
588 294 188 37 ombildas
819 295 71 36 och
925 295 189 37 anförtros
1143 297 38 34 åt
1209 294 279 49 lärarekrafter,
1516 295 240 37 annorlunda
1785 295 123 38 förbe-

315 346 129 49 redda,
474 351 48 32 än
551 361 51 22 nu
632 352 40 31 är
701 347 118 37 fallet.
874 347 45 50 Ej
951 347 121 38 heller
1099 347 93 49 ingå
1221 348 46 36 de
1297 347 167 37 nämnda
1492 352 163 32 ämnena
1674 348 11 36 i
1706 348 46 37 de
1768 348 141 37 akade-

315 399 125 37 miska
467 399 188 48 examina,
685 413 84 23 som
797 362 253 96 grundlägga
1072 400 228 49 kompetens
1325 399 58 37 till
1411 399 197 49 adjunkts-
1637 400 71 36 och
1736 400 172 50 kollega-

314 451 161 49 tjenster
512 451 71 37 och
620 451 160 49 således,
810 452 122 48 enligt
960 452 258 36 motionärens
1248 452 158 48 förslag,
1435 452 58 36 till
1522 451 388 50 lärarebefattningar

314 504 63 37 vid
409 503 74 38 den
517 516 75 37 nya
621 481 238 60 folkskolans
885 504 119 49 högre
1033 504 160 37 klasser.
1251 502 70 39 Om
1352 517 88 24 man
1468 518 51 22 nu
1549 504 71 37 ock
1649 509 173 45 antager,
1853 510 55 32 att

312 557 47 36 de
388 556 292 48 ifrågavarande
709 570 76 35 nya
815 562 162 31 ämnena
1006 557 122 36 skulle
1157 557 100 36 läsas
1288 556 96 37 blott
1411 557 12 36 i
1451 557 46 36 de
1518 557 80 36 öfre
1619 557 210 49 klasserna,
1853 563 55 31 att

314 609 148 36 således
492 608 120 49 nödig
639 608 120 49 insigt
787 614 56 31 att
870 609 12 36 i
911 609 86 37 dem
1027 608 207 37 undervisa
1263 609 136 36 endast
1428 608 125 38 skulle
1573 609 148 37 fordras
1741 609 41 36 af
1797 610 108 36 dessa

311 661 169 36 klassers
521 660 65 37 vid
619 661 269 37 universitetet
916 660 153 38 bildade
1102 661 73 36 och
1205 661 267 37 examinerade
1500 661 135 49 lärare,
1665 664 41 33 så
1733 661 137 37 blifver
1897 661 11 36 i

308 713 74 37 alla
411 712 65 38 fall
501 713 135 49 frågan
665 726 61 24 om
747 714 72 36 den
842 713 317 49 lärarebildning,
1179 727 82 23 som
1278 714 73 36 den
1368 727 76 36 nya
1461 713 311 49 organisationen
1791 714 118 37 förut-

312 770 130 44 sätter,
472 766 32 48 ej
535 768 41 34 så
604 765 157 37 alldeles
789 766 71 36 lätt
888 766 87 37 löst.
1035 767 75 35 Det
1139 766 66 36 vill
1234 779 125 36 synas,
1388 780 81 22 som
1500 779 59 23 om
1589 767 58 36 för
1666 767 105 36 detta
1791 766 117 37 ända-

310 818 74 36 mål
425 831 47 24 en
514 817 164 38 särskild
716 818 295 37 lärareexamen
1055 821 120 35 måste
1210 818 63 37 vid
1301 818 278 38 universiteten
1607 819 161 36 inrättas
1798 824 110 43 samt,

317 873 129 34 såsom
488 870 260 37 förberedelse
789 871 59 36 till
883 871 126 37 denna
1037 884 173 35 examen,
1240 871 158 37 alldeles
1427 878 76 42 nya
1531 871 215 37 lärvkurser
1774 872 135 36 anord-

315 936 81 35 nas,
425 923 12 36 1
466 922 130 37 hvilka
626 922 71 37 den
722 922 188 50 juridiska
939 923 70 36 och
1039 923 73 37 den
1142 923 235 37 medicinska
1397 924 234 36 fakultetens
1647 924 121 36 lärare
1785 924 124 36 skulle

315 975 202 37 samverka
545 975 85 36 med
660 974 74 37 den
762 975 207 37 filosofiska
998 976 246 47 fakultetens,
1262 976 71 35 och
1361 976 131 36 hvilka
1521 976 59 36 för
1600 976 47 37 de
1667 976 100 37 förre
1787 979 121 34 måste

318 1027 171 37 medföra
517 1040 88 37 nya,
633 1027 150 49 ganska
811 1027 227 38 tidsödande
1069 1027 245 50 åligganden.
1357 1027 60 50 Ty
1445 1028 64 37 det
1538 1032 40 32 är
1604 1028 228 50 uppenbart,
1854 1033 55 32 att

317 1093 87 24 man
434 1080 33 49 ej
497 1079 59 37 för
584 1080 229 49 kompetens
842 1080 59 37 till
929 1080 344 49 lärarebefattning
1301 1080 63 37 vid
1393 1080 238 38 folkskolans
1657 1082 120 48 högre
1806 1081 103 37 klas-

315 1146 60 23 ser
417 1132 76 36 kan
536 1133 141 47 fordra,
715 1134 141 49 utöfver
884 1133 46 36 de
959 1133 222 36 nuvarande
1211 1133 177 36 vilkoren
1412 1133 59 36 för
1500 1133 227 49 kompetens
1757 1134 58 36 till
1844 1134 65 36 ad-

308 1184 358 48 junktsbefattning
707 1184 64 36 vid
809 1184 193 36 allmänna
1043 1184 238 47 läroverken,
1310 1185 114 36 äfven
1453 1190 25 32 t.
1509 1197 57 24 ex.
1597 1185 187 36 medicine
1815 1186 91 35 kan-

313 1236 268 37 didatexamen
609 1236 70 37 och
706 1250 162 23 examen
891 1236 56 37 till
978 1237 388 48 rättegångsverken;
1396 1242 91 32 utan
1517 1240 120 34 måste
1662 1237 62 37 väl
1743 1251 48 23 en
1811 1237 95 37 min-

313 1288 65 36 dre
422 1288 210 37 medicinsk
676 1288 92 37 kurs
808 1289 71 36 och
921 1302 47 23 en
1001 1289 106 48 dylik
1128 1288 166 50 juridisk
1324 1289 200 42 anordnas,
1556 1289 153 37 hvartill
1738 1289 169 37 kommer

313 1344 101 32 ännu
458 1353 60 35 en,
561 1340 196 48 nämligen
798 1341 13 36 i
852 1341 64 36 det
945 1346 122 43 ämne,
1098 1354 81 23 som
1209 1341 250 49 motionären,
1491 1342 84 36 med
1605 1346 55 32 ett
1687 1355 76 35 nog
1789 1355 118 23 ovan-

312 1392 73 48 ligt
427 1393 70 36 och
537 1392 55 37 till
628 1392 60 36 sin
730 1392 198 50 betydelse
958 1393 33 49 ej
1022 1397 173 33 närmare
1224 1393 192 38 bestämdt
1444 1407 128 35 namn,
1602 1393 121 38 kallar
1750 1394 156 36 "affärs-

313 1444 117 37 lära".
486 1445 97 36 Hela
609 1445 125 37 denna
764 1445 108 48 fråga
901 1458 60 23 om
992 1445 74 36 den
1094 1445 310 49 lärarebildning,
1435 1459 79 23 som
1545 1447 71 36 den
1649 1460 75 35 nya
1752 1446 154 49 organi-

313 1497 175 36 sationen
517 1497 238 48 förutsätter,
785 1498 69 36 har
881 1511 50 22 nu
962 1497 239 37 motionären
1230 1498 146 36 lemnat
1404 1498 157 37 alldeles
1579 1501 20 33 å
1619 1498 93 38 gido.
1748 1499 159 36 Utskot-

312 1554 56 30 tet
409 1549 121 35 håller
571 1548 213 37 emellertid
826 1549 93 48 före,
962 1555 56 31 att
1051 1555 55 30 ett
1139 1550 178 49 lämpligt
1346 1551 195 36 ordnande
1571 1550 42 36 af
1635 1551 125 36 denna
1790 1563 117 35 ange-

312 1600 185 48 lägenhet
539 1605 40 32 är
622 1601 207 58 ingenting
869 1602 159 47 mindre,
1063 1606 47 32 än
1145 1607 54 31 ett
1228 1602 41 36 af
1293 1603 45 36 de
1368 1602 248 49 nödvändiga
1646 1603 174 36 vilkoren
1850 1603 57 36 för

312 1666 149 39 samma
487 1653 284 48 organisations
800 1653 304 49 verkställighet.

440 1695 176 46 Återstår
658 1710 56 31 att
754 1705 153 37 vidröra
941 1706 74 36 den
1042 1705 121 50 fjerde
1191 1705 149 49 frågan,
1371 1706 72 36 den
1475 1719 60 23 om
1565 1706 259 37 kostnaderna
1849 1706 58 36 för

313 1755 73 37 den
432 1770 76 35 nya
552 1757 326 48 organisationen.
932 1758 240 36 Motionären
1202 1771 142 36 menar,
1373 1763 55 32 att
1454 1759 145 47 "några
1628 1773 77 34 nya
1734 1759 170 35 omkost-

311 1808 118 37 nader
457 1808 57 37 för
542 1809 234 37 statsverket
804 1809 80 37 lära
911 1809 84 37 icke
1024 1809 165 38 behöfva
1218 1810 150 37 befaras
1394 1813 124 34 såsom
1550 1810 94 49 följd
1673 1811 42 36 af
1732 1811 75 36 den
1827 1823 77 36 nya

313 1860 350 47 organisationen".
706 1861 200 37 Utskottet
935 1862 76 37 kan
1036 1862 33 48 ej
1097 1862 85 36 dela
1211 1863 125 37 denna
1352 1862 260 37 motionärens
1629 1862 274 50 förhoppning,

313 1912 71 35 och
413 1912 64 37 det
505 1912 42 37 af
569 1913 170 49 följande
769 1913 96 36 skäl.

439 1964 239 37 Motionären
712 1971 173 43 antager,
916 1971 55 31 att
998 1965 263 49 fullständiga,
1292 1966 64 37 det
1385 1970 41 32 är
1454 1966 251 49 femklassiga
1733 1965 171 38 folksko-

311 2016 57 36 lor
410 2016 123 37 skulle
575 2020 140 46 uppstå
757 2017 36 36 'i
829 2017 47 37 de
909 2018 109 36 flesta
1047 2022 121 32 större
1197 2018 226 37 kommuner
1452 2018 70 37 och
1547 2018 12 36 i
1589 2018 145 37 mindre
1763 2031 139 36 genom

310 2067 179 51 förening
530 2068 42 37 af
603 2069 128 37 flere'.
787 2069 236 49 Uttryckens
1066 2069 267 38 obestämdhet
1373 2070 142 37 tillåter
1552 2070 32 50 ej
1620 2070 199 37 Utskottet
1848 2075 56 32 att

312 2120 143 49 afgöra,
485 2121 148 37 hvilket
662 2122 102 36 antal
793 2122 249 48 femklassiga
1071 2122 211 37 folkskolor
1310 2122 240 37 motionären
1578 2123 110 37 tänkt
1716 2123 72 47 sig.
1837 2123 66 36 Ut-

312 2173 144 36 skottet
481 2176 120 34 måste
630 2173 127 37 derför
784 2178 92 44 taga
904 2174 59 36 sin
991 2174 156 49 tillflykt
1174 2174 57 37 till
1260 2174 298 50 suppositioner,
1587 2180 26 31 t.
1645 2189 57 23 ex.
1733 2180 56 31 att
1818 2175 83 36 med

313 2225 171 36 "större"
514 2226 228 36 kommuner
770 2226 46 36 de
846 2229 60 33 må
934 2226 151 49 förstås,
1105 2226 153 37 hvilkas
1280 2226 227 50 befolkning
1523 2227 258 37 öfverskrider
1796 2227 107 35 kom-

313 2290 205 24 munernas
545 2277 365 49 medelfolkmängd,
940 2284 99 31 samt
1068 2283 54 32 att
1151 2292 87 23 man
1267 2279 57 36 får
1352 2279 121 37 räkna
1498 2292 44 23 en
1564 2278 227 49 femklassig
1807 2279 96 36 folk-

312 2328 108 37 skola
450 2329 58 36 för
537 2329 132 49 hvarje
698 2330 114 36 femte
843 2330 197 37 "mindre"
1066 2331 194 36 kommun.
1319 2330 54 36 Af
1396 2330 46 36 de
1471 2333 109 46 2,381
1617 2331 285 37 landskommu-

312 2392 118 35 nerna
460 2381 98 36 hade
589 2381 61 37 vid
686 2384 89 35 1877
808 2384 59 34 års
896 2383 76 35 slut
1001 2384 72 34 829
1105 2396 46 22 en
1181 2383 236 47 befolkning,
1447 2383 286 47 öfverstigande
1763 2382 139 37 medel-
