2126 2662
356 210 39 30 66
488 211 113 32 Andra
628 212 206 33 Kammarens
865 216 172 43 Tillfälliga
1069 218 131 32 Utskotts
1225 220 76 41 (N:o
1327 223 30 38 1)
1387 220 166 35 Utlåtande
1583 224 63 32 N:o
1671 226 52 30 23.

310 291 95 48 ning,
435 296 85 32 enär
548 293 115 37 denna
691 294 44 36 då
763 295 10 36 i
803 296 192 37 allmänhet
1014 298 112 37 skulle
1143 301 244 37 sammanfalla
1405 302 75 37 med
1498 303 396 41 konfirmationsåldern.

310 343 66 36 Det
417 348 39 32 är
499 346 175 48 nämligen
704 348 56 36 vid
786 349 113 36 denna
929 350 56 43 tid,
1014 364 72 24 som
1115 353 239 48 öfvergången
1384 355 76 36 från
1489 356 121 38 skolan
1639 358 51 37 till
1721 372 42 24 en
1792 361 104 48 prak-

308 397 68 35 tisk
418 398 221 37 verksamhet
680 399 158 38 inträffar
881 402 52 36 för
961 403 150 37 flertalet
1138 404 36 36 af
1197 406 70 35 alla
1291 407 89 47 dem,
1411 421 74 23 som
1514 409 29 48 ej
1574 410 84 36 söka
1689 411 206 38 elementar-

307 449 197 36 läroverket
528 451 51 35 för
608 455 49 32 att
685 452 197 38 förberedas
911 455 51 35 till
994 455 239 39 universitetet
1261 459 86 36 eller
1374 459 109 49 högre
1512 461 208 39 fackskolor.
1764 465 133 49 Häraf

297 501 115 50 följer
454 509 51 29 att
534 504 67 35 den
630 504 189 51 afdelning
848 507 45 49 af
905 507 205 49 läroverket,
1134 523 74 24 som
1237 512 171 50 omfattar
1437 513 42 36 de
1506 515 25 35 5
1558 516 109 36 nedre
1694 517 198 48 klasserna,

306 555 60 34 bör
395 555 134 35 ordnas
556 568 73 24 som
658 564 44 29 ett
729 559 68 35 helt
818 560 64 48 för
910 561 55 48 sig
992 562 81 35 med
1101 563 183 49 afslutade
1313 565 134 36 kurser.

429 606 68 37 Det
537 608 110 36 andra
685 610 110 36 skälet
825 614 39 32 är
899 612 155 37 hemtadt
1089 615 75 35 från
1192 616 224 47 svårigheten
1445 619 73 36 dels
1546 623 50 33 att
1624 620 190 38 öfvervaka
1841 623 50 35 di-

302 658 168 49 sciplinen
500 660 10 35 i
535 660 42 36 de
605 665 94 32 stora
727 662 227 50 fullständiga
983 665 206 38 läroverken
1219 668 77 36 med
1324 669 77 36 sina
1430 670 126 48 många
1573 672 134 38 klasser
1731 674 64 35 och
1818 675 73 35 med

302 711 91 36 ända
422 711 51 36 till
513 715 19 32 5
568 713 22 35 å
620 715 71 35 600
727 714 193 49 lärjungar,
949 717 72 36 dels
1049 723 53 31 att
1126 719 156 50 tillimpa
1312 734 131 23 samma
1489 723 223 49 disciplinära
1742 727 150 35 bestäm-

302 763 125 36 melser
455 763 89 37 både
573 765 52 36 för
652 778 124 35 gossen
805 768 64 35 och
898 769 202 49 ynglingen.
1157 771 75 37 Den
1260 774 202 47 personliga
1491 775 176 51 beröring,
1708 777 100 37 hvari
1850 791 41 24 en

301 816 118 35 skolas
461 820 195 45 styresman
684 819 62 36 bör
788 821 53 35 stå
870 821 51 35 till
951 822 121 49 hvarje
1100 824 76 36 dess
1206 824 172 49 lärjunge,
1407 830 38 32 är
1474 829 75 35 med
1592 829 67 36 den
1688 831 203 36 nuvarande

299 869 284 46 organisationen
626 871 156 48 omöjlig,
827 871 58 37 vid
929 874 41 36 de
999 880 109 32 större
1146 876 217 37 läroverken.
1432 879 83 37 Icke
1545 893 61 24 ens
1634 882 66 36 den
1729 883 161 48 ytligaste

300 920 359 49 personalkännedom
688 936 55 23 om
769 925 227 48 lärjungarne
1013 927 68 36 kan
1102 928 39 36 af
1168 930 117 36 rektor
1302 930 132 37 vinnas.
1490 932 96 38 Tukt
1613 934 64 37 och
1706 935 185 47 ordnings-

298 973 123 47 stadga
464 974 117 36 kunna
623 975 77 36 icke
742 976 120 50 heller,
898 979 85 35 eller
1019 980 82 37 böra
1142 983 210 36 åtminstone
1381 982 78 38 icke
1488 985 221 38 handhafvas
1737 988 73 36 lika
1839 989 52 35 för

298 1025 194 49 ynglingen
533 1039 71 24 som
648 1028 53 36 för
730 1042 134 34 gossen.
918 1031 82 37 Men
1037 1037 59 32 äro
1124 1034 42 36 de
1196 1035 181 48 lärjungar
1404 1037 9 35 i
1442 1050 133 24 samma
1617 1039 174 47 läroverk,
1821 1041 67 36 kan

299 1079 105 46 ingen
433 1079 138 36 skilnad
600 1085 115 44 göras,
747 1087 35 43 ty
806 1083 94 36 detta
925 1084 113 36 skulle
1067 1086 108 37 alstra
1203 1088 286 49 föreställningar
1517 1103 53 23 om
1588 1093 176 36 orättvisa.
1792 1092 96 38 Der-

290 1131 82 48 före
401 1131 60 36 bör
489 1131 288 39 elementarskola
806 1136 59 35 och
896 1139 231 45 gymnasium
1156 1140 176 49 åtskiljas.

424 1183 61 36 Ett
527 1185 108 48 tredje
664 1186 87 43 skäl,
780 1200 71 22 som
882 1189 102 35 äfven
1013 1190 69 35 ofta
1113 1192 147 48 anföres,
1290 1205 103 35 synes
1423 1193 180 38 Utskottet
1631 1197 76 35 icke
1736 1202 83 31 utan
1840 1198 46 35 all

295 1234 187 48 betydelse.
536 1236 308 50 Undervisningen
871 1241 61 35 bör
960 1254 63 23 var
1051 1244 216 47 väsentligen
1296 1245 90 36 olika
1417 1246 51 36 för
1497 1248 41 35 de
1566 1248 94 36 olika
1688 1249 196 37 åldersske-

294 1287 100 47 dena,
426 1287 50 36 för
513 1302 146 35 gossens
688 1290 63 36 och
782 1292 52 36 för
859 1293 226 50 ynglingens.
1139 1296 51 36 På
1219 1297 90 35 båda
1338 1297 93 36 sidor
1459 1311 54 23 om
1545 1297 339 57 manbarhetsperio-

295 1339 66 35 den
404 1339 155 38 befinner
600 1342 53 47 sig
694 1342 186 49 lärjungen
908 1346 44 47 på
981 1358 43 24 en
1053 1347 73 36 helt
1153 1348 95 36 olika
1276 1349 218 49 ståndpunkt
1522 1352 11 36 i
1562 1353 217 49 utveckling,
1807 1354 78 36 icke

293 1390 148 37 allenast
468 1392 11 35 i
507 1392 126 49 fysiskt
674 1395 64 35 och
774 1396 187 44 moraliskt,
997 1403 84 31 utan
1111 1400 101 36 äfven
1241 1401 10 35 i
1279 1401 239 38 intellektuelt
1544 1403 209 38 hänseende.
1808 1406 76 36 Hos

295 1455 125 33 gossen
465 1448 58 32 äro
562 1446 116 36 minne
720 1447 63 35 och
827 1449 127 36 fantasi
994 1456 85 31 mest
1106 1453 236 47 verksamma;
1371 1453 63 36 hos
1462 1456 191 47 ynglingen
1681 1457 202 37 förståndet.

293 1494 82 37 Men
403 1496 115 36 denna
553 1498 132 37 olikhet
714 1499 8 35 i
752 1500 220 38 intellektuel
1009 1504 204 48 utveckling
1241 1506 62 35 bör
1331 1511 194 33 motsvaras
1553 1509 38 35 af
1616 1509 66 36 den
1712 1509 133 37 olikhet
1874 1511 7 35 i

293 1548 264 49 undervisning,
599 1562 73 23 som
714 1552 102 35 deraf
839 1554 56 34 må
923 1555 168 48 betingas.
1146 1557 181 36 Dessutom
1358 1558 62 36 bör
1448 1560 298 49 undervisningen
1775 1562 10 35 i
1813 1563 68 35 ele-

292 1600 260 37 mentarskolan
596 1614 94 24 mera
728 1616 83 24 vara
843 1605 154 37 fördelad
1028 1607 45 48 på
1098 1608 224 49 klasslärare,
1351 1609 11 36 i
1390 1612 197 47 gymnasiet
1615 1626 95 23 mera
1738 1614 44 48 på
1811 1618 73 33 äm-

293 1651 184 37 neslärare.
532 1653 263 50 Fordringarna
837 1657 52 36 för
932 1658 204 50 kompetens
1178 1661 53 36 till
1273 1661 312 51 lärarebefattning
1626 1665 9 36 i
1668 1665 122 37 skolan
1820 1667 63 35 bör

293 1715 80 24 vara
402 1704 94 35 olika
525 1706 77 35 med
631 1707 76 35 dem
738 1708 52 35 för
817 1709 206 49 kompetens
1047 1712 113 36 såsom
1186 1713 112 36 lärare
1326 1714 21 35 å
1374 1716 222 47 gymnasium
1622 1730 42 24 m.
1694 1731 42 23 m.

423 1756 123 37 Ehuru
575 1758 180 37 Utskottet
783 1760 54 36 för
864 1762 53 36 sin
947 1763 52 36 del
1031 1768 82 41 tror,
1143 1769 52 32 att
1222 1766 258 47 befogenheten
1510 1768 40 36 af
1574 1782 47 24 nu
1641 1770 148 37 anförda
1805 1771 72 36 skäl

289 1807 76 35 icke
395 1808 67 35 kan
493 1809 9 35 i
527 1810 201 37 hufvudsak
752 1812 129 48 jäfvas,
911 1815 63 35 har
1002 1816 87 35 dock
1120 1816 180 37 Utskottet
1328 1819 111 47 enligt
1467 1821 51 35 sin
1542 1823 225 48 uppfattning
1786 1827 93 32 ännu

290 1860 157 36 starkare
489 1862 163 47 grunder,
696 1863 134 50 hvarpå
857 1866 56 36 det
942 1867 69 35 kan
1040 1869 119 47 bygga
1193 1871 58 34 sitt
1279 1871 115 36 förord
1425 1884 53 23 om
1510 1874 214 48 skiljsmessa
1752 1875 125 36 mellan

288 1911 315 39 elementarskolan
632 1915 62 36 och
725 1919 232 45 gymnasium.

425 1965 73 36 Vår
525 1969 203 34 nuvarande
758 1969 327 50 läroverksstadgas
1113 1978 19 39 $
1165 1977 12 32 1
1208 1974 115 48 lyder:

410 2017 58 36 De
510 2019 46 49 af
592 2025 113 30 staten
749 2022 185 37 bekostade
958 2024 187 37 allmänna
1175 2025 205 38 läroverken
1408 2028 112 50 hafva
1549 2030 55 36 till
1632 2032 176 36 ändamål
1834 2033 44 36 så

286 2069 59 35 väl
378 2075 51 29 att
467 2071 139 49 utöfver
634 2072 181 49 omfånget
834 2075 67 49 för
923 2077 228 47 folkskolans
1180 2079 219 37 verksamhet
1427 2082 166 36 meddela
1621 2085 255 48 medborgerlig

286 2120 175 50 bildning,
489 2135 73 23 som
591 2124 61 35 ock
680 2128 52 32 att
756 2127 232 49 grundlägga
1017 2130 42 35 de
1087 2130 268 50 vetenskapliga
1385 2133 157 51 insigter,
1571 2135 120 36 hvilka
1706 2137 62 35 vid
1794 2138 81 34 uni-

286 2174 139 35 versitet
462 2174 81 37 eller
584 2176 104 48 högre
729 2178 352 51 tillämpningsskola
1122 2183 128 36 vidare
1278 2184 168 37 utbildas.
1504 2187 213 37 Ändamålet
1745 2192 39 32 är
1812 2202 61 23 an-

285 2225 112 46 gifvet
424 2239 81 23 vara
534 2228 38 35 af
596 2229 245 47 tveggehanda
870 2237 64 30 art.
989 2233 83 37 Dels
1101 2235 91 35 skall
1221 2236 57 36 det
1302 2237 180 36 allmänna
1505 2238 195 38 läroverket
1717 2241 159 36 meddela

285 2278 259 48 medborgerlig
571 2280 160 47 bildning
760 2283 135 36 utöfver
922 2285 179 48 omfånget
1129 2288 38 34 af
1191 2288 219 37 folkskolans
1438 2290 225 37 verksamhet
1692 2293 63 35 och
1785 2294 88 34 såle-

285 2329 59 34 des
373 2334 127 43 utgöra
528 2343 41 23 en
601 2332 344 49 fortsättningsskola
974 2337 48 35 till
1055 2338 125 48 denna,
1204 2340 74 35 dels
1307 2341 90 35 skall
1426 2342 57 35 det
1510 2343 225 48 grundlägga
1755 2350 117 30 veten-

282 2381 161 49 skapliga
472 2383 154 48 insigter.
684 2384 104 37 Detta
810 2388 66 34 kan
908 2388 75 36 icke
1013 2390 112 36 tolkas
1153 2392 44 47 på
1226 2392 106 48 något
1361 2399 108 30 annat
1484 2398 66 32 sätt
1565 2396 108 46 (jmfr.
1698 2396 173 48 Pedagog.
