1868 2794
255 156 42 28 20
667 158 305 31 Bankoutskottets
994 156 175 32 utlåtande
1192 166 41 21 nr
1257 157 48 30 56.

259 243 306 36 befälsutbildning
590 242 44 36 på
661 243 67 29 sätt
756 242 9 30 i
791 242 258 36 propositionen
1076 241 203 36 föreslagits.
1306 240 79 31 Med
1410 240 185 37 anledning
1620 250 42 20 av
1690 240 68 31 vad

260 304 74 19 som
353 293 10 30 i
381 293 256 36 propositionen
657 293 134 30 anförts
811 292 49 30 till
881 293 76 30 stöd
976 292 56 30 för
1050 292 174 36 förslagen
1242 292 11 29 i
1272 290 98 37 fråga
1389 291 64 30 har
1471 291 165 30 utskottet
1654 291 101 30 emel-

261 343 97 31 lertid
386 343 77 30 icke
489 343 88 31 velat
604 343 164 30 motsätta
796 342 50 37 sig
871 342 98 30 bifall
998 342 48 30 till
1074 340 189 32 desamma.
1290 340 74 31 Vad
1390 341 109 30 under
1529 340 227 31 förevarande

259 395 110 35 punkt
385 394 191 36 föreslagits
593 393 10 30 i
620 393 98 37 fråga
734 403 57 21 om
807 392 230 31 kvarstående
1052 392 20 31 å
1087 392 433 36 pensionsreglementenas
1538 391 218 36 tillämpning

259 445 56 31 vid
336 443 170 37 övergång
526 444 49 30 till
594 444 76 30 icke
691 443 397 36 pensionsberättigande
1110 441 468 38 tjänstemannaanställning
1596 441 66 32 har
1679 441 78 30 icke

259 495 81 36 givit
363 495 164 30 utskottet
551 494 185 36 anledning
760 494 50 30 till
834 493 147 31 erinran.

303 540 224 41 Åberopande
551 544 55 31 det
629 544 149 31 anförda
800 543 55 31 får
875 544 165 30 utskottet
1062 543 192 34 hemställa,

608 641 49 26 att
685 636 184 36 riksdagen
895 635 56 31 må
978 635 120 31 bifalla
1125 635 123 36 Kungl.
1279 634 117 36 Maj:ts
1423 633 226 31 förevarande
1677 643 76 26 pro-

565 687 158 36 position.

303 788 200 31 Stockholm
526 788 66 30 den
618 788 38 30 19
681 786 75 37 juni
784 787 91 30 1945.

735 886 47 31 På
809 886 298 31 bankoutskottets
1138 885 142 36 vägnar:

785 986 179 31 HARALD
983 980 246 36 ÄKERBERG.

301 1273 51 24 Vid
371 1271 179 26 förestående
570 1271 118 24 ärendes
709 1270 231 32 slutbehandling
958 1270 78 25 inom
1055 1270 137 25 utskottet
1212 1270 73 25 hava
1304 1270 124 25 närvarit

301 1331 63 25 från
400 1331 136 24 första
572 1330 179 24 kammaren:
776 1329 98 25 herrar
898 1326 150 34 Åkerberg,
1072 1329 177 30 Sandström,
1274 1329 136 30 Sundvik,
1437 1329 191 32 Friggeråker,
1654 1329 100 30 Edin",

257 1373 158 30 Lindblom,
435 1373 122 31 Löfgren
577 1373 53 24 och
650 1371 192 31 Fahlander";

300 1432 63 25 från
405 1433 126 24 andra
569 1432 179 24 kammaren:
779 1432 98 24 herrar
907 1431 151 30 Svedman,
1089 1430 149 32 Paulsen",
1269 1431 162 25 Andersson
1462 1431 8 25 i
1501 1430 253 33 Munkaljungby”,

257 1475 164 29 Mattsson”,
437 1475 137 24 Eriksson
591 1474 7 24 i
617 1474 123 31 Sandby,
755 1474 146 24 Johnsson
917 1474 8 24 i
943 1472 269 33 Kastanjegården",
1228 1473 148 32 Sundberg
1391 1474 53 24 och
1460 1481 56 17 von
1529 1474 94 25 Seth".

301 1542 13 15 +
334 1542 35 32 Ej
391 1542 177 25 närvarande
588 1542 46 25 vid
655 1541 173 25 utlåtandets
849 1541 146 32 justering.

821 1841 372 34 Reservation

300 1942 41 20 av
365 1932 78 30 herr
467 1931 211 30 Sandström.

482 2435 111 56 458046.
632 2456 177 31 Stockholm,
828 2457 80 27 Isaac
927 2457 114 27 Marcus
1059 2457 376 34 Boktryckeri-Aktiebolag,
1456 2457 74 26 1945.
