1868 2798
508 161 302 30 Bankoutskottets
833 160 176 31 utlåtande
1033 170 39 20 nr
1099 161 48 30 56.
1573 156 37 29 19

105 244 356 37 gångsbestämmelse,
485 244 102 36 enligt
612 244 116 30 vilken
750 243 264 37 ifrågavarande
1038 244 137 30 förmån
1202 244 78 30 från
1303 245 64 29 och
1395 244 78 30 med
1498 244 65 30 den
1590 245 10 27 1!

105 295 63 35 juli
188 296 81 29 1945
287 295 55 31 må
359 295 193 30 tillkomma
569 296 64 29 här
647 295 129 30 avsedd
793 296 119 34 lärare,
929 295 115 30 vilken
1061 295 189 36 förflyttats
1266 296 108 29 under
1393 295 93 30 tiden
1507 296 12 28 1
1543 294 62 37 juli

108 347 170 30 1942—30
294 346 74 37 juni
392 347 92 29 1945.
514 346 261 37 Propositionen
793 346 64 30 har
873 346 181 37 tillstyrkts
1073 356 41 20 av
1133 347 250 30 statsutskoltet
1403 346 10 29 i
1430 344 176 32 utlåtande

103 397 65 30 den
195 399 37 29 19
255 397 75 37 juni
356 398 92 35 1945,
473 408 43 20 nr
538 399 72 29 227.

150 458 12 28 I
180 466 47 21 nu
246 456 232 37 föreliggande
496 457 214 36 proposition
727 457 212 35 framhålles,
957 460 49 27 att
1024 457 56 30 vid
1098 457 99 30 bifall
1216 456 49 31 till
1282 456 238 37 nyssnämnda
1538 456 67 30 för-

105 507 71 36 slag
194 506 108 31 sådan
321 507 23 30 f.
365 507 29 30 d.
414 507 175 30 ordinarie
607 508 110 29 lärare
735 507 57 31 vid
810 507 136 31 mindre
963 507 184 35 folkskola,
1168 506 205 31 biträdande
1392 507 111 29 lärare
1525 507 79 29 eller

104 558 243 30 nomadlärare
366 557 56 31 vid
442 558 185 30 visteskola
648 560 79 30 med
750 558 228 37 tjänstgöring
998 558 58 30 vid
1078 558 155 36 byskola,
1258 568 74 21 som
1352 557 139 36 jämlikt
1514 557 89 30 avlö-

105 608 319 36 ningsreglementet
444 609 10 29 i
471 608 78 30 dess
573 609 152 30 ändrade
746 609 128 36 lydelse
895 610 81 30 eller
995 608 45 37 på
1058 609 112 35 grund
1190 618 42 20 av
1253 608 237 36 nyssnämnda
1511 609 92 29 över-

104 657 346 38 gångsbestämmelse
476 660 80 35 äger
580 658 189 32 bibehållas
794 659 57 31 vid
879 659 66 30 den
968 660 107 35 högre
1100 658 294 36 löneställningen,
1424 658 106 31 borde
1556 668 47 20 er-

104 708 92 31 hålla
217 709 156 31 däremot
392 710 168 31 svarande
578 710 161 36 ställning
756 710 10 30 i
785 710 368 36 pensionshänseende.
1176 709 49 31 De
1243 709 120 31 härför
1381 709 224 36 erforderliga

104 760 233 36 ändringarna
354 760 10 30 i
384 760 216 31 folkskolans
621 760 136 37 tjänste-
777 761 64 30 och
861 760 531 37 familjepensionsreglementen
1411 760 47 30 ha
1477 762 127 28 ansetts

105 810 83 31 böra
210 810 98 31 träda
329 811 10 30 i
357 811 95 30 kraft
472 812 66 30 den
561 812 13 29 1
596 811 62 37 juli
681 812 93 30 1945.
794 812 13 29 I
828 811 54 31 det
904 811 71 38 fall,
997 814 48 28 att
1063 811 65 30 här
1147 811 127 30 avsedd
1294 811 111 30 lärare
1427 811 75 29 före
1522 810 82 30 änd-

104 860 137 37 ringens
258 861 277 31 ikraftträdande
552 861 115 37 avgått
688 862 78 30 med
784 863 69 29 rätt
873 862 49 30 till
941 862 144 36 pension
1103 862 104 36 enligt
1228 861 216 31 folkskolans
1464 861 140 36 tjänste-

104 911 370 38 pensionsreglemente
495 913 65 30 och
584 912 148 37 alltjämt
756 913 89 30 lever
867 913 70 30 den
963 914 14 28 1
1003 912 63 37 juli
1094 913 93 34 1945,
1211 912 46 31 ha
1282 912 188 30 emellertid
1497 911 106 37 billig-

104 962 151 30 hetsskäl
280 966 127 27 ansetts
434 963 69 30 tala
531 963 55 30 för
610 966 50 27 att
686 963 415 37 pensionsreglementena
1126 963 219 31 beträffande
1370 963 129 30 honom
1527 961 78 32 från

104 1013 65 30 och
192 1014 78 29 med
290 1014 65 30 den
361 1009 21 47 1
411 1013 65 37 juli
498 1015 82 29 1945
604 1014 172 38 tillämpas
797 1015 10 29 i
829 1015 52 30 sin
902 1025 46 20 nu
971 1015 150 30 avsedda
1142 1014 137 37 lydelse.

148 1114 47 30 De
218 1114 109 30 under
349 1115 195 35 punkterna
568 1117 80 28 1—4
670 1126 42 20 av
733 1116 228 31 förevarande
981 1118 213 36 proposition
1216 1118 195 36 framlagda
1432 1118 173 36 förslagen

104 1164 48 30 till
174 1165 187 36 ändringar
383 1175 41 20 av
447 1166 426 36 pensionsreglementena,
895 1168 94 30 vilka
1011 1168 128 36 förslag
1162 1167 114 32 såsom
1298 1168 155 37 framgår
1475 1178 42 20 av
1539 1169 66 30 den

103 1224 89 22 ovan
216 1215 160 31 lämnade
399 1216 239 36 redogörelsen
661 1217 63 35 äga
747 1217 170 31 samband
940 1219 79 30 med
1041 1227 43 21 av
1107 1218 184 37 riksdagen
1312 1216 178 33 beslutade
1514 1218 90 30 löne-

104 1266 207 36 regleringar
333 1267 81 30 eller
437 1267 421 37 organisationsåtgärder,
882 1269 45 30 ha
952 1269 75 30 icke
1052 1269 81 36 givit
1156 1270 164 30 utskottet
1345 1269 187 36 anledning
1555 1269 50 30 till

104 1316 137 31 erinran
269 1318 81 29 eller
377 1317 138 30 särskilt
544 1318 185 31 uttalande.
762 1319 170 30 Utskottet
959 1319 186 37 tillstyrker
1174 1318 131 32 således
1334 1319 122 37 Kungl.
1486 1319 119 36 Maj:ts

104 1367 129 37 förslag
253 1367 50 30 till
324 1368 90 31 vissa
435 1368 188 37 ändringar
643 1386 44 4 —
708 1379 42 20 av
773 1369 136 31 formell
929 1373 104 27 natur
1054 1388 44 4 —
1119 1369 9 30 i
1151 1370 38 30 31
1217 1370 17 37 8
1263 1371 13 29 I
1300 1379 104 21 mom.
1428 1370 176 30 allmänna

104 1417 518 37 tjänstepensionsreglementet,
646 1419 49 30 till
714 1419 153 31 ändrade
888 1420 424 35 pensionsbestämmelser
1332 1420 55 30 för
1407 1420 196 30 lantbruks-

103 1468 203 36 ingenjörer,
332 1468 49 30 till
407 1469 231 35 upphävande
663 1479 42 20 av
732 1471 13 28 1
771 1470 158 35 punkten
951 1469 497 37 övergångsbestämmelserna
1470 1470 50 30 till
1544 1470 59 30 all-

103 1519 128 30 männa
257 1518 510 38 tjänstepensionsreglementet
794 1524 89 26 samt
908 1519 179 37 angående
1112 1520 218 37 tillämpning
1357 1530 42 20 av
1427 1520 177 30 allmänna

105 1568 136 36 tjänste-
279 1570 65 29 och
381 1568 552 37 familjepensionsreglementena
970 1569 221 31 beträffande
1230 1569 90 31 vissa
1357 1568 249 31 förutvarande

103 1620 243 30 landsfiskaler
376 1630 44 20 m.
451 1620 36 29 fl.
520 1619 122 31 Vidare
672 1620 187 36 tillstyrker
888 1621 166 31 utskottet
1085 1620 42 30 de
1155 1620 110 30 under
1293 1621 195 35 punkterna
1520 1621 84 29 6—38

103 1670 193 36 framlagda
317 1670 173 36 förslagen
512 1670 175 37 angående
709 1670 290 37 tillgodoräkning
1021 1670 114 31 såsom
1157 1670 146 37 tjänstår
1323 1672 10 29 i
1354 1670 248 37 pensionshän-

103 1721 122 31 seende
252 1730 42 20 av
320 1721 47 29 tid
396 1720 54 30 för
475 1721 68 30 viss
569 1720 315 37 befälsutbildning,
912 1720 177 37 angående
1116 1721 153 30 ändrade
1295 1722 151 35 grunder
1471 1721 55 33 för
1554 1731 48 20 er-

103 1769 149 37 sättning
277 1770 48 30 till
348 1769 492 37 växelstationsföreståndare,
865 1780 75 21 som
962 1770 201 36 entledigats
1187 1770 50 31 till
1261 1770 88 36 följd
1371 1781 42 20 av
1437 1771 166 30 växelsta-

103 1821 87 30 tions
215 1821 293 36 automatisering,
534 1825 89 27 samt
647 1821 10 30 i
681 1821 98 36 fråga
805 1831 56 21 om
885 1821 207 37 förbättring
1117 1831 42 21 av
1183 1821 227 36 pensionerna
1435 1822 56 29 för
1514 1821 90 31 vissa

102 1870 22 30 f.
144 1872 30 29 d.
193 1871 356 36 anställningshavare
568 1869 57 32 vid
642 1870 361 36 Lund-—Trelleborgs
1022 1871 195 36 järnvägar.
1237 1872 64 30 Det
1320 1872 110 31 under
1448 1871 155 36 punkten

102 1924 18 27 9
140 1922 194 35 framlagda
354 1922 162 35 förslaget
535 1922 9 29 i
566 1921 96 37 fråga
681 1932 56 20 om
757 1921 430 37 pensionsförhållandena
1206 1921 56 32 för
1280 1922 119 34 lärare,
1420 1932 74 20 som
1516 1921 88 31 varit

102 1972 170 30 anställda
298 1972 56 31 vid
381 1972 134 30 mindre
543 1972 194 30 folkskolor
761 1972 82 30 eller
868 1971 115 31 såsom
1009 1971 205 31 biträdande
1239 1972 121 34 lärare,
1388 1982 44 20 m.
1462 1972 35 29 fl.
1524 1972 79 36 äger

102 2022 168 30 samband
299 2023 77 29 med
402 2021 256 37 propositionen
687 2031 41 21 nr
754 2022 63 30 218
843 2021 49 31 till
919 2021 234 31 innevarande
1177 2020 56 32 års
1260 2021 138 37 riksdag
1426 2019 176 38 angående

102 2073 104 30 bland
229 2076 107 26 anna!
358 2072 67 30 viss
447 2072 147 36 ändring
615 2083 42 19 av
681 2072 215 31 folkskolans
920 2072 397 36 avlöningsreglemente,
1340 2071 117 31 vilken
1480 2081 121 27 propo-

102 2123 100 30 sition
223 2122 180 37 tillstyrkts
423 2133 42 20 av
487 2123 249 30 statsutskottet
757 2123 9 30 i
787 2122 176 31 utlåtande
985 2122 112 30 denna
1118 2122 66 36 dag
1202 2132 42 20 nr
1263 2123 73 34 227,
1357 2123 65 30 och
1442 2122 66 30 har
1528 2122 75 30 icke

100 2173 79 35 givit
204 2174 281 29 bankoutskottet
512 2173 184 36 anledning
721 2173 49 30 till
794 2173 146 30 erinran.

145 2224 72 29 Vad
239 2223 156 36 slutligen
416 2222 107 36 angår
545 2224 40 29 de
605 2224 110 30 under
733 2225 155 34 punkten
909 2226 18 28 5
947 2228 176 32 upptagna
1144 2225 173 36 förslagen
1339 2225 49 30 till
1408 2226 90 30 vissa
1519 2226 82 30 änd-

102 2273 113 36 ringar
240 2275 7 29 i
273 2272 97 37 fråga
393 2283 57 20 om
474 2273 283 36 tillämpligheten
780 2283 42 20 av
849 2274 81 29 1942
955 2273 55 31 års
1036 2273 137 36 tjänste-
1198 2275 65 29 och
1289 2275 311 37 familjepensions-

101 2322 229 35 reglementen
352 2323 53 30 för
428 2323 156 31 arbetare
606 2323 115 30 kunde
746 2321 56 33 det
823 2322 104 37 enligt
949 2323 181 31 utskottets
1154 2324 138 36 mening
1316 2323 175 33 måhända
1513 2324 87 31 före-

101 2373 83 30 falla
210 2375 180 34 tveksamt,
414 2373 171 31 huruvida
610 2373 204 36 tillräckliga
839 2374 74 30 skäl
939 2373 192 31 förefinnas
1155 2377 58 31 att,
1238 2373 56 31 vid
1319 2374 218 36 tillämpning
1560 2385 42 20 av

101 2422 221 32 föreskriften
347 2424 9 29 i
391 2425 5 29 I
429 2425 18 36 8
480 2425 10 28 I
520 2433 103 20 mom.
651 2420 32 38 d)
716 2423 520 36 tjänstepensionsreglementet,
1263 2424 156 36 medgiva
1446 2424 154 36 tillgodo-

100 2473 148 37 räkning
269 2473 113 33 såsom
403 2484 25 21 s.
449 2475 32 30 k.
503 2473 153 32 väntetid
675 2483 43 22 av
738 2474 50 31 tid
808 2473 55 35 för
881 2474 402 38 manskapsanställning
1304 2478 89 28 samt
1414 2484 44 22 av
1478 2475 49 31 tid
1547 2475 55 32 för

1655 1121 127 25 Utskottet.
