1886 2780
450 176 287 33 Statsutskottets
759 173 179 31 utlåtande
960 182 43 20 nr
1024 172 62 29 128
1107 171 39 30 år
1169 170 81 29 1961
1555 164 39 30 27

110 262 180 30 länderna.
318 261 52 29 En
397 258 194 38 förklaring
618 255 118 31 härtill
765 256 38 28 är
830 252 222 39 naturligtvis
1080 251 119 29 risken
1226 249 55 29 för
1310 245 284 38 nationalisering

111 316 82 30 eller
214 315 111 30 andra
345 312 166 41 politiska
531 310 171 39 åtgärder.
724 309 65 29 Det
810 308 62 29 bör
893 306 187 38 övervägas
1102 306 50 27 att
1175 303 110 38 skapa
1306 301 113 39 någon
1441 299 92 30 form
1555 307 40 20 av

112 369 137 40 garanti
268 368 55 29 för
342 366 148 31 svenska
508 363 252 38 investeringar
779 362 63 29 och
862 360 58 30 lån
940 357 212 31 utomlands.
1172 357 13 28 I
1205 355 158 30 utlandet
1383 355 37 28 är
1440 353 57 30 det
1514 360 82 21 van-

111 423 72 39 ligt,
202 424 51 28 att
272 421 131 30 sådana
421 418 174 40 garantier
613 415 218 39 ombesörjas
850 423 41 20 av
911 421 135 22 samma
1064 418 118 31 organ,
1202 418 75 21 Som
1295 407 142 30 handha
1455 406 42 29 de
1514 413 82 21 van-

111 476 67 39 liga
201 471 473 43 exportkreditgarantierna.
697 469 93 29 Även
814 467 110 30 andra
946 465 178 38 lösningar
1147 472 41 20 av
1210 461 193 40 problemet
1426 461 59 28 äro
1508 457 89 39 möj-

112 529 78 40 liga.
214 529 65 29 Det
301 526 192 39 väsentliga
517 526 48 32 är,
590 526 49 27 att
663 523 130 29 former
818 521 127 39 skapas
970 519 54 30 för
1049 520 50 27 att
1122 516 200 30 underlätta
1345 512 251 39 investeringar

110 583 11 29 i
148 579 400 41 utvecklingsländerna.

157 633 345 40 Handelspolitikens
525 629 218 39 utformning
767 629 11 29 i
802 627 98 39 fråga
924 636 56 20 om
1005 622 387 40 utvecklingsländerna
1417 621 38 29 är
1479 628 41 20 av
1543 618 55 29 be-

113 689 132 39 tydelse
269 689 87 29 även
377 686 12 30 i
411 686 110 29 andra
544 683 193 30 avseenden
762 683 43 28 än
829 681 51 33 de,
905 689 74 20 som
1003 679 134 29 berörts
1159 677 12 29 i
1194 676 58 29 det
1276 673 217 40 föregående.
1517 671 81 30 Vik-

113 743 63 39 tigt
194 743 38 29 är
249 743 51 28 att
316 741 42 29 de
375 738 203 31 utvecklade
595 736 169 30 länderna
780 735 76 29 icke
873 732 175 41 uppträda
1065 731 47 33 så,
1130 732 50 28 att
1197 730 42 29 de
1257 727 179 39 samtidigt
1453 735 75 21 som
1545 725 51 33 de,

114 796 20 30 å
153 805 65 20 ena
238 795 111 33 sidan,
369 794 12 29 i
401 792 92 30 olika
514 791 130 29 former
663 789 124 39 bringa
805 787 99 40 hjälp
925 786 53 29 till
999 783 207 32 ekonomisk
1226 781 202 40 expansion,
1449 780 20 29 å
1489 778 108 30 andra

115 849 110 33 sidan,
245 847 159 31 försvåra
424 846 82 29 eller
526 846 76 27 rent
622 853 41 20 av
682 842 126 30 hindra
829 837 390 41 utvecklingsländerna
1239 837 50 28 att
1310 835 35 29 få
1364 827 235 49 tillfredsstäl-

113 902 103 30 lande
240 900 199 38 avsättning
461 899 55 29 för
539 898 75 29 sina
636 896 203 40 produkter.
863 893 167 39 Åtgärder
1053 892 83 29 böra
1159 889 121 30 därför
1303 888 196 38 övervägas,
1524 893 74 22 som

116 954 200 39 undanröja
338 953 131 30 sådana
490 951 112 38 inslag
624 951 10 29 i
657 950 66 29 den
747 948 149 30 svenska
919 947 63 28 och
1005 946 12 28 i
1039 945 41 29 de
1103 944 79 29 med
1206 941 137 40 Sverige
1365 941 11 29 i
1397 938 202 31 internatio-

115 1009 90 29 nella
237 1006 277 41 organisationer
544 1002 265 31 samarbetande
840 1000 188 30 ländernas
1058 995 284 40 handelspolitik,
1374 1003 75 20 som
1478 993 122 29 kunna

115 1071 82 20 vara
223 1060 133 40 ägnade
381 1061 50 28 att
455 1057 179 30 motverka
660 1065 41 21 en
727 1053 225 32 konstruktiv
977 1051 125 40 politik
1126 1051 11 28 i
1163 1049 98 39 fråga
1287 1058 56 20 om
1369 1045 231 38 utvecklings-

114 1115 180 30 länderna.

160 1168 13 29 I
215 1164 388 41 utvecklingsländerna
645 1162 136 30 arbetar
823 1156 463 40 livsmedelsförsörjningen
1328 1153 78 30 med
1446 1151 154 41 ytterligt

117 1222 141 39 knappa
273 1219 221 40 marginaler.
511 1218 64 29 Det
590 1217 96 29 finns
702 1214 194 31 emellertid
912 1215 49 28 ett
976 1213 108 28 annat
1099 1210 158 40 problem
1274 1209 10 29 i
1301 1206 299 38 sammanhanget.

116 1275 65 29 Det
199 1274 108 40 gäller
326 1273 41 29 de
386 1272 107 30 akuta
512 1268 383 32 katastrofsituationer
913 1267 12 29 i
944 1265 100 39 fråga
1062 1273 57 21 om
1138 1259 462 40 livsmedelsförsörjningen

114 1328 95 29 inom
229 1325 215 40 begränsade
463 1323 177 33 områden,
663 1331 75 21 som
757 1321 44 29 då
821 1321 64 29 och
905 1319 44 30 då
968 1317 159 31 inträffa.
1148 1316 72 30 Här
1239 1315 72 29 kan
1331 1323 43 20 en
1392 1312 138 31 relativt
1548 1311 56 29 be-

118 1381 151 40 gränsad
292 1380 111 29 insats
426 1378 111 29 under
560 1386 41 20 en
625 1376 141 29 kortare
789 1374 50 30 tid
863 1374 74 29 ofta
959 1372 48 29 bli
1030 1372 52 29 till
1107 1372 71 28 stor
1201 1369 110 39 hjälp.
1335 1368 65 29 Det
1422 1367 62 29 bör
1508 1366 94 29 över-

117 1436 105 37 vägas
241 1435 50 28 att
310 1433 108 38 skapa
436 1433 48 27 ett
501 1428 309 40 beredskapslager
829 1436 42 20 av
888 1425 167 39 lämpliga
1072 1422 179 31 livsmedel
1271 1422 54 29 för
1344 1422 49 28 att
1412 1419 119 30 ställas
1549 1417 52 30 till

118 1486 206 40 förfogande
346 1486 12 28 i
379 1485 107 29 akuta
508 1482 288 30 nödsituationer.

163 1540 177 29 Eftersom
357 1539 57 29 det
431 1538 37 29 är
486 1536 205 40 uppenbart,
710 1536 50 28 att
778 1543 41 19 en
838 1533 62 29 allt
918 1532 110 29 större
1046 1530 54 29 del
1119 1539 41 20 av
1178 1529 41 29 de
1237 1527 122 34 medel,
1379 1535 75 21 som
1471 1524 132 30 erford-

119 1603 56 20 ras
193 1593 55 30 för
266 1602 42 20 en
327 1591 108 30 snabb
453 1591 64 29 och
535 1588 195 40 betydande
748 1587 130 38 ökning
898 1595 41 20 av
957 1585 57 29 det
1033 1583 149 30 svenska
1199 1581 176 30 biståndet
1394 1580 51 29 till
1464 1577 139 31 utveck-

119 1646 271 40 lingsländerna,
414 1644 111 29 måste
552 1642 119 30 ställas
696 1641 52 29 till
774 1638 206 40 förfogande
1004 1638 56 29 via
1085 1635 263 38 statsbudgeten
1372 1633 82 29 eller
1479 1639 123 32 genom

120 1700 139 39 statliga
277 1698 160 39 åtgärder
457 1698 37 28 är
513 1696 56 30 det
589 1695 179 39 angeläget
787 1693 79 30 med
885 1702 42 20 en
946 1689 312 42 parlamentariskt
1278 1686 192 31 förankrad
1489 1684 115 30 utred-

120 1751 289 41 ningskommitté
443 1750 54 30 för
531 1751 50 28 att
614 1748 195 38 framlägga
841 1746 132 38 förslag
1005 1742 223 32 beträffande
1261 1742 65 29 här
1359 1739 147 31 berörda
1540 1738 64 29 och

120 1806 117 39 övriga
259 1804 172 40 spörsmål
453 1813 41 19 av
515 1802 174 39 betydelse
712 1801 54 29 för
787 1800 144 38 hjälpen
953 1798 52 29 till
1027 1794 399 40 utvecklingsländerna.
1449 1792 58 29 Ett
1529 1790 75 30 skäl

121 1860 53 29 för
197 1861 50 27 att
267 1858 166 38 tillskapa
453 1865 42 20 en
518 1855 108 30 sådan
648 1853 185 30 kommitté
855 1854 37 28 är
913 1852 58 29 det
992 1850 149 33 faktum,
1164 1851 51 27 att
1237 1844 367 33 Centralkommitténs

120 1912 107 40 petita
248 1911 11 29 i
280 1912 75 28 sina
376 1909 146 39 detaljer
543 1908 74 29 icke
638 1906 265 38 offentliggöras
924 1914 42 19 av
985 1904 138 37 hänsyn
1143 1902 52 29 till
1217 1899 220 31 främmande
1458 1897 145 30 makter.

122 1965 253 29 Erfarenheten
396 1964 64 28 har
480 1961 118 29 vidare
619 1960 99 33 visat,
741 1961 49 28 att
811 1959 57 28 det
889 1958 116 28 finnes
1027 1958 47 27 ett
1095 1955 111 29 behov
1227 1963 42 19 av
1291 1953 109 29 större
1421 1950 185 30 koordina-

122 2018 73 29 tion
214 2027 41 20 av
273 2018 41 29 de
333 2016 148 30 svenska
498 2015 196 29 insatserna
714 2012 78 30 från
811 2011 93 30 olika
923 2010 71 30 håll
1014 2010 63 28 och
1095 2017 42 20 en
1156 2016 96 20 mera
1271 2004 211 31 samordnad
1500 2004 106 28 fram-

122 2070 263 40 tidsplanering.
407 2069 101 29 Detta
530 2068 110 29 behov
662 2066 112 30 skulle
796 2064 212 40 tillgodoses,
1030 2071 57 21 om
1109 2061 67 29 den
1198 2059 155 30 nämnda
1374 2058 233 39 parlamenta-

123 2125 94 29 riska
247 2122 234 38 beredningen
513 2120 168 30 utökades
711 2119 79 29 med
821 2116 215 31 företrädare
1067 2115 53 29 för
1150 2112 235 33 folkrörelser,
1416 2109 191 39 näringsliv

122 2178 63 28 och
211 2176 153 30 Svenska
388 2173 274 31 missionsrådet.

167 2230 177 29 Utskottet
362 2227 146 30 föreslår
525 2226 119 29 därför
662 2225 79 29 med
760 2223 188 37 anledning
966 2231 42 20 av
1025 2221 218 28 motionerna
1263 2219 28 28 1:
1309 2218 62 29 306
1389 2217 64 29 och
1472 2216 44 28 II:
1533 2215 73 32 363,

124 2284 49 27 att
197 2291 42 20 en
263 2280 184 30 kommitté
471 2279 77 29 med
574 2276 293 41 parlamentarisk
892 2274 206 37 förankring
1122 2273 64 28 och
1212 2271 78 29 med
1316 2269 214 30 företrädare
1554 2267 53 29 för

124 2334 235 33 folkrörelser,
387 2331 190 38 näringsliv
605 2331 62 28 och
698 2329 153 30 Svenska
879 2325 266 32 missionsrådet
1173 2324 162 29 tillsättes
1363 2322 78 29 med
1470 2320 138 39 uppgift

125 2390 47 27 att
196 2387 122 29 utreda
341 2386 63 30 och
427 2384 191 38 framlägga
642 2383 130 37 förslag
794 2382 10 28 i
826 2382 64 28 här
912 2380 149 38 angivna
1084 2376 203 41 spörsmål.»

169 2440 73 29 dels
261 2440 64 28 ock
344 2441 49 28 att
411 2438 189 29 utskottets
618 2435 210 30 hemställan
847 2434 10 29 i
877 2433 112 29 nedan
1011 2431 147 38 angivna
1178 2430 97 29 delar
1293 2429 76 29 bort
1387 2428 45 29 ha
1452 2426 156 39 följande

124 2494 144 39 lydelse:
