2161 2641
611 196 236 32 Konstitutions-
865 192 159 46 Utskottets
1037 196 159 33 Utlåtande
1221 197 61 32 N:o
1304 199 31 29 5.
1756 203 17 27 5

169 277 137 37 ändras
338 281 52 41 så,
419 282 56 32 att
503 277 110 37 ordet
640 277 177 48 samtycke
845 278 155 48 utbytes
1028 283 79 31 mot
1136 278 110 36 ordet
1273 277 204 44 utlåtande;
1506 279 93 36 eller
1627 279 82 45 ock,
1726 282 47 45 på

169 334 76 31 sätt
272 329 499 36 Konstitutions-Utskottet
799 329 70 36 kan
892 330 99 35 finna
1011 329 216 49 lämpligast
1247 330 10 35 i
1279 330 72 36 den
1371 330 166 49 antydda
1556 331 217 48 rigtningen

169 380 149 45 föreslå,
348 380 84 36 dess
460 386 77 30 rätt
564 381 191 48 likmätigt
783 381 118 47 enligt
929 377 18 50 $
977 383 44 34 53
1050 380 360 49 Regeringsformen
1439 382 70 35 och
1538 378 18 49 $
1585 384 46 34 38
1661 395 111 23 mom.

173 434 15 33 1
219 431 431 48 Riksdagsordningen.»

269 481 97 37 Herr
403 481 227 49 Magnusson
673 482 65 36 har
767 483 11 35 i
806 482 57 36 sin
891 483 228 47 motivering
1147 481 125 38 anfört
1300 483 195 36 enahanda
1522 483 80 36 skäl
1631 482 58 37 för
1717 484 55 35 sin

169 533 98 48 åsigt
308 546 81 23 som
430 533 58 43 de,
532 534 124 35 hvilka
693 533 98 36 Herr
826 532 164 38 Svensén
1021 534 10 35 i
1060 535 57 35 sin
1145 535 144 35 motion
1317 534 63 36 vid
1411 537 92 34 1882
1534 538 58 32 års
1621 534 152 48 riksdag

169 584 184 49 åberopat
382 585 70 36 och
482 584 57 37 för
567 585 127 36 hvilka
722 585 67 36 här
818 584 111 37 ofvan
956 585 227 48 redogjorts.

268 789 16 35 I
313 790 80 35 sina
422 789 245 49 afstyrkande
696 789 221 36 utlåtanden
946 790 10 35 i
986 790 206 48 anledning
1220 788 39 37 af
1284 789 45 36 de
1358 789 63 36 vid
1453 792 93 34 1882
1577 790 70 35 och
1679 792 93 35 1883

169 843 109 33 årens
319 840 195 48 riksdagar
554 841 135 35 väckta
730 841 189 35 motioner
947 840 157 36 anförde
1135 840 196 36 Utskottet
1360 839 330 49 hufvudsakligen,
1720 847 55 30 att

169 891 47 36 då
235 905 137 35 genom
402 890 425 48 ståndsförfattningens
857 892 268 47 upphäfvande
1155 892 279 47 presteståndet
1454 891 125 36 afstod
1601 891 80 36 från
1703 892 71 35 den

169 942 151 36 ståndet
347 941 105 37 förut
480 943 286 35 tillkommande
795 948 77 30 rätt
900 948 55 30 att
983 946 121 32 såsom
1134 942 158 35 svenska
1312 942 164 49 kyrkans
1498 943 180 35 målsman
1699 943 76 35 del-

169 999 87 42 taga
292 993 10 35 i
331 993 419 47 lagstiftningsarbetet,
780 992 181 37 framstod
992 992 222 49 oafvisligen
1242 992 183 37 behofvet
1453 992 117 45 deraf,
1591 1000 55 29 att
1666 1000 109 29 stats-

169 1044 143 48 kyrkan
343 1044 95 48 egde
468 1058 45 21 en
543 1045 161 35 särskild
733 1045 316 47 representation,
1078 1045 102 35 inom
1209 1044 153 36 hvilken
1392 1044 45 35 de
1466 1045 178 46 speciella
1661 1045 113 47 insig-

169 1100 58 30 ter
268 1095 11 34 1
320 1095 56 35 dit
418 1095 165 36 hörande
616 1095 140 47 frågor,
786 1108 80 22 som
895 1094 58 36 för
982 1095 141 36 vården
1153 1094 38 36 af
1216 1095 162 47 kyrkans
1406 1095 185 35 intressen
1619 1108 91 23 vore
1739 1095 40 36 af

170 1145 135 47 nöden,
348 1146 125 35 kunde
516 1159 87 23 vara
646 1146 10 35 i
697 1146 275 36 vidsträcktare
1014 1149 84 33 mån
1128 1146 58 36 till
1218 1145 207 45 finnandes,
1455 1153 46 28 än
1530 1146 67 36 hos
1626 1147 70 35 den
1727 1150 47 44 på

169 1197 189 35 allmänna
398 1198 59 34 val
500 1197 197 48 grundade
738 1198 521 46 nationalrepresentationen
1289 1210 89 23 vore
1408 1203 55 30 att
1492 1198 176 47 påräkna.
1702 1199 73 34 Att

171 1247 220 48 betydelsen
421 1247 40 36 af
486 1261 45 22 en
559 1248 115 36 sådan
704 1248 163 48 kyrkans
897 1249 181 35 målsman
1106 1254 174 42 nogsamt
1300 1248 216 44 beaktades,
1538 1248 129 36 derom
1689 1250 85 34 vitt-

169 1299 95 35 nade
305 1298 333 48 förhandlingarne
680 1299 194 47 angående
916 1312 50 22 nu
995 1299 176 48 gällande
1199 1298 362 49 Riksdagsordning,
1591 1299 69 36 och
1690 1300 84 35 med

169 1349 141 36 visshet
350 1350 109 35 torde
501 1350 127 36 kunna
669 1357 118 41 sägas,
830 1355 56 31 att
927 1350 65 36 det
1019 1349 59 37 för
1107 1353 171 45 mången,
1308 1363 79 23 som
1417 1350 83 35 med
1530 1350 56 36 sin
1614 1355 79 31 röst
1723 1351 52 35 bi-

169 1401 125 46 dragit
322 1401 58 35 till
409 1400 427 48 ståndsförfattningens
866 1401 280 48 upphäfvande,
1175 1402 99 34 varit
1302 1414 44 22 en
1376 1400 206 49 afgörande
1612 1407 163 30 omstän-

170 1451 143 47 dighet,
344 1457 55 30 att
427 1452 144 47 kyrkan
599 1451 190 47 framgent
818 1452 148 35 komme
996 1457 56 30 att
1082 1451 115 36 blifva
1225 1452 180 35 särskildt
1433 1453 298 46 representerad.

271 1502 252 48 Kyrkomötet
554 1502 95 36 hade
678 1502 159 36 sålunda
865 1503 227 47 berättigats
1121 1508 55 31 att
1199 1503 118 47 jemte
1346 1502 211 48 Konungen
1579 1503 67 35 och
1669 1503 105 36 Riks-

168 1553 121 47 dagen
332 1553 151 47 deltaga
518 1553 10 35 i
557 1553 71 36 den
658 1553 173 48 kyrkliga
859 1553 304 48 lagstiftningen;
1192 1566 85 23 men
1306 1554 11 35 1
1346 1554 203 47 anledning
1577 1553 40 36 af
1642 1555 134 34 motio-

168 1611 137 28 närens
334 1604 260 47 anmärkning,
624 1609 55 30 att
707 1609 138 30 mötets
873 1604 260 36 maktområde
1161 1604 137 44 blifvit,
1319 1603 149 37 utöfver
1489 1604 99 36 hvad
1607 1605 11 34 i
1638 1604 135 47 Kongl.

168 1653 272 49 förordningen
476 1654 71 36 den
578 1657 44 33 16
652 1654 215 36 November
897 1658 94 34 1863
1022 1668 59 22 om
1111 1656 156 35 allmänt
1295 1655 224 47 kyrkomöte
1549 1655 225 44 bestämdes,

168 1706 237 47 väsentligen
447 1706 188 35 utsträckt
676 1718 136 35 genom
842 1705 65 36 det
935 1706 11 35 i
975 1703 18 48 $
1023 1708 43 34 87
1096 1705 357 49 Regeringsformen
1481 1706 214 36 sedermera
1723 1707 53 35 in-

168 1761 114 42 tagna
324 1756 207 47 stadgande
573 1769 60 23 om
675 1757 262 47 kyrkomötets
966 1756 193 48 samtycke
1188 1760 122 32 såsom
1340 1756 243 49 erforderligt
1610 1756 58 36 för
1696 1757 79 36 stif-

168 1807 126 44 tande,
316 1807 162 47 ändring
498 1808 92 35 eller
610 1807 268 48 upphäfvande
899 1807 39 35 af
954 1808 198 48 kyrkolag,
1173 1807 173 36 erinrade
1365 1807 208 45 Utskottet,
1595 1808 180 36 hurusom

169 1858 54 35 uti
253 1858 72 35 den
355 1857 40 37 af
419 1857 135 49 Kongl.
584 1858 104 48 Maj:t
715 1858 59 36 till
798 1860 244 35 1862—1863
1065 1861 108 33 årens
1193 1858 166 48 Riksdag
1380 1859 136 36 aflåtna
1537 1859 239 48 proposition

169 1921 61 23 om
259 1909 213 48 antagande
502 1908 40 37 af
567 1923 45 21 en
633 1908 227 49 författning
879 1909 194 48 angående
1095 1910 156 35 allmänt
1271 1910 225 48 kyrkomöte
1519 1910 255 47 uttryckligen

168 1959 208 46 framhölls,
418 1965 66 39 att,
527 1960 47 35 då
615 1960 140 35 verkan
797 1960 39 35 af
873 1961 260 47 kyrkomötets
1175 1960 125 36 beslut
1338 1964 117 32 måste
1485 1961 226 36 bestämrmas
1740 1961 39 36 af

167 2011 201 47 grundlag,
405 2014 122 44 någon
556 2011 306 36 beslutanderätt
891 2012 120 47 enligt
1039 2011 181 47 förslaget
1249 2012 82 35 icke
1362 2012 143 36 kunnat
1532 2012 244 48 kyrkomötet

168 2060 190 50 tilläggas,
401 2075 83 22 men
527 2067 67 38 att,
624 2062 47 35 då
699 2061 287 49 ifrågavarande
1015 2063 216 35 institution
1260 2063 82 35 icke
1372 2068 127 43 syntes
1529 2063 11 35 i
1567 2062 88 37 fullt
1683 2067 94 32 mått

169 2112 127 35 kunna
337 2117 188 31 motsvara
567 2114 56 34 sin
665 2113 276 44 bestämmelse,
971 2113 83 35 med
1084 2114 146 35 mindre
1259 2114 243 48 kyrkomötet
1529 2114 247 36 tillerkändes

169 2168 76 30 rätt
279 2168 56 30 att
364 2163 152 48 deltaga
546 2163 9 35 i
584 2163 199 36 stiftandet
810 2163 39 36 af
874 2164 198 49 kyrkolag,
1102 2164 204 48 ordalagen
1334 2165 11 34 i
1374 2163 181 48 förslaget
1584 2164 126 36 blifvit
1738 2168 39 32 så

168 2212 197 48 affattade,
394 2219 55 30 att
477 2214 46 35 de
553 2214 173 48 lämpade
756 2215 57 47 sig
836 2215 142 47 jemväl
1005 2215 58 35 för
1083 2215 74 35 den
1178 2215 274 48 utsträckning,
1474 2228 79 22 som
1573 2228 137 35 genom
1732 2229 45 22 en

168 2264 375 49 grundlagsändring
578 2265 127 36 kunde
745 2264 151 37 komma
937 2266 57 35 till
1036 2266 121 36 stånd.
1224 2265 16 36 I
1281 2265 200 50 förslagets
1520 2263 17 49 $
1568 2270 32 42 9,
1632 2279 80 24 som
1741 2267 41 37 af
