1880 2798
244 179 111 26 Första
377 178 201 27 kammarens
599 178 162 27 allmänna
785 178 323 34 beredningsutskotts
1132 178 161 28 utlåtande
1314 187 38 18 nr
1377 179 43 26 13.
1553 179 36 29 11

85 268 125 39 karna)
233 268 59 30 vid
310 271 139 27 senaste
470 267 161 39 taxering
649 267 53 30 till
721 267 118 39 statlig
858 267 256 31 inkomstskatt
1133 268 78 29 icke
1231 267 181 39 upptagits
1434 267 154 30 beskatt-

86 321 170 40 ningsbar
272 321 157 30 inkomst
449 321 53 30 till
520 320 109 31 minst
647 321 20 29 4
682 321 64 30 000
767 321 143 30 kronor.
932 320 120 30 Under
1070 320 98 31 tiden
1191 321 209 38 1938—juni
1423 321 83 30 1940
1526 330 62 21 var

86 375 311 39 inkomstgränsen
422 375 94 30 1500
537 375 134 29 kronor
692 374 68 30 och
781 375 157 29 därefter
958 374 53 31 till
1034 375 68 29 den
1124 375 41 29 30
1187 374 77 39 juni
1289 375 84 29 1949
1395 375 18 29 2
1428 374 74 30 500.
1526 373 62 31 Ge-

86 438 84 20 nom
190 431 51 27 att
260 428 310 39 inkomstgränsen
591 427 203 39 förskjutits
815 426 112 40 uppåt
948 428 65 29 har
1034 428 10 29 i
1066 427 70 31 viss
1158 427 249 39 utsträckning
1428 427 160 30 förhind-

85 485 82 32 rats,
194 485 51 27 att
271 481 156 39 familjer
451 482 80 29 med
557 482 240 30 oförändrade
823 481 176 30 reallöner
1027 491 80 20 men
1135 482 81 29 med
1242 481 110 38 höjda
1378 480 209 40 penningin-

85 535 159 30 komster
271 534 100 31 blivit
399 535 128 30 ställda
555 535 146 30 utanför
730 534 345 40 bidragsgivningen.
1107 535 205 39 Höjningen
1343 544 43 21 av
1416 534 171 30 inkomst-

85 589 152 38 gränsen
258 589 65 29 har
343 589 90 29 dock
455 588 77 30 icke
552 589 94 29 skett
665 588 11 30 i
697 588 77 30 takt
794 589 81 29 med
897 588 300 39 penningvärdets
1219 588 74 35 fall,
1316 588 205 38 varigenom
1543 597 44 21 en

86 642 84 29 reell
190 641 195 39 skärpning
404 652 44 19 av
465 641 380 39 inkomstprövningen
867 642 72 29 kan
961 642 101 38 sägas
1084 642 46 29 ha
1151 642 59 38 ägt
1232 651 80 20 rum
1333 641 143 30 särskilt
1498 641 89 30 efter

84 696 69 29 den
180 697 13 28 1
221 695 65 38 juli
312 696 93 29 1949.
432 695 95 30 Enär
553 694 80 31 från
659 695 221 30 sistnämnda
906 695 169 38 tidpunkt
1099 695 194 29 indextalet
1319 694 95 39 stigit
1440 694 80 30 med
1545 694 42 29 40

85 749 147 30 enheter
254 749 84 30 eller
359 749 80 30 med
462 758 40 21 ca
526 749 41 29 24
589 751 158 36 procent,
773 749 64 29 har
861 748 58 30 vid
944 748 219 30 oförändrad
1184 747 311 39 behovsprövning
1519 748 68 29 den

85 803 83 29 övre
191 802 311 39 inkomstgränsen
526 801 135 31 således
685 803 79 29 bort
788 802 194 30 fastställas
1005 801 53 31 till
1082 811 40 20 ca
1147 802 18 29 5
1180 802 64 29 000
1270 801 144 30 kronor.
1440 801 54 30 En
1517 800 70 31 viss

85 855 275 39 kompensation
382 856 71 29 kan
475 856 100 38 sägas
596 856 46 29 ha
661 855 152 30 kommit
835 855 53 30 till
910 854 105 31 stånd
1037 863 128 30 genom
1187 858 50 26 att
1261 854 251 39 anslutningen
1534 854 53 30 till

85 910 43 28 de
149 909 158 30 erkända
328 909 256 38 sjukkassorna
605 909 94 30 ökat.
723 908 215 39 Därigenom
961 909 65 29 har
1048 911 48 27 ett
1118 909 113 29 större
1251 908 98 30 antal
1370 908 144 29 mödrar
1536 917 51 20 er-

85 961 101 31 hållit
209 962 334 39 moderskapshjälp
567 962 10 29 i
600 962 117 30 stället
741 962 56 29 för
819 961 394 39 moderskapspenning
1238 961 67 30 och
1330 960 151 30 kommit
1505 960 11 30 i
1538 959 49 31 åt-

86 1016 173 38 njutande
280 1025 43 20 av
344 1018 48 28 ett
414 1015 106 39 något
542 1016 108 38 högre
672 1015 125 39 bidrag
817 1015 57 30 vid
897 1015 209 30 barnsbörd.

131 1087 328 38 Moderskapshjälp
486 1085 102 40 utgår
613 1087 53 29 till
694 1086 159 39 kvinnlig
882 1086 153 30 medlem
1064 1096 43 20 av
1135 1086 136 30 erkänd
1300 1085 199 39 sjukkassa,
1529 1094 59 20 om

84 1141 73 29 hon
176 1140 219 30 omedelbart
414 1141 76 29 före
509 1140 246 30 barnsbörden
773 1139 90 30 varit
883 1140 154 29 medlem
1057 1139 114 30 under
1190 1139 187 30 oavbrutet
1396 1138 108 30 minst
1523 1139 64 29 270

84 1194 120 38 dagar.
235 1193 305 39 Minimibeloppet
568 1211 44 2 —
640 1194 89 37 lägst
762 1194 60 28 110
851 1193 135 30 kronor
1015 1193 66 29 och
1111 1193 10 29 i
1151 1192 396 38 centralsjukkassorna
1577 1191 10 29 i

84 1247 197 30 allmänhet
310 1248 59 29 125
398 1247 133 29 kronor
553 1264 44 3 —
622 1247 66 29 har
713 1246 90 30 varit
830 1246 210 30 oförändrat
1066 1246 110 30 sedan
1207 1246 93 29 1938.
1329 1245 258 30 Levnadskost-

86 1300 197 31 nadsindex
307 1301 65 29 har
396 1301 112 29 under
533 1300 96 30 tiden
653 1300 78 38 juni
760 1300 318 29 1937—december
1106 1299 80 30 1951
1217 1298 96 40 stigit
1338 1297 81 31 från
1447 1299 61 29 104
1535 1298 53 30 till

86 1355 73 34 204,
179 1354 32 29 d.
230 1364 29 19 v.
278 1364 24 19 s.
321 1354 80 29 med
421 1363 40 20 ca
478 1354 42 29 96
537 1356 158 36 procent.

131 1425 114 30 Sedan
278 1425 83 29 1949
391 1424 179 39 tillämpas
600 1424 227 30 beträffande
858 1424 70 37 fria
955 1434 96 20 resor
1080 1424 55 37 för
1166 1425 87 30 barn
1283 1426 66 30 och
1379 1426 209 30 husmödrar

84 1488 138 20 samma
253 1477 334 39 inkomstprövning
619 1487 76 20 som
729 1478 107 38 :gäller
865 1478 57 29 för
954 1479 114 28 rätten
1099 1478 53 30 till
1184 1479 402 39 moderskapspenning,

85 1532 31 29 d.
144 1542 29 19 v.
202 1542 24 19 s.
255 1531 312 30 inkomststrecket
592 1532 125 37 drages
744 1531 57 29 vid
828 1541 42 19 en
898 1531 314 39 beskattningsbar
1238 1532 157 30 inkomst
1422 1543 43 19 av
1489 1533 17 28 4
1523 1533 64 29 000

85 1585 143 30 kronor.
251 1585 117 29 Under
389 1584 96 30 tiden
509 1585 217 28 1946—1949
749 1594 63 20 var
831 1585 250 29 motsvarande
1103 1585 266 39 inkomstgräns
1389 1587 18 28 2
1423 1587 63 29 500
1508 1586 79 29 kro-

86 1648 74 19 nor.
185 1639 12 28 I
225 1637 92 30 årets
344 1637 419 39 statsverksproposition
793 1637 39 38 (V
857 1638 48 34 ht,
933 1647 25 20 s.
984 1639 41 28 54
1052 1639 66 29 och
1145 1638 54 38 56)
1229 1639 65 30 har
1321 1639 188 35 förordats,
1537 1642 50 27 att

85 1691 311 39 inkomstgränsen
419 1691 89 30 skall
528 1691 102 38 höjas
651 1691 53 30 till
724 1692 19 28 4
758 1691 62 29 300
843 1692 134 29 kronor
998 1692 41 29 fr.
1064 1701 30 20 o.
1117 1702 44 19 m.
1185 1691 108 31 våren
1317 1693 83 29 1952
1423 1695 91 27 samt
1535 1693 53 30 till

85 1745 18 29 5
119 1745 64 29 200
204 1745 133 29 kronor
359 1744 41 30 fr.
423 1754 30 20 o.
475 1754 44 20 m.
543 1745 67 29 den
634 1746 14 28 1
672 1744 142 38 januari
839 1745 94 29 1953.
959 1745 177 38 Styrelsen
1157 1746 91 29 hade
1270 1746 82 29 med
1374 1746 138 38 hänsyn
1534 1745 54 31 till

85 1797 409 39 inkomstutvecklingen
512 1798 192 38 föreslagit,
723 1800 50 27 att
792 1799 193 37 gränserna
1002 1798 113 30 skulle
1132 1797 43 40 gå
1191 1798 57 30 vid
1265 1799 19 28 4
1299 1799 64 29 500
1381 1808 89 29 resp.
1490 1799 18 29 5
1523 1799 64 30 500

85 1851 143 29 kronor.

131 1922 176 38 Styrelsen
334 1922 137 29 erinrar
497 1931 57 19 om
581 1925 50 26 att
658 1922 133 37 förslag
817 1922 186 37 framlagts
1032 1931 57 19 om
1116 1922 45 29 bl.
1189 1932 29 19 a.
1247 1922 259 39 dyrtidstillägg
1531 1923 57 30 för

86 1975 241 29 innevarande
352 1974 39 30 år
417 1974 20 30 å
461 1975 42 29 de
528 1975 175 29 särskilda
729 1975 262 38 barnbidragen
1018 1978 90 26 samt
1136 1978 51 27 att
1215 1975 125 39 Kungl.
1367 1975 101 39 Maj:t
1494 1976 10 29 i
1531 1976 56 30 de-

85 2029 142 29 cember
249 2029 79 28 1951
352 2028 191 38 uppdragit
563 2027 34 30 åt
618 2028 171 38 styrelsen
809 2031 50 27 att
880 2029 115 28 företa
1016 2029 150 37 översyn
1189 2038 43 20 av
1253 2029 162 38 gällande
1436 2030 151 29 bestäm-

85 2082 128 29 melser
241 2091 57 19 om
326 2082 41 28 de
396 2081 139 38 statliga
561 2080 340 39 bosättiningslånen.
934 2081 175 38 Styrelsen
1140 2082 140 34 uttalar,
1311 2085 51 26 att
1390 2082 57 30 det
1475 2081 112 31 måste

85 2135 192 29 betecknas
298 2144 76 19 som
396 2138 47 26 ett
465 2134 113 29 starkt
599 2134 274 38 socialpolitiskt
894 2133 186 30 önskemål
1103 2138 51 26 att
1176 2134 10 30 i
1208 2138 77 26 vart
1307 2135 63 29 fall
1392 2135 42 29 de
1456 2135 131 30 sociala

85 2186 249 31 förmånernas
354 2188 182 28 realvärde
554 2186 207 30 återställes.
781 2187 11 29 I
813 2187 91 30 vissa
924 2188 61 28 fall
1006 2188 64 28 har
1090 2186 165 39 åtgärder
1270 2188 123 29 därför
1412 2188 174 38 vidtagits,

85 2241 129 29 medan
243 2240 7 29 i
278 2241 111 28 andra
417 2241 61 28 fall
506 2240 86 29 intet
619 2239 159 38 åtgjorts.
806 2239 251 38 Avvägningen
1085 2250 43 19 av
1158 2240 8 28 i
1195 2240 118 29 vilken
1342 2241 246 38 utsträckning

84 2293 59 29 det
159 2294 39 28 är
216 2293 137 37 möjligt
370 2296 50 26 att
437 2302 46 19 nu
499 2292 180 30 återställa
698 2293 102 29 deras
818 2293 183 29 realvärde
1019 2291 111 30 måste
1148 2293 282 38 uppenbarligen
1448 2293 9 29 i
1476 2294 111 29 första

86 2346 95 29 hand
204 2345 209 30 verkställas
434 2355 43 19 av
499 2345 125 38 Kungl.
649 2345 111 37 Maj:t.
784 2344 51 30 Då
857 2355 83 19 man
962 2345 70 29 kan
1055 2344 84 39 utgå
1160 2344 81 31 från
1263 2348 51 27 att
1338 2346 124 37 Kungl.
1488 2346 100 38 Maj:t

86 2400 65 28 har
177 2398 54 29 sin
259 2398 319 38 uppmärksamhet
606 2399 70 28 fäst
705 2397 46 39 på
778 2398 95 29 detta
901 2398 170 38 problem,
1101 2408 103 28 synes
1234 2397 115 38 någon
1381 2398 206 38 riksdagens

85 2451 175 31 särskilda
281 2450 124 39 åtgärd
425 2451 76 29 icke
522 2451 180 29 erfordras
725 2452 54 28 för
799 2454 50 26 att
870 2450 216 30 aktualisera
1110 2449 134 39 frågan.
