2191 2640
676 196 265 33 Statsutskottets
963 197 176 33 Memorial
1162 198 61 32 N:o
1246 199 39 31 59
1409 232 3 6 |
1740 205 10 28 1

907 738 74 40 N:o
1010 738 68 41 59.

732 901 74 29 Ank.
831 902 42 29 till
898 903 99 28 Riksd.
1024 903 93 29 kansli
1141 905 55 28 den
1220 905 19 27 4
1263 906 55 37 maj
1345 907 89 33 1888,
1459 906 36 28 kl.
1523 908 33 27 11
1583 908 12 27 f
1626 917 37 19 m.

390 1043 198 41 Memorial,
630 1046 78 33 med
725 1044 144 46 förslag
897 1047 54 33 till
978 1048 382 45 voteringsproposition
1387 1050 12 33 i
1427 1050 188 45 anledning
1643 1051 44 43 af
1710 1052 91 34 kam-

589 1106 124 23 rarnes
753 1096 201 45 skiljaktiga
988 1098 110 34 beslut
1124 1099 12 33 i
1155 1098 111 44 fråga
1295 1111 48 23 om
1373 1100 126 44 Kongl.
1529 1101 129 43 Maj:ts
1678 1114 123 33 propo-

589 1146 102 34 silion
720 1148 179 43 angående
926 1149 241 44 aflöningsstat
1183 1149 66 43 för
1276 1152 326 43 tjenstepersonalen
1632 1153 58 34 vid
1707 1152 92 44 folk-

587 1197 251 35 skolelärarnes
860 1199 360 46 pensionsinrättning
1249 1213 42 23 m.
1322 1214 43 23 m.

1425 1301 72 47 (1:a
1526 1303 45 35 U.
1602 1303 60 46 Al)

322 1447 117 35 Sedan
465 1448 131 45 Kongl.
626 1450 119 45 Maj:t,
775 1453 111 33 under
914 1451 219 46 åberopande
1162 1455 39 33 af
1212 1455 157 43 bifogadt
1388 1456 130 44 utdrag
1537 1457 40 33 af
1588 1458 211 42 protokollet

188 1498 98 35 öfver
315 1499 378 36 ecklesiastikärenden
722 1503 65 33 den
817 1505 44 32 31
893 1504 181 34 december
1102 1507 105 41 1887,
1227 1506 11 33 i
1259 1516 40 23 en
1315 1506 54 33 till
1387 1506 238 36 innevarande
1641 1507 160 46 Riksdag

189 1546 130 37 aflåten
346 1551 212 42 proposition
589 1553 68 43 (n:o
687 1551 58 47 23)
776 1554 192 44 föreslagit,
998 1556 104 33 bland
1131 1559 118 39 annat,
1281 1559 53 31 att
1361 1556 203 45 Riksdagen
1592 1557 108 36 måtte
1720 1561 78 42 god-

190 1600 118 34 känna
337 1600 66 34 den
430 1601 12 33 i
469 1603 150 33 nämnda
647 1601 348 46 statsrådsprotokoll
1022 1605 146 44 intagna
1197 1607 245 44 aflöningsstat
1468 1608 54 34 för
1550 1609 65 34 den
1643 1609 59 35 vid
1715 1610 84 34 folk-

191 1651 256 35 skolelärarnes
485 1653 369 46 pensionsinrättning,
883 1655 333 36 folkskolelärarnes
1245 1658 100 34 enke-
1374 1659 64 34 och
1465 1659 216 43 pupillkassa
1711 1664 90 31 samt

192 1702 158 34 lärarnes
392 1702 58 35 vid
492 1704 401 36 elementarläroverken
935 1707 100 34 enke-
1066 1708 61 34 och
1156 1709 215 43 pupillkassa
1399 1711 160 34 anstälda
1588 1712 172 43 personal,
1789 1712 12 34 i

190 1752 145 34 hvilken
377 1756 72 31 stat
477 1757 52 31 ett
555 1755 123 44 belopp
706 1757 39 33 af
771 1758 109 41 3,800
908 1758 130 34 kronor
1065 1758 125 35 funnes
1218 1763 170 41 upptaget
1415 1761 54 33 till
1498 1765 100 30 extra
1625 1762 174 44 biträden,

191 1803 251 45 renskrifning,
472 1805 78 43 ved,
579 1805 79 44 ljus,
688 1807 175 44 städning,
893 1808 305 36 skrifmaterialier
1226 1821 42 24 m.
1298 1821 61 34 m.;
1388 1811 89 34 hade
1505 1813 173 34 utskottet
1705 1813 9 34 i
1736 1814 60 33 sitt

192 1851 182 38 utlåtande
401 1865 57 24 n:o
487 1857 45 33 49
562 1857 110 34 under
699 1868 98 24 mom.
829 1857 33 48 a)
892 1859 175 44 hemstält,
1098 1863 51 32 att
1178 1861 204 45 Riksdagen
1410 1860 108 37 måtte
1545 1862 187 45 godkänna
1758 1875 42 24 en

193 1905 173 34 derunder
393 1909 179 41 upptagen
601 1908 245 44 aflöningsstat
873 1910 54 34 för
955 1911 65 34 den
1048 1912 58 34 vid
1135 1913 151 34 nämnda
1313 1914 123 33 kassor
1451 1915 159 33 anstälda
1627 1917 171 41 personal,

191 1955 102 35 hvari
321 1956 54 34 för
403 1957 145 34 berörda
576 1957 162 36 ändamål
764 1960 160 43 uppförts
952 1964 50 32 ett
1030 1962 122 44 belopp
1181 1963 39 34 af
1246 1965 108 41 3,000
1382 1964 138 35 kronor.

327 2005 59 35 Da
406 2006 124 36 Andra
546 2008 215 36 Kammaren
780 2010 129 35 bifallit
925 2012 112 34 denna
1054 2014 190 34 utskottets
1259 2014 209 34 hemställan
1484 2015 221 44 oförändrad,
1722 2027 78 24 men

190 2055 128 35 Första
346 2056 215 36 Kammaren
589 2060 128 34 bifallit
744 2062 198 34 densamma
970 2064 76 33 med
1074 2064 65 34 den
1167 2065 160 44 ändring,
1357 2068 52 31 att
1438 2067 160 42 anslaget
1625 2067 54 33 till
1699 2069 100 32 extra

191 2106 173 45 biträden,
406 2109 250 45 renskrifning,
699 2112 77 40 ved,
806 2112 78 44 ljus,
914 2114 174 43 städning,
1118 2115 304 35 skrifmaterialier
1449 2127 42 23 m.
1521 2127 56 32 m.,
1607 2117 11 33 i
1646 2118 154 44 enlighet

192 2158 76 33 med
305 2157 130 45 Kongl.
465 2159 126 45 Maj:ts
618 2161 143 44 förslag,
791 2163 194 35 bestämdes
1012 2164 55 34 till
1095 2167 109 41 3,800
1232 2167 140 42 kronor,
1401 2168 98 33 torde
1526 2166 126 46 frågan
1679 2169 121 34 härom

190 2209 84 33 böra
318 2210 141 43 afgöras
501 2211 144 34 medelst
685 2223 198 33 gemensam
924 2215 229 45 omröstning;
1188 2217 63 34 och
1279 2215 54 36 får
1361 2218 172 34 utskottet
1560 2219 12 33 i
1600 2216 125 37 sådant
1753 2220 48 33 af-

192 2260 125 33 seende
346 2258 128 36 föreslå
502 2262 154 43 följande
683 2264 409 44 voteringsproposition:

279 2316 74 32 Bih.
378 2317 53 31 till
453 2317 114 32 Riksd.
593 2319 88 32 Prot.
707 2322 91 30 1888.
844 2324 20 28 4
887 2321 100 32 Saml.
1032 2325 19 28 1
1075 2323 82 40 Afd.
1200 2326 42 29 37
1265 2324 97 40 Häft.
