1848 2788
459 152 124 39 Tredje
610 151 245 40 lagutskottets
881 149 179 30 utlåtande
1086 159 42 19 nr
1154 148 49 30 18.
1545 147 38 29 23

411 245 62 29 Vid
492 245 94 29 detta
608 243 146 30 ärendes
776 242 210 38 behandling
1008 242 64 28 har
1093 241 156 29 närvarit

124 306 80 30 från
234 306 166 29 första
432 305 221 28 kammaren:
674 303 121 29 herrar
814 301 138 34 Osvald,
972 300 73 29 Nils
1068 300 37 30 ÅA.
1126 300 162 32 Larsson,
1308 298 159 33 Lindahl,
1489 298 94 29 Ebbe

79 348 184 33 Ohlsson”,
284 348 116 38 Grym,
422 347 76 29 Ivar
517 345 132 34 Nilzon,
672 345 155 29 William
851 344 151 29 Ohlsson
1022 342 65 29 och
1106 342 109 38 Georg
1235 341 177 34 Carlsson;

123 407 79 29 från
270 407 121 29 andra
425 406 221 28 kammaren:
674 404 120 29 herrar
817 403 200 29 Andersson
1043 401 10 29 i
1076 401 164 35 Mölndal,
1263 400 146 39 Nyberg,
1434 399 149 30 Anders-

79 458 61 20 son
159 450 9 28 i
187 449 205 39 Ryggestad,
411 449 162 29 Hansson
593 447 10 29 i
622 446 171 39 Skegrie”,
813 445 161 31 Carlsson
993 445 9 28 i
1024 444 211 34 Stockholm,
1255 443 149 29 Persson
1423 442 10 29 i
1450 442 132 33 Tandö,

79 492 170 29 Munktell
269 492 64 29 och
353 491 139 29 Nilsson
513 490 10 28 i
544 489 204 30 Östersund.

116 569 9 8 "
150 569 33 30 Ej
208 567 182 25 närvarande
413 567 48 24 vid
484 566 182 25 utlåtandets
689 565 153 31 justering.

650 818 369 34 Reservationer:

129 922 33 33 1)
193 931 41 21 av
253 921 80 29 herr
355 919 144 37 Osvald;

127 1023 36 33 2)
194 1031 42 21 av
253 1022 121 29 herrar
392 1020 137 40 Nyberg
543 1020 65 29 och
627 1019 162 30 Carlsson
807 1018 11 29 i
838 1018 212 33 Stockholm,
1069 1017 94 30 vilka
1182 1018 114 28 ansett

126 1090 73 30 dels
216 1092 50 28 att
282 1089 254 38 motiveringen
551 1088 11 29 i
579 1088 189 29 utskottets
785 1086 180 30 utlåtande
982 1086 78 29 bort
1077 1086 45 29 ha
1139 1084 157 40 följande
1314 1084 144 39 lydelse:

129 1140 305 40 »Propositionens
454 1139 178 40 uppgifter
651 1147 56 20 om
726 1137 277 31 bostadsbristen
1022 1154 45 3 —
1083 1154 45 3 —
1145 1154 44 2 -—
1213 1135 57 34 (de
1290 1134 58 31 två
1367 1134 110 30 första
1497 1136 90 37 styc-

83 1192 89 31 kena
195 1191 71 30 lika
287 1191 80 30 med
388 1190 188 33 utskottet)
598 1207 45 3 —
661 1207 45 2 —
725 1207 44 3 —
789 1187 342 40 hyresregleringens
1155 1185 195 31 successiva
1373 1185 213 39 avveckling.

128 1242 50 31 Av
199 1242 190 30 utskottets
411 1240 337 39 ställningstagande
770 1239 53 29 till
845 1238 123 39 frågan
991 1247 57 21 om
1070 1237 342 39 hyresregleringens
1435 1236 153 39 förläng-

83 1293 84 39 ning
183 1293 64 29 har
265 1292 177 39 framgått,
460 1293 51 28 att
528 1291 171 29 utskottet
715 1290 179 30 betraktar
912 1288 217 40 regleringen
1149 1288 115 30 såsom
1282 1287 115 30 direkt
1415 1286 173 40 avhängig

82 1353 43 21 av
143 1343 288 30 bostadsbristen.
453 1342 178 30 Utskottet
650 1350 102 21 anser
773 1340 157 34 sålunda,
953 1341 50 28 att
1024 1339 217 40 regleringen
1261 1339 63 29 bör
1345 1338 182 30 avvecklas
1549 1337 39 30 så

84 1397 96 27 snart
198 1394 160 29 normala
376 1393 246 30 förhållanden
640 1392 155 29 inträder
813 1391 44 39 på
875 1390 374 30 bostadsmarknaden.
1269 1389 139 39 Tydligt
1427 1390 38 28 är
1484 1388 104 29 emel-

83 1445 102 29 lertid
208 1446 49 28 att
280 1444 252 29 förberedelser
556 1443 176 29 erfordras
757 1442 55 30 för
835 1443 49 28 att
907 1441 177 30 bemästra
1107 1441 67 28 den
1198 1439 179 34 situation,
1402 1448 73 20 som
1501 1448 87 30 upp-

83 1496 159 28 kommer
266 1494 44 30 då
330 1494 216 39 regleringen
571 1503 43 19 en
640 1493 88 38 gång
753 1492 90 30 skall
867 1492 171 39 upphöra.
1064 1491 78 29 Med
1167 1490 196 30 beaktande
1389 1490 108 29 härav
1523 1489 64 29 har

83 1544 385 41 departementschefen
504 1543 189 40 uppdragit
728 1543 35 30 åt
798 1540 509 42 hyresregleringskommittén
1344 1542 50 28 att
1418 1541 170 37 överväga

83 1596 125 39 frågan
232 1605 56 20 om
313 1595 96 30 vilka
433 1594 174 30 särskilda
632 1593 220 30 föreskrifter
878 1602 74 20 som
978 1592 177 30 erfordras
1181 1591 56 31 vid
1263 1591 217 39 övergången
1507 1590 80 30 från

83 1657 43 19 en
142 1647 157 39 reglerad
315 1646 173 30 marknad
506 1645 53 29 till
577 1655 43 19 en
637 1644 46 30 fri
701 1645 119 30 sådan.
838 1643 129 31 Därvid
984 1644 65 28 har
1067 1643 11 29 i
1095 1642 196 30 direktiven
1306 1641 54 31 för
1378 1641 210 30 kommittén

83 1698 145 29 uttalats
250 1699 50 27 att
322 1696 311 30 bestämmelserna
655 1695 10 29 i
687 1694 459 40 regleringslagstiftningen
1169 1693 177 30 måhända
1368 1692 62 30 bör
1454 1692 135 40 upphä-

83 1758 61 20 vas
164 1747 200 31 successivt.
385 1747 65 30 Det
469 1747 64 29 har
554 1746 107 30 också
681 1747 142 38 antytts,
846 1747 49 28 att
916 1744 218 39 regleringen
1154 1744 70 29 kan
1242 1744 133 29 behöva
1396 1743 111 30 hållas
1529 1742 58 30 vid

83 1799 97 29 makt
201 1798 93 30 olika
315 1799 99 37 länge
434 1797 45 40 på
494 1797 94 30 olika
609 1798 102 28 orter.
733 1796 224 31 Sistnämnda
978 1796 106 29 tanke
1105 1795 314 29 överensstämmer
1439 1793 40 40 ju
1501 1794 87 29 nära

83 1849 79 29 med
181 1849 66 30 vad
268 1858 75 19 som
363 1848 11 29 i
394 1848 219 29 motionerna
634 1849 28 28 I:
678 1847 63 29 446
761 1847 65 29 och
846 1847 45 29 II:
906 1846 61 30 541
987 1845 214 30 framhållits
1222 1854 74 20 som
1318 1845 177 29 önskvärt.
1518 1845 71 28 Mo-

83 1899 160 29 tionerna
265 1899 160 29 förordar
447 1898 193 29 emellertid
662 1899 49 28 att
733 1897 116 29 lokala
870 1896 245 38 avvecklingar
1138 1905 41 20 av
1200 1895 217 38 regleringen
1440 1895 89 29 skall
1552 1894 35 30 få

84 1950 141 28 komma
247 1949 52 29 till
323 1948 102 30 stånd
447 1948 107 29 redan
577 1948 109 29 innan
708 1946 526 40 hyresregleringskommitténs
1257 1945 189 39 utredning
1468 1954 42 21 av
1533 1945 55 29 be-

84 2000 102 29 rörda
208 1999 173 40 spörsmål
397 1999 128 29 hunnit
547 1998 178 30 slutföras.
747 1998 177 29 Utskottet
944 2006 103 20 anser
1068 1997 95 29 detta
1184 1996 132 38 förslag
1336 2005 82 20 vara
1440 1996 55 29 väl
1516 2004 73 21 mo-

85 2050 133 30 tiverat.
246 2050 58 29 Att
331 2049 239 40 upprätthålla
597 2048 216 40 regleringen
839 2048 44 39 på
909 2049 102 33 orter,
1039 2047 62 30 där
1128 2048 67 29 den
1221 2048 70 28 kan
1319 2047 165 29 bedömas
1511 2046 78 29 icke

81 2101 118 37 längre
216 2101 44 28 ha
279 2101 113 37 någon
410 2099 138 40 uppgift
566 2102 50 27 att
635 2099 94 38 fylla,
749 2108 101 29 synes
868 2098 75 30 icke
962 2107 82 20 vara
1062 2097 213 30 välbetänkt.
1294 2097 130 29 Lokala
1443 2096 144 30 avveck-

86 2151 111 38 lingar
224 2161 42 19 av
293 2151 216 38 regleringen
537 2151 70 28 kan
630 2150 106 29 också
763 2150 141 29 komma
933 2150 50 28 att
1012 2156 38 30 ge
1079 2147 509 39 hyresregleringskommittén

84 2201 194 30 värdefulla
301 2201 237 29 erfarenheter
559 2201 57 29 vid
638 2200 78 29 dess
739 2199 190 39 slutgiltiga
952 2198 336 38 ställningstagande
1312 2198 51 29 till
1386 2198 121 37 frågan
1531 2207 56 19 om

85 2252 177 28 formerna
283 2251 54 29 för
358 2251 234 37 regleringens
613 2250 212 37 avveckling.
846 2250 175 29 Utskottet
1042 2249 59 28 vill
1124 2248 145 29 sålunda
1293 2248 175 38 tillstyrka
1488 2248 100 28 bifall

85 2302 51 28 till
156 2301 265 37 ifrågavarande
440 2301 171 28 motioner
630 2300 9 28 i
658 2300 113 29 denna
789 2300 64 28 del.

130 2352 10 28 I
163 2351 217 29 motionerna
397 2351 29 29 I:
442 2350 61 30 447
525 2351 63 28 och
610 2351 44 28 II:
671 2350 62 29 543
751 2350 141 37 begäres
912 2350 50 28 att
981 2351 47 26 ett
1048 2349 149 28 konkret
1218 2356 159 31 program
1400 2348 50 29 till
1471 2348 118 38 hyres-

87 2402 232 37 regleringens
344 2401 194 29 successiva
562 2400 203 38 avveckling
789 2400 86 29 skall
902 2400 212 36 framläggas
1140 2399 7 28 i
1173 2399 63 37 god
1263 2399 47 28 tid
1338 2399 48 28 till
1408 2399 99 28 nästa
1532 2398 57 29 års

86 2453 151 36 riksdag.
263 2454 77 27 Som
368 2452 169 28 utskottet
563 2461 88 20 ovan
677 2450 193 30 framhållit
895 2450 98 38 ingår
1021 2450 277 38 framläggandet
1324 2459 42 20 av
1390 2451 47 27 ett
1463 2449 126 29 sådant
