2212 2636
438 187 19 31 8
842 182 346 33 Jordbruksutskottets
1210 180 164 32 utlåtande
1398 179 52 32 Nr
1474 180 72 30 117.

394 271 116 32 utöva
551 268 118 46 något
710 277 81 24 som
819 262 98 37 helst
945 260 209 51 inflytande
1182 260 30 40 i,
1223 258 186 38 avseende
1437 260 48 48 på
1514 261 114 33 sättet
1657 256 57 38 för
1742 253 255 52 styckningen

396 325 49 31 än
474 317 144 38 mindre
647 318 58 35 för
732 314 284 50 bebyggandet.

526 369 222 36 Sedermera
789 367 67 36 har
894 365 359 37 drätselkammaren
1281 364 13 35 i
1321 362 154 36 Kalmar
1504 362 11 35 i
1544 361 183 36 skrivelse
1756 359 56 36 till
1840 358 155 36 domän-

398 421 186 49 styrelsen
625 419 222 50 ytterligare
889 416 206 37 framhållit
1136 415 151 37 stadens
1321 414 146 36 önskan
1496 418 55 31 att
1579 412 175 36 förvärva
1781 410 86 36 hela
1895 408 63 36 det
1986 407 12 36 i

397 472 264 49 ansökningen
690 469 163 38 avsedda
881 468 168 37 området
1078 480 45 23 av
1151 466 220 49 Tallhagen.

526 524 17 36 I
585 522 256 38 ovanberörda
882 521 57 36 till
980 519 144 49 Kungl.
1168 519 106 49 Maj:t
1302 517 158 49 ingivna
1487 516 71 37 och
1587 515 56 36 till
1672 511 327 51 domänstyrelsen

396 575 265 38 överlämnade
690 573 260 47 ansökningar
980 572 82 36 från
1090 577 151 43 torpare
1268 569 120 36 under
1416 568 238 49 egendomen
1682 566 99 36 hava

528 628 74 35 dels
644 624 246 38 förenämnda
931 623 228 36 innehavare
1198 634 46 23 av
1272 626 134 43 torpen
1436 618 309 45 Svensknabben,
1774 615 225 48 Brändtorp,

401 678 285 48 Oxhagstorpet
713 677 71 35 och
812 674 308 48 Funkabotorpet
1147 678 97 31 samt
1271 672 47 35 H.
1349 670 183 37 Karlsson
1561 672 21 34 å
1610 674 125 43 torpet
1762 667 123 46 Moen,
1916 665 85 37 med

400 730 208 49 anledning
636 729 128 45 därav,
794 732 55 31 att
873 727 108 36 deras
1000 726 158 49 ingivna
1178 723 258 49 ansökningar
1456 727 54 32 att
1529 722 37 36 få
1585 722 139 47 inköpa
1744 719 83 37 sina
1845 717 155 50 respek-

398 783 78 37 tive
513 780 310 51 torplägenheter
850 779 109 37 blivit
988 777 206 49 avstyrkta,
1224 776 71 37 och
1324 775 85 37 med
1437 773 243 38 bestridande
1710 786 45 23 av
1782 777 55 30 att
1865 771 46 36 de
1939 769 62 37 vid

399 834 207 37 eventuellt
633 833 75 47 köp
738 831 121 37 skulle
887 831 97 35 hava
1012 829 82 36 haft
1122 831 127 46 någon
1278 828 113 35 tanke
1420 832 54 30 att
1493 826 185 36 avsöndra
1698 823 201 37 tomtdelar
1919 822 82 35 från

401 892 146 42 torpen,
577 883 166 37 samfällt
771 882 155 36 anhållit
953 894 60 23 om
1042 894 53 35 ny
1122 879 207 47 utredning
1355 878 12 35 i
1395 878 145 47 frågan,

531 937 73 35 dels
649 941 176 41 torparen
867 936 20 33 å
930 931 309 45 Svensknabben,
1287 929 227 46 Pettersson,
1557 927 153 36 särskilt
1752 925 151 49 förnyat
1944 923 59 37 sin

401 988 219 47 ansökning
661 999 62 23 om
765 984 251 38 förvärvande
1049 996 46 23 av
1123 983 103 36 detta
1254 987 83 43 torp
1366 980 86 37 med
1480 977 274 38 framhållande
1784 990 45 22 av
1858 980 145 44 torpets

401 1040 87 48 läge
516 1039 12 36 i
556 1039 183 35 utkanten
769 1050 46 22 av
843 1035 236 50 egendomen
1108 1034 70 36 och
1206 1033 62 36 det
1296 1032 162 50 myckna
1486 1031 127 36 arbete
1642 1030 74 36 han
1736 1028 83 37 med
1841 1027 162 49 tillhjälp

403 1104 47 22 av
479 1088 440 48 familjemedlemmarna
947 1087 156 47 nedlagt
1130 1089 20 32 å
1178 1089 137 43 torpet,

534 1142 74 35 dels
636 1142 61 34 ock
725 1145 176 43 torparen
931 1141 20 32 å
978 1137 225 47 Brändtorp,
1235 1135 140 49 Ljung,
1404 1134 153 36 särskilt
1584 1154 50 5 —
1663 1131 85 37 med
1778 1131 147 36 erinran
1949 1134 56 30 att

403 1192 467 51 uppskattningsmännen
898 1188 182 49 tillstyrkt
1107 1194 144 42 torpets
1279 1185 228 49 försäljning
1531 1184 55 37 till
1606 1184 139 36 honom
1765 1204 50 5 —
1836 1176 167 59 anhållit,

404 1252 57 30 att
501 1245 64 36 vid
606 1242 236 38 bedömande
880 1255 46 23 av
955 1241 96 36 hans
1080 1239 217 49 ansökning
1324 1239 149 47 hänsyn
1501 1239 117 34 måtte
1647 1242 109 43 tagas
1786 1234 136 46 därtill,
1952 1238 54 31 att

404 1303 126 43 torpet
570 1296 100 36 varit
698 1295 11 36 i
738 1308 143 23 samma
923 1293 98 37 släkt
1061 1292 117 36 under
1216 1293 46 34 66
1293 1293 60 33 års
1382 1290 67 47 tid,
1478 1288 188 37 därunder
1695 1288 62 36 det
1784 1286 107 37 blivit
1919 1284 86 37 med

405 1348 129 37 arbete
576 1347 71 36 och
689 1346 112 36 möda
829 1346 58 35 fill
916 1350 95 31 stort
1039 1344 158 47 omfång
1224 1342 183 49 uppodlat
1435 1341 70 36 och
1534 1340 136 36 försatt
1697 1339 12 35 i
1738 1338 63 36 det
1828 1337 178 49 prydliga

404 1400 119 47 skick,
566 1399 63 36 det
671 1411 50 23 nu
762 1397 97 36 hade
902 1396 56 36 till
995 1396 102 35 såväl
1120 1394 87 48 jord
1235 1406 81 23 som
1344 1393 84 45 hus,
1458 1397 97 31 samt
1584 1396 54 30 att
1666 1391 86 45 han,
1784 1389 114 48 fattig
1925 1400 81 24 som

405 1451 76 36 han
510 1463 101 34 vore,
642 1449 209 48 omöjligen
880 1447 125 36 kunde
1033 1447 125 36 betala
1187 1446 62 35 det
1277 1445 102 48 höga
1406 1443 90 50 pris,
1525 1455 81 24 som
1636 1445 116 33 åsatts
1781 1445 133 44 torpet.

537 1501 108 38 Ovan
688 1499 249 38 omförmälda
979 1498 214 48 ansökning
1235 1511 47 22 av
1322 1496 154 36 Kalmar
1504 1508 76 36 nya
1603 1490 406 52 järnvägsaktiebolag

407 1568 120 34 avser,
571 1559 55 31 att
662 1553 155 48 bolaget
845 1552 121 36 skulle
994 1551 57 36 för
1078 1549 234 48 utvidgning
1340 1561 46 23 av
1415 1547 156 36 Kalmar
1594 1544 329 50 järnvägsstation
1950 1542 58 36 till

407 1605 179 37 mötande
631 1618 46 22 av
715 1617 46 23 en
789 1603 153 46 väntad,
973 1603 160 47 alltjämt
1161 1600 155 48 stegrad
1345 1598 261 48 trafikökning
1633 1597 179 36 förvärva
1840 1595 62 36 det
1930 1607 77 22 om-

406 1657 103 46 råde,
540 1670 81 22 som
652 1659 20 33 å
700 1668 47 23 en
777 1654 263 49 ansökningen
1069 1652 168 49 bifogad,
1267 1665 46 22 av
1334 1650 424 36 distriktslantmätaren
1777 1647 35 36 J.
1835 1645 174 38 Gezelius

408 1712 40 33 år
479 1710 97 35 1913
606 1706 203 51 upprättad
830 1707 108 35 karta
957 1705 206 36 inneslutes
1184 1717 46 22 av
1248 1700 445 39 Kalmar—Emmaboda
1712 1699 71 36 och
1804 1698 205 36 Kalmar—

407 1760 138 37 Torsås
570 1760 208 48 järnvägar
806 1758 83 36 från
917 1757 207 36 viadukten
1152 1755 56 37 till
1228 1754 345 37 verkstadstomten
1593 1752 71 36 och
1684 1750 221 37 betecknats
1925 1748 85 36 med

407 1813 192 48 figurerna
627 1813 113 44 4—9,
771 1809 234 37 omfattande
1034 1822 46 23 en
1108 1808 99 36 areal
1235 1820 46 23 av
1312 1809 18 33 7
1361 1806 133 35 hektar
1512 1806 86 34 42.6
1622 1817 49 22 ar.
1727 1802 17 36 I
1769 1800 241 38 betraktande

410 1864 127 46 därav,
567 1868 55 31 att
650 1861 171 37 området
849 1861 30 48 ej
911 1873 90 23 vore
1029 1864 123 31 avsett
1179 1858 57 36 till
1263 1857 343 48 byggnadstomter
1632 1854 69 36 och
1720 1854 30 49 ej
1774 1854 11 35 i
1806 1854 57 35 sin
1883 1852 128 36 helhet

409 1914 232 37 omedelbart
670 1913 127 36 kunde
825 1919 108 41 tagas
962 1912 12 35 i
1003 1911 106 46 bruk,
1138 1915 92 31 utan
1258 1922 89 23 vore
1367 1913 127 31 ämnat
1514 1911 55 31 att
1588 1907 212 35 successive
1820 1903 191 37 användas

409 1966 57 35 till
505 1979 46 23 en
589 1965 114 48 gods-
740 1964 71 36 och
847 1961 402 50 rangeringsbangård
1283 1961 69 35 och
1382 1958 157 38 sålunda
1566 1958 150 35 komme
1746 1962 53 30 att
1826 1956 103 49 tjäna
1958 1960 54 30 ett

409 2017 289 49 allmännyttigt
726 2015 185 41 ändamål,
941 2014 68 36 har
1037 2014 154 47 bolaget
1219 2012 166 46 anhållit,
1417 2015 54 31 att
1499 2009 170 37 området
1698 2010 115 34 måtte
1836 2007 175 49 upplåtas

410 2075 92 30 utan
544 2068 225 47 ersättning,
804 2070 47 46 på
880 2071 75 31 sätt
983 2078 156 23 numera
1166 2064 97 49 ägde
1291 2077 84 22 rum
1403 2063 12 35 i
1442 2062 109 48 fråga
1579 2074 62 22 om
1670 2059 120 48 mark,
1820 2072 81 23 som
1929 2057 82 36 från

411 2120 302 36 kronodomäner
741 2118 237 37 erfordrades
1008 2117 58 36 för
1079 2114 437 51 järnvägsanläggning,
1537 2112 100 46 eller,
1659 2112 124 36 därest
1805 2111 106 36 detta
1930 2108 82 37 icke

411 2172 127 36 kunde
578 2171 163 47 bifallas,
784 2176 79 30 mot
902 2175 54 31 ett
997 2169 76 48 pris
1112 2177 46 27 av
1189 2168 110 46 1,200
1327 2167 142 35 kronor
1496 2178 68 36 per
1591 2163 134 37 hektar
1754 2163 87 36 eller
1869 2174 144 24 samma

412 2224 89 48 pris,
541 2237 81 23 som
660 2226 117 33 åsatts
811 2235 46 23 en
886 2222 55 36 till
969 2220 156 37 Kalmar
1152 2217 417 47 verkstadsaktiebolag
1592 2215 153 49 jämlikt
1772 2213 131 49 nådigt
1922 2212 92 37 brev

413 2275 72 36 den
515 2277 46 34 23
592 2275 72 49 maj
699 2276 97 34 1902
826 2273 141 37 försåld
996 2278 95 31 tomt
1119 2285 60 23 om
1210 2272 20 35 5
1260 2271 134 36 hektar
1425 2271 158 34 12.9492
1616 2281 50 22 ar.
