2218 2642
691 150 345 34 Jordbruksutskottets
1061 151 163 33 utlåtande
1247 152 53 32 Nr
1322 153 73 31 117.
1760 154 39 31 15

240 231 96 32 även
382 227 229 51 försäljning
648 243 47 23 av
744 232 21 34 å
807 230 106 36 karta
959 231 168 48 angivna
1172 231 271 49 lägenheterna
1484 245 45 23 nr
1574 231 158 37 IX—XI
1774 233 69 36 och

239 278 253 39 XII—XVII
520 282 57 35 till
605 295 99 35 resp.
734 282 231 36 innehavare
993 291 80 27 mot
1101 283 77 36 viss
1207 283 222 49 förhöjning
1456 284 12 35 i
1497 284 62 36 det
1583 298 46 21 av
1647 285 196 48 uppskatt-

240 330 282 48 ningsmännen
551 333 218 49 föreslagna
788 334 381 48 försäljningspriset.
1213 334 160 37 Stadens
1393 340 178 31 ävensom
1591 336 251 48 villaägarnas

240 382 262 50 ansökningar
539 384 97 37 hava
677 384 209 37 emellertid
922 391 91 30 utan
1052 391 174 31 närmare
1263 386 229 49 motivering
1521 387 189 48 avstyrkts
1739 388 104 35 såväl

240 445 47 24 av
324 433 328 51 domänstyrelsen
680 449 82 23 som
792 436 431 48 departementschefen,
1253 437 126 37 vilken
1408 451 130 23 senare
1565 444 136 42 yttrar:
1744 438 99 37 ”Kal-

239 497 81 23 mar
347 486 104 36 stads
480 488 172 36 ansökan
681 493 55 30 att
763 488 178 35 förvärva
969 493 55 31 ett
1052 488 154 37 område
1236 502 46 22 av
1305 488 208 49 'Tallhagen
1533 503 47 22 m.
1603 503 47 22 m.
1672 490 54 35 till
1746 490 97 36 folk-

239 536 95 48 park
372 537 59 36 för
468 539 154 36 stadens
663 538 242 44 innevånare,
949 539 122 36 finner
1106 540 72 49 jag
1217 540 224 48 visserligen
1480 553 90 23 vara
1597 542 244 47 synnerligen

238 586 289 40 beaktansvärd.
559 590 106 37 Dock
694 603 109 24 anser
826 590 71 49 jag
915 590 12 36 i
946 590 119 37 likhet
1085 591 85 36 med
1189 591 324 50 domänstyrelsen
1538 592 63 36 det
1619 606 89 22 vara
1728 593 113 36 önsk-

238 643 85 32 värt
370 646 54 31 att
467 648 121 31 staten
631 642 83 37 icke
742 656 51 22 nu
831 642 193 37 avhänder
1061 643 61 48 sig
1158 643 104 37 detta
1298 643 163 46 område,
1500 643 70 37 och
1607 644 114 49 syftet
1756 644 85 37 med

232 691 157 38 stadens
432 694 171 37 ansökan
644 694 106 37 torde
798 694 76 36 tills
911 694 131 37 vidare
1085 695 139 36 likaväl
1267 695 128 36 kunna
1435 695 136 37 vinnas
1611 709 137 35 genom
1790 702 52 31 ett

238 744 169 45 arrende,
435 748 48 47 på
512 751 74 31 sätt
615 746 327 48 domänstyrelsen
971 747 103 35 ställt
1102 747 11 35 i
1142 747 128 36 utsikt.
1326 748 59 34 Av
1413 747 197 36 enahanda
1634 747 80 36 skäl
1733 761 108 23 anser

227 794 77 48 jag
331 797 82 47 mig
440 797 84 36 icke
551 797 118 36 heller
697 798 129 35 kunna
862 797 202 48 tillstyrka,
1102 804 54 30 att
1184 798 46 36 de
1259 801 20 33 å
1307 798 211 48 Tallhagen
1546 799 160 48 belägna
1734 800 105 35 villa-

236 846 370 49 tomtlägenheterna
633 848 214 37 IX—XVII
875 861 51 23 nu
953 849 199 49 försäljas.'

367 898 56 37 Då
451 899 207 37 emellertid
678 900 156 36 Kalmar
853 899 83 37 stad
957 900 59 36 för
1030 900 269 37 realiserandet
1313 914 47 23 av
1374 901 85 36 dess
1475 901 199 36 invånares
1694 902 145 36 önskan

237 953 55 32 att
329 950 141 37 erhålla
506 964 47 23 en
581 951 174 49 folkpark
784 951 132 37 endast
944 956 41 31 är
1013 952 185 36 hänvisad
1228 953 55 35 till
1313 966 51 22 nu
1392 953 292 48 ifrågavarande
1717 959 123 31 staten

236 999 196 51 tillhöriga
460 1003 165 47 område,
643 1016 86 23 men
750 1003 132 36 staden
903 1003 193 49 svårligen
1111 1004 75 36 kan
1201 1009 134 31 väntas
1348 1017 88 23 vara
1451 1005 109 48 villig
1577 1004 190 49 nedlägga
1784 1005 56 36 för

235 1052 166 47 parkens
440 1053 194 38 ordnande
672 1054 246 49 erforderliga
955 1055 204 37 kostnader
1191 1058 21 33 å
1241 1055 116 47 mark,
1386 1056 126 36 vartill
1542 1056 132 36 staden
1703 1056 137 37 saknar

235 1104 234 49 äganderätt,
500 1106 69 36 och
598 1106 103 36 detta
730 1109 40 33 så
799 1107 152 47 mycket
979 1106 159 47 mindre,
1168 1120 80 23 som
1277 1107 110 36 dessa
1414 1107 204 37 kostnader
1646 1108 12 36 i
1686 1108 68 36 och
1783 1109 57 35 för

235 1156 243 38 strändernas
517 1157 205 48 ordnande,
757 1158 217 49 muddring,
1013 1159 247 48 byggnaders
1296 1159 236 49 uppförande
1570 1173 47 22 m.
1652 1174 48 21 m.
1729 1160 109 36 bleve

235 1208 149 47 ganska
418 1209 216 49 avsevärda,
672 1210 107 36 torde
812 1215 54 31 ett
902 1210 11 36 i
951 1211 120 36 utsikt
1109 1211 103 36 ställt
1240 1211 155 36 arrende
1424 1211 229 49 näppeligen
1681 1212 157 48 bidraga

235 1258 57 36 till
319 1260 156 49 frågans
503 1262 164 47 lösning,
696 1262 133 36 varvid
857 1262 148 49 hänsyn
1034 1267 97 31 även
1160 1265 119 34 måste
1308 1268 109 42 tagas
1436 1263 58 36 till
1513 1263 73 36 den
1606 1264 232 48 omständig-

234 1309 126 49 heten,
399 1318 67 42 att,
501 1313 46 36 då
571 1314 13 35 i
603 1313 182 37 händelse
813 1327 46 22 av
886 1314 166 48 platsens
1082 1314 231 49 upplåtande
1340 1317 48 46 på
1417 1314 155 37 arrende
1600 1315 56 35 till
1684 1315 155 36 Kalmar

235 1362 84 36 stad
358 1363 221 37 densamma
620 1365 83 36 icke
731 1364 75 36 kan
834 1365 152 36 komma
1013 1365 120 36 under
1161 1365 152 37 stadens
1337 1366 258 48 jurisdiktion,
1626 1372 52 30 ett
1706 1366 132 36 sådant

235 1412 236 40 förhållande
500 1415 107 37 torde
636 1416 172 37 medföra
835 1416 191 49 åtskilliga
1055 1417 258 48 olägenheter.
1370 1416 198 50 9Svårligen
1597 1418 104 36 torde
1719 1418 120 36 heller

234 1467 120 47 några
392 1466 165 37 bärande
594 1467 82 36 skäl
713 1481 90 23 vara
839 1473 55 31 att
931 1468 133 36 anföra
1102 1474 79 30 mot
1218 1473 55 32 ett
1309 1468 327 49 tillmötesgående
1664 1482 46 22 av
1740 1470 97 35 förut

234 1517 166 36 nämnda
427 1519 228 48 villaägares
685 1519 147 36 önskan
861 1524 55 31 att
943 1519 37 36 få
1007 1519 142 49 inköpa
1179 1533 45 22 av
1248 1520 84 36 dem
1352 1534 51 22 nu
1423 1520 247 49 disponerade
1690 1526 146 31 tomter.

234 1567 85 37 Med
347 1568 150 51 hänsyn
525 1570 56 36 till
610 1570 63 36 det
702 1571 247 48 synnerligen
977 1570 339 49 behjärtansvärda
1345 1572 103 35 såväl
1477 1572 11 35 i
1517 1572 116 49 syftet
1660 1572 84 36 med
1764 1578 74 30 sta-

234 1618 94 38 dens
356 1620 283 50 framställning
667 1635 83 23 som
779 1622 163 36 nämnda
970 1622 229 49 villaägares
1228 1623 191 48 naturliga
1447 1623 147 36 önskan
1617 1629 50 31 att
1685 1623 152 37 komma

233 1670 12 36 i
284 1671 211 51 besittning
533 1687 47 22 av
617 1674 46 37 de
702 1674 231 49 lägenheter,
971 1677 117 46 varpå
1122 1674 46 37 de
1196 1675 157 49 nedlagt
1380 1675 215 49 betydande
1622 1675 214 48 kostnader,

233 1722 57 36 får
314 1724 71 48 jag
412 1725 199 36 hemställa
639 1747 51 5 —
720 1747 45 4 —
796 1738 72 23 —>»

364 1775 134 37 Såsom
527 1777 84 36 stöd
641 1777 59 36 för
728 1776 72 37 den
830 1777 235 37 sistnämnda
1094 1778 195 36 motionen
1317 1778 67 36 har
1412 1778 160 36 anförts:

365 1827 39 36 »I
432 1828 143 49 Kungl.
607 1824 128 54 Maj:ts
764 1829 140 49 nådiga
932 1829 238 49 proposition
1200 1843 44 22 nr
1275 1831 69 35 181
1375 1829 55 36 till
1459 1830 254 37 innevarande
1741 1830 95 37 riks-

232 1877 77 49 dag
350 1880 199 48 avstyrkes
591 1893 46 23 en
680 1881 83 35 från
805 1880 156 37 Kalmar
990 1881 84 36 stad
1103 1881 113 48 gjord
1246 1881 281 48 framställning
1555 1895 61 23 om
1644 1882 116 49 inköp
1789 1896 46 21 av

232 1934 53 31 ett
311 1931 95 36 visst
436 1931 151 37 område
617 1945 46 23 av
692 1932 236 49 egendomen
957 1932 226 49 Tallhagen,
1214 1938 120 31 avsett
1355 1938 52 31 att
1429 1933 191 36 användas
1641 1946 79 23 som
1741 1934 96 36 folk-

230 1982 107 48 park,
367 1987 179 32 ävensom
589 1983 114 49 gjord
745 1984 281 48 framställning
1063 1997 47 23 av
1138 1989 190 44 torparna,
1357 1984 164 50 lydande
1549 1985 117 37 under
1694 1999 142 22 samma

231 2033 201 49 egendom,
454 2040 55 31 att
537 2035 37 36 få
602 2035 151 49 friköpa
782 2035 83 37 sina
892 2042 95 42 torp.

361 2086 62 36 Av
451 2100 46 23 en
527 2100 47 23 av
603 2087 359 37 drätselkammaren
990 2088 12 35 i
1030 2087 159 37 Kalmar
1212 2088 85 36 stad
1318 2088 165 48 avgiven
1503 2088 179 37 skrivelse
1701 2089 11 35 i
1733 2093 102 32 ären-

230 2135 63 37 det
320 2137 182 49 framgår,
533 2143 55 31 att
615 2139 157 36 Kalmar
814 2139 84 36 stad
939 2144 92 43 äger
1058 2140 93 48 föga
1180 2140 90 36 eller
1296 2140 117 48 ingen
1442 2140 163 49 tillgång
1632 2144 47 46 på
1708 2140 129 48 skogs-

230 2188 120 49 mark,
388 2202 82 24 som
512 2190 75 36 kan
625 2193 58 33 stå
711 2191 57 35 till
797 2190 154 37 stadens
979 2192 247 36 innevånares
1256 2191 225 49 förfogande
1508 2192 117 36 under
1653 2192 72 37 den
1753 2206 83 22 var-

229 2253 102 24 mare
374 2241 179 48 årstiden,
600 2245 49 46 på
694 2243 128 36 vilken
864 2242 46 37 de
950 2243 130 36 kunna
1109 2243 109 49 njuta
1247 2243 192 36 friluftsliv
1467 2244 70 36 och
1566 2244 179 36 förskaffa
1777 2245 59 46 sig
