2214 2642
433 157 39 31 10
839 157 344 32 Jordbruksutskottets
1206 156 164 32 utlåtande
1394 155 53 33 Nr
1470 157 72 31 117.

385 241 138 45 syntes
566 236 209 37 emellertid
818 236 264 49 kronofogden
1111 236 199 49 olämpligt
1340 240 54 32 att
1421 242 84 31 rent
1535 250 46 22 av
1610 235 134 49 tvinga
1773 249 47 23 en
1848 241 149 44 torpare

387 289 38 35 in
454 290 48 47 på
530 288 306 49 tomtjobberiets
866 288 162 37 område.
1084 288 275 47 Kronofogden
1387 288 69 36 har
1475 288 127 35 därför
1622 293 123 31 ansett
1764 286 233 49 lämpligast,

385 345 57 30 att
480 339 109 36 dessa
636 340 319 35 sistomförmälda
997 339 180 36 områden
1218 339 146 36 utlades
1402 340 12 34 i
1442 344 151 41 tomter,
1625 351 80 24 som
1736 338 115 37 sedan
1880 337 117 37 borde

386 390 186 49 försäljas.

518 442 149 49 Kungl.
711 442 126 50 Maj:ts
881 440 404 49 befallningshavande
1320 441 67 36 har
1428 440 141 38 erinrat
1597 441 141 46 därom,
1769 445 55 31 att
1851 440 144 48 Kungl.

387 494 129 49 Maj:ts
538 494 404 48 befallningshavande
961 494 12 35 i
989 494 65 35 sitt
1070 492 264 37 ovannämnda
1349 492 191 37 utlåtande
1559 492 204 46 hemställt,
1785 498 55 30 att
1862 498 135 42 torpen

388 545 163 49 Nymåla
595 545 69 36 och
700 546 163 47 Brotorp
906 547 116 34 måtte
1063 545 173 47 försäljas
1271 547 20 33 å
1320 544 175 48 offentlig
1524 544 155 35 auktion
1708 543 70 36 och
1807 544 32 47 ej
1871 546 126 33 såsom

385 609 105 35 egna
517 596 99 36 hem.
673 596 56 36 De
758 596 104 36 delar
890 609 46 23 av
964 596 111 35 dessa
1103 601 96 43 torp,
1221 608 81 23 som
1322 594 157 37 Kalmar
1498 608 76 36 nya
1587 594 410 49 järnvägsaktiebolag

386 647 139 49 begärt
554 652 56 32 att
639 647 37 37 få
705 647 58 37 till
791 648 61 48 sig
879 647 195 50 upplåtna,
1104 652 131 44 syntes
1263 649 48 47 på
1339 646 125 49 grund
1493 659 47 23 av
1567 646 104 49 läget
1699 645 139 37 mellan
1866 645 46 37 de
1932 648 65 34 två

379 700 354 49 järnvägslinjerna
747 713 92 23 vara
854 699 146 37 mindre
1019 698 198 49 begärliga
1237 701 124 34 såsom
1381 697 350 51 byggnadsplatser
1751 697 70 37 och
1837 698 109 36 alltså
1962 698 31 49 ej

387 757 75 43 äga
482 754 40 34 så
542 752 94 48 högt
652 752 212 36 tomtvärde
881 763 81 25 som
979 751 45 36 de
1040 751 128 36 utmed
1185 750 236 48 landsvägen
1437 750 165 48 belägna
1617 750 154 36 delarna
1786 763 46 22 av
1846 755 149 43 torpen.

388 803 183 36 Däremot
600 809 130 42 syntes
760 803 45 37 de
834 816 46 23 av
907 803 155 48 bolaget
1090 802 167 48 begärda
1285 802 203 36 områdena
1515 802 247 48 synnerligen
1791 801 59 36 väl
1870 801 126 48 lämpa

389 855 62 47 sig
476 854 60 36 för
565 855 64 35 det
658 868 46 22 av
733 853 153 49 bolaget
914 853 199 49 uppgivna
1142 853 184 36 ändamål.
1383 853 56 35 Då
1469 852 127 37 vidare
1625 852 125 36 behov
1778 852 102 35 inom
1910 852 86 35 kort

389 906 222 48 antagligen
653 906 121 36 skulle
808 907 139 48 uppstå
975 905 59 36 för
1060 904 155 48 stadens
1244 905 204 48 järnvägar
1477 909 54 31 att
1559 908 74 44 äga
1661 903 166 49 tillgång
1855 903 59 36 till
1943 908 54 31 ett

388 957 159 49 rymligt
589 958 152 36 område
783 957 59 37 för
884 956 301 49 tillgodoseende
1228 970 46 22 av
1315 956 46 37 de
1402 956 12 36 i
1450 955 266 49 ansökningen
1746 954 251 37 omförmälda

388 1008 250 47 trafikbehov,
681 1009 68 36 har
786 1009 139 49 Kungl.
955 1008 126 50 Maj:ts
1109 1007 405 49 befallningshavande
1542 1007 197 49 tillstyrkt,
1769 1012 57 31 att
1855 1006 46 37 de
1929 1006 65 36 be-

386 1060 121 48 gärda
548 1060 202 36 områdena
787 1063 115 34 måtte
940 1062 174 47 upplåtas
1143 1059 56 36 till
1228 1059 167 36 sökande
1424 1058 164 48 bolaget.
1644 1058 86 36 Med
1759 1058 151 49 hänsyn
1939 1057 56 36 till

387 1112 64 36 det
478 1112 151 36 relativt
657 1111 102 49 höga
789 1112 239 36 markvärdet
1057 1117 129 43 syntes
1215 1110 95 37 dock
1340 1110 203 37 områdena
1572 1110 32 49 ej
1632 1110 130 36 kunna
1781 1123 47 23 av
1848 1110 147 35 kronan

389 1166 126 33 avstås
558 1169 89 31 utan
689 1164 221 49 ersättning.
967 1163 139 49 Kungl.
1151 1162 128 50 Maj:ts
1321 1161 407 50 befallningshavande
1756 1161 68 36 har
1851 1161 12 36 1
1892 1161 104 36 detta

386 1215 189 37 avseende
617 1215 130 37 biträtt
794 1215 408 37 domänintendentens
1245 1215 155 47 förslag.
1444 1236 50 4 —
1534 1213 17 36 I
1586 1213 223 48 anslutning
1837 1213 57 36 till
1922 1212 73 36 vad

389 1267 141 47 Kungl.
575 1267 126 49 Maj:ts
744 1266 410 49 befallningshavande
1195 1267 12 35 i
1249 1267 65 35 sitt
1356 1266 100 35 förut
1496 1266 165 47 avgivna
1698 1264 177 49 yttrande
1905 1270 91 31 över

388 1318 487 48 uppskattningsmännens
917 1317 275 49 ursprungliga
1235 1317 146 48 förslag
1423 1316 124 36 anfört
1589 1316 68 35 har
1695 1316 141 48 Kungl.
1865 1315 129 48 Maj:ts

387 1368 408 49 befallningshavande
823 1369 205 46 hemställt,
1060 1374 54 30 att
1143 1368 408 36 domänintendentens
1572 1367 144 48 förslag
1735 1380 61 23 om
1817 1367 63 36 det
1900 1369 94 33 åter-

386 1420 160 37 stående
576 1421 186 36 områdets
800 1434 46 23 av
874 1421 163 49 Nymåla
1066 1420 70 36 och
1165 1420 162 48 Brotorp
1349 1417 226 51 försäljning
1595 1418 56 37 till
1672 1418 220 37 Pettersson
1911 1418 83 36 icke

389 1474 118 34 måtte
536 1472 115 36 vinna
671 1472 223 37 beaktande.
950 1472 73 36 Det
1043 1477 129 44 syntes
1193 1472 169 36 däremot
1382 1471 129 36 kunna
1530 1470 255 48 ifrågasättas,
1806 1469 188 36 huruvida

387 1523 83 36 icke
513 1524 234 36 sistnämnda
791 1524 246 48 synnerligen
1076 1523 226 48 välbelägna
1335 1522 152 37 område
1515 1522 126 35 kunde
1670 1521 84 36 med
1784 1521 132 45 fördel,
1945 1522 49 46 på

385 1579 78 31 sätt
503 1575 264 49 kronofogden
805 1575 211 48 föreslagit,
1057 1588 46 22 av
1139 1574 145 36 kronan
1320 1574 154 48 styckas
1508 1573 12 35 i
1548 1572 346 49 byggnadstomter
1923 1571 70 37 och

385 1626 185 50 försäljas.

517 1678 85 36 Med
632 1678 268 37 föranledande
931 1692 46 22 av
1005 1678 72 36 vad
1097 1677 144 48 Kungl.
1263 1677 125 49 Maj:ts
1407 1675 407 49 befallningshavande
1837 1675 159 36 sålunda

388 1730 134 36 uttalat
564 1731 209 36 anmodade
815 1730 326 49 domänstyrelsen
1174 1729 143 48 Kungl.
1347 1728 126 49 Maj:ts
1502 1727 408 49 befallningshavande
1939 1732 55 30 att

388 1782 223 36 föranstalta
649 1794 58 24 om
737 1782 251 48 uppgörande
1018 1795 45 22 av
1100 1781 145 48 förslag
1285 1780 57 36 till
1371 1780 208 49 styckning
1607 1780 12 35 i
1647 1778 347 49 byggnadstomter

388 1846 47 23 av
478 1833 45 36 de
565 1834 142 35 arealer
743 1846 46 23 av
817 1838 135 43 torpen
981 1833 162 49 Nymåla
1171 1832 70 36 och
1269 1832 174 48 Brotorp,
1473 1844 80 23 som
1582 1830 120 36 skulle
1730 1832 139 34 återstå
1898 1830 96 36 efter

384 1885 212 36 eventuellt
641 1884 232 50 upplåtande
916 1885 56 36 till
1010 1884 342 50 järnvägsbolaget
1399 1896 46 22 av
1493 1882 72 37 den
1613 1881 168 48 begärda
1825 1881 166 36 marken.

392 1936 142 49 Kungl.
578 1936 126 49 Maj:ts
745 1936 409 49 befallningshavande
1195 1936 68 35 har
1305 1934 164 37 därefter
1512 1934 234 36 överlämnat
1784 1946 46 23 av
1859 1933 133 36 veder-

386 1988 169 36 börande
596 1989 388 48 uppskattningsmän
1026 1988 181 49 uppgjort
1248 1987 144 47 förslag
1432 1987 12 35 i
1482 1986 103 36 detta
1626 1985 99 49 syfte
1754 1984 84 37 med
1868 1984 125 36 därtill

388 2039 167 36 hörande
584 2039 239 49 handlingar,
841 2039 196 37 däribland
1066 2039 107 36 karta
1202 2043 89 32 över
1319 2038 72 36 den
1410 2037 216 49 föreslagna
1646 2036 346 47 tomtindelningen

387 2090 86 37 med
517 2104 46 23 av
604 2091 424 36 distriktslantmätaren
1072 2090 35 37 J.
1139 2089 175 38 Gezelius
1346 2088 202 51 upprättad
1577 2088 249 48 beskrivning
1854 2087 137 36 därtill.

518 2143 133 48 Enligt
679 2143 102 36 detta
810 2143 146 48 förslag
984 2142 122 36 skulle
1135 2142 62 36 det
1217 2141 110 36 söder
1346 2154 61 23 om
1431 2139 447 37 Kalmar—Emmaboda
1893 2139 98 48 järn-

387 2199 75 43 väg
503 2194 163 49 belägna
700 2195 170 36 området
899 2208 46 23 av
973 2200 135 44 torpen
1137 2193 163 50 Nymåla
1329 2193 70 36 och
1428 2193 159 48 Brotorp
1616 2191 184 50 uppdelas
1829 2191 12 36 i
1869 2190 124 37 nedan
