<?xml version="1.0" encoding="UTF-8"?>
<alto xmlns="http://www.loc.gov/standards/alto/ns-v3#" xmlns:xlink="http://www.w3.org/1999/xlink" xmlns:xsi="http://www.w3.org/2001/XMLSchema-instance" xsi:schemaLocation="http://www.loc.gov/standards/alto/ns-v3# http://www.loc.gov/alto/v3/alto-3-0.xsd">
	<Description>
		<MeasurementUnit>pixel</MeasurementUnit>
		<sourceImageInformation>
			<fileName>/tmp/tess_tz_q5mk2_input.PNG</fileName>
		</sourceImageInformation>
		<OCRProcessing ID="OCR_0">
			<ocrProcessingStep>
				<processingSoftware>
					<softwareName>tesseract 5.3.0</softwareName>
				</processingSoftware>
			</ocrProcessingStep>
		</OCRProcessing>
	</Description>
	<Layout>
		<Page WIDTH="2174" HEIGHT="2618" PHYSICAL_IMG_NR="0" ID="page_0">
			<PrintSpace HPOS="0" VPOS="0" WIDTH="2174" HEIGHT="2618">
				<ComposedBlock ID="cblock_0" HPOS="451" VPOS="204" WIDTH="1155" HEIGHT="41">
					<TextBlock ID="block_0" HPOS="451" VPOS="204" WIDTH="1155" HEIGHT="41">
						<TextLine ID="line_0" HPOS="451" VPOS="204" WIDTH="1155" HEIGHT="41">
							<String ID="string_0" HPOS="451" VPOS="208" WIDTH="17" HEIGHT="27" WC="0.96" CONTENT="2"/><SP WIDTH="362" VPOS="208" HPOS="468"/>
							<String ID="string_1" HPOS="830" VPOS="204" WIDTH="377" HEIGHT="41" WC="0.89" CONTENT="Bevillningsutskottets"/><SP WIDTH="25" VPOS="204" HPOS="1207"/>
							<String ID="string_2" HPOS="1232" VPOS="204" WIDTH="212" HEIGHT="32" WC="0.95" CONTENT="Betänkande"/><SP WIDTH="26" VPOS="204" HPOS="1444"/>
							<String ID="string_3" HPOS="1470" VPOS="206" WIDTH="64" HEIGHT="30" WC="0.90" CONTENT="N:o"/><SP WIDTH="22" VPOS="206" HPOS="1534"/>
							<String ID="string_4" HPOS="1556" VPOS="207" WIDTH="50" HEIGHT="30" WC="0.95" CONTENT="47."/>
						</TextLine>
					</TextBlock>
				</ComposedBlock>
				<ComposedBlock ID="cblock_1" HPOS="410" VPOS="289" WIDTH="1617" HEIGHT="1364">
					<TextBlock ID="block_1" HPOS="410" VPOS="289" WIDTH="1615" HEIGHT="909">
						<TextLine ID="line_1" HPOS="411" VPOS="289" WIDTH="1607" HEIGHT="51">
							<String ID="string_5" HPOS="411" VPOS="290" WIDTH="171" HEIGHT="49" WC="0.91" CONTENT="dagarne"/><SP WIDTH="28" VPOS="290" HPOS="582"/>
							<String ID="string_6" HPOS="610" VPOS="290" WIDTH="56" HEIGHT="36" WC="0.95" CONTENT="till"/><SP WIDTH="29" VPOS="290" HPOS="666"/>
							<String ID="string_7" HPOS="695" VPOS="290" WIDTH="70" HEIGHT="37" WC="0.95" CONTENT="och"/><SP WIDTH="29" VPOS="290" HPOS="765"/>
							<String ID="string_8" HPOS="794" VPOS="290" WIDTH="85" HEIGHT="37" WC="0.96" CONTENT="med"/><SP WIDTH="29" VPOS="290" HPOS="879"/>
							<String ID="string_9" HPOS="908" VPOS="290" WIDTH="11" HEIGHT="36" WC="0.95" CONTENT="1"/><SP WIDTH="29" VPOS="290" HPOS="919"/>
							<String ID="string_10" HPOS="948" VPOS="289" WIDTH="203" HEIGHT="38" WC="0.96" CONTENT="skrifvelse"/><SP WIDTH="28" VPOS="289" HPOS="1151"/>
							<String ID="string_11" HPOS="1179" VPOS="290" WIDTH="58" HEIGHT="37" WC="0.95" CONTENT="till"/><SP WIDTH="28" VPOS="290" HPOS="1237"/>
							<String ID="string_12" HPOS="1265" VPOS="291" WIDTH="142" HEIGHT="49" WC="0.95" CONTENT="Kungl."/><SP WIDTH="29" VPOS="291" HPOS="1407"/>
							<String ID="string_13" HPOS="1436" VPOS="291" WIDTH="108" HEIGHT="48" WC="0.96" CONTENT="Maj:t"/><SP WIDTH="27" VPOS="291" HPOS="1544"/>
							<String ID="string_14" HPOS="1571" VPOS="292" WIDTH="210" HEIGHT="36" WC="0.93" CONTENT="framhållit"/><SP WIDTH="26" VPOS="292" HPOS="1781"/>
							<String ID="string_15" HPOS="1807" VPOS="292" WIDTH="211" HEIGHT="37" WC="0.92" CONTENT="önskvärd-"/>
						</TextLine>
						<TextLine ID="line_2" HPOS="411" VPOS="341" WIDTH="1610" HEIGHT="51">
							<String ID="string_16" HPOS="411" VPOS="341" WIDTH="118" HEIGHT="36" WC="0.96" CONTENT="heten"/><SP WIDTH="45" VPOS="341" HPOS="529"/>
							<String ID="string_17" HPOS="574" VPOS="341" WIDTH="41" HEIGHT="36" WC="0.95" CONTENT="af"/><SP WIDTH="37" VPOS="341" HPOS="615"/>
							<String ID="string_18" HPOS="652" VPOS="345" WIDTH="55" HEIGHT="32" WC="0.95" CONTENT="att"/><SP WIDTH="37" VPOS="345" HPOS="707"/>
							<String ID="string_19" HPOS="744" VPOS="341" WIDTH="173" HEIGHT="37" WC="0.96" CONTENT="försvåra"/><SP WIDTH="42" VPOS="341" HPOS="917"/>
							<String ID="string_20" HPOS="959" VPOS="341" WIDTH="217" HEIGHT="37" WC="0.96" CONTENT="åtkomsten"/><SP WIDTH="42" VPOS="341" HPOS="1176"/>
							<String ID="string_21" HPOS="1218" VPOS="342" WIDTH="41" HEIGHT="36" WC="0.96" CONTENT="af"/><SP WIDTH="37" VPOS="342" HPOS="1259"/>
							<String ID="string_22" HPOS="1296" VPOS="342" WIDTH="35" HEIGHT="36" WC="0.95" CONTENT="öl"/><SP WIDTH="41" VPOS="342" HPOS="1331"/>
							<String ID="string_23" HPOS="1372" VPOS="342" WIDTH="58" HEIGHT="36" WC="0.95" CONTENT="för"/><SP WIDTH="41" VPOS="342" HPOS="1430"/>
							<String ID="string_24" HPOS="1471" VPOS="355" WIDTH="48" HEIGHT="23" WC="0.95" CONTENT="en"/><SP WIDTH="42" VPOS="355" HPOS="1519"/>
							<String ID="string_25" HPOS="1561" VPOS="342" WIDTH="164" HEIGHT="37" WC="0.96" CONTENT="särskild"/><SP WIDTH="39" VPOS="342" HPOS="1725"/>
							<String ID="string_26" HPOS="1764" VPOS="343" WIDTH="174" HEIGHT="49" WC="0.96" CONTENT="kategori"/><SP WIDTH="41" VPOS="343" HPOS="1938"/>
							<String ID="string_27" HPOS="1979" VPOS="342" WIDTH="42" HEIGHT="37" WC="0.96" CONTENT="af"/>
						</TextLine>
						<TextLine ID="line_3" HPOS="410" VPOS="391" WIDTH="1611" HEIGHT="51">
							<String ID="string_28" HPOS="410" VPOS="391" WIDTH="267" HEIGHT="49" WC="0.96" CONTENT="medborgare,"/><SP WIDTH="43" VPOS="391" HPOS="677"/>
							<String ID="string_29" HPOS="720" VPOS="391" WIDTH="195" HEIGHT="49" WC="0.96" CONTENT="nämligen"/><SP WIDTH="42" VPOS="391" HPOS="915"/>
							<String ID="string_30" HPOS="957" VPOS="393" WIDTH="151" HEIGHT="35" WC="0.96" CONTENT="arméns"/><SP WIDTH="42" VPOS="393" HPOS="1108"/>
							<String ID="string_31" HPOS="1150" VPOS="392" WIDTH="199" HEIGHT="47" WC="0.94" CONTENT="manskap."/><SP WIDTH="57" VPOS="392" HPOS="1349"/>
							<String ID="string_32" HPOS="1406" VPOS="392" WIDTH="72" HEIGHT="37" WC="0.95" CONTENT="Om"/><SP WIDTH="40" VPOS="392" HPOS="1478"/>
							<String ID="string_33" HPOS="1518" VPOS="393" WIDTH="125" HEIGHT="36" WC="0.95" CONTENT="denna"/><SP WIDTH="43" VPOS="393" HPOS="1643"/>
							<String ID="string_34" HPOS="1686" VPOS="393" WIDTH="110" HEIGHT="49" WC="0.96" CONTENT="fråga"/><SP WIDTH="29" VPOS="393" HPOS="1796"/>
							<String ID="string_35" HPOS="1825" VPOS="393" WIDTH="101" HEIGHT="36" WC="0.96" CONTENT="skall"/><SP WIDTH="24" VPOS="393" HPOS="1926"/>
							<String ID="string_36" HPOS="1950" VPOS="393" WIDTH="71" HEIGHT="48" WC="0.96" CONTENT="jag"/>
						</TextLine>
						<TextLine ID="line_4" HPOS="411" VPOS="441" WIDTH="1609" HEIGHT="51">
							<String ID="string_37" HPOS="411" VPOS="441" WIDTH="99" HEIGHT="37" WC="0.96" CONTENT="dock"/><SP WIDTH="28" VPOS="441" HPOS="510"/>
							<String ID="string_38" HPOS="538" VPOS="442" WIDTH="68" HEIGHT="36" WC="0.96" CONTENT="här"/><SP WIDTH="27" VPOS="442" HPOS="606"/>
							<String ID="string_39" HPOS="633" VPOS="442" WIDTH="34" HEIGHT="48" WC="0.96" CONTENT="ej"/><SP WIDTH="29" VPOS="442" HPOS="667"/>
							<String ID="string_40" HPOS="696" VPOS="442" WIDTH="121" HEIGHT="36" WC="0.96" CONTENT="uttala"/><SP WIDTH="27" VPOS="442" HPOS="817"/>
							<String ID="string_41" HPOS="844" VPOS="442" WIDTH="79" HEIGHT="48" WC="0.96" CONTENT="mig"/><SP WIDTH="28" VPOS="442" HPOS="923"/>
							<String ID="string_42" HPOS="951" VPOS="442" WIDTH="131" HEIGHT="37" WC="0.96" CONTENT="vidare"/><SP WIDTH="29" VPOS="442" HPOS="1082"/>
							<String ID="string_43" HPOS="1111" VPOS="448" WIDTH="47" HEIGHT="30" WC="0.96" CONTENT="än"/><SP WIDTH="29" VPOS="448" HPOS="1158"/>
							<String ID="string_44" HPOS="1187" VPOS="448" WIDTH="56" HEIGHT="31" WC="0.96" CONTENT="att"/><SP WIDTH="27" VPOS="448" HPOS="1243"/>
							<String ID="string_45" HPOS="1270" VPOS="443" WIDTH="153" HEIGHT="49" WC="0.93" CONTENT="antyda,"/><SP WIDTH="28" VPOS="443" HPOS="1423"/>
							<String ID="string_46" HPOS="1451" VPOS="443" WIDTH="182" HEIGHT="37" WC="0.92" CONTENT="hurusom"/><SP WIDTH="21" VPOS="443" HPOS="1633"/>
							<String ID="string_47" HPOS="1654" VPOS="443" WIDTH="88" HEIGHT="37" WC="0.96" CONTENT="dess"/><SP WIDTH="18" VPOS="443" HPOS="1742"/>
							<String ID="string_48" HPOS="1760" VPOS="443" WIDTH="168" HEIGHT="49" WC="0.96" CONTENT="lyckliga"/><SP WIDTH="20" VPOS="443" HPOS="1928"/>
							<String ID="string_49" HPOS="1948" VPOS="444" WIDTH="72" HEIGHT="36" WC="0.96" CONTENT="och"/>
						</TextLine>
						<TextLine ID="line_5" HPOS="411" VPOS="492" WIDTH="1608" HEIGHT="51">
							<String ID="string_50" HPOS="411" VPOS="492" WIDTH="252" HEIGHT="49" WC="0.96" CONTENT="fullständiga"/><SP WIDTH="33" VPOS="492" HPOS="663"/>
							<String ID="string_51" HPOS="696" VPOS="492" WIDTH="153" HEIGHT="48" WC="0.96" CONTENT="lösning"/><SP WIDTH="27" VPOS="492" HPOS="849"/>
							<String ID="string_52" HPOS="876" VPOS="493" WIDTH="185" HEIGHT="48" WC="0.96" CONTENT="möjligen"/><SP WIDTH="29" VPOS="493" HPOS="1061"/>
							<String ID="string_53" HPOS="1090" VPOS="493" WIDTH="116" HEIGHT="36" WC="0.96" CONTENT="borde"/><SP WIDTH="31" VPOS="493" HPOS="1206"/>
							<String ID="string_54" HPOS="1237" VPOS="493" WIDTH="183" HEIGHT="44" WC="0.96" CONTENT="medföra,"/><SP WIDTH="30" VPOS="493" HPOS="1420"/>
							<String ID="string_55" HPOS="1450" VPOS="498" WIDTH="55" HEIGHT="31" WC="0.93" CONTENT="att"/><SP WIDTH="27" VPOS="498" HPOS="1505"/>
							<String ID="string_56" HPOS="1532" VPOS="494" WIDTH="424" HEIGHT="49" WC="0.91" CONTENT="utskänkningsställen"/><SP WIDTH="29" VPOS="494" HPOS="1956"/>
							<String ID="string_57" HPOS="1985" VPOS="494" WIDTH="34" HEIGHT="48" WC="0.96" CONTENT="ej"/>
						</TextLine>
						<TextLine ID="line_6" HPOS="412" VPOS="543" WIDTH="1609" HEIGHT="50">
							<String ID="string_58" HPOS="412" VPOS="546" WIDTH="62" HEIGHT="33" WC="0.95" CONTENT="må"/><SP WIDTH="37" VPOS="546" HPOS="474"/>
							<String ID="string_59" HPOS="511" VPOS="543" WIDTH="123" HEIGHT="36" WC="0.96" CONTENT="finnas"/><SP WIDTH="42" VPOS="543" HPOS="634"/>
							<String ID="string_60" HPOS="676" VPOS="543" WIDTH="237" HEIGHT="36" WC="0.96" CONTENT="omedelbart"/><SP WIDTH="39" VPOS="543" HPOS="913"/>
							<String ID="string_61" HPOS="952" VPOS="544" WIDTH="152" HEIGHT="36" WC="0.93" CONTENT="utanför"/><SP WIDTH="41" VPOS="544" HPOS="1104"/>
							<String ID="string_62" HPOS="1145" VPOS="543" WIDTH="362" HEIGHT="38" WC="0.91" CONTENT="kasernområdena."/><SP WIDTH="55" VPOS="543" HPOS="1507"/>
							<String ID="string_63" HPOS="1562" VPOS="544" WIDTH="75" HEIGHT="37" WC="0.95" CONTENT="För"/><SP WIDTH="33" VPOS="544" HPOS="1637"/>
							<String ID="string_64" HPOS="1670" VPOS="545" WIDTH="118" HEIGHT="48" WC="0.96" CONTENT="öfrigt"/><SP WIDTH="28" VPOS="545" HPOS="1788"/>
							<String ID="string_65" HPOS="1816" VPOS="550" WIDTH="40" HEIGHT="31" WC="0.96" CONTENT="är"/><SP WIDTH="25" VPOS="550" HPOS="1856"/>
							<String ID="string_66" HPOS="1881" VPOS="544" WIDTH="64" HEIGHT="37" WC="0.96" CONTENT="det"/><SP WIDTH="28" VPOS="544" HPOS="1945"/>
							<String ID="string_67" HPOS="1973" VPOS="558" WIDTH="48" HEIGHT="23" WC="0.96" CONTENT="en"/>
						</TextLine>
						<TextLine ID="line_7" HPOS="415" VPOS="593" WIDTH="1607" HEIGHT="51">
							<String ID="string_68" HPOS="415" VPOS="593" WIDTH="102" HEIGHT="37" WC="0.96" CONTENT="känd"/><SP WIDTH="45" VPOS="593" HPOS="517"/>
							<String ID="string_69" HPOS="562" VPOS="593" WIDTH="80" HEIGHT="47" WC="0.96" CONTENT="sak,"/><SP WIDTH="40" VPOS="593" HPOS="642"/>
							<String ID="string_70" HPOS="682" VPOS="599" WIDTH="55" HEIGHT="31" WC="0.96" CONTENT="att"/><SP WIDTH="41" VPOS="599" HPOS="737"/>
							<String ID="string_71" HPOS="778" VPOS="599" WIDTH="54" HEIGHT="31" WC="0.93" CONTENT="ett"/><SP WIDTH="26" VPOS="599" HPOS="832"/>
							<String ID="string_72" HPOS="858" VPOS="594" WIDTH="423" HEIGHT="49" WC="0.92" CONTENT="utskänkningsställes"/><SP WIDTH="29" VPOS="594" HPOS="1281"/>
							<String ID="string_73" HPOS="1310" VPOS="594" WIDTH="86" HEIGHT="49" WC="0.96" CONTENT="läge"/><SP WIDTH="35" VPOS="594" HPOS="1396"/>
							<String ID="string_74" HPOS="1431" VPOS="599" WIDTH="41" HEIGHT="32" WC="0.96" CONTENT="är"/><SP WIDTH="28" VPOS="599" HPOS="1472"/>
							<String ID="string_75" HPOS="1500" VPOS="595" WIDTH="41" HEIGHT="36" WC="0.96" CONTENT="af"/><SP WIDTH="26" VPOS="595" HPOS="1541"/>
							<String ID="string_76" HPOS="1567" VPOS="600" WIDTH="140" HEIGHT="32" WC="0.96" CONTENT="största"/><SP WIDTH="27" VPOS="600" HPOS="1707"/>
							<String ID="string_77" HPOS="1734" VPOS="595" WIDTH="200" HEIGHT="49" WC="0.95" CONTENT="betydelse"/><SP WIDTH="28" VPOS="595" HPOS="1934"/>
							<String ID="string_78" HPOS="1962" VPOS="595" WIDTH="60" HEIGHT="36" WC="0.96" CONTENT="för"/>
						</TextLine>
						<TextLine ID="line_8" HPOS="413" VPOS="644" WIDTH="1608" HEIGHT="49">
							<String ID="string_79" HPOS="413" VPOS="644" WIDTH="242" HEIGHT="36" WC="0.95" CONTENT="frekvensen."/><SP WIDTH="55" VPOS="644" HPOS="655"/>
							<String ID="string_80" HPOS="710" VPOS="644" WIDTH="57" HEIGHT="36" WC="0.96" CONTENT="De"/><SP WIDTH="42" VPOS="644" HPOS="767"/>
							<String ID="string_81" HPOS="809" VPOS="644" WIDTH="282" HEIGHT="49" WC="0.96" CONTENT="myndigheter,"/><SP WIDTH="35" VPOS="644" HPOS="1091"/>
							<String ID="string_82" HPOS="1126" VPOS="658" WIDTH="81" HEIGHT="22" WC="0.96" CONTENT="som"/><SP WIDTH="31" VPOS="658" HPOS="1207"/>
							<String ID="string_83" HPOS="1238" VPOS="645" WIDTH="108" HEIGHT="36" WC="0.93" CONTENT="skola"/><SP WIDTH="28" VPOS="645" HPOS="1346"/>
							<String ID="string_84" HPOS="1374" VPOS="645" WIDTH="196" HEIGHT="48" WC="0.91" CONTENT="medgifva"/><SP WIDTH="28" VPOS="645" HPOS="1570"/>
							<String ID="string_85" HPOS="1598" VPOS="645" WIDTH="423" HEIGHT="48" WC="0.91" CONTENT="utskänkningsrättig-"/>
						</TextLine>
						<TextLine ID="line_9" HPOS="413" VPOS="694" WIDTH="1608" HEIGHT="48">
							<String ID="string_86" HPOS="413" VPOS="694" WIDTH="121" HEIGHT="47" WC="0.96" CONTENT="heter,"/><SP WIDTH="41" VPOS="694" HPOS="534"/>
							<String ID="string_87" HPOS="575" VPOS="694" WIDTH="139" HEIGHT="37" WC="0.96" CONTENT="beakta"/><SP WIDTH="40" VPOS="694" HPOS="714"/>
							<String ID="string_88" HPOS="754" VPOS="695" WIDTH="146" HEIGHT="36" WC="0.95" CONTENT="kanske"/><SP WIDTH="42" VPOS="695" HPOS="900"/>
							<String ID="string_89" HPOS="942" VPOS="695" WIDTH="107" HEIGHT="36" WC="0.95" CONTENT="detta"/><SP WIDTH="40" VPOS="695" HPOS="1049"/>
							<String ID="string_90" HPOS="1089" VPOS="695" WIDTH="251" HEIGHT="46" WC="0.96" CONTENT="förhållande,"/><SP WIDTH="42" VPOS="695" HPOS="1340"/>
							<String ID="string_91" HPOS="1382" VPOS="709" WIDTH="87" HEIGHT="23" WC="0.96" CONTENT="men"/><SP WIDTH="35" VPOS="709" HPOS="1469"/>
							<String ID="string_92" HPOS="1504" VPOS="709" WIDTH="87" HEIGHT="23" WC="0.95" CONTENT="man"/><SP WIDTH="29" VPOS="709" HPOS="1591"/>
							<String ID="string_93" HPOS="1620" VPOS="709" WIDTH="62" HEIGHT="23" WC="0.95" CONTENT="ser"/><SP WIDTH="27" VPOS="709" HPOS="1682"/>
							<String ID="string_94" HPOS="1709" VPOS="696" WIDTH="109" HEIGHT="46" WC="0.96" CONTENT="dock,"/><SP WIDTH="30" VPOS="696" HPOS="1818"/>
							<String ID="string_95" HPOS="1848" VPOS="696" WIDTH="96" HEIGHT="35" WC="0.96" CONTENT="huru"/><SP WIDTH="30" VPOS="696" HPOS="1944"/>
							<String ID="string_96" HPOS="1974" VPOS="696" WIDTH="47" HEIGHT="36" WC="0.96" CONTENT="de"/>
						</TextLine>
						<TextLine ID="line_10" HPOS="415" VPOS="744" WIDTH="1607" HEIGHT="50">
							<String ID="string_97" HPOS="415" VPOS="744" WIDTH="157" HEIGHT="37" WC="0.93" CONTENT="enklare"/><SP WIDTH="39" VPOS="744" HPOS="572"/>
							<String ID="string_98" HPOS="611" VPOS="744" WIDTH="453" HEIGHT="49" WC="0.91" CONTENT="utskänkningsställena"/><SP WIDTH="37" VPOS="744" HPOS="1064"/>
							<String ID="string_99" HPOS="1101" VPOS="758" WIDTH="136" HEIGHT="36" WC="0.96" CONTENT="smyga"/><SP WIDTH="30" VPOS="758" HPOS="1237"/>
							<String ID="string_100" HPOS="1267" VPOS="746" WIDTH="60" HEIGHT="48" WC="0.96" CONTENT="sig"/><SP WIDTH="27" VPOS="746" HPOS="1327"/>
							<String ID="string_101" HPOS="1354" VPOS="749" WIDTH="42" HEIGHT="33" WC="0.96" CONTENT="så"/><SP WIDTH="24" VPOS="749" HPOS="1396"/>
							<String ID="string_102" HPOS="1420" VPOS="751" WIDTH="92" HEIGHT="31" WC="0.96" CONTENT="nära"/><SP WIDTH="27" VPOS="751" HPOS="1512"/>
							<String ID="string_103" HPOS="1539" VPOS="759" WIDTH="81" HEIGHT="23" WC="0.96" CONTENT="som"/><SP WIDTH="31" VPOS="759" HPOS="1620"/>
							<String ID="string_104" HPOS="1651" VPOS="746" WIDTH="151" HEIGHT="48" WC="0.95" CONTENT="möjligt"/><SP WIDTH="27" VPOS="746" HPOS="1802"/>
							<String ID="string_105" HPOS="1829" VPOS="746" WIDTH="99" HEIGHT="36" WC="0.93" CONTENT="intill"/><SP WIDTH="28" VPOS="746" HPOS="1928"/>
							<String ID="string_106" HPOS="1956" VPOS="746" WIDTH="66" HEIGHT="36" WC="0.92" CONTENT="ka-"/>
						</TextLine>
						<TextLine ID="line_11" HPOS="415" VPOS="795" WIDTH="1606" HEIGHT="51">
							<String ID="string_107" HPOS="415" VPOS="808" WIDTH="133" HEIGHT="23" WC="0.91" CONTENT="serner"/><SP WIDTH="33" VPOS="808" HPOS="548"/>
							<String ID="string_108" HPOS="581" VPOS="795" WIDTH="71" HEIGHT="37" WC="0.96" CONTENT="och"/><SP WIDTH="28" VPOS="795" HPOS="652"/>
							<String ID="string_109" HPOS="680" VPOS="795" WIDTH="180" HEIGHT="46" WC="0.96" CONTENT="fabriker,"/><SP WIDTH="29" VPOS="795" HPOS="860"/>
							<String ID="string_110" HPOS="889" VPOS="795" WIDTH="140" HEIGHT="37" WC="0.96" CONTENT="medan"/><SP WIDTH="28" VPOS="795" HPOS="1029"/>
							<String ID="string_111" HPOS="1057" VPOS="796" WIDTH="46" HEIGHT="36" WC="0.96" CONTENT="de"/><SP WIDTH="28" VPOS="796" HPOS="1103"/>
							<String ID="string_112" HPOS="1131" VPOS="796" WIDTH="119" HEIGHT="36" WC="0.96" CONTENT="finare"/><SP WIDTH="28" VPOS="796" HPOS="1250"/>
							<String ID="string_113" HPOS="1278" VPOS="796" WIDTH="133" HEIGHT="49" WC="0.96" CONTENT="intaga"/><SP WIDTH="28" VPOS="796" HPOS="1411"/>
							<String ID="string_114" HPOS="1439" VPOS="796" WIDTH="202" HEIGHT="37" WC="0.96" CONTENT="städernas"/><SP WIDTH="29" VPOS="796" HPOS="1641"/>
							<String ID="string_115" HPOS="1670" VPOS="796" WIDTH="110" HEIGHT="37" WC="0.96" CONTENT="bästa"/><SP WIDTH="28" VPOS="796" HPOS="1780"/>
							<String ID="string_116" HPOS="1808" VPOS="796" WIDTH="112" HEIGHT="50" WC="0.96" CONTENT="lägen"/><SP WIDTH="30" VPOS="796" HPOS="1920"/>
							<String ID="string_117" HPOS="1950" VPOS="796" WIDTH="71" HEIGHT="36" WC="0.96" CONTENT="och"/>
						</TextLine>
						<TextLine ID="line_12" HPOS="415" VPOS="846" WIDTH="1607" HEIGHT="49">
							<String ID="string_118" HPOS="415" VPOS="846" WIDTH="48" HEIGHT="36" WC="0.96" CONTENT="de"/><SP WIDTH="41" VPOS="846" HPOS="463"/>
							<String ID="string_119" HPOS="504" VPOS="846" WIDTH="201" HEIGHT="37" WC="0.96" CONTENT="vackraste"/><SP WIDTH="42" VPOS="846" HPOS="705"/>
							<String ID="string_120" HPOS="747" VPOS="846" WIDTH="217" HEIGHT="49" WC="0.96" CONTENT="punkterna"/><SP WIDTH="38" VPOS="846" HPOS="964"/>
							<String ID="string_121" HPOS="1002" VPOS="847" WIDTH="10" HEIGHT="35" WC="0.96" CONTENT="i"/><SP WIDTH="42" VPOS="847" HPOS="1012"/>
							<String ID="string_122" HPOS="1054" VPOS="846" WIDTH="110" HEIGHT="36" WC="0.93" CONTENT="deras"/><SP WIDTH="35" VPOS="846" HPOS="1164"/>
							<String ID="string_123" HPOS="1199" VPOS="846" WIDTH="275" HEIGHT="49" WC="0.91" CONTENT="omgifningar."/><SP WIDTH="55" VPOS="846" HPOS="1474"/>
							<String ID="string_124" HPOS="1529" VPOS="847" WIDTH="87" HEIGHT="36" WC="0.96" CONTENT="Men"/><SP WIDTH="30" VPOS="847" HPOS="1616"/>
							<String ID="string_125" HPOS="1646" VPOS="847" WIDTH="80" HEIGHT="36" WC="0.96" CONTENT="ofta"/><SP WIDTH="27" VPOS="847" HPOS="1726"/>
							<String ID="string_126" HPOS="1753" VPOS="847" WIDTH="129" HEIGHT="37" WC="0.93" CONTENT="träder"/><SP WIDTH="29" VPOS="847" HPOS="1882"/>
							<String ID="string_127" HPOS="1911" VPOS="847" WIDTH="111" HEIGHT="36" WC="0.92" CONTENT="sträf-"/>
						</TextLine>
						<TextLine ID="line_13" HPOS="415" VPOS="896" WIDTH="1608" HEIGHT="50">
							<String ID="string_128" HPOS="415" VPOS="896" WIDTH="144" HEIGHT="37" WC="0.92" CONTENT="vandet"/><SP WIDTH="28" VPOS="896" HPOS="559"/>
							<String ID="string_129" HPOS="587" VPOS="902" WIDTH="53" HEIGHT="31" WC="0.96" CONTENT="att"/><SP WIDTH="27" VPOS="902" HPOS="640"/>
							<String ID="string_130" HPOS="667" VPOS="896" WIDTH="170" HEIGHT="50" WC="0.96" CONTENT="förflytta"/><SP WIDTH="27" VPOS="896" HPOS="837"/>
							<String ID="string_131" HPOS="864" VPOS="902" WIDTH="53" HEIGHT="31" WC="0.93" CONTENT="ett"/><SP WIDTH="30" VPOS="902" HPOS="917"/>
							<String ID="string_132" HPOS="947" VPOS="896" WIDTH="398" HEIGHT="49" WC="0.91" CONTENT="utskänkningsställe"/><SP WIDTH="29" VPOS="896" HPOS="1345"/>
							<String ID="string_133" HPOS="1374" VPOS="898" WIDTH="84" HEIGHT="36" WC="0.96" CONTENT="från"/><SP WIDTH="30" VPOS="898" HPOS="1458"/>
							<String ID="string_134" HPOS="1488" VPOS="911" WIDTH="47" HEIGHT="23" WC="0.95" CONTENT="en"/><SP WIDTH="24" VPOS="911" HPOS="1535"/>
							<String ID="string_135" HPOS="1559" VPOS="898" WIDTH="113" HEIGHT="48" WC="0.95" CONTENT="plats,"/><SP WIDTH="25" VPOS="898" HPOS="1672"/>
							<String ID="string_136" HPOS="1697" VPOS="897" WIDTH="68" HEIGHT="37" WC="0.97" CONTENT="där"/><SP WIDTH="27" VPOS="897" HPOS="1765"/>
							<String ID="string_137" HPOS="1792" VPOS="897" WIDTH="65" HEIGHT="36" WC="0.93" CONTENT="det"/><SP WIDTH="14" VPOS="897" HPOS="1857"/>
							<String ID="string_138" HPOS="1871" VPOS="897" WIDTH="152" HEIGHT="37" WC="0.92" CONTENT="utöfvar"/>
						</TextLine>
						<TextLine ID="line_14" HPOS="416" VPOS="947" WIDTH="1606" HEIGHT="49">
							<String ID="string_139" HPOS="416" VPOS="952" WIDTH="234" HEIGHT="43" WC="0.90" CONTENT="ogynnsamt"/><SP WIDTH="34" VPOS="952" HPOS="650"/>
							<String ID="string_140" HPOS="684" VPOS="947" WIDTH="223" HEIGHT="49" WC="0.95" CONTENT="inflytande,"/><SP WIDTH="29" VPOS="947" HPOS="907"/>
							<String ID="string_141" HPOS="936" VPOS="950" WIDTH="49" HEIGHT="46" WC="0.96" CONTENT="på"/><SP WIDTH="28" VPOS="950" HPOS="985"/>
							<String ID="string_142" HPOS="1013" VPOS="952" WIDTH="54" HEIGHT="32" WC="0.96" CONTENT="ett"/><SP WIDTH="28" VPOS="952" HPOS="1067"/>
							<String ID="string_143" HPOS="1095" VPOS="947" WIDTH="135" HEIGHT="37" WC="0.96" CONTENT="hinder"/><SP WIDTH="29" VPOS="947" HPOS="1230"/>
							<String ID="string_144" HPOS="1259" VPOS="948" WIDTH="42" HEIGHT="36" WC="0.95" CONTENT="af"/><SP WIDTH="24" VPOS="948" HPOS="1301"/>
							<String ID="string_145" HPOS="1325" VPOS="947" WIDTH="158" HEIGHT="37" WC="0.95" CONTENT="alldeles"/><SP WIDTH="31" VPOS="947" HPOS="1483"/>
							<String ID="string_146" HPOS="1514" VPOS="948" WIDTH="164" HEIGHT="36" WC="0.96" CONTENT="särskild"/><SP WIDTH="28" VPOS="948" HPOS="1678"/>
							<String ID="string_147" HPOS="1706" VPOS="953" WIDTH="128" HEIGHT="31" WC="0.96" CONTENT="natur:"/><SP WIDTH="30" VPOS="953" HPOS="1834"/>
							<String ID="string_148" HPOS="1864" VPOS="948" WIDTH="158" HEIGHT="36" WC="0.96" CONTENT="marken"/>
						</TextLine>
						<TextLine ID="line_15" HPOS="415" VPOS="997" WIDTH="1608" HEIGHT="50">
							<String ID="string_149" HPOS="415" VPOS="997" WIDTH="131" HEIGHT="37" WC="0.96" CONTENT="tillhör"/><SP WIDTH="28" VPOS="997" HPOS="546"/>
							<String ID="string_150" HPOS="574" VPOS="1003" WIDTH="138" HEIGHT="40" WC="0.96" CONTENT="staten,"/><SP WIDTH="29" VPOS="1003" HPOS="712"/>
							<String ID="string_151" HPOS="741" VPOS="1011" WIDTH="81" HEIGHT="23" WC="0.96" CONTENT="som"/><SP WIDTH="31" VPOS="1011" HPOS="822"/>
							<String ID="string_152" HPOS="853" VPOS="1004" WIDTH="77" HEIGHT="29" WC="0.92" CONTENT="mot"/><SP WIDTH="28" VPOS="1004" HPOS="930"/>
							<String ID="string_153" HPOS="958" VPOS="998" WIDTH="131" HEIGHT="48" WC="0.92" CONTENT="afgäld"/><SP WIDTH="28" VPOS="998" HPOS="1089"/>
							<String ID="string_154" HPOS="1117" VPOS="998" WIDTH="178" HEIGHT="49" WC="0.96" CONTENT="upplåter"/><SP WIDTH="27" VPOS="998" HPOS="1295"/>
							<String ID="string_155" HPOS="1322" VPOS="998" WIDTH="235" HEIGHT="37" WC="0.95" CONTENT="densamma."/><SP WIDTH="53" VPOS="998" HPOS="1557"/>
							<String ID="string_156" HPOS="1610" VPOS="998" WIDTH="74" HEIGHT="37" WC="0.95" CONTENT="Det"/><SP WIDTH="21" VPOS="998" HPOS="1684"/>
							<String ID="string_157" HPOS="1705" VPOS="999" WIDTH="122" HEIGHT="36" WC="0.95" CONTENT="skulle"/><SP WIDTH="19" VPOS="999" HPOS="1827"/>
							<String ID="string_158" HPOS="1846" VPOS="998" WIDTH="177" HEIGHT="37" WC="0.96" CONTENT="förefalla"/>
						</TextLine>
						<TextLine ID="line_16" HPOS="417" VPOS="1048" WIDTH="1608" HEIGHT="49">
							<String ID="string_159" HPOS="417" VPOS="1048" WIDTH="277" HEIGHT="49" WC="0.96" CONTENT="egendomligt,"/><SP WIDTH="42" VPOS="1048" HPOS="694"/>
							<String ID="string_160" HPOS="736" VPOS="1061" WIDTH="60" HEIGHT="23" WC="0.96" CONTENT="om"/><SP WIDTH="31" VPOS="1061" HPOS="796"/>
							<String ID="string_161" HPOS="827" VPOS="1053" WIDTH="137" HEIGHT="41" WC="0.95" CONTENT="staten,"/><SP WIDTH="30" VPOS="1053" HPOS="964"/>
							<String ID="string_162" HPOS="994" VPOS="1061" WIDTH="80" HEIGHT="23" WC="0.95" CONTENT="som"/><SP WIDTH="31" VPOS="1061" HPOS="1074"/>
							<String ID="string_163" HPOS="1105" VPOS="1048" WIDTH="183" HEIGHT="48" WC="0.96" CONTENT="möjligen"/><SP WIDTH="28" VPOS="1048" HPOS="1288"/>
							<String ID="string_164" HPOS="1316" VPOS="1049" WIDTH="173" HEIGHT="36" WC="0.96" CONTENT="kommer"/><SP WIDTH="29" VPOS="1049" HPOS="1489"/>
							<String ID="string_165" HPOS="1518" VPOS="1054" WIDTH="55" HEIGHT="31" WC="0.93" CONTENT="att"/><SP WIDTH="28" VPOS="1054" HPOS="1573"/>
							<String ID="string_166" HPOS="1601" VPOS="1049" WIDTH="194" HEIGHT="37" WC="0.92" CONTENT="anbefalla"/><SP WIDTH="27" VPOS="1049" HPOS="1795"/>
							<String ID="string_167" HPOS="1822" VPOS="1049" WIDTH="203" HEIGHT="36" WC="0.92" CONTENT="inskränk-"/>
						</TextLine>
						<TextLine ID="line_17" HPOS="418" VPOS="1098" WIDTH="1607" HEIGHT="49">
							<String ID="string_168" HPOS="418" VPOS="1099" WIDTH="96" HEIGHT="48" WC="0.94" CONTENT="ning"/><SP WIDTH="27" VPOS="1099" HPOS="514"/>
							<String ID="string_169" HPOS="541" VPOS="1098" WIDTH="11" HEIGHT="36" WC="0.94" CONTENT="i"/><SP WIDTH="29" VPOS="1098" HPOS="552"/>
							<String ID="string_170" HPOS="581" VPOS="1098" WIDTH="92" HEIGHT="37" WC="0.96" CONTENT="eller"/><SP WIDTH="28" VPOS="1098" HPOS="673"/>
							<String ID="string_171" HPOS="701" VPOS="1098" WIDTH="178" HEIGHT="48" WC="0.96" CONTENT="förbjuda"/><SP WIDTH="29" VPOS="1098" HPOS="879"/>
							<String ID="string_172" HPOS="908" VPOS="1099" WIDTH="200" HEIGHT="47" WC="0.96" CONTENT="servering"/><SP WIDTH="28" VPOS="1099" HPOS="1108"/>
							<String ID="string_173" HPOS="1136" VPOS="1100" WIDTH="41" HEIGHT="35" WC="0.96" CONTENT="af"/><SP WIDTH="24" VPOS="1100" HPOS="1177"/>
							<String ID="string_174" HPOS="1201" VPOS="1098" WIDTH="36" HEIGHT="37" WC="0.95" CONTENT="öl"/><SP WIDTH="28" VPOS="1098" HPOS="1237"/>
							<String ID="string_175" HPOS="1265" VPOS="1098" WIDTH="101" HEIGHT="37" WC="0.95" CONTENT="inom"/><SP WIDTH="30" VPOS="1098" HPOS="1366"/>
							<String ID="string_176" HPOS="1396" VPOS="1105" WIDTH="55" HEIGHT="29" WC="0.93" CONTENT="ett"/><SP WIDTH="28" VPOS="1105" HPOS="1451"/>
							<String ID="string_177" HPOS="1479" VPOS="1100" WIDTH="283" HEIGHT="45" WC="0.91" CONTENT="marketenteri,"/><SP WIDTH="22" VPOS="1100" HPOS="1762"/>
							<String ID="string_178" HPOS="1784" VPOS="1106" WIDTH="105" HEIGHT="30" WC="0.95" CONTENT="strax"/><SP WIDTH="20" VPOS="1106" HPOS="1889"/>
							<String ID="string_179" HPOS="1909" VPOS="1100" WIDTH="11" HEIGHT="35" WC="0.93" CONTENT="i"/><SP WIDTH="20" VPOS="1100" HPOS="1920"/>
							<String ID="string_180" HPOS="1940" VPOS="1104" WIDTH="85" HEIGHT="32" WC="0.91" CONTENT="när-"/>
						</TextLine>
						<TextLine ID="line_18" HPOS="418" VPOS="1148" WIDTH="1531" HEIGHT="50">
							<String ID="string_181" HPOS="418" VPOS="1149" WIDTH="117" HEIGHT="36" WC="0.96" CONTENT="heten"/><SP WIDTH="29" VPOS="1149" HPOS="535"/>
							<String ID="string_182" HPOS="564" VPOS="1149" WIDTH="91" HEIGHT="48" WC="0.96" CONTENT="själf"/><SP WIDTH="24" VPOS="1149" HPOS="655"/>
							<String ID="string_183" HPOS="679" VPOS="1148" WIDTH="177" HEIGHT="50" WC="0.96" CONTENT="upplåter"/><SP WIDTH="30" VPOS="1148" HPOS="856"/>
							<String ID="string_184" HPOS="886" VPOS="1149" WIDTH="65" HEIGHT="35" WC="0.96" CONTENT="sitt"/><SP WIDTH="29" VPOS="1149" HPOS="951"/>
							<String ID="string_185" HPOS="980" VPOS="1148" WIDTH="153" HEIGHT="37" WC="0.96" CONTENT="område"/><SP WIDTH="29" VPOS="1148" HPOS="1133"/>
							<String ID="string_186" HPOS="1162" VPOS="1148" WIDTH="56" HEIGHT="37" WC="0.96" CONTENT="till"/><SP WIDTH="30" VPOS="1148" HPOS="1218"/>
							<String ID="string_187" HPOS="1248" VPOS="1149" WIDTH="230" HEIGHT="49" WC="0.93" CONTENT="fullständig"/><SP WIDTH="28" VPOS="1149" HPOS="1478"/>
							<String ID="string_188" HPOS="1506" VPOS="1150" WIDTH="443" HEIGHT="48" WC="0.92" CONTENT="utskänkningsrörelse."/>
						</TextLine>
					</TextBlock>
					<TextBlock ID="block_2" HPOS="417" VPOS="1199" WIDTH="1610" HEIGHT="454">
						<TextLine ID="line_19" HPOS="553" VPOS="1199" WIDTH="1473" HEIGHT="49">
							<String ID="string_189" HPOS="553" VPOS="1200" WIDTH="73" HEIGHT="36" WC="0.95" CONTENT="Det"/><SP WIDTH="27" VPOS="1200" HPOS="626"/>
							<String ID="string_190" HPOS="653" VPOS="1199" WIDTH="124" HEIGHT="37" WC="0.96" CONTENT="skulle"/><SP WIDTH="29" VPOS="1199" HPOS="777"/>
							<String ID="string_191" HPOS="806" VPOS="1212" WIDTH="90" HEIGHT="23" WC="0.96" CONTENT="vara"/><SP WIDTH="28" VPOS="1212" HPOS="896"/>
							<String ID="string_192" HPOS="924" VPOS="1199" WIDTH="208" HEIGHT="49" WC="0.96" CONTENT="oförenligt"/><SP WIDTH="28" VPOS="1199" HPOS="1132"/>
							<String ID="string_193" HPOS="1160" VPOS="1199" WIDTH="86" HEIGHT="36" WC="0.96" CONTENT="med"/><SP WIDTH="31" VPOS="1199" HPOS="1246"/>
							<String ID="string_194" HPOS="1277" VPOS="1205" WIDTH="146" HEIGHT="31" WC="0.96" CONTENT="statens"/><SP WIDTH="29" VPOS="1205" HPOS="1423"/>
							<String ID="string_195" HPOS="1452" VPOS="1199" WIDTH="186" HEIGHT="49" WC="0.96" CONTENT="ställning"/><SP WIDTH="27" VPOS="1199" HPOS="1638"/>
							<String ID="string_196" HPOS="1665" VPOS="1200" WIDTH="82" HEIGHT="37" WC="0.96" CONTENT="icke"/><SP WIDTH="30" VPOS="1200" HPOS="1747"/>
							<String ID="string_197" HPOS="1777" VPOS="1200" WIDTH="97" HEIGHT="36" WC="0.95" CONTENT="blott"/><SP WIDTH="28" VPOS="1200" HPOS="1874"/>
							<String ID="string_198" HPOS="1902" VPOS="1205" WIDTH="54" HEIGHT="31" WC="0.96" CONTENT="att"/><SP WIDTH="28" VPOS="1205" HPOS="1956"/>
							<String ID="string_199" HPOS="1984" VPOS="1203" WIDTH="42" HEIGHT="33" WC="0.96" CONTENT="så"/>
						</TextLine>
						<TextLine ID="line_20" HPOS="418" VPOS="1250" WIDTH="1607" HEIGHT="49">
							<String ID="string_200" HPOS="418" VPOS="1250" WIDTH="157" HEIGHT="46" WC="0.91" CONTENT="förfara,"/><SP WIDTH="29" VPOS="1250" HPOS="575"/>
							<String ID="string_201" HPOS="604" VPOS="1258" WIDTH="91" HEIGHT="29" WC="0.96" CONTENT="utan"/><SP WIDTH="31" VPOS="1258" HPOS="695"/>
							<String ID="string_202" HPOS="726" VPOS="1250" WIDTH="112" HEIGHT="36" WC="0.96" CONTENT="äfven"/><SP WIDTH="28" VPOS="1250" HPOS="838"/>
							<String ID="string_203" HPOS="866" VPOS="1255" WIDTH="55" HEIGHT="30" WC="0.93" CONTENT="att"/><SP WIDTH="15" VPOS="1255" HPOS="921"/>
							<String ID="string_204" HPOS="936" VPOS="1250" WIDTH="109" HEIGHT="36" WC="0.93" CONTENT="öfver"/><SP WIDTH="15" VPOS="1250" HPOS="1045"/>
							<String ID="string_205" HPOS="1060" VPOS="1250" WIDTH="145" HEIGHT="36" WC="0.96" CONTENT="hufvud"/><SP WIDTH="17" VPOS="1250" HPOS="1205"/>
							<String ID="string_206" HPOS="1222" VPOS="1253" WIDTH="48" HEIGHT="45" WC="0.96" CONTENT="på"/><SP WIDTH="24" VPOS="1253" HPOS="1270"/>
							<String ID="string_207" HPOS="1294" VPOS="1253" WIDTH="116" HEIGHT="45" WC="0.96" CONTENT="något"/><SP WIDTH="16" VPOS="1253" HPOS="1410"/>
							<String ID="string_208" HPOS="1426" VPOS="1255" WIDTH="76" HEIGHT="31" WC="0.96" CONTENT="sätt"/><SP WIDTH="19" VPOS="1255" HPOS="1502"/>
							<String ID="string_209" HPOS="1521" VPOS="1250" WIDTH="121" HEIGHT="49" WC="0.96" CONTENT="draga"/><SP WIDTH="18" VPOS="1250" HPOS="1642"/>
							<String ID="string_210" HPOS="1660" VPOS="1251" WIDTH="103" HEIGHT="36" WC="0.96" CONTENT="vinst"/><SP WIDTH="19" VPOS="1251" HPOS="1763"/>
							<String ID="string_211" HPOS="1782" VPOS="1251" WIDTH="40" HEIGHT="36" WC="0.93" CONTENT="af"/><SP WIDTH="18" VPOS="1251" HPOS="1822"/>
							<String ID="string_212" HPOS="1840" VPOS="1251" WIDTH="185" HEIGHT="36" WC="0.92" CONTENT="utskänk-"/>
						</TextLine>
						<TextLine ID="line_21" HPOS="417" VPOS="1300" WIDTH="1608" HEIGHT="49">
							<String ID="string_213" HPOS="417" VPOS="1300" WIDTH="272" HEIGHT="49" WC="0.90" CONTENT="ningsrörelse."/><SP WIDTH="54" VPOS="1300" HPOS="689"/>
							<String ID="string_214" HPOS="743" VPOS="1300" WIDTH="58" HEIGHT="36" WC="0.96" CONTENT="Då"/><SP WIDTH="27" VPOS="1300" HPOS="801"/>
							<String ID="string_215" HPOS="828" VPOS="1300" WIDTH="213" HEIGHT="37" WC="0.96" CONTENT="emellertid"/><SP WIDTH="28" VPOS="1300" HPOS="1041"/>
							<String ID="string_216" HPOS="1069" VPOS="1301" WIDTH="58" HEIGHT="35" WC="0.96" CONTENT="för"/><SP WIDTH="27" VPOS="1301" HPOS="1127"/>
							<String ID="string_217" HPOS="1154" VPOS="1301" WIDTH="238" HEIGHT="36" WC="0.96" CONTENT="närvarande"/><SP WIDTH="28" VPOS="1301" HPOS="1392"/>
							<String ID="string_218" HPOS="1420" VPOS="1301" WIDTH="121" HEIGHT="35" WC="0.96" CONTENT="utsikt"/><SP WIDTH="26" VPOS="1301" HPOS="1541"/>
							<String ID="string_219" HPOS="1567" VPOS="1301" WIDTH="83" HEIGHT="36" WC="0.96" CONTENT="icke"/><SP WIDTH="27" VPOS="1301" HPOS="1650"/>
							<String ID="string_220" HPOS="1677" VPOS="1302" WIDTH="109" HEIGHT="36" WC="0.96" CONTENT="torde"/><SP WIDTH="28" VPOS="1302" HPOS="1786"/>
							<String ID="string_221" HPOS="1814" VPOS="1301" WIDTH="123" HEIGHT="37" WC="0.96" CONTENT="finnas"/><SP WIDTH="30" VPOS="1301" HPOS="1937"/>
							<String ID="string_222" HPOS="1967" VPOS="1302" WIDTH="58" HEIGHT="36" WC="0.96" CONTENT="för"/>
						</TextLine>
						<TextLine ID="line_22" HPOS="419" VPOS="1351" WIDTH="1606" HEIGHT="49">
							<String ID="string_223" HPOS="419" VPOS="1356" WIDTH="56" HEIGHT="31" WC="0.96" CONTENT="att"/><SP WIDTH="41" VPOS="1356" HPOS="475"/>
							<String ID="string_224" HPOS="516" VPOS="1356" WIDTH="139" HEIGHT="44" WC="0.96" CONTENT="genast"/><SP WIDTH="39" VPOS="1356" HPOS="655"/>
							<String ID="string_225" HPOS="694" VPOS="1351" WIDTH="85" HEIGHT="36" WC="0.95" CONTENT="med"/><SP WIDTH="40" VPOS="1351" HPOS="779"/>
							<String ID="string_226" HPOS="819" VPOS="1351" WIDTH="207" HEIGHT="48" WC="0.96" CONTENT="framgång"/><SP WIDTH="39" VPOS="1351" HPOS="1026"/>
							<String ID="string_227" HPOS="1065" VPOS="1351" WIDTH="228" HEIGHT="48" WC="0.89" CONTENT="genomföra"/><SP WIDTH="39" VPOS="1351" HPOS="1293"/>
							<String ID="string_228" HPOS="1332" VPOS="1351" WIDTH="211" HEIGHT="36" WC="0.92" CONTENT="häfdandet"/><SP WIDTH="33" VPOS="1351" HPOS="1543"/>
							<String ID="string_229" HPOS="1576" VPOS="1352" WIDTH="42" HEIGHT="35" WC="0.96" CONTENT="af"/><SP WIDTH="24" VPOS="1352" HPOS="1618"/>
							<String ID="string_230" HPOS="1642" VPOS="1357" WIDTH="54" HEIGHT="31" WC="0.96" CONTENT="ett"/><SP WIDTH="29" VPOS="1357" HPOS="1696"/>
							<String ID="string_231" HPOS="1725" VPOS="1352" WIDTH="136" HEIGHT="37" WC="0.93" CONTENT="sådant"/><SP WIDTH="28" VPOS="1352" HPOS="1861"/>
							<String ID="string_232" HPOS="1889" VPOS="1352" WIDTH="136" HEIGHT="37" WC="0.92" CONTENT="åskåd-"/>
						</TextLine>
						<TextLine ID="line_23" HPOS="419" VPOS="1401" WIDTH="1606" HEIGHT="49">
							<String ID="string_233" HPOS="419" VPOS="1401" WIDTH="206" HEIGHT="49" WC="0.92" CONTENT="ningssätt,"/><SP WIDTH="42" VPOS="1401" HPOS="625"/>
							<String ID="string_234" HPOS="667" VPOS="1401" WIDTH="97" HEIGHT="37" WC="0.96" CONTENT="skall"/><SP WIDTH="36" VPOS="1401" HPOS="764"/>
							<String ID="string_235" HPOS="800" VPOS="1401" WIDTH="70" HEIGHT="49" WC="0.96" CONTENT="jag"/><SP WIDTH="41" VPOS="1401" HPOS="870"/>
							<String ID="string_236" HPOS="911" VPOS="1401" WIDTH="84" HEIGHT="36" WC="0.96" CONTENT="icke"/><SP WIDTH="42" VPOS="1401" HPOS="995"/>
							<String ID="string_237" HPOS="1037" VPOS="1415" WIDTH="50" HEIGHT="22" WC="0.94" CONTENT="nu"/><SP WIDTH="44" VPOS="1415" HPOS="1087"/>
							<String ID="string_238" HPOS="1131" VPOS="1401" WIDTH="211" HEIGHT="37" WC="0.94" CONTENT="framställa"/><SP WIDTH="28" VPOS="1401" HPOS="1342"/>
							<String ID="string_239" HPOS="1370" VPOS="1402" WIDTH="148" HEIGHT="36" WC="0.96" CONTENT="önskan"/><SP WIDTH="29" VPOS="1402" HPOS="1518"/>
							<String ID="string_240" HPOS="1547" VPOS="1415" WIDTH="59" HEIGHT="22" WC="0.94" CONTENT="om"/><SP WIDTH="30" VPOS="1415" HPOS="1606"/>
							<String ID="string_241" HPOS="1636" VPOS="1402" WIDTH="138" HEIGHT="37" WC="0.94" CONTENT="förbud"/><SP WIDTH="27" VPOS="1402" HPOS="1774"/>
							<String ID="string_242" HPOS="1801" VPOS="1403" WIDTH="60" HEIGHT="35" WC="0.96" CONTENT="för"/><SP WIDTH="28" VPOS="1403" HPOS="1861"/>
							<String ID="string_243" HPOS="1889" VPOS="1402" WIDTH="49" HEIGHT="36" WC="0.93" CONTENT="all"/><SP WIDTH="29" VPOS="1402" HPOS="1938"/>
							<String ID="string_244" HPOS="1967" VPOS="1408" WIDTH="58" HEIGHT="31" WC="0.91" CONTENT="ut-"/>
						</TextLine>
						<TextLine ID="line_24" HPOS="420" VPOS="1451" WIDTH="1607" HEIGHT="50">
							<String ID="string_245" HPOS="420" VPOS="1451" WIDTH="386" HEIGHT="50" WC="0.91" CONTENT="skänkningsrörelse"/><SP WIDTH="34" VPOS="1451" HPOS="806"/>
							<String ID="string_246" HPOS="840" VPOS="1454" WIDTH="20" HEIGHT="34" WC="0.93" CONTENT="å"/><SP WIDTH="27" VPOS="1454" HPOS="860"/>
							<String ID="string_247" HPOS="887" VPOS="1452" WIDTH="121" HEIGHT="46" WC="0.96" CONTENT="mark,"/><SP WIDTH="28" VPOS="1452" HPOS="1008"/>
							<String ID="string_248" HPOS="1036" VPOS="1451" WIDTH="228" HEIGHT="37" WC="0.96" CONTENT="tillhörande"/><SP WIDTH="29" VPOS="1451" HPOS="1264"/>
							<String ID="string_249" HPOS="1293" VPOS="1452" WIDTH="64" HEIGHT="36" WC="0.96" CONTENT="det"/><SP WIDTH="28" VPOS="1452" HPOS="1357"/>
							<String ID="string_250" HPOS="1385" VPOS="1451" WIDTH="204" HEIGHT="47" WC="0.95" CONTENT="allmänna,"/><SP WIDTH="29" VPOS="1451" HPOS="1589"/>
							<String ID="string_251" HPOS="1618" VPOS="1458" WIDTH="91" HEIGHT="31" WC="0.96" CONTENT="utan"/><SP WIDTH="15" VPOS="1458" HPOS="1709"/>
							<String ID="string_252" HPOS="1724" VPOS="1453" WIDTH="208" HEIGHT="36" WC="0.96" CONTENT="inskränka"/><SP WIDTH="16" VPOS="1453" HPOS="1932"/>
							<String ID="string_253" HPOS="1948" VPOS="1453" WIDTH="79" HEIGHT="48" WC="0.96" CONTENT="mig"/>
						</TextLine>
						<TextLine ID="line_25" HPOS="421" VPOS="1502" WIDTH="1604" HEIGHT="50">
							<String ID="string_254" HPOS="421" VPOS="1502" WIDTH="57" HEIGHT="36" WC="0.96" CONTENT="till"/><SP WIDTH="41" VPOS="1502" HPOS="478"/>
							<String ID="string_255" HPOS="519" VPOS="1507" WIDTH="56" HEIGHT="32" WC="0.96" CONTENT="att"/><SP WIDTH="39" VPOS="1507" HPOS="575"/>
							<String ID="string_256" HPOS="614" VPOS="1502" WIDTH="121" HEIGHT="37" WC="0.96" CONTENT="väcka"/><SP WIDTH="40" VPOS="1502" HPOS="735"/>
							<String ID="string_257" HPOS="775" VPOS="1502" WIDTH="109" HEIGHT="48" WC="0.88" CONTENT="fråga"/><SP WIDTH="42" VPOS="1502" HPOS="884"/>
							<String ID="string_258" HPOS="926" VPOS="1502" WIDTH="163" HEIGHT="36" WC="0.88" CONTENT="allenast"/><SP WIDTH="37" VPOS="1502" HPOS="1089"/>
							<String ID="string_259" HPOS="1126" VPOS="1502" WIDTH="145" HEIGHT="46" WC="0.96" CONTENT="därom,"/><SP WIDTH="37" VPOS="1502" HPOS="1271"/>
							<String ID="string_260" HPOS="1308" VPOS="1507" WIDTH="55" HEIGHT="31" WC="0.93" CONTENT="att"/><SP WIDTH="40" VPOS="1507" HPOS="1363"/>
							<String ID="string_261" HPOS="1403" VPOS="1502" WIDTH="397" HEIGHT="50" WC="0.92" CONTENT="utskänkningsställe"/><SP WIDTH="30" VPOS="1502" HPOS="1800"/>
							<String ID="string_262" HPOS="1830" VPOS="1507" WIDTH="20" HEIGHT="33" WC="0.92" CONTENT="å"/><SP WIDTH="27" VPOS="1507" HPOS="1850"/>
							<String ID="string_263" HPOS="1877" VPOS="1509" WIDTH="148" HEIGHT="31" WC="0.95" CONTENT="statens"/>
						</TextLine>
						<TextLine ID="line_26" HPOS="421" VPOS="1552" WIDTH="1603" HEIGHT="51">
							<String ID="string_264" HPOS="421" VPOS="1552" WIDTH="110" HEIGHT="37" WC="0.96" CONTENT="mark"/><SP WIDTH="40" VPOS="1552" HPOS="531"/>
							<String ID="string_265" HPOS="571" VPOS="1553" WIDTH="82" HEIGHT="37" WC="0.96" CONTENT="icke"/><SP WIDTH="40" VPOS="1553" HPOS="653"/>
							<String ID="string_266" HPOS="693" VPOS="1556" WIDTH="59" HEIGHT="34" WC="0.93" CONTENT="må"/><SP WIDTH="39" VPOS="1556" HPOS="752"/>
							<String ID="string_267" HPOS="791" VPOS="1553" WIDTH="214" HEIGHT="49" WC="0.57" CONTENT="nyimrättas"/><SP WIDTH="42" VPOS="1553" HPOS="1005"/>
							<String ID="string_268" HPOS="1047" VPOS="1552" WIDTH="91" HEIGHT="37" WC="0.92" CONTENT="eller"/><SP WIDTH="44" VPOS="1552" HPOS="1138"/>
							<String ID="string_269" HPOS="1182" VPOS="1573" WIDTH="40" HEIGHT="3" WC="0.90" CONTENT="—"/><SP WIDTH="40" VPOS="1573" HPOS="1222"/>
							<String ID="string_270" HPOS="1262" VPOS="1553" WIDTH="48" HEIGHT="36" WC="0.96" CONTENT="då"/><SP WIDTH="38" VPOS="1553" HPOS="1310"/>
							<String ID="string_271" HPOS="1348" VPOS="1553" WIDTH="55" HEIGHT="36" WC="0.96" CONTENT="tid"/><SP WIDTH="42" VPOS="1553" HPOS="1403"/>
							<String ID="string_272" HPOS="1445" VPOS="1553" WIDTH="58" HEIGHT="36" WC="0.96" CONTENT="för"/><SP WIDTH="28" VPOS="1553" HPOS="1503"/>
							<String ID="string_273" HPOS="1531" VPOS="1553" WIDTH="278" HEIGHT="49" WC="0.95" CONTENT="nyttjanderätt"/><SP WIDTH="27" VPOS="1553" HPOS="1809"/>
							<String ID="string_274" HPOS="1836" VPOS="1557" WIDTH="114" HEIGHT="46" WC="0.93" CONTENT="utgår"/><SP WIDTH="27" VPOS="1557" HPOS="1950"/>
							<String ID="string_275" HPOS="1977" VPOS="1573" WIDTH="47" HEIGHT="3" WC="0.92" CONTENT="—"/>
						</TextLine>
						<TextLine ID="line_27" HPOS="420" VPOS="1603" WIDTH="195" HEIGHT="50">
							<String ID="string_276" HPOS="420" VPOS="1603" WIDTH="195" HEIGHT="50" WC="0.95" CONTENT="förnyas.»"/>
						</TextLine>
					</TextBlock>
				</ComposedBlock>
				<ComposedBlock ID="cblock_2" HPOS="419" VPOS="1854" WIDTH="1610" HEIGHT="455">
					<TextBlock ID="block_3" HPOS="419" VPOS="1854" WIDTH="1610" HEIGHT="455">
						<TextLine ID="line_28" HPOS="558" VPOS="1854" WIDTH="1470" HEIGHT="50">
							<String ID="string_277" HPOS="558" VPOS="1855" WIDTH="74" HEIGHT="36" WC="0.96" CONTENT="För"/><SP WIDTH="40" VPOS="1855" HPOS="632"/>
							<String ID="string_278" HPOS="672" VPOS="1855" WIDTH="207" HEIGHT="49" WC="0.96" CONTENT="utredning"/><SP WIDTH="41" VPOS="1855" HPOS="879"/>
							<String ID="string_279" HPOS="920" VPOS="1856" WIDTH="43" HEIGHT="36" WC="0.96" CONTENT="af"/><SP WIDTH="37" VPOS="1856" HPOS="963"/>
							<String ID="string_280" HPOS="1000" VPOS="1855" WIDTH="269" HEIGHT="49" WC="0.94" CONTENT="föreliggande"/><SP WIDTH="41" VPOS="1855" HPOS="1269"/>
							<String ID="string_281" HPOS="1310" VPOS="1855" WIDTH="143" HEIGHT="36" WC="0.96" CONTENT="ärende"/><SP WIDTH="42" VPOS="1855" HPOS="1453"/>
							<String ID="string_282" HPOS="1495" VPOS="1854" WIDTH="69" HEIGHT="37" WC="0.92" CONTENT="har"/><SP WIDTH="39" VPOS="1854" HPOS="1564"/>
							<String ID="string_283" HPOS="1603" VPOS="1854" WIDTH="425" HEIGHT="49" WC="0.92" CONTENT="bevillningsutskottet"/>
						</TextLine>
						<TextLine ID="line_29" HPOS="422" VPOS="1905" WIDTH="1603" HEIGHT="50">
							<String ID="string_284" HPOS="422" VPOS="1910" WIDTH="131" HEIGHT="32" WC="0.91" CONTENT="ansett"/><SP WIDTH="40" VPOS="1910" HPOS="553"/>
							<String ID="string_285" HPOS="593" VPOS="1905" WIDTH="134" HEIGHT="50" WC="0.91" CONTENT="nödigt"/><SP WIDTH="33" VPOS="1905" HPOS="727"/>
							<String ID="string_286" HPOS="760" VPOS="1911" WIDTH="56" HEIGHT="32" WC="0.96" CONTENT="att"/><SP WIDTH="32" VPOS="1911" HPOS="816"/>
							<String ID="string_287" HPOS="848" VPOS="1906" WIDTH="226" HEIGHT="37" WC="0.96" CONTENT="införskaffa"/><SP WIDTH="26" VPOS="1906" HPOS="1074"/>
							<String ID="string_288" HPOS="1100" VPOS="1905" WIDTH="237" HEIGHT="50" WC="0.96" CONTENT="upplysning"/><SP WIDTH="27" VPOS="1905" HPOS="1337"/>
							<String ID="string_289" HPOS="1364" VPOS="1919" WIDTH="60" HEIGHT="23" WC="0.96" CONTENT="om"/><SP WIDTH="30" VPOS="1919" HPOS="1424"/>
							<String ID="string_290" HPOS="1454" VPOS="1905" WIDTH="146" HEIGHT="37" WC="0.96" CONTENT="antalet"/><SP WIDTH="28" VPOS="1905" HPOS="1600"/>
							<String ID="string_291" HPOS="1628" VPOS="1906" WIDTH="41" HEIGHT="36" WC="0.93" CONTENT="af"/><SP WIDTH="25" VPOS="1906" HPOS="1669"/>
							<String ID="string_292" HPOS="1694" VPOS="1909" WIDTH="21" HEIGHT="33" WC="0.92" CONTENT="å"/><SP WIDTH="27" VPOS="1909" HPOS="1715"/>
							<String ID="string_293" HPOS="1742" VPOS="1911" WIDTH="146" HEIGHT="31" WC="0.96" CONTENT="statens"/><SP WIDTH="29" VPOS="1911" HPOS="1888"/>
							<String ID="string_294" HPOS="1917" VPOS="1906" WIDTH="108" HEIGHT="36" WC="0.95" CONTENT="mark"/>
						</TextLine>
						<TextLine ID="line_30" HPOS="419" VPOS="1955" WIDTH="1607" HEIGHT="50">
							<String ID="string_295" HPOS="419" VPOS="1955" WIDTH="201" HEIGHT="50" WC="0.96" CONTENT="befintliga"/><SP WIDTH="30" VPOS="1955" HPOS="620"/>
							<String ID="string_296" HPOS="650" VPOS="1956" WIDTH="228" HEIGHT="49" WC="0.96" CONTENT="rättigheter"/><SP WIDTH="27" VPOS="1956" HPOS="878"/>
							<String ID="string_297" HPOS="905" VPOS="1956" WIDTH="58" HEIGHT="37" WC="0.96" CONTENT="till"/><SP WIDTH="27" VPOS="1956" HPOS="963"/>
							<String ID="string_298" HPOS="990" VPOS="1957" WIDTH="263" HEIGHT="47" WC="0.96" CONTENT="utskänkning"/><SP WIDTH="28" VPOS="1957" HPOS="1253"/>
							<String ID="string_299" HPOS="1281" VPOS="1958" WIDTH="41" HEIGHT="35" WC="0.96" CONTENT="af"/><SP WIDTH="13" VPOS="1958" HPOS="1322"/>
							<String ID="string_300" HPOS="1335" VPOS="1956" WIDTH="188" HEIGHT="37" WC="0.96" CONTENT="brännvin"/><SP WIDTH="16" VPOS="1956" HPOS="1523"/>
							<String ID="string_301" HPOS="1539" VPOS="1956" WIDTH="71" HEIGHT="36" WC="0.96" CONTENT="och"/><SP WIDTH="20" VPOS="1956" HPOS="1610"/>
							<String ID="string_302" HPOS="1630" VPOS="1956" WIDTH="119" HEIGHT="36" WC="0.96" CONTENT="andra"/><SP WIDTH="19" VPOS="1956" HPOS="1749"/>
							<String ID="string_303" HPOS="1768" VPOS="1956" WIDTH="146" HEIGHT="36" WC="0.96" CONTENT="brända"/><SP WIDTH="19" VPOS="1956" HPOS="1914"/>
							<String ID="string_304" HPOS="1933" VPOS="1955" WIDTH="93" HEIGHT="38" WC="0.96" CONTENT="eller"/>
						</TextLine>
						<TextLine ID="line_31" HPOS="419" VPOS="2006" WIDTH="1606" HEIGHT="50">
							<String ID="string_305" HPOS="419" VPOS="2006" WIDTH="245" HEIGHT="37" WC="0.85" CONTENT="destillerade"/><SP WIDTH="55" VPOS="2006" HPOS="664"/>
							<String ID="string_306" HPOS="719" VPOS="2007" WIDTH="202" HEIGHT="49" WC="0.85" CONTENT="spirituösa"/><SP WIDTH="53" VPOS="2007" HPOS="921"/>
							<String ID="string_307" HPOS="974" VPOS="2007" WIDTH="171" HEIGHT="49" WC="0.96" CONTENT="drycker."/><SP WIDTH="70" VPOS="2007" HPOS="1145"/>
							<String ID="string_308" HPOS="1215" VPOS="2007" WIDTH="195" HEIGHT="37" WC="0.96" CONTENT="Utskottet"/><SP WIDTH="42" VPOS="2007" HPOS="1410"/>
							<String ID="string_309" HPOS="1452" VPOS="2007" WIDTH="69" HEIGHT="36" WC="0.96" CONTENT="har"/><SP WIDTH="42" VPOS="2007" HPOS="1521"/>
							<String ID="string_310" HPOS="1563" VPOS="2007" WIDTH="57" HEIGHT="36" WC="0.96" CONTENT="för"/><SP WIDTH="53" VPOS="2007" HPOS="1620"/>
							<String ID="string_311" HPOS="1673" VPOS="2007" WIDTH="135" HEIGHT="36" WC="0.96" CONTENT="sådant"/><SP WIDTH="40" VPOS="2007" HPOS="1808"/>
							<String ID="string_312" HPOS="1848" VPOS="2006" WIDTH="177" HEIGHT="37" WC="0.96" CONTENT="ändamål"/>
						</TextLine>
						<TextLine ID="line_32" HPOS="420" VPOS="2057" WIDTH="1606" HEIGHT="49">
							<String ID="string_313" HPOS="420" VPOS="2057" WIDTH="180" HEIGHT="36" WC="0.92" CONTENT="utverkat"/><SP WIDTH="38" VPOS="2057" HPOS="600"/>
							<String ID="string_314" HPOS="638" VPOS="2057" WIDTH="144" HEIGHT="49" WC="0.95" CONTENT="Kungl."/><SP WIDTH="42" VPOS="2057" HPOS="782"/>
							<String ID="string_315" HPOS="824" VPOS="2058" WIDTH="127" HEIGHT="48" WC="0.95" CONTENT="Maj:ts"/><SP WIDTH="33" VPOS="2058" HPOS="951"/>
							<String ID="string_316" HPOS="984" VPOS="2058" WIDTH="214" HEIGHT="48" WC="0.96" CONTENT="befallning"/><SP WIDTH="38" VPOS="2058" HPOS="1198"/>
							<String ID="string_317" HPOS="1236" VPOS="2057" WIDTH="56" HEIGHT="36" WC="0.92" CONTENT="till"/><SP WIDTH="29" VPOS="2057" HPOS="1292"/>
							<String ID="string_318" HPOS="1321" VPOS="2057" WIDTH="503" HEIGHT="38" WC="0.91" CONTENT="öfverståthållareämbetet"/><SP WIDTH="28" VPOS="2057" HPOS="1824"/>
							<String ID="string_319" HPOS="1852" VPOS="2057" WIDTH="71" HEIGHT="37" WC="0.93" CONTENT="och"/><SP WIDTH="27" VPOS="2057" HPOS="1923"/>
							<String ID="string_320" HPOS="1950" VPOS="2058" WIDTH="76" HEIGHT="36" WC="0.92" CONTENT="Ko-"/>
						</TextLine>
						<TextLine ID="line_33" HPOS="421" VPOS="2108" WIDTH="1606" HEIGHT="49">
							<String ID="string_321" HPOS="421" VPOS="2120" WIDTH="179" HEIGHT="35" WC="0.88" CONTENT="nungens"/><SP WIDTH="38" VPOS="2120" HPOS="600"/>
							<String ID="string_322" HPOS="638" VPOS="2108" WIDTH="179" HEIGHT="49" WC="0.93" CONTENT="samtliga"/><SP WIDTH="39" VPOS="2108" HPOS="817"/>
							<String ID="string_323" HPOS="856" VPOS="2108" WIDTH="429" HEIGHT="49" WC="0.88" CONTENT="befallningshafvande"/><SP WIDTH="42" VPOS="2108" HPOS="1285"/>
							<String ID="string_324" HPOS="1327" VPOS="2113" WIDTH="54" HEIGHT="32" WC="0.96" CONTENT="att"/><SP WIDTH="40" VPOS="2113" HPOS="1381"/>
							<String ID="string_325" HPOS="1421" VPOS="2108" WIDTH="10" HEIGHT="36" WC="0.95" CONTENT="i"/><SP WIDTH="39" VPOS="2108" HPOS="1431"/>
							<String ID="string_326" HPOS="1470" VPOS="2108" WIDTH="122" HEIGHT="48" WC="0.96" CONTENT="sagda"/><SP WIDTH="33" VPOS="2108" HPOS="1592"/>
							<String ID="string_327" HPOS="1625" VPOS="2108" WIDTH="221" HEIGHT="37" WC="0.95" CONTENT="hänseende"/><SP WIDTH="37" VPOS="2108" HPOS="1846"/>
							<String ID="string_328" HPOS="1883" VPOS="2108" WIDTH="57" HEIGHT="36" WC="0.93" CONTENT="till"/><SP WIDTH="28" VPOS="2108" HPOS="1940"/>
							<String ID="string_329" HPOS="1968" VPOS="2113" WIDTH="59" HEIGHT="31" WC="0.93" CONTENT="ut-"/>
						</TextLine>
						<TextLine ID="line_34" HPOS="423" VPOS="2157" WIDTH="1603" HEIGHT="50">
							<String ID="string_330" HPOS="423" VPOS="2157" WIDTH="146" HEIGHT="37" WC="0.96" CONTENT="skottet"/><SP WIDTH="26" VPOS="2157" HPOS="569"/>
							<String ID="string_331" HPOS="595" VPOS="2157" WIDTH="195" HEIGHT="38" WC="0.96" CONTENT="inkomma"/><SP WIDTH="29" VPOS="2157" HPOS="790"/>
							<String ID="string_332" HPOS="819" VPOS="2159" WIDTH="85" HEIGHT="36" WC="0.93" CONTENT="med"/><SP WIDTH="24" VPOS="2159" HPOS="904"/>
							<String ID="string_333" HPOS="928" VPOS="2159" WIDTH="269" HEIGHT="48" WC="0.92" CONTENT="vederbörliga"/><SP WIDTH="28" VPOS="2159" HPOS="1197"/>
							<String ID="string_334" HPOS="1225" VPOS="2159" WIDTH="208" HEIGHT="48" WC="0.94" CONTENT="uppgifter."/><SP WIDTH="48" VPOS="2159" HPOS="1433"/>
							<String ID="string_335" HPOS="1481" VPOS="2159" WIDTH="54" HEIGHT="35" WC="0.96" CONTENT="Af"/><SP WIDTH="25" VPOS="2159" HPOS="1535"/>
							<String ID="string_336" HPOS="1560" VPOS="2158" WIDTH="113" HEIGHT="37" WC="0.96" CONTENT="dessa"/><SP WIDTH="19" VPOS="2158" HPOS="1673"/>
							<String ID="string_337" HPOS="1692" VPOS="2158" WIDTH="199" HEIGHT="49" WC="0.96" CONTENT="uppgifter"/><SP WIDTH="14" VPOS="2158" HPOS="1891"/>
							<String ID="string_338" HPOS="1905" VPOS="2158" WIDTH="121" HEIGHT="49" WC="0.95" CONTENT="jämte"/>
						</TextLine>
						<TextLine ID="line_35" HPOS="424" VPOS="2207" WIDTH="1604" HEIGHT="51">
							<String ID="string_339" HPOS="424" VPOS="2208" WIDTH="47" HEIGHT="37" WC="0.96" CONTENT="de"/><SP WIDTH="41" VPOS="2208" HPOS="471"/>
							<String ID="string_340" HPOS="512" VPOS="2207" WIDTH="126" HEIGHT="49" WC="0.96" CONTENT="öfriga"/><SP WIDTH="39" VPOS="2207" HPOS="638"/>
							<String ID="string_341" HPOS="677" VPOS="2209" WIDTH="292" HEIGHT="49" WC="0.96" CONTENT="upplysningar,"/><SP WIDTH="33" VPOS="2209" HPOS="969"/>
							<String ID="string_342" HPOS="1002" VPOS="2210" WIDTH="188" HEIGHT="36" WC="0.96" CONTENT="utskottet"/><SP WIDTH="31" VPOS="2210" HPOS="1190"/>
							<String ID="string_343" HPOS="1221" VPOS="2209" WIDTH="12" HEIGHT="36" WC="0.96" CONTENT="i"/><SP WIDTH="29" VPOS="2209" HPOS="1233"/>
							<String ID="string_344" HPOS="1262" VPOS="2209" WIDTH="158" HEIGHT="37" WC="0.96" CONTENT="ärendet"/><SP WIDTH="27" VPOS="2209" HPOS="1420"/>
							<String ID="string_345" HPOS="1447" VPOS="2209" WIDTH="200" HEIGHT="46" WC="0.96" CONTENT="inhämtat,"/><SP WIDTH="30" VPOS="2209" HPOS="1647"/>
							<String ID="string_346" HPOS="1677" VPOS="2209" WIDTH="181" HEIGHT="49" WC="0.96" CONTENT="framgår,"/><SP WIDTH="30" VPOS="2209" HPOS="1858"/>
							<String ID="string_347" HPOS="1888" VPOS="2214" WIDTH="55" HEIGHT="31" WC="0.93" CONTENT="att"/><SP WIDTH="27" VPOS="2214" HPOS="1943"/>
							<String ID="string_348" HPOS="1970" VPOS="2213" WIDTH="58" HEIGHT="31" WC="0.91" CONTENT="ut-"/>
						</TextLine>
						<TextLine ID="line_36" HPOS="423" VPOS="2258" WIDTH="1606" HEIGHT="51">
							<String ID="string_349" HPOS="423" VPOS="2258" WIDTH="471" HEIGHT="51" WC="0.91" CONTENT="skänkningsrättigheter"/><SP WIDTH="39" VPOS="2258" HPOS="894"/>
							<String ID="string_350" HPOS="933" VPOS="2261" WIDTH="42" HEIGHT="35" WC="0.94" CONTENT="af"/><SP WIDTH="39" VPOS="2261" HPOS="975"/>
							<String ID="string_351" HPOS="1014" VPOS="2260" WIDTH="294" HEIGHT="49" WC="0.94" CONTENT="ifrågavarande"/><SP WIDTH="30" VPOS="2260" HPOS="1308"/>
							<String ID="string_352" HPOS="1338" VPOS="2259" WIDTH="266" HEIGHT="38" WC="0.93" CONTENT="beskaffenhet"/><SP WIDTH="26" VPOS="2259" HPOS="1604"/>
							<String ID="string_353" HPOS="1630" VPOS="2259" WIDTH="208" HEIGHT="37" WC="0.91" CONTENT="förefinnas"/><SP WIDTH="29" VPOS="2259" HPOS="1838"/>
							<String ID="string_354" HPOS="1867" VPOS="2259" WIDTH="162" HEIGHT="36" WC="0.91" CONTENT="allenast"/>
						</TextLine>
					</TextBlock>
				</ComposedBlock>
			</PrintSpace>
		</Page>
	</Layout>
</alto>
