2196 2624
624 116 241 32 Statsutskottets
888 116 160 31 uttåtande
1072 114 61 33 N:o
1156 116 51 31 96.
1684 114 40 30 23

157 208 57 34 till
242 207 77 35 helt
345 206 67 35 och
440 206 111 36 hållet
579 207 89 34 eller
696 205 115 36 delvis
839 208 45 45 på
910 209 111 32 annat
1049 209 75 32 sätt
1151 203 193 45 anskaffas,
1374 202 70 37 den
1472 215 154 31 summa,
1654 202 109 36 hvar-

158 258 57 35 till
257 262 139 31 statens
422 255 224 49 ränteutgift
673 256 115 47 enligt
816 256 372 48 riksgäldskontorets
1215 254 203 48 beräkning
1445 254 116 35 skulle
1589 256 136 45 uppgå,
1753 253 12 35 i

159 308 172 36 händelse
359 307 145 36 medlen
524 307 236 48 upplånades,
778 307 177 35 beräknas
970 307 57 35 till
1043 304 468 50 anläggningskostnadens
1525 304 237 48 amortering.

295 357 461 50 Anläggningskostnaden
797 358 187 43 beräknas,
1026 358 99 35 intill
1166 356 81 36 dess
1286 354 248 49 anordningar
1562 354 58 36 för
1646 359 118 31 trans-

158 414 150 43 portens
348 409 139 46 ökning
526 409 56 36 till
626 409 197 43 1,500,000
862 413 64 31 ton
965 408 189 48 vidtagits,
1196 407 57 36 till
1282 407 224 44 32,400,000
1533 406 137 35 kronor
1697 405 67 35 och

159 459 161 36 därefter
346 460 57 35 till
432 461 223 42 34,900,000
682 459 146 35 kronor.

292 509 23 45 $
357 513 31 33 5.
444 510 69 35 Det
554 510 142 48 åligger
735 510 148 47 bolaget
922 513 54 31 att
1007 508 75 37 före
1110 508 70 36 den
1212 510 16 33 1
1259 507 193 36 december
1479 506 125 48 hvarje
1632 509 40 32 år
1699 507 66 35 hos

160 562 130 47 kungl.
320 561 358 49 järnvägsstyrelsen
707 561 145 34 anmäla
879 558 231 49 ungefärliga
1137 559 185 36 storleken
1350 557 41 36 af
1416 558 349 47 malmtransporten

160 611 119 36 under
318 611 62 36 det
420 611 307 36 nästkommande
768 613 93 41 året;
890 610 67 36 och
985 610 90 36 skall
1104 609 147 48 bolaget
1278 612 21 32 å
1325 608 119 37 första
1471 607 157 49 helgfria
1655 607 72 46 dag
1753 608 12 35 i

158 662 126 47 hvarje
312 661 128 37 månad
470 663 57 34 till
554 662 126 46 kungl.
705 661 378 49 järnvägsstyrelsens
1110 659 253 37 hufvudkassa
1389 660 149 47 erlägga
1565 671 45 23 en
1637 658 128 36 tolfte-

158 713 59 35 del
245 712 39 36 af
308 712 62 36 det
396 712 245 47 fraktbelopp,
670 725 79 23 som
777 715 46 45 på
850 712 70 35 den
947 711 153 36 sålunda
1118 710 153 49 angifna
1284 710 231 36 kvantiteten
1534 709 117 49 enligt
1669 708 96 37 före-

158 763 199 36 skrifterna
383 764 13 34 i
423 762 24 45 $
474 765 21 34 3
524 763 156 48 belöper.

292 813 125 37 Skulle
457 813 146 49 bolaget
644 813 193 36 underlåta
875 820 89 42 göra
1003 812 112 36 sådan
1159 812 181 43 anmälan,
1374 824 79 23 som
1480 823 88 36 nyss
1595 818 41 28 är
1662 811 101 47 sagd,

159 865 92 36 skall
287 864 371 48 transportmängden
685 864 178 36 beräknas
890 865 146 34 komma
1063 867 55 32 att
1145 865 123 46 uppgå
1294 863 57 35 till
1379 875 138 23 samma
1545 861 220 49 myckenhet

158 928 76 23 som
264 914 302 49 nästföregående
594 918 50 40 år,
674 914 92 36 dock
794 914 30 47 ej
853 915 57 35 till
938 913 141 36 mindre
1107 921 46 28 än
1184 914 196 44 1,000,000
1407 917 75 31 ton.

293 964 45 37 Så
377 965 73 36 fort
481 966 63 35 ske
571 966 69 34 kan
669 964 95 37 efter
791 965 123 47 hvarje
943 968 58 32 års
1029 965 84 43 slut,
1143 970 183 42 uppgöres
1354 962 41 37 af
1418 963 128 48 kungl.
1570 963 194 48 järnvägs-

161 1016 177 50 styrelsen
382 1016 232 47 sluträkning
655 1016 155 36 emellan
849 1020 120 31 staten
1009 1015 68 36 och
1117 1015 148 46 bolaget
1304 1013 59 37 för
1406 1014 63 35 det
1495 1016 148 43 gångna
1669 1016 94 41 året;

159 1067 175 36 skolande
374 1067 147 48 bolaget
561 1067 66 35 sist
667 1080 43 22 en
751 1066 132 36 månad
923 1065 94 37 efter
1044 1066 163 35 erhållen
1235 1065 58 36 del
1321 1064 39 36 af
1384 1064 121 36 denna
1532 1064 234 46 sluträkning

159 1118 58 35 till
259 1118 124 48 kungl.
404 1118 361 49 järnvägsstyrelsen
792 1117 160 36 inbetala
980 1116 71 36 den
1079 1116 119 44 skuld,
1226 1116 146 49 bolaget
1395 1115 117 46 enligt
1539 1115 226 35 sluträknin-

158 1181 71 36 gen
271 1171 59 33 må
369 1175 79 42 äga,
482 1168 201 44 hvaremot,
713 1167 122 36 därest
862 1167 203 36 öfverskott
1091 1167 58 36 till
1177 1166 165 48 bolagets
1370 1165 144 36 förmån
1541 1164 40 37 af
1606 1166 159 35 sluträk-

159 1219 136 48 ningen
338 1220 150 42 utvisas,
530 1218 203 36 detsamma
760 1218 12 35 i
799 1218 61 35 det
886 1231 74 35 nya
982 1221 96 32 årets
1105 1217 158 47 räkning
1289 1216 199 49 godtgöres
1514 1216 149 47 bolaget
1691 1229 74 22 me-

159 1269 77 36 dels
264 1268 129 47 afdrag
420 1269 41 35 af
485 1269 186 35 därunder
698 1268 156 36 skeende
881 1267 307 37 förskottslikvid.

293 1318 23 45 8
356 1322 31 34 6.
443 1319 52 36 De
522 1320 12 35 i
561 1318 48 45 $$
651 1321 95 33 2—5
788 1318 159 36 träffade
985 1318 279 36 bestämmelser
1305 1317 102 35 skola
1432 1317 98 46 gälla
1555 1317 100 35 intill
1683 1317 82 36 dess

160 1370 451 48 anläggningskostnaden
638 1369 124 36 blifvit
789 1369 115 47 enligt
934 1368 132 47 Kungl.
1096 1368 122 47 Maj:ts
1246 1368 200 46 uträkning
1465 1367 57 35 till
1538 1366 94 37 fullo
1647 1380 118 23 amor-

157 1421 106 35 terad
290 1421 100 43 eller,
418 1420 123 36 därest
567 1425 118 31 staten
714 1419 258 37 dessförinnan
998 1420 119 35 finner
1145 1419 135 47 skäligt
1308 1425 165 41 uppsäga
1491 1417 274 37 öfverenskom-

159 1472 146 42 melsen,
335 1471 56 35 till
419 1471 82 36 dess
529 1476 56 30 tre
613 1473 41 33 år
680 1470 96 36 efter
804 1470 279 48 uppsägningen
1111 1469 177 44 förflutit;
1317 1469 92 36 dock
1437 1473 54 31 att
1518 1468 245 49 uppsägning,

159 1522 123 35 därtill
322 1521 147 49 bolaget
512 1522 78 35 icke
635 1528 87 42 äger
766 1526 84 39 rätt,
895 1521 79 36 icke
1019 1524 58 32 må
1104 1524 21 32 å
1152 1525 138 31 statens
1331 1520 78 36 sida
1448 1519 62 37 ske
1538 1518 79 37 före
1645 1519 71 36 den
1746 1521 16 33 1

153 1573 151 47 januari
334 1574 106 34 1931.

293 1623 40 46 Ej
376 1626 68 39 må,
475 1626 39 32 så
541 1623 106 46 länge
674 1622 101 36 detta
802 1622 172 36 kontrakt
1001 1623 126 47 gäller,
1156 1634 122 23 annan
1305 1620 209 36 befraktare
1541 1620 40 36 af
1607 1621 110 35 malm
1746 1624 20 32 å

154 1673 204 48 järnvägen
407 1672 484 48 Gellivare—Riksgränsen
911 1667 8 58 =
943 1673 239 34 tillerkännas
1227 1671 260 46 förmånligare
1531 1671 235 35 fraktvillkor

158 1731 46 27 än
232 1724 175 46 bolaget.»

292 1773 52 35 De
381 1773 276 36 bestämmelser
683 1773 13 35 i
725 1773 208 36 kontraktet
973 1772 68 36 den
1085 1774 19 33 2
1131 1772 73 48 juli
1234 1773 106 42 1898,
1370 1784 77 23 som
1476 1771 203 36 meddelats
1708 1772 56 35 till

158 1824 169 36 säkerhet
366 1823 61 36 för
468 1823 256 49 uppfyllandet
764 1822 41 36 af
841 1822 95 37 hvad
964 1823 147 48 bolaget
1138 1822 117 47 enligt
1283 1835 138 23 samma
1448 1822 174 35 kontrakt
1650 1823 115 48 åtagit

158 1875 67 46 sig,
262 1875 101 36 skola
399 1874 150 36 hänföra
589 1875 56 48 sig
672 1873 106 36 äfven
814 1874 57 35 till
900 1874 44 35 de
972 1873 217 49 åtaganden,
1219 1873 149 36 hvartill
1396 1872 147 48 bolaget
1570 1873 117 47 enligt
1714 1886 49 22 nu

158 1925 158 36 aftalade
344 1924 218 37 förändrade
590 1923 233 38 föreskrifter
849 1924 193 36 förbundit
1071 1924 66 48 sig.

926 2026 68 33 2:0.

292 2124 368 46 Trafikaktiebolaget
689 2123 523 49 Grängesberg—Oxelösund
1240 2123 141 36 ikläder
1408 2124 56 45 sig
1492 2124 139 47 borgen
1647 2127 116 33 såsom

157 2174 59 36 för
244 2187 90 34 egen
362 2174 109 36 skuld
500 2174 57 36 för
586 2173 236 47 fullgörande
849 2174 39 36 af
914 2174 44 35 de
982 2174 259 47 förpliktelser,
1272 2187 76 22 som
1378 2174 122 47 åligga
1520 2173 246 37 Luossavaara
