2238 2618
422 211 40 29 20
609 209 117 32 Andra
749 197 204 44 kammarens
976 209 129 36 tredje
1130 209 172 40 tillfälliga
1326 210 132 31 utskotts
1483 211 166 30 utlåtande
1672 211 53 31 Nr
1748 215 28 28 8.

785 295 119 37 kåren
933 294 119 38 borde
1088 308 143 36 genom
1266 295 259 49 upphävande
1555 310 46 23 av
1630 297 232 38 sambandet
1889 298 116 38 emel-

785 345 63 37 lan
877 345 118 38 kåren
1024 346 71 37 och
1118 350 97 45 väg-
1238 346 73 37 och
1340 347 538 50 vattenbyggnadsstyrelsen
1907 349 10 37 i
1945 349 59 37 sin

785 396 224 38 nuvarande
1038 397 386 49 organisationsform
1454 404 187 43 upphöra.

483 496 222 37 Stockholm
736 496 75 37 den
841 499 20 34 9
891 496 76 49 maj
999 498 107 36 1919.

952 598 52 37 På
1032 598 210 37 utskottets
1271 603 163 44 vägnar:

721 717 10 8 d
959 699 167 38 ERNST
1155 699 268 38 ERIKSSON.

1742 959 123 40 Bilaga
1889 962 29 29 1.

645 1042 66 31 Till
734 1042 208 40 Biksdagens
965 1043 105 31 andra
1094 1043 180 32 kanmares
1299 1043 98 40 tredje
1422 1043 171 40 tillfälliga
1616 1044 127 31 utskott.

483 1126 103 30 Sedan
611 1127 188 39 riksdagens
823 1128 99 30 andra
945 1128 179 31 kammares
1149 1129 102 39 tredje
1275 1129 162 38 tillfälliga
1460 1129 124 30 utskott
1607 1129 9 28 i
1640 1129 153 30 skrivelse
1818 1129 47 29 till
1887 1129 118 38 Kungl.

383 1168 91 38 Maj:t
498 1168 60 30 den
585 1170 31 28 11
647 1170 162 30 nästlidne
833 1170 140 30 februari
997 1170 136 30 anhållit
1157 1181 52 19 om
1235 1171 116 39 Kungl.
1379 1174 67 35 väg-
1470 1171 59 30 och
1555 1170 450 40 vattenbyggnadsstyrelsens

384 1210 149 38 yttrande
557 1212 8 28 i
590 1211 174 39 anledning
788 1222 38 20 av
850 1223 38 20 en
912 1213 88 29 inom
1024 1212 98 31 andra
1146 1213 186 30 kammaren
1356 1224 38 18 av
1418 1215 72 28 herr
1513 1213 165 38 Tengdahl
1702 1213 95 30 väckt
1819 1214 122 29 motion
1969 1224 37 18 nr

382 1253 58 29 281
477 1263 52 20 om
564 1253 153 31 skrivelse
752 1254 49 30 till
836 1255 118 38 Kungl.
991 1256 90 38 Maj:t
1107 1255 163 37 angående
1292 1256 191 38 indragning
1506 1266 38 19 av
1568 1256 117 38 Kungl.
1712 1258 68 36 väg-
1805 1256 56 29 och
1888 1258 120 27 vatten-

383 1295 273 38 byggnadskåren,
681 1296 58 30 har
762 1297 119 38 Kungl.
906 1297 92 39 Maj:t
1022 1298 60 29 den
1109 1298 37 29 18
1171 1308 124 19 samma
1319 1297 116 30 månad
1459 1297 154 30 anbefallt
1638 1300 68 36 väg-
1724 1298 59 29 och
1801 1298 204 38 vattenbygg-

383 1337 238 40 nadsstyrelsen
646 1342 44 26 att
714 1340 113 37 avgiva
851 1339 58 30 och
934 1339 47 30 till
1006 1340 153 29 utskottet
1186 1340 183 30 överlämna
1393 1340 53 30 det
1472 1340 136 39 begärda
1631 1340 174 38 yttrandet.

486 1380 63 29 Till
572 1380 156 39 åtlydnad
753 1381 99 30 härav
875 1382 48 28 får
948 1384 69 36 väg-
1041 1382 58 29 och
1123 1382 433 39 vattenbyggnadsstyrelsen
1582 1383 110 28 anföra
1716 1382 153 39 följande.

486 1422 141 38 Ungefär
651 1433 124 20 samma
799 1424 211 38 synpunkter,
1035 1433 67 20 som
1126 1434 38 19 av
1188 1425 201 29 motionären
1415 1434 43 20 nu
1475 1424 196 30 framhållits
1688 1434 68 20 som
1775 1424 68 30 skäl
1860 1425 48 29 för
1926 1425 78 29 hans

384 1464 194 30 hemställan
603 1475 51 19 om
680 1465 171 39 utredning
874 1466 163 38 angående
1062 1469 67 34 väg-
1153 1466 59 29 och
1238 1467 394 38 vattenbyggnadskårens
1648 1467 203 38 indragning,
1869 1467 81 29 hava
1968 1477 38 19 av

384 1507 119 29 honom
537 1507 86 29 förut
656 1507 122 30 anförts
814 1508 10 28 i
858 1518 38 19 en
931 1509 120 28 motion
1088 1508 52 29 vid
1177 1508 80 30 1917
1282 1509 49 29 års
1355 1508 129 38 riksdag
1507 1519 51 19 om
1583 1508 108 38 avslag
1714 1509 17 28 å
1755 1508 117 39 Kungl.
1898 1509 108 38 Maj:ts

386 1549 196 38 proposition
605 1559 48 20 n:r
679 1550 58 28 149
762 1549 73 30 med
859 1550 117 37 förslag
1000 1550 47 29 till
1071 1550 114 29 kårens
1209 1551 279 37 omorganisation.
1536 1551 77 37 Väg-
1637 1550 57 30 och
1720 1550 287 40 vatténbyggnads-

384 1591 155 38 styrelsen
574 1592 57 29 har
653 1591 107 29 därför
784 1591 97 30 redan
904 1592 10 29 i
938 1591 213 38 underdånigt
1174 1592 168 30 utlåtande
1365 1592 61 30 den
1450 1593 36 29 21
1513 1593 62 38 maj
1603 1593 90 35 1917,
1717 1592 100 30 vilket
1840 1592 166 31 utlåtande

387 1633 57 30 här
466 1634 10 28 i
500 1633 106 39 tryckt
629 1633 165 39 exemplar
817 1634 133 38 bifogas,
975 1634 122 29 bemött
1121 1634 38 29 de
1184 1634 89 30 flesta
1297 1645 38 19 av
1359 1634 38 30 de
1421 1634 206 39 påståenden,
1652 1644 67 20 som
1745 1645 38 19 av
1807 1636 199 29 motionären

385 1675 100 39 gjorts
521 1675 195 30 beträffande
751 1676 114 29 kårens
893 1676 214 38 organisation
1130 1676 59 30 och
1214 1676 52 30 det
1291 1677 165 35 samband,
1480 1687 69 20 som
1574 1677 170 29 förefinnes
1768 1677 117 30 mellan
1910 1677 96 30 kåren

386 1718 58 29 och
471 1720 67 36 väg-
562 1718 58 29 och
645 1718 437 39 vattenbyggnadsstyrelsen
1105 1728 41 19 m.
1172 1729 42 19 m.
1261 1719 48 29 Då
1332 1719 98 29 sedan
1453 1719 72 30 dess
1548 1719 70 30 icke
1642 1720 103 37 någon
1770 1719 135 39 ändring
1921 1720 9 29 i
1948 1720 59 29 för-

385 1759 195 31 hållandena
602 1760 154 35 inträffat,
781 1760 52 29 får
854 1763 67 35 väg-
945 1761 58 29 och
1028 1761 433 39 vattenbyggnadsstyrelsen
1487 1771 43 20 nu
1553 1761 148 39 åberopa,
1726 1761 60 30 vad
1802 1761 39 30 då
1859 1761 148 30 anfördes

384 1802 9 28 i
417 1801 88 30 detta
526 1802 125 30 ärende.

488 1844 188 31 Emellertid
710 1845 41 29 ha
785 1845 9 28 i
830 1844 60 30 den
926 1855 63 28 nya
1022 1846 162 29 motionen
1208 1845 133 30 uttalats
1365 1846 95 37 några
1485 1855 62 29 nya
1570 1845 206 39 påståenden,
1800 1855 68 20 som
1891 1846 9 28 i
1924 1845 84 30 kort-

387 1886 54 29 het
475 1886 89 30 torde
599 1887 75 29 böra
699 1887 152 29 bemötas.
898 1887 200 30 Motionären
1121 1887 188 30 framhåller
1333 1887 39 30 bl.
1398 1897 37 26 a.,
1460 1890 47 27 att
1530 1888 98 30 sedan
1652 1888 119 38 Kungl.
1796 1888 93 38 Maj:t
1911 1888 96 29 fram-

386 1928 71 30 lade
481 1928 49 30 sin
555 1928 117 38 nådiga
695 1929 199 39 proposition
919 1930 164 37 angående
1106 1930 114 29 kårens
1244 1930 281 38 omorganisation,
1550 1930 75 30 flera
1648 1931 85 29 förut
1758 1931 8 28 i
1791 1929 131 30 ärendet
1938 1929 69 30 icke

388 1970 100 30 hörda
510 1970 93 30 civila
626 1971 227 39 myndigheter
874 1972 104 29 såsom
1001 1972 149 30 tekniska
1172 1972 186 38 högskolan,
1383 1973 158 37 järnvägs-
1559 1973 58 29 och
1635 1971 372 40 vattenfallstyrelserna,

388 2012 136 31 svenska
559 2013 340 39 teknologföreningen
925 2024 41 19 m.
991 2014 29 29 fl.
1047 2014 119 38 avgivit
1189 2014 189 30 utlåtanden
1403 2015 57 29 och
1485 2015 73 29 med
1582 2014 70 30 stöd
1676 2025 39 19 av
1739 2024 37 20 en
1801 2013 119 39 mängd
1943 2014 66 29 sak-

388 2054 67 30 skäl
491 2055 219 30 understrukit
745 2055 223 39 skadligheten
1004 2066 38 21 av
1076 2056 61 30 den
1164 2056 129 30 berörda
1319 2057 344 39 sammankopplingen
1686 2057 118 29 mellan
1829 2056 96 30 kåren
1951 2056 58 30 och

386 2097 165 39 styrelsen.

488 2140 119 38 Kungl.
642 2140 155 38 styrelsen
832 2140 56 30 vill
922 2141 9 28 i
955 2141 172 38 anledning
1150 2141 98 30 härav
1271 2141 102 29 erinra
1397 2151 61 25 om,
1483 2144 47 27 att
1552 2141 148 37 samtliga
1722 2141 10 27 i
1756 2140 131 30 ärendet
1909 2140 101 30 hörda

388 2181 140 30 militära
562 2181 234 40 myndigheter,
831 2183 104 30 såsom
970 2183 112 30 chefen
1117 2184 49 29 för
1189 2183 251 39 generalstaben,
1464 2183 113 30 chefen
1603 2184 46 28 för
1673 2183 252 30 fortifikationen
1950 2183 58 30 och

387 2224 205 39 inspektören
626 2225 49 29 för
708 2224 318 32 militärläroverken,
1061 2227 39 37 på
1134 2226 53 29 det
1222 2226 185 38 kraftigaste
1431 2225 153 39 tillstyrkt
1609 2225 52 30 det
1686 2235 38 19 av
1748 2224 39 31 de
1810 2224 200 38 sakkunnige

389 2267 34 29 år
446 2264 80 32 1916
550 2266 178 40 framlagda
751 2267 148 38 förslaget
925 2267 46 31 till
998 2268 268 38 omorganisation
1292 2278 38 20 av
1356 2270 65 36 väg-
1439 2268 58 29 och
1515 2267 386 41 vattenbyggnadskåren,
1918 2269 92 30 även-
