2208 2622
464 190 117 31 Andra
604 189 201 31 kammarens
829 187 128 37 tredje
984 186 170 39 tillfälliga
1179 184 132 31 utskotts
1335 183 166 31 utlåtande
1525 182 51 31 Nr
1599 187 27 25 S.
1789 181 15 30 T

345 277 53 35 De
427 277 97 35 efter
553 279 39 33 år
624 277 93 34 1885
746 274 210 37 utnämnda
984 273 221 36 officerarne
1234 271 97 36 hava
1356 269 222 49 skyldighet
1607 272 53 32 att
1689 269 98 45 avgå
1806 279 44 22 ur

244 328 117 35 kåren
389 326 63 36 vid
482 328 46 35 65
555 330 59 33 års
643 326 115 36 ålder.

343 378 80 36 Den
453 380 20 33 9
512 376 166 37 februari
712 377 93 35 1906
832 373 265 46 förordnades,
1127 377 54 31 att
1209 371 222 36 officerarne
1461 369 61 36 vid
1554 374 88 42 väg-
1670 368 69 36 och
1771 372 78 30 vat-

243 428 393 49 tenbyggnadskåren
678 432 64 30 äro
780 431 54 31 att
863 425 119 36 räkna
1010 424 56 36 till
1097 435 151 24 armens
1276 421 212 47 övertaliga
1518 418 189 49 personal,
1737 418 9 35 i
1776 417 72 36 den

245 482 86 34 mån
373 479 64 35 det
480 478 111 46 följer
631 491 46 22 av
714 477 46 35 de
789 490 59 22 om
879 475 124 36 denna
1026 474 69 36 kår
1123 472 179 49 gällande
1331 470 189 38 särskilda
1548 467 302 46 bestämmelser,

245 530 70 35 och
357 527 251 37 förordnades
637 527 72 35 den
743 528 42 33 14
815 524 169 37 februari
1016 526 95 34 1913
1141 528 133 30 utöver
1303 522 72 36 vad
1404 520 180 49 gällande
1613 519 237 48 reglemente

245 580 232 35 bestämmer
506 577 162 37 rörande
698 576 112 36 deras
839 573 381 50 krigstjänstgöring,
1246 578 55 30 att
1331 572 137 35 kårens
1498 569 196 36 officerare
1723 569 129 35 kunna

245 629 162 36 inkallas
431 628 57 36 till
518 627 140 37 militär
686 626 274 48 tjänstgöring,
989 624 48 36 då
1065 622 262 49 värnpliktiga
1355 621 163 36 inkallas
1547 619 56 37 till
1632 619 118 36 rikets
1779 618 73 36 för-

245 693 99 33 svar,
387 679 150 36 ändock
566 683 55 31 att
648 677 229 37 inkallelsen
906 688 112 24 avser
1046 672 277 49 mobilisering,
1353 676 99 32 samt
1480 671 47 36 då
1555 669 186 48 beväring
1765 669 86 35 has-

244 731 75 49 tigt
346 730 163 36 inkallas
536 729 58 36 till
623 726 428 51 repetitionsövningar.

346 780 73 37 Vid
447 780 139 36 kårens
615 780 120 36 första
763 777 254 50 uppsättning
1037 775 229 36 utnämndes
1287 774 161 48 tjuguen
1468 771 196 38 officerare
1685 784 47 24 av
1752 770 101 36 olika

245 832 152 48 grader,
438 830 195 49 nämligen
661 843 47 23 en
737 834 150 31 överste
916 827 71 37 och
1011 826 90 37 chef
1123 826 57 36 för
1200 826 129 45 kåren,
1353 823 122 37 tillika
1499 822 263 37 överdirektör
1782 820 71 37 och

247 882 91 36 chef
359 882 58 36 för
444 887 93 42 väg-
566 881 70 36 och
660 876 549 52 vattenbyggnadsstyrelsen,
1238 889 46 22 en
1314 873 320 48 överstelöjtnant
1654 872 70 37 och
1745 872 109 48 byrå-

247 932 99 46 chef,
383 932 72 52 fem
481 930 163 48 majorer
673 931 70 35 och
772 928 320 44 distriktschefer,
1120 932 58 30 tre
1207 926 184 47 kaptener
1411 930 100 30 samt
1530 923 85 36 elva
1635 923 217 47 löjtnanter.

346 985 53 33 År
430 983 95 35 1860
553 981 169 49 uppgick
751 979 144 37 antalet
925 978 54 36 till
1007 976 230 49 trettiofyra,
1260 976 95 35 1870
1375 974 56 36 till
1456 973 185 48 sextiosju
1662 973 69 36 och
1758 973 94 35 1876

247 1033 56 36 till
332 1032 223 49 sjuttiofem.
609 1032 110 36 Efter
748 1031 106 36 detta
883 1033 39 33 år
950 1028 167 48 nedgick
1142 1027 143 36 antalet
1313 1028 41 34 så
1381 1024 255 49 småningom,
1661 1026 42 34 så
1732 1028 54 31 att
1814 1025 40 34 år

250 1085 93 36 1886
374 1083 136 37 endast
539 1083 213 36 femtioåtta
781 1081 196 37 officerare
1006 1079 139 36 funnes
1172 1077 12 36 i
1208 1077 128 37 kåren.

346 1134 147 37 Genom
523 1134 103 36 förut
652 1132 168 38 nämnda
847 1131 142 49 nådiga
1016 1129 96 37 brev
1136 1142 47 23 av
1211 1128 73 36 den
1316 1129 43 34 12
1381 1127 83 48 juni
1497 1128 95 35 1885
1620 1125 233 44 föreskrevs,

248 1190 55 32 att
331 1185 207 37 kårchefen
565 1184 83 37 icke
676 1183 119 37 borde
825 1181 146 50 årligen
1000 1179 143 38 föreslå
1169 1179 93 36 flera
1282 1183 47 32 än
1358 1178 115 48 högst
1500 1183 57 30 tre
1582 1176 56 36 till
1666 1175 149 37 inträde
1843 1174 11 35 i

247 1236 129 46 kåren,
404 1235 119 37 vilket
551 1236 103 36 antal
682 1233 212 38 emellertid
921 1236 39 33 år
991 1233 93 35 1897
1115 1229 143 37 ökades
1286 1228 55 37 till
1370 1228 88 47 fem,
1490 1229 95 35 1904
1610 1227 55 37 till
1687 1230 77 33 åtta
1784 1225 71 37 och

251 1288 96 36 1910
374 1286 58 36 till
459 1286 65 37 tio.

344 1337 75 36 För
447 1340 39 33 år
512 1338 96 34 1915
638 1335 168 38 räknade
835 1334 118 37 kåren
984 1335 71 34 164
1083 1331 208 38 officerare.

340 1538 152 49 Frågan
526 1551 36 23 om
600 1542 106 43 :väg-
731 1537 71 37 och
836 1535 483 50 vattenbyggnadskårens
1353 1531 263 49 organisation
1649 1530 71 36 och
1752 1529 105 37 ställ-

250 1591 93 47 ning
383 1589 68 36 har
492 1589 121 37 under
654 1600 134 24 senare
816 1586 100 38 tider
944 1587 60 36 vid
1036 1585 221 50 upprepade
1287 1583 176 37 tillfällen
1489 1588 138 44 ägnats
1651 1581 206 49 uppmärk-

250 1641 151 37 samhet
432 1640 85 37 från
545 1639 101 37 olika
673 1638 88 37 håll.

351 1691 17 37 I
408 1689 236 38 reservation
684 1689 58 37 till
783 1688 243 38 betänkande
1069 1687 154 48 avgivet
1246 1699 47 23 av
1321 1682 536 51 löneregleringskommittén

251 1744 73 36 den
359 1744 22 33 4
406 1741 169 37 februari
606 1742 91 35 1911
730 1740 201 47 angående
959 1743 95 44 väg-
1081 1739 71 36 och
1180 1734 535 52 vattenbyggnadsstyrelsen
1743 1737 114 46 påpe-

251 1793 99 38 kade
392 1792 88 37 Carl
521 1792 167 36 Persson
729 1790 12 37 i
783 1789 242 38 BStallerhullt
1053 1788 302 49 olämpligheten
1377 1801 58 32 av,
1464 1791 56 31 att
1547 1785 310 48 tjänstemännen

251 1844 102 37 inom
382 1843 168 37 nämnda
578 1841 163 50 styrelse
771 1861 45 5 —
842 1855 81 22 som
947 1840 42 48 ju
1015 1853 91 23 vore
1135 1846 54 30 ett
1217 1838 105 37 civilt
1349 1838 92 36 verk
1462 1857 46 4 —
1534 1835 200 49 samtidigt
1760 1835 99 38 tillä-

251 1904 60 28 tos
352 1894 157 37 kvarstå
549 1893 71 37 och
661 1892 116 37 vinna
818 1891 207 38 befordran
1067 1903 80 24 som
1173 1890 196 36 officerare
1398 1888 63 37 vid
1489 1892 94 44 väg-
1610 1887 72 36 och
1710 1892 149 31 vatten-

251 1945 339 50 byggnadskåren.
629 1944 261 36 Reservanten
919 1941 209 50 påyrkade,
1157 1946 55 31 att
1244 1940 225 37 officerarna
1496 1937 64 38 vid
1580 1938 117 37 kåren
1722 1937 136 46 skulle,

253 1997 48 37 då
341 1997 47 36 de
426 1995 250 37 befordrades
715 1994 58 37 till
815 1993 190 37 ordinarie
1047 1992 232 48 statstjänst,
1321 2004 91 24 vara
1446 1989 180 49 skyldiga
1666 1994 55 32 att
1761 1992 99 45 avgå

252 2048 83 36 från
364 2048 84 35 sina
475 2044 279 50 beställningar
781 2044 65 37 vid
873 2044 129 37 kåren.

354 2147 64 38 Uti
445 2147 231 49 riksdagens
702 2144 185 38 skrivelse
917 2144 73 37 den
1020 2145 46 35 30
1096 2144 74 48 maj
1198 2144 93 36 1911
1322 2142 200 50 angående
1552 2141 245 50 regleringen
1813 2154 46 24 av

254 2199 211 50 utgifterna
480 2198 122 37 under
619 2198 115 48 sjätte
750 2195 244 38 huvudtiteln
1008 2195 72 37 och
1094 2200 92 44 väg-
1202 2194 72 37 och
1290 2193 480 49 vattenbyggnadsstaten,
1785 2197 76 44 ytt-

254 2251 124 46 rades,
420 2255 55 32 att
506 2248 222 50 riksdagen,
758 2261 80 24 som
868 2247 200 47 inhämtat,
1098 2250 54 32 att
1181 2245 109 49 fråga
1318 2244 172 50 förelåge
1520 2257 59 24 om
1609 2242 251 51 upphörande

1890 2147 174 33 Riksdagens

1878 2181 129 27 skrivelse
2030 2180 49 29 den

1879 2216 35 25 30
1932 2215 58 33 maj
2004 2215 76 26 1911.
