1904 2822
59 1347 177 31 Utbildnings-

73 1382 91 23 kurser
181 1383 42 29 för

87 1416 122 24 kontroll-

66 1450 160 26 assistenter.

107 1486 82 40 [25.]

80 1818 135 24 Utskottet.

57 2156 177 31 Utbildnings-

67 2192 90 22 kurser
174 2192 44 29 för

66 2225 154 31 ladugårds-

61 2261 104 29 förmän
183 2262 45 22 och

57 2295 169 24 svinskötare.

99 2330 80 38 [26-]

316 137 17 29 6
667 140 393 33 Jordbruksutskottets
1090 141 186 31 utlåtande
1305 142 53 30 Nr
1384 141 29 30 2.

315 213 174 31 Utskottet
511 224 99 21 anser
632 215 12 29 i
663 214 109 31 likhet
787 215 77 30 med
879 216 257 30 motionärerna
1152 216 156 36 vägande
1323 217 76 31 skäl
1416 218 71 30 tala
1503 218 54 30 för
1571 219 209 35 inrättande,

271 266 43 35 på
348 266 68 30 sätt
449 266 320 31 centralanstaltens
803 267 142 37 styrelse
969 267 193 37 ifrågasatt,
1192 279 45 20 av
1260 279 42 21 en
1327 269 220 37 försöksgård
1570 270 134 36 jämväl
1727 272 55 30 för

271 318 173 31 mellersta
477 317 184 37 Norrland,
696 329 43 21 en
773 319 197 36 anordning
993 330 73 21 som
1090 321 166 31 utskottet
1279 322 53 30 för
1354 322 116 37 övrigt
1497 322 112 31 finner
1632 333 85 21 vara
1739 333 41 21 en

271 370 154 36 naturlig
448 371 215 31 konsekvens
686 382 46 20 av
754 371 67 31 den
844 372 168 35 ställning
1036 372 12 30 i
1073 372 222 32 förevarande
1311 374 177 36 avseende,
1505 385 73 21 som
1595 375 184 37 riksdagen

271 422 105 30 redan
410 422 138 36 intagit.
596 421 31 32 Å
650 423 110 31 andra
795 423 99 31 sidan
927 433 100 22 anser
1050 425 53 35 sig
1126 425 164 31 utskottet
1313 426 73 30 icke
1410 426 93 34 böra,
1526 428 113 29 såsom
1662 427 119 31 motio-

269 475 147 29 närerna
450 483 89 27 avse,
575 474 138 36 påkalla
748 474 258 37 framställning
1034 476 212 31 härutinnan
1270 477 56 31 till
1350 477 84 31 1930
1458 478 57 31 års
1538 478 140 37 riksdag
1700 488 79 23 men

270 528 40 29 är
343 527 190 37 övertygat,
558 528 51 31 att
643 527 132 37 Kungl.
801 527 100 37 Maj:t
933 528 86 31 skall
1055 528 56 31 vid
1137 528 144 38 lämplig
1305 530 165 36 tidpunkt
1494 531 176 37 förelägga
1694 532 85 31 riks-

270 579 110 36 dagen
404 579 128 37 förslag
557 580 12 31 i
592 583 125 28 ämnet.

313 631 118 31 Under
453 632 215 37 åberopande
691 644 45 19 av
759 633 56 31 det
838 634 145 30 anförda
1006 635 198 29 hemställer
1228 636 175 34 utskottet,

716 720 53 29 att
793 719 183 36 riksdagen
1000 721 58 28 må

717 772 28 37 1)
770 771 77 31 med
871 771 100 31 bifall
995 772 55 30 till
1071 772 133 36 Kungl.
1222 772 117 38 Maj:ts
1355 774 222 31 förevarande
1594 776 186 30 framställ-

671 824 85 35 ning
780 824 55 30 för
857 824 202 36 budgetåret
1083 823 186 42 1929/1930
1292 826 125 30 anvisa

714 876 75 30 dels
812 876 54 30 för
888 877 231 35 upprättande
1142 877 59 31 vid
1225 877 122 31 Lanna
1369 878 236 36 Borregården
1626 880 12 30 i
1655 880 123 36 Saleby

670 927 123 31 socken
827 937 45 21 av
906 928 214 37 Skaraborgs
1155 929 58 30 län
1247 940 45 19 av
1326 940 42 20 en
1392 930 68 31 fast
1483 930 219 37 försöksgård
1725 932 53 31 för

669 979 201 36 Jordbruket
893 981 48 30 ett
964 982 98 29 extra
1078 981 351 37 reservationsanslag
1445 992 45 21 av
1506 983 118 36 79,400
1641 984 136 36 kronor,

712 1032 76 31 dels
822 1032 66 32 ock
922 1033 54 31 till
1011 1032 273 33 driftkostnader
1306 1034 54 31 för
1383 1035 152 31 nämnda
1558 1035 218 37 försöksgård

666 1086 48 29 ett
738 1086 98 30 extra
859 1085 120 36 anslag
1002 1096 45 20 av
1071 1086 118 35 22,000
1212 1086 137 36 kronor,

711 1137 33 36 2)
767 1138 51 29 att
852 1137 40 30 de
920 1137 124 31 väckta
1067 1138 215 31 motionerna
1304 1138 28 31 I:
1346 1139 40 29 45
1411 1139 61 30 och
1497 1140 45 29 II:
1557 1140 40 29 93
1622 1141 74 30 icke
1720 1143 57 28 må

670 1188 178 30 föranleda
872 1190 112 35 någon
1009 1189 199 36 riksdagens
1232 1190 132 35 åtgärd.

311 1342 62 37 3:0)
400 1340 362 42 Utbildningskurser
774 1341 59 34 för
845 1343 388 33 kontrollassistenter.
1258 1345 117 31 Under
1387 1346 111 36 punkt
1511 1346 41 30 25
1575 1346 55 31 har
1657 1336 118 57 Kungl.

268 1393 100 36 Maj:t
383 1393 178 37 föreslagit
576 1394 184 37 riksdagen
773 1396 50 30 att
835 1395 55 31 till
903 1396 221 31 anordnande
1135 1406 46 21 av
1194 1396 340 38 utbildningskurser
1546 1398 55 31 för
1613 1399 163 31 kontroll-

267 1445 198 31 assistenter
498 1447 122 30 anvisa
656 1446 54 31 för
733 1446 203 37 budgetåret
959 1448 187 41 1929/19380
1170 1450 48 29 ett
1241 1450 97 30 extra
1362 1449 346 38 reservationsanslag
1730 1461 45 20 av

268 1498 114 35 12,000
406 1499 134 31 kronor.

310 1550 69 31 Till
404 1551 338 37 utbildningskurser
765 1553 53 30 för
841 1553 348 31 kontrollassistenter
1213 1554 63 30 har
1300 1555 182 36 riksdagen
1506 1556 138 30 anvisat
1667 1556 108 31 medel

268 1602 166 31 alltsedan
469 1603 95 31 1911.
610 1604 276 31 Medelsbehovet
919 1605 54 30 för
1006 1607 48 29 ett
1089 1608 78 28 vart
1201 1616 43 20 av
1282 1607 38 30 de
1354 1609 132 29 senaste
1521 1607 18 31 3
1563 1607 212 36 budgetåren

269 1654 64 31 har
369 1655 180 31 beräknats
584 1656 54 31 till
663 1657 118 35 14,000
804 1657 135 31 kronor.
988 1655 32 33 Å
1043 1658 156 36 anslaget
1223 1658 64 30 har
1310 1659 53 30 till
1390 1659 64 30 den
1480 1661 17 28 1
1521 1660 68 35 juli
1614 1660 85 30 1929
1723 1660 52 30 be-

733 1709 9 9 2

267 1707 142 30 räknats
432 1716 40 21 en
496 1708 211 31 reservation
729 1719 20 20 å
773 1709 161 36 omkring
959 1709 95 36 2,000
1079 1710 134 30 kronor.

308 1811 317 37 Framställningen
649 1812 191 36 tillstyrkes
863 1823 45 20 av
932 1813 173 34 utskottet,
1130 1823 72 21 som
1226 1814 102 30 alltså
1351 1814 209 36 hemställer,

707 1900 52 29 att
782 1898 182 37 riksdagen
988 1900 56 29 må
1066 1899 55 30 till
1136 1899 220 31 anordnande
1372 1909 44 20 av
1432 1900 342 36 utbildningskurser

664 1950 52 30 för
750 1950 349 31 kontrollassistenter
1133 1951 123 31 anvisa
1283 1951 54 31 för
1361 1951 202 37 budgetåret
1585 1950 187 42 1929/19380

664 2004 47 29 ett
735 2004 96 29 extra
856 2003 351 36 reservationsanslag
1232 2014 43 20 av
1301 2003 117 36 12,000
1443 2004 136 31 kronor.

307 2149 63 37 4:0)
405 2148 369 40 Utbildningskurser
807 2148 59 32 för
900 2147 337 42 ladugårdsförmän
1273 2149 66 32 och
1372 2149 235 33 svinskötare.
1654 2150 119 33 Under

264 2200 111 36 punkt
408 2201 41 30 26
477 2201 64 31 har
565 2201 131 36 Kungl.
722 2201 100 37 Maj:t
845 2202 179 36 föreslagit
1049 2201 186 37 riksdagen
1258 2203 50 30 att
1332 2202 52 31 för
1407 2202 223 32 anordnande
1653 2214 47 20 av
1722 2205 51 30 ut-

264 2252 299 37 bildningskurser
598 2254 52 30 för
674 2253 324 36 ladugårdsförmän
1022 2254 61 30 och
1108 2254 216 31 svinskötare
1346 2255 123 30 anvisa
1495 2255 53 30 för
1571 2255 201 36 budgetåret

266 2303 185 42 1929/1930
474 2307 48 29 ett
544 2307 98 29 extra
665 2306 349 35 reservationsanslag
1038 2316 44 20 av
1107 2306 117 35 21,500
1248 2306 135 31 kronor.

308 2357 391 37 (Statsrådsprotokollet
721 2358 62 30 sid.
808 2358 153 37 41—46.)

308 2409 197 37 Riksdagen
520 2410 64 31 har
599 2410 110 31 under
725 2410 88 31 flera
828 2411 40 30 år
883 2411 139 30 anvisat
1036 2411 120 36 anslag
1172 2410 56 32 till
1243 2410 222 33 anordnande
1479 2421 46 21 av
1541 2412 232 37 utbildnings-

264 2462 120 30 kurser
418 2462 53 30 för
506 2462 321 36 ladugårdsförmän
861 2464 89 29 samt
974 2463 78 30 från
1087 2463 61 30 och
1185 2463 75 31 med
1296 2464 83 30 1918
1415 2464 133 36 jämväl
1572 2464 56 31 till
1652 2464 119 38 dylika
