1930 2830
1632 174 13 8 -

616 185 262 30 Statsutskottets
902 182 166 30 utlåtande
1092 191 37 19 nr
1155 183 27 27 6.
1613 176 37 29 15

205 260 114 31 Under
337 259 152 31 krisåren
510 268 81 21 voro
612 257 162 41 anslagen
792 257 53 30 för
864 254 222 41 vägändamål
1106 253 107 31 starkt
1232 252 179 31 beskurna.
1443 250 79 31 Icke
1542 249 107 31 heller

147 314 54 31 för
226 313 203 42 budgetåret
456 311 134 32 1946/47
618 311 113 31 kunde
757 309 263 41 anvisningarna
1045 308 54 30 till
1125 305 244 43 vägunderhåll
1397 304 62 31 och
1485 302 165 42 vägbygg-

149 370 106 31 nader
279 369 138 41 bringas
442 379 70 30 upp
536 367 54 30 till
614 378 41 20 en
678 365 87 39 nivå,
792 375 72 20 som
889 363 77 31 med
989 363 133 39 hänsyn
1144 360 56 31 till
1225 360 58 31 det
1306 357 157 42 stegrade
1486 356 165 43 prisläget

149 421 142 32 svarade
312 423 70 29 mot
403 419 264 40 anvisningarna
688 418 108 31 under
817 416 57 32 det
895 415 86 32 sista
1003 413 360 42 förkrigsbudgetåret.
1397 411 19 31 I
1438 408 212 33 förhållande

149 476 54 31 till
220 475 203 41 budgetåret
444 473 136 32 1945/46
599 471 239 42 möjliggjorde
858 470 86 31 dock
965 469 170 41 ökningen
1155 479 40 19 av
1214 463 437 35 automobilskattemedlen

151 540 40 20 en
213 528 166 41 väsentlig
396 527 144 41 höjning
558 537 40 20 av
616 525 225 41 väganslagen
861 524 53 30 för
931 521 228 32 innevarande
1177 520 166 41 budgetår
1361 538 42 3 —
1422 518 64 31 den
1506 516 146 43 uppgick

150 581 51 30 till
229 580 129 31 inemot
381 580 40 31 60
446 579 159 41 miljoner
629 579 132 30 kronor.

204 636 96 31 Även
322 636 53 30 för
396 634 204 41 budgetåret
623 631 134 32 1947/48
779 631 60 30 har
861 641 41 20 en
925 628 193 42 betydande
1142 627 126 41 ökning
1290 637 40 20 av
1352 625 227 41 väganslagen
1600 624 52 30 be-

151 691 112 31 dömts
292 700 79 20 vara
398 687 128 42 möjlig.
567 685 125 41 Kungl.
722 684 118 41 Maj:ts
869 683 130 42 förslag
1026 682 13 31 i
1068 679 449 43 statsverkspropositionen
1546 678 107 31 under

151 739 161 32 rubriken
331 737 256 42 Vägunderhåll
607 737 62 31 och
688 733 261 43 vägbyggnader
968 732 143 32 innebär
1130 731 145 32 sålunda
1293 742 42 20 en
1355 730 127 41 ökning
1501 730 11 30 i
1532 728 121 32 förhål-

152 791 100 32 lande
276 791 53 30 till
352 788 228 32 innevarande
603 787 166 41 budgetår
790 786 77 31 med
889 785 129 31 inemot
1042 784 39 31 70
1104 783 159 41 miljoner
1284 782 133 31 kronor.
1441 780 130 31 Därvid
1593 779 60 31 har

149 842 137 31 räknats
300 841 77 31 med
391 841 50 30 att
455 838 255 43 ifrågavarande
725 837 184 32 kostnader
923 835 97 32 skola
1032 834 108 32 hållas
1154 834 92 30 inom
1261 843 113 21 ramen
1389 832 55 30 för
1457 829 197 33 automobil-

153 892 256 37 skattemedlen,
433 902 73 20 som
529 891 53 30 för
603 891 97 30 nästa
720 888 166 41 budgetår
906 886 183 32 beräknats
1112 887 114 39 uppgå
1247 884 53 31 till
1321 882 61 32 255
1404 882 159 41 miljoner
1583 881 71 30 kro-

152 958 63 20 nor
232 949 71 29 mot
320 946 59 31 180
396 945 160 41 miljoner
571 943 124 30 kronor
712 941 54 31 för
780 938 228 32 innevarande
1026 937 175 41 budgetår.
1233 934 202 32 Sedermera
1449 933 63 30 har
1527 931 125 42 Kungl.

153 996 102 42 Maj:t
273 998 12 30 i
305 995 168 32 särskilda
492 991 254 44 propositioner
764 990 158 41 framlagt
942 988 138 40 förslag,
1100 986 99 37 vilka,
1222 996 55 20 om
1296 985 40 31 de
1355 983 139 32 bifallas
1515 994 40 20 av
1574 982 80 30 riks-

154 1048 119 42 dagen,
292 1047 131 31 komma
443 1048 49 29 att
510 1043 153 32 medföra
681 1045 48 29 ett
748 1039 264 34 överskridande
1032 1050 40 19 av
1092 1037 143 40 angivna
1255 1047 70 19 ram
1344 1034 78 32 med
1441 1033 154 41 omkring
1614 1042 41 20 en

152 1100 79 31 halv
251 1099 121 41 miljon
390 1098 134 30 kronor.

208 1150 68 31 Det
297 1152 36 28 är
353 1148 201 42 uppenbart,
575 1149 49 28 att
646 1147 52 29 för
719 1143 207 32 närvarande
948 1141 133 42 mycket
1101 1142 92 29 stora
1213 1138 110 31 behov
1345 1136 165 41 föreligga
1529 1135 13 31 i
1562 1135 94 40 fråga

155 1214 55 20 om
240 1203 93 31 såväl
363 1201 209 32 underhålls-
603 1210 73 21 som
706 1197 234 41 förbättrings-
972 1195 63 31 och
1065 1191 366 44 nybyggnadsarbeten
1461 1190 92 30 inom
1582 1189 74 39 väg-

155 1257 182 32 väsendets
363 1255 146 31 område.
548 1253 153 31 Orsaken
724 1250 117 32 härtill
865 1251 36 29 är
926 1251 50 28 att
1001 1247 84 32 söka
1108 1246 72 32 icke
1206 1245 89 32 blott
1319 1244 11 31 i
1356 1244 65 31 den
1445 1241 210 43 begränsade

154 1308 372 42 medelstilldelningen
547 1307 61 31 och
629 1305 218 41 knappheten
866 1305 43 40 på
928 1301 155 32 material
1103 1300 62 31 och
1186 1298 206 32 arbetskraft
1411 1297 108 31 under
1538 1306 117 21 senare

155 1367 36 29 år
216 1366 82 29 utan
325 1362 123 43 jämväl
474 1361 82 37 däri,
584 1362 49 29 att
658 1357 228 43 vägväsendet
910 1356 108 31 under
1044 1354 231 41 förkrigsåren
1299 1352 72 31 helt
1395 1350 164 41 naturligt
1584 1349 72 31 icke

155 1415 114 32 kunde
301 1414 167 40 utbyggas
501 1412 12 30 i
544 1422 41 20 en
617 1410 80 37 takt,
729 1419 73 21 som
833 1407 142 32 svarade
1006 1409 71 28 mot
1096 1403 239 41 utvecklingen
1354 1413 40 20 av
1415 1402 65 31 den
1501 1400 157 42 plötsligt

155 1463 175 31 ansvällda
353 1461 212 41 vägtrafiken
590 1460 62 31 och
676 1457 217 32 önskemålen
918 1458 50 29 att
991 1456 94 30 förse
1106 1453 237 41 landsbygden
1367 1451 77 31 med
1467 1450 189 41 vägförbin:

157 1517 121 31 delser.
311 1516 76 30 Den
410 1514 128 41 ökning
559 1524 39 20 av
619 1511 235 42 väganslagen,
878 1520 73 21 som
972 1508 157 32 bedömts
1150 1506 120 41 möjlig
1290 1506 52 30 för
1364 1506 98 29 nästa
1481 1503 175 41 budgetår,

156 1568 75 38 kan,
260 1570 113 29 såsom
401 1563 374 44 departementschefen
804 1561 195 38 framhållit,
1027 1560 73 32 icke
1128 1570 100 21 anses
1255 1559 43 31 ha
1324 1558 136 41 bringat
1489 1568 68 30 upp
1585 1558 73 39 väg-

157 1623 162 40 anslagen
338 1622 53 30 till
410 1632 41 19 en
470 1620 87 31 nivå,
577 1630 73 20 som
668 1620 186 29 motsvarar
872 1616 165 31 behoven.
1067 1615 69 30 Det
1154 1614 160 30 framstår
1331 1612 116 31 därför
1464 1613 112 30 såsom
1596 1610 62 31 för-

157 1675 147 42 klarligt,
323 1677 49 29 att
388 1673 203 32 motionsvis
610 1671 199 32 framställts
827 1669 174 42 yrkanden
1019 1680 54 20 om
1090 1668 73 31 icke
1181 1666 211 41 oväsentliga
1408 1664 182 42 höjningar
1606 1664 53 30 be-

158 1728 172 32 träffande
348 1728 118 40 anslag
485 1727 53 30 för
558 1726 89 31 olika
666 1724 229 42 vägändamål.
927 1722 227 41 Förefintliga
1173 1720 217 42 möjligheter
1408 1722 49 29 att
1476 1718 182 42 tillgodose

158 1782 156 31 behoven
335 1782 106 30 måste
463 1779 189 32 emellertid
673 1778 161 32 bedömas
856 1777 72 31 icke
950 1776 120 32 endast
1091 1778 113 29 såsom
1225 1786 40 20 en
1286 1775 94 41 fråga
1401 1785 54 20 om
1476 1773 183 31 medelsan-

159 1833 237 41 visningarnas
415 1832 140 37 storlek;
575 1832 10 30 i
604 1831 107 41 själva
729 1831 115 30 verket
863 1831 88 30 lärer
969 1830 11 30 i
998 1828 194 32 nuvarande
1212 1828 164 31 situation
1393 1828 91 40 läget
1502 1829 44 39 på
1562 1829 98 28 mate-

160 1892 73 30 rial-
260 1891 62 31 och
349 1889 140 31 framför
514 1888 61 31 allt
599 1885 321 33 arbetsmarknaden
946 1884 49 31 bli
1020 1883 190 40 avgörande
1237 1883 53 29 för
1314 1882 66 30 den
1404 1881 81 37 takt,
1511 1881 12 30 i
1548 1880 113 31 vilken

158 1940 247 41 vägväsendets
429 1938 163 32 standard
616 1938 64 30 kan
703 1936 98 40 höjas
827 1936 62 30 och
912 1936 160 38 vägnätet
1096 1933 176 41 utbyggas.
1307 1933 52 29 Av
1383 1931 278 41 statsrådsproto-

159 1995 107 30 kollet
285 1995 154 39 framgår,
460 1995 47 28 att
529 1990 326 40 förutsättningarna
875 1990 53 29 för
947 1999 42 20 en
1008 1987 87 31 ökad
1115 1984 456 43 vägbyggnadsverksamhet
1589 1984 72 31 icke

160 2047 98 31 torde
278 2058 79 20 vara
377 2047 101 30 stora.
512 2043 218 32 Härutinnan
752 2043 51 30 får
823 2041 168 32 utskottet
1010 2040 142 31 hänvisa
1171 2039 54 31 till
1246 2039 151 41 följande
1419 2038 92 31 tablå
1536 2038 37 41 (s.
1596 2038 65 40 16),

161 2109 73 20 som
253 2097 215 32 beträffande
488 2096 91 31 vissa
599 2094 182 41 väganslag
800 2091 266 33 sammanställts
1086 2091 77 30 med
1182 2090 140 40 ledning
1341 2101 39 19 av
1401 2090 261 40 departements-

161 2146 140 32 chefens
329 2146 95 41 (eller
446 2144 425 40 budgetredovisningens)
899 2141 176 42 uppgifter
1100 2141 174 40 (siffrorna
1297 2141 9 29 i
1331 2140 158 41 miljoner
1511 2139 150 40 kronor).

215 2201 52 30 Av
285 2198 144 33 berörda
449 2197 94 31 tablå
562 2197 153 39 framgår,
736 2198 48 28 att
804 2194 57 31 det
880 2193 109 33 under
1007 2192 202 41 budgetåret
1231 2191 135 31 1945/46
1386 2190 72 32 icke
1478 2190 87 31 varit
1584 2189 79 40 möj-

162 2249 64 40 ligt
243 2250 10 30 i
273 2251 110 38 någon
402 2249 109 29 större
529 2245 235 41 utsträckning
782 2244 195 40 genomföra
999 2243 65 30 den
1083 2242 237 40 arbetsvolym,
1340 2251 72 20 som
1432 2240 161 40 anslagen
1611 2240 52 30 för

163 2300 146 31 nämnda
328 2299 167 40 budgetår
515 2297 109 30 skulle
643 2296 86 30 hava
747 2294 171 40 medgivit.
941 2292 121 31 Såsom
1083 2291 374 41 departementschefen
1479 2289 184 32 framhållit

165 2351 120 30 räknar
300 2351 71 38 väg-
391 2348 62 31 och
471 2344 464 41 vattenbyggnadsstyrelsen
954 2343 72 31 icke
1044 2342 76 31 med
1137 2344 48 28 att
1203 2341 57 31 vid
1276 2339 307 40 budgetårsskiftet
1599 2339 65 30 den

164 2402 40 30 30
223 2401 74 41 juni
317 2400 80 30 1946
415 2397 224 32 kvarstående
657 2395 236 38 behållningar
913 2393 94 31 skola
1026 2393 167 30 kunna
1164 2388 22 58 —
1212 2392 103 40 jämte
1334 2391 162 40 anslagen
1515 2390 52 31 för
1584 2390 80 30 bud-

165 2453 129 38 gctåret
314 2449 133 31 1946/47
495 2467 12 3 —
529 2446 174 31 förhrukas
723 2444 106 32 under
846 2442 210 33 sistnämnda
1075 2442 175 40 budgetår.
1269 2441 52 30 En
1340 2440 161 31 avsevärd
1522 2450 142 20 reserva-

1706 254 130 23 Utskottet.
