1906 2830
598 189 263 30 Statsutskotltets
883 193 167 28 utlåtande
1073 202 38 19 nr
1140 197 26 26 6.
1612 196 20 31 3

126 258 205 39 personalen
367 261 88 30 samt
488 260 66 32 den
588 262 172 32 allmänna
792 264 295 43 löneregleringen
1123 267 100 32 beror
1253 269 67 31 den
1343 270 194 42 föreslagna
1559 272 70 41 höj-

126 306 125 42 ningen
285 320 41 20 av
359 310 156 41 anslaget
544 311 52 32 för
629 315 98 29 nästa
760 314 169 42 budgetår
963 318 42 39 på
1039 318 50 30 att
1111 318 92 32 vissa
1226 330 67 30 nya
1316 320 145 41 tjänster
1483 321 144 33 föreslås

126 357 96 32 skola
243 358 145 33 inrättas
412 362 161 31 ävensom
596 364 51 30 att
674 363 189 33 förbättrad
879 366 247 43 löneställning
1145 380 98 21 avses
1261 370 96 32 skola
1372 371 144 32 beredas
1533 373 92 32 vissa

124 408 345 43 befattningshavare.
516 412 153 32 Sålunda
702 415 144 32 föreslås
881 419 50 29 att
965 418 547 45 förrådsdirektörsbefattningen
1545 435 83 31 upp-

124 459 116 41 flyttas
272 460 74 31 från
382 461 59 32 C6
474 462 53 31 till
561 463 67 32 C8.
673 455 30 41 Å
736 465 243 43 förrådsbyrån
1007 488 40 3 —
1076 480 73 21 som
1183 481 99 22 avses
1315 472 11 31 i
1360 472 268 44 fortsättningen

126 510 96 31 skola
254 510 188 34 benämnas
475 513 144 33 förråds-
643 516 64 31 och
739 517 289 43 verkstadsbyrån
1051 539 41 3 —
1114 521 144 32 föreslås
1292 523 195 33 inrättande
1519 536 41 20 av
1582 537 42 20 en

125 560 107 41 tjänst
255 563 115 31 såsom
393 564 361 43 verkstadsinspektör
775 567 12 31 i
810 568 30 31 A
853 569 40 31 26
917 570 63 31 och
1005 581 41 20 en
1070 571 297 34 kontorsskrivare
1390 574 11 31 i
1425 575 52 32 Eo
1496 576 48 38 15,
1561 588 69 20 var-

123 611 104 40 jämte
261 614 56 29 två
350 614 311 33 arvodesavlönade
696 618 357 43 verkmästartjänster
1085 622 145 32 föreslås
1260 624 98 31 skola
1381 625 171 33 ombildas
1575 626 53 32 till

124 661 410 45 ingenjörsbefattningar
566 666 11 31 i
600 666 52 32 Eo
679 669 45 29 17.
772 669 179 42 Härjämte
974 671 145 33 föreslås
1143 675 49 29 att
1225 675 7 29 å
1258 685 130 21 samma
1410 676 84 41 byrå
1517 687 42 21 en
1583 677 47 32 in-

124 712 247 42 genjörstjänst
400 715 12 31 i
435 715 52 32 Ex
510 717 38 30 21
574 717 64 31 och
662 729 40 20 en
727 719 360 45 assistentbefattning
1109 723 12 31 i
1145 723 52 32 Ex
1222 725 39 31 15
1284 726 201 32 omvandlas
1509 727 53 32 till
1585 739 41 20 en

125 763 370 43 byråingenjörstjänst
523 767 5 30 i
551 767 53 32 Eo
628 768 37 31 21
690 770 194 40 respektive
909 782 42 21 en
971 772 520 46 kontorsskrivarebefattning
1480 768 21 54 i
1508 778 52 31 Eo
1579 779 47 32 15.

126 812 170 44 Slutligen
326 816 145 32 föreslås
504 817 212 34 beträffande
747 820 259 44 kameralbyrån
1030 826 50 29 att
1103 835 42 20 en
1168 825 346 45 revisorsbefattning
1536 831 92 30 över-

124 864 116 42 flyttas
274 866 53 31 till
362 867 171 32 ordinarie
569 871 67 29 stat
670 872 161 31 ävensom
866 874 49 29 att
949 873 112 32 medel
1084 875 167 33 beräknas
1275 877 53 31 för
1350 879 215 32 anställande
1589 891 39 21 av

124 915 198 42 ytterligare
345 928 42 20 en
411 929 195 22 amanuens.

176 1016 52 32 De
261 1018 239 43 förändringar
533 1022 79 31 med
645 1023 169 32 avseende
849 1027 18 29 å
900 1027 444 42 personalorganisationen
1378 1031 57 31 vid
1467 1034 72 39 väg-
1562 1034 64 30 och

123 1068 478 44 vattenbyggnadsstyrelsen,
637 1084 74 20 som
745 1074 11 30 i
789 1075 224 33 förevarande
1047 1079 248 42 sammanhang
1324 1081 205 42 föreslagits,
1564 1083 65 32 till-

124 1119 134 41 styrkas
291 1131 41 20 av
366 1121 178 32 utskottet.
590 1122 121 33 Under
744 1125 135 32 erinran
904 1129 50 29 att
976 1139 40 19 av
1040 1129 314 43 anslagsökningen
1376 1132 12 30 i
1410 1132 214 34 förhållande

123 1169 52 31 till
198 1169 232 34 innevarande
452 1172 177 42 budgetår,
656 1175 91 31 1222
759 1176 62 31 900
843 1177 135 39 kronor,
1003 1180 49 29 ett
1075 1179 127 42 belopp
1225 1192 41 20 av
1282 1182 156 42 omkring
1457 1185 14 29 1
1488 1184 58 32 150
1564 1178 62 51 000

123 1220 126 31 kronor
282 1222 286 42 sammanhänger
601 1225 78 31 med
712 1226 66 31 den
806 1228 176 41 reglerade
1009 1229 350 44 befordringsgången
1387 1233 65 31 och
1479 1234 66 32 den
1572 1236 56 31 all-

123 1272 124 29 männa
273 1271 305 44 löneregleringen,
602 1275 200 33 hemställer
825 1278 178 38 utskottet,

447 1360 50 29 att
519 1358 182 43 riksdagen
726 1363 55 29 må

445 1408 29 41 a)
496 1409 208 43 bemyndiga
737 1412 125 42 Kungl.
887 1414 98 41 Maj:t
1019 1417 49 29 att
1101 1416 136 41 vidtaga
1270 1418 151 40 följande
1444 1421 184 41 ändringar

391 1458 11 30 i
436 1460 421 44 personalförteckningen
886 1464 52 31 för
961 1467 71 39 väg-
1057 1466 63 31 och
1143 1468 482 44 vattenbyggnadsstyrelsen,

392 1509 170 41 nämligen
597 1512 234 42 uppflyttning
862 1525 41 20 av
936 1514 235 44 befattningen
1202 1520 114 29 såsom
1340 1519 288 34 förrådsdirektör

391 1559 74 31 från
500 1559 26 32 C
550 1562 19 30 6
603 1561 53 31 till
691 1562 25 31 C
740 1563 19 31 8
793 1566 89 29 samt
905 1566 217 41 uppförande
1145 1567 11 31 i
1179 1568 262 43 förteckningen
1465 1582 39 20 av
1530 1574 15 29 1
1570 1572 56 32 be-

390 1609 148 43 fattning
573 1614 112 29 såsom
709 1614 362 43 verkstadsinspektör
1093 1617 11 31 i
1127 1618 30 31 A
1180 1619 40 31 26
1242 1621 164 30 ävensom
1428 1622 197 42 ytterligare

394 1662 14 28 1
443 1661 344 44 revisorsbefattning
813 1665 11 30 i
847 1665 30 31 A
901 1666 37 31 21
965 1667 63 31 och
1052 1669 18 30 3
1093 1668 533 46 kontorsbiträdesbefattningar

391 1711 11 30 1
426 1711 30 31 Å
478 1713 33 37 4;

433 1761 33 41 b)
488 1763 182 40 godkänna
699 1766 151 40 följande
873 1767 251 43 avlöningsstat
1146 1770 52 31 för
1220 1773 74 39 väg-
1318 1772 64 31 och
1405 1774 221 42 vattenbygg-

391 1812 268 42 nadsstyrelsen,
684 1817 49 30 att
756 1816 173 43 tillämpas
954 1818 71 32 tills
1048 1819 116 32 vidare
1192 1821 74 31 från
1290 1822 64 31 och
1385 1823 77 31 med
1485 1819 141 51 budget-

391 1864 72 30 året
488 1864 151 32 1947/48:

858 1938 294 37 Avlöningsstat.
1494 1951 116 25 Kronor

392 1990 25 28 1.
442 1988 211 42 Avlöningar
676 1991 52 31 till
752 1993 171 31 ordinarie
946 1994 217 40 tjänstemän,
1179 1996 233 41 förslagsvis
1392 1984 33 57 ..
1447 2000 91 31 1304
1550 2001 63 31 600

390 2038 28 31 2.
442 2038 169 39 Arvoden,
636 2040 178 33 bestämda
837 2054 39 20 av
900 2043 125 42 Kungl.
1050 2045 99 41 Maj:t
1186 2072 230 8 ..............
1500 2051 38 31 13
1551 2051 61 32 700

390 2089 27 31 3.
442 2089 209 42 Avlöningar
686 2091 49 32 till
761 2093 95 41 övrig
878 2094 259 33 icke-ordinarie
1160 2098 171 39 personal,
1352 2098 69 40 för-

443 2140 137 40 slagsvis
598 2168 91 5 ......
702 2161 8 22 [JEOE
786 2169 6 5 0
823 2170 21 5 ao
875 2171 21 4 oo
909 2172 39 4 EDA
961 2172 4 4 a
979 2172 21 4 ES
1013 2172 4 4 a
1030 2172 4 4 R
1056 2173 65 4 ENE
1151 2173 4 5 R
1168 2174 248 7 RSS
1445 2151 92 31 2299
1551 2152 61 31 700

390 2191 28 29 +.
443 2189 134 42 Rörligt
600 2191 127 42 tillägg,
743 2193 197 42 fÖrslägsvi8
980 2222 437 9 ossmrmrrsssrrsrrrsrssrrraa
1477 2201 61 31 216
1550 2202 62 31 000

1130 2256 141 32 Summa
1293 2258 129 31 kronor
1444 2260 19 30 3
1476 2260 62 31 834
1548 2261 76 37 000;

444 2338 28 35 cv)
495 2333 52 30 till
575 2334 74 39 Väg-
666 2335 53 31 och
736 2337 441 41 vattenbyggnadsstyrelsen:
1201 2340 205 41 Avlöningar
1423 2342 51 31 för
1486 2343 139 41 budget-

391 2383 72 30 året
488 2383 136 31 1947/48
647 2385 117 31 anvisa
781 2387 49 30 ett
845 2386 268 43 förslagsanslag
1129 2400 40 19 av
1187 2390 18 30 3
1221 2391 62 30 834
1294 2391 64 31 000
1374 2391 135 39 kronor,
1523 2392 102 32 därav

392 2433 89 30 1917
494 2433 63 31 000
580 2433 126 32 kronor
729 2437 48 29 att
801 2437 166 31 avräknas
990 2441 71 28 mot
1084 2440 454 34 automobilskattemedlen.

1685 1037 132 25 Utskottet.
