<?xml version="1.0" encoding="UTF-8"?>
<alto xmlns="http://www.loc.gov/standards/alto/ns-v3#" xmlns:xlink="http://www.w3.org/1999/xlink" xmlns:xsi="http://www.w3.org/2001/XMLSchema-instance" xsi:schemaLocation="http://www.loc.gov/standards/alto/ns-v3# http://www.loc.gov/alto/v3/alto-3-0.xsd">
	<Description>
		<MeasurementUnit>pixel</MeasurementUnit>
		<sourceImageInformation>
			<fileName>/tmp/tess_e42rygu7_input.PNG</fileName>
		</sourceImageInformation>
		<OCRProcessing ID="OCR_0">
			<ocrProcessingStep>
				<processingSoftware>
					<softwareName>tesseract 5.3.0</softwareName>
				</processingSoftware>
			</ocrProcessingStep>
		</OCRProcessing>
	</Description>
	<Layout>
		<Page WIDTH="1922" HEIGHT="2826" PHYSICAL_IMG_NR="0" ID="page_0">
			<PrintSpace HPOS="0" VPOS="0" WIDTH="1922" HEIGHT="2826">
				<ComposedBlock ID="cblock_0" HPOS="274" VPOS="180" WIDTH="1047" HEIGHT="39">
					<TextBlock ID="block_0" HPOS="274" VPOS="180" WIDTH="1047" HEIGHT="39">
						<TextLine ID="line_0" HPOS="274" VPOS="180" WIDTH="1047" HEIGHT="39">
							<String ID="string_0" HPOS="274" VPOS="180" WIDTH="40" HEIGHT="32" WC="0.96" CONTENT="38"/><SP WIDTH="439" VPOS="180" HPOS="314"/>
							<String ID="string_1" HPOS="753" VPOS="187" WIDTH="263" HEIGHT="30" WC="0.90" CONTENT="Statsutskottets"/><SP WIDTH="23" VPOS="187" HPOS="1016"/>
							<String ID="string_2" HPOS="1039" VPOS="189" WIDTH="166" HEIGHT="28" WC="0.96" CONTENT="utlåtande"/><SP WIDTH="23" VPOS="189" HPOS="1205"/>
							<String ID="string_3" HPOS="1228" VPOS="198" WIDTH="37" HEIGHT="19" WC="0.95" CONTENT="nr"/><SP WIDTH="29" VPOS="198" HPOS="1265"/>
							<String ID="string_4" HPOS="1294" VPOS="191" WIDTH="27" HEIGHT="28" WC="0.93" CONTENT="6."/>
						</TextLine>
					</TextBlock>
				</ComposedBlock>
				<ComposedBlock ID="cblock_1" HPOS="272" VPOS="256" WIDTH="1502" HEIGHT="246">
					<TextBlock ID="block_1" HPOS="273" VPOS="256" WIDTH="1501" HEIGHT="146">
						<TextLine ID="line_1" HPOS="274" VPOS="256" WIDTH="1500" HEIGHT="50">
							<String ID="string_5" HPOS="274" VPOS="256" WIDTH="137" HEIGHT="32" WC="0.95" CONTENT="besluta"/><SP WIDTH="23" VPOS="256" HPOS="411"/>
							<String ID="string_6" HPOS="434" VPOS="260" WIDTH="49" HEIGHT="29" WC="0.96" CONTENT="att"/><SP WIDTH="24" VPOS="260" HPOS="483"/>
							<String ID="string_7" HPOS="507" VPOS="258" WIDTH="51" HEIGHT="31" WC="0.96" CONTENT="till"/><SP WIDTH="23" VPOS="258" HPOS="558"/>
							<String ID="string_8" HPOS="581" VPOS="259" WIDTH="122" HEIGHT="42" WC="0.96" CONTENT="bidrag"/><SP WIDTH="23" VPOS="259" HPOS="703"/>
							<String ID="string_9" HPOS="726" VPOS="259" WIDTH="52" HEIGHT="32" WC="0.96" CONTENT="till"/><SP WIDTH="22" VPOS="259" HPOS="778"/>
							<String ID="string_10" HPOS="800" VPOS="260" WIDTH="181" HEIGHT="42" WC="0.96" CONTENT="byggande"/><SP WIDTH="23" VPOS="260" HPOS="981"/>
							<String ID="string_11" HPOS="1004" VPOS="272" WIDTH="38" HEIGHT="20" WC="0.96" CONTENT="av"/><SP WIDTH="21" VPOS="272" HPOS="1042"/>
							<String ID="string_12" HPOS="1063" VPOS="262" WIDTH="156" HEIGHT="32" WC="0.96" CONTENT="enskilda"/><SP WIDTH="15" VPOS="262" HPOS="1219"/>
							<String ID="string_13" HPOS="1234" VPOS="264" WIDTH="101" HEIGHT="40" WC="0.96" CONTENT="vägar"/><SP WIDTH="14" VPOS="264" HPOS="1335"/>
							<String ID="string_14" HPOS="1349" VPOS="264" WIDTH="53" HEIGHT="31" WC="0.96" CONTENT="för"/><SP WIDTH="17" VPOS="264" HPOS="1402"/>
							<String ID="string_15" HPOS="1419" VPOS="264" WIDTH="202" HEIGHT="42" WC="0.93" CONTENT="budgetåret"/><SP WIDTH="17" VPOS="264" HPOS="1621"/>
							<String ID="string_16" HPOS="1638" VPOS="266" WIDTH="136" HEIGHT="31" WC="0.92" CONTENT="1947/48"/>
						</TextLine>
						<TextLine ID="line_2" HPOS="273" VPOS="307" WIDTH="1501" HEIGHT="49">
							<String ID="string_17" HPOS="273" VPOS="307" WIDTH="118" HEIGHT="32" WC="0.96" CONTENT="anvisa"/><SP WIDTH="34" VPOS="307" HPOS="391"/>
							<String ID="string_18" HPOS="425" VPOS="310" WIDTH="49" HEIGHT="30" WC="0.93" CONTENT="ett"/><SP WIDTH="22" VPOS="310" HPOS="474"/>
							<String ID="string_19" HPOS="496" VPOS="309" WIDTH="350" HEIGHT="43" WC="0.91" CONTENT="reservationsanslag"/><SP WIDTH="23" VPOS="309" HPOS="846"/>
							<String ID="string_20" HPOS="869" VPOS="322" WIDTH="41" HEIGHT="20" WC="0.91" CONTENT="av"/><SP WIDTH="23" VPOS="322" HPOS="910"/>
							<String ID="string_21" HPOS="933" VPOS="312" WIDTH="165" HEIGHT="32" WC="0.70" CONTENT="8000000"/><SP WIDTH="22" VPOS="312" HPOS="1098"/>
							<String ID="string_22" HPOS="1120" VPOS="313" WIDTH="127" HEIGHT="32" WC="0.96" CONTENT="kronor"/><SP WIDTH="27" VPOS="313" HPOS="1247"/>
							<String ID="string_23" HPOS="1274" VPOS="316" WIDTH="88" HEIGHT="29" WC="0.96" CONTENT="samt"/><SP WIDTH="22" VPOS="316" HPOS="1362"/>
							<String ID="string_24" HPOS="1384" VPOS="314" WIDTH="12" HEIGHT="31" WC="0.96" CONTENT="i"/><SP WIDTH="24" VPOS="314" HPOS="1396"/>
							<String ID="string_25" HPOS="1420" VPOS="315" WIDTH="110" HEIGHT="41" WC="0.96" CONTENT="övrigt"/><SP WIDTH="22" VPOS="315" HPOS="1530"/>
							<String ID="string_26" HPOS="1552" VPOS="315" WIDTH="123" HEIGHT="32" WC="0.96" CONTENT="beakta"/><SP WIDTH="23" VPOS="315" HPOS="1675"/>
							<String ID="string_27" HPOS="1698" VPOS="316" WIDTH="42" HEIGHT="31" WC="0.96" CONTENT="de"/><SP WIDTH="23" VPOS="316" HPOS="1740"/>
							<String ID="string_28" HPOS="1763" VPOS="316" WIDTH="11" HEIGHT="31" WC="0.96" CONTENT="i"/>
						</TextLine>
						<TextLine ID="line_3" HPOS="273" VPOS="358" WIDTH="712" HEIGHT="44">
							<String ID="string_29" HPOS="273" VPOS="358" WIDTH="215" HEIGHT="32" WC="0.95" CONTENT="motionerna"/><SP WIDTH="22" VPOS="358" HPOS="488"/>
							<String ID="string_30" HPOS="510" VPOS="360" WIDTH="185" HEIGHT="31" WC="0.96" CONTENT="framförda"/><SP WIDTH="23" VPOS="360" HPOS="695"/>
							<String ID="string_31" HPOS="718" VPOS="361" WIDTH="267" HEIGHT="41" WC="0.95" CONTENT="synpunkterna."/>
						</TextLine>
					</TextBlock>
					<TextBlock ID="block_2" HPOS="272" VPOS="409" WIDTH="1502" HEIGHT="93">
						<TextLine ID="line_4" HPOS="325" VPOS="409" WIDTH="1449" HEIGHT="49">
							<String ID="string_32" HPOS="325" VPOS="409" WIDTH="220" HEIGHT="32" WC="0.96" CONTENT="Beträffande"/><SP WIDTH="33" VPOS="409" HPOS="545"/>
							<String ID="string_33" HPOS="578" VPOS="410" WIDTH="43" HEIGHT="32" WC="0.96" CONTENT="de"/><SP WIDTH="27" VPOS="410" HPOS="621"/>
							<String ID="string_34" HPOS="648" VPOS="411" WIDTH="82" HEIGHT="38" WC="0.96" CONTENT="skäl,"/><SP WIDTH="25" VPOS="411" HPOS="730"/>
							<String ID="string_35" HPOS="755" VPOS="412" WIDTH="253" HEIGHT="32" WC="0.96" CONTENT="motionärerna"/><SP WIDTH="23" VPOS="412" HPOS="1008"/>
							<String ID="string_36" HPOS="1031" VPOS="414" WIDTH="112" HEIGHT="31" WC="0.96" CONTENT="anfört"/><SP WIDTH="23" VPOS="414" HPOS="1143"/>
							<String ID="string_37" HPOS="1166" VPOS="414" WIDTH="52" HEIGHT="31" WC="0.96" CONTENT="till"/><SP WIDTH="25" VPOS="414" HPOS="1218"/>
							<String ID="string_38" HPOS="1243" VPOS="415" WIDTH="77" HEIGHT="31" WC="0.96" CONTENT="stöd"/><SP WIDTH="23" VPOS="415" HPOS="1320"/>
							<String ID="string_39" HPOS="1343" VPOS="415" WIDTH="53" HEIGHT="31" WC="0.96" CONTENT="för"/><SP WIDTH="23" VPOS="415" HPOS="1396"/>
							<String ID="string_40" HPOS="1419" VPOS="415" WIDTH="75" HEIGHT="32" WC="0.96" CONTENT="sina"/><SP WIDTH="21" VPOS="415" HPOS="1494"/>
							<String ID="string_41" HPOS="1515" VPOS="416" WIDTH="185" HEIGHT="42" WC="0.96" CONTENT="yrkanden,"/><SP WIDTH="24" VPOS="416" HPOS="1700"/>
							<String ID="string_42" HPOS="1724" VPOS="417" WIDTH="50" HEIGHT="31" WC="0.95" CONTENT="får"/>
						</TextLine>
						<TextLine ID="line_5" HPOS="272" VPOS="449" WIDTH="1245" HEIGHT="53">
							<String ID="string_43" HPOS="272" VPOS="459" WIDTH="170" HEIGHT="32" WC="0.96" CONTENT="utskottet"/><SP WIDTH="23" VPOS="459" HPOS="442"/>
							<String ID="string_44" HPOS="465" VPOS="460" WIDTH="140" HEIGHT="32" WC="0.96" CONTENT="hänvisa"/><SP WIDTH="24" VPOS="460" HPOS="605"/>
							<String ID="string_45" HPOS="629" VPOS="460" WIDTH="52" HEIGHT="32" WC="0.96" CONTENT="till"/><SP WIDTH="23" VPOS="460" HPOS="681"/>
							<String ID="string_46" HPOS="704" VPOS="461" WIDTH="216" HEIGHT="32" WC="0.96" CONTENT="motionerna"/><SP WIDTH="23" VPOS="461" HPOS="920"/>
							<String ID="string_47" HPOS="943" VPOS="463" WIDTH="26" HEIGHT="30" WC="0.93" CONTENT="I:"/><SP WIDTH="19" VPOS="463" HPOS="969"/>
							<String ID="string_48" HPOS="988" VPOS="449" WIDTH="128" HEIGHT="46" WC="0.66" CONTENT="7&#39;samt"/><SP WIDTH="23" VPOS="449" HPOS="1116"/>
							<String ID="string_49" HPOS="1139" VPOS="464" WIDTH="46" HEIGHT="31" WC="0.80" CONTENT="IT:"/><SP WIDTH="17" VPOS="464" HPOS="1185"/>
							<String ID="string_50" HPOS="1202" VPOS="465" WIDTH="49" HEIGHT="37" WC="0.94" CONTENT="95,"/><SP WIDTH="27" VPOS="465" HPOS="1251"/>
							<String ID="string_51" HPOS="1278" VPOS="466" WIDTH="59" HEIGHT="30" WC="0.95" CONTENT="150"/><SP WIDTH="23" VPOS="466" HPOS="1337"/>
							<String ID="string_52" HPOS="1360" VPOS="466" WIDTH="64" HEIGHT="31" WC="0.96" CONTENT="och"/><SP WIDTH="24" VPOS="466" HPOS="1424"/>
							<String ID="string_53" HPOS="1448" VPOS="467" WIDTH="69" HEIGHT="31" WC="0.94" CONTENT="225."/>
						</TextLine>
					</TextBlock>
				</ComposedBlock>
				<ComposedBlock ID="cblock_2" HPOS="268" VPOS="570" WIDTH="1505" HEIGHT="744">
					<TextBlock ID="block_3" HPOS="270" VPOS="570" WIDTH="1503" HEIGHT="135">
						<TextLine ID="line_6" HPOS="324" VPOS="570" WIDTH="1449" HEIGHT="48">
							<String ID="string_54" HPOS="324" VPOS="570" WIDTH="67" HEIGHT="31" WC="0.95" CONTENT="Till"/><SP WIDTH="34" VPOS="570" HPOS="391"/>
							<String ID="string_55" HPOS="425" VPOS="571" WIDTH="120" HEIGHT="42" WC="0.96" CONTENT="bidrag"/><SP WIDTH="27" VPOS="571" HPOS="545"/>
							<String ID="string_56" HPOS="572" VPOS="572" WIDTH="53" HEIGHT="31" WC="0.96" CONTENT="till"/><SP WIDTH="24" VPOS="572" HPOS="625"/>
							<String ID="string_57" HPOS="649" VPOS="572" WIDTH="179" HEIGHT="42" WC="0.96" CONTENT="byggande"/><SP WIDTH="23" VPOS="572" HPOS="828"/>
							<String ID="string_58" HPOS="851" VPOS="585" WIDTH="39" HEIGHT="20" WC="0.96" CONTENT="av"/><SP WIDTH="25" VPOS="585" HPOS="890"/>
							<String ID="string_59" HPOS="915" VPOS="574" WIDTH="156" HEIGHT="31" WC="0.96" CONTENT="enskilda"/><SP WIDTH="22" VPOS="574" HPOS="1071"/>
							<String ID="string_60" HPOS="1093" VPOS="576" WIDTH="102" HEIGHT="41" WC="0.97" CONTENT="vägar"/><SP WIDTH="22" VPOS="576" HPOS="1195"/>
							<String ID="string_61" HPOS="1217" VPOS="576" WIDTH="44" HEIGHT="30" WC="0.96" CONTENT="ha"/><SP WIDTH="22" VPOS="576" HPOS="1261"/>
							<String ID="string_62" HPOS="1283" VPOS="576" WIDTH="51" HEIGHT="31" WC="0.93" CONTENT="för"/><SP WIDTH="23" VPOS="576" HPOS="1334"/>
							<String ID="string_63" HPOS="1357" VPOS="576" WIDTH="212" HEIGHT="42" WC="0.76" CONTENT="budgetåren"/><SP WIDTH="25" VPOS="576" HPOS="1569"/>
							<String ID="string_64" HPOS="1594" VPOS="579" WIDTH="179" HEIGHT="31" WC="0.88" CONTENT="1944/45—"/>
						</TextLine>
						<TextLine ID="line_7" HPOS="273" VPOS="621" WIDTH="1500" HEIGHT="46">
							<String ID="string_65" HPOS="273" VPOS="621" WIDTH="135" HEIGHT="32" WC="0.88" CONTENT="1946/47"/><SP WIDTH="36" VPOS="621" HPOS="408"/>
							<String ID="string_66" HPOS="444" VPOS="622" WIDTH="151" HEIGHT="32" WC="0.88" CONTENT="anvisats"/><SP WIDTH="34" VPOS="622" HPOS="595"/>
							<String ID="string_67" HPOS="629" VPOS="623" WIDTH="351" HEIGHT="43" WC="0.90" CONTENT="reservationsanslag"/><SP WIDTH="33" VPOS="623" HPOS="980"/>
							<String ID="string_68" HPOS="1013" VPOS="637" WIDTH="39" HEIGHT="19" WC="0.96" CONTENT="av"/><SP WIDTH="34" VPOS="637" HPOS="1052"/>
							<String ID="string_69" HPOS="1086" VPOS="626" WIDTH="192" HEIGHT="41" WC="0.96" CONTENT="respektive"/><SP WIDTH="37" VPOS="626" HPOS="1278"/>
							<String ID="string_70" HPOS="1315" VPOS="627" WIDTH="91" HEIGHT="32" WC="0.87" CONTENT="1200"/><SP WIDTH="12" VPOS="627" HPOS="1406"/>
							<String ID="string_71" HPOS="1418" VPOS="628" WIDTH="70" HEIGHT="38" WC="0.87" CONTENT="000,"/><SP WIDTH="25" VPOS="628" HPOS="1488"/>
							<String ID="string_72" HPOS="1513" VPOS="629" WIDTH="93" HEIGHT="31" WC="0.0" CONTENT="2500"/><SP WIDTH="11" VPOS="629" HPOS="1606"/>
							<String ID="string_73" HPOS="1617" VPOS="629" WIDTH="63" HEIGHT="32" WC="0.0" CONTENT="000"/><SP WIDTH="29" VPOS="629" HPOS="1680"/>
							<String ID="string_74" HPOS="1709" VPOS="630" WIDTH="64" HEIGHT="31" WC="0.96" CONTENT="och"/>
						</TextLine>
						<TextLine ID="line_8" HPOS="270" VPOS="672" WIDTH="324" HEIGHT="33">
							<String ID="string_75" HPOS="270" VPOS="672" WIDTH="19" HEIGHT="31" WC="0.93" CONTENT="3"/><SP WIDTH="13" VPOS="672" HPOS="289"/>
							<String ID="string_76" HPOS="302" VPOS="672" WIDTH="61" HEIGHT="32" WC="0.92" CONTENT="200"/><SP WIDTH="11" VPOS="672" HPOS="363"/>
							<String ID="string_77" HPOS="374" VPOS="672" WIDTH="64" HEIGHT="32" WC="0.92" CONTENT="000"/><SP WIDTH="22" VPOS="672" HPOS="438"/>
							<String ID="string_78" HPOS="460" VPOS="672" WIDTH="134" HEIGHT="33" WC="0.95" CONTENT="kronor."/>
						</TextLine>
					</TextBlock>
					<TextBlock ID="block_4" HPOS="269" VPOS="722" WIDTH="1504" HEIGHT="197">
						<TextLine ID="line_9" HPOS="323" VPOS="722" WIDTH="1450" HEIGHT="48">
							<String ID="string_79" HPOS="323" VPOS="722" WIDTH="128" HEIGHT="42" WC="0.94" CONTENT="Kungl."/><SP WIDTH="24" VPOS="722" HPOS="451"/>
							<String ID="string_80" HPOS="475" VPOS="723" WIDTH="97" HEIGHT="42" WC="0.96" CONTENT="Maj:t"/><SP WIDTH="34" VPOS="723" HPOS="572"/>
							<String ID="string_81" HPOS="606" VPOS="724" WIDTH="62" HEIGHT="31" WC="0.96" CONTENT="har"/><SP WIDTH="23" VPOS="724" HPOS="668"/>
							<String ID="string_82" HPOS="691" VPOS="725" WIDTH="66" HEIGHT="31" WC="0.96" CONTENT="den"/><SP WIDTH="24" VPOS="725" HPOS="757"/>
							<String ID="string_83" HPOS="781" VPOS="726" WIDTH="16" HEIGHT="30" WC="0.96" CONTENT="7"/><SP WIDTH="24" VPOS="726" HPOS="797"/>
							<String ID="string_84" HPOS="821" VPOS="725" WIDTH="64" HEIGHT="40" WC="0.96" CONTENT="juli"/><SP WIDTH="25" VPOS="725" HPOS="885"/>
							<String ID="string_85" HPOS="910" VPOS="726" WIDTH="82" HEIGHT="31" WC="0.93" CONTENT="1944"/><SP WIDTH="21" VPOS="726" HPOS="992"/>
							<String ID="string_86" HPOS="1013" VPOS="726" WIDTH="206" HEIGHT="40" WC="0.91" CONTENT="föreskrivit,"/><SP WIDTH="24" VPOS="726" HPOS="1219"/>
							<String ID="string_87" HPOS="1243" VPOS="729" WIDTH="49" HEIGHT="29" WC="0.96" CONTENT="att"/><SP WIDTH="22" VPOS="729" HPOS="1292"/>
							<String ID="string_88" HPOS="1314" VPOS="728" WIDTH="58" HEIGHT="31" WC="0.96" CONTENT="vid"/><SP WIDTH="23" VPOS="728" HPOS="1372"/>
							<String ID="string_89" HPOS="1395" VPOS="728" WIDTH="194" HEIGHT="42" WC="0.96" CONTENT="beviljande"/><SP WIDTH="23" VPOS="728" HPOS="1589"/>
							<String ID="string_90" HPOS="1612" VPOS="741" WIDTH="40" HEIGHT="20" WC="0.93" CONTENT="av"/><SP WIDTH="24" VPOS="741" HPOS="1652"/>
							<String ID="string_91" HPOS="1676" VPOS="732" WIDTH="97" HEIGHT="30" WC="0.92" CONTENT="stats-"/>
						</TextLine>
						<TextLine ID="line_10" HPOS="271" VPOS="772" WIDTH="1501" HEIGHT="49">
							<String ID="string_92" HPOS="271" VPOS="772" WIDTH="121" HEIGHT="42" WC="0.96" CONTENT="bidrag"/><SP WIDTH="23" VPOS="772" HPOS="392"/>
							<String ID="string_93" HPOS="415" VPOS="773" WIDTH="53" HEIGHT="31" WC="0.95" CONTENT="till"/><SP WIDTH="23" VPOS="773" HPOS="468"/>
							<String ID="string_94" HPOS="491" VPOS="773" WIDTH="180" HEIGHT="43" WC="0.95" CONTENT="byggande"/><SP WIDTH="23" VPOS="773" HPOS="671"/>
							<String ID="string_95" HPOS="694" VPOS="786" WIDTH="40" HEIGHT="20" WC="0.95" CONTENT="av"/><SP WIDTH="23" VPOS="786" HPOS="734"/>
							<String ID="string_96" HPOS="757" VPOS="776" WIDTH="159" HEIGHT="32" WC="0.96" CONTENT="enskilda"/><SP WIDTH="15" VPOS="776" HPOS="916"/>
							<String ID="string_97" HPOS="931" VPOS="778" WIDTH="110" HEIGHT="40" WC="0.96" CONTENT="vägar,"/><SP WIDTH="19" VPOS="778" HPOS="1041"/>
							<String ID="string_98" HPOS="1060" VPOS="779" WIDTH="119" HEIGHT="30" WC="0.96" CONTENT="utöver"/><SP WIDTH="15" VPOS="779" HPOS="1179"/>
							<String ID="string_99" HPOS="1194" VPOS="778" WIDTH="306" HEIGHT="32" WC="0.96" CONTENT="bestämmelserna"/><SP WIDTH="15" VPOS="778" HPOS="1500"/>
							<String ID="string_100" HPOS="1515" VPOS="779" WIDTH="11" HEIGHT="31" WC="0.96" CONTENT="i"/><SP WIDTH="16" VPOS="779" HPOS="1526"/>
							<String ID="string_101" HPOS="1542" VPOS="779" WIDTH="230" HEIGHT="42" WC="0.96" CONTENT="kungörelsen"/>
						</TextLine>
						<TextLine ID="line_11" HPOS="271" VPOS="823" WIDTH="1499" HEIGHT="49">
							<String ID="string_102" HPOS="271" VPOS="823" WIDTH="66" HEIGHT="31" WC="0.96" CONTENT="den"/><SP WIDTH="23" VPOS="823" HPOS="337"/>
							<String ID="string_103" HPOS="360" VPOS="824" WIDTH="20" HEIGHT="31" WC="0.96" CONTENT="3"/><SP WIDTH="24" VPOS="824" HPOS="380"/>
							<String ID="string_104" HPOS="404" VPOS="823" WIDTH="179" HEIGHT="33" WC="0.96" CONTENT="december"/><SP WIDTH="24" VPOS="823" HPOS="583"/>
							<String ID="string_105" HPOS="607" VPOS="826" WIDTH="82" HEIGHT="31" WC="0.96" CONTENT="1943"/><SP WIDTH="22" VPOS="826" HPOS="689"/>
							<String ID="string_106" HPOS="711" VPOS="826" WIDTH="51" HEIGHT="41" WC="0.96" CONTENT="(nr"/><SP WIDTH="23" VPOS="826" HPOS="762"/>
							<String ID="string_107" HPOS="785" VPOS="826" WIDTH="72" HEIGHT="42" WC="0.96" CONTENT="800)"/><SP WIDTH="23" VPOS="826" HPOS="857"/>
							<String ID="string_108" HPOS="880" VPOS="827" WIDTH="175" HEIGHT="41" WC="0.96" CONTENT="angående"/><SP WIDTH="24" VPOS="827" HPOS="1055"/>
							<String ID="string_109" HPOS="1079" VPOS="828" WIDTH="210" HEIGHT="42" WC="0.96" CONTENT="statsbidrag"/><SP WIDTH="23" VPOS="828" HPOS="1289"/>
							<String ID="string_110" HPOS="1312" VPOS="829" WIDTH="52" HEIGHT="31" WC="0.96" CONTENT="till"/><SP WIDTH="24" VPOS="829" HPOS="1364"/>
							<String ID="string_111" HPOS="1388" VPOS="830" WIDTH="136" HEIGHT="31" WC="0.96" CONTENT="enskild"/><SP WIDTH="19" VPOS="830" HPOS="1524"/>
							<String ID="string_112" HPOS="1543" VPOS="830" WIDTH="227" HEIGHT="42" WC="0.95" CONTENT="väghållning,"/>
						</TextLine>
						<TextLine ID="line_12" HPOS="269" VPOS="873" WIDTH="902" HEIGHT="46">
							<String ID="string_113" HPOS="269" VPOS="873" WIDTH="151" HEIGHT="42" WC="0.96" CONTENT="följande"/><SP WIDTH="24" VPOS="873" HPOS="420"/>
							<String ID="string_114" HPOS="444" VPOS="875" WIDTH="170" HEIGHT="31" WC="0.96" CONTENT="särskilda"/><SP WIDTH="22" VPOS="875" HPOS="614"/>
							<String ID="string_115" HPOS="636" VPOS="876" WIDTH="214" HEIGHT="32" WC="0.96" CONTENT="föreskrifter"/><SP WIDTH="24" VPOS="876" HPOS="850"/>
							<String ID="string_116" HPOS="874" VPOS="877" WIDTH="96" HEIGHT="32" WC="0.96" CONTENT="skola"/><SP WIDTH="22" VPOS="877" HPOS="970"/>
							<String ID="string_117" HPOS="992" VPOS="878" WIDTH="179" HEIGHT="41" WC="0.96" CONTENT="iakttagas."/>
						</TextLine>
					</TextBlock>
					<TextBlock ID="block_5" HPOS="268" VPOS="932" WIDTH="1504" HEIGHT="163">
						<TextLine ID="line_13" HPOS="321" VPOS="932" WIDTH="1451" HEIGHT="49">
							<String ID="string_118" HPOS="321" VPOS="932" WIDTH="131" HEIGHT="43" WC="0.95" CONTENT="Bidrag"/><SP WIDTH="36" VPOS="932" HPOS="452"/>
							<String ID="string_119" HPOS="488" VPOS="934" WIDTH="51" HEIGHT="31" WC="0.93" CONTENT="till"/><SP WIDTH="37" VPOS="934" HPOS="539"/>
							<String ID="string_120" HPOS="576" VPOS="935" WIDTH="141" HEIGHT="42" WC="0.96" CONTENT="företag,"/><SP WIDTH="34" VPOS="935" HPOS="717"/>
							<String ID="string_121" HPOS="751" VPOS="936" WIDTH="53" HEIGHT="31" WC="0.96" CONTENT="för"/><SP WIDTH="36" VPOS="936" HPOS="804"/>
							<String ID="string_122" HPOS="840" VPOS="936" WIDTH="107" HEIGHT="32" WC="0.96" CONTENT="vilket"/><SP WIDTH="33" VPOS="936" HPOS="947"/>
							<String ID="string_123" HPOS="980" VPOS="937" WIDTH="193" HEIGHT="32" WC="0.96" CONTENT="beräknade"/><SP WIDTH="34" VPOS="937" HPOS="1173"/>
							<String ID="string_124" HPOS="1207" VPOS="938" WIDTH="191" HEIGHT="32" WC="0.96" CONTENT="kostnaden"/><SP WIDTH="36" VPOS="938" HPOS="1398"/>
							<String ID="string_125" HPOS="1434" VPOS="939" WIDTH="187" HEIGHT="42" WC="0.95" CONTENT="överstiger"/><SP WIDTH="37" VPOS="939" HPOS="1621"/>
							<String ID="string_126" HPOS="1658" VPOS="941" WIDTH="114" HEIGHT="32" WC="0.88" CONTENT="20000"/>
						</TextLine>
						<TextLine ID="line_14" HPOS="269" VPOS="975" WIDTH="1503" HEIGHT="47">
							<String ID="string_127" HPOS="269" VPOS="975" WIDTH="135" HEIGHT="39" WC="0.95" CONTENT="kronor,"/><SP WIDTH="36" VPOS="975" HPOS="404"/>
							<String ID="string_128" HPOS="440" VPOS="978" WIDTH="54" HEIGHT="29" WC="0.96" CONTENT="må"/><SP WIDTH="30" VPOS="978" HPOS="494"/>
							<String ID="string_129" HPOS="524" VPOS="977" WIDTH="169" HEIGHT="41" WC="0.96" CONTENT="uppdelas"/><SP WIDTH="33" VPOS="977" HPOS="693"/>
							<String ID="string_130" HPOS="726" VPOS="980" WIDTH="44" HEIGHT="39" WC="0.96" CONTENT="på"/><SP WIDTH="33" VPOS="980" HPOS="770"/>
							<String ID="string_131" HPOS="803" VPOS="978" WIDTH="104" HEIGHT="42" WC="0.96" CONTENT="högst"/><SP WIDTH="33" VPOS="978" HPOS="907"/>
							<String ID="string_132" HPOS="940" VPOS="983" WIDTH="51" HEIGHT="27" WC="0.96" CONTENT="tre"/><SP WIDTH="33" VPOS="983" HPOS="991"/>
							<String ID="string_133" HPOS="1024" VPOS="981" WIDTH="43" HEIGHT="39" WC="0.96" CONTENT="på"/><SP WIDTH="22" VPOS="981" HPOS="1067"/>
							<String ID="string_134" HPOS="1089" VPOS="980" WIDTH="167" HEIGHT="32" WC="0.96" CONTENT="varandra"/><SP WIDTH="21" VPOS="980" HPOS="1256"/>
							<String ID="string_135" HPOS="1277" VPOS="981" WIDTH="151" HEIGHT="41" WC="0.96" CONTENT="följande"/><SP WIDTH="24" VPOS="981" HPOS="1428"/>
							<String ID="string_136" HPOS="1452" VPOS="983" WIDTH="45" HEIGHT="37" WC="0.96" CONTENT="år,"/><SP WIDTH="24" VPOS="983" HPOS="1497"/>
							<String ID="string_137" HPOS="1521" VPOS="982" WIDTH="119" HEIGHT="32" WC="0.96" CONTENT="därvid"/><SP WIDTH="22" VPOS="982" HPOS="1640"/>
							<String ID="string_138" HPOS="1662" VPOS="983" WIDTH="110" HEIGHT="32" WC="0.96" CONTENT="under"/>
						</TextLine>
						<TextLine ID="line_15" HPOS="268" VPOS="1018" WIDTH="1503" HEIGHT="48">
							<String ID="string_139" HPOS="268" VPOS="1018" WIDTH="108" HEIGHT="30" WC="0.95" CONTENT="första"/><SP WIDTH="33" VPOS="1018" HPOS="376"/>
							<String ID="string_140" HPOS="409" VPOS="1019" WIDTH="73" HEIGHT="30" WC="0.96" CONTENT="året"/><SP WIDTH="34" VPOS="1019" HPOS="482"/>
							<String ID="string_141" HPOS="516" VPOS="1019" WIDTH="86" HEIGHT="31" WC="0.96" CONTENT="skall"/><SP WIDTH="34" VPOS="1019" HPOS="602"/>
							<String ID="string_142" HPOS="636" VPOS="1020" WIDTH="136" HEIGHT="32" WC="0.96" CONTENT="anvisas"/><SP WIDTH="34" VPOS="1020" HPOS="772"/>
							<String ID="string_143" HPOS="806" VPOS="1021" WIDTH="108" HEIGHT="32" WC="0.96" CONTENT="minst"/><SP WIDTH="33" VPOS="1021" HPOS="914"/>
							<String ID="string_144" HPOS="947" VPOS="1033" WIDTH="42" HEIGHT="20" WC="0.96" CONTENT="en"/><SP WIDTH="34" VPOS="1033" HPOS="989"/>
							<String ID="string_145" HPOS="1023" VPOS="1022" WIDTH="167" HEIGHT="41" WC="0.89" CONTENT="tredjedel"/><SP WIDTH="33" VPOS="1022" HPOS="1190"/>
							<String ID="string_146" HPOS="1223" VPOS="1034" WIDTH="40" HEIGHT="20" WC="0.96" CONTENT="av"/><SP WIDTH="33" VPOS="1034" HPOS="1263"/>
							<String ID="string_147" HPOS="1296" VPOS="1023" WIDTH="78" HEIGHT="32" WC="0.96" CONTENT="hela"/><SP WIDTH="22" VPOS="1023" HPOS="1374"/>
							<String ID="string_148" HPOS="1396" VPOS="1023" WIDTH="156" HEIGHT="43" WC="0.96" CONTENT="bidraget"/><SP WIDTH="23" VPOS="1023" HPOS="1552"/>
							<String ID="string_149" HPOS="1575" VPOS="1025" WIDTH="64" HEIGHT="31" WC="0.96" CONTENT="och"/><SP WIDTH="24" VPOS="1025" HPOS="1639"/>
							<String ID="string_150" HPOS="1663" VPOS="1025" WIDTH="108" HEIGHT="32" WC="0.96" CONTENT="under"/>
						</TextLine>
						<TextLine ID="line_16" HPOS="269" VPOS="1059" WIDTH="778" HEIGHT="36">
							<String ID="string_151" HPOS="269" VPOS="1059" WIDTH="105" HEIGHT="31" WC="0.96" CONTENT="andra"/><SP WIDTH="23" VPOS="1059" HPOS="374"/>
							<String ID="string_152" HPOS="397" VPOS="1062" WIDTH="73" HEIGHT="29" WC="0.95" CONTENT="året"/><SP WIDTH="23" VPOS="1062" HPOS="470"/>
							<String ID="string_153" HPOS="493" VPOS="1061" WIDTH="105" HEIGHT="31" WC="0.96" CONTENT="minst"/><SP WIDTH="23" VPOS="1061" HPOS="598"/>
							<String ID="string_154" HPOS="621" VPOS="1061" WIDTH="131" HEIGHT="33" WC="0.96" CONTENT="hälften"/><SP WIDTH="23" VPOS="1061" HPOS="752"/>
							<String ID="string_155" HPOS="775" VPOS="1074" WIDTH="41" HEIGHT="20" WC="0.97" CONTENT="av"/><SP WIDTH="23" VPOS="1074" HPOS="816"/>
							<String ID="string_156" HPOS="839" VPOS="1064" WIDTH="208" HEIGHT="31" WC="0.96" CONTENT="återstoden."/>
						</TextLine>
					</TextBlock>
					<TextBlock ID="block_6" HPOS="270" VPOS="1101" WIDTH="1500" HEIGHT="133">
						<TextLine ID="line_17" HPOS="319" VPOS="1101" WIDTH="1451" HEIGHT="48">
							<String ID="string_157" HPOS="319" VPOS="1101" WIDTH="131" HEIGHT="43" WC="0.96" CONTENT="Bidrag"/><SP WIDTH="22" VPOS="1101" HPOS="450"/>
							<String ID="string_158" HPOS="472" VPOS="1102" WIDTH="53" HEIGHT="32" WC="0.95" CONTENT="till"/><SP WIDTH="22" VPOS="1102" HPOS="525"/>
							<String ID="string_159" HPOS="547" VPOS="1103" WIDTH="140" HEIGHT="42" WC="0.96" CONTENT="företag,"/><SP WIDTH="24" VPOS="1103" HPOS="687"/>
							<String ID="string_160" HPOS="711" VPOS="1105" WIDTH="52" HEIGHT="31" WC="0.96" CONTENT="för"/><SP WIDTH="22" VPOS="1105" HPOS="763"/>
							<String ID="string_161" HPOS="785" VPOS="1105" WIDTH="106" HEIGHT="32" WC="0.96" CONTENT="vilket"/><SP WIDTH="23" VPOS="1105" HPOS="891"/>
							<String ID="string_162" HPOS="914" VPOS="1106" WIDTH="193" HEIGHT="31" WC="0.96" CONTENT="beräknade"/><SP WIDTH="22" VPOS="1106" HPOS="1107"/>
							<String ID="string_163" HPOS="1129" VPOS="1106" WIDTH="191" HEIGHT="32" WC="0.97" CONTENT="kostnaden"/><SP WIDTH="24" VPOS="1106" HPOS="1320"/>
							<String ID="string_164" HPOS="1344" VPOS="1108" WIDTH="188" HEIGHT="41" WC="0.96" CONTENT="överstiger"/><SP WIDTH="24" VPOS="1108" HPOS="1532"/>
							<String ID="string_165" HPOS="1556" VPOS="1109" WIDTH="39" HEIGHT="31" WC="0.93" CONTENT="10"/><SP WIDTH="13" VPOS="1109" HPOS="1595"/>
							<String ID="string_166" HPOS="1608" VPOS="1109" WIDTH="63" HEIGHT="32" WC="0.93" CONTENT="000"/><SP WIDTH="22" VPOS="1109" HPOS="1671"/>
							<String ID="string_167" HPOS="1693" VPOS="1120" WIDTH="77" HEIGHT="21" WC="0.96" CONTENT="men"/>
						</TextLine>
						<TextLine ID="line_18" HPOS="270" VPOS="1144" WIDTH="1500" HEIGHT="47">
							<String ID="string_168" HPOS="270" VPOS="1144" WIDTH="29" HEIGHT="40" WC="0.96" CONTENT="ej"/><SP WIDTH="25" VPOS="1144" HPOS="299"/>
							<String ID="string_169" HPOS="324" VPOS="1144" WIDTH="116" HEIGHT="32" WC="0.82" CONTENT="20000"/><SP WIDTH="21" VPOS="1144" HPOS="440"/>
							<String ID="string_170" HPOS="461" VPOS="1145" WIDTH="135" HEIGHT="39" WC="0.96" CONTENT="kronor,"/><SP WIDTH="25" VPOS="1145" HPOS="596"/>
							<String ID="string_171" HPOS="621" VPOS="1148" WIDTH="55" HEIGHT="29" WC="0.96" CONTENT="må"/><SP WIDTH="22" VPOS="1148" HPOS="676"/>
							<String ID="string_172" HPOS="698" VPOS="1147" WIDTH="169" HEIGHT="41" WC="0.96" CONTENT="uppdelas"/><SP WIDTH="24" VPOS="1147" HPOS="867"/>
							<String ID="string_173" HPOS="891" VPOS="1150" WIDTH="44" HEIGHT="39" WC="0.96" CONTENT="på"/><SP WIDTH="22" VPOS="1150" HPOS="935"/>
							<String ID="string_174" HPOS="957" VPOS="1148" WIDTH="103" HEIGHT="41" WC="0.96" CONTENT="högst"/><SP WIDTH="22" VPOS="1148" HPOS="1060"/>
							<String ID="string_175" HPOS="1082" VPOS="1150" WIDTH="57" HEIGHT="30" WC="0.96" CONTENT="två"/><SP WIDTH="22" VPOS="1150" HPOS="1139"/>
							<String ID="string_176" HPOS="1161" VPOS="1151" WIDTH="44" HEIGHT="39" WC="0.97" CONTENT="på"/><SP WIDTH="22" VPOS="1151" HPOS="1205"/>
							<String ID="string_177" HPOS="1227" VPOS="1149" WIDTH="165" HEIGHT="32" WC="0.95" CONTENT="varandra"/><SP WIDTH="23" VPOS="1149" HPOS="1392"/>
							<String ID="string_178" HPOS="1415" VPOS="1150" WIDTH="150" HEIGHT="41" WC="0.96" CONTENT="följande"/><SP WIDTH="23" VPOS="1150" HPOS="1565"/>
							<String ID="string_179" HPOS="1588" VPOS="1153" WIDTH="45" HEIGHT="36" WC="0.96" CONTENT="år,"/><SP WIDTH="18" VPOS="1153" HPOS="1633"/>
							<String ID="string_180" HPOS="1651" VPOS="1151" WIDTH="119" HEIGHT="32" WC="0.96" CONTENT="därvid"/>
						</TextLine>
						<TextLine ID="line_19" HPOS="270" VPOS="1186" WIDTH="1393" HEIGHT="48">
							<String ID="string_181" HPOS="270" VPOS="1186" WIDTH="109" HEIGHT="31" WC="0.96" CONTENT="under"/><SP WIDTH="22" VPOS="1186" HPOS="379"/>
							<String ID="string_182" HPOS="401" VPOS="1186" WIDTH="109" HEIGHT="32" WC="0.96" CONTENT="första"/><SP WIDTH="22" VPOS="1186" HPOS="510"/>
							<String ID="string_183" HPOS="532" VPOS="1190" WIDTH="72" HEIGHT="29" WC="0.96" CONTENT="året"/><SP WIDTH="24" VPOS="1190" HPOS="604"/>
							<String ID="string_184" HPOS="628" VPOS="1189" WIDTH="87" HEIGHT="31" WC="0.96" CONTENT="skall"/><SP WIDTH="23" VPOS="1189" HPOS="715"/>
							<String ID="string_185" HPOS="738" VPOS="1190" WIDTH="138" HEIGHT="31" WC="0.96" CONTENT="anvisas"/><SP WIDTH="24" VPOS="1190" HPOS="876"/>
							<String ID="string_186" HPOS="900" VPOS="1190" WIDTH="105" HEIGHT="32" WC="0.96" CONTENT="minst"/><SP WIDTH="22" VPOS="1190" HPOS="1005"/>
							<String ID="string_187" HPOS="1027" VPOS="1192" WIDTH="56" HEIGHT="30" WC="0.96" CONTENT="två"/><SP WIDTH="22" VPOS="1192" HPOS="1083"/>
							<String ID="string_188" HPOS="1105" VPOS="1191" WIDTH="206" HEIGHT="41" WC="0.96" CONTENT="tredjedelar"/><SP WIDTH="23" VPOS="1191" HPOS="1311"/>
							<String ID="string_189" HPOS="1334" VPOS="1203" WIDTH="40" HEIGHT="20" WC="0.95" CONTENT="av"/><SP WIDTH="22" VPOS="1203" HPOS="1374"/>
							<String ID="string_190" HPOS="1396" VPOS="1192" WIDTH="79" HEIGHT="32" WC="0.96" CONTENT="hela"/><SP WIDTH="22" VPOS="1192" HPOS="1475"/>
							<String ID="string_191" HPOS="1497" VPOS="1192" WIDTH="166" HEIGHT="42" WC="0.96" CONTENT="bidraget."/>
						</TextLine>
					</TextBlock>
					<TextBlock ID="block_7" HPOS="269" VPOS="1228" WIDTH="1502" HEIGHT="86">
						<TextLine ID="line_20" HPOS="319" VPOS="1228" WIDTH="1452" HEIGHT="48">
							<String ID="string_192" HPOS="319" VPOS="1228" WIDTH="130" HEIGHT="42" WC="0.95" CONTENT="Bidrag"/><SP WIDTH="32" VPOS="1228" HPOS="449"/>
							<String ID="string_193" HPOS="481" VPOS="1229" WIDTH="51" HEIGHT="32" WC="0.95" CONTENT="till"/><SP WIDTH="34" VPOS="1229" HPOS="532"/>
							<String ID="string_194" HPOS="566" VPOS="1230" WIDTH="140" HEIGHT="42" WC="0.96" CONTENT="företag,"/><SP WIDTH="24" VPOS="1230" HPOS="706"/>
							<String ID="string_195" HPOS="730" VPOS="1232" WIDTH="53" HEIGHT="31" WC="0.96" CONTENT="för"/><SP WIDTH="32" VPOS="1232" HPOS="783"/>
							<String ID="string_196" HPOS="815" VPOS="1232" WIDTH="107" HEIGHT="31" WC="0.95" CONTENT="vilket"/><SP WIDTH="33" VPOS="1232" HPOS="922"/>
							<String ID="string_197" HPOS="955" VPOS="1233" WIDTH="192" HEIGHT="31" WC="0.96" CONTENT="beräknade"/><SP WIDTH="27" VPOS="1233" HPOS="1147"/>
							<String ID="string_198" HPOS="1174" VPOS="1234" WIDTH="189" HEIGHT="31" WC="0.96" CONTENT="kostnaden"/><SP WIDTH="27" VPOS="1234" HPOS="1363"/>
							<String ID="string_199" HPOS="1390" VPOS="1235" WIDTH="28" HEIGHT="40" WC="0.96" CONTENT="ej"/><SP WIDTH="27" VPOS="1235" HPOS="1418"/>
							<String ID="string_200" HPOS="1445" VPOS="1235" WIDTH="187" HEIGHT="41" WC="0.96" CONTENT="överstiger"/><SP WIDTH="25" VPOS="1235" HPOS="1632"/>
							<String ID="string_201" HPOS="1657" VPOS="1236" WIDTH="39" HEIGHT="31" WC="0.77" CONTENT="10"/><SP WIDTH="12" VPOS="1236" HPOS="1696"/>
							<String ID="string_202" HPOS="1708" VPOS="1237" WIDTH="63" HEIGHT="31" WC="0.77" CONTENT="000"/>
						</TextLine>
						<TextLine ID="line_21" HPOS="269" VPOS="1270" WIDTH="884" HEIGHT="44">
							<String ID="string_203" HPOS="269" VPOS="1270" WIDTH="136" HEIGHT="39" WC="0.96" CONTENT="kronor,"/><SP WIDTH="25" VPOS="1270" HPOS="405"/>
							<String ID="string_204" HPOS="430" VPOS="1273" WIDTH="54" HEIGHT="29" WC="0.96" CONTENT="må"/><SP WIDTH="23" VPOS="1273" HPOS="484"/>
							<String ID="string_205" HPOS="507" VPOS="1272" WIDTH="28" HEIGHT="41" WC="0.96" CONTENT="ej"/><SP WIDTH="25" VPOS="1272" HPOS="535"/>
							<String ID="string_206" HPOS="560" VPOS="1273" WIDTH="170" HEIGHT="41" WC="0.96" CONTENT="uppdelas"/><SP WIDTH="23" VPOS="1273" HPOS="730"/>
							<String ID="string_207" HPOS="753" VPOS="1276" WIDTH="44" HEIGHT="38" WC="0.96" CONTENT="på"/><SP WIDTH="23" VPOS="1276" HPOS="797"/>
							<String ID="string_208" HPOS="820" VPOS="1276" WIDTH="56" HEIGHT="29" WC="0.96" CONTENT="två"/><SP WIDTH="23" VPOS="1276" HPOS="876"/>
							<String ID="string_209" HPOS="899" VPOS="1275" WIDTH="83" HEIGHT="31" WC="0.96" CONTENT="eller"/><SP WIDTH="21" VPOS="1275" HPOS="982"/>
							<String ID="string_210" HPOS="1003" VPOS="1275" WIDTH="82" HEIGHT="31" WC="0.96" CONTENT="flera"/><SP WIDTH="23" VPOS="1275" HPOS="1085"/>
							<String ID="string_211" HPOS="1108" VPOS="1277" WIDTH="45" HEIGHT="29" WC="0.96" CONTENT="år."/>
						</TextLine>
					</TextBlock>
				</ComposedBlock>
				<ComposedBlock ID="cblock_3" HPOS="263" VPOS="1346" WIDTH="1510" HEIGHT="653">
					<TextBlock ID="block_8" HPOS="265" VPOS="1346" WIDTH="1508" HEIGHT="251">
						<TextLine ID="line_22" HPOS="328" VPOS="1346" WIDTH="1444" HEIGHT="49">
							<String ID="string_212" HPOS="328" VPOS="1346" WIDTH="78" HEIGHT="41" WC="0.91" CONTENT="Väg-"/><SP WIDTH="35" VPOS="1346" HPOS="406"/>
							<String ID="string_213" HPOS="441" VPOS="1347" WIDTH="54" HEIGHT="32" WC="0.93" CONTENT="och"/><SP WIDTH="24" VPOS="1347" HPOS="495"/>
							<String ID="string_214" HPOS="519" VPOS="1349" WIDTH="423" HEIGHT="42" WC="0.90" CONTENT="vattenbyggnadsstyrelsen"/><SP WIDTH="25" VPOS="1349" HPOS="942"/>
							<String ID="string_215" HPOS="967" VPOS="1350" WIDTH="60" HEIGHT="31" WC="0.96" CONTENT="har"/><SP WIDTH="22" VPOS="1350" HPOS="1027"/>
							<String ID="string_216" HPOS="1049" VPOS="1351" WIDTH="54" HEIGHT="31" WC="0.96" CONTENT="för"/><SP WIDTH="22" VPOS="1351" HPOS="1103"/>
							<String ID="string_217" HPOS="1125" VPOS="1352" WIDTH="99" HEIGHT="30" WC="0.96" CONTENT="nästa"/><SP WIDTH="23" VPOS="1352" HPOS="1224"/>
							<String ID="string_218" HPOS="1247" VPOS="1351" WIDTH="168" HEIGHT="42" WC="0.95" CONTENT="budgetår"/><SP WIDTH="22" VPOS="1351" HPOS="1415"/>
							<String ID="string_219" HPOS="1437" VPOS="1352" WIDTH="165" HEIGHT="32" WC="0.93" CONTENT="beräknat"/><SP WIDTH="22" VPOS="1352" HPOS="1602"/>
							<String ID="string_220" HPOS="1624" VPOS="1354" WIDTH="148" HEIGHT="41" WC="0.91" CONTENT="anslags-"/>
						</TextLine>
						<TextLine ID="line_23" HPOS="266" VPOS="1396" WIDTH="1506" HEIGHT="50">
							<String ID="string_221" HPOS="266" VPOS="1396" WIDTH="147" HEIGHT="33" WC="0.96" CONTENT="behovet"/><SP WIDTH="35" VPOS="1396" HPOS="413"/>
							<String ID="string_222" HPOS="448" VPOS="1398" WIDTH="53" HEIGHT="31" WC="0.94" CONTENT="till"/><SP WIDTH="34" VPOS="1398" HPOS="501"/>
							<String ID="string_223" HPOS="535" VPOS="1399" WIDTH="93" HEIGHT="31" WC="0.25" CONTENT="3500"/><SP WIDTH="12" VPOS="1399" HPOS="628"/>
							<String ID="string_224" HPOS="640" VPOS="1400" WIDTH="63" HEIGHT="31" WC="0.25" CONTENT="000"/><SP WIDTH="32" VPOS="1400" HPOS="703"/>
							<String ID="string_225" HPOS="735" VPOS="1400" WIDTH="136" HEIGHT="32" WC="0.92" CONTENT="kronor."/><SP WIDTH="46" VPOS="1400" HPOS="871"/>
							<String ID="string_226" HPOS="917" VPOS="1401" WIDTH="113" HEIGHT="31" WC="0.95" CONTENT="Därav"/><SP WIDTH="33" VPOS="1401" HPOS="1030"/>
							<String ID="string_227" HPOS="1063" VPOS="1412" WIDTH="79" HEIGHT="21" WC="0.93" CONTENT="avse"/><SP WIDTH="36" VPOS="1412" HPOS="1142"/>
							<String ID="string_228" HPOS="1178" VPOS="1402" WIDTH="166" HEIGHT="32" WC="0.73" CONTENT="1600000"/><SP WIDTH="27" VPOS="1402" HPOS="1344"/>
							<String ID="string_229" HPOS="1371" VPOS="1403" WIDTH="127" HEIGHT="31" WC="0.93" CONTENT="kronor"/><SP WIDTH="22" VPOS="1403" HPOS="1498"/>
							<String ID="string_230" HPOS="1520" VPOS="1404" WIDTH="252" HEIGHT="42" WC="0.92" CONTENT="fortsättnings-"/>
						</TextLine>
						<TextLine ID="line_24" HPOS="266" VPOS="1447" WIDTH="1507" HEIGHT="48">
							<String ID="string_231" HPOS="266" VPOS="1447" WIDTH="82" HEIGHT="31" WC="0.93" CONTENT="eller"/><SP WIDTH="22" VPOS="1447" HPOS="348"/>
							<String ID="string_232" HPOS="370" VPOS="1448" WIDTH="193" HEIGHT="42" WC="0.92" CONTENT="slutbidrag"/><SP WIDTH="23" VPOS="1448" HPOS="563"/>
							<String ID="string_233" HPOS="586" VPOS="1449" WIDTH="53" HEIGHT="31" WC="0.95" CONTENT="till"/><SP WIDTH="24" VPOS="1449" HPOS="639"/>
							<String ID="string_234" HPOS="663" VPOS="1450" WIDTH="139" HEIGHT="42" WC="0.96" CONTENT="företag,"/><SP WIDTH="18" VPOS="1450" HPOS="802"/>
							<String ID="string_235" HPOS="820" VPOS="1451" WIDTH="91" HEIGHT="31" WC="0.96" CONTENT="vilka"/><SP WIDTH="23" VPOS="1451" HPOS="911"/>
							<String ID="string_236" HPOS="934" VPOS="1452" WIDTH="143" HEIGHT="41" WC="0.96" CONTENT="tidigare"/><SP WIDTH="18" VPOS="1452" HPOS="1077"/>
							<String ID="string_237" HPOS="1095" VPOS="1452" WIDTH="136" HEIGHT="32" WC="0.93" CONTENT="erhållit"/><SP WIDTH="15" VPOS="1452" HPOS="1231"/>
							<String ID="string_238" HPOS="1246" VPOS="1452" WIDTH="343" HEIGHT="43" WC="0.91" CONTENT="begynnelsebidrag,"/><SP WIDTH="19" VPOS="1452" HPOS="1589"/>
							<String ID="string_239" HPOS="1608" VPOS="1455" WIDTH="14" HEIGHT="30" WC="0.95" CONTENT="1"/><SP WIDTH="16" VPOS="1455" HPOS="1622"/>
							<String ID="string_240" HPOS="1638" VPOS="1454" WIDTH="61" HEIGHT="31" WC="0.96" CONTENT="700"/><SP WIDTH="11" VPOS="1454" HPOS="1699"/>
							<String ID="string_241" HPOS="1710" VPOS="1455" WIDTH="63" HEIGHT="31" WC="0.96" CONTENT="000"/>
						</TextLine>
						<TextLine ID="line_25" HPOS="265" VPOS="1497" WIDTH="1507" HEIGHT="47">
							<String ID="string_242" HPOS="265" VPOS="1497" WIDTH="126" HEIGHT="33" WC="0.92" CONTENT="kronor"/><SP WIDTH="33" VPOS="1497" HPOS="391"/>
							<String ID="string_243" HPOS="424" VPOS="1498" WIDTH="334" HEIGHT="44" WC="0.92" CONTENT="begynnelsebidrag"/><SP WIDTH="32" VPOS="1498" HPOS="758"/>
							<String ID="string_244" HPOS="790" VPOS="1502" WIDTH="53" HEIGHT="31" WC="0.96" CONTENT="för"/><SP WIDTH="33" VPOS="1502" HPOS="843"/>
							<String ID="string_245" HPOS="876" VPOS="1513" WIDTH="67" HEIGHT="30" WC="0.96" CONTENT="nya"/><SP WIDTH="34" VPOS="1513" HPOS="943"/>
							<String ID="string_246" HPOS="977" VPOS="1502" WIDTH="130" HEIGHT="42" WC="0.96" CONTENT="företag"/><SP WIDTH="31" VPOS="1502" HPOS="1107"/>
							<String ID="string_247" HPOS="1138" VPOS="1505" WIDTH="88" HEIGHT="29" WC="0.96" CONTENT="samt"/><SP WIDTH="23" VPOS="1505" HPOS="1226"/>
							<String ID="string_248" HPOS="1249" VPOS="1504" WIDTH="136" HEIGHT="31" WC="0.94" CONTENT="200000"/><SP WIDTH="22" VPOS="1504" HPOS="1385"/>
							<String ID="string_249" HPOS="1407" VPOS="1504" WIDTH="127" HEIGHT="31" WC="0.96" CONTENT="kronor"/><SP WIDTH="21" VPOS="1504" HPOS="1534"/>
							<String ID="string_250" HPOS="1555" VPOS="1504" WIDTH="217" HEIGHT="32" WC="0.95" CONTENT="brådskande"/>
						</TextLine>
						<TextLine ID="line_26" HPOS="266" VPOS="1548" WIDTH="1504" HEIGHT="49">
							<String ID="string_251" HPOS="266" VPOS="1548" WIDTH="63" HEIGHT="32" WC="0.96" CONTENT="och"/><SP WIDTH="24" VPOS="1548" HPOS="329"/>
							<String ID="string_252" HPOS="353" VPOS="1549" WIDTH="223" HEIGHT="32" WC="0.96" CONTENT="oförutsedda"/><SP WIDTH="23" VPOS="1549" HPOS="576"/>
							<String ID="string_253" HPOS="599" VPOS="1551" WIDTH="141" HEIGHT="31" WC="0.96" CONTENT="arbeten"/><SP WIDTH="25" VPOS="1551" HPOS="740"/>
							<String ID="string_254" HPOS="765" VPOS="1554" WIDTH="163" HEIGHT="30" WC="0.93" CONTENT="ävensom"/><SP WIDTH="23" VPOS="1554" HPOS="928"/>
							<String ID="string_255" HPOS="951" VPOS="1553" WIDTH="276" HEIGHT="31" WC="0.92" CONTENT="mellanskillnad"/><SP WIDTH="23" VPOS="1553" HPOS="1227"/>
							<String ID="string_256" HPOS="1250" VPOS="1554" WIDTH="126" HEIGHT="31" WC="0.96" CONTENT="mellan"/><SP WIDTH="23" VPOS="1554" HPOS="1376"/>
							<String ID="string_257" HPOS="1399" VPOS="1554" WIDTH="41" HEIGHT="32" WC="0.96" CONTENT="60"/><SP WIDTH="17" VPOS="1554" HPOS="1440"/>
							<String ID="string_258" HPOS="1457" VPOS="1554" WIDTH="63" HEIGHT="32" WC="0.96" CONTENT="och"/><SP WIDTH="18" VPOS="1554" HPOS="1520"/>
							<String ID="string_259" HPOS="1538" VPOS="1554" WIDTH="39" HEIGHT="32" WC="0.96" CONTENT="75"/><SP WIDTH="20" VPOS="1554" HPOS="1577"/>
							<String ID="string_260" HPOS="1597" VPOS="1559" WIDTH="25" HEIGHT="28" WC="0.84" CONTENT="4"/><SP WIDTH="19" VPOS="1559" HPOS="1622"/>
							<String ID="string_261" HPOS="1641" VPOS="1555" WIDTH="129" HEIGHT="42" WC="0.96" CONTENT="bidrag."/>
						</TextLine>
					</TextBlock>
					<TextBlock ID="block_9" HPOS="263" VPOS="1600" WIDTH="1509" HEIGHT="300">
						<TextLine ID="line_27" HPOS="316" VPOS="1600" WIDTH="1455" HEIGHT="48">
							<String ID="string_262" HPOS="316" VPOS="1600" WIDTH="221" HEIGHT="32" WC="0.93" CONTENT="Beträffande"/><SP WIDTH="33" VPOS="1600" HPOS="537"/>
							<String ID="string_263" HPOS="570" VPOS="1601" WIDTH="460" HEIGHT="43" WC="0.91" CONTENT="nybyggnadsprogrammet"/><SP WIDTH="33" VPOS="1601" HPOS="1030"/>
							<String ID="string_264" HPOS="1063" VPOS="1603" WIDTH="62" HEIGHT="31" WC="0.96" CONTENT="har"/><SP WIDTH="34" VPOS="1603" HPOS="1125"/>
							<String ID="string_265" HPOS="1159" VPOS="1604" WIDTH="168" HEIGHT="41" WC="0.95" CONTENT="styrelsen"/><SP WIDTH="26" VPOS="1604" HPOS="1327"/>
							<String ID="string_266" HPOS="1353" VPOS="1604" WIDTH="184" HEIGHT="39" WC="0.96" CONTENT="meddelat,"/><SP WIDTH="23" VPOS="1604" HPOS="1537"/>
							<String ID="string_267" HPOS="1560" VPOS="1607" WIDTH="50" HEIGHT="29" WC="0.93" CONTENT="att"/><SP WIDTH="21" VPOS="1607" HPOS="1610"/>
							<String ID="string_268" HPOS="1631" VPOS="1606" WIDTH="140" HEIGHT="42" WC="0.92" CONTENT="innelig-"/>
						</TextLine>
						<TextLine ID="line_28" HPOS="264" VPOS="1650" WIDTH="1508" HEIGHT="46">
							<String ID="string_269" HPOS="264" VPOS="1650" WIDTH="111" HEIGHT="41" WC="0.96" CONTENT="gande"/><SP WIDTH="35" VPOS="1650" HPOS="375"/>
							<String ID="string_270" HPOS="410" VPOS="1651" WIDTH="231" HEIGHT="42" WC="0.96" CONTENT="ansökningar"/><SP WIDTH="33" VPOS="1651" HPOS="641"/>
							<String ID="string_271" HPOS="674" VPOS="1663" WIDTH="55" HEIGHT="21" WC="0.87" CONTENT="om"/><SP WIDTH="34" VPOS="1663" HPOS="729"/>
							<String ID="string_272" HPOS="763" VPOS="1653" WIDTH="312" HEIGHT="42" WC="0.87" CONTENT="byggnadsbidrag,"/><SP WIDTH="25" VPOS="1653" HPOS="1075"/>
							<String ID="string_273" HPOS="1100" VPOS="1654" WIDTH="91" HEIGHT="31" WC="0.96" CONTENT="vilka"/><SP WIDTH="32" VPOS="1654" HPOS="1191"/>
							<String ID="string_274" HPOS="1223" VPOS="1654" WIDTH="288" HEIGHT="42" WC="0.96" CONTENT="länsstyrelserna"/><SP WIDTH="34" VPOS="1654" HPOS="1511"/>
							<String ID="string_275" HPOS="1545" VPOS="1658" WIDTH="114" HEIGHT="30" WC="0.96" CONTENT="ansett"/><SP WIDTH="29" VPOS="1658" HPOS="1659"/>
							<String ID="string_276" HPOS="1688" VPOS="1656" WIDTH="84" HEIGHT="32" WC="0.96" CONTENT="böra"/>
						</TextLine>
						<TextLine ID="line_29" HPOS="263" VPOS="1700" WIDTH="1507" HEIGHT="45">
							<String ID="string_277" HPOS="263" VPOS="1700" WIDTH="146" HEIGHT="39" WC="0.92" CONTENT="bifallas,"/><SP WIDTH="17" VPOS="1700" HPOS="409"/>
							<String ID="string_278" HPOS="426" VPOS="1703" WIDTH="282" HEIGHT="40" WC="0.96" CONTENT="representerade"/><SP WIDTH="24" VPOS="1703" HPOS="708"/>
							<String ID="string_279" HPOS="732" VPOS="1714" WIDTH="41" HEIGHT="21" WC="0.93" CONTENT="en"/><SP WIDTH="24" VPOS="1714" HPOS="773"/>
							<String ID="string_280" HPOS="797" VPOS="1704" WIDTH="329" HEIGHT="41" WC="0.92" CONTENT="byggnadskostnad"/><SP WIDTH="24" VPOS="1704" HPOS="1126"/>
							<String ID="string_281" HPOS="1150" VPOS="1716" WIDTH="39" HEIGHT="20" WC="0.96" CONTENT="av"/><SP WIDTH="23" VPOS="1716" HPOS="1189"/>
							<String ID="string_282" HPOS="1212" VPOS="1705" WIDTH="11" HEIGHT="31" WC="0.96" CONTENT="i"/><SP WIDTH="23" VPOS="1705" HPOS="1223"/>
							<String ID="string_283" HPOS="1246" VPOS="1708" WIDTH="80" HEIGHT="29" WC="0.96" CONTENT="runt"/><SP WIDTH="23" VPOS="1708" HPOS="1326"/>
							<String ID="string_284" HPOS="1349" VPOS="1706" WIDTH="47" HEIGHT="31" WC="0.95" CONTENT="tal"/><SP WIDTH="25" VPOS="1706" HPOS="1396"/>
							<String ID="string_285" HPOS="1421" VPOS="1707" WIDTH="38" HEIGHT="30" WC="0.96" CONTENT="16"/><SP WIDTH="14" VPOS="1707" HPOS="1459"/>
							<String ID="string_286" HPOS="1473" VPOS="1707" WIDTH="62" HEIGHT="31" WC="0.94" CONTENT="000"/><SP WIDTH="12" VPOS="1707" HPOS="1535"/>
							<String ID="string_287" HPOS="1547" VPOS="1707" WIDTH="62" HEIGHT="31" WC="0.94" CONTENT="000"/><SP WIDTH="26" VPOS="1707" HPOS="1609"/>
							<String ID="string_288" HPOS="1635" VPOS="1707" WIDTH="135" HEIGHT="32" WC="0.96" CONTENT="kronor."/>
						</TextLine>
						<TextLine ID="line_30" HPOS="264" VPOS="1750" WIDTH="1507" HEIGHT="49">
							<String ID="string_289" HPOS="264" VPOS="1750" WIDTH="53" HEIGHT="32" WC="0.96" CONTENT="Då"/><SP WIDTH="33" VPOS="1750" HPOS="317"/>
							<String ID="string_290" HPOS="350" VPOS="1752" WIDTH="124" HEIGHT="31" WC="0.95" CONTENT="endast"/><SP WIDTH="34" VPOS="1752" HPOS="474"/>
							<String ID="string_291" HPOS="508" VPOS="1764" WIDTH="41" HEIGHT="19" WC="0.96" CONTENT="en"/><SP WIDTH="34" VPOS="1764" HPOS="549"/>
							<String ID="string_292" HPOS="583" VPOS="1752" WIDTH="98" HEIGHT="43" WC="0.96" CONTENT="ringa"/><SP WIDTH="34" VPOS="1752" HPOS="681"/>
							<String ID="string_293" HPOS="715" VPOS="1753" WIDTH="55" HEIGHT="32" WC="0.96" CONTENT="del"/><SP WIDTH="35" VPOS="1753" HPOS="770"/>
							<String ID="string_294" HPOS="805" VPOS="1754" WIDTH="104" HEIGHT="32" WC="0.96" CONTENT="därav"/><SP WIDTH="31" VPOS="1754" HPOS="909"/>
							<String ID="string_295" HPOS="940" VPOS="1755" WIDTH="114" HEIGHT="31" WC="0.96" CONTENT="kunde"/><SP WIDTH="23" VPOS="1755" HPOS="1054"/>
							<String ID="string_296" HPOS="1077" VPOS="1755" WIDTH="203" HEIGHT="42" WC="0.96" CONTENT="tillgodoses"/><SP WIDTH="24" VPOS="1755" HPOS="1280"/>
							<String ID="string_297" HPOS="1304" VPOS="1756" WIDTH="78" HEIGHT="32" WC="0.96" CONTENT="med"/><SP WIDTH="23" VPOS="1756" HPOS="1382"/>
							<String ID="string_298" HPOS="1405" VPOS="1756" WIDTH="121" HEIGHT="43" WC="0.96" CONTENT="bidrag"/><SP WIDTH="23" VPOS="1756" HPOS="1526"/>
							<String ID="string_299" HPOS="1549" VPOS="1757" WIDTH="110" HEIGHT="32" WC="0.93" CONTENT="under"/><SP WIDTH="21" VPOS="1757" HPOS="1659"/>
							<String ID="string_300" HPOS="1680" VPOS="1757" WIDTH="91" HEIGHT="33" WC="0.92" CONTENT="inne-"/>
						</TextLine>
						<TextLine ID="line_31" HPOS="264" VPOS="1802" WIDTH="1507" HEIGHT="46">
							<String ID="string_301" HPOS="264" VPOS="1802" WIDTH="148" HEIGHT="31" WC="0.96" CONTENT="varande"/><SP WIDTH="34" VPOS="1802" HPOS="412"/>
							<String ID="string_302" HPOS="446" VPOS="1802" WIDTH="177" HEIGHT="42" WC="0.96" CONTENT="budgetår,"/><SP WIDTH="24" VPOS="1802" HPOS="623"/>
							<String ID="string_303" HPOS="647" VPOS="1804" WIDTH="87" HEIGHT="32" WC="0.96" CONTENT="hade"/><SP WIDTH="35" VPOS="1804" HPOS="734"/>
							<String ID="string_304" HPOS="769" VPOS="1805" WIDTH="171" HEIGHT="41" WC="0.96" CONTENT="styrelsen"/><SP WIDTH="33" VPOS="1805" HPOS="940"/>
							<String ID="string_305" HPOS="973" VPOS="1805" WIDTH="74" HEIGHT="32" WC="0.94" CONTENT="icke"/><SP WIDTH="33" VPOS="1805" HPOS="1047"/>
							<String ID="string_306" HPOS="1080" VPOS="1806" WIDTH="115" HEIGHT="31" WC="0.96" CONTENT="funnit"/><SP WIDTH="23" VPOS="1806" HPOS="1195"/>
							<String ID="string_307" HPOS="1218" VPOS="1806" WIDTH="217" HEIGHT="42" WC="0.96" CONTENT="erforderligt"/><SP WIDTH="23" VPOS="1806" HPOS="1435"/>
							<String ID="string_308" HPOS="1458" VPOS="1809" WIDTH="50" HEIGHT="30" WC="0.93" CONTENT="att"/><SP WIDTH="22" VPOS="1809" HPOS="1508"/>
							<String ID="string_309" HPOS="1530" VPOS="1808" WIDTH="153" HEIGHT="32" WC="0.91" CONTENT="infordra"/><SP WIDTH="23" VPOS="1808" HPOS="1683"/>
							<String ID="string_310" HPOS="1706" VPOS="1810" WIDTH="65" HEIGHT="30" WC="0.92" CONTENT="sär-"/>
						</TextLine>
						<TextLine ID="line_32" HPOS="265" VPOS="1852" WIDTH="1504" HEIGHT="48">
							<String ID="string_311" HPOS="265" VPOS="1852" WIDTH="110" HEIGHT="31" WC="0.96" CONTENT="skilda"/><SP WIDTH="24" VPOS="1852" HPOS="375"/>
							<String ID="string_312" HPOS="399" VPOS="1853" WIDTH="174" HEIGHT="42" WC="0.96" CONTENT="uppgifter"/><SP WIDTH="22" VPOS="1853" HPOS="573"/>
							<String ID="string_313" HPOS="595" VPOS="1854" WIDTH="53" HEIGHT="32" WC="0.96" CONTENT="för"/><SP WIDTH="22" VPOS="1854" HPOS="648"/>
							<String ID="string_314" HPOS="670" VPOS="1854" WIDTH="212" HEIGHT="43" WC="0.96" CONTENT="bedömning"/><SP WIDTH="23" VPOS="1854" HPOS="882"/>
							<String ID="string_315" HPOS="905" VPOS="1867" WIDTH="40" HEIGHT="20" WC="0.93" CONTENT="av"/><SP WIDTH="23" VPOS="1867" HPOS="945"/>
							<String ID="string_316" HPOS="968" VPOS="1856" WIDTH="288" HEIGHT="42" WC="0.91" CONTENT="anslagsbehovet"/><SP WIDTH="23" VPOS="1856" HPOS="1256"/>
							<String ID="string_317" HPOS="1279" VPOS="1857" WIDTH="109" HEIGHT="32" WC="0.96" CONTENT="under"/><SP WIDTH="15" VPOS="1857" HPOS="1388"/>
							<String ID="string_318" HPOS="1403" VPOS="1858" WIDTH="203" HEIGHT="42" WC="0.93" CONTENT="budgetåret"/><SP WIDTH="17" VPOS="1858" HPOS="1606"/>
							<String ID="string_319" HPOS="1623" VPOS="1860" WIDTH="146" HEIGHT="37" WC="0.92" CONTENT="1947/48."/>
						</TextLine>
					</TextBlock>
					<TextBlock ID="block_10" HPOS="264" VPOS="1903" WIDTH="1507" HEIGHT="96">
						<TextLine ID="line_33" HPOS="316" VPOS="1903" WIDTH="1455" HEIGHT="47">
							<String ID="string_320" HPOS="316" VPOS="1903" WIDTH="355" HEIGHT="42" WC="0.88" CONTENT="Departementschefen"/><SP WIDTH="34" VPOS="1903" HPOS="671"/>
							<String ID="string_321" HPOS="705" VPOS="1905" WIDTH="61" HEIGHT="31" WC="0.96" CONTENT="har"/><SP WIDTH="36" VPOS="1905" HPOS="766"/>
							<String ID="string_322" HPOS="802" VPOS="1906" WIDTH="122" HEIGHT="32" WC="0.93" CONTENT="biträtt"/><SP WIDTH="33" VPOS="1906" HPOS="924"/>
							<String ID="string_323" HPOS="957" VPOS="1909" WIDTH="72" HEIGHT="39" WC="0.91" CONTENT="väg-"/><SP WIDTH="36" VPOS="1909" HPOS="1029"/>
							<String ID="string_324" HPOS="1065" VPOS="1907" WIDTH="64" HEIGHT="31" WC="0.91" CONTENT="och"/><SP WIDTH="34" VPOS="1907" HPOS="1129"/>
							<String ID="string_325" HPOS="1163" VPOS="1908" WIDTH="488" HEIGHT="42" WC="0.91" CONTENT="vattenbyggnadsstyrelsens"/><SP WIDTH="31" VPOS="1908" HPOS="1651"/>
							<String ID="string_326" HPOS="1682" VPOS="1909" WIDTH="89" HEIGHT="32" WC="0.92" CONTENT="hem-"/>
						</TextLine>
						<TextLine ID="line_34" HPOS="264" VPOS="1953" WIDTH="925" HEIGHT="46">
							<String ID="string_327" HPOS="264" VPOS="1953" WIDTH="122" HEIGHT="32" WC="0.91" CONTENT="ställan"/><SP WIDTH="25" VPOS="1953" HPOS="386"/>
							<String ID="string_328" HPOS="411" VPOS="1954" WIDTH="64" HEIGHT="32" WC="0.96" CONTENT="och"/><SP WIDTH="23" VPOS="1954" HPOS="475"/>
							<String ID="string_329" HPOS="498" VPOS="1955" WIDTH="116" HEIGHT="32" WC="0.96" CONTENT="vidare"/><SP WIDTH="23" VPOS="1955" HPOS="614"/>
							<String ID="string_330" HPOS="637" VPOS="1956" WIDTH="112" HEIGHT="32" WC="0.96" CONTENT="anfört"/><SP WIDTH="22" VPOS="1956" HPOS="749"/>
							<String ID="string_331" HPOS="771" VPOS="1957" WIDTH="108" HEIGHT="31" WC="0.96" CONTENT="bland"/><SP WIDTH="23" VPOS="1957" HPOS="879"/>
							<String ID="string_332" HPOS="902" VPOS="1960" WIDTH="105" HEIGHT="29" WC="0.95" CONTENT="annat"/><SP WIDTH="21" VPOS="1960" HPOS="1007"/>
							<String ID="string_333" HPOS="1028" VPOS="1958" WIDTH="161" HEIGHT="41" WC="0.96" CONTENT="följande."/>
						</TextLine>
					</TextBlock>
				</ComposedBlock>
				<ComposedBlock ID="cblock_4" HPOS="259" VPOS="2021" WIDTH="1512" HEIGHT="464">
					<TextBlock ID="block_11" HPOS="259" VPOS="2021" WIDTH="1512" HEIGHT="464">
						<TextLine ID="line_35" HPOS="316" VPOS="2021" WIDTH="1454" HEIGHT="48">
							<String ID="string_334" HPOS="316" VPOS="2021" WIDTH="53" HEIGHT="31" WC="0.95" CONTENT="De"/><SP WIDTH="34" VPOS="2021" HPOS="369"/>
							<String ID="string_335" HPOS="403" VPOS="2022" WIDTH="165" HEIGHT="42" WC="0.95" CONTENT="uppdrag,"/><SP WIDTH="33" VPOS="2022" HPOS="568"/>
							<String ID="string_336" HPOS="601" VPOS="2034" WIDTH="74" HEIGHT="21" WC="0.96" CONTENT="som"/><SP WIDTH="24" VPOS="2034" HPOS="675"/>
							<String ID="string_337" HPOS="699" VPOS="2035" WIDTH="123" HEIGHT="30" WC="0.96" CONTENT="genom"/><SP WIDTH="23" VPOS="2035" HPOS="822"/>
							<String ID="string_338" HPOS="845" VPOS="2024" WIDTH="127" HEIGHT="43" WC="0.96" CONTENT="Kungl."/><SP WIDTH="25" VPOS="2024" HPOS="972"/>
							<String ID="string_339" HPOS="997" VPOS="2026" WIDTH="117" HEIGHT="41" WC="0.96" CONTENT="Maj:ts"/><SP WIDTH="22" VPOS="2026" HPOS="1114"/>
							<String ID="string_340" HPOS="1136" VPOS="2025" WIDTH="116" HEIGHT="32" WC="0.96" CONTENT="beslut"/><SP WIDTH="23" VPOS="2025" HPOS="1252"/>
							<String ID="string_341" HPOS="1275" VPOS="2026" WIDTH="65" HEIGHT="32" WC="0.96" CONTENT="den"/><SP WIDTH="26" VPOS="2026" HPOS="1340"/>
							<String ID="string_342" HPOS="1366" VPOS="2028" WIDTH="39" HEIGHT="31" WC="0.96" CONTENT="10"/><SP WIDTH="23" VPOS="2028" HPOS="1405"/>
							<String ID="string_343" HPOS="1428" VPOS="2027" WIDTH="64" HEIGHT="42" WC="0.96" CONTENT="maj"/><SP WIDTH="27" VPOS="2027" HPOS="1492"/>
							<String ID="string_344" HPOS="1519" VPOS="2028" WIDTH="81" HEIGHT="32" WC="0.96" CONTENT="1946"/><SP WIDTH="22" VPOS="2028" HPOS="1600"/>
							<String ID="string_345" HPOS="1622" VPOS="2028" WIDTH="148" HEIGHT="32" WC="0.95" CONTENT="lämnats"/>
						</TextLine>
						<TextLine ID="line_36" HPOS="262" VPOS="2064" WIDTH="1508" HEIGHT="46">
							<String ID="string_346" HPOS="262" VPOS="2065" WIDTH="73" HEIGHT="39" WC="0.92" CONTENT="väg-"/><SP WIDTH="35" VPOS="2065" HPOS="335"/>
							<String ID="string_347" HPOS="370" VPOS="2064" WIDTH="64" HEIGHT="31" WC="0.93" CONTENT="och"/><SP WIDTH="34" VPOS="2064" HPOS="434"/>
							<String ID="string_348" HPOS="468" VPOS="2065" WIDTH="469" HEIGHT="43" WC="0.91" CONTENT="vattenbyggnadsstyrelsen"/><SP WIDTH="35" VPOS="2065" HPOS="937"/>
							<String ID="string_349" HPOS="972" VPOS="2070" WIDTH="88" HEIGHT="29" WC="0.93" CONTENT="samt"/><SP WIDTH="33" VPOS="2070" HPOS="1060"/>
							<String ID="string_350" HPOS="1093" VPOS="2068" WIDTH="277" HEIGHT="42" WC="0.91" CONTENT="skogsstyrelsen"/><SP WIDTH="36" VPOS="2068" HPOS="1370"/>
							<String ID="string_351" HPOS="1406" VPOS="2071" WIDTH="49" HEIGHT="30" WC="0.96" CONTENT="att"/><SP WIDTH="32" VPOS="2071" HPOS="1455"/>
							<String ID="string_352" HPOS="1487" VPOS="2070" WIDTH="185" HEIGHT="31" WC="0.96" CONTENT="verkställa"/><SP WIDTH="26" VPOS="2070" HPOS="1672"/>
							<String ID="string_353" HPOS="1698" VPOS="2071" WIDTH="72" HEIGHT="31" WC="0.96" CONTENT="viss"/>
						</TextLine>
						<TextLine ID="line_37" HPOS="262" VPOS="2105" WIDTH="1508" HEIGHT="49">
							<String ID="string_354" HPOS="262" VPOS="2105" WIDTH="355" HEIGHT="44" WC="0.91" CONTENT="försöksinventering"/><SP WIDTH="28" VPOS="2105" HPOS="617"/>
							<String ID="string_355" HPOS="645" VPOS="2119" WIDTH="40" HEIGHT="20" WC="0.96" CONTENT="av"/><SP WIDTH="22" VPOS="2119" HPOS="685"/>
							<String ID="string_356" HPOS="707" VPOS="2108" WIDTH="157" HEIGHT="32" WC="0.96" CONTENT="behoven"/><SP WIDTH="25" VPOS="2108" HPOS="864"/>
							<String ID="string_357" HPOS="889" VPOS="2120" WIDTH="40" HEIGHT="20" WC="0.96" CONTENT="av"/><SP WIDTH="23" VPOS="2120" HPOS="929"/>
							<String ID="string_358" HPOS="952" VPOS="2109" WIDTH="156" HEIGHT="32" WC="0.96" CONTENT="enskilda"/><SP WIDTH="22" VPOS="2109" HPOS="1108"/>
							<String ID="string_359" HPOS="1130" VPOS="2112" WIDTH="102" HEIGHT="40" WC="0.96" CONTENT="vägar"/><SP WIDTH="22" VPOS="2112" HPOS="1232"/>
							<String ID="string_360" HPOS="1254" VPOS="2112" WIDTH="161" HEIGHT="30" WC="0.96" CONTENT="ävensom"/><SP WIDTH="24" VPOS="2112" HPOS="1415"/>
							<String ID="string_361" HPOS="1439" VPOS="2112" WIDTH="12" HEIGHT="31" WC="0.96" CONTENT="i"/><SP WIDTH="23" VPOS="2112" HPOS="1451"/>
							<String ID="string_362" HPOS="1474" VPOS="2112" WIDTH="201" HEIGHT="42" WC="0.93" CONTENT="anslutning"/><SP WIDTH="23" VPOS="2112" HPOS="1675"/>
							<String ID="string_363" HPOS="1698" VPOS="2113" WIDTH="72" HEIGHT="31" WC="0.92" CONTENT="här-"/>
						</TextLine>
						<TextLine ID="line_38" HPOS="262" VPOS="2147" WIDTH="1509" HEIGHT="49">
							<String ID="string_364" HPOS="262" VPOS="2147" WIDTH="53" HEIGHT="32" WC="0.96" CONTENT="till"/><SP WIDTH="23" VPOS="2147" HPOS="315"/>
							<String ID="string_365" HPOS="338" VPOS="2148" WIDTH="186" HEIGHT="43" WC="0.96" CONTENT="utredning"/><SP WIDTH="22" VPOS="2148" HPOS="524"/>
							<String ID="string_366" HPOS="546" VPOS="2150" WIDTH="146" HEIGHT="31" WC="0.96" CONTENT="rörande"/><SP WIDTH="23" VPOS="2150" HPOS="692"/>
							<String ID="string_367" HPOS="715" VPOS="2150" WIDTH="149" HEIGHT="32" WC="0.96" CONTENT="behovet"/><SP WIDTH="23" VPOS="2150" HPOS="864"/>
							<String ID="string_368" HPOS="887" VPOS="2163" WIDTH="41" HEIGHT="20" WC="0.96" CONTENT="av"/><SP WIDTH="23" VPOS="2163" HPOS="928"/>
							<String ID="string_369" HPOS="951" VPOS="2151" WIDTH="62" HEIGHT="32" WC="0.95" CONTENT="och"/><SP WIDTH="24" VPOS="2151" HPOS="1013"/>
							<String ID="string_370" HPOS="1037" VPOS="2152" WIDTH="172" HEIGHT="32" WC="0.95" CONTENT="formerna"/><SP WIDTH="22" VPOS="2152" HPOS="1209"/>
							<String ID="string_371" HPOS="1231" VPOS="2153" WIDTH="52" HEIGHT="31" WC="0.96" CONTENT="för"/><SP WIDTH="23" VPOS="2153" HPOS="1283"/>
							<String ID="string_372" HPOS="1306" VPOS="2164" WIDTH="42" HEIGHT="20" WC="0.96" CONTENT="en"/><SP WIDTH="23" VPOS="2164" HPOS="1348"/>
							<String ID="string_373" HPOS="1371" VPOS="2154" WIDTH="148" HEIGHT="42" WC="0.96" CONTENT="ändring"/><SP WIDTH="22" VPOS="2154" HPOS="1519"/>
							<String ID="string_374" HPOS="1541" VPOS="2154" WIDTH="11" HEIGHT="32" WC="0.96" CONTENT="i"/><SP WIDTH="23" VPOS="2154" HPOS="1552"/>
							<String ID="string_375" HPOS="1575" VPOS="2154" WIDTH="196" HEIGHT="41" WC="0.96" CONTENT="grunderna"/>
						</TextLine>
						<TextLine ID="line_39" HPOS="261" VPOS="2190" WIDTH="1508" HEIGHT="49">
							<String ID="string_376" HPOS="261" VPOS="2190" WIDTH="53" HEIGHT="31" WC="0.96" CONTENT="för"/><SP WIDTH="34" VPOS="2190" HPOS="314"/>
							<String ID="string_377" HPOS="348" VPOS="2190" WIDTH="212" HEIGHT="43" WC="0.96" CONTENT="statsbidrag"/><SP WIDTH="22" VPOS="2190" HPOS="560"/>
							<String ID="string_378" HPOS="582" VPOS="2192" WIDTH="52" HEIGHT="31" WC="0.96" CONTENT="till"/><SP WIDTH="24" VPOS="2192" HPOS="634"/>
							<String ID="string_379" HPOS="658" VPOS="2192" WIDTH="135" HEIGHT="32" WC="0.96" CONTENT="enskild"/><SP WIDTH="23" VPOS="2192" HPOS="793"/>
							<String ID="string_380" HPOS="816" VPOS="2193" WIDTH="229" HEIGHT="42" WC="0.96" CONTENT="väghållning,"/><SP WIDTH="24" VPOS="2193" HPOS="1045"/>
							<String ID="string_381" HPOS="1069" VPOS="2194" WIDTH="44" HEIGHT="31" WC="0.96" CONTENT="ha"/><SP WIDTH="23" VPOS="2194" HPOS="1113"/>
							<String ID="string_382" HPOS="1136" VPOS="2196" WIDTH="92" HEIGHT="30" WC="0.96" CONTENT="ännu"/><SP WIDTH="23" VPOS="2196" HPOS="1228"/>
							<String ID="string_383" HPOS="1251" VPOS="2195" WIDTH="73" HEIGHT="32" WC="0.95" CONTENT="icke"/><SP WIDTH="24" VPOS="2195" HPOS="1324"/>
							<String ID="string_384" HPOS="1348" VPOS="2196" WIDTH="168" HEIGHT="31" WC="0.94" CONTENT="slutförts."/><SP WIDTH="46" VPOS="2196" HPOS="1516"/>
							<String ID="string_385" HPOS="1562" VPOS="2196" WIDTH="120" HEIGHT="43" WC="0.89" CONTENT="Enligt"/><SP WIDTH="22" VPOS="2196" HPOS="1682"/>
							<String ID="string_386" HPOS="1704" VPOS="2197" WIDTH="65" HEIGHT="31" WC="0.96" CONTENT="vad"/>
						</TextLine>
						<TextLine ID="line_40" HPOS="259" VPOS="2232" WIDTH="1510" HEIGHT="49">
							<String ID="string_387" HPOS="259" VPOS="2232" WIDTH="57" HEIGHT="41" WC="0.96" CONTENT="jag"/><SP WIDTH="33" VPOS="2232" HPOS="316"/>
							<String ID="string_388" HPOS="349" VPOS="2232" WIDTH="170" HEIGHT="32" WC="0.96" CONTENT="inhämtat"/><SP WIDTH="32" VPOS="2232" HPOS="519"/>
							<String ID="string_389" HPOS="551" VPOS="2234" WIDTH="74" HEIGHT="31" WC="0.95" CONTENT="från"/><SP WIDTH="34" VPOS="2234" HPOS="625"/>
							<String ID="string_390" HPOS="659" VPOS="2234" WIDTH="258" HEIGHT="33" WC="0.95" CONTENT="vederbörande"/><SP WIDTH="34" VPOS="2234" HPOS="917"/>
							<String ID="string_391" HPOS="951" VPOS="2237" WIDTH="79" HEIGHT="30" WC="0.95" CONTENT="verk"/><SP WIDTH="34" VPOS="2237" HPOS="1030"/>
							<String ID="string_392" HPOS="1064" VPOS="2237" WIDTH="61" HEIGHT="31" WC="0.90" CONTENT="har"/><SP WIDTH="22" VPOS="2237" HPOS="1125"/>
							<String ID="string_393" HPOS="1147" VPOS="2237" WIDTH="132" HEIGHT="32" WC="0.96" CONTENT="arbetet"/><SP WIDTH="22" VPOS="2237" HPOS="1279"/>
							<String ID="string_394" HPOS="1301" VPOS="2238" WIDTH="100" HEIGHT="31" WC="0.96" CONTENT="blivit"/><SP WIDTH="23" VPOS="2238" HPOS="1401"/>
							<String ID="string_395" HPOS="1424" VPOS="2238" WIDTH="145" HEIGHT="42" WC="0.96" CONTENT="fördröjt"/><SP WIDTH="22" VPOS="2238" HPOS="1569"/>
							<String ID="string_396" HPOS="1591" VPOS="2241" WIDTH="45" HEIGHT="39" WC="0.96" CONTENT="på"/><SP WIDTH="22" VPOS="2241" HPOS="1636"/>
							<String ID="string_397" HPOS="1658" VPOS="2240" WIDTH="111" HEIGHT="41" WC="0.96" CONTENT="grund"/>
						</TextLine>
						<TextLine ID="line_41" HPOS="262" VPOS="2275" WIDTH="1506" HEIGHT="48">
							<String ID="string_398" HPOS="262" VPOS="2285" WIDTH="39" HEIGHT="20" WC="0.96" CONTENT="av"/><SP WIDTH="35" VPOS="2285" HPOS="301"/>
							<String ID="string_399" HPOS="336" VPOS="2275" WIDTH="212" HEIGHT="42" WC="0.96" CONTENT="svårigheter"/><SP WIDTH="33" VPOS="2275" HPOS="548"/>
							<String ID="string_400" HPOS="581" VPOS="2278" WIDTH="50" HEIGHT="30" WC="0.96" CONTENT="att"/><SP WIDTH="23" VPOS="2278" HPOS="631"/>
							<String ID="string_401" HPOS="654" VPOS="2276" WIDTH="184" HEIGHT="42" WC="0.96" CONTENT="disponera"/><SP WIDTH="23" VPOS="2276" HPOS="838"/>
							<String ID="string_402" HPOS="861" VPOS="2278" WIDTH="53" HEIGHT="32" WC="0.96" CONTENT="för"/><SP WIDTH="22" VPOS="2278" HPOS="914"/>
							<String ID="string_403" HPOS="936" VPOS="2278" WIDTH="205" HEIGHT="32" WC="0.96" CONTENT="hithörande"/><SP WIDTH="22" VPOS="2278" HPOS="1141"/>
							<String ID="string_404" HPOS="1163" VPOS="2279" WIDTH="174" HEIGHT="42" WC="0.96" CONTENT="uppgifter"/><SP WIDTH="22" VPOS="2279" HPOS="1337"/>
							<String ID="string_405" HPOS="1359" VPOS="2280" WIDTH="217" HEIGHT="32" WC="0.96" CONTENT="kvalificerad"/><SP WIDTH="22" VPOS="2280" HPOS="1576"/>
							<String ID="string_406" HPOS="1598" VPOS="2282" WIDTH="170" HEIGHT="41" WC="0.95" CONTENT="personal."/>
						</TextLine>
						<TextLine ID="line_42" HPOS="262" VPOS="2316" WIDTH="1503" HEIGHT="49">
							<String ID="string_407" HPOS="262" VPOS="2316" WIDTH="103" HEIGHT="32" WC="0.95" CONTENT="Vissa"/><SP WIDTH="34" VPOS="2316" HPOS="365"/>
							<String ID="string_408" HPOS="399" VPOS="2317" WIDTH="219" HEIGHT="41" WC="0.96" CONTENT="preliminära"/><SP WIDTH="33" VPOS="2317" HPOS="618"/>
							<String ID="string_409" HPOS="651" VPOS="2319" WIDTH="145" HEIGHT="32" WC="0.96" CONTENT="resultat"/><SP WIDTH="33" VPOS="2319" HPOS="796"/>
							<String ID="string_410" HPOS="829" VPOS="2320" WIDTH="147" HEIGHT="32" WC="0.96" CONTENT="rörande"/><SP WIDTH="35" VPOS="2320" HPOS="976"/>
							<String ID="string_411" HPOS="1011" VPOS="2321" WIDTH="41" HEIGHT="31" WC="0.96" CONTENT="de"/><SP WIDTH="33" VPOS="2321" HPOS="1052"/>
							<String ID="string_412" HPOS="1085" VPOS="2321" WIDTH="219" HEIGHT="42" WC="0.95" CONTENT="principiella"/><SP WIDTH="31" VPOS="2321" HPOS="1304"/>
							<String ID="string_413" HPOS="1335" VPOS="2323" WIDTH="160" HEIGHT="40" WC="0.96" CONTENT="frågorna"/><SP WIDTH="26" VPOS="2323" HPOS="1495"/>
							<String ID="string_414" HPOS="1521" VPOS="2323" WIDTH="45" HEIGHT="31" WC="0.96" CONTENT="ha"/><SP WIDTH="23" VPOS="2323" HPOS="1566"/>
							<String ID="string_415" HPOS="1589" VPOS="2325" WIDTH="176" HEIGHT="40" WC="0.96" CONTENT="uppnåtts,"/>
						</TextLine>
						<TextLine ID="line_43" HPOS="262" VPOS="2359" WIDTH="1506" HEIGHT="46">
							<String ID="string_416" HPOS="262" VPOS="2369" WIDTH="78" HEIGHT="20" WC="0.96" CONTENT="men"/><SP WIDTH="35" VPOS="2369" HPOS="340"/>
							<String ID="string_417" HPOS="375" VPOS="2359" WIDTH="11" HEIGHT="31" WC="0.73" CONTENT="1"/><SP WIDTH="34" VPOS="2359" HPOS="386"/>
							<String ID="string_418" HPOS="420" VPOS="2359" WIDTH="180" HEIGHT="33" WC="0.96" CONTENT="huvudsak"/><SP WIDTH="33" VPOS="2359" HPOS="600"/>
							<String ID="string_419" HPOS="633" VPOS="2361" WIDTH="155" HEIGHT="32" WC="0.95" CONTENT="befinner"/><SP WIDTH="35" VPOS="2361" HPOS="788"/>
							<String ID="string_420" HPOS="823" VPOS="2362" WIDTH="52" HEIGHT="40" WC="0.95" CONTENT="sig"/><SP WIDTH="34" VPOS="2362" HPOS="875"/>
							<String ID="string_421" HPOS="909" VPOS="2362" WIDTH="132" HEIGHT="32" WC="0.96" CONTENT="arbetet"/><SP WIDTH="22" VPOS="2362" HPOS="1041"/>
							<String ID="string_422" HPOS="1063" VPOS="2363" WIDTH="209" HEIGHT="32" WC="0.96" CONTENT="fortfarande"/><SP WIDTH="22" VPOS="2363" HPOS="1272"/>
							<String ID="string_423" HPOS="1294" VPOS="2366" WIDTH="45" HEIGHT="39" WC="0.96" CONTENT="på"/><SP WIDTH="23" VPOS="2366" HPOS="1339"/>
							<String ID="string_424" HPOS="1362" VPOS="2367" WIDTH="49" HEIGHT="29" WC="0.96" CONTENT="ett"/><SP WIDTH="22" VPOS="2367" HPOS="1411"/>
							<String ID="string_425" HPOS="1433" VPOS="2364" WIDTH="249" HEIGHT="33" WC="0.92" CONTENT="förberedande"/><SP WIDTH="24" VPOS="2364" HPOS="1682"/>
							<String ID="string_426" HPOS="1706" VPOS="2368" WIDTH="62" HEIGHT="29" WC="0.90" CONTENT="sta-"/>
						</TextLine>
						<TextLine ID="line_44" HPOS="261" VPOS="2400" WIDTH="1508" HEIGHT="49">
							<String ID="string_427" HPOS="261" VPOS="2400" WIDTH="105" HEIGHT="32" WC="0.88" CONTENT="dium."/><SP WIDTH="46" VPOS="2400" HPOS="366"/>
							<String ID="string_428" HPOS="412" VPOS="2401" WIDTH="115" HEIGHT="42" WC="0.95" CONTENT="Några"/><SP WIDTH="34" VPOS="2401" HPOS="527"/>
							<String ID="string_429" HPOS="561" VPOS="2403" WIDTH="128" HEIGHT="41" WC="0.95" CONTENT="förslag"/><SP WIDTH="33" VPOS="2403" HPOS="689"/>
							<String ID="string_430" HPOS="722" VPOS="2403" WIDTH="11" HEIGHT="31" WC="0.96" CONTENT="i"/><SP WIDTH="29" VPOS="2403" HPOS="733"/>
							<String ID="string_431" HPOS="762" VPOS="2405" WIDTH="116" HEIGHT="31" WC="0.96" CONTENT="ämnet"/><SP WIDTH="23" VPOS="2405" HPOS="878"/>
							<String ID="string_432" HPOS="901" VPOS="2405" WIDTH="98" HEIGHT="31" WC="0.96" CONTENT="torde"/><SP WIDTH="24" VPOS="2405" HPOS="999"/>
							<String ID="string_433" HPOS="1023" VPOS="2405" WIDTH="114" HEIGHT="32" WC="0.96" CONTENT="därför"/><SP WIDTH="23" VPOS="2405" HPOS="1137"/>
							<String ID="string_434" HPOS="1160" VPOS="2406" WIDTH="74" HEIGHT="31" WC="0.96" CONTENT="icke"/><SP WIDTH="23" VPOS="2406" HPOS="1234"/>
							<String ID="string_435" HPOS="1257" VPOS="2406" WIDTH="115" HEIGHT="31" WC="0.93" CONTENT="kunna"/><SP WIDTH="22" VPOS="2406" HPOS="1372"/>
							<String ID="string_436" HPOS="1394" VPOS="2407" WIDTH="191" HEIGHT="42" WC="0.91" CONTENT="föreläggas"/><SP WIDTH="25" VPOS="2407" HPOS="1585"/>
							<String ID="string_437" HPOS="1610" VPOS="2408" WIDTH="80" HEIGHT="31" WC="0.96" CONTENT="1947"/><SP WIDTH="24" VPOS="2408" HPOS="1690"/>
							<String ID="string_438" HPOS="1714" VPOS="2410" WIDTH="55" HEIGHT="29" WC="0.96" CONTENT="års"/>
						</TextLine>
						<TextLine ID="line_45" HPOS="264" VPOS="2442" WIDTH="148" HEIGHT="43">
							<String ID="string_439" HPOS="264" VPOS="2442" WIDTH="148" HEIGHT="43" WC="0.96" CONTENT="riksdag."/>
						</TextLine>
					</TextBlock>
				</ComposedBlock>
			</PrintSpace>
		</Page>
	</Layout>
</alto>
