2236 2646
680 197 248 42 Logutskottets
956 194 168 32 Utlåtande
1146 194 63 31 N:o
1235 193 58 32 28.
1775 188 21 31 3

195 287 78 33 som
304 284 91 35 detta
423 284 65 35 lätt
501 280 297 50 lagstadganden
826 279 117 35 kunde
971 277 166 45 beslutas,
1168 287 75 24 som
1274 274 120 36 skulle
1422 272 187 37 klafbinda
1638 271 64 36 och
1729 271 69 35 för-

194 340 121 43 svåra,
353 340 50 33 att
438 336 77 36 icke
553 340 87 43 säga
677 334 238 47 omöjliggöra,
945 332 65 35 den
1040 334 94 32 stora
1162 328 219 48 utveckling,
1410 339 73 24 som
1511 326 135 46 tycktes
1674 322 127 38 förestå

193 391 308 36 telefonväsendet.
557 389 77 36 Den
663 388 185 36 allmänna
875 386 189 47 meningen
1092 383 96 36 torde
1216 394 51 24 nu
1294 382 65 35 ock
1386 379 120 38 efteråt
1524 383 85 45 göra
1627 378 66 36 full
1712 381 87 33 rätt-

196 446 85 35 visa
320 447 35 33 åt
391 445 102 35 dessa
524 441 288 48 betänkligheter.
868 439 190 37 Sannolikt
1086 437 117 36 skulle
1232 436 145 47 Sverige
1405 435 78 35 icke
1510 434 14 35 i
1552 434 114 35 denna
1695 432 104 35 stund

196 500 130 46 intaga
362 499 64 34 den
463 496 245 47 framskjutna
746 494 176 46 ställning
957 492 113 36 bland
1105 491 122 35 folken
1264 489 78 36 med
1379 488 160 36 afseende
1575 489 45 45 på
1656 481 143 56 telefon-

196 552 181 40 väsendet,
408 563 73 24 som
509 563 50 23 nu
588 554 39 31 är
654 549 108 44 fallet,
791 560 54 23 om
873 546 77 36 icke
979 547 92 34 detta
1089 545 67 35 fått
1180 543 166 36 utveckla
1370 542 56 47 sig
1445 544 40 33 så
1503 541 86 45 fritt,
1608 552 73 24 som
1701 539 99 36 skett.

310 605 175 36 Särskildt
513 604 77 36 med
619 602 160 37 afseende
807 603 46 45 på
879 601 130 47 frågan
1037 611 54 23 om
1120 597 225 48 möjligheten
1365 596 53 35 för
1436 594 159 36 enskilde
1615 593 63 36 och
1697 593 104 46 bolag

201 664 51 32 att
289 660 205 46 framdraga
530 656 316 47 telefonledningar
884 654 95 35 öfver
1007 652 176 36 enskildes
1212 650 112 46 mark,
1351 649 138 35 hvilket
1517 650 160 33 närmast
1703 647 99 36 berör

201 714 109 46 syftet
355 713 76 35 med
477 713 114 34 denna
636 711 77 35 min
749 709 140 45 motion,
925 708 68 35 har
1021 707 55 35 det
1109 706 97 35 visat
1234 704 66 47 sig,
1330 706 51 33 att
1410 702 267 48 svårigheterna
1704 700 96 36 varit

199 767 258 47 jemförelsevis
487 768 86 33 små.
629 764 60 46 Få,
722 775 54 24 om
805 774 62 24 ens
896 760 121 49 några,
1045 760 93 35 torde
1167 759 40 35 de
1235 758 67 35 fall
1322 769 98 33 vara,
1440 757 59 35 der
1517 767 85 24 man
1620 755 75 35 kan
1713 754 89 45 visa,

203 824 52 32 att
301 832 42 24 en
390 819 273 46 telefonledning
698 818 13 34 i
750 819 80 38 vårt
856 816 85 35 land
976 815 29 45 ej
1038 813 148 36 kommit
1214 812 58 35 till
1301 811 103 35 stånd
1431 812 46 45 på
1504 810 65 35 den
1596 808 124 48 grund,
1749 811 51 32 att

203 874 164 36 enskilda
394 873 292 48 fastighetsegare
715 873 127 45 vägrat
870 868 179 48 medgifva
1072 866 208 47 ledningens
1298 863 271 48 framdragande
1589 863 95 34 öfver
1702 862 100 35 deras

204 928 116 36 mark.
386 926 327 46 Telefonledningar
750 929 58 29 äro
847 921 197 47 vanligtvis
1083 920 37 36 af
1146 920 67 35 den
1248 918 107 36 enkla
1383 917 62 36 och
1473 917 127 47 billiga
1629 915 175 48 byggnad,

207 985 54 32 att
289 994 43 22 en
369 981 166 47 temligen
572 980 86 46 lång
696 981 126 44 omväg
850 976 73 36 kan
951 976 179 46 begagnas
1159 977 89 31 utan
1278 974 40 33 så
1347 974 97 33 stora
1472 969 251 46 omkostnader,
1751 972 53 32 att

205 1036 190 46 ledningen
424 1034 98 36 deraf
548 1033 251 46 omöjliggöres,
828 1030 63 35 och
919 1041 42 24 en
989 1028 172 46 flyttning
1190 1026 38 36 af
1254 1026 179 35 desamma
1460 1024 73 35 kan
1552 1023 170 36 likaledes
1742 1022 62 35 ske

202 1089 254 47 jemförelsevis
484 1088 78 35 lätt.
617 1086 187 36 Dessutom
832 1083 95 36 torde
954 1083 13 34 i
994 1082 134 46 vidrigt
1155 1080 66 36 fall
1250 1078 261 38 ofvannämnda
1538 1077 116 47 kongl.
1672 1076 131 35 förord-

207 1143 92 47 ning
327 1143 38 35 af
390 1143 66 34 den
487 1142 48 34 14
565 1140 91 47 april
688 1139 99 36 1866
819 1149 54 24 om
902 1135 260 49 expropriation
1191 1134 39 35 af
1255 1133 104 36 mark
1386 1131 54 36 för
1459 1131 150 36 allmänt
1636 1129 166 36 ändamål

207 1197 14 35 i
249 1197 39 35 de
316 1196 101 35 flesta
445 1196 65 34 fall
538 1206 89 24 vara
656 1192 206 37 användbar
891 1191 104 35 äfven
1023 1190 53 34 för
1103 1187 344 48 telegrafiedningar,
1475 1183 209 37 åtminstone
1702 1184 45 34 då
1765 1183 40 35 de

209 1248 56 37 stå
292 1250 11 34 i
335 1249 169 36 samband
532 1248 76 35 med
635 1257 264 37 gemensamma
927 1242 312 44 centralstationer,
1267 1240 56 35 till
1351 1239 127 35 hvilka
1496 1239 105 34 hvem
1621 1249 74 24 som
1714 1236 91 36 helst

206 1307 71 31 mot
304 1302 186 47 betalning
516 1302 73 34 kan
617 1300 114 36 blifva
760 1299 173 35 ansluten.

317 1356 121 35 Under
466 1356 41 34 de
536 1355 89 35 sista
653 1356 84 33 åren
766 1353 67 35 har
861 1351 152 35 deremot
1040 1349 103 35 äfven
1171 1349 14 34 i
1212 1346 92 36 vårt
1320 1347 85 35 land
1433 1345 204 36 tillkommit
1660 1347 50 32 ett
1727 1347 80 42 nytt

210 1410 84 47 slag
323 1410 38 35 af
387 1409 193 36 elektriska
607 1408 187 46 ledningar
823 1405 37 36 af
885 1403 158 47 betydlig
1070 1402 117 47 längd,
1206 1400 127 36 hvilka
1351 1400 111 35 hafva
1479 1399 75 35 helt
1576 1398 110 35 andra
1705 1409 101 36 egen-

211 1464 131 46 skaper
370 1463 62 35 och
470 1461 297 47 förutsättningar
796 1463 45 31 än
872 1459 39 35 de
938 1458 53 34 för
1019 1455 271 47 telefoneringar
1319 1454 140 35 afsedda
1487 1453 63 35 och
1579 1463 73 24 som
1680 1451 128 35 kräfva

211 1517 245 48 lagstiftarens
480 1515 223 47 synnerliga
739 1511 323 49 uppmärksamhet.
1125 1509 71 47 Jag
1234 1508 93 36 afser
1355 1507 37 35 de
1419 1506 175 36 elektriska
1622 1505 184 46 ledningar,

211 1583 76 23 som
315 1572 92 45 tjena
445 1565 363 51 belysningsändamål
843 1566 59 35 och
939 1563 336 47 arbetsöfverföring.
1338 1560 121 36 Under
1496 1560 54 35 det
1587 1562 51 33 att
1666 1558 142 36 telefon-

211 1625 237 47 ledningarna
493 1624 97 35 bestå
637 1622 37 35 af
718 1621 106 35 klena
870 1616 251 47 metalltrådar,
1157 1616 54 36 uti
1247 1615 127 35 hvilka
1412 1613 40 36 så
1480 1625 111 36 svaga
1619 1612 191 36 elektriska

213 1682 188 31 strömmar
437 1677 149 46 framgå,
624 1679 51 32 att
711 1677 127 43 ytterst
865 1673 76 35 fina
968 1673 214 33 instrument
1213 1669 171 35 erfordras
1412 1668 53 34 för
1494 1670 50 32 att
1571 1667 86 35 blott
1684 1666 126 46 påvisa

214 1735 255 31 strömmarnas
515 1728 230 47 befintlighet,
793 1728 117 45 uppgå
946 1726 40 34 de
1023 1723 192 36 elektriska
1251 1722 90 46 ljus-
1371 1721 62 35 och
1462 1719 348 47 arbetsledningarna

214 1784 71 36 ofta
313 1785 56 34 till
408 1781 347 48 aktningsbjudande
791 1778 314 37 tvärdimensioner
1132 1776 64 35 och
1223 1775 144 35 fortleda
1395 1777 185 32 strömmar
1608 1773 38 35 af
1672 1771 41 36 så
1740 1775 72 32 stor

213 1839 133 46 energi,
377 1840 51 33 att
457 1836 153 36 särskild
637 1833 315 48 uppmärksamhet
978 1831 162 35 behöfver
1168 1830 114 46 rigtas
1302 1826 46 49 på
1367 1831 51 32 att
1437 1828 39 34 de
1496 1827 27 45 ej
1545 1826 118 35 blifva
1681 1825 131 47 farliga

214 1892 53 34 för
296 1892 65 35 den
390 1890 184 36 allmänna
603 1888 215 36 säkerheten.
874 1886 66 35 För
968 1884 138 36 landets
1135 1882 153 36 industri
1317 1882 63 35 och
1408 1881 189 35 medelbart
1623 1880 53 34 för
1695 1879 118 35 landet

214 1946 13 33 i
256 1946 77 34 dess
362 1945 118 34 helhet
508 1944 141 34 komma
677 1942 40 34 de
745 1940 192 36 elektriska
964 1939 90 45 ljus-
1084 1938 62 34 och
1179 1935 351 46 arbetsledningarna
1559 1936 53 32 att
1639 1932 110 36 blifva
1778 1932 37 35 af

213 1999 115 34 minst
356 1998 76 35 lika
461 2001 71 31 stor
561 1995 175 46 betydelse
766 2006 70 23 som
867 1992 163 47 telegraf-
1051 1991 61 35 och
1131 1989 361 46 telefonledningarna
1511 1989 45 44 på
1574 1987 116 46 grund
1709 1985 105 44 deraf,

215 2055 52 31 att
313 2052 39 34 de
398 2054 126 44 utgöra
561 2049 157 46 kraftiga
755 2046 209 47 hjelpmedel
1004 2045 54 34 för
1094 2044 66 34 den
1188 2041 228 37 ekonomiska
1443 2040 281 44 verksamheten,
1752 2039 62 34 och

215 2116 126 34 genom
370 2105 65 34 den
472 2102 191 47 möjlighet,
691 2102 39 34 de
768 2101 128 43 lemna,
925 2101 50 32 att
1004 2097 229 47 tillgodogöra
1262 2095 56 46 sig
1345 2094 136 35 landets
1509 2093 183 46 naturliga
1719 2092 93 34 rike-

215 2157 216 35 domskällor
459 2158 45 45 på
523 2159 47 31 ett
597 2153 100 48 långt
732 2152 266 36 verksammare
1028 2153 69 32 sätt
1125 2153 45 31 än
1198 2149 102 44 förut,
1328 2159 79 23 men
1437 2147 79 44 ofta,
1545 2149 49 31 att
1622 2145 78 35 icke
1729 2148 87 43 säga

217 2211 115 44 oftast,
370 2210 141 35 komma
549 2208 103 35 dessa
693 2207 189 46 ledningar
920 2207 50 33 att
1009 2205 55 33 stå
1091 2203 13 34 i
1132 2201 178 36 enskildes
1340 2200 84 35 eller
1451 2200 121 46 bolags
1601 2198 215 35 omedelbara

217 2265 111 45 tjenst
357 2263 60 36 och
445 2262 184 47 begagnas
657 2260 56 35 till
742 2260 119 35 dessas
890 2257 138 36 direkta
1056 2254 230 37 ekonomiska
1313 2253 141 35 förvärf.
1510 2251 187 47 Svårligen
1724 2251 93 34 torde
