1918 2784
1636 176 38 28 19

191 262 153 30 tivavtal.
362 262 103 29 Detta
482 261 109 39 gäller
607 261 86 28 även
712 260 63 29 när
792 259 203 39 delegerade
1013 258 46 39 på
1076 259 107 28 annat
1203 257 69 29 sätt
1289 257 45 29 än
1353 264 123 31 genom
1496 255 181 30 kollektiv-

191 316 91 29 avtal
302 315 167 38 enhetligt
488 314 147 39 reglerat
654 312 235 40 tjänstemäns
908 310 373 40 anställningsvillkor.

235 368 210 40 Delegerade
466 368 80 39 äger
566 367 202 29 överlämna
786 365 53 30 till
860 365 206 39 myndighet
1085 364 59 29 vid
1164 363 208 39 riksdagens
1391 363 85 29 verk
1496 364 51 27 att
1568 361 108 30 hand-

193 423 99 39 lägga
315 421 214 39 avtalsfråga
552 430 75 20 som
652 420 208 30 ankommer
882 419 45 39 på
950 417 202 40 delegerade
1176 417 66 29 och
1264 417 72 29 inte
1362 417 38 28 är
1424 425 42 20 av
1490 415 109 30 sådan
1622 415 55 29 be-

194 476 202 29 skaffenhet
416 477 50 28 att
485 475 66 29 den
571 474 90 30 skall
680 472 235 31 underställas
935 472 198 38 riksdagen,

238 539 119 29 Beslut
373 547 57 20 om
445 537 141 30 lockout
602 537 83 28 eller
700 545 118 20 annan
833 534 233 39 stridsåtgärd
1078 536 75 27 mot
1168 533 216 39 tjänstemän
1400 532 57 29 vid
1473 531 204 39 riksdagens

193 592 84 29 verk
298 591 177 30 meddelas
497 599 43 21 av
559 590 212 39 delegerade.
794 589 13 29 I
829 588 82 30 tvist
933 597 57 20 om
1012 587 92 30 avtal
1127 586 178 40 angående
1327 585 248 39 anställnings-
1596 584 81 29 eller

195 645 243 29 arbetsvillkor
458 643 55 30 för
532 643 217 39 tjänsteman
767 642 60 29 vid
846 641 207 39 riksdagens
1073 641 86 28 verk
1178 639 83 30 eller
1280 648 58 21 om
1358 638 137 40 påföljd
1515 638 54 29 för
1591 637 87 29 otill-

194 699 95 29 låten
304 697 231 39 stridsåtgärd
550 706 42 21 av
607 696 81 30 eller
704 697 74 28 mot
792 695 217 39 tjänsteman
1023 694 86 30 eller
1125 693 160 38 förening
1301 702 43 20 av
1359 692 216 39 tjänstemän
1590 690 88 30 före-

194 752 96 29 träds
307 751 207 39 riksdagens
530 750 85 30 verk
633 749 95 30 såväl
744 749 60 29 vid
821 757 75 21 som
914 750 99 27 utom
1030 747 149 30 domstol
1198 755 43 20 av
1258 745 211 39 delegerade.

240 814 13 29 I
271 814 100 39 fråga
387 822 57 20 om
461 813 110 29 andra
586 812 217 39 tjänstemän
819 811 64 29 hos
900 810 188 38 riksdagen
1107 810 45 29 än
1167 808 217 39 tjänstemän
1400 807 58 29 vid
1475 806 205 39 riksdagens

195 868 84 29 verk
298 867 167 39 fungerar
483 866 116 30 såsom
617 865 147 39 tidigare
781 865 143 28 nämnts
942 862 332 39 kanslideputerade
1291 861 72 30 tills
1381 860 119 30 vidare
1518 869 75 20 som
1612 858 68 30 för-

196 921 307 38 handlingsorgan.
523 918 219 40 Deputerade
762 919 80 37 äger
862 916 149 31 sålunda
1030 916 93 29 sluta
1140 914 262 31 kollektivavtal
1422 913 79 30 med
1521 912 160 38 förening

198 983 75 20 som
302 973 193 30 företräder
525 972 205 39 riksdagens
760 971 227 39 tjänstemän.
1017 968 221 40 Deputerade
1266 968 64 29 har
1359 966 242 40 bemyndigats
1632 967 49 27 att

196 1028 10 28 i
231 1027 206 38 anslutning
459 1027 52 28 till
535 1025 263 30 kollektivavtal
823 1024 145 29 utfärda
991 1023 144 29 därmed
1162 1020 346 40 sammanhängande
1532 1019 150 31 bestäm-

196 1081 125 29 melser
341 1089 43 20 av
401 1079 247 30 beskaffenhet
668 1080 49 28 att
738 1078 99 29 skola
857 1076 150 39 ensidigt
1028 1075 192 30 fastställas
1241 1084 42 20 av
1302 1074 269 39 arbetsgivaren,
1593 1072 87 29 dock

197 1134 123 29 endast
339 1133 104 30 såvitt
462 1132 208 40 åtgärderna
687 1140 98 30 ryms
800 1131 97 29 inom
917 1139 121 21 ramen
1057 1129 55 29 för
1130 1128 146 39 tidigare
1295 1128 36 29 åt
1349 1126 211 40 deputerade
1580 1126 100 39 givna

198 1187 160 39 uppdrag
376 1187 65 29 och
458 1185 313 40 bemyndiganden.

242 1250 76 29 Vad
337 1249 11 29 i
369 1249 57 29 det
447 1248 207 39 föregående
676 1249 93 37 sagts
790 1256 57 20 om
869 1245 221 40 delegerades
1111 1244 54 30 för
1184 1244 208 39 riksdagens
1412 1242 84 30 verk
1518 1241 164 30 förhand-

198 1303 252 39 lingsuppdrag
465 1301 222 30 beträffande
703 1300 218 39 tjänstemän
936 1299 58 29 vid
1011 1299 102 29 dessa
1127 1298 85 29 verk
1229 1298 65 28 och
1310 1306 57 20 om
1384 1296 300 38 kanslideputera-

199 1357 59 29 des
286 1355 245 30 motsvarande
559 1354 167 30 funktion
752 1354 12 29 i
791 1352 222 30 förhållande
1039 1351 52 30 till
1119 1351 206 38 riksdagens
1354 1357 87 31 egna
1468 1349 213 39 tjänstemän

200 1410 106 38 gäller
324 1409 124 29 endast
466 1408 70 29 tills
555 1408 118 29 vidare
692 1408 10 28 i
721 1407 175 29 avvaktan
915 1405 45 39 på
979 1407 50 28 att
1047 1405 206 38 riksdagens
1273 1401 411 40 förvaltningsorganisa-

199 1463 73 29 tion
297 1463 125 38 prövas
447 1471 41 19 av
511 1461 207 38 riksdagens
743 1458 449 40 organisationsutredning
1216 1457 64 29 och
1304 1456 207 38 riksdagens
1535 1455 114 29 beslut
1674 1454 10 28 i

200 1516 190 38 anledning
409 1515 115 29 därav.

244 1577 99 30 Efter
367 1577 266 38 förhandlingar
658 1576 78 29 med
759 1573 260 31 vederbörande
1043 1571 442 41 personalorganisationer
1510 1571 63 28 har
1598 1569 88 30 dele-

201 1631 124 39 gerade
346 1630 55 30 för
423 1630 205 39 riksdagens
650 1629 85 29 verk
755 1627 197 40 respektive
973 1625 330 40 kanslideputerade
1326 1624 98 31 slutit
1448 1623 155 39 följande
1627 1622 60 29 all-

201 1685 131 29 männa
350 1684 91 29 avtal
461 1683 169 30 avseende
649 1682 216 40 tjänstemän
883 1682 64 28 hos
966 1680 188 39 riksdagen
1173 1679 66 29 och
1257 1679 78 29 dess
1353 1678 100 29 verk:

247 1746 310 39 Delegerade
587 1745 79 29 för
694 1744 303 38 riksdagens
1025 1742 112 29 verk
1165 1742 63 28 har
1248 1740 125 30 träffat
1394 1740 73 29 dels
1486 1741 48 27 ett
1554 1737 135 30 huvud-

203 1800 90 29 avtal
319 1799 258 34 (innefattande
595 1798 264 30 bestämmelser
879 1806 57 20 om
956 1794 397 39 förhandlingsordning
1372 1794 65 29 och
1456 1792 162 39 åtgärder
1635 1791 52 29 till

204 1852 258 40 förebyggande
489 1861 41 21 av
559 1851 298 38 samhällsfarliga
883 1849 226 33 konflikter),
1140 1848 72 29 dels
1241 1849 48 27 ett
1318 1847 147 29 allmänt
1493 1845 196 38 avlönings-

204 1906 90 29 avtal
323 1905 259 33 (innefattande
603 1904 193 29 materiella
818 1901 447 40 avlöningsbestämmelser
1288 1909 42 20 av
1353 1899 114 30 skilda
1489 1898 104 39 slag),
1617 1897 72 29 dels

203 1961 47 27 ett
270 1957 468 40 tjänsteförteckningsavtal
766 1955 260 34 (innefattande
1047 1953 262 30 bestämmelser
1332 1962 56 20 om
1409 1952 168 38 tjänsters
1598 1951 92 28 löne-

205 2012 283 39 gradsplacering
509 2020 45 20 m.
579 2011 63 33 m.)
670 2010 64 29 och
757 2009 73 30 dels
854 2011 48 27 ett
926 2008 91 30 avtal
1041 2017 57 20 om
1122 2006 360 39 anställningsvillkor
1506 2004 53 30 för
1584 2004 106 29 sedel-

206 2065 331 39 räkningsbiträden
568 2064 58 29 vid
660 2063 225 30 riksbanken.
922 2061 257 30 Huvudavtalet
1214 2059 107 40 gäller
1354 2059 71 29 tills
1459 2058 119 30 vidare
1611 2056 79 30 med

205 2128 58 19 sex
282 2118 186 29 månaders
488 2116 291 40 uppsägningstid
798 2116 65 29 och
883 2115 41 29 de
944 2115 117 38 övriga
1081 2114 136 29 avtalen
1237 2113 90 29 intill
1348 2112 78 29 dess
1446 2121 67 29 nya
1533 2112 157 28 överens-

205 2171 211 29 kommelser
435 2170 142 29 träffats
597 2170 82 30 eller
700 2169 267 37 förhandlingar
987 2168 121 28 därom
1130 2167 179 28 avslutats.

251 2231 501 39 Kanslideputerade
793 2231 66 28 har
888 2229 124 29 träffat
1043 2227 339 30 överenskommelse
1413 2235 54 20 om
1499 2228 49 27 att
1579 2225 40 30 de
1650 2234 41 20 av

206 2286 186 37 riksdagen
421 2286 150 36 antagna
598 2282 497 39 avlöningsbestämmelserna
1122 2280 54 29 för
1204 2280 206 37 riksdagens
1438 2278 167 37 tillfälligt
1633 2286 59 20 an-

208 2338 125 29 ställda
350 2337 212 39 tjänstemän
579 2337 77 28 med
674 2336 73 29 däri
764 2335 123 39 gjorda
905 2334 190 38 ändringar
1109 2334 65 28 och
1190 2333 9 28 i
1215 2332 96 29 kraft
1327 2341 41 20 av
1383 2331 308 29 bestämmelserna

208 2391 133 29 fattade
362 2390 296 38 avlöningsbeslut
680 2389 88 29 skall
791 2389 62 36 äga
876 2386 224 39 tillämpning
1121 2395 73 20 som
1218 2384 260 30 kollektivavtal
1505 2384 87 28 intill
1614 2383 78 29 dess

208 2444 89 29 efter
323 2444 180 29 avslutade
532 2442 265 38 förhandlingar
826 2443 76 36 nytt
931 2440 125 29 sådant
1083 2439 88 29 avtal
1203 2438 53 29 för
1284 2437 146 30 berörda
1459 2437 234 37 arbetstagare

208 2498 84 28 trätt
310 2498 9 28 i
340 2496 230 39 tillämpning.

206 2570 31 23 3"
277 2572 95 20 614712
