1894 2786
254 184 18 29 6
326 185 239 31 Sammansatt
576 188 269 32 konstitutions-
855 191 64 30 och
933 192 270 32 bankoutskotts
1217 195 218 31 betänkande
1447 206 43 20 nr
1503 198 14 28 1
1531 198 39 29 år
1583 199 83 29 1966

299 264 40 34 h)
369 267 51 28 att
437 274 122 31 genom
576 276 42 20 en
634 270 131 29 central
783 270 183 41 skrivbyrå
983 272 267 32 tillhandahålla
1268 275 196 40 skrivhjälp
1482 277 34 29 åt
1534 277 205 40 riksdagens

258 309 199 35 ledamöter,
481 312 133 29 utskott
636 313 65 29 och
723 314 118 39 övriga
863 323 117 31 organ,
1004 317 60 29 allt
1095 317 3 29 i
1120 317 67 30 den
1209 318 82 30 mån
1314 319 97 40 dylik
1433 320 99 40 hjälp
1555 322 30 38 ej
1610 322 129 30 ordnas

256 353 43 38 på
318 356 108 27 annat
446 355 77 29 sätt.

299 397 29 29 4.
355 398 217 40 Riksdagens
594 400 362 41 förvaltningskontor
977 405 220 39 organiseras
1218 407 45 39 på
1285 407 70 30 fem
1379 409 269 31 arbetsenheter.
1671 411 67 29 För

256 441 162 30 kontoret
441 443 172 31 beräknas
636 445 11 29 i
670 446 140 39 nuläget
834 447 42 29 86
900 448 158 39 tjänster.
1085 450 166 40 Samtliga
1275 451 101 31 dessa
1400 453 150 38 tjänster
1574 457 96 27 utom
1695 464 42 21 en

255 484 63 30 har
339 486 54 29 sin
414 488 248 39 motsvarighet
682 489 11 29 i
713 491 203 30 nuvarande
936 494 248 38 organisation.
1207 496 156 29 Särskild
1385 497 263 41 undersökning
1669 499 69 30 för-

255 531 127 29 utsätts
403 531 98 30 skola
520 532 59 29 ske
598 542 43 20 av
659 533 414 42 förvaltningskontorets
1093 538 168 31 framtida
1279 537 413 48 personalorganisation.

298 573 29 30 3.
352 575 179 40 Förslaget
552 585 57 21 om
632 577 199 31 inrättande
854 589 41 20 av
918 582 48 28 ett
988 581 206 40 riksdagens
1219 584 361 40 förvaltningskontor
1603 587 99 30 berör
1726 588 11 29 i

254 618 157 39 följande
430 619 223 31 hänseenden
672 623 203 30 nuvarande
894 625 254 38 organisation:

297 663 36 33 a)
364 663 427 43 Riksgäldsfullmäktiges
818 668 66 29 och
912 670 357 39 riksgäldskontorets
1298 673 205 30 funktioner
1532 671 204 48 överflyttas

254 706 10 29 i
284 706 92 30 vissa
397 707 96 30 delar
513 709 44 39 på
578 710 396 41 förvaltningskontoret
995 714 64 29 och
1082 715 79 30 dess
1184 717 153 38 styrelse.
1361 718 59 29 Hit
1441 718 64 30 hör
1527 720 209 39 exempelvis

254 753 329 40 sammanställning
608 764 43 19 av
676 756 333 39 anslagsäskanden,
1037 760 191 39 uträkning
1253 770 42 20 av
1320 762 93 30 vissa
1440 763 97 30 löner
1565 765 64 29 och
1655 773 81 31 pen-

253 795 114 29 sioner
391 798 90 28 samt
503 797 260 42 handläggning
785 810 43 20 av
850 801 213 41 lokalfrågor
1086 804 65 29 och
1174 805 319 39 tryckeriärenden.
1518 808 217 40 Riksdagens

252 839 250 41 ekonomibyrå
518 842 147 39 upphör.

295 883 37 34 b)
363 884 194 40 Styrelsens
573 887 54 29 för
642 887 364 41 riksdagsbiblioteket
1022 892 178 39 uppgifter
1216 896 90 27 samt
1321 894 222 31 bibliotekets
1558 894 176 48 personal-

250 929 239 37 organisation
507 931 102 28 röner
629 931 169 31 inverkan
817 943 43 19 av
878 935 408 40 upplysningstjänstens
1306 939 237 31 inlemmande
1563 941 11 29 i
1593 941 141 30 förvalt-

251 972 275 39 ningskontoret.

294 1017 33 32 c)
357 1017 209 40 Delegerade
583 1019 54 30 för
653 1020 206 40 riksdagens
875 1023 84 29 verk
975 1024 137 39 upphör
1130 1035 74 20 som
1222 1027 151 29 särskild
1389 1028 211 31 institution.
1616 1030 118 30 Funk-

252 1060 157 31 tionerna
429 1062 148 31 överlåts
596 1064 10 29 i
626 1065 135 39 princip
781 1066 45 39 på
846 1066 415 42 förvaltningskontorets
1282 1072 154 39 styrelse.

293 1105 38 33 d)
361 1106 422 33 Talmanskonferensens
799 1110 197 41 befattning
1011 1113 79 29 med
1107 1114 301 41 avlöningsfrågor
1425 1117 147 39 upphör.

293 1149 33 33 e)
356 1150 313 32 Bankoutskottets
688 1154 223 31 verksamhet
930 1156 171 39 påverkas
1121 1158 11 29 i
1151 1159 93 29 vissa
1264 1159 235 32 hänseenden.

293 1193 30 34 f)
353 1194 355 41 Kanslideputerades
728 1198 204 31 funktioner
952 1201 145 39 upphör,
1119 1202 89 30 dock
1227 1204 71 29 tills
1317 1205 118 29 vidare
1455 1206 79 29 med
1554 1208 179 39 undantag

249 1237 54 30 för
327 1238 67 29 den
420 1240 11 28 i
457 1239 15 37 $
499 1240 41 29 80
565 1241 58 30 RO
649 1241 199 32 fastställda
873 1245 183 39 uppgiften
1082 1248 50 28 att
1157 1247 47 30 ha
1229 1248 164 30 inseende
1419 1251 81 28 över
1525 1251 207 40 riksdagens

248 1282 130 35 kansli;
403 1283 11 29 i
436 1285 173 29 avvaktan
631 1286 44 38 på
698 1287 340 42 grundlagsändring
1061 1291 71 29 kan
1156 1293 274 38 personalunion
1453 1295 279 31 åtstadkommas

248 1327 128 29 mellan
396 1328 329 41 kanslideputerade
744 1332 65 29 och
830 1335 245 29 motsvarande
1096 1337 95 29 antal
1212 1337 191 30 ledamöter
1423 1348 43 20 av
1486 1339 245 41 förvaltnings-

247 1370 181 32 kontorets
450 1374 153 38 styrelse.
625 1375 218 40 Riksdagens
864 1377 134 31 kanslis
1019 1379 205 31 funktioner
1246 1382 184 30 inlemmas
1453 1383 11 29 i
1486 1384 245 41 förvaltnings-

247 1415 172 30 kontoret.

291 1460 35 38 8)
356 1461 250 40 Anordningen
626 1464 80 29 med
727 1465 173 31 särskilda
921 1467 376 41 ekonomideputerade
1319 1471 94 30 inom
1434 1472 190 31 kamrarna
1645 1483 85 30 upp-

245 1503 74 30 hör.

290 1548 28 29 6.
344 1549 179 40 Förslaget
553 1551 204 31 förutsätter
787 1563 69 30 nya
885 1564 90 31 resp.
1007 1556 153 31 ändrade
1191 1558 497 41 förvaltningsbestämmelser
1719 1563 11 29 i

246 1592 92 30 olika
353 1593 234 36 hänseenden,
605 1596 89 29 dock
709 1599 85 28 utan
811 1599 350 42 grundlagsändring,
1181 1605 89 27 samt
1287 1604 92 30 vissa
1397 1605 189 40 ändringar
1601 1607 128 29 beträf-

246 1636 104 30 fande
366 1638 413 42 anslagsrubriceringen.

291 1681 27 29 7.
344 1682 227 31 Beträffande
592 1684 183 41 förslagets
796 1687 170 30 inverkan
986 1689 44 39 på
1051 1690 214 40 lokalfrågor
1286 1692 186 31 förutsätts
1494 1695 151 30 särskild
1666 1705 62 20 un-

245 1724 222 42 dersökning,
487 1728 78 29 med
582 1729 195 31 beaktande
796 1741 43 19 av
856 1732 111 30 andra
985 1734 154 30 aktuella
1158 1736 171 38 spörsmål
1347 1746 43 20 av
1409 1747 135 21 samma
1563 1740 82 39 slag.

287 1769 30 29 8.
342 1770 179 41 Förslaget
540 1773 37 29 är
596 1776 110 27 avsett
725 1777 49 27 att
793 1776 222 38 genomföras
1034 1778 80 29 med
1131 1780 133 29 verkan
1283 1781 41 29 fr.
1337 1790 30 20 o.
1380 1791 45 20 m.
1449 1783 58 34 1/7
1530 1783 93 30 1966.

900 1891 170 33 Motionen

286 1964 80 31 Som
389 1966 206 41 motivering
616 1969 55 29 för
692 1971 325 40 motionsyrkandet
1039 1974 140 30 anföres
1200 1976 10 29 i
1231 1973 263 49 sammandrag:

285 2018 237 40 Utredningen
546 2020 63 30 har
632 2022 30 39 ej
689 2024 183 31 motiverat
896 2026 59 30 sitt
978 2026 130 40 förslag
1130 2030 50 28 att
1203 2029 160 31 överföra
1385 2031 343 40 upplysningstjäns-

241 2072 58 27 ten
324 2071 80 29 från
429 2072 201 33 biblioteket
654 2075 53 29 till
731 2076 206 40 riksdagens
963 2079 360 41 förvaltningskontor
1347 2084 80 29 med
1450 2084 110 30 andra
1584 2086 76 29 skäl
1683 2087 44 29 än

240 2127 49 29 att
318 2126 516 42 förvaltningsorganisationen
862 2132 186 40 lämpligen
1076 2134 62 29 bör
1165 2135 173 30 innefatta
1365 2137 41 29 de
1433 2133 294 49 arbetsuppgifter

241 2187 74 21 som
340 2180 208 30 ankommer
571 2182 44 38 på
640 2183 399 41 upplysningstjänsten,
1064 2187 172 39 varjämte
1260 2190 233 39 utredningen
1516 2192 131 30 erinrat
1670 2201 57 20 om

240 2233 50 28 att
314 2233 389 40 upplysningstjänsten
726 2236 65 29 har
814 2239 50 28 att
889 2239 160 30 utarbeta
1070 2240 161 39 registret
1254 2242 51 30 till
1328 2242 309 40 riksdagstrycket.
1661 2245 65 30 Vid

240 2284 41 29 de
299 2285 165 30 tillfällen
483 2286 44 31 då
544 2287 187 40 riksdagen
749 2289 77 31 haft
845 2292 51 28 att
914 2293 79 37 taga
1011 2293 166 39 ställning
1194 2294 51 30 till
1265 2295 123 39 frågan
1406 2305 57 21 om
1481 2298 244 39 upplysnings-

239 2338 174 38 tjänstens
440 2341 276 38 organisationer
741 2344 64 28 och
831 2352 167 26 resurser,
1023 2345 65 30 har
1113 2347 192 30 emellertid
1332 2348 66 30 den
1424 2350 86 29 nära
1535 2347 190 47 samhörig-

237 2390 104 30 heten
363 2393 130 29 mellan
515 2394 388 40 upplysningstjänsten
925 2397 65 30 och
1011 2398 201 33 biblioteket
1233 2401 98 29 alltid
1351 2402 170 30 betonats.
1542 2403 93 30 Även
1657 2404 68 30 för-

238 2443 405 43 fattningsutredningen
669 2448 117 39 ansåg,
812 2451 51 29 att
888 2459 43 20 en
956 2451 226 40 samordning
1206 2462 42 20 av
1270 2454 203 31 biblioteket
1496 2456 65 29 och
1584 2457 141 40 upplys-

237 2496 261 41 ningstjänsten
525 2499 65 30 och
617 2500 200 31 biblioteket
844 2511 82 21 vore
955 2504 243 40 »erforderlig>»
1228 2506 65 30 och
1319 2509 50 28 att
1397 2508 114 30 denna
1537 2510 188 40 lämpligen
