1908 2780
234 160 41 28 34

237 239 63 30 hos
322 242 47 29 ett
390 249 109 32 organ
521 244 116 30 kunde
658 246 53 29 till
733 247 138 30 förmån
893 249 54 30 för
968 259 42 20 en
1032 251 96 40 dylik
1148 254 195 40 anordning
1362 256 45 29 bl.
1420 267 29 19 a.
1471 258 178 40 åberopas,
1670 263 51 27 att

235 292 93 30 vissa
351 303 42 20 av
417 295 206 41 riksdagens
647 299 86 29 verk
756 300 128 30 företer
909 303 131 30 sådana
1064 305 147 30 likheter
1235 309 78 29 med
1338 310 348 41 statsförvaltningen
1710 314 11 29 i

235 346 109 39 Övrigt
363 349 49 27 att
432 350 48 28 ett
499 349 217 32 inordnande
734 354 111 28 under
862 356 233 31 avtalsverket
1112 358 10 29 i
1140 358 445 42 förhandlingshänseende
1602 365 118 31 kunde

235 399 32 27 te
285 399 50 38 sig
351 401 178 39 naturligt.

278 451 202 32 Emellertid
508 454 63 30 har
599 457 231 40 utredningen
858 460 119 32 funnit
1004 464 195 38 avgörande
1226 466 75 30 skäl
1329 467 120 31 kunna
1477 470 142 31 anföras
1646 475 72 27 mot

232 505 50 28 att
316 504 514 42 förhandlingsverksamheten
862 513 222 32 beträffande
1117 517 214 39 tjänstemän
1364 521 96 30 inom
1492 523 67 29 den
1591 524 54 30 del
1677 535 43 20 av

234 557 346 42 statsförvaltningen
610 571 75 21 som
712 567 258 36 representeras
999 577 42 20 av
1067 569 196 41 riksdagen,
1292 572 78 31 dess
1397 575 85 29 verk
1508 578 65 28 och
1600 578 118 39 övriga

231 617 107 31 organ
367 613 123 29 utövas
520 623 43 19 av
591 623 41 20 en
662 615 125 40 Kungl.
818 618 103 39 Maj:t
951 621 217 32 underställd
1196 625 214 39 myndighet.
1438 628 110 31 Dessa
1575 630 76 30 skäl
1679 633 38 28 är

233 662 125 31 främst
380 673 43 20 av
443 666 195 39 principiell
660 671 114 28 natur.
797 671 64 31 Det
882 672 58 30 må
961 674 132 30 erinras
1114 684 57 21 om
1192 679 50 29 att
1263 678 57 32 det
1341 679 257 33 förhandlande
1619 691 97 32 Orga-

231 717 58 27 net
315 717 44 37 på
385 717 316 40 arbetsgivarsidan
728 722 70 30 inte
824 723 84 31 bara
932 725 65 30 har
1022 729 50 28 att
1099 729 107 30 träffa
1231 730 261 33 kollektivavtal
1517 736 86 29 utan
1629 738 86 28 även

231 768 80 38 äger
330 769 208 39 befogenhet
560 774 49 28 att
629 773 137 31 besluta
786 785 57 21 om
865 778 239 40 stridsåtgärd.
1125 781 93 30 även
1239 784 78 29 med
1337 786 106 29 tanke
1462 787 45 39 på
1527 788 188 31 konstruk-

231 820 117 30 tionen
364 831 43 20 av
423 824 250 32 avtalsverkets
691 828 177 31 allmänna
885 830 245 40 befogenheter
1147 836 112 29 möter
1276 837 65 30 den
1358 848 48 19 nu
1424 840 149 39 angivna
1590 844 125 28 anord-

229 874 127 39 ningen
372 875 288 41 betänkligheter.

273 927 237 41 Utredningen
531 930 63 30 har
616 935 72 27 mot
708 933 230 40 bakgrunden
959 947 43 20 av
1022 939 56 29 det
1098 940 148 31 anförda
1267 943 118 32 funnit
1405 947 50 28 att
1476 952 162 27 ansvaret
1658 949 55 30 för

227 979 257 41 förhandlings-
521 983 64 30 och
622 986 382 33 avtalsverksamheten
1039 992 220 32 beträffande
1295 996 287 39 tjänstemännen
1617 1001 96 31 inom

228 1032 185 40 riksdagen
434 1035 66 29 och
521 1036 77 30 dess
619 1038 85 29 verk
722 1039 63 30 bör
805 1040 88 31 åvila
914 1044 49 28 ett
982 1044 204 40 riksdagens
1206 1050 74 36 eget
1299 1057 118 31 organ.

270 1087 52 28 Av
341 1088 56 31 det
417 1090 147 39 tidigare
584 1093 148 31 anförda
753 1095 154 40 framgår
927 1100 50 27 att
997 1109 81 20 man
1098 1101 68 30 f.n.
1185 1102 65 30 har
1269 1106 55 29 två
1345 1101 365 52 förhandlingsorgan,

226 1138 201 40 delegerade
449 1142 55 30 för
526 1144 205 41 riksdagens
753 1149 84 29 verk
858 1150 65 29 och
945 1147 338 50 kanslideputerade.
1304 1158 251 42 Anordningen
1576 1163 38 29 är
1635 1172 76 22 som

225 1192 140 30 nämnts
385 1196 225 37 provisorisk.
630 1199 65 30 Det
714 1200 70 30 kan
804 1202 79 29 från
901 1203 206 41 riksdagens
1126 1210 179 37 synpunkt
1324 1211 71 30 inte
1414 1222 101 22 anses
1533 1216 177 31 rationellt

225 1246 50 28 att
296 1247 43 37 på
361 1247 118 39 längre
501 1249 69 30 sikt
590 1250 46 31 ha
656 1252 58 30 två
734 1253 354 44 förhandlingsorgan
1108 1260 55 29 för
1182 1270 42 20 en
1244 1263 65 29 och
1329 1273 136 22 samma
1485 1262 223 51 förvaltning.

224 1297 70 29 När
314 1300 232 40 utredningen
567 1304 106 39 enligt
693 1306 66 29 vad
780 1307 10 29 i
810 1307 56 30 det
887 1309 207 40 föregående
1114 1313 135 31 anförts
1270 1319 113 27 ansett
1403 1321 50 28 att
1473 1325 161 28 ansvaret
1654 1322 55 30 för

223 1349 513 43 förhandlingsverksamheten
775 1360 222 32 beträffande
1035 1364 215 39 tjänstemän
1279 1369 94 30 inom
1402 1372 306 40 riksdagsförvalt-

223 1403 127 39 ningen
373 1405 62 30 bör
459 1407 176 32 anförtros
659 1411 36 30 åt
718 1414 48 27 ett
788 1413 206 40 riksdagens
1018 1420 74 36 eget
1114 1427 117 31 organ,
1255 1423 63 28 har
1341 1424 232 41 utredningen
1596 1431 111 28 avsett

222 1457 50 28 att
294 1456 93 31 detta
409 1459 90 30 skall
520 1470 82 21 vara
624 1463 57 30 det
701 1473 43 20 av
764 1466 231 41 utredningen
1017 1470 196 41 föreslagna
1233 1474 206 41 riksdagens
1460 1478 246 42 förvaltnings-

222 1508 134 31 kontor.
378 1511 13 28 I
411 1513 138 39 analogi
569 1515 78 29 med
666 1518 65 29 vad
752 1527 74 21 som
846 1520 177 40 tillämpas
1043 1523 10 29 i
1072 1523 97 40 fråga
1188 1535 56 21 om
1264 1528 215 38 tjänstemän
1497 1532 57 29 vid
1573 1535 132 30 statens

220 1562 197 30 avtalsverk
437 1565 62 29 bör
522 1567 395 42 förvaltningskontoret
937 1574 143 32 handha
1100 1573 326 50 ifrågakommande
1446 1584 259 43 förhandlings-

221 1614 220 32 verksamhet
465 1618 86 30 även
572 1620 222 33 beträffande
816 1625 180 32 kontorets
1018 1636 86 32 egna
1142 1631 225 39 tjänstemän.

263 1676 65 30 Det
345 1677 125 39 högsta
488 1684 160 27 ansvaret
667 1683 55 30 för
740 1685 513 42 förhandlingsverksamheten
1272 1695 88 30 skall
1379 1698 106 39 enligt
1503 1701 201 41 utredning-

219 1736 60 22 ens
301 1729 131 41 förslag
452 1733 189 31 ankomma
662 1736 44 38 på
728 1737 413 42 förvaltningskontorets
1161 1748 154 37 styrelse.
1335 1749 65 32 Det
1420 1752 98 29 torde
1538 1753 35 30 få
1593 1754 110 31 förut-

218 1781 108 30 sättas
344 1785 50 27 att
413 1784 57 30 det
488 1785 158 32 kommer
664 1791 50 28 att
730 1790 162 32 befinnas
910 1794 291 43 ändamålsenligt
1218 1802 50 29 att
1284 1802 35 30 åt
1336 1811 41 20 en
1395 1803 195 41 delegation
1607 1807 95 31 inom

217 1835 166 32 styrelsen
415 1837 158 31 anförtro
603 1840 66 29 den
699 1851 97 22 mera
824 1846 222 32 omedelbara
1074 1850 184 41 ledningen
1287 1864 42 19 av
1357 1856 345 42 förhandlingsverk-

216 1887 190 31 samheten.
435 1890 227 32 Beträffande
691 1895 57 31 det
776 1899 170 39 egentliga
974 1900 377 43 förhandlingsarbetet
1377 1908 65 30 har
1469 1912 232 41 utredningen

215 1938 139 31 bedömt
379 1941 58 31 det
461 1952 83 21 vara
569 1955 42 19 av
633 1947 106 30 värde
763 1951 49 27 att
836 1952 97 38 varje
957 1953 205 41 riksdagens
1185 1959 84 29 verk
1294 1960 53 29 får
1370 1962 137 31 tillfälle
1531 1967 50 29 att
1605 1967 95 30 såväl

216 1991 74 30 före
314 2002 73 21 som
410 1995 113 30 under
546 1997 313 43 förhandlingarna
881 2004 171 33 framföra
1075 2009 75 29 sina
1172 2013 218 38 synpunkter
1411 2016 44 38 på
1477 2017 132 31 sådana
1631 2019 69 30 för-

213 2043 308 43 handlingsfrågor
546 2059 75 21 som
646 2052 114 32 direkt
785 2055 100 30 berör
908 2059 130 30 verket.
1062 2061 67 30 För
1153 2063 41 29 de
1219 2064 221 41 fortlöpande
1464 2069 235 34 kontakterna

214 2099 127 29 mellan
362 2100 390 45 förhandlingsorganet
771 2109 64 29 och
854 2111 206 40 riksdagens
1079 2116 83 28 verk
1179 2116 63 30 bör
1261 2118 40 29 de
1320 2128 122 22 senare
1460 2124 77 28 utse
1555 2133 42 20 en
1616 2126 83 29 eller

213 2150 88 31 flera
322 2152 234 34 kontaktmän
576 2160 50 30 att
647 2159 251 43 kontinuerligt
920 2174 101 21 svara
1041 2167 54 29 för
1115 2169 136 31 verkets
1272 2173 140 29 samråd
1432 2176 78 29 med
1532 2176 166 32 förhand-

212 2203 234 41 lingsorganet
469 2212 91 27 samt
582 2213 49 28 att
653 2212 88 30 efter
763 2215 112 31 dettas
896 2217 216 32 bedömande
1134 2223 187 31 medverka
1341 2226 57 29 vid
1420 2227 276 43 förhandlingar.

256 2256 64 31 Det
342 2258 63 29 bör
427 2261 107 39 enligt
557 2264 249 41 utredningens
830 2270 142 39 mening
992 2281 82 21 vara
1095 2273 87 31 både
1203 2277 176 31 rationellt
1401 2280 65 29 och
1488 2283 136 39 möjligt
1646 2287 50 27 att

211 2311 186 30 samordna
422 2312 314 43 förhandlingarna
759 2321 150 30 rörande
932 2325 161 39 samtliga
1116 2327 40 29 de
1180 2329 51 29 till
1254 2330 205 41 riksdagens
1483 2334 214 43 förvaltning

211 2364 136 31 knutna
369 2368 138 29 avtalen
532 2370 37 30 så
591 2373 50 27 att
664 2372 41 29 de
728 2373 95 39 löper
845 2377 173 37 parallellt
1041 2380 78 28 med
1141 2380 313 43 förhandlingarna
1476 2387 95 31 inom
1594 2392 101 28 stats-

210 2416 256 42 förvaltningen
490 2422 11 28 i
523 2423 120 39 övrigt.
666 2424 238 42 Utredningen
927 2429 205 33 förutsätter
1153 2436 51 28 att
1224 2436 190 33 värdefullt
1436 2439 258 43 förhandlings-

210 2470 153 32 tekniskt
387 2472 136 31 biträde
547 2475 122 31 härvid
695 2478 89 31 skall
809 2480 121 32 kunna
954 2483 285 34 tillhandahållas
1263 2498 43 20 av
1329 2492 132 29 statens
1485 2495 207 31 avtalsverk.
