1914 2786
1641 150 40 29 29

199 254 82 37 ning
300 249 221 32 beträffande
542 248 41 29 de
604 256 46 20 nu
672 245 153 31 aktuella
845 243 186 38 förslagen.
1051 233 519 45 Organisationsutredningens
1590 231 94 28 över-

199 305 180 40 väganden
401 303 79 30 sker
503 300 149 31 sålunda
674 299 94 29 inom
789 305 122 22 ramen
934 295 53 30 för
1009 292 160 41 gällande
1191 284 409 45 grundlagsstadganden
1620 281 66 30 och

202 358 189 39 föregriper
407 356 29 39 ej
456 365 42 20 en
514 353 162 31 blivande
693 347 372 41 författningsreform.

245 413 48 28 De
318 411 75 29 skäl
417 419 74 20 som
515 405 204 32 föranledde
742 398 464 42 författningsutredningen
1228 399 49 28 att
1300 393 127 31 föreslå
1449 393 48 28 ett
1518 392 78 38 nytt
1618 389 68 29 för-

201 465 283 38 valtningsorgan
509 461 65 29 har
601 467 124 32 genom
751 457 66 29 den
842 454 200 41 ytterligare
1067 449 221 42 penetrering
1313 456 42 21 av
1380 443 307 42 frågekomplexen

201 516 220 32 beträffande
449 514 207 38 riksdagens
685 511 93 30 såväl
807 507 246 38 förvaltnings-
1082 514 75 20 som
1184 497 401 46 personalorganisation
1613 504 75 21 som

204 572 91 29 skett
317 578 124 32 genom
462 562 492 44 organisationsutredningen
975 558 125 31 vunnit
1121 556 91 31 ökad
1234 554 130 41 styrka.
1386 551 125 31 Härtill
1532 550 64 30 har
1617 549 71 29 inte

203 625 106 29 minst
340 621 149 40 bidragit
520 620 67 29 den
618 618 138 40 nyligen
788 614 181 39 fullföljda
998 611 244 38 utvecklingen
1271 605 222 33 beträffande
1524 601 166 32 förhand-

203 674 359 42 lingsverksamheten
591 673 65 28 och
685 670 42 29 de
755 668 185 38 offentliga
977 660 305 48 tjänstemännens
1320 655 370 41 anställningsvillkor.

205 732 64 28 Det
286 729 111 30 måste
414 735 100 22 anses
532 725 180 39 angeläget
728 724 50 28 att
794 718 306 40 handläggningen
1116 726 42 20 av
1172 710 387 41 förvaltningsärenden
1573 709 11 29 i
1597 708 94 40 prin-

207 784 54 39 cip
282 783 248 28 koncentreras
551 778 53 30 till
625 780 48 27 ett
693 783 107 32 organ
821 774 11 29 i
852 774 67 29 den
939 772 83 29 mån
1042 770 30 40 ej
1096 768 174 31 särskilda
1290 766 76 30 skäl
1385 765 90 30 talar
1495 763 55 30 för
1569 771 43 20 en
1632 769 59 22 an-

205 845 70 21 nan
292 834 158 38 ordning.

251 888 115 39 Enligt
392 885 251 38 utredningens
671 882 140 38 mening
836 881 62 29 bör
925 879 94 29 detta
1045 884 126 31 organs
1198 871 277 34 ämbetsområde
1501 870 72 29 inte
1597 869 96 28 inne-

207 942 89 30 fatta
316 938 269 31 verksamheten
606 936 95 29 inom
721 933 216 31 riksbanken
958 930 65 30 och
1042 923 349 48 riksgäldskontoret,
1411 923 94 30 vilka
1526 921 168 31 förvaltas

210 1004 41 20 av
272 1003 60 20 var
354 993 76 30 sina
451 989 221 38 fullmäktige
693 987 106 39 enligt
819 984 264 31 bestämmelser
1104 982 10 29 i
1135 980 179 40 grundlag.
1335 978 103 29 Detta
1457 976 146 29 hindrar
1623 974 71 29 inte

210 1050 50 27 att
276 1064 44 4 —
338 1047 44 38 på
400 1046 68 29 sätt
486 1044 11 29 i
514 1043 57 29 det
591 1041 156 40 följande
765 1047 105 31 anges
888 1055 44 4 —
948 1037 57 31 det
1021 1037 148 34 yttersta
1186 1033 161 30 ansvaret
1365 1031 54 29 för
1436 1027 259 38 förhandlings-

208 1098 267 32 verksamheten
498 1094 224 31 beträffande
745 1093 41 29 de
808 1092 59 30 vid
889 1091 102 29 dessa
1012 1088 85 30 verk
1120 1086 173 31 anställda
1315 1082 287 41 tjänstemännen
1624 1079 71 30 kan

212 1153 175 30 anförtros
405 1152 47 28 ett
470 1149 216 40 gemensamt
702 1153 108 32 organ
826 1144 65 30 och
907 1144 71 29 inte
992 1142 110 29 heller
1118 1142 50 28 att
1183 1139 93 29 vissa
1291 1135 295 40 arbetsuppgifter
1602 1134 94 29 över-

212 1207 72 29 förs
301 1205 79 30 från
395 1201 339 41 riksgäldskontoret
749 1199 53 29 till
818 1196 155 31 nämnda
988 1202 118 32 organ.

255 1259 71 29 Mot
346 1255 230 40 bakgrunden
597 1263 42 20 av
659 1253 56 29 det
735 1251 150 30 anförda
905 1248 146 31 föreslår
1070 1242 491 44 organisationsutredningen
1580 1241 51 29 att
1650 1240 48 28 ett

213 1313 76 38 nytt
308 1309 342 38 förvaltningsorgan
668 1306 95 29 inom
781 1303 188 38 riksdagen
986 1300 194 39 tillskapas.
1198 1298 67 30 För
1283 1297 94 29 detta
1395 1294 146 31 föreslås
1557 1293 142 30 benäm-

213 1365 128 38 ningen
369 1361 289 38 riksdagens
686 1353 545 40 förvaltningskontor.
1268 1351 48 29 På
1343 1349 69 31 sätt
1438 1349 11 28 i
1474 1349 109 28 annat
1610 1354 89 21 sam-

214 1416 177 38 manhang
413 1422 104 31 anges
541 1412 185 30 förutsätts
748 1411 162 28 kontoret
933 1407 99 30 skola
1052 1404 234 31 underställas
1308 1411 42 20 en
1372 1400 150 31 särskild
1544 1399 155 40 styrelse.

211 1568 39 30 B.
267 1566 130 41 Frågan
412 1576 56 19 om
483 1575 42 19 en
541 1562 206 31 överinstans

262 1648 111 28 Innan
397 1647 161 28 närmare
583 1642 201 31 diskussion
809 1641 79 29 sker
911 1648 57 20 om
991 1635 280 32 bestämmandet
1294 1643 42 20 av
1358 1632 40 29 de
1422 1630 281 39 ärendegrupper

219 1710 41 21 av
284 1698 338 38 förvaltningsnatur
648 1704 74 21 som
746 1695 11 28 i
781 1694 95 29 detta
900 1690 256 38 sammanhang
1178 1689 61 29 bör
1262 1687 143 29 komma
1427 1686 11 28 i
1460 1684 100 39 fråga
1581 1682 57 30 vid
1662 1690 42 21 en

218 1751 280 38 rationalisering
520 1749 99 30 torde
642 1750 49 28 ett
713 1744 285 43 grundläggande
1020 1742 157 40 problem
1198 1741 85 29 böra
1303 1738 202 33 behandlas,
1528 1731 177 49 nämligen

220 1806 122 39 frågan
361 1813 58 21 om
434 1813 43 20 en
494 1802 230 30 överinstans.
744 1800 82 30 Som
844 1799 141 28 nämnts
1004 1795 152 39 föreslog
1174 1790 463 40 författningsutredningen
1656 1789 49 28 att

219 1868 42 20 en
291 1857 205 38 riksdagens
527 1851 430 41 förvaltningsdelegation
987 1849 112 30 skulle
1128 1848 147 29 inrättas
1305 1845 115 30 såsom
1450 1843 219 30 Överinstans
1697 1840 11 29 i

220 1908 386 40 förvaltningsärenden
634 1907 54 29 för
713 1905 131 30 banko-
871 1903 65 30 och
960 1898 399 42 riksgäldsfullmäktige
1385 1900 90 27 samt
1501 1895 206 37 riksdagens

220 1964 84 29 verk
331 1962 208 30 inberäknat
566 1960 57 30 det
651 1968 41 20 av
719 1957 155 30 nämnda
901 1955 187 37 utredning
1115 1953 197 37 föreslagna
1337 1950 207 37 riksdagens
1570 1948 137 28 kontor.

221 2016 268 31 Bestämmelser
513 2023 58 20 om
597 2013 115 29 denna
736 2010 195 39 delegation
956 2007 64 30 och
1045 2007 79 29 dess
1149 2003 294 40 arbetsuppgifter
1467 2002 114 37 intogs
1605 2000 11 29 i
1640 2000 68 29 för-

224 2067 423 40 fattningsutredningens
668 2065 130 37 förslag
818 2063 51 31 till
890 2059 322 40 riksdagsordning.

267 2120 519 43 Organisationsutredningens
809 2115 263 39 överväganden
1093 2114 11 29 i
1125 2113 123 38 frågan
1268 2120 56 20 om
1345 2118 43 20 en
1408 2108 219 30 överinstans
1647 2105 63 29 har

226 2179 70 37 gett
318 2177 51 29 till
392 2175 146 29 resultat
560 2176 50 27 att
632 2172 233 37 utredningen
887 2169 54 29 för
963 2168 53 29 sin
1038 2167 53 29 del
1114 2166 70 29 inte
1205 2165 113 29 ansett
1341 2162 51 39 sig
1411 2162 85 29 böra
1518 2159 193 38 framlägga

227 2230 103 38 något
355 2228 129 37 förslag
507 2227 11 28 i
541 2226 114 29 denna
679 2224 165 37 riktning.
869 2223 57 29 Ett
949 2219 196 40 avgörande
1168 2218 75 29 skäl
1265 2215 121 30 härför
1409 2215 38 28 är
1470 2215 49 28 att
1542 2212 170 29 inrättan-

226 2282 56 30 det
303 2290 42 20 av
364 2289 42 20 en
427 2279 108 30 sådan
556 2277 198 30 institution
775 2275 98 29 torde
894 2274 188 29 förutsätta
1102 2267 349 42 grundlagsändring.
1471 2265 125 30 Härtill
1616 2264 97 28 kom-

228 2346 72 21 mer
325 2338 50 27 att
398 2334 206 37 riksdagens
629 2331 93 32 verk,
746 2329 116 30 såsom
887 2327 94 29 förut
1005 2323 223 32 framhållits,
1252 2322 71 29 inte
1346 2319 132 39 utgjort
1501 2316 213 30 huvudföre-

228 2390 105 29 målet
359 2388 54 29 för
439 2385 251 38 utredningens
719 2379 323 42 uppmärksamhet.
1068 2376 78 29 Med
1172 2372 263 41 utgångspunkt
1461 2369 149 31 sålunda
1636 2368 78 29 från

229 2444 50 28 att
300 2442 41 28 de
362 2437 295 39 reformåtgärder
678 2445 75 20 som
774 2435 38 28 är
833 2431 198 31 önskvärda
1051 2429 107 29 redan
1181 2428 9 29 i
1210 2424 228 32 förevarande
1459 2421 256 38 sammanhang

230 2496 68 28 kan
321 2494 141 29 komma
483 2491 50 30 till
557 2489 104 30 stånd
682 2490 84 27 utan
789 2487 112 37 någon
922 2483 219 31 överinstans
1161 2481 63 28 har
1245 2477 230 38 utredningen
1496 2477 50 28 att
1566 2478 35 27 ta
1622 2473 93 30 ställ-
