1890 2786
217 169 239 30 Sammansatt
467 165 269 31 konstitutions-
747 164 64 30 och
824 162 270 31 bankoutskotts
1108 159 218 32 betänkande
1338 167 43 21 nr
1394 158 14 29 1
1422 158 39 29 år
1474 157 83 29 1966
1617 156 13 28 1

844 462 110 41 Nr
924 458 32 56 1

348 578 238 30 Sammansatt
615 574 269 31 konstitutions-
911 572 65 30 och
1005 570 272 32 bankoutskotts
1307 566 220 32 betänkande
1556 564 81 30 med

548 637 190 40 anledning
753 645 43 21 av
812 635 205 39 riksdagens
1034 629 466 44 organisationsutrednings
1519 627 118 30 betän-

549 699 114 31 kande
692 698 81 30 med
801 697 91 30 vissa
919 696 133 41 förslag
1080 694 150 30 rörande
1259 691 205 40 riksdagens
1493 689 144 41 förvalt-

548 759 343 43 ningsorganisation
912 758 64 30 och
1000 758 10 30 i
1030 756 190 39 anledning
1240 755 107 29 därav
1369 753 102 30 väckt
1492 751 144 30 motion.

196 872 78 30 Med
297 871 166 30 skrivelse
484 870 53 30 till
559 867 390 32 talmanskonferensen
971 865 67 30 den
1061 864 40 30 27
1125 863 89 40 april
1240 861 82 30 1966
1344 860 65 30 har
1430 858 208 40 riksdagens

151 923 448 42 organisationsutredning
623 921 216 31 överlämnat
864 917 221 32 betänkande
1109 916 81 31 med
1214 915 93 30 vissa
1333 913 130 39 förslag
1487 911 150 31 rörande

151 978 207 39 riksdagens
381 973 483 42 förvaltningsorganisation.
888 970 242 31 Betänkandet
1152 969 65 30 har
1240 977 42 21 av
1304 968 190 29 kamrarna
1516 960 122 50 hänvi-

153 1033 72 29 sats
241 1031 53 30 till
311 1028 437 33 konstitutionsutskottet,
768 1026 103 30 såvitt
890 1033 98 22 avser
1007 1023 190 39 ändringar
1215 1021 11 30 i
1243 1018 311 42 riksdagsstadgan
1572 1017 66 30 och

152 1086 11 28 i
190 1084 146 39 stadgan
360 1092 58 20 om
443 1081 194 39 ersättning
663 1080 54 30 för
742 1075 510 43 riksdagsmannauppdragets
1278 1071 230 42 fullgörande,
1535 1070 66 31 och
1627 1070 12 29 i

153 1138 111 39 övrigt
281 1137 52 29 till
350 1134 300 32 bankoutskottet.

198 1191 13 29 I
231 1189 188 39 anledning
438 1198 43 20 av
498 1186 237 31 betänkandet
753 1185 65 30 har
836 1184 81 29 herr
937 1182 230 31 Wennerfors
1186 1181 96 29 inom
1302 1179 111 31 andra
1432 1178 207 30 kammaren

153 1244 103 30 väckt
272 1242 133 31 motion
421 1250 43 21 nr
480 1240 73 31 925.
569 1239 179 31 Motionen
764 1238 64 30 har
844 1236 181 31 hänvisats
1041 1235 53 30 till
1110 1233 301 32 bankoutskottet.

198 1297 116 39 Enligt
337 1293 339 32 överenskommelse
697 1291 129 30 mellan
849 1290 42 30 de
912 1289 91 30 båda
1025 1288 181 30 utskotten
1227 1286 65 30 har
1314 1283 237 33 betänkandet
1573 1282 66 31 och

153 1350 179 30 motionen
351 1347 220 40 hänskjutits
591 1346 53 29 till
665 1345 231 30 sammansatt
916 1341 269 31 konstitutions-
1204 1339 66 30 och
1288 1337 266 32 bankoutskott.

198 1402 258 39 Utredningens
476 1399 220 31 betänkande
719 1398 99 39 fogas
839 1396 58 30 vid
919 1396 95 29 detta
1034 1393 223 32 betänkande
1279 1392 116 30 såsom
1416 1391 124 39 bilaga,
1563 1398 77 21 var-

154 1456 53 30 till
228 1455 97 30 torde
347 1454 36 30 få
403 1453 176 30 hänvisas.
612 1452 2 29 I
636 1451 179 30 motionen
836 1448 202 31 hemställes
1061 1449 71 28 »att
1153 1445 188 40 riksdagen
1363 1444 108 30 måtte
1492 1443 147 34 besluta,

154 1511 51 28 att
220 1508 57 30 vid
291 1506 258 39 behandlingen
565 1514 41 21 av
621 1501 512 42 organisationsutredningens
1150 1499 131 39 förslag
1296 1496 345 42 upplysningstjäns-

154 1564 59 28 ten
233 1560 190 31 bibehålles
444 1558 111 31 under
574 1555 378 41 biblioteksstyrelsens
972 1553 175 39 ledning>.

199 1612 228 32 Beträffande
447 1611 190 31 innehållet
662 1610 6 29 i
688 1609 178 30 motionen
885 1607 166 30 hänvisas
1070 1606 53 30 till
1143 1605 116 30 denna
1278 1604 12 30 i
1309 1603 68 30 den
1396 1603 83 30 mån
1498 1602 142 39 redogö-

155 1668 89 29 relse
264 1666 54 30 för
338 1665 191 30 innehållet
549 1663 30 40 ej
603 1664 137 29 lämnas
760 1662 12 29 i
792 1659 361 39 sammanfattningen
1173 1657 125 30 nedan.

678 1820 197 32 Nuvarande
891 1819 227 42 organisation

202 1906 238 39 Utredningen
464 1903 204 31 framhåller
691 1903 11 29 i
723 1900 236 31 betänkandet
983 1898 262 40 inledningsvis,
1270 1899 50 28 att
1343 1896 207 39 riksdagens
1574 1895 69 29 för-

157 1957 417 41 valtningsorganisation
591 1956 88 29 efter
696 1954 96 30 hand
808 1953 148 30 kommit
974 1954 50 28 att
1041 1952 140 39 präglas
1199 1960 42 20 av
1257 1959 43 21 en
1317 1948 196 41 betydande
1532 1948 111 39 splitt-

157 2013 79 39 ring
253 2012 94 30 såväl
364 2011 11 29 i
392 2010 99 40 fråga
506 2018 58 21 om
580 2007 277 31 beslutanderätt
876 2015 74 21 som
967 2004 223 31 beträffande
1208 2003 117 39 övriga
1343 2002 215 30 funktioner.
1576 1996 68 49 Till

159 2064 205 39 riksdagens
385 2072 86 30 egna
491 2061 343 41 förvaltningsorgan
855 2059 63 30 hör
939 2058 73 30 dels
1033 2058 55 29 för
1108 2056 91 31 båda
1218 2056 190 30 kamrarna
1428 2062 215 32 gemensam-

160 2128 58 20 ma
238 2117 350 38 förvaltningsorgan,
611 2114 74 29 dels
705 2121 109 31 organ
835 2112 95 29 inom
950 2111 146 29 vardera
1117 2110 217 29 kammaren.
1355 2108 67 29 Till
1444 2107 42 29 de
1507 2115 137 31 gemen-

160 2180 136 21 samma
319 2168 387 39 förvaltningsorganen
729 2165 128 30 hänför
881 2164 232 38 utredningen
1137 2161 399 33 talmanskonferensen,
1561 2159 84 29 ban-

160 2223 227 32 koutskottet,
405 2219 330 40 kanslideputerade
758 2217 95 35 (med
869 2216 206 39 riksdagens
1092 2214 133 34 kansli)
1247 2214 64 29 och
1328 2213 207 38 riksdagens
1552 2212 93 29 löne-

160 2275 195 39 delegation
377 2275 90 28 samt
488 2270 342 40 budgetdeputerade
851 2269 65 29 och
937 2267 206 39 riksdagens
1165 2266 303 39 krigsdelegation.
1491 2265 61 29 För
1562 2261 83 47 valt-

160 2329 212 37 ningsorgan
390 2327 95 28 inom
500 2324 146 30 vardera
662 2324 206 28 kammaren
885 2322 37 28 är
938 2320 106 39 enligt
1061 2319 232 38 utredningen
1310 2318 213 33 talmannen,
1542 2313 104 47 kans-

162 2380 238 30 litillsättarna
421 2377 65 30 och
507 2374 387 40 ekonomideputerade.

206 2434 167 28 Förutom
397 2430 206 39 riksdagens
626 2437 88 31 egna
739 2426 340 39 förvaltningsorgan
1105 2425 116 29 finnes
1244 2422 205 40 riksdagens
1475 2422 93 37 verk,
1593 2422 53 29 till

162 2486 94 29 vilka
275 2484 232 39 utredningen
527 2482 130 30 räknar
677 2480 224 33 riksbanken,
922 2477 349 40 riksgäldskontoret,
1292 2475 207 40 riksdagens
1519 2475 127 30 ekono-

161 2549 10 27 1
201 2534 22 55 —
229 2547 152 38 Bihang
402 2545 52 29 till
474 2544 203 39 riksdagens
698 2541 175 41 protokoll
895 2541 93 29 1966.
1009 2540 19 29 5
1049 2539 99 30 saml.
1170 2540 19 28 3
1210 2538 75 30 avd.
1307 2538 47 29 Nr
1378 2538 13 28 I
