1878 2786
246 166 37 29 12
317 167 238 31 Sammansatt
566 170 269 31 konstitutions-
846 173 64 29 och
923 173 269 32 bankoutskotts
1206 176 219 31 betänkande
1437 187 42 20 nr
1492 179 14 28 1
1520 179 39 29 år
1573 179 82 30 1966

242 248 50 28 att
319 247 126 31 bereda
470 249 409 41 upplysningstjänstens
904 254 161 38 personal
1093 256 157 39 trygghet
1278 256 11 29 i
1316 257 269 40 anställningen.
1614 259 116 30 Under

242 301 309 31 sommarferierna
574 303 43 29 då
641 304 419 40 riksdagsledamöternas
1084 308 155 39 anspråk
1262 309 45 39 på
1332 310 128 30 service
1486 311 79 29 från
1590 312 140 39 upplys-

242 352 260 41 ningstjänsten
526 357 158 30 avsevärt
710 357 169 35 minskar,
904 359 71 29 kan
998 361 206 38 personalen
1230 362 149 30 sålunda
1404 363 36 29 få
1464 364 195 39 tjänstgöra
1685 365 45 39 på

241 406 111 30 andra
377 407 225 41 avdelningar
626 410 96 29 inom
746 410 163 31 kontoret
933 413 64 29 och
1023 413 273 40 säsongmässigt
1322 415 162 40 betingad
1509 418 220 38 personalav-

241 458 91 40 gång
350 460 145 30 sålunda
515 462 182 30 undvikas.
717 464 415 41 Upplysningstjänstens
1150 467 421 41 verksamhetsuppgifter
1589 471 65 29 har
1673 471 56 29 de-

241 512 160 30 finierats
417 514 11 28 i
444 514 151 40 enlighet
612 516 78 29 med
706 516 67 30 den
788 517 118 39 praxis
923 527 75 20 som
1013 519 116 30 finnes
1146 519 221 32 beträffande
1384 522 344 41 upplysningstjäns-

241 566 77 29 tens
331 566 232 35 verksamhet,
578 577 34 21 se
629 568 16 29 7
662 568 27 37 8.
704 569 182 40 Därjämte
900 571 63 29 har
976 572 267 40 ombesörjande
1257 583 43 20 av
1313 574 160 39 registret
1487 576 51 29 till
1553 572 175 48 riksdags-

239 619 146 38 trycket,
416 629 73 20 som
517 621 10 29 i
557 622 185 38 praktiken
772 623 106 30 åvilat
907 624 398 41 upplysningstjänsten,
1334 627 88 30 även
1451 628 154 31 formellt
1633 630 95 29 över-

244 671 89 30 förts
349 672 79 30 från
442 673 212 31 biblioteket.
668 693 44 3 —
726 676 13 28 I
753 676 112 30 likhet
879 677 79 30 med
974 678 231 40 utredningen
1226 679 83 34 (bet.
1326 690 26 20 s.
1368 680 41 31 36
1425 680 47 35 ff)
1493 681 115 31 finner
1624 682 103 30 alltså

243 725 171 30 utskottet
430 727 237 39 övervägande
685 729 74 29 skäl
778 730 70 29 tala
867 729 53 30 för
937 732 50 28 att
1003 731 160 31 överföra
1179 733 391 40 upplysningstjänsten
1586 736 52 29 till
1657 736 68 29 för-

241 778 350 40 valtningskontoret.
614 782 176 30 Utskottet
813 783 95 29 delar
930 784 149 30 sålunda
1100 785 30 39 ej
1156 786 67 29 den
1245 786 92 30 åsikt
1360 788 11 28 i
1393 788 115 30 denna
1529 788 100 40 fråga
1650 798 76 20 som

242 830 184 32 framförts
446 833 11 29 i
478 834 178 30 motionen
678 835 44 30 II:
740 835 73 31 925.

281 885 20 28 2
326 885 21 36 $
371 885 108 31 andra
504 888 42 28 st.
572 887 101 31 Vissa
704 889 177 39 uppgifter
912 890 107 30 åvilar
1052 891 70 30 f.n.
1155 892 329 40 kanslideputerade
1516 895 106 39 enligt
1654 896 72 29 sär-

237 937 114 31 skilda
368 938 285 41 riksdagsbeslut.
670 941 109 30 Dessa
797 943 176 38 uppgifter
989 944 175 30 överföres
1182 954 48 20 nu
1246 946 53 29 till
1317 942 407 49 förvaltningskontoret,

239 991 51 39 jfr
311 992 106 29 ex.vis
440 993 81 30 1060
544 993 56 30 års
622 994 113 30 beslut
757 995 9 29 i
789 996 189 40 anledning
998 1007 42 19 av
1061 998 59 30 KU
1145 999 97 29 1960:
1259 999 41 29 26
1322 1002 50 27 att
1394 996 329 49 kanslideputerade

240 1045 115 29 skulle
375 1045 146 40 fungera
541 1056 76 20 som
636 1056 42 20 en
697 1048 207 40 riksdagens
924 1051 305 38 personalnämnd.
1250 1053 50 29 De
1321 1053 179 39 uppgifter
1519 1063 74 21 som
1615 1055 108 30 åvilar

239 1097 376 41 ekonomideputerade
633 1110 98 21 avses
750 1102 99 29 skola
866 1103 178 30 överföras
1061 1104 52 29 till
1132 1105 171 30 kontoret.
1322 1106 102 30 Detta
1442 1107 72 29 kan
1530 1108 192 30 emellertid

238 1150 30 39 ej
296 1151 61 30 ske
381 1151 120 31 förrän
523 1161 124 31 genom
671 1155 315 31 motionsinitiativ.
1010 1157 165 31 Däremot
1198 1159 176 30 överföres
1398 1168 124 31 genom
1546 1162 177 38 organisa-

239 1204 288 41 tionsändringen
545 1206 42 30 fr.
605 1216 29 20 o.
652 1216 45 21 m.
715 1208 67 30 den
804 1209 11 29 1
835 1208 67 40 juli
923 1210 82 30 1966
1022 1211 43 30 de
1082 1211 176 40 uppgifter
1276 1221 75 21 som
1370 1213 128 40 åligger
1516 1214 205 40 riksdagens

238 1257 260 41 ekonomibyrå.

277 1310 49 30 På
347 1311 117 40 längre
486 1312 68 30 sikt
576 1313 97 30 torde
695 1314 396 41 förvaltningskontoret
1113 1319 96 28 utom
1230 1320 51 29 att
1301 1328 82 21 vara
1407 1322 48 28 ett
1476 1316 246 49 förvaltnings-

233 1363 66 30 och
328 1364 355 42 förhandlingsorgan
711 1367 122 31 kunna
862 1368 47 30 bli
937 1371 48 28 ett
1014 1370 188 31 värdefullt
1232 1372 221 40 utrednings-
1483 1374 64 29 och
1578 1375 144 29 service-

233 1424 110 32 organ
371 1417 55 29 för
452 1418 188 40 riksdagen
666 1420 65 30 och
758 1421 80 30 dess
866 1422 200 30 ledamöter.
1097 1423 211 40 Stadgandet
1335 1426 67 29 har
1429 1426 139 30 erhållit
1596 1436 43 20 en
1668 1430 53 27 ut-

233 1469 180 41 formning
434 1480 76 21 som
532 1473 183 39 möjliggör
736 1483 44 20 en
803 1474 110 30 sådan
934 1476 208 40 utveckling.

276 1523 20 29 3
320 1523 31 36 $.
377 1524 121 30 Denna
523 1527 165 38 paragraf
713 1529 196 28 motsvarar
934 1529 11 28 i
970 1529 70 29 viss
1067 1529 54 30 del
1149 1531 174 30 särskilda
1348 1533 204 38 paragrafer
1577 1533 11 29 i
1615 1534 105 39 regle-

233 1578 131 28 mentet
389 1577 55 29 för
467 1578 338 39 riksgäldskontoret
836 1580 35 34 (3
898 1580 16 37 $
940 1584 41 27 st.
1006 1582 29 34 2,
1060 1582 41 30 49
1128 1582 28 37 8,
1182 1583 40 30 50
1248 1584 64 30 och
1338 1584 129 31 53—56
1495 1585 71 37 88).
1592 1586 65 30 Det
1681 1587 39 29 är

230 1629 181 40 angeläget
434 1632 50 28 att
508 1631 251 31 lokalbehoven
784 1633 56 30 för
865 1634 196 40 riksdagen,
1087 1636 78 30 dess
1191 1645 107 31 organ
1323 1638 65 29 och
1412 1638 191 30 ledamöter
1629 1642 90 27 samt

230 1683 179 38 partierna
435 1683 127 31 främst
587 1684 66 30 blir
678 1686 254 39 tillgodosedda
957 1689 65 28 och
1049 1691 50 27 att
1126 1689 88 30 först
1240 1690 154 30 därefter
1420 1691 153 40 tillfällig
1600 1693 120 39 upplå-

230 1735 85 30 telse
337 1736 80 30 sker
437 1736 54 30 för
511 1738 111 29 andra
642 1739 163 30 ändamål
828 1749 76 20 som
924 1750 98 21 avses
1043 1742 11 29 i
1074 1743 219 38 paragrafen.

272 1798 21 29 4
318 1797 30 37 $.
374 1798 122 31 Denna
521 1800 165 39 paragraf
711 1800 194 31 behandlar
930 1803 161 30 närmare
1118 1803 523 41 förhandlingsverksamheten.
1668 1808 52 29 Av

230 1851 180 30 allmänna
440 1853 228 38 grundsatser
697 1854 105 39 följer
832 1857 51 28 att
914 1856 196 40 skyldighet
1142 1857 184 40 föreligger
1355 1861 50 27 att
1436 1859 10 29 i
1478 1860 90 29 avtal
1600 1856 119 48 intaga

228 1903 172 30 förbehåll
423 1914 57 20 om
501 1906 205 39 riksdagens
729 1907 256 39 godkännande
1008 1909 71 30 inte
1101 1909 83 30 bara
1206 1911 65 29 när
1293 1911 57 30 det
1372 1912 108 39 gäller
1500 1913 91 29 avtal
1614 1913 12 29 i
1649 1913 69 30 för-

228 1957 308 40 handlingsfrågor
558 1961 85 27 utan
665 1960 86 29 även
773 1961 11 28 i
807 1961 111 30 andra
940 1963 91 28 avtal
1055 1971 76 21 som
1153 1963 117 34 slutes,
1294 1973 58 20 om
1375 1964 196 40 skyldighet
1594 1968 50 28 att
1666 1967 51 29 in-

227 2010 122 30 hämta
369 2010 123 31 sådant
512 2012 255 39 godkännande
789 2013 192 40 föreligger.

271 2064 20 28 3
315 2063 31 36 $.
373 2063 304 41 Hänvisningarna
700 2066 51 29 till
776 2067 174 30 särskilda
971 2067 250 41 författningar
1244 2079 100 21 avser
1366 2070 44 29 bl.
1424 2080 30 20 a.
1477 2072 240 30 arvodesstad-

228 2124 66 30 gan
313 2117 66 29 och
397 2117 501 40 övergångsbestämmelserna
917 2121 51 29 till
988 2121 124 30 denna.
1130 2121 144 41 Förslag
1291 2132 58 20 om
1367 2124 149 40 ändring
1533 2134 42 20 av
1594 2126 123 29 nämn-

226 2169 44 30 da
290 2170 121 39 stadga
431 2171 64 29 och
514 2171 456 40 övergångsbestämmelser
988 2174 209 40 framlägges
1217 2185 42 20 av
1278 2176 436 32 konstitutionsutskottet.

273 2223 40 29 10
338 2222 30 37 $.
394 2223 226 31 Beträffande
652 2225 66 29 den
750 2226 296 39 organisatoriska
1080 2228 277 39 uppbyggnaden
1390 2239 42 20 av
1463 2230 161 31 kontoret
1656 2231 58 29 vill

227 2275 171 30 utskottet
423 2276 188 31 framhålla
635 2280 50 27 att
710 2279 159 29 avsikten
895 2280 88 29 varit
1007 2282 51 28 att
1083 2281 109 39 skapa
1215 2283 49 28 ett
1289 2282 163 30 effektivt
1477 2284 237 39 serviceorgan

227 2328 55 29 för
305 2329 42 29 de
369 2329 110 29 behov
502 2339 75 20 som
600 2330 11 29 i
633 2331 94 30 olika
749 2332 195 30 avscenden
967 2333 70 29 kan
1061 2334 216 39 uppkomma
1299 2335 97 29 inom
1419 2336 196 40 riksdagen.
1641 2337 74 39 Sty-

226 2382 113 29 relsen
367 2382 96 29 torde
490 2383 70 30 inte
588 2384 107 30 minst
723 2385 113 29 under
862 2386 417 40 uppbyggnadsperioden
1308 2388 35 29 få
1370 2398 41 20 en
1439 2389 194 39 betydande
1661 2400 53 20 ar-

225 2434 196 30 betsbörda.
442 2435 78 30 Med
540 2436 138 40 hänsyn
698 2437 119 30 härtill
839 2439 64 29 och
924 2439 51 29 till
996 2439 414 40 förvaltningskontorets
1432 2442 165 40 ställning
1618 2443 95 29 inom

226 2487 422 42 riksdagsförvaltningen
671 2490 70 30 kan
764 2491 57 29 det
843 2492 216 38 uppkomma
1082 2492 110 30 behov
1213 2503 42 20 av
1277 2495 52 28 att
1351 2494 41 30 de
1415 2503 48 21 nu
1485 2495 11 29 i
1520 2495 38 29 16
1584 2495 15 37 8
1624 2496 89 30 före-
