2207 2697
432 175 21 31 4
897 176 262 30 Bankoutskottets
1182 176 153 30 utlåtande
1358 175 52 33 Nr
1433 177 51 30 27.

619 255 195 32 Nuvarande
837 255 129 43 lydelse:

389 308 118 49 däraf,
529 308 106 48 skall,
655 308 86 37 med
760 309 238 50 uppvisande
1014 309 41 36 af
1066 315 94 30 mot-

387 360 137 49 boken,
549 361 178 50 beloppet
746 364 21 34 å
785 361 230 50 postanstalt
1034 361 129 38 skrift-

386 413 104 50 ligen
517 419 176 44 uppsäga
721 414 71 37 och
812 414 131 36 därvid
963 414 197 50 uppgifva,

382 479 129 34 genom
563 468 144 35 hvilken
747 468 222 46 postanstalt
1013 467 147 37 medlen

386 519 92 36 böra
492 519 196 37 utbetalas.
724 509 116 47 Öfver
865 519 295 51 uppsägningen

386 571 191 37 meddelas
605 572 105 37 bevis
740 574 21 34 å
784 574 278 45 postanstalten.

514 679 112 35 Mom.
656 680 37 34 2.

501 793 17 23 »
631 795 17 23 »

500 847 18 23 »
630 848 18 23 »

1256 256 52 41 Af
1329 255 122 43 Kungl.
1475 256 96 42 Maj:t
1592 255 177 43 föreslagen
1792 256 129 42 lydelse:

1214 309 118 48 däraf,
1385 310 106 48 skall,
1539 309 85 37 med
1669 310 236 50 uppvisande
1952 310 41 37 af

1217 362 216 48 motboken,
1476 362 218 50 skriftligen
1725 367 174 45 uppsäga
1926 362 64 38 be-

1215 415 131 49 loppet
1387 418 19 33 å
1438 415 228 49 postanstalt
1698 416 86 36 eller
1809 416 63 36 hos
1893 420 97 43 post-

1213 469 248 46 sparbankens
1483 469 173 35 särskildt
1681 472 160 42 antagna
1862 469 129 36 ombud

1215 520 71 37 och
1306 520 131 37 därvid
1459 519 198 51 uppgifva,
1679 521 143 37 hvarest
1840 520 150 38 medlen

1215 573 90 37 böra
1319 572 198 38 utbetalas.
1596 572 81 38 Öfver
1692 574 298 49 uppsägningen

1215 625 191 38 meddelas
1434 625 117 38 bevis.

749 677 255 50 Uppsägning
1031 678 69 37 bör
1128 679 12 36 1
1169 678 206 37 allmänhet
1403 678 250 37 verkställas:

481 730 60 35 för
569 729 137 50 belopp
736 730 40 35 af
800 730 117 47 högst
947 732 72 34 100
1047 731 140 36 kronor

738 781 283 49 öfverstigande
1052 784 72 36 100
1153 797 86 23 men
1267 783 33 49 ej
1332 784 73 36 500
1436 782 139 38 kronor
1648 795 18 23 >»

736 834 280 49 öfverstigande
1046 837 74 35 500
1148 836 422 36 kronOr...........eeee..
1647 849 17 22 »

1601 731 116 36 minst
1745 745 47 22 en
1820 731 129 47 vecka,

1746 785 64 35 två
1837 782 151 48 veckor,

1746 849 46 23 en
1820 836 148 47 månad,

387 888 65 35 allt
479 887 81 37 före
589 887 74 37 den
691 888 87 48 dag,
807 887 149 36 medlen
984 888 106 36 skola
1117 902 92 23 vara
1237 894 54 30 att
1319 888 106 50 lyfta.

463 940 109 37 Mom.
598 942 34 35 3.
675 941 57 36 På
744 940 324 49 postsparbankens
1087 946 72 44 sty-

384 993 91 37 relse
508 994 203 36 ankommer
739 993 194 37 emellertid
961 997 50 33 att
1039 995 14 35 i
1079 999 81 32 sär-

382 1046 122 37 skilda
545 1046 78 48 fall,
665 1046 70 37 där
770 1046 131 37 sådant
927 1045 144 50 begäres
1099 1047 59 36 och

383 1102 88 33 utan
495 1099 178 48 olägenhet
691 1101 58 40 för
767 1098 302 49 postsparbanken
1088 1100 72 36 kan

384 1151 69 46 ske,
495 1152 181 48 medgifva
716 1151 216 48 utbetalning
959 1153 45 41 af
1025 1153 134 36 insatta

383 1204 113 35 medel
523 1206 103 40 äfven
653 1205 95 34 mom
776 1204 143 35 kortare
942 1204 64 45 tid,
1028 1209 46 31 än
1093 1205 68 35 här

1291 942 109 36 Mom.
1431 943 34 35 3.
1494 941 331 49 Postsparbankens
1843 941 149 50 styrelse

1214 994 93 37 skall
1320 994 89 37 dock
1428 998 68 44 äga
1515 998 51 33 att
1584 994 159 37 meddela
1763 995 229 42 föreskrifter

1213 1047 155 36 rörande
1408 1047 43 36 de
1481 1047 141 46 villkor,
1650 1046 114 37 under
1790 1047 120 36 hvilka
1936 1050 53 33 ut-

1213 1099 177 49 betalning
1419 1101 45 41 af
1484 1101 136 35 insatta
1646 1099 112 37 medel
1785 1100 59 35 må
1871 1101 15 34 i
1909 1104 80 32 sär-

1212 1152 121 36 skilaäa
1373 1152 68 43 fall
1471 1152 120 36 kunna
1617 1152 59 36 ske
1704 1155 86 33 utan
1819 1152 173 43 afvaktan

1210 1205 54 44 på
1290 1205 357 47 uppsägningstidens
1675 1205 138 47 utgång.

382 1257 109 41 ofvan
519 1256 156 49 stadgas.

514 1308 108 36 Mom.
665 1309 35 35 4.
755 1307 177 36 Befinnes
975 1310 80 34 åter
1095 1308 102 37 tiden
1238 1308 59 36 för
1337 1313 155 43 postens
1520 1311 106 46 gång
1653 1307 160 50 påkalla,
1843 1314 54 30 att
1925 1307 65 37 vid

384 1362 128 47 någon
554 1359 229 50 postanstalt
826 1359 374 50 uppsägningstiden
1242 1360 58 36 för
1339 1360 151 49 belopp,
1533 1360 34 49 ej
1602 1360 282 48 öfverstigande
1916 1361 72 36 100

384 1412 151 47 kronor,
577 1412 216 40 utsträckes
834 1411 57 37 till
932 1425 80 23 mer
1043 1417 48 31 än
1120 1426 46 23 en
1194 1412 132 48 vecka,
1356 1412 68 37 bör
1450 1412 350 50 postsparbankens
1828 1412 161 50 styrelse

385 1464 171 37 meddela
584 1464 142 48 nödiga
754 1464 235 37 föreskrifter
1015 1465 12 35 i
1056 1469 138 44 ämnet,
1224 1464 131 37 hvilka
1383 1465 106 36 skola
1513 1468 20 33 å
1551 1465 275 50 postanstalten
1849 1465 138 36 anslås.

513 1517 108 37 Mom.
650 1518 35 36 5.
739 1516 113 37 Afser
893 1517 247 49 uppsägning
1180 1517 82 37 icke
1302 1517 86 36 hela
1430 1517 63 36 det
1524 1517 246 37 innestående
1797 1517 192 49 beloppet,

386 1571 59 34 må
473 1569 220 36 densamma
721 1569 31 49 ej
783 1569 88 49 lyda
900 1571 20 33 å
948 1575 115 30 annat
1091 1574 49 32 än
1167 1570 78 36 helt
1272 1569 160 36 krontal.

513 1622 108 37 Mom.
667 1623 33 36 6.
766 1621 126 37 Hafva
937 1621 199 50 uppsagda
1177 1622 122 37 medel
1339 1621 83 37 icke
1463 1621 125 37 blifvit
1630 1621 40 37 af
1707 1621 282 37 vederbörande

382 1673 145 50 lyftade
555 1674 101 36 inom
685 1674 54 36 tio
769 1674 119 48 dagar
916 1673 95 37 efter
1039 1674 74 36 den
1142 1674 87 49 dag,
1251 1674 46 36 då
1317 1674 193 36 desamma
1529 1674 124 37 skolat
1671 1673 317 47 tillhandahållas,

385 1738 109 24 anses
522 1726 296 50 uppsägningen
846 1726 114 36 hafva
993 1725 168 49 förfallit,
1192 1727 69 35 och
1288 1726 187 36 beräknas
1503 1731 135 31 räntan
1667 1729 20 33 å
1716 1725 108 37 dessa
1852 1725 136 48 medel,

384 1780 124 34 såsom
537 1791 89 23 vore
655 1778 45 36 de
728 1779 12 35 i
768 1778 329 49 postsparbanken
1127 1781 96 47 ånyo
1252 1778 151 37 insatta.

1130 1900 21 50 $
1182 1902 56 35 10.

512 1987 109 37 Mom.
653 1988 34 36 1.
742 1987 179 36 Anmäler
950 1987 61 49 sig
1029 1988 243 36 innehafvare
1293 1987 41 37 af
1350 1987 158 37 motbok
1528 1987 57 37 till
1603 1987 171 50 lyftande
1794 1988 41 36 af
1852 1988 135 46 medel,

383 2052 82 23 som
493 2039 126 36 blifvit
646 2039 209 49 uppsagda,
890 2039 128 37 tillhör
1045 2040 62 36 det
1135 2040 140 36 honom
1304 2045 67 42 att,
1401 2040 124 36 därest
1553 2040 75 36 han
1655 2039 81 37 icke
1765 2044 40 31 är
1832 2053 157 36 person-

383 2091 105 49 ligen
528 2091 113 48 känd,
685 2092 130 49 styrka
855 2092 58 36 sin
955 2091 227 50 behörighet
1215 2105 139 36 genom
1383 2092 246 37 meddelande
1658 2092 41 36 af
1723 2092 142 36 sådana
1893 2105 97 36 upp-

383 2143 129 49 gifter,
542 2157 80 23 som
652 2144 12 35 i
693 2143 20 50 $
743 2146 21 34 2
792 2157 112 23 mom.
936 2147 21 33 3
988 2144 251 37 omförmälas.

511 2196 110 37 Mom.
654 2197 36 37 2.
745 2196 141 37 Finnas
929 2197 109 36 dessa
1079 2197 196 49 uppgifter
1315 2210 91 23 vara
1447 2196 415 37 öfverensstämmande
1903 2196 85 37 med

383 2247 96 48 dem,
510 2261 80 24 som
620 2248 64 37 vid
714 2248 118 37 första
860 2249 263 49 insättningen
1153 2249 183 48 afgifvits,
1362 2248 71 37 och
1452 2249 254 37 förekommer
1726 2248 32 49 ej
1783 2248 206 48 anledning

383 2299 164 49 betvifla,
578 2305 56 32 att
661 2314 186 36 personen
877 2306 40 32 är
945 2301 84 47 den,
1059 2301 73 36 han
1160 2301 204 50 uppgifver
1383 2301 61 49 sig
1463 2314 102 34 vara,
1585 2301 224 37 verkställes
1828 2300 160 37 utbetal-
