2230 2650
754 233 250 35 Statsutskottets
1035 230 170 34 Utlåtande
1229 229 65 32 N:o
1317 230 29 30 8.
1742 224 61 31 125

380 320 114 37 Emot
523 317 140 50 Kongl.
694 315 128 49 Maj:ts
851 313 144 47 förslag
1024 316 56 31 att
1108 310 41 36 af
1171 309 103 37 förut
1301 307 184 49 beviljadt
1513 305 135 48 anslag
1667 307 21 33 å
1708 304 139 44 44,000

250 375 142 36 kronor
433 371 59 37 för
532 376 102 43 yttre
662 366 262 47 restaurering
953 364 41 37 af
1019 355 146 46 Örebro
1193 361 94 37 slott
1315 373 51 23 nu
1396 362 119 33 måtte
1543 357 58 37 för
1630 361 40 32 är
1701 356 95 36 1901
1827 358 22 33 å

251 431 109 32 extra
388 428 76 32 stat
492 423 155 36 anvisas
675 421 114 46 4,400
818 418 141 35 kronor
988 416 69 36 har
1084 414 188 36 utskottet
1300 411 83 37 icke
1404 410 82 37 haft
1506 413 118 44 något
1639 414 56 30 att
1710 407 136 37 erinra.

381 474 113 39 Hvad
522 473 131 37 vidare
682 470 178 38 beträffar
887 467 259 38 motionärens
1174 464 146 49 förslag
1349 477 60 23 om
1431 470 55 29 att
1506 461 85 37 hela
1607 458 241 39 återstående

253 529 178 49 beloppet
460 526 41 37 af
526 526 64 36 det
619 525 56 36 för
704 521 167 38 nämnda
898 519 176 37 ändamål
1102 517 190 48 beviljade
1321 515 136 48 anslag
1486 516 117 33 måtte
1623 511 154 37 anvisas
1793 516 56 30 att

252 584 93 46 utgå
373 579 119 37 under
521 581 40 33 år
592 578 109 44 1901,
730 575 69 35 har
826 572 201 45 utskottet,
1057 583 79 23 som
1167 569 102 35 velat
1297 567 120 36 uttala
1445 566 67 36 sitt
1540 563 245 38 erkännande
1812 562 41 36 af
1891 579 3 3 :

253 635 77 35 den
371 639 103 29 stora
516 627 284 48 offervillighet,
843 637 94 34 som,
979 623 123 47 enligt
1143 620 102 37 hvad
1281 619 11 36 i
1332 618 193 37 motionen
1555 615 194 38 meddelas
1778 614 71 37 och

253 685 189 37 utskottet
483 683 41 35 af
562 678 248 50 tillgängliga
851 675 231 48 handlingar
1122 677 142 42 utrönt,
1308 670 81 37 från
1418 668 176 38 enskilde
1623 667 227 48 ådagalagts

255 737 59 37 för
341 733 293 51 ifrågavarande
663 728 311 49 statsegendoms
1003 724 261 48 restaurering
1293 723 71 36 och
1392 721 251 49 hvarigenom
1660 724 191 31 restaure-

254 788 260 49 ringsarbetet
555 786 147 35 kunnat
744 794 104 23 mera
889 778 255 48 fullständigt,
1186 781 49 31 än
1264 788 80 23 som
1373 772 301 50 ursprungligen
1702 770 149 47 afsetts,

255 840 159 46 utföras,
459 842 126 33 ansett
613 836 61 47 sig
702 835 91 35 böra
822 831 149 37 biträda
1001 830 104 36 detta
1132 828 163 47 förslag;
1325 826 71 37 och
1425 825 58 37 får
1511 824 110 36 alltså
1648 822 203 47 utskottet,

256 905 82 24 som
368 890 102 37 velat
498 889 127 37 erinra
653 899 74 34 om,
756 889 56 32 att
840 884 47 36 de
910 886 48 45 på
987 880 150 37 enskild
1164 884 77 44 väg
1269 878 57 36 till
1355 875 247 39 förenämnda
1631 874 131 37 arbete
1787 886 65 23 an-

257 943 168 37 skaffade
468 940 123 38 medel
631 940 130 47 uppgå
793 935 56 36 till
880 939 91 32 nära
1001 934 137 46 66,000
1167 932 142 36 kronor
1336 930 70 36 och
1435 935 56 29 att
1519 927 108 37 deraf
1649 926 118 37 redan
1795 924 57 37 in-

258 995 101 37 flutit
387 1000 55 30 ett
469 993 151 49 belopp,
650 1003 81 23 som
760 986 233 49 öfverstiger
1021 985 85 36 hela
1134 984 64 36 det
1225 982 58 36 för
1311 981 196 49 anslagets
1527 978 191 50 utgående
1735 977 118 37 förut-

258 1053 101 31 satta
389 1045 176 50 bidraget
593 1044 82 36 från
703 1039 185 47 enskilde,
920 1036 212 48 hemställa,

787 1148 55 31 att
879 1141 223 48 Riksdagen
1132 1141 59 33 må
1220 1138 41 36 af
1284 1137 64 36 det
1375 1136 59 36 till
1462 1140 102 44 yttre
1592 1131 263 48 restaurering

657 1197 42 36 af
736 1186 146 47 Örebro
924 1194 92 36 slott
1060 1190 185 49 beviljade
1287 1188 176 48 anslaget
1497 1186 139 47 44,000
1664 1185 142 35 kronor
1834 1186 21 32 å

659 1254 109 31 extra
797 1253 76 30 stat
901 1246 57 35 för
987 1247 40 33 år
1058 1245 94 34 1901
1183 1241 148 37 anvisa:

789 1299 74 35 dels
905 1299 112 45 4,400
1059 1295 140 35 kronor
1241 1298 56 30 att
1333 1294 92 45 utgå
1462 1289 122 37 under
1611 1288 13 35 i
1652 1286 203 38 statsråds-

660 1350 232 50 protokollet
933 1349 107 35 öfver
1080 1344 290 37 finansärenden
1405 1342 73 37 den
1507 1343 44 34 13
1576 1338 150 50 januari
1759 1338 97 36 1900

663 1402 173 50 angifvet
863 1400 142 44 vilkor;
1035 1398 71 36 och

792 1454 74 35 dels
904 1449 238 39 återstående
1171 1448 181 48 beloppet
1380 1447 139 47 22,000
1549 1444 139 35 kronor
1718 1447 56 31 att
1801 1445 58 31 ut-

661 1505 160 43 betalas,
857 1507 40 33 så
926 1508 107 32 snart
1060 1501 104 37 detta
1193 1499 128 37 arbete
1349 1498 126 37 blifvit
1503 1495 121 48 enligt
1653 1493 40 38 af
1717 1493 141 46 Kongl.

663 1558 108 48 Maj:t
804 1555 177 37 faststäld
1016 1554 89 49 plan
1139 1552 157 46 utfördt,
1331 1548 181 50 afsynadt
1545 1548 71 36 och
1645 1544 213 51 godkändt.

473 1719 210 43 Uppförande
708 1718 41 34 af
771 1727 42 33 ny
837 1715 254 44 flygelbyggnad
1116 1714 51 33 vid
1193 1711 260 35 länsresidenset
1477 1710 7 32 i
1510 1709 142 33 Kalmar.

399 1816 96 48 19:0)
553 1815 138 47 Kongl.
728 1814 108 48 Maj:t
866 1813 67 35 har
960 1810 200 49 föreslagit
1187 1808 221 49 Riksdagen
1440 1812 67 37 att,
1536 1805 57 36 för
1621 1801 239 52 uppförande

269 1870 42 36 af
334 1883 46 34 ny
402 1868 282 49 flygelbyggnad
712 1867 62 35 vid
802 1864 277 36 länsresidenset
1107 1863 13 34 +
1147 1862 168 45 Kalmar,
1344 1862 47 46 på
1411 1863 108 31 extra
1535 1861 77 32 stat
1627 1856 58 36 för
1700 1858 40 33 år
1763 1856 94 35 1901

269 1921 141 48 bevilja
439 1925 55 30 ett
522 1918 136 48 anslag
686 1918 41 36 af
753 1918 138 46 89,000
920 1916 149 35 kronor.

398 1969 432 50 Departementschefen
866 1968 67 35 har
961 1966 56 37 uti
1045 1963 251 39 förevarande
1326 1961 140 38 ärende
1495 1960 55 36 till
1579 1957 281 39 ofvannämnda

269 2021 381 49 statsrådsprotokoll
692 2020 203 46 meddelat,
938 2024 55 30 att
1035 2016 140 48 Kongl.
1219 2015 126 48 Mai:ts
1389 2010 424 49 befallningshafvande
1849 2009 12 35 i

272 2075 156 36 Kalmar
469 2073 62 36 län
574 2073 54 35 uti
669 2071 204 36 skrifvelse
916 2069 57 36 till
1017 2068 141 48 Kongl.
1201 2067 108 46 Maj:t
1345 2065 72 36 den
1447 2066 46 34 21
1525 2062 210 36 november
1765 2062 96 35 1898

271 2126 138 45 anfört,
451 2124 181 36 hurusom
661 2121 298 48 länsstyrelsens
988 2118 178 48 samtliga
1195 2115 294 39 embetslokaler
1517 2113 98 36 ända
1643 2112 58 36 till
1730 2112 132 48 början

272 2177 42 36 af
341 2175 210 37 1850-talet
578 2173 98 37 varit
704 2172 175 49 inrymda
908 2174 47 46 på
979 2170 117 37 nedra
1120 2170 157 35 bottnen
1299 2168 41 35 af
1355 2163 506 49 länsresidensbyggnaden.

272 2228 57 36 Då
358 2226 213 38 emellertid
600 2226 111 35 dessa
739 2224 144 36 lokaler
911 2223 32 48 ej
973 2222 161 36 allenast
1163 2233 90 23 vore
1282 2219 58 35 till
1365 2222 209 44 utrymmet
1593 2213 270 50 otillräckliga,

272 2285 91 31 utan
405 2278 112 37 äfven
547 2276 85 37 lede
660 2276 42 36 af
726 2276 119 36 andra
873 2273 260 49 olägenheter,
1161 2272 97 35 hade
1287 2269 214 37 residenset
1529 2267 124 37 blifvit
1680 2265 184 49 tillbygdt

273 2334 38 33 åt
355 2343 110 23 norra
507 2329 109 36 sidan
660 2328 58 35 för
760 2333 55 30 att
857 2325 136 37 bereda
1036 2324 123 36 bättre
1197 2321 145 38 lokaler
1369 2324 37 33 åt
1433 2318 301 38 embetsverkets
1763 2317 100 36 olika

1888 1806 68 30 Ang.
1975 1805 89 31 anslag

1878 1840 204 31 tilluppförande

1890 1875 32 29 af
1935 1883 36 23 ny
1982 1875 88 30 flygel

1892 1910 117 30 byggnad
2026 1910 44 23 vid

1886 1944 193 24 länsresidenset

1908 1980 12 23 i
1937 1980 115 23 Kalmar.

1932 2014 94 46 [16.]
