2234 2652
765 250 245 35 Statsutskottets
1040 247 170 35 Utlåtande
1233 246 67 32 N:o
1328 246 29 32 8.
1743 239 59 32 141

263 337 58 49 sig
349 337 94 37 böra
471 340 120 32 sättas
621 332 11 38 i
661 331 151 39 tillfälle
840 336 56 32 att
925 329 101 38 bilda
1055 328 61 50 sig
1144 331 55 33 ett
1226 325 175 38 omdöme
1430 336 59 24 om
1519 325 117 34 sättet
1656 320 56 36 för
1731 318 119 50 inköp

259 390 41 37 af
336 386 269 51 skogbärande
647 385 92 38 eller
772 383 56 37 till
856 380 216 52 skogsbörd
1100 379 137 49 tjenlig
1265 376 118 49 mark,
1413 380 98 32 samt
1538 379 67 42 att,
1636 375 47 47 på
1711 372 64 36 det
1803 384 48 23 en

260 441 116 38 sådan
419 439 182 51 pröfning
634 435 194 52 periodvis
857 438 118 34 måtte
1004 433 129 36 kunna
1162 444 73 35 ega
1262 443 96 34 rum,
1386 427 220 48 Riksdagen
1637 423 124 38 funnit
1789 422 61 49 sig

260 495 90 36 böra
379 493 125 36 lemna
533 490 139 48 Kongl.
703 488 106 48 Maj:t
839 485 327 51 dispositionsrätt
1195 482 105 37 öfver
1320 481 46 37 de
1386 476 293 52 ifrågavarande
1699 474 151 38 medlen

261 546 56 36 för
344 552 57 30 tre
432 547 39 34 år
498 542 12 37 i
539 542 148 37 sänder.
731 540 73 37 Det
832 539 58 37 till
917 540 196 46 utgången
1133 535 42 37 af
1190 537 39 34 år
1253 536 94 35 1891
1368 530 180 52 gällande
1568 526 283 51 medgifvande,

260 610 81 24 som
386 596 41 37 af
467 597 94 35 1889
597 596 60 34 års
685 591 173 50 Riksdag
885 593 49 47 på
960 588 126 51 grund
1113 587 42 37 af
1180 586 63 37 det
1272 584 158 38 sålunda
1458 581 158 38 anförda
1645 578 207 48 lemnades,

262 649 97 38 hade
401 648 215 37 sedermera
659 644 65 38 vid
765 642 191 38 särskilda
997 639 175 38 tillfällen
1216 638 41 37 af
1280 636 220 49 Riksdagen
1528 633 203 48 förlängts,
1760 630 95 36 hvar

263 704 105 47 gång
396 700 58 37 för
482 704 56 32 tre
567 701 39 34 år
634 697 12 36 i
676 696 137 38 sänder
841 694 72 38 och
937 698 130 33 senast
1095 691 41 38 af
1164 692 94 35 1897
1290 693 60 33 års
1380 686 171 49 Riksdag
1579 685 58 37 för
1665 683 105 37 tiden
1799 681 55 37 till

262 753 70 37 och
375 751 87 38 med
504 754 39 33 år
588 750 111 47 1900,
727 748 13 36 i
769 746 279 48 sammanhang
1076 742 185 38 hvarmed
1288 740 222 48 Riksdagen
1539 738 57 36 för
1625 748 144 25 samma
1797 733 57 37 tid

262 806 142 36 lemnat
433 802 200 38 enahanda
662 798 273 51 medgifvande
964 798 11 35 i
1007 796 107 49 fråga
1134 808 60 24 om
1216 792 373 51 dispositionsrätten
1611 788 107 37 öfver
1737 787 118 48 köpe-

262 856 252 49 skillingarna
555 854 57 37 för
653 852 145 37 sådana
838 848 367 51 kronoegendomar,
1249 845 162 38 rörande
1447 842 150 38 hvilkas
1627 838 229 50 försäljning

262 907 287 39 bestämmelser
577 906 141 36 funnes
744 901 224 39 meddelade
995 901 13 36 i
1037 899 147 38 brefvet
1212 898 73 36 den
1315 898 46 35 29
1394 895 71 49 maj
1498 895 106 35 1891.

390 958 161 39 Jemlikt
594 956 141 48 Kongl.
778 955 128 49 Maj:ts
948 952 125 38 beslut
1114 952 74 36 den
1230 952 45 34 31
1319 948 73 49 maj
1426 948 94 36 1889
1550 941 306 41 öfverlemnades

263 1024 158 25 numera
463 1010 146 49 årligen
650 1008 61 38 till
752 1006 244 49 Riksdagens
1038 1002 248 38 statsutskott
1326 999 155 50 uppgift
1522 997 33 49 ej
1586 995 147 37 mindre
1762 996 21 34 å
1810 993 46 36 de

264 1063 369 49 kronoegendomar,
663 1060 132 37 hvilka
822 1057 121 38 under
972 1061 84 32 näst
1084 1053 235 50 föregående
1348 1055 80 34 året
1455 1049 125 38 blifvit
1609 1045 179 48 försålda,
1809 1050 48 31 än

263 1117 114 37 äfven
407 1118 21 34 å
456 1115 46 37 de
543 1113 118 49 inköp
705 1112 40 36 af
783 1108 270 51 skogbärande
1095 1106 91 38 eller
1227 1105 58 37 till
1328 1102 214 50 skogsbörd
1572 1099 138 51 tjenlig
1739 1096 119 48 mark,

264 1168 131 37 hvilka
428 1166 122 37 under
578 1178 146 24 samma
753 1163 54 37 tid
836 1162 57 37 för
921 1161 167 37 kronans
1117 1157 168 49 räkning
1314 1161 66 44 egt
1408 1168 91 24 rum.
1555 1152 148 38 Genom
1734 1149 125 38 denna

264 1219 165 51 uppgift,
465 1217 152 38 hvilken
648 1222 173 44 upptoge
850 1213 80 51 pris
959 1212 71 37 och
1060 1211 102 37 areal
1191 1212 20 34 å
1238 1209 136 48 inköpt
1403 1205 230 50 skogsmark
1662 1203 195 37 äfvensom

266 1272 45 36 de
339 1271 125 49 öfriga
493 1268 281 51 upplysningar
802 1264 163 39 rörande
994 1264 46 36 de
1064 1260 295 50 ifrågavarande
1379 1258 180 49 inköpen,
1579 1255 133 38 hvilka
1732 1252 128 38 kunde

266 1325 120 35 finnas
430 1320 263 48 erforderliga,
735 1315 313 40 tillhandahölles
1090 1313 159 38 sålunda
1291 1311 221 48 Riksdagen
1554 1308 64 37 det
1660 1307 57 36 för
1750 1304 110 37 verk-

268 1374 187 38 ställande
484 1373 40 37 af
549 1372 73 37 den
651 1371 85 36 utaf
760 1369 222 48 Riksdagen
1017 1365 168 50 antydda
1206 1363 182 51 pröfning
1407 1359 249 49 erforderliga
1677 1355 182 39 material.

395 1425 129 39 Under
552 1423 240 50 åberopande
822 1421 39 37 af
885 1419 102 38 hvad
1015 1418 42 37 af
1080 1413 424 53 departementschefen
1532 1411 160 38 sålunda
1713 1409 146 36 anförts

268 1478 243 46 hemstäldes,
559 1481 55 32 att
642 1475 142 48 Kongl.
814 1473 108 49 Maj:t
951 1474 115 34 måtte
1094 1469 59 37 till
1182 1467 223 49 Riksdagen
1434 1470 93 44 göra
1555 1464 72 37 den
1657 1455 205 60 framställ-

267 1532 106 48 ning,
403 1528 265 50 föreliggande
696 1525 237 51 proposition
965 1522 216 38 innefattar.

371 1659 105 36 Efter
518 1657 46 37 de
594 1655 297 51 upplysningar,
926 1652 188 37 utskottet
1143 1649 201 46 inhemtat,
1374 1648 55 34 får
1458 1645 187 36 utskottet
1674 1641 187 47 meddela,

268 1717 55 31 att
351 1709 168 48 följande
548 1709 159 48 utgifter
735 1707 58 36 för
821 1704 239 48 skogsinköp
1089 1703 130 35 kunna
1248 1700 57 36 för
1323 1699 74 36 den
1415 1702 191 31 närmaste
1623 1695 104 36 tiden
1745 1699 117 30 emot-

269 1776 74 33 ses,
392 1760 193 49 nemligen
636 1759 41 36 af
719 1758 141 48 Kongl.
905 1756 106 48 Maj:t
1053 1752 198 39 beslutade

320 1812 228 49 markinköp
587 1838 426 9 .cocccccococc-c-----
1044 1837 26 4 oo
1090 1806 141 35 kronor
1262 1802 213 47 1,160,573:
1496 1810 41 26 38

271 1866 9 36 i
298 1864 332 49 domänstyrelsen
647 1861 121 38 under
785 1858 293 50 handläggning

320 1916 168 37 varande
566 1944 238 6 c0nsovsrsnvs.nmina
894 1943 38 4 svisensin
1056 1941 4 4 sena
1142 1921 16 22 I
1298 1906 241 46 737,380:
1507 1901 35 55 —

269 1972 47 46 på
357 1967 290 47 undersökning
686 1965 186 36 beroende
904 1994 50 4 ....
1140 1973 17 21 »
1256 1958 215 45 2,162,889:
1491 1965 41 26 66
1565 1963 215 48 4,060,843:
1801 1971 42 25 04

270 2029 69 37 Om
382 2027 166 36 härifrån
588 2026 141 48 dragas
771 2026 46 35 de
858 2023 57 37 för
958 2022 122 36 mark-

320 2079 120 48 inköp
470 2077 197 49 diponibla
697 2076 151 48 belopp,
863 2074 214 48 nemligen:

319 2131 12 35 i
359 2128 376 50 riksgäldskontoret
762 2125 254 37 innestående
1069 2155 4 4 .
1143 2136 17 21 >»
1299 2121 177 46 779,623:
1499 2128 38 25 14

270 2183 74 36 den
398 2183 46 34 14
491 2193 100 23 mars
645 2181 96 34 1900
770 2176 210 50 inflytande
1021 2176 57 35 för

323 2233 162 36 försålda
521 2230 357 49 kronoegendomar
909 2260 3 4 .
1025 2258 4 4 .
1150 2237 16 23 »
1299 2223 176 44 969,946:
1496 2231 39 26 31
1575 2229 214 45 1,749,569:
1809 2237 43 25 45

272 2300 100 39 visar
415 2300 59 50 sig
517 2313 44 24 en
605 2298 95 37 brist
731 2302 20 33 å
817 2329 84 5 cc.
1049 2326 51 5 er
1131 2324 132 7 renen
1400 2284 141 43 kronor
1570 2281 219 56 2,311,273:
1810 2296 42 27 59
