1906 2810
130 404 61 40 [3.]

133 718 60 38 [4.]

144 1612 59 39 [5.]

665 169 398 36 Jordbruksutskottets
1090 165 188 33 utlåtande
1305 164 52 32 Nr
1380 163 51 31 46.

679 250 156 35 rättning
861 247 78 31 med
966 245 134 31 hälften
1123 254 64 20 var
1209 243 91 30 samt
1322 242 52 30 att
1396 241 151 35 köparen
1571 246 117 22 ensam
1712 235 74 31 vid-

680 302 129 30 kännes
837 298 188 32 kostnaden
1048 297 54 30 för
1126 295 128 36 lagfart
1276 293 62 31 och
1362 292 109 31 andra
1494 290 77 31 med
1595 289 102 35 köpet
1719 287 67 31 för-

680 353 107 32 enade
810 351 159 38 utgifter;

725 406 32 39 3)
779 407 62 35 att,
861 404 104 32 sedan
980 401 207 38 egendomen
1206 398 37 43 1/,
1260 397 132 33 mantal
1408 397 118 32 Järsta
1541 405 42 21 nr
1600 395 19 30 4
1636 393 12 31 i
1663 393 124 31 Tensta

681 460 121 31 socken
825 468 45 21 av
893 456 152 37 Uppsala
1067 455 59 31 län
1146 453 150 37 styckats
1319 452 13 30 i
1351 451 60 31 två
1434 449 55 31 uti
1510 446 278 37 statsrådsproto-

682 512 106 31 kollet
819 507 228 34 omförmälda
1078 507 110 34 lotter,
1211 513 133 22 samma
1367 503 102 30 lotter
1491 501 58 30 må
1573 509 63 21 var
1658 499 54 30 för
1734 498 52 35 sig

683 565 21 30 å
726 562 157 35 offentlig
906 560 145 31 auktion
1065 557 157 36 försäljas
1237 555 56 31 till
1308 555 67 30 den
1389 550 275 39 högstbjudande
1679 548 109 32 under

683 616 41 31 de
747 616 12 30 i
782 614 118 31 brevet
931 612 66 31 den
1028 611 41 31 29
1093 609 71 36 maj
1189 608 85 31 1874
1298 604 227 34 omförmälda
1548 602 138 35 villkor,
1710 596 78 44 med

683 666 240 33 tillträdesrätt
945 665 54 31 för
1021 664 125 35 köpare
1169 660 65 32 den
1258 661 41 30 14
1322 668 93 22 mars
1438 656 102 36 1929;

728 721 32 37 4)
783 720 52 30 att
856 720 48 29 ett
926 718 120 35 utbyte
1069 726 43 20 av
1135 714 100 31 mark
1259 713 58 30 må
1337 713 66 34 äga
1419 720 78 20 rum
1511 708 129 31 mellan
1654 705 133 36 Kungl.

684 772 99 36 Maj:t
805 771 62 31 och
891 771 142 33 kronan,
1057 770 20 29 å
1092 777 65 21 ena
1171 765 109 35 sidan,
1297 764 61 31 och
1375 761 153 37 Uppsala
1543 759 86 36 stad,
1645 759 21 30 å
1680 757 110 32 andra

683 824 110 35 sidan,
816 822 156 35 sålunda,

728 878 64 34 att,
825 874 104 32 sedan
962 873 56 32 det
1052 870 136 33 område
1211 880 54 20 om
1289 868 94 31 cirka
1407 866 18 31 3
1449 864 119 33 hektar
1591 873 43 21 av
1657 862 134 32 Ultuna

685 926 279 39 kungsladugård
988 927 13 30 i
1023 924 150 37 Uppsala
1195 923 69 35 län,
1287 931 73 21 som
1383 921 21 30 å
1426 915 295 38 stadsingenjören
1743 913 46 31 K.

685 982 40 31 E.
752 982 165 30 Romsons
939 980 13 29 i
975 978 141 31 ärendet
1149 974 173 33 företedda
1355 973 100 30 karta
1488 969 195 32 betecknats
1717 966 74 31 med

687 1033 59 31 röd
782 1033 88 35 färg,
904 1033 43 34 på
980 1031 149 30 kronans
1156 1025 187 33 bekostnad
1366 1022 257 35 vederbörligen
1646 1018 145 32 avskilts

685 1086 80 30 från
798 1084 218 37 egendomen,
1051 1080 150 32 nämnda
1234 1078 137 31 område
1398 1077 57 30 må
1477 1085 44 21 av
1545 1074 131 30 kronan
1697 1072 95 29 öÖöver-

686 1138 89 30 låtas
796 1137 55 31 till
875 1135 152 37 Uppsala
1050 1133 85 36 stad,

729 1193 54 29 att
816 1189 153 36 Uppsala
1003 1187 74 31 stad
1112 1186 55 30 till
1201 1185 132 30 kronan
1356 1181 170 32 överlåter
1548 1177 245 38 äganderätten

688 1243 54 31 till
766 1242 56 31 det
845 1240 138 32 område
1006 1249 55 21 om
1077 1239 71 30 2.48
1167 1237 120 30 hektar
1303 1245 44 20 av
1363 1233 118 31 staden
1497 1230 176 36 tillhöriga
1689 1223 104 45 stads-

688 1297 89 34 ägan
811 1304 43 20 nr
882 1293 73 35 328,
978 1301 73 21 som
1074 1292 21 29 å
1117 1285 381 39 mätningsingenjören
1521 1283 39 31 E.
1584 1281 174 32 Nohldéns
1781 1280 13 29 i

688 1347 140 31 ärendet
851 1344 174 32 företedda
1048 1344 99 30 karta
1169 1340 153 37 angivits
1344 1337 77 32 med
1444 1336 61 31 röd
1528 1334 207 36 streckning,

732 1402 53 29 att
818 1399 40 31 de
880 1399 13 30 i
916 1398 93 36 bytet
1042 1394 166 38 ingående
1242 1389 282 35 markområdena
1546 1389 22 30 å
1589 1389 92 29 ömse
1703 1385 92 31 sidor

693 1454 132 30 lämnas
848 1451 69 31 fria
940 1450 78 31 från
1041 1449 70 30 alla
1134 1446 228 37 gravationer,
1386 1444 88 30 samt

736 1507 54 28 att
813 1504 132 30 kronan
968 1502 62 30 och
1053 1500 150 36 Uppsala
1226 1497 74 32 stad
1323 1506 63 21 var
1409 1496 53 30 för
1478 1495 51 35 sig
1545 1492 151 31 bestrida
1707 1491 88 30 kost-

695 1557 149 32 naderna
878 1555 53 31 för
966 1553 127 36 lagfart
1116 1553 21 29 å
1160 1560 122 27 genom
1317 1549 93 36 bytet
1433 1545 163 32 tillfallen
1618 1543 178 36 fastighet;

738 1610 31 37 5)
785 1610 50 30 att
850 1608 57 31 det
919 1607 101 35 bolag
1031 1605 84 31 eller
1126 1613 115 22 annan
1253 1599 323 35 sammanslutning,
1589 1606 73 22 som
1674 1596 52 30 för
1738 1604 59 22 an-

694 1662 167 37 läggning
888 1670 43 21 av
947 1669 42 21 en
1005 1656 161 39 planerad
1183 1651 375 36 halmeellulosafabrik
1574 1650 70 30 kan
1659 1649 137 30 komma

693 1716 51 30 att
766 1713 121 37 bildas,
911 1713 57 30 må
983 1721 44 21 av
1043 1710 126 35 Starby
1183 1704 284 39 kungsladugård
1483 1713 56 21 om
1555 1703 41 30 10
1610 1700 39 42 1/,
1664 1700 133 31 mantal

694 1768 12 29 i
740 1766 51 31 St
813 1766 82 30 Pers
929 1763 77 31 med
1041 1763 83 30 flera
1156 1761 142 30 socknar
1325 1759 13 29 i
1362 1754 253 38 Östergötlands
1639 1753 58 30 län
1721 1751 77 31 med

693 1817 203 38 äganderätt
916 1816 163 31 förvärva
1095 1815 47 29 ett
1158 1813 13 30 i
1186 1812 119 31 därom
1320 1809 144 37 ingiven
1480 1806 192 35 ansökning
1688 1804 111 31 avsett

693 1870 137 32 område
864 1879 55 21 om
950 1869 71 30 5.38
1047 1867 122 31 hektar
1191 1865 106 36 jämte
1321 1861 100 32 mark
1444 1860 54 31 för
1520 1861 68 34 väg
1612 1856 119 33 därtill
1752 1866 46 21 av

694 1923 151 32 nämnda
879 1921 164 37 egendom
1077 1919 82 31 eller
1192 1916 173 33 Vadstena
1398 1914 177 33 kronoäng
1608 1911 44 36 på
1685 1910 67 30 sätt
1779 1909 20 30 å

694 1977 67 30 den
783 1976 13 30 i
818 1974 140 32 ärendet
981 1971 174 33 företedda
1174 1971 125 30 kartan
1314 1967 76 32 med
1406 1966 128 36 blyerts
1549 1963 163 36 angivits,
1729 1962 71 30 mot

694 2038 42 21 en
748 2027 229 36 köpeskilling
990 2035 43 21 av
1047 2024 95 37 5,000
1151 2023 124 30 kronor
1288 2022 88 29 samt
1388 2018 108 31 under
1509 2016 127 31 villkor
1649 2015 13 30 i
1674 2014 125 35 övrigt,

739 2083 53 29 att
826 2078 274 37 köpeskillingen
1133 2075 153 35 erlägges
1320 2072 110 31 senast
1463 2071 20 29 å
1519 2062 281 45 tillträdesdagen

696 2133 62 31 och
781 2131 167 32 inbetalas
971 2130 56 31 till
1049 2127 253 37 länsstyrelsen,

740 2187 53 29 att
827 2183 184 31 områdena
1045 2181 35 31 få
1112 2190 45 21 av
1184 2180 124 35 köpare
1331 2175 172 33 tillträdas
1526 2172 187 37 respektive
1737 2170 65 31 den

698 2238 40 30 14
767 2246 92 21 mars
887 2235 83 31 1932
995 2234 63 31 och
1080 2233 65 31 den
1168 2232 41 30 14
1233 2239 92 22 mars
1349 2227 84 32 1934
1457 2226 83 31 eller
1564 2223 237 32 dessförinnan

696 2290 21 30 å
751 2288 62 36 tid,
847 2297 118 22 varom
998 2282 328 35 överenskommelse
1353 2281 69 30 kan
1445 2278 119 31 träffas
1588 2275 76 32 med
1688 2273 114 33 veder-

698 2341 147 32 börande
868 2336 488 41 nyttjanderättsinnehavare,

741 2397 64 33 att,
839 2396 64 28 när
936 2392 105 31 sådan
1074 2386 326 35 överenskommelse
1431 2385 153 30 kommer
1611 2381 55 31 till
1693 2378 110 36 stånd,

700 2448 151 35 köparna
874 2445 118 32 därom
1015 2442 206 33 omedelbart
1245 2439 199 32 underrätta
1466 2433 254 38 länsstyrelsen,

742 2501 63 33 att,
829 2498 60 31 där
913 2499 38 29 så
973 2497 78 30 från
1074 2496 149 30 kronans
1246 2492 73 32 sida
1342 2489 188 38 påfordras,
1552 2488 151 35 köparna
1724 2494 81 27 upp-
