2220 2630
412 229 20 30 8
867 225 379 35 Konstitutionsutskottets
1275 228 151 30 Utlåtande
1450 222 60 35 N:o
1535 229 29 29 9.

412 323 87 22 man
530 309 128 45 undra,
686 322 61 23 om
776 322 43 24 en
848 308 323 50 tryckfrihetsjury
1200 306 225 46 hädanefter,
1444 306 38 37 så
1502 308 106 47 länge
1628 306 101 37 detta
1749 307 148 48 lagrum
1914 305 93 37 hade

412 362 221 37 oförändrad
672 363 150 50 lydelse,
852 362 167 50 ryggade
1047 362 157 36 tillbaka
1232 360 57 37 för
1317 366 54 31 att
1399 361 121 36 uttala
1548 361 62 36 det
1637 359 161 37 fällande
1826 359 104 36 ordet
1957 359 52 36 öf-

412 430 66 23 ver
505 429 44 24 en
579 416 140 50 osgedlig
746 415 130 38 skrift?
932 416 54 36 De
1010 415 193 37 ömmande
1232 415 68 36 och
1329 414 229 50 beklagande
1587 414 214 36 uttalanden
1822 412 186 50 angående

413 469 153 38 skriften
609 470 66 37 och
704 469 133 46 åtalen,
866 469 143 50 hvarpå
1036 471 65 35 vår
1128 469 263 49 tidningspress
1419 468 119 36 under
1567 468 161 36 sistlidne
1757 467 155 36 oktober
1940 468 67 35 och

412 524 201 37 november
653 523 174 37 månader
861 537 66 24 var
959 523 39 36 så
1030 523 69 43 rik,
1129 523 124 36 visade
1281 522 219 50 otvetydigt,
1529 527 55 30 att
1611 534 44 23 en
1684 520 325 48 öfverväldigande

413 579 59 36 del
503 576 41 37 af
569 577 69 37 den
666 578 225 48 vittnesgilla
919 578 247 35 allmänheten
1195 575 110 50 ansåg
1334 576 44 36 de
1406 576 133 45 dikter,
1568 588 78 23 som
1674 588 87 23 voro
1780 573 154 37 föremål
1953 573 58 36 för

413 631 135 45 åtalen,
589 644 87 24 vara
717 630 58 38 för
815 644 44 24 en
899 631 166 49 naturlig
1106 630 325 49 sedlighetskänsla
1459 629 150 36 sårande
1638 628 67 36 och
1733 627 58 37 för
1818 629 70 36 den
1917 641 92 36 upp-

413 685 167 37 växande
608 685 230 49 ungdomens
865 685 182 48 sedlighet
1074 683 143 50 farliga.
1275 683 54 37 De
1349 683 165 37 vittnade
1534 683 117 45 också,
1673 682 85 36 med
1777 682 148 37 hvilken
1947 694 64 23 oro

413 752 86 23 man
543 738 93 50 såge,
680 744 55 31 att
772 740 119 48 lagen,
932 739 44 35 då
1013 739 31 48 ej
1075 750 61 24 ens
1164 738 103 36 dessa
1294 736 75 37 åtal
1397 737 109 37 ledde
1535 737 60 36 till
1624 735 160 37 fällande
1813 736 135 47 utslag,
1978 736 31 48 ej

414 793 158 36 beredde
600 793 220 49 tillräckligt
847 792 119 50 skydd
997 797 78 31 mot
1102 790 151 39 farorna
1281 790 41 37 af
1346 803 44 24 en
1420 791 141 49 osedlig
1579 791 205 35 litteraturs
1804 788 205 50 spridande.

414 846 16 36 I
473 846 196 50 synnerhet
702 845 58 38 för
794 845 182 37 föräldrar
1004 845 69 37 och
1101 846 129 44 lärare,
1261 857 76 24 som
1366 850 163 31 närmast
1556 844 94 36 hade
1680 843 227 49 ungdomens
1935 842 77 36 sed-

414 901 76 48 liga
532 899 89 38 vård
663 901 55 48 sig
752 899 227 45 anförtrodd,
1013 898 112 37 måste
1153 899 62 36 det
1243 899 115 36 väcka
1386 898 229 50 bekymmer,
1643 902 55 31 att
1726 897 122 36 dikter
1876 895 41 37 af
1942 896 70 36 den

416 955 146 36 sexuelt
589 954 150 37 retande
768 953 252 37 beskaffenhet
1047 966 78 23 som
1154 952 45 38 de
1227 951 279 50 ifrågavarande
1533 953 95 48 finge
1657 949 191 38 ostraffadt
1876 948 136 39 införas

416 1009 12 35 i
458 1008 135 36 böcker
621 1008 68 35 och
712 1007 196 50 tidningar.
965 1005 284 50 Uppfostrarens
1277 1006 125 37 arbete
1431 1004 123 39 blefve
1574 1005 235 49 naturligtvis
1828 1005 106 48 högst
1954 1004 58 36 be-

416 1061 139 50 tydligt
595 1060 208 39 försvåradt
843 1074 133 35 genom
1018 1061 70 35 den
1122 1060 144 45 lätthet,
1305 1060 174 36 hvarmed
1507 1059 62 37 det
1597 1058 200 50 smygande
1826 1057 188 50 pestgiftet

416 1115 125 36 kunde
568 1114 96 37 föras
691 1115 58 36 till
778 1114 94 45 dem,
900 1127 78 23 som
1008 1121 98 28 ännu
1134 1114 30 48 ej
1195 1113 95 36 hade
1318 1118 53 31 ett
1398 1114 220 48 tillräckligt
1646 1112 184 37 utbildadt
1848 1110 164 37 förstånd

417 1168 56 37 för
515 1174 54 30 att
596 1169 126 36 kunna
750 1168 118 37 säkert
894 1167 165 45 bedöma,
1087 1167 97 37 hvad
1213 1166 45 36 de
1287 1172 175 44 mottoge,
1492 1167 91 36 eller
1611 1166 200 49 tillräcklig
1839 1165 174 36 moralisk

416 1223 129 49 styrka
586 1227 53 31 att
676 1224 53 34 stå
763 1227 99 30 emot
889 1220 127 51 giftets
1045 1222 171 48 eggelser,
1243 1232 86 24 men
1357 1220 164 37 deremot
1549 1220 190 37 vaknande
1769 1220 144 35 känslor
1940 1231 74 36 nog

416 1275 57 37 för
502 1281 55 31 att
585 1289 88 24 vara
702 1275 172 37 särskildt
902 1275 220 49 mottagliga
1150 1273 58 37 för
1235 1274 80 36 dess
1343 1272 234 51 förhärjande
1606 1273 233 49 verkningar.

1048 1348 11 11 .

526 1545 106 42 Hvad
659 1546 227 35 motionären
916 1543 155 37 sålunda
1098 1543 122 37 anfört
1248 1543 57 37 för
1332 1544 62 35 sitt
1422 1541 150 51 förslag,
1591 1556 105 36 synes
1721 1542 179 36 utskottet
1918 1541 97 36 inne-

416 1598 102 38 hålla
547 1598 199 51 afgörande
775 1599 78 36 skäl
882 1597 60 38 för
970 1598 80 36 dess
1080 1597 270 51 tillstyrkande.
1408 1596 105 38 Skall
1542 1598 125 48 lagens
1681 1596 111 49 helgd
1812 1596 126 35 kunna
1957 1595 58 36 be-

418 1666 105 24 varas
564 1653 68 36 och
675 1653 95 36 skall
803 1652 197 36 samhället
1041 1652 124 36 kunna
1205 1650 139 38 erhålla
1386 1650 62 36 det
1476 1650 119 49 skydd
1623 1655 80 30 mot
1730 1648 220 50 inflytandet
1979 1647 40 36 af

418 1707 140 48 osedlig
586 1707 198 44 litteratur,
812 1719 77 23 som
918 1705 62 37 det
1009 1705 67 36 har
1104 1711 71 30 rätt
1204 1710 53 31 att
1285 1703 136 44 fordra,
1440 1703 38 37 så
1497 1703 113 37 måste
1629 1704 166 50 tydligen
1816 1715 42 23 en
1879 1702 137 49 grund-

419 1761 338 49 lagsbestämmelse
786 1759 143 45 ändras,
958 1772 79 23 som
1067 1760 174 48 belägger
1269 1771 43 23 en
1342 1758 141 48 osedlig
1511 1757 107 36 skrift
1646 1757 83 37 med
1759 1755 113 46 straff,
1900 1760 120 32 endast

418 1813 38 37 så
495 1814 88 37 vida
624 1813 63 37 det
729 1814 71 35 kan
835 1812 257 50 ådagaläggas,
1120 1818 55 31 att
1202 1812 71 36 den
1302 1810 135 51 åsyftat
1465 1810 221 50 främjandet
1714 1810 42 36 af
1780 1816 52 30 ett
1860 1809 158 49 osedligt

418 1867 227 37 lefnadssätt.
701 1867 56 36 Då
799 1868 246 35 motionärens
1086 1865 137 50 förslag
1264 1866 60 35 till
1367 1865 120 36 denna
1520 1865 156 49 ändring
1704 1876 105 38 synes
1838 1864 180 36 utskottet

419 1934 89 23 vara
547 1921 47 50 på
634 1926 53 31 ett
727 1920 338 37 tillfredsställande
1099 1926 69 30 sätt
1196 1919 180 45 affattadt,
1405 1932 105 23 anser
1538 1920 54 48 sig
1620 1919 179 35 utskottet
1828 1918 88 36 böra
1944 1917 73 35 till-

418 1976 128 48 styrka
587 1975 203 36 detsamma
831 1975 10 35 i
876 1975 70 36 den
981 1973 107 46 form,
1117 1974 61 38 det
1207 1972 40 37 af
1273 1973 227 36 motionären
1529 1972 156 37 erhållit.
1743 1971 68 37 Att
1838 1983 87 24 man
1955 1970 62 36 vid

418 2029 245 36 bedömandet
690 2028 42 37 af
758 2029 237 49 brottslighet
1023 2029 64 35 hos
1114 2026 148 38 skrifter
1290 2026 41 37 af
1356 2040 51 23 nu
1436 2026 279 49 ifrågavarande
1744 2030 70 39 art,
1834 2024 105 36 äfven
1956 2037 61 22 om

419 2083 101 36 detta
562 2082 138 50 förslag
743 2088 159 44 antages,
930 2082 116 36 måste
1075 2081 91 36 fästa
1195 2081 198 48 väsentligt
1420 2080 170 36 afseende
1618 2080 62 36 vid
1709 2080 104 35 deras
1840 2077 108 50 syfte,
1977 2084 41 29 är

419 2137 102 35 klart
561 2136 115 45 deraf,
721 2142 55 30 att
804 2136 218 48 stadgandet
1055 2136 11 34 i
1100 2135 182 50 ingressen
1312 2135 59 35 till
1400 2134 18 49 $
1448 2136 22 35 3
1502 2132 515 51 tryckfrihetsförordningen,

418 2190 188 48 angående
651 2191 45 35 de
739 2189 172 50 grunder,
956 2202 78 23 som
1077 2189 101 36 skola
1223 2187 105 50 följas
1373 2188 62 35 vid
1479 2188 246 37 bedömandet
1753 2185 42 37 af
1820 2199 44 23 en
1893 2183 125 37 skrifts

419 2244 248 49 brottslighet,
695 2242 225 38 fortfarande
950 2243 167 36 kommer
1145 2248 55 31 att
1228 2242 100 49 gälla
1357 2240 108 38 äfven
1494 2239 58 38 för
1580 2240 107 37 skrift
1714 2239 41 37 af
1781 2240 68 35 den
1876 2237 141 37 beskaf-

418 2296 137 47 fenhet,
588 2310 77 24 som
694 2310 51 24 nu
775 2304 39 29 är
841 2298 12 34 i
881 2296 116 50 fråga.
