2228 2604
695 158 318 32 Bankoutskottets
1042 157 187 32 utlåtande
1260 157 51 31 Nr
1335 158 53 29 38.
1770 155 18 29 5

955 440 55 38 Nr
1041 436 64 62 35.

808 594 112 27 Ankom
941 594 39 26 till
1001 593 168 35 riksdagens
1189 593 92 27 kansli
1301 593 52 27 den
1374 596 15 23 6
1409 593 55 34 maj
1488 594 65 25 1922
1574 593 36 26 kl.
1632 593 31 32 !/2
1677 594 28 24 11
1728 593 16 25 f.
1766 603 34 16 m.

444 703 202 42 Utlåtande,
678 703 12 34 i
718 702 196 43 anledning
942 712 43 24 av
1013 700 138 45 Kungl.
1183 701 132 42 Maj:ts
1338 700 228 45 proposition
1595 701 79 34 med
1690 699 144 46 förslag

638 772 56 35 till
735 772 57 44 lag
835 772 182 44 angående
1059 772 72 33 rätt
1154 769 67 44 för
1261 769 206 45 Konungen
1508 772 52 32 att
1599 770 12 34 i
1639 770 94 34 vissa
1757 769 80 44 fall

636 841 150 35 inställa
830 840 280 45 tillämpningen
1153 850 44 23 av
1238 841 50 33 10
1315 838 25 46 $
1381 839 118 35 andra
1527 838 136 44 stycket
1691 839 12 34 i
1733 838 104 45 lagen

631 909 66 44 för
739 909 162 44 Sveriges
942 908 175 35 riksbank
1146 908 67 34 den
1254 910 50 32 12
1335 909 76 41 maj
1438 909 107 33 1897
1569 907 61 34 och
1660 919 42 23 av
1728 907 25 45 $
1773 908 64 34 91

642 978 104 46 lagen
774 989 54 24 om
856 978 110 35 rikets
994 979 101 42 mynt
1124 976 67 34 den
1220 977 50 33 30
1296 976 77 41 maj
1400 976 115 34 1873.

368 1082 14 35 I
421 1095 45 23 en
495 1081 56 37 till
579 1081 208 48 riksdagen
816 1081 157 47 avlåten,
1004 1079 72 36 den
1106 1080 47 35 28
1184 1078 93 49 april
1309 1079 96 35 1922
1436 1077 237 49 dagtecknad
1701 1090 136 36 propo-

239 1134 124 47 sition,
406 1148 43 22 nr
491 1135 86 47 254,
619 1133 128 36 vilken
789 1132 195 37 hänvisats
1014 1131 55 36 till
1099 1130 322 47 bankoutskottet,
1451 1130 68 36 har
1547 1129 142 49 Kungl.
1719 1129 117 49 Maj:t,

239 1186 117 36 under
385 1185 238 49 åberopande
652 1199 47 22 av
726 1185 284 49 propositionen
1038 1183 122 48 bilagt
1187 1182 140 48 utdrag
1354 1196 46 22 av
1427 1181 411 49 statsrådsprotokollet

240 1243 88 31 över
355 1236 288 38 finansärenden
672 1237 57 36 för
758 1249 144 24 samma
931 1236 87 48 dag,
1042 1234 198 49 föreslagit
1259 1233 202 49 riksdagen
1482 1238 56 32 att
1557 1238 140 44 antaga
1715 1233 122 37 nedan

239 1290 159 49 intagna
1706 1303 5 1 |

925 1439 237 49 Förslag

1012 1527 51 33 till

241 1636 59 41 lag
322 1635 180 42 angående
525 1635 77 33 rätt
623 1634 59 34 för
706 1634 201 41 Konungen
932 1633 54 33 att
1008 1634 14 31 i
1045 1633 95 33 vissa
1163 1632 67 33 fall
1246 1632 147 32 inställa
1408 1631 278 41 tillämpningen
1703 1640 41 24 av
1759 1618 80 55 108

294 1688 109 32 andra
426 1688 141 40 stycket
589 1687 14 32 i
625 1687 104 41 lagen
752 1687 58 32 för
833 1685 161 42 Sveriges
1016 1685 176 34 riksbank
1215 1685 67 33 den
1307 1684 41 32 12
1370 1683 71 43 maj
1467 1683 82 33 1897
1575 1683 66 33 och
1664 1692 41 25 av
1727 1683 18 43 $
1768 1683 21 32 9

614 1741 12 30 i
650 1740 104 41 lagen
778 1748 57 24 om
859 1739 116 33 rikets
998 1739 101 40 mynt
1121 1738 69 33 den
1213 1737 44 33 30
1279 1736 71 43 maj
1377 1736 94 33 1873.

371 1836 236 49 Härigenom
637 1836 198 37 förordnas
865 1849 81 23 som
976 1834 127 50 följer:

373 1888 71 37 Om
486 1888 134 36 sådant
662 1888 85 36 med
789 1888 147 49 hänsyn
978 1886 56 37 till
1067 1885 335 49 utomordentliga,
1431 1899 46 22 av
1504 1885 87 49 krig
1620 1884 220 37 föranledda

244 1940 260 38 förhållanden
532 1945 139 44 prövas
700 1939 312 49 oundgängligen
1041 1938 147 49 nödigt,
1218 1940 60 34 må
1305 1938 228 47 Konungen,
1562 1939 48 47 på
1639 1936 201 37 framställ-

243 1993 102 48 ning,
379 2006 47 23 av
466 1992 240 49 fullmäktige
734 1992 12 36 i
772 1991 231 37 riksbanken
1045 1991 70 36 och
1157 1990 94 37 efter
1288 1989 149 37 samråd
1468 1989 145 49 jämväl
1641 1988 83 37 med
1754 1988 85 36 full-

243 2045 170 48 mäktige
441 2044 12 35 1
480 2043 381 49 riksgäldskontoret,

372 2097 31 49 ej
448 2096 145 36 mindre
636 2096 59 36 för
736 2096 77 36 viss
855 2095 53 36 tid
947 2095 139 47 fritaga
1119 2093 231 38 riksbanken
1380 2094 81 36 från
1491 2094 72 36 den
1592 2093 121 48 enligt
1744 2094 46 35 10
1819 2091 21 50 $

245 2148 116 37 andra
389 2148 147 49 stycket
555 2148 20 36 i
603 2147 113 49 lagen
745 2147 58 37 för
832 2146 176 49 Sveriges
1026 2146 184 37 riksbank
1230 2146 72 36 den
1324 2147 44 35 12
1390 2146 74 48 maj
1490 2147 95 35 1897
1608 2144 232 37 riksbanken

245 2200 202 48 åliggande
489 2199 269 49 skyldigheten
799 2203 56 32 att
895 2198 121 37 inlösa
1057 2198 93 50 guld
1179 2199 11 35 i
1218 2198 138 50 plants,
1395 2210 80 24 som
1506 2198 58 36 för
1591 2196 249 38 riksbankens

244 2251 163 50 räkning
434 2252 56 36 till
519 2251 243 51 myntverket
790 2251 205 48 avlämnas,
