1892 2846
264 185 38 30 14
717 188 228 29 Statsutskottets
967 189 147 29 utlåtande
1135 190 48 27 Nr
1205 187 69 32 154.

933 429 58 41 Nr
1023 429 88 42 1854.

665 539 124 28 Ankom
813 539 48 28 till
884 540 187 37 riksdagens
1095 541 103 28 kansli
1222 542 60 27 den
1309 542 17 27 5
1349 543 70 36 juni
1445 543 79 28 1934
1548 544 42 27 kl.
1617 544 34 27 11
1677 544 21 28 f.
1715 553 40 19 m.

576 630 190 37 Utlåtande
803 631 14 35 i
853 632 192 49 anledning
1083 646 44 23 av
1164 634 132 47 Kungl.
1326 635 126 48 Maj:ts
1478 636 280 49 framställning

671 691 186 49 angående
892 693 127 48 anslag
1058 693 56 36 till
1149 700 130 30 statens
1304 695 280 44 farmacevtiska
1618 696 140 35 labora-

671 752 138 36 torium.

1537 805 60 42 (3:e
1620 806 85 41 avd.)

317 895 18 31 I
360 906 40 20 en
422 894 53 32 till
500 894 178 39 riksdagen
704 897 142 39 avlåten,
873 898 61 31 den
959 899 39 31 23
1024 898 148 32 februari
1199 900 83 31 1934
1309 901 205 37 dagtecknad
1540 902 214 38 proposition,

259 957 41 20 nr
320 946 71 38 162,
409 946 59 32 har
485 947 127 37 Kungl.
631 947 109 38 Maj:t,
759 949 106 31 under
881 949 205 38 åberopande
1103 961 42 20 av
1161 950 107 38 bilagt
1285 952 122 37 utdrag
1424 964 41 19 av
1482 953 272 38 statsrådsproto-

258 996 106 32 kollet
384 1002 74 27 över
478 997 244 33 socialärenden
743 999 54 31 för
817 1011 124 21 samma
960 1001 75 38 dag,
1057 1002 70 30 dels
1147 1001 164 33 förklarat
1332 1002 50 38 sig
1402 1003 82 37 vilja
1503 1003 148 32 inhämta
1671 1004 83 31 riks-

259 1047 124 38 dagens
405 1049 157 37 yttrande
585 1055 75 26 över
681 1052 47 30 ett
750 1050 57 32 vid
830 1051 243 37 propositionen
1096 1052 94 37 fogat
1213 1052 128 39 förslag
1361 1054 53 31 till
1436 1054 197 38 kungörelse
1655 1056 99 37 angå-

258 1099 84 31 ende
365 1099 117 32 handel
507 1101 74 31 med
606 1100 259 33 farmacevtiska
887 1102 220 38 specialiteter
1131 1104 70 31 dels
1224 1105 59 31 ock
1309 1104 172 39 föreslagit
1504 1105 177 39 riksdagen
1705 1108 50 30 att

258 1150 55 31 till
340 1152 121 30 statens
487 1150 259 35 farmacevtiska
771 1153 234 32 laboratorium
1032 1154 53 32 för
1110 1154 197 38 budgetåret
1334 1154 179 40 1934/1935
1540 1178 44 2 —
1607 1157 11 30 i
1643 1157 111 32 stället

260 1200 53 32 för
341 1201 55 31 det
420 1201 11 31 1
457 1202 430 39 statsverkspropositionen
913 1205 121 32 äskade
1061 1208 91 29 extra
1179 1206 150 37 anslaget
1356 1218 40 20 av
1423 1208 118 38 24,500
1566 1208 120 32 kronor
1711 1229 43 3 —

259 1251 118 33 anvisa
396 1255 45 29 ett
460 1256 95 29 extra
575 1253 263 39 förslagsanslag
856 1267 41 19 av
918 1256 117 37 48,000
1055 1257 129 32 kronor.

315 1302 263 38 Ifrågavarande
601 1305 204 37 proposition
827 1306 60 31 har
909 1306 52 32 för
983 1306 203 39 behandling
1209 1308 199 33 remitterats
1432 1309 52 32 till
1508 1310 247 32 statsutskottet

257 1353 12 31 1
294 1355 65 32 vad
384 1355 243 37 propositionen
652 1367 93 21 avser
770 1357 117 37 anslag
910 1357 53 31 till
988 1360 125 30 statens
1138 1358 257 33 farmacevtiska
1419 1361 245 33 laboratorium.

314 1437 118 38 Enligt
454 1440 64 32 vad
543 1440 363 38 statsrådsprotokollet
927 1441 137 39 utvisar,
1088 1443 60 30 har
1170 1442 339 40 medicinalstyrelsen
1532 1445 160 32 beräknat
1715 1446 39 31 de

258 1488 54 33 för
334 1490 256 37 genomförande
612 1503 41 20 av
675 1492 55 31 det
752 1492 137 38 förslag,
912 1504 111 20 varom
1046 1494 12 30 i
1080 1494 246 37 propositionen
1349 1500 36 26 är
1406 1495 106 39 fråga,
1537 1496 217 38 erforderliga

258 1539 220 34 kostnaderna
500 1541 54 32 till
580 1543 116 37 34,000
718 1542 132 39 kronor,
874 1543 111 32 vartill
1008 1544 108 32 skulle
1138 1545 132 32 komma
1294 1546 95 37 6,000
1411 1546 120 32 kronor
1555 1547 51 32 för
1628 1547 125 32 oförut-

258 1591 102 32 sedda
383 1592 149 39 utgifter,
557 1593 72 31 däri
650 1592 188 39 inbegripet
861 1594 52 32 lön
935 1595 59 31 och
1017 1595 257 39 dyrtidstillägg
1295 1596 54 32 till
1371 1599 46 30 ett
1439 1598 245 38 vetenskapligt
1705 1599 48 32 bi-

258 1642 105 39 träde,
385 1654 67 20 som
474 1644 180 33 eventuellt
675 1644 197 38 ytterligare
894 1645 106 32 skulle
1022 1646 166 32 erfordras
1211 1648 20 31 å
1251 1647 222 34 laboratoriet.

313 1725 369 39 Departementschefen
705 1730 61 31 har
788 1729 12 31 i
824 1730 61 31 den
908 1742 43 19 nu
974 1730 229 38 föreliggande
1225 1731 122 38 frågan
1369 1733 111 32 anfört
1503 1733 160 38 följande:

316 1792 13 15 »
336 1777 358 41 Medicinalstyrelsens
715 1780 280 39 utgiftskalkyler
1016 1793 101 27 synas
1138 1783 68 37 mig
1226 1784 11 30 i
1259 1785 84 30 stort
1364 1786 63 30 sett
1447 1785 113 32 kunna
1580 1786 171 36 godtagas.

260 1828 48 33 De
331 1829 107 39 årliga
458 1830 189 39 utgifterna
667 1831 107 33 skulle
797 1832 125 33 således
944 1833 113 32 kunna
1080 1833 198 39 uppskattas
1300 1834 54 32 till
1378 1836 116 37 34,000
1518 1836 130 32 kronor.

316 1880 113 33 Såsom
452 1882 91 32 förut
565 1882 203 33 framhållits
792 1888 36 27 är
851 1885 54 31 det
927 1884 185 39 meningen,
1135 1886 49 31 att
1206 1886 95 32 dessa
1322 1886 142 38 utgifter
1484 1887 12 31 i
1519 1889 234 30 överensstäm-

259 1931 100 32 melse
377 1933 71 31 med
467 1933 254 33 föreskrifterna
738 1934 12 31 i
768 1933 19 38 8
805 1935 19 31 9
844 1935 361 38 apoteksvarustadgan
1222 1936 94 32 skola
1333 1937 151 32 bekostas
1503 1950 41 19 av
1562 1938 191 38 inflytande

259 1982 156 37 avgifter.
450 1983 216 33 Verkställda
688 1984 223 39 beräkningar
934 1986 78 37 giva
1035 1987 58 32 vid
1118 1987 139 38 handen,
1282 1990 52 29 att
1357 1989 280 37 specialiteternas
1662 1990 90 32 antal

259 2032 108 33 första
386 2034 68 31 året
474 2034 87 32 efter
580 2046 39 20 en
638 2036 195 37 genomförd
852 2037 143 31 kontroll
1016 2037 66 32 kan
1104 2040 136 35 antagas
1261 2039 132 31 komma
1412 2042 50 29 att
1480 2041 114 37 uppgå
1614 2040 53 33 till
1687 2052 65 20 om-

258 2083 101 39 kring
383 2085 103 38 2,200,
511 2085 146 32 varefter
681 2097 38 20 en
743 2086 126 38 ökning
891 2099 39 19 av
953 2087 123 32 inemot
1101 2089 61 31 100
1186 2100 50 20 om
1262 2090 71 31 året
1354 2091 92 31 torde
1468 2091 113 32 kunna
1605 2093 146 30 emotses.

260 2134 76 33 Med
362 2134 128 39 hänsyn
518 2136 116 31 härtill
660 2136 110 33 skulle
795 2149 39 20 en
861 2138 86 37 årlig
973 2138 113 38 avgift
1111 2150 41 20 av
1180 2140 37 31 15
1244 2140 122 32 kronor
1392 2153 80 20 vara
1498 2142 176 38 tillfyllest
1699 2142 53 31 för

258 2185 162 33 täckande
439 2197 41 20 av
501 2186 229 34 kostnaderna.
765 2187 76 33 Vad
863 2189 102 37 angår
987 2189 402 41 ansökningsavgifterna,
1412 2204 67 20 som
1501 2193 173 38 samtidigt
1695 2198 56 27 äro

255 2238 51 30 att
327 2247 77 21 anse
424 2237 105 31 såsom
552 2237 145 37 avgifter
718 2238 53 32 för
792 2238 107 33 första
918 2239 312 40 registreringsåret,
1251 2243 95 31 torde
1366 2243 40 32 de
1425 2243 79 32 böra
1525 2246 103 30 sättas
1649 2245 100 37 något

256 2286 103 38 högre
381 2292 40 27 än
444 2287 254 39 årsavgifterna,
721 2289 196 38 förslagsvis
938 2290 53 32 till
1016 2292 41 30 20
1078 2290 128 35 kronor.
1240 2293 18 31 I
1280 2293 99 38 fråga
1399 2305 49 21 om
1472 2294 86 33 båda
1581 2295 94 32 dessa
1695 2307 55 20 av-

256 2337 106 36 gifter
383 2338 52 32 får
455 2338 67 38 jag,
547 2339 86 32 efter
653 2340 131 32 samråd
808 2341 74 32 med
905 2340 114 33 chefen
1043 2341 53 32 för
1118 2342 381 41 finansdepartementet,
1523 2346 12 31 i
1558 2345 193 38 anslutning

256 2388 53 32 till
332 2390 64 31 vad
417 2390 12 31 i
450 2390 61 31 den
531 2388 55 34 till
609 2390 237 32 statskontoret
866 2392 58 31 och
945 2391 391 40 riksräkenskapsverket
1356 2396 248 33 utremitterade
1624 2408 125 26 prome-

256 2439 129 32 morian
408 2439 11 32 i
440 2439 107 33 första
568 2440 87 33 hand
681 2441 191 38 föreslagits
896 2442 58 32 och
977 2454 41 20 av
1041 2443 248 33 ämbetsverken
1312 2445 194 39 tillstyrkts,
1532 2447 142 38 förorda,
1700 2449 50 30 att

585 2492 8 9 o

255 2489 40 32 de
318 2490 53 32 må
394 2492 163 36 upptagas
580 2503 19 20 å
620 2491 196 33 riksstatens
839 2492 227 33 inkomstsida.
1100 2494 161 34 Närmare
1285 2496 127 38 förslag
1432 2497 203 32 härutinnan
1656 2499 93 31 torde
