2176 2658
129 1544 158 24 Nuvarande

131 1580 151 30 tullagstift-

171 1615 71 30 ning.

360 218 41 30 30
737 209 362 42 Bevillningsutskottets
1125 206 205 32 Betänkande
1355 205 61 31 N:o
1439 206 51 30 35.

318 294 155 48 erbjöde
516 296 57 33 ett
601 298 94 30 nära
723 291 62 36 till
813 290 122 35 hands
962 288 182 47 liggande
1174 285 171 46 exempel
1373 286 50 44 på
1451 283 72 35 den
1550 281 195 46 betydelse
1774 293 45 22 en
1847 279 66 35 fri-

316 345 375 46 hamnsanläggning
718 343 98 46 ägde
844 342 60 35 för
930 340 203 47 sjöfartens
1161 336 236 47 utveckling.

446 397 393 36 Handelskammaren
879 393 115 35 funne
1037 391 170 43 sålunda,
1250 391 71 42 att,
1358 399 90 24 vare
1476 386 57 46 sig
1560 397 90 23 man
1679 387 88 43 såge
1796 383 118 36 saken

318 464 47 22 ur
405 449 196 44 handelns,
643 446 233 36 industriens
910 445 90 34 eller
1027 443 202 46 sjöfartens
1257 439 209 47 synpunkt,
1497 435 352 47 återupptagandet
1877 434 42 36 af

318 503 136 45 frågan
495 513 61 23 om
599 499 165 35 frihamn
808 497 72 36 och
907 496 157 45 frilager
1093 495 12 34 i
1133 493 151 46 Sverige
1312 494 122 32 måste
1462 489 125 36 hälsas
1614 487 86 35 med
1729 490 80 32 stor
1836 487 79 35 till-

318 552 280 39 fredsställelse.

448 604 184 35 Handels-
674 602 71 35 och
778 598 348 49 sjöfartsnämnden
1155 597 71 35 och
1253 594 385 36 handelskammaren
1666 591 13 34 i
1707 590 207 45 Göteborg,

319 657 134 36 hvilka
495 655 154 47 afgifvit
684 655 240 44 gemensamt
950 650 194 47 yttrande,
1174 647 114 36 hafva
1318 646 135 35 därvid
1479 644 119 36 bland
1626 646 118 32 annat
1773 641 144 35 uttalat

322 711 73 34 den
429 708 113 45 åsikt,
572 709 60 33 att
660 703 377 46 förutsättningarna
1065 701 60 35 för
1154 699 218 36 drifvandet
1401 697 41 35 af
1464 696 167 35 frihamn
1662 694 71 36 och
1760 693 159 45 frilager

320 761 64 35 väl
411 772 89 24 vore
527 759 61 35 för
616 757 163 44 handen,
810 758 99 33 samt
937 757 59 32 att
1025 753 158 35 ärendet
1211 753 150 33 snarast
1389 748 153 46 möjligt
1568 747 119 35 borde
1702 745 217 45 föreläggas

322 812 302 37 statsmakterna
651 808 61 37 till
739 807 194 48 pröfning.

452 862 184 36 Handels-
665 860 71 36 och
773 857 350 48 sjöfartsnämnden
1151 855 13 34 i
1191 854 143 35 Malmö
1365 851 254 44 omförmäler,
1650 852 59 32 att
1737 851 183 42 återupp-

322 916 188 46 tagandet
551 914 41 35 af
615 913 203 35 frihamns-
848 910 72 36 och
946 907 313 48 frilagersfrågan
1294 905 12 35 i
1345 905 75 35 alla
1448 902 252 37 intresserade
1728 901 153 34 kretsar
1909 898 13 34 i

323 967 168 35 nämnda
510 966 86 35 stad
614 964 144 36 hälsats
778 963 88 35 med
881 964 139 33 största
1035 957 332 38 tillfredsställelse
1385 956 72 35 och
1471 955 118 35 väckt
1603 951 317 48 förhoppningar,

324 1022 61 33 att
412 1018 220 36 samhällets
661 1016 70 35 och
759 1016 84 34 dess
871 1011 311 47 näringsidkares
1210 1008 247 37 sträfvanden
1485 1006 121 35 under
1632 1007 140 43 många
1803 1006 42 32 år
1864 1002 61 35 för

324 1070 221 37 erhållande
575 1068 42 35 af
641 1080 46 23 en
714 1067 169 35 frihamn
908 1064 197 36 därstädes
1126 1061 198 45 ändtligen
1344 1059 123 36 skulle
1486 1058 85 36 leda
1590 1057 62 36 till
1672 1059 56 32 ett
1748 1055 174 35 resultat.

455 1121 186 46 Slutligen
668 1120 71 34 har
767 1118 113 35 äfven
909 1117 141 35 Skånes
1068 1113 187 44 handels-,
1276 1111 182 36 industri-
1479 1110 73 35 och
1571 1107 354 48 sjöfartskammare

327 1174 146 36 uttalat
513 1173 58 34 sin
613 1175 104 32 stora
757 1167 333 38 tillfredsställelse
1133 1165 104 35 öfver
1279 1166 60 33 att
1366 1161 294 47 ifrågavarande
1689 1159 60 35 för
1775 1158 151 35 landets

325 1225 141 36 handel
495 1224 72 36 och
594 1222 165 36 industri
788 1218 291 48 betydelsefulla
1107 1215 185 48 spörsmål
1321 1217 98 43 ånyo
1448 1212 200 47 upptagits
1676 1211 61 35 till
1756 1209 169 36 behand-

326 1278 94 45 ling,
455 1279 98 32 samt
582 1278 122 32 såsom
731 1273 59 35 sin
818 1271 199 36 bestämda
1046 1267 253 47 öfvertygelse
1328 1265 224 44 framhållit,
1583 1267 59 32 att
1671 1266 105 32 stora
1804 1261 121 35 förut-

328 1328 219 46 sättningar
587 1326 218 36 förefunnes
846 1323 61 36 för
948 1325 59 32 att
1048 1320 219 36 införandet
1310 1318 41 35 af
1375 1318 106 34 dessa
1508 1315 268 36 institutioner
1803 1312 123 36 skulle

328 1381 156 35 komma
525 1381 60 33 att
612 1380 194 33 motsvara
835 1375 111 35 äfven
973 1374 97 45 högt
1097 1372 140 36 ställda
1263 1369 309 46 förhoppningar
1599 1365 238 37 beträffande
1866 1372 60 28 ut-

329 1432 229 46 vecklingen
587 1430 40 35 af
651 1429 150 35 landets
829 1427 141 35 handel
998 1425 73 36 och
1098 1422 211 47 näringslif.

460 1534 108 35 Efter
596 1536 60 32 att
683 1532 160 35 sålunda
871 1530 114 35 hafva
1012 1527 199 47 redogjort
1229 1526 60 35 för
1309 1525 45 35 de
1374 1523 239 44 uttalanden,
1635 1534 80 23 som
1734 1521 12 34 i
1766 1520 163 35 hufvud-

332 1587 70 36 sak
427 1585 249 36 förekommit
702 1583 88 36 med
821 1582 172 35 afseende
1019 1583 21 32 å
1061 1580 46 35 de
1126 1580 104 34 inom
1249 1577 433 45 finansdepartementet
1701 1571 229 37 utarbetade

332 1639 201 46 förslagen,
577 1635 171 37 anhåller
784 1634 70 47 jag
895 1636 70 42 att,
1009 1632 120 35 innan
1165 1630 67 46 jag
1269 1628 178 46 öfvergår
1474 1627 61 35 till
1563 1638 46 23 en
1637 1637 105 23 mera
1770 1625 12 34 i
1811 1621 117 45 detalj

331 1690 148 47 gående
519 1687 242 47 redogörelse
802 1686 61 35 för
892 1686 44 34 de
964 1684 101 36 båda
1092 1680 464 47 författningsförslagens
1583 1676 182 44 innehåll,
1794 1675 38 35 få
1860 1673 71 35 här

332 1741 210 36 skärskåda
584 1740 46 35 de
657 1738 278 43 institutioner,
965 1748 81 23 som
1073 1737 70 32 vår
1169 1732 222 36 nuvarande
1420 1729 305 47 tullagstiftning
1753 1725 179 46 erbjuder

332 1794 60 35 för
420 1792 122 37 tullfri
570 1790 270 48 uppläggning
869 1789 70 35 och
966 1786 257 46 bearbetning
1250 1785 106 34 inom
1384 1783 131 35 landet
1544 1781 41 35 af
1600 1779 220 43 utländska,
1841 1777 90 34 tull-

332 1845 167 47 pliktiga
527 1855 124 24 varor.
706 1843 73 34 Det
807 1841 72 35 har
907 1839 193 46 nämligen
1129 1837 80 36 ofta
1236 1834 231 37 framhållits
1495 1837 124 31 såsom
1647 1835 57 32 ett
1743 1829 41 36 af
1799 1828 133 36 skälen

333 1899 105 33 emot
478 1895 192 47 frilagers-
708 1893 71 36 och
807 1889 524 38 frihamnsinstitutionernas
1358 1886 200 36 införande
1586 1885 13 34 i
1626 1886 87 32 vårt
1740 1880 103 44 land,
1874 1883 59 32 att

333 1952 69 31 vår
442 1946 305 47 tullagstiftning
773 1945 122 34 redan
923 1955 52 23 nu
1002 1943 13 33 i
1043 1940 213 46 tillräcklig
1283 1939 97 47 grad
1408 1937 154 47 erbjöde
1600 1933 203 48 möjlighet
1835 1932 98 35 både

334 2003 61 32 att
422 1998 161 37 tullfritt
611 1997 195 47 upplägga
834 2007 114 24 varor
974 1994 60 35 för
1061 1992 184 36 framtida
1274 1989 213 46 afsättning
1513 2000 90 23 vare
1632 1987 58 45 sig
1712 1987 110 32 utom
1842 1984 92 35 eller

334 2052 105 34 inom
479 2051 134 35 landet
655 2049 71 36 och
759 2051 60 32 att
847 2047 65 35 vid
939 2044 255 46 tillverkning
1219 2043 60 36 för
1307 2044 140 45 export
1475 2040 42 36 af
1540 2051 125 31 varor,
1693 2035 61 36 för
1781 2035 152 36 hvilkas

333 2102 289 36 framställande
651 2100 191 36 erfordras
869 2097 203 37 utländskt
1095 2095 239 47 tullpliktigt
1352 2092 189 45 material,
1561 2090 131 45 undgå
1710 2087 223 47 tullumgöl-

335 2155 69 34 der
434 2153 59 35 för
532 2153 103 36 hvad
676 2152 161 35 sålunda
877 2153 121 32 måste
1039 2148 241 46 importeras.
1336 2146 54 34 De
1418 2148 176 42 utvägar,
1624 2152 80 24 som
1730 2139 205 46 härvidlag

336 2212 67 30 äro
432 2208 58 32 att
517 2208 93 43 taga
637 2205 13 34 i
667 2203 272 43 betraktande,
961 2207 81 30 äro:
1064 2199 192 46 nederlag,
1278 2196 300 46 transitupplag,
1607 2191 328 47 provianterings-

335 2258 159 44 frilager
521 2256 73 35 och
621 2254 312 38 tullrestitution.

464 2308 17 34 I
520 2306 160 37 främsta
718 2308 171 34 rummet
928 2307 125 33 möter
1095 2314 59 24 oss
1193 2298 442 50 nederlagsinstitutionen,
1679 2307 61 23 om
1776 2294 160 35 hvilken

337 2359 176 49 gällande
541 2358 287 36 bestämmelser
856 2356 212 36 meddelats
1096 2355 12 34 i
1137 2354 140 45 nådiga
1304 2351 240 45 tullstadgan
1573 2348 71 35 den
1677 2350 16 31 1
1720 2347 73 45 juli
1825 2347 110 41 1904,
