2228 2650
658 161 360 42 Bevillningsutskottets
1040 163 212 31 Betänkande
1275 164 60 31 N:o
1357 165 56 31 29.
1775 165 19 31 9

1190 242 208 50 Transport
1424 243 141 37 kronor
1594 245 240 47 78,450,000.

236 343 176 48 grunden
438 342 100 37 varit
566 342 59 37 för
651 343 79 36 viss
758 343 55 36 tid
841 342 231 50 medgifven,
1102 345 12 36 i
1141 345 95 48 följd
1255 345 137 37 hvaraf
1406 346 171 37 tillverk-

236 394 270 49 ningsskatten
535 394 65 37 vid
628 394 112 37 dessa
767 398 127 45 utgått
923 396 86 36 med
1037 396 106 49 lägre
1172 397 157 49 belopp;
1351 411 85 23 men
1452 398 126 37 denna

237 446 160 46 förmån,
427 460 80 23 som
538 445 59 38 för
623 447 235 36 närvarande
888 448 169 48 åtnjutes
1077 448 42 36 af
1129 448 449 51 fabrikerna
1360 441 24 62 i
1403 448 175 51 Köpinge,

237 498 233 49 Karpalund,
512 497 120 37 Roma
667 498 70 37 och
770 498 244 49 Karlshamn,
1043 500 150 49 upphör
1222 501 58 36 för
1307 501 45 36 de
1379 506 58 32 tre
1465 502 112 36 först-

236 550 165 36 nämnda
428 549 216 37 fabrikerna
672 550 74 36 den
777 552 18 34 1
826 551 216 49 september
1069 552 255 36 innevarande
1352 556 40 33 år
1420 553 70 37 och
1519 553 60 37 för

235 601 174 37 fabriken
452 601 13 36 i
505 601 243 48 Karlshamn,
785 602 67 37 der
879 602 152 50 utbytet
1058 603 118 37 under
1205 606 89 34 åren
1325 605 252 37 1898—1900

239 653 100 37 skall
365 652 187 38 beräknas
581 653 94 37 efter
704 655 58 46 9,5
793 659 169 44 procent,
992 654 74 37 den
1098 657 17 34 1
1147 656 216 48 september
1393 658 110 36 1900.

365 704 297 50 Ifrågavarande
703 705 277 49 statsinkomst,
1024 720 80 23 som
1145 707 12 36 i
1201 709 97 35 1898
1336 711 59 33 års
1423 708 156 38 riksstat

235 755 174 51 uppförts
450 756 87 37 med
579 758 204 46 8,000,000
824 757 148 49 kronor,
1016 758 236 38 beräknades
1280 760 41 36 af
1345 773 144 23 samma
1517 764 59 33 års

235 808 170 50 Riksdag
445 808 60 37 för
546 810 41 34 år
629 810 96 35 1899
765 808 59 37 till
853 811 203 46 9,000,000
1084 810 154 46 kronor;
1268 811 69 37 och
1364 812 68 36 har
1460 817 115 32 stats-

234 859 190 47 kontoret,
453 860 120 36 under
599 860 187 37 förmälan
814 866 55 31 att
888 861 269 49 minskningen
1184 863 13 35 i
1221 863 215 37 inkomsten
1456 864 121 37 under

236 914 41 33 år
321 912 95 36 1898
457 911 84 37 icke
582 911 105 37 torde
728 912 93 37 böra
861 912 193 37 föranleda
1081 919 55 31 att
1164 914 224 37 härutinnan
1419 915 158 49 vidtaga

234 966 130 45 någon
391 963 174 48 ändring,
594 963 190 49 hemstält,
813 969 57 31 att
895 978 145 23 samma
1059 964 210 51 beräkning
1288 969 114 34 måtte
1421 967 37 36 få
1473 968 103 48 gälla

233 1014 113 37 äfven
386 1015 58 36 för
486 1018 41 33 år
571 1016 108 35 1900.
735 1015 18 36 I
794 1015 169 49 enlighet
1005 1017 85 36 med
1119 1017 123 37 denna
1279 1019 296 38 statskontorets

234 1066 227 37 hemställan
502 1066 70 37 har
611 1067 142 48 Kongl.
792 1067 109 49 Maj:t
940 1068 13 36 i
988 1068 185 50 förslaget
1199 1069 58 37 till
1286 1070 290 51 statsreglering

237 1118 58 36 för
335 1118 316 37 nästkommande
693 1122 41 33 år
775 1119 175 50 upptagit
988 1120 293 50 ifrågavarande
1310 1122 265 38 statsinkomst

234 1169 61 37 till
324 1171 202 47 2,000,000
554 1170 150 37 kronor.

365 1221 18 36 I
422 1221 119 37 likhet
568 1222 85 36 med
682 1222 277 37 statskontoret
986 1237 112 23 anser
1120 1225 199 47 utskottet,
1348 1231 54 30 att
1430 1226 143 36 minsk-

233 1272 143 49 ningen
402 1273 13 36 1
440 1273 214 36 inkomsten
682 1274 42 35 af
747 1273 288 49 ifrågavarande
1056 1275 205 37 skattetitel
1284 1276 117 37 under
1416 1280 41 33 år
1475 1279 97 35 1898

233 1324 84 36 icke
332 1324 68 36 bör
417 1324 195 36 föranleda
631 1325 251 48 nedsättning
900 1326 13 35 i
931 1326 262 48 beräkningen
1213 1327 110 37 deraf
1332 1328 58 36 för
1404 1331 40 34 år
1463 1330 109 35 1900.

233 1374 171 38 Orsaken
432 1375 58 37 till
517 1376 253 48 nyssberörda
798 1377 220 49 minskning
1036 1378 107 37 torde
1163 1378 106 49 ligga
1293 1379 12 36 i
1324 1379 72 37 den
1412 1393 159 35 synner-

232 1426 105 49 ligen
378 1440 118 35 svaga
525 1427 162 37 skörden
716 1428 42 36 af
780 1428 189 37 hvitbetor
990 1429 179 37 nästlidet
1193 1434 41 32 år
1257 1431 71 36 och
1353 1436 40 31 är
1414 1431 159 37 sålunda

234 1479 41 35 af
297 1478 170 50 tillfällig
494 1485 122 30 natur.
658 1479 140 37 Härtill
825 1480 183 48 kommer,
1037 1486 55 31 att
1120 1480 81 38 från
1229 1482 70 37 och
1318 1483 86 36 med
1422 1484 148 36 instun-

233 1530 122 37 dande
383 1530 332 49 tillverkningsårs
744 1532 145 48 början,
918 1533 72 36 den
1023 1535 17 34 1
1072 1533 214 49 september
1316 1534 256 38 innevarande

233 1585 52 44 år,
316 1582 134 36 endast
478 1595 48 24 en
554 1582 134 47 fabrik,
717 1584 193 48 nemligen
930 1584 72 36 den
1025 1585 12 36 i
1056 1585 239 49 Karlshamn,
1316 1599 89 36 eger
1424 1588 148 48 åtnjuta

233 1633 248 49 nedsättning
521 1634 13 35 i
575 1634 420 50 utbytesberäkningen
1032 1637 70 35 och
1129 1637 439 50 tillverkningsafgiften.

230 1684 58 37 Då
316 1685 342 49 betafverkningen
686 1686 131 49 hvarje
847 1690 41 33 år
913 1687 60 36 till
1001 1692 141 32 största
1169 1688 111 37 delen
1308 1689 158 37 afslutas
1490 1690 79 37 före

232 1736 198 37 december
458 1737 157 36 månads
642 1741 150 45 utgång
816 1743 109 42 samt,
955 1741 125 34 såsom
1110 1739 114 37 ofvan
1238 1745 163 43 nämnts,
1416 1741 153 49 utbytet

232 1788 85 36 från
346 1788 70 37 och
444 1788 86 37 med
558 1788 73 36 den
662 1791 17 34 1
711 1789 211 48 september
952 1791 98 35 1900
1079 1790 95 37 skall
1197 1792 143 48 jemväl
1362 1792 63 36 vid
1444 1792 125 37 denna

230 1839 122 36 fabrik
386 1839 187 37 beräknas
602 1840 120 48 enligt
750 1840 71 37 den
849 1841 12 35 i
889 1841 204 37 allmänhet
1120 1842 178 49 gällande
1326 1844 123 48 grund
1478 1844 92 37 eller

234 1892 82 46 10,5
359 1896 167 43 procent,
555 1890 77 37 kan
658 1892 164 36 nämnda
849 1892 149 37 förmån
1027 1893 83 37 icke
1139 1894 246 50 synnerligen
1413 1896 157 36 inverka

230 1944 49 46 på
320 1942 71 36 den
432 1942 121 37 under
588 1946 40 33 år
658 1945 98 35 1900
784 1944 85 36 från
896 1944 286 49 ifrågavarande
1211 1946 123 37 fabrik
1361 1947 207 49 inflytande

230 1992 162 37 skatten.

356 2096 51 35 På
434 2095 125 49 grund
583 2096 41 36 af
647 2096 100 36 hvad
776 2097 156 37 sålunda
960 2098 148 37 anförts
1136 2099 219 56 hemställer
1348 2100 222 56 utskottet,
1656 2154 169 3 a

1176 2167 209 50 Transport
1411 2168 141 37 kronor
1583 2170 238 47 78,450,000.

318 2238 72 33 Bih.
415 2240 51 31 till
489 2240 110 32 Riksd.
624 2240 87 33 Prot.
737 2242 97 31 1899.
884 2244 19 29 5
930 2242 100 31 Saml.
1052 2244 18 29 1
1092 2243 75 40 Afd.
1195 2245 48 30 28
1265 2244 92 40 Häft.
1760 2245 19 30 2
