1906 2852
517 190 318 31 Bankoutskottets
865 190 187 31 utlåtande
1083 190 52 31 Nr
1158 190 51 30 32.
1524 191 32 28 11

103 278 55 20 ars
182 269 134 35 riksdag
343 268 148 36 beviljad
513 268 89 35 årlig
626 268 137 36 pension
787 269 21 29 å
831 268 62 29 500
918 268 125 30 kronor
1066 267 208 37 (riksdagens
1298 268 162 31 skrivelse
1482 278 40 21 nr
1533 269 72 33 299,

104 320 108 35 punkt
248 320 66 40 17);
348 322 50 29 att
434 320 68 31 han
525 320 121 31 avlidit
669 320 63 30 den
757 320 40 30 30
821 319 181 31 november
1027 320 99 34 1923;
1150 321 49 30 att
1221 321 124 34 änkan,
1370 330 72 21 som
1465 323 39 28 är
1528 320 75 31 född

103 372 63 30 den
191 373 38 30 11
255 373 69 35 maj
349 373 94 34 1864,
468 372 53 30 till
545 372 82 36 följd
652 382 41 20 av
718 372 138 30 kronisk
882 371 360 36 ledgångsreumatism
1265 372 60 31 och
1348 373 130 30 allmän
1504 373 101 30 kraft-

103 424 214 36 nedsättning
355 427 38 28 är
432 425 192 34 oförmögen
662 426 48 28 att
745 433 116 26 genom
898 423 111 31 arbete
1044 423 142 36 försörja
1217 424 66 35 sig;
1317 425 51 30 att
1393 425 10 29 i
1427 424 74 31 boet
1523 425 82 30 efter

101 476 190 31 Johansson
315 476 72 31 ieke
411 476 133 30 funnits
568 477 106 34 några
697 476 200 35 tillgångar;
921 475 60 31 och
1005 476 48 30 att
1076 476 113 30 änkan
1214 476 59 30 har
1297 477 50 29 tre
1365 486 116 20 vuxna
1498 478 105 33 söner,

102 528 93 30 vilka
219 528 186 30 emellertid
429 528 71 30 icke
525 528 114 30 kunna
666 528 68 29 helt
758 527 143 35 försörja
925 527 153 35 modern;
1102 529 87 28 samt

144 581 50 29 att
232 579 82 31 Carl
349 579 140 36 August
523 578 183 32 Molander
740 578 157 31 anställts
921 578 56 31 vid
1002 578 157 31 faktoriet
1181 579 63 30 den
1268 580 39 30 27
1332 580 75 35 juni
1433 580 99 34 1898;
1555 581 48 29 att

101 632 67 30 han
203 631 121 31 avlidit
359 631 63 31 den
458 633 18 28 4
501 631 136 36 augusti
661 631 100 34 1908;
785 632 48 29 att
856 631 125 34 änkan,
1006 641 70 20 som
1098 633 39 28 är
1161 631 77 30 född
1262 631 63 31 den
1351 632 18 30 7
1394 641 90 21 mars
1508 632 94 35 1858,

100 683 54 30 till
189 683 83 36 följd
304 693 44 21 av
383 684 149 30 invärtes
559 683 156 36 sjukdom
738 685 38 28 är
799 682 194 36 oförmögen
1017 684 48 28 att
1089 692 119 26 genom
1232 685 71 33 eget
1327 683 112 30 arbete
1463 684 138 35 försörja

99 736 66 35 sig;
188 737 159 29 ävensom
371 737 50 29 att
443 736 67 31 hon
533 738 38 28 är
594 735 166 31 medellös.

143 788 215 30 Beträffande
395 787 222 36 utredningen
654 788 10 30 i
699 788 111 34 övrigt
839 787 53 31 får
917 787 161 30 utskottet
1102 787 143 30 hänvisa
1268 788 53 30 till
1347 788 255 35 propositionen.

143 891 71 31 Mot
238 892 129 35 Kungl.
393 892 114 35 Maj:ts
530 892 135 35 förslag,
689 892 12 29 i
726 891 62 30 vad
821 891 54 30 det
899 901 97 20 avser
1018 891 177 35 pensioner
1218 892 35 30 åt
1276 892 154 30 änkorna
1457 893 143 30 Anders-

98 953 70 25 son,
203 943 167 36 Hansson,
406 943 168 35 Hedlund,
610 943 144 31 Jansson
778 943 61 30 och
862 942 204 36 Johansson,
1090 943 62 30 har
1175 943 171 36 utskottet,
1370 944 76 31 med
1469 944 131 37 hänsyn

97 995 54 30 till
174 995 143 37 tidigare
341 1005 43 21 av
408 995 180 36 riksdagen
611 995 125 31 fattade
759 995 109 31 beslut
891 995 208 31 beträffande
1124 995 181 31 understöd
1328 996 273 32 åtefterlevande

98 1048 54 30 till
175 1048 149 30 arbetare
360 1048 58 30 vid
453 1046 79 32 Carl
555 1047 140 31 Gustafs
723 1047 91 31 stads
837 1047 259 36 gevärsfaktori,
1122 1047 72 31 icke
1218 1048 102 35 något
1342 1050 50 29 att
1415 1049 123 31 erinra.
1585 1050 17 29 I

96 1101 98 35 fråga
217 1110 54 21 om
293 1100 116 31 änkan
433 1100 82 31 Alm
538 1100 62 30 har
623 1100 171 35 utskottet,
818 1099 43 31 då
884 1099 68 31 hon
976 1099 117 32 endast
1117 1102 38 28 är
1180 1101 39 29 42
1243 1104 39 27 år
1305 1101 162 36 gammal,
1485 1102 115 31 funnit

97 1152 177 36 tveksamt,
299 1152 173 31 huruvida
494 1153 138 35 pension
655 1152 99 31 borde
778 1152 135 31 beredas
936 1152 123 35 henne;
1083 1162 78 21 men
1177 1152 75 31 med
1265 1153 133 36 hänsyn
1411 1154 54 30 till
1478 1154 124 31 hennes

97 1205 157 35 sjukdom
278 1205 62 30 och
363 1204 42 32 då
429 1205 67 30 hon
519 1205 63 30 har
605 1206 60 29 två
688 1204 229 36 minderåriga
941 1204 85 31 barn
1049 1206 50 29 att
1115 1205 154 36 försörja,
1280 1205 61 31 har
1354 1206 163 31 utskottet
1530 1207 71 31 icke

96 1257 91 31 velat
225 1258 159 30 motsätta
422 1258 53 35 sig
513 1257 54 31 det
600 1267 43 20 av
667 1257 130 35 Kungl.
822 1256 100 36 Maj:t
946 1257 189 35 föreslagna
1159 1257 224 31 understödet.
1430 1259 76 31 Vad
1529 1261 73 29 åter

96 1309 160 31 beträffar
294 1310 115 30 änkan
444 1309 186 36 Molander,
666 1309 62 30 vill
764 1309 162 30 utskottet
960 1309 193 36 framhålla,
1186 1311 60 34 att,
1269 1311 43 35 på
1335 1312 67 29 sätt
1425 1321 44 21 av
1493 1313 108 30 utred-

95 1362 127 35 ningen
246 1362 162 35 framgår,
431 1361 129 31 dennas
584 1371 79 20 man
687 1361 115 31 endast
825 1361 109 30 under
958 1361 39 30 10
1021 1362 57 29 års
1101 1361 50 31 tid
1173 1362 81 30 åren
1278 1362 215 32 1898—1908
1510 1365 91 30 varit

94 1413 147 31 anställd
265 1413 60 31 vid
350 1413 167 31 faktoriet.
562 1413 69 31 Vid
665 1413 120 31 sådant
814 1413 211 31 förhållande
1048 1413 65 31 har
1136 1413 161 32 utskottet
1320 1416 111 29 ansett
1454 1416 51 36 sig
1529 1417 72 30 icke

97 1466 118 30 kunna
238 1465 184 37 tillstyrka,
446 1467 50 29 att
519 1466 139 36 pension
681 1475 42 21 av
747 1465 190 31 statsmedel
962 1465 132 32 beredes
1118 1466 116 31 henne.

138 1518 117 31 Under
278 1518 206 36 åberopande
507 1528 43 21 av
574 1518 54 31 det
651 1518 141 31 anförda
817 1518 53 30 får
893 1517 162 31 utskottet
1078 1518 190 37 hemställa,

538 1607 48 29 att
620 1605 189 35 riksdagen,
846 1605 11 30 i
892 1605 186 36 anledning
1112 1616 45 20 av
1181 1605 130 37 Kungl.
1336 1606 118 37 Maj:ts
1477 1608 123 36 ifråga-

496 1657 148 32 varande
678 1657 216 36 proposition,
918 1658 56 30 må
997 1657 170 36 medgiva,
1191 1659 51 30 att
1264 1668 105 21 envar
1392 1670 45 20 av
1461 1660 138 31 faktori-

493 1710 175 31 arbetaren
706 1708 79 33 Carl
824 1709 88 31 Axel
947 1710 98 30 Alms
1080 1710 90 31 änka
1204 1711 103 30 Anna
1336 1711 148 31 Matilda
1507 1712 91 36 Alm,

495 1762 79 32 född
597 1762 204 36 Andersson,
826 1762 90 30 förre
940 1762 305 31 faktoriarbetaren
1269 1763 92 31 Sven
1384 1764 123 31 Gustaf
1530 1766 69 30 An-

494 1815 151 31 derssons
667 1815 91 30 änka
781 1815 159 35 Augusta
963 1814 152 32 Josefina
1138 1815 203 36 Andersson,
1366 1816 80 31 född
1469 1817 129 31 Heller-

496 1867 98 36 stedt,
630 1867 86 31 förre
744 1867 304 31 faktoriarbetaren
1073 1867 134 31 Anders
1230 1868 177 31 Hanssons
1430 1870 89 30 änka
1542 1870 56 32 Jo-

493 1920 114 31 hanna
643 1920 168 35 Hansson,
847 1919 80 32 född
961 1919 184 36 Ersdotter,
1180 1920 90 31 förre
1293 1921 304 32 faktoriarbetaren

493 1972 77 32 Carl
605 1973 138 36 August
765 1972 179 31 Hedlunds
966 1972 90 30 änka
1080 1972 104 31 Anna
1206 1972 91 31 Sofia
1321 1973 173 38 Hedlund,
1519 1975 78 31 född

493 2024 202 36 Andersson,
719 2024 362 36 besiktningsmannen
1106 2024 64 32 Per
1194 2025 123 31 Viktor
1328 2025 168 32 Janssons
1508 2028 88 31 änka

492 2077 160 31 Johanna
675 2076 150 32 Josefina
849 2077 159 36 Jansson,
1032 2077 80 31 född
1136 2077 151 36 Sjöberg,
1311 2080 91 29 samt
1422 2079 89 31 förre
1528 2080 69 30 fak-

493 2129 244 31 toriarbetaren
771 2128 78 32 Carl
883 2129 86 30 Erik
992 2129 210 31 Johanssons
1225 2130 91 30 änka
1339 2129 177 33 Charlotta
1540 2132 58 31 Al-

492 2181 130 31 bertina
657 2181 203 36 Johansson,
897 2181 78 31 född
1008 2181 212 37 Gustafsson,
1255 2183 56 30 må
1335 2183 78 31 från
1437 2184 61 31 och
1523 2185 73 31 med

491 2233 64 31 den
594 2235 18 29 1
652 2234 137 36 januari
824 2234 84 30 1924
944 2233 108 32 under
1086 2234 53 31 sin
1173 2235 210 31 återstående
1407 2236 128 37 livstid,
1560 2240 36 28 så

492 2286 97 36 länge
613 2286 67 31 hon
713 2286 165 31 förbliver
901 2287 11 30 i
935 2286 58 31 sitt
1016 2286 198 32 nuvarande
1236 2287 200 37 änkestånd,
1461 2289 134 32 komma

491 2339 10 30 i
536 2339 200 36 åtnjutande
769 2349 45 20 av
845 2339 90 36 årlig
958 2339 137 36 pension
1118 2340 21 30 å
1161 2339 174 31 allmänna
1360 2341 236 38 indragnings-

491 2393 107 29 staten
622 2391 54 31 till
699 2391 119 36 belopp
841 2401 44 21 av
910 2391 186 32 trehundra
1120 2392 134 31 kronor.

1658 895 133 26 Utskottet.
