2172 2687
1758 230 39 32 23

385 296 49 33 En
471 299 51 32 del
554 299 36 32 af
617 300 61 33 här
715 302 224 41 specificerade
971 304 121 34 lokaler
1115 308 55 31 äro
1197 307 95 42 något
1320 310 102 31 större
1446 312 39 30 än
1508 310 85 33 hvad
1616 323 67 21 som
1706 313 11 31 i
1743 325 97 21 nuva-

255 350 99 32 rande
377 350 262 43 stallbyggnader
660 352 176 42 förefinnes,
860 367 70 21 men
953 356 49 32 för
1025 361 46 29 ett
1093 359 131 32 vackert
1254 360 206 43 bebyggande
1483 362 35 32 af
1542 368 160 36 qvarteret
1727 365 113 34 blifver

255 402 194 42 nödvändigt
472 407 49 28 att
543 404 96 42 lägga
660 408 36 29 ut
719 407 49 41 sig
789 407 104 42 något,
917 408 60 32 och
999 410 41 31 då
1063 410 73 33 hela
1163 416 177 37 qvarterets
1368 415 189 40 gränslinier
1582 417 162 42 uppfylles
1768 419 72 32 med

255 453 39 32 de
331 454 33 32 få
399 455 206 43 tillökningar
632 468 65 21 som
723 458 105 33 blifvit
854 461 118 41 gjorda,
996 463 111 32 trodde
1130 464 57 41 jag
1212 465 69 31 icke
1305 465 72 32 skäl
1399 477 77 21 vara
1499 471 49 28 att
1571 467 151 34 förändra
1744 481 95 31 grup-

255 506 159 42 peringen,
453 507 10 32 i
495 508 173 42 synnerhet
696 519 68 23 som
793 511 164 34 lokalerna
983 517 77 29 utan
1083 515 107 33 tvifvel
1218 516 78 33 böra
1318 528 76 21 vara
1418 519 36 31 så
1476 522 88 29 stora
1588 531 67 22 som
1678 522 39 31 de
1740 523 19 31 3
1781 524 58 31 rit-

253 558 116 41 ningen
409 569 105 32 synas.
567 560 90 33 Hade
689 563 57 41 jag
780 563 121 33 kunnat
928 566 77 40 göra
1027 566 226 42 byggnaderna
1279 570 72 31 med
1374 580 124 23 samma
1524 572 82 33 mått
1630 583 67 22 som
1720 575 38 31 de
1781 586 58 20 nu-

253 611 139 31 varande
418 609 103 41 hafva,
545 612 37 32 så
603 613 83 33 hade
709 626 39 20 en
769 616 182 42 minskning
977 618 10 30 i
1010 618 312 42 byggnadssumman
1350 622 36 31 af
1400 623 137 39 202,400
1551 625 115 32 kronor
1681 627 157 40 uppstått.

380 662 185 33 Kostnaden
587 664 48 32 för
657 665 227 43 byggnaderna
907 669 98 42 enligt
1032 671 158 42 ritningen
1213 673 42 41 på
1276 674 265 41 Artilleriplanen
1564 676 130 42 belöper
1717 679 49 41 sig
1787 679 52 32 till

256 712 165 41 1,275,000
447 715 128 39 kronor;

380 767 59 32 och
462 767 48 32 för
532 768 227 42 byggnaderna
781 771 42 41 på
844 772 254 35 Kurkästomten
1120 776 100 41 enligt
1241 777 159 42 ritningen
1429 778 166 41 1,601,000
1617 781 123 33 kronor.

381 870 184 34 Stockholim
587 874 62 32 den
673 875 16 31 1
715 873 187 44 September
927 877 91 33 1876.

1246 981 106 34 Oskar
1377 984 154 34 Erikson.

960 1076 25 21 e.
1009 1076 26 22 o.
1060 1066 140 33 arkitekt
1222 1068 11 31 i
1259 1068 104 42 kongl.
1386 1069 447 37 öfver-intendents-embetet.
