2228 2692
425 226 38 31 12

377 310 52 32 till
460 309 114 32 endast
605 309 89 31 östra
724 307 133 32 fasaden
888 306 59 33 och
978 306 159 32 bodarnas
1170 305 89 31 antal
1285 305 53 31 till
1361 305 49 38 27,
1434 304 41 31 då
1497 304 177 32 kostnaden
1697 303 200 32 beräknades
1921 303 51 32 till

378 360 115 40 91,598
524 361 167 32 riksdaler.
743 360 98 32 Detta
864 370 112 21 senare
999 358 171 32 alternativ
1198 357 181 32 förklarade
1403 356 299 32 öfverståthållaren
1726 358 48 39 sig
1797 366 76 21 anse
1897 366 76 21 vara

379 416 54 30 det
465 418 83 28 mest
579 414 134 31 lönande
745 413 57 32 och
837 413 115 31 lättast
979 411 173 37 utförbara,
1177 412 76 30 enär
1276 410 182 32 hofstallets
1483 413 81 28 tomt
1587 409 132 31 alldeles
1743 409 69 31 icke
1838 408 135 32 behöfde

378 467 49 31 för
450 467 179 31 detsamma
651 466 131 36 anlitas;
806 465 80 31 dock
909 464 205 36 hemstäldes,
1138 466 56 34 att,
1219 473 50 20 om
1292 463 89 31 detta
1398 463 171 30 alternativ
1585 463 10 30 i
1611 462 98 31 nåder
1723 461 134 37 bifölles,
1875 461 98 41 bygg-

379 520 103 31 naden
506 519 102 31 skulle
631 518 159 31 förkortas
814 518 72 31 med
912 517 40 31 14
975 517 91 30 alnar
1088 515 60 32 och
1171 515 156 31 bodarnes
1352 515 89 31 antal
1464 514 191 32 inskränkas
1678 514 51 31 till
1753 512 49 37 25,
1827 513 146 41 hvarige-

378 583 72 20 nom
481 572 178 30 kostnaden
690 571 102 31 skulle
824 570 166 31 nedsittas
1018 569 52 31 till
1097 567 115 38 34000
1241 567 159 31 riksdaler
1424 570 84 28 samt
1531 567 60 31 den
1614 566 101 32 fördel
1738 576 127 28 vunnes,
1891 569 49 27 att
1963 565 9 31 i

378 623 330 33 öfverensstämmelse
739 623 72 31 med
843 623 59 30 den
933 620 174 33 Tessinska
1138 620 246 40 gencralplanen
1411 630 39 21 en
1473 622 76 37 gata
1572 619 36 31 af
1631 618 144 40 omkring
1803 618 38 30 12
1866 618 108 30 alnars

378 677 100 31 bredd
509 675 105 32 kunde
646 675 19 31 å
696 674 85 32 båda
808 675 85 30 sidor
916 685 50 20 om
990 674 103 30 denna
1115 672 148 41 byggnad
1286 672 164 40 anläggas.
1504 671 45 31 På
1573 681 123 21 samma
1719 671 82 40 gång
1824 670 151 41 upplyste

378 727 299 31 öfverståthållaren
711 727 162 39 angående
905 726 228 39 cganderätten
1163 724 51 30 till
1237 724 60 30 den
1320 728 88 32 tomt,
1432 724 100 30 hvarå
1556 723 187 40 byggnaden
1767 722 102 31 skulle
1894 733 81 29 upp-

378 779 96 38 föras,
506 781 50 29 att
587 779 60 31 den
674 778 41 30 då
738 777 225 41 disponerades
988 776 35 31 af
1042 774 195 33 komiterade
1260 774 50 31 för
1334 773 202 33 Stockholms
1559 774 99 38 börs-,
1683 773 72 31 bro-
1779 773 60 31 och
1861 773 115 30 hamn-

380 831 194 42 byggnader,
602 834 49 28 att
674 831 92 30 desse
789 830 139 37 förmält,
953 832 58 35 att,
1035 828 80 31 efter
1137 827 84 31 hvad
1245 827 38 31 de
1306 827 104 31 kunde
1435 827 104 31 erinra
1563 827 57 40 sig,
1644 825 167 33 hofstallet
1833 825 36 30 år
1894 824 84 32 1804

379 884 78 31 eller
482 881 83 32 1805
587 881 162 33 bortrifvit
772 882 70 31 sina
865 882 42 40 på
930 881 136 31 berörda
1088 880 87 40 plats
1199 879 131 31 stående
1352 879 162 40 vagnshus
1538 878 59 31 och
1620 878 109 41 flyttat
1752 878 70 30 dem
1845 877 52 31 till
1916 877 61 31 den

380 935 143 32 derinvid
553 934 138 31 varande
722 945 119 23 muren,
873 932 162 32 hvarefter
1067 931 196 31 komiterade
1296 931 140 40 stenlagt
1459 930 59 32 och
1541 931 94 30 alltid
1658 930 181 31 sedermera
1861 929 116 31 under-

380 988 95 30 hållit
497 987 60 31 den
581 986 135 32 sålunda
739 985 123 42 afröjda
885 985 136 41 platsen,
1046 987 85 28 samt
1154 987 48 27 att
1225 982 204 39 komiterade,
1454 985 76 29 enär
1553 983 39 31 de
1615 982 69 31 icke
1705 983 9 29 i
1732 982 49 30 sin
1796 982 87 40 värjo
1899 981 78 40 egde

379 1039 100 41 några
509 1038 200 41 handlingar,
743 1048 67 21 som
842 1037 154 37 utvisade,
1028 1036 35 31 af
1091 1035 127 31 hvilken
1254 1035 172 40 anledning
1457 1035 60 31 och
1546 1035 10 30 i
1584 1034 129 31 hvilken
1736 1033 98 39 afsigt
1856 1032 121 42 inflytt-

380 1092 115 40 ningen
519 1091 35 31 af
573 1090 167 32 hofstallet
767 1090 184 37 verkstälts,
975 1090 39 30 de
1037 1088 49 31 för
1107 1087 158 31 vinnande
1290 1087 35 31 af
1345 1098 37 20 en
1405 1087 107 31 bättre
1535 1086 130 37 visshet,
1689 1085 129 32 hvilken
1841 1085 136 41 egande-

379 1146 107 29 rätten
518 1142 36 32 af
581 1143 11 30 i
623 1142 91 40 fråga
745 1142 140 30 varande
913 1141 86 41 plats
1023 1140 170 40 rätteligen
1216 1138 185 38 tillkomme,
1426 1139 51 31 till
1499 1138 101 32 Eders
1624 1138 112 40 Kongl.
1760 1136 91 42 Maj:t
1875 1137 102 31 öfver-

379 1195 145 31 lemnade
548 1194 187 41 pröfningen
758 1193 97 31 häraf
874 1194 100 29 under
996 1192 152 31 anhållan
1170 1190 115 38 tillika,
1310 1194 56 34 att,
1384 1191 36 31 så
1436 1191 72 30 vida
1521 1190 101 32 Eders
1640 1189 111 41 Kongl.
1768 1188 90 42 Maj:t
1874 1189 103 31 skulle

380 1246 86 32 finna
488 1246 128 41 platsen
638 1255 78 22 vara
738 1255 38 21 en
799 1244 138 32 kronans
960 1243 209 41 tillhörighet,
1193 1242 196 32 komiterade
1412 1243 100 30 måtte
1534 1242 100 31 varda
1651 1241 71 31 från
1735 1241 108 30 vidare
1860 1241 115 30 under-

381 1298 150 31 hållande
564 1298 35 30 af
627 1298 60 30 den
719 1307 123 21 samma
873 1296 151 37 befriade,
1048 1296 172 36 hvaremot,
1243 1295 108 30 derest
1374 1294 101 31 Eders
1500 1294 111 39 Kongl.
1635 1293 90 41 Maj:t
1749 1292 103 31 skulle
1874 1292 103 31 tiller-

380 1350 107 31 känna
512 1350 114 31 staden
649 1349 226 40 eganderätten
892 1348 51 31 till
957 1348 135 40 platsen,
1109 1346 196 32 komiterade
1320 1346 177 31 förbehölle
1514 1346 49 41 sig
1579 1349 50 28 att
1647 1345 32 31 få
1695 1343 117 42 afgifra
1828 1344 150 41 yttrande

381 1401 86 32 öfver
496 1401 205 42 byggnadens
733 1400 181 41 föreslagna
945 1399 197 41 uppförande
1166 1398 176 31 derstädes.
1396 1397 62 32 För
1481 1398 60 30 den
1564 1397 154 32 händelse
1740 1396 102 30 Eders
1866 1395 111 40 Kongl.

380 1453 92 42 Maj:t
502 1453 104 32 skulle
637 1452 120 38 bifalla,
782 1455 49 28 att
857 1451 332 42 byggnadsföretaget,
1212 1449 123 32 hvilket
1358 1449 300 32 öfverståthållaren
1681 1448 182 32 förmodade
1889 1447 90 31 skola

380 1506 95 31 vinna
506 1504 175 41 framgång,
714 1515 50 20 om
796 1504 54 31 det
882 1504 121 31 stäldes
1035 1503 42 41 på
1109 1502 104 31 aktier
1245 1502 26 41 ej
1306 1501 233 41 öfverstigande
1567 1501 96 38 4,000
1689 1500 160 31 riksdaler
1878 1499 102 31 banco

382 1557 134 41 stycket,
548 1556 83 41 finge
662 1556 41 40 på
736 1556 115 31 sådant
883 1558 67 29 sätt
983 1555 130 37 utföras,
1141 1554 139 34 föreslog
1304 1553 299 32 öfverståthållaren
1625 1553 50 31 för
1697 1552 145 41 platsens
1866 1550 113 41 upplå-

380 1609 98 31 tande
509 1608 51 32 till
592 1607 184 32 ändamålet
806 1607 166 41 åtskilliga
1003 1605 230 38 hufvudvilkor,
1269 1605 95 31 bland
1395 1605 110 31 hvilka
1536 1605 139 41 följande
1697 1614 74 21 voro
1795 1602 35 31 af
1850 1602 129 31 bestån-

381 1661 104 31 dande
507 1664 113 27 natur:

506 1715 51 28 att
579 1712 127 40 platsen
728 1711 149 40 upplätes
901 1711 51 31 till
974 1709 207 42 bebyggande
1200 1708 79 32 efter
1295 1709 35 31 af
1342 1709 101 31 Eders
1460 1708 111 41 Kongl.
1589 1707 90 42 Maj:t
1691 1707 154 31 faststäld
1861 1706 120 40 ritning

382 1767 67 29 mot
471 1764 139 40 lindriga
632 1764 166 37 tomtören,
821 1762 59 32 och
904 1765 50 28 att
977 1765 122 28 tomten
1122 1761 135 31 sålunda
1280 1761 164 31 förblifver
1467 1760 72 37 ofri;

507 1818 50 28 att
578 1815 189 41 byggnaden
790 1815 59 30 allt
871 1814 160 40 framgent
1054 1813 102 31 skulle
1179 1813 205 31 underhållas
1408 1814 10 29 i
1441 1812 137 40 fullgodt
1605 1811 104 37 skick;
1733 1810 168 31 kunnande
1923 1809 58 32 bo-

382 1867 87 41 laget
496 1878 112 30 genom
635 1867 117 40 politi-,
776 1866 136 31 embets-
936 1865 59 32 och
1018 1864 338 43 byggnadskollegium
1379 1864 158 31 tillhållas
1561 1867 50 28 att
1634 1864 57 30 sitt
1714 1862 169 41 åliggande
1906 1861 75 31 här-

380 1919 134 31 utinnan
535 1918 150 41 fullgöra;

505 1973 50 28 att
576 1970 145 31 bodarna
743 1969 70 31 icke
835 1969 83 41 finge
941 1969 134 42 uthyras
1098 1968 52 31 till
1173 1967 134 32 handels
1330 1967 207 32 bedrifvande
1560 1966 73 31 med
1661 1965 104 41 gröfre
1790 1964 189 32 födoämnen

384 2022 79 32 eller
486 2022 122 31 sådana
630 2032 101 27 varor,
755 2031 68 21 som
845 2021 168 31 förorsaka
1035 2020 122 31 mindre
1182 2019 157 42 snygghet
1362 2020 77 31 eller
1462 2018 143 32 medföra
1628 2017 72 32 elak
1724 2016 83 38 iukt;

507 2077 58 34 att,
604 2084 50 20 om
691 2072 171 32 framdeles
894 2073 11 30 i
936 2071 199 40 vederbörlig
1172 2072 133 39 ordning
1337 2071 107 31 beslut
1476 2070 102 32 skulle
1611 2070 101 31 fattas
1745 2072 49 28 att
1826 2068 154 31 förändra

383 2125 311 41 Helgeandsholmen
723 2125 50 30 till
796 2135 38 20 en
857 2126 103 39 öppen
984 2124 86 40 plats
1094 2133 112 30 genom
1230 2123 66 30 alla
1319 2123 77 31 derå
1419 2123 41 30 då
1482 2121 166 41 befintliga
1670 2121 201 40 byggnaders
1894 2120 87 31 bort-

384 2178 147 39 tagande,
563 2176 103 31 Eders
698 2176 113 40 Kongl.
843 2176 91 41 Maj:t
957 2176 60 31 och
1039 2176 123 30 kronan
1185 2175 78 30 eller
1287 2174 201 32 Stockholms
1512 2174 73 30 stad
1608 2173 194 31 förbehölles
1825 2171 156 41 rättighet

385 2232 50 27 att
467 2228 33 31 få
522 2229 103 31 inlösa
649 2229 60 30 den
732 2228 11 30 i
766 2227 90 41 fråga
879 2228 141 31 varande
1043 2227 188 41 byggnaden
1254 2230 66 28 mot
1343 2226 216 41 godtgörande
1583 2225 34 31 af
1636 2225 183 41 byggnads-
1842 2224 58 31 och
1925 2233 55 21 an-

384 2280 398 41 läggningskostnaderna;
806 2280 139 30 börande
969 2278 390 43 byggnadsräkningarna,
1379 2277 201 32 verificerade
1597 2280 84 28 samt
1696 2276 169 40 behörigen
1886 2286 93 29 gran-

386 2332 99 32 skade
508 2332 60 31 och
590 2331 178 42 godkända,
792 2331 58 31 hos
874 2330 142 42 offentlig
1039 2330 186 41 myndighet
1248 2331 175 39 deponeras
1446 2329 49 32 för
1518 2332 49 28 att
1589 2330 88 40 tjena
1699 2328 52 31 till
1772 2327 133 32 rättelse
1928 2327 52 31 vid
