1872 2780
264 152 18 30 2
625 151 410 40 Bevillningsutskottets
1062 151 221 30 betänkande
1307 160 44 21 nr
1377 152 50 30 15.

269 237 85 39 ning
377 237 54 30 till
455 237 179 30 allmänna
659 236 81 30 tull-
765 237 65 30 och
854 237 290 34 handelsavtalet,
1172 237 146 29 General
1346 237 207 39 Agreement
1580 247 44 20 on
1650 238 137 31 Tariffs

270 288 70 29 and
360 287 113 30 Trade
500 287 167 34 (GATT).
690 287 67 30 Vid
778 287 317 39 förhandlingarna
1117 287 164 31 tillsattes
1303 290 48 27 ett
1375 287 142 30 särskilt
1540 288 146 34 utskott,
1711 297 74 21 som

271 337 161 39 föreslog,
454 339 50 28 att
525 337 135 30 Unesco
682 337 106 39 självt
809 337 113 30 skulle
942 339 37 29 ta
998 337 153 30 initiativ
1171 337 54 29 till
1246 339 48 29 ett
1316 338 92 29 avtal
1429 346 57 21 om
1507 337 186 35 lättnader,
1715 339 73 29 sär-

272 387 84 31 skilt
380 390 10 29 i
417 388 277 34 tullhänseende,
720 388 58 30 vid
803 388 130 40 import
959 397 44 21 av
1027 387 297 40 undervisnings-,
1350 387 243 40 vetenskaplig
1617 387 67 30 och
1710 388 79 29 kul-

270 438 104 30 turell
396 438 168 29 materiel.
587 438 178 30 Utskottet
786 438 205 29 utarbetade
1013 439 88 29 även
1122 440 48 28 ett
1191 438 134 39 förslag
1345 438 52 29 till
1420 437 113 40 dylikt
1554 437 103 35 avtal,
1679 437 108 31 vilket

271 488 132 40 förslag
426 490 87 28 utan
536 488 215 30 förbindelse
776 488 80 30 från
880 488 12 29 i
916 487 387 40 tullförhandlingarna
1326 487 207 40 deltagande
1559 489 108 29 stater
1693 488 98 29 över-

271 538 182 31 lämnades
474 538 53 30 till
548 538 154 31 Unescos
723 537 309 40 generaldirektör.

317 588 65 30 Det
407 588 11 30 i
446 588 144 40 Annecy
616 588 206 31 utarbetade
847 588 169 39 förslaget
1042 588 246 30 diskuterades
1316 588 108 29 sedan
1449 588 45 40 på
1520 590 49 28 ett
1595 588 11 29 i
1633 587 155 30 Unescos

272 639 72 39 regi
369 638 108 31 hållet
501 639 216 39 expertmöte
743 640 10 28 i
779 638 133 30 Genéve
937 639 114 29 under
1075 647 95 21 mars
1198 637 95 31 1950.
1321 637 137 40 Sverige
1483 638 309 40 representerades

273 689 121 30 därvid
411 699 43 20 av
468 699 43 20 en
525 689 214 30 observatör.
755 689 66 30 Vid
836 689 232 40 expertmötet
1084 688 225 30 utarbetades
1324 688 45 40 på
1385 688 171 39 grundval
1573 698 42 20 av
1631 687 160 40 Annecy-

272 740 168 39 förslaget
464 741 49 28 ett
535 740 174 29 reviderat
732 739 133 39 förslag
887 739 54 30 till
965 739 103 35 avtal,
1093 739 168 30 benämnt
1288 738 123 30 »Draft
1435 739 200 38 agreement
1659 747 46 20 on
1730 738 60 29 the

273 789 229 41 importation
520 789 37 31 of
576 789 233 36 educational,
830 789 173 31 scientific
1023 790 69 29 and
1109 789 154 30 cultural
1282 788 212 30 materials>.

320 840 112 31 Sedan
460 840 119 31 vidare
607 839 261 41 Europarådets
896 838 350 32 ministerkommitté
1274 838 58 31 vid
1362 838 261 31 sammanträde
1652 838 69 30 den
1749 836 39 31 31

274 900 95 21 mars
392 890 83 30 1950
496 890 138 34 uttalat,
655 891 51 30 att
727 889 118 31 rådets
866 889 283 31 medlemsstater
1169 889 107 31 borde
1298 888 117 39 stödja
1436 888 154 32 Unescos
1610 887 184 41 pågående

274 941 214 30 strävanden
509 942 50 28 att
579 940 248 30 åstadkomma
847 939 309 41 importlättnader
1176 939 46 40 på
1242 938 270 40 ifrågavarande
1534 938 143 32 område
1701 939 92 29 samt

274 991 56 30 för
352 991 77 30 sina
450 990 235 40 delegationer
706 990 54 30 till
782 990 155 30 Unescos
957 990 108 30 femte
1087 988 176 32 ordinarie
1286 989 92 31 möte
1399 989 12 30 i
1433 988 146 31 Florens
1600 987 191 30 framhålla

275 1042 68 29 den
361 1041 85 34 vikt,
465 1041 117 31 rådets
602 1040 214 41 rådgivande
835 1040 210 39 församling
1063 1040 90 30 fäste
1172 1039 58 30 vid
1249 1041 51 28 att
1319 1040 49 29 ett
1388 1038 328 31 tillfredsställande
1736 1046 57 22 av-

276 1092 49 29 tal
349 1091 4 29 i
370 1092 119 29 ämnet
506 1092 155 38 antoges,
678 1091 113 31 beslöt
809 1090 154 31 Unescos
983 1089 334 41 generalkonferens
1334 1089 67 30 den
1422 1089 38 30 17
1478 1088 80 40 juni
1579 1088 84 30 1950
1683 1089 20 30 å
1720 1084 73 35 mö-

275 1143 50 29 tet
344 1141 12 30 i
374 1141 146 32 Florens
539 1142 51 29 att
610 1142 129 38 antaga
759 1150 43 22 en
820 1139 228 35 konvention,
1067 1140 179 30 benämnd
1268 1139 229 39 >Agreement
1517 1148 46 20 on
1584 1139 59 30 the
1663 1138 132 41 impor-

276 1191 113 30 tation
405 1191 37 30 of
459 1191 233 35 educational,
711 1190 173 32 scientific
900 1190 71 31 and
987 1190 153 31 cultural
1157 1189 214 31 materials>.
1389 1188 75 31 Den
1482 1197 42 22 av
1541 1188 128 39 Kungl.
1687 1187 110 40 Maj:t

275 1242 149 29 utsedda
453 1241 206 40 delegation,
690 1250 76 21 som
796 1240 286 41 representerade
1112 1238 139 41 Sverige
1280 1239 58 30 vid
1368 1240 118 33 mötet,
1516 1239 140 30 röstade
1687 1239 107 38 enligt

275 1291 157 31 erhållen
459 1292 219 30 instruktion
706 1291 56 30 för
790 1290 280 32 konventionens
1099 1290 209 39 antagande.
1337 1289 269 30 Konventionen
1634 1289 160 30 Ööverens-

276 1342 167 29 stämmer
469 1343 78 29 med
573 1342 57 29 det
654 1342 59 30 vid
739 1341 231 40 expertmötet
994 1340 12 29 i
1032 1340 134 31 Genéve
1191 1340 205 31 utarbetade
1423 1339 167 39 förslaget
1615 1340 99 29 utom
1739 1339 57 30 be-

276 1392 182 31 träffande
478 1392 94 30 vissa
592 1392 164 31 formella
775 1391 231 40 jämkningar
1027 1390 11 30 i
1059 1390 257 40 ordalydelsen.

321 1443 13 28 I
351 1443 167 30 skrivelse
534 1444 67 29 den
618 1442 41 30 23
676 1442 196 40 september
890 1442 84 30 1950
989 1442 67 30 har
1070 1441 152 30 svenska
1240 1440 341 30 unescokommittén
1599 1440 50 30 till
1667 1438 128 40 Kungi.

277 1493 124 40 Maj:ts
425 1494 198 39 avgörande
647 1493 219 31 överlämnat
890 1492 126 39 frågan
1040 1501 58 20 om
1122 1491 219 40 ratificering
1365 1490 79 31 från
1472 1491 155 38 Sveriges
1653 1490 77 30 sida
1754 1499 41 21 av

275 1543 270 39 ifrågavarande
566 1542 227 30 konvention.

322 1593 13 29 I
359 1593 99 38 fråga
483 1603 57 20 om
566 1593 155 36 lydelsen
746 1602 42 20 av
813 1592 259 30 konventionen
1097 1592 98 30 torde
1220 1591 36 30 få
1279 1591 166 29 hänvisas
1469 1591 52 29 till
1546 1599 42 21 en
1613 1590 59 29 vid
1697 1592 101 27 stats-

276 1643 296 40 rådsprotokollet
596 1643 118 30 såsom
737 1643 116 39 bilaga
876 1642 105 40 fogad
1006 1642 129 31 svensk
1157 1641 243 40 översättning
1422 1650 43 22 av
1489 1641 217 30 densamma.

321 1694 197 30 Yttranden
541 1694 46 29 ha
610 1694 12 28 i
646 1693 146 30 ärendet
816 1692 148 40 avgivits
989 1702 43 21 av
1056 1692 392 40 generaltullstyrelsen,
1476 1693 132 28 statens
1633 1690 164 31 handels-

277 1744 66 31 och
369 1744 401 33 industrikommission,
796 1743 287 31 valutakontoret
1110 1745 91 29 samt
1228 1744 24 28 t.
1279 1743 24 29 f.
1331 1741 125 32 chefen
1483 1742 55 31 för
1566 1743 134 29 statens
1724 1740 75 31 bio-

278 1794 175 40 grafbyrå.
481 1794 232 31 Beträffande
737 1793 193 33 innehållet
956 1803 44 22 av
1025 1794 102 30 dessa
1152 1793 190 39 yttranden
1369 1792 54 31 får
1451 1792 172 30 utskottet
1648 1791 149 31 hänvisa

277 1845 53 30 till
352 1844 387 40 statsrådsprotokollet
766 1844 114 40 (prop.
903 1853 25 21 s.
951 1843 142 34 6-—15).

322 1895 117 41 Enligt
466 1906 42 20 av
534 1896 151 30 svenska
712 1895 231 31 unescorådet
969 1895 144 30 lämnad
1139 1894 142 40 uppgift
1306 1894 46 30 ha
1379 1893 126 31 hittills
1532 1892 42 30 24
1601 1894 109 30 stater
1737 1902 59 21 an-

276 1945 100 30 slutit
398 1946 52 40 sig
471 1946 53 30 till
545 1945 271 40 ifrågavarande
837 1944 227 35 konvention,
1086 1945 180 39 nämligen
1288 1943 221 40 Afganistan,
1532 1943 152 40 Belgien,
1706 1943 91 30 Boli-

275 1997 66 35 via,
367 1995 170 32 Brittiska
563 1996 113 34 Riket,
704 1995 188 34 Colombia,
918 1995 283 30 Dominikanska
1229 1994 229 40 Republiken,
1485 1994 172 34 Ecuador,
1684 1994 110 39 Egyp-

277 2047 69 34 ten,
367 2046 251 40 Filippinerna,
639 2046 207 34 Frankrike,
868 2046 187 34 Grekland,
1077 2045 216 34 Guatemala,
1316 2045 104 35 Haiti,
1442 2045 90 34 Iran,
1554 2043 118 35 Israel,
1692 2044 106 39 Jugo-

278 2097 143 35 slavien,
442 2097 101 37 Kina,
564 2097 236 38 Luxemburg,
821 2096 296 33 Nederländerna,
1137 2096 75 39 Nya
1234 2095 161 34 Zeeland,
1418 2095 179 33 Pakistan,
1620 2094 177 32 Salvador,

279 2147 153 31 Schweiz
455 2148 65 29 och
543 2147 187 30 Thailand.

324 2197 116 39 Enligt
463 2197 114 31 beslut
600 2197 68 29 den
692 2196 42 30 29
755 2196 81 40 juni
861 2196 82 30 1951
969 2196 65 30 har
1058 2195 127 40 Kungl.
1209 2195 108 40 Maj:t
1338 2212 44 5 —
1404 2195 112 30 under
1540 2193 174 31 förbehåll
1739 2202 57 22 om

277 2248 208 39 riksdagens
508 2247 259 40 godkännande
787 2264 45 4 —
853 2246 55 30 för
932 2246 55 30 sin
1009 2246 55 30 del
1088 2246 156 39 godkänt
1268 2245 234 30 förenämnda
1524 2244 227 31 konvention.

322 2348 121 31 Såsom
482 2347 303 39 motivering
822 2346 55 31 för
903 2347 43 30 de
972 2346 11 29 i
1010 2345 265 41 propositionen
1304 2345 195 39 framlagda
1528 2344 180 40 förslagen
1733 2343 65 29 har

279 2398 388 40 departementschefen
690 2397 119 30 anfört
830 2397 170 40 följande.
