1852 2772
229 150 18 28 2
432 149 186 28 Allmänna
637 148 398 39 beredningsutskottets
1053 147 179 30 utlåtande
1249 157 44 19 nr
1309 148 41 29 34
1367 148 38 29 år
1424 148 83 28 1965

228 229 106 28 verka
352 228 221 39 attityderna.
593 228 143 39 Förslag
754 237 56 20 om
829 228 364 29 försöksverksamhet
1211 227 63 29 bör
1291 227 81 39 ingå
1390 228 10 28 i
1419 227 293 38 utredningsupp-

228 282 130 37 draget.
380 282 65 28 Till
468 281 151 29 skillnad
641 281 79 29 från
743 281 65 29 den
831 281 254 39 förebyggande
1107 281 268 28 verksamheten
1398 281 38 28 är
1456 279 256 38 behandlingen

229 343 43 20 av
285 334 41 29 de
342 334 296 29 alkoholskadade
654 334 53 28 för
722 334 216 29 närvarande
955 333 145 30 föremål
1117 333 54 29 för
1185 333 185 38 offentliga
1386 333 235 38 utredningar.
1638 332 73 28 Den

229 396 46 19 nu
296 387 197 38 föreslagna
511 387 231 38 utredningen
762 396 100 29 synes
882 386 120 29 därför
1019 387 84 28 böra
1119 387 189 37 begränsas
1328 386 48 29 till
1398 386 40 28 de
1456 384 256 39 förebyggande

228 440 219 38 åtgärderna.

274 493 11 27 I
309 493 219 28 motionerna
550 493 26 28 I:
594 493 59 28 251
679 493 66 28 och
767 493 45 28 II:
828 493 61 29 315
913 492 214 33 framhålles,
1150 494 50 28 att
1223 492 67 29 den
1312 491 292 39 genomgripande
1627 491 86 38 nyk-

229 545 299 39 terhetspolitiska
554 545 176 29 reformen
762 545 91 34 1954,
882 547 87 27 trots
997 545 194 39 betydande
1220 544 216 39 förtjänster,
1465 544 76 29 icke
1569 544 144 28 innebu-

227 598 46 29 rit
295 607 42 19 en
358 598 161 29 definitiv
539 598 137 39 lösning
697 607 43 20 av
761 598 344 39 alkoholproblemet.
1128 599 13 28 I
1163 598 69 29 den
1252 596 373 40 nykterhetspolitiska
1645 597 69 28 dis-

228 651 194 29 kussionen
449 651 64 29 har
541 650 183 30 framförts
753 660 43 20 en
825 651 61 29 rad
915 651 149 38 uppslag
1092 660 75 20 som
1196 650 63 29 bör
1287 651 162 28 närmare
1479 650 140 29 utredas
1648 650 64 28 och

228 704 136 38 prövas.
385 704 50 28 Av
456 704 149 29 särskild
625 704 176 38 betydelse
823 705 37 27 är
879 713 43 20 en
941 703 170 40 ingående
1132 703 171 39 prövning
1324 712 41 20 av
1386 703 327 29 skatteinstrumen-

229 758 48 27 tet
295 765 43 20 ur
354 756 350 39 nykterhetspolitisk
722 756 192 39 synvinkel.
934 756 254 30 Grundtanken
1205 757 10 28 i
1237 756 83 29 1954
1339 756 55 29 års
1414 758 129 37 system
1561 756 61 28 bör
1641 755 72 29 inte

229 809 187 29 förkastas.
434 810 64 29 Det
514 809 192 39 väsentliga
724 819 102 29 synes
843 818 82 20 vara
941 811 51 28 att
1009 809 41 30 de
1066 809 150 39 positiva
1232 809 256 39 förebyggande
1506 808 207 39 åtgärderna

229 861 79 30 från
330 864 130 27 statens
482 862 65 29 och
567 862 275 29 kommunernas
863 862 76 29 sida
959 862 203 29 förstärkes.
1184 863 67 28 För
1272 862 96 29 detta
1388 862 104 29 krävs
1513 871 41 19 en
1576 861 137 38 allsidig

227 915 66 28 och
318 914 323 40 förutsättningslös
666 915 187 39 utredning
876 924 42 20 av
940 915 379 39 nykterhetspolitiken
1342 915 10 28 i
1376 915 78 28 dess
1478 914 126 29 helhet.
1628 914 85 29 Där-

227 967 58 29 vid
305 967 62 29 bör
386 969 125 37 prövas
531 968 67 29 hur
618 968 117 29 denna
754 968 125 39 politik
898 968 89 29 skall
1008 968 122 29 kunna
1149 968 131 39 byggas
1301 969 37 27 ut
1359 968 65 28 och
1444 966 211 30 reformeras
1675 967 39 29 så

227 1022 51 27 att
303 1020 66 29 den
392 1021 114 29 bättre
530 1020 131 30 förmår
685 1021 172 39 begränsa
880 1020 357 30 alkoholmissbruket
1262 1021 65 29 och
1351 1020 141 29 minska
1516 1020 118 29 risken
1659 1019 55 29 för

228 1073 283 29 alkoholskador.

274 1126 12 28 I
305 1126 220 29 motionerna
544 1127 27 28 I:
587 1126 63 30 344
668 1126 66 29 och
752 1127 45 28 II:
814 1126 61 29 417
895 1126 214 34 framhålles,
1129 1128 50 27 att
1197 1126 57 29 det
1272 1126 62 29 bör
1353 1135 53 20 ses
1426 1135 74 20 som
1518 1135 42 20 en
1579 1126 135 28 huvud-

228 1178 140 39 uppgift
386 1179 55 29 för
458 1179 202 29 samhällets
679 1179 334 39 nykterhetspolitik
1031 1181 50 28 att
1099 1179 245 30 åstadkomma
1363 1189 44 19 en
1423 1179 200 39 ytterligare
1642 1187 72 21 om-

228 1231 198 40 fördelning
446 1242 43 19 av
509 1232 274 29 konsumtionen
804 1232 51 29 till
877 1232 41 29 de
938 1240 143 31 svagare
1102 1232 214 39 dryckernas
1338 1232 121 29 fördel.
1481 1232 74 29 Den
1577 1233 136 28 senaste

231 1285 282 38 10-årsperioden
531 1285 70 29 kan
619 1285 189 29 betecknas
828 1294 74 20 som
921 1294 43 20 en
983 1285 273 39 försöksperiod.
1277 1285 12 29 I
1311 1285 66 38 dag
1396 1284 95 29 finns
1512 1285 57 29 det
1588 1284 45 29 all
1654 1294 60 19 an-

226 1338 143 38 ledning
389 1340 50 27 att
460 1338 45 39 på
525 1340 76 38 nytt
622 1338 153 39 granska
796 1338 66 29 och
880 1338 149 29 bedöma
1048 1337 412 39 nykterhetstillståndet.
1483 1337 231 30 Alkoholbru-

226 1391 60 29 ket
307 1391 106 29 bland
435 1391 152 39 ungdom
610 1393 51 27 ter
683 1391 52 39 sig
758 1391 142 29 särskilt
921 1390 184 39 allvarligt.
1128 1391 119 29 Andra
1269 1390 139 29 länders
1431 1390 199 30 erfarenhet
1652 1390 61 29 bör

227 1444 171 29 studeras.
419 1444 194 29 Nackdelar
632 1444 64 29 och
717 1444 154 29 fördelar
885 1444 82 29 med
987 1453 43 20 en
1050 1443 253 39 liberalisering
1322 1453 42 20 av
1385 1443 244 39 försäljnings-
1648 1443 65 29 och

228 1496 441 39 utskänkningsformerna
688 1497 63 29 bör
771 1497 154 29 utrönas.
945 1497 65 29 Det
1029 1497 62 29 bör
1111 1497 125 38 prövas
1257 1506 56 20 om
1332 1497 200 38 ytterligare
1553 1496 160 39 åtgärder

225 1550 72 29 kan
319 1549 157 40 vidtagas
499 1549 54 29 för
575 1552 50 27 att
647 1549 143 30 minska
810 1549 361 30 totalkonsumtionen
1195 1550 66 28 och
1282 1550 110 29 ändra
1414 1549 299 30 konsumtionsin-

227 1602 211 39 riktningen.
467 1602 274 30 Vårdformerna
768 1602 110 30 måste
904 1602 47 29 bli
979 1601 147 30 föremål
1154 1602 55 29 för
1234 1602 213 29 aktiviserad
1474 1602 238 29 försöksverk-

228 1655 147 29 samhet.
393 1656 260 38 Forskningens
670 1655 198 39 inriktning
884 1655 64 29 och
966 1654 213 39 omfattning
1196 1655 62 29 bör
1274 1655 193 29 behandlas
1483 1655 127 30 liksom
1628 1664 85 30 upp-

227 1708 174 39 lysnings-
418 1709 67 29 och
501 1708 403 39 propagandafrågorna.

271 1761 227 30 Beträffande
518 1761 297 39 motiveringarna
833 1761 10 29 i
861 1761 111 39 övrigt
992 1761 56 29 får
1069 1761 168 29 utskottet
1256 1761 148 29 hänvisa
1423 1762 51 28 till
1495 1762 219 29 motionerna

228 1814 45 29 II:
293 1814 70 34 138,
387 1815 44 29 II:
448 1815 63 29 315
534 1815 65 29 och
622 1815 43 28 II:
682 1814 74 29 417.

272 1868 178 29 Utskottet
476 1868 64 28 har
568 1868 175 29 inhämtat
770 1867 161 39 yttrande
959 1868 82 28 över
1067 1867 222 30 motionerna
1316 1867 80 29 från
1424 1867 289 39 socialstyrelsen,

226 1920 338 39 kontrollstyrelsen,
598 1921 155 38 Sveriges
786 1920 355 39 nykterhetsvänners
1173 1920 257 29 landsförbund
1463 1920 64 29 och
1559 1920 154 30 Svenska

227 1973 433 39 nykterhetsfrämjandet.

270 2052 286 40 Socialstyrelsen
577 2052 102 30 anför
699 2053 45 29 bl.
767 2062 45 19 a.:

273 2115 347 39 Förhoppningarna,
636 2117 49 27 att
700 2115 67 29 den
782 2114 230 40 reformering
1027 2124 41 20 av
1083 2115 387 39 nykterhetspolitiken,
1487 2124 74 20 som
1576 2123 139 30 genom-

227 2159 119 29 fördes
366 2159 65 29 den
454 2160 13 28 1
491 2160 144 28 oktober
657 2160 94 32 1955,
773 2159 112 29 skulle
905 2159 160 29 medföra
1084 2168 44 20 en
1147 2159 212 39 förbättring
1379 2169 42 19 av
1441 2158 274 40 nykterhetstill-

227 2203 150 34 ståndet,
396 2204 65 29 har
480 2204 76 29 icke
575 2204 152 29 infriats.
748 2203 99 30 Såväl
868 2202 373 31 alkoholkonsumtion
1261 2212 76 20 som
1356 2203 180 30 missbruk
1554 2203 160 29 befinner

229 2248 52 38 sig
298 2247 218 30 fortfarande
534 2248 44 39 på
594 2258 42 20 en
651 2249 69 38 hög
737 2248 90 29 nivå.
845 2248 65 29 För
927 2248 40 29 år
985 2247 83 30 1964
1086 2248 71 29 kan
1173 2249 23 27 t.
1214 2256 30 21 o.
1261 2257 46 20 m.
1325 2250 139 27 noteras
1482 2257 42 19 en
1541 2248 69 28 viss
1628 2256 86 30 upp-

226 2292 93 38 gång
340 2301 42 20 av
404 2293 102 38 sprit-
529 2293 65 29 och
615 2293 335 29 vinkonsumtionen
972 2292 129 29 räknat
1122 2300 62 30 per
1206 2292 168 29 invånare
1396 2293 82 28 över
1502 2292 37 29 15
1564 2292 47 28 år.
1634 2291 81 29 Det-

228 2345 137 20 samma
387 2337 37 28 är
448 2336 245 34 förhållandet,
717 2337 65 28 när
803 2337 58 29 det
883 2336 108 40 gäller
1013 2336 131 30 antalet
1168 2336 312 39 fylleriförseelser.
1505 2336 79 29 Som
1609 2335 106 29 fram-

227 2380 120 30 hållits
371 2381 11 28 i
404 2381 219 30 motionerna
647 2381 96 29 finns
769 2381 56 29 det
849 2381 152 29 särskild
1024 2380 190 39 anledning
1235 2381 53 28 till
1313 2389 62 21 oro
1397 2381 82 28 över
1501 2380 213 29 missbruket

228 2425 108 29 bland
362 2425 208 39 ungdomen.
599 2426 93 29 Även
718 2425 358 30 alkoholmissbruket
1103 2424 106 30 bland
1235 2425 197 29 kvinnorna
1459 2424 66 29 har
1551 2424 82 29 ökat
1659 2424 56 29 be-

227 2469 136 39 tydligt.
