2188 2646
697 217 235 41 Lagutskottets
963 220 173 32 Utlåtande
1159 222 63 31 N:o
1247 226 50 28 57.
1722 226 15 30 1

880 621 87 39 N:o
996 621 79 41 57.

689 768 82 29 Ank.
796 769 47 27 till
868 769 109 29 Riksd.
1002 771 103 27 kansli
1130 772 60 27 den
1215 772 39 28 30
1278 773 77 36 april
1383 774 88 34 1909,
1496 774 40 28 kl.
1562 775 17 27 3
1604 784 24 19 e.
1653 785 39 18 m.

505 909 203 46 Utlåtande,
750 912 15 35 i
804 913 196 49 anledning
1041 914 46 47 af
1123 915 133 49 Kungl.
1294 917 127 48 Maj:ts
1449 918 229 48 proposition
1704 921 80 34 med

594 970 145 49 förslag
769 972 55 35 till
852 973 60 48 lag
940 975 183 47 angående
1152 976 146 35 ändrad
1326 977 130 47 lydelse
1483 979 47 48 af
1552 980 23 40 $
1598 979 45 35 70
1666 979 14 35 i
1698 980 84 48 för-

601 1031 195 48 ordningen
826 1045 54 24 om
908 1033 352 50 kommunalstyrelse
1281 1037 58 47 på
1366 1038 121 35 landet
1513 1039 67 35 den
1608 1040 47 34 21
1684 1053 100 22 inars

600 1090 114 37 1862.

291 1241 145 39 Genom
479 1257 46 23 en
566 1245 72 37 den
682 1248 47 35 16
770 1248 95 48 april
909 1250 97 35 1909
1050 1249 240 49 dagtecknad
1325 1253 248 49 proposition,
1603 1268 62 23 n:o
1695 1251 86 57 210,

187 1293 153 38 hvilken
377 1295 41 36 af
441 1296 97 36 båda
565 1297 199 38 kamrarna
792 1299 195 38 hänvisats
1016 1301 56 36 till
1100 1303 262 48 lagutskottet,
1392 1305 68 36 har
1488 1305 140 49 Kungl.
1659 1307 121 49 Maj:t,

186 1346 118 36 under
333 1346 235 51 åberopande
597 1349 41 37 af
662 1351 285 48 propositionen
976 1353 145 49 bilagdt
1149 1355 139 49 utdrag
1307 1356 41 36 af
1368 1357 413 50 statsrådsprotokoilet

186 1398 106 36 öfver
328 1399 253 38 civilärenden
620 1401 59 37 för
706 1403 163 37 nämnda
898 1404 86 49 dag,
1014 1406 197 50 föreslagit
1238 1407 219 50 Riksdagen
1477 1414 55 32 att
1552 1415 138 45 antaga
1710 1411 69 36 föl-

181 1449 116 49 jande
326 1451 143 50 förslag
496 1453 56 36 till

926 1550 113 51 Lag

897 1642 164 42 angående

295 1721 140 33 ändrad
462 1722 138 42 lydelse
628 1724 41 34 af
692 1720 21 51 $
742 1725 45 34 70
817 1726 12 32 i
857 1727 262 43 förordningen
1147 1738 58 24 om
1232 1729 365 45 kommunalstyrelse
1625 1730 45 46 på

698 1786 124 34 landet
850 1787 67 34 den
945 1789 41 32 21
1015 1799 97 24 mars
1140 1790 103 34 1862.

284 1898 232 51 Härigenom
544 1901 211 50 förordnas,
784 1909 56 32 att
867 1904 22 51 $
920 1907 46 36 70
994 1906 12 37 i
1026 1907 272 50 förordningen
1317 1922 60 24 om
1396 1909 380 52 kommunalstyrelse

182 1952 48 47 på
257 1951 126 38 landet
410 1952 71 38 den
510 1956 46 34 21
586 1968 99 24 mars
716 1958 97 35 1862
844 1957 95 37 skall
967 1959 141 37 erhålla
1137 1960 164 50 följande
1329 1962 165 37 ändrade
1522 1963 157 50 lydelse:

284 2054 107 38 Efter
418 2057 385 50 uppbördsstämman
822 2066 199 45 upprättar
1039 2063 408 40 kommunalnämnden
1470 2066 59 37 för
1547 2067 131 50 hvarje
1698 2070 77 36 val-

182 2105 150 39 distrikt
372 2108 79 38 dels
492 2110 382 52 afskrifningslängd,
903 2116 244 48 upptagande
1175 2117 95 47 dem,
1301 2117 58 37 för
1386 2118 128 37 hvilka
1541 2119 233 39 kommunal-

181 2163 185 33 stämman
406 2160 156 51 beviljat
601 2163 241 51 afskrifning,
884 2167 84 36 med
1009 2168 231 49 angifvande
1280 2169 118 37 tillika
1434 2171 43 36 af
1508 2171 267 51 afskrifnings-

181 2211 171 48 orsaken,
382 2212 78 38 dels
488 2215 70 36 ock
586 2216 194 50 restlängd
809 2220 21 34 å
857 2219 125 48 öfriga
1010 2220 291 50 skattskyldiga,
1331 2235 80 24 som
1439 2223 63 36 vid
1531 2228 185 33 stämman
1739 2226 33 49 ej

181 2263 122 48 guldit
331 2264 83 37 sina
440 2265 428 53 kommunalutskylder.
923 2270 121 38 Dessa
1071 2273 158 49 längder
1256 2274 117 48 skola,
1402 2276 245 49 restlängden
1674 2277 12 37 i
1710 2281 64 33 två

181 2316 199 50 exemplar,
421 2317 103 38 inom
557 2323 65 34 två
649 2321 178 38 månader
854 2322 96 38 efter
976 2324 404 50 uppbördsstämmans
1410 2326 212 40 afslutande
1650 2330 123 36 öfver-

263 2378 67 30 Bih.
355 2379 45 29 till
421 2379 104 31 RBiksd.
551 2381 80 31 Prot.
657 2382 89 31 1909.
793 2384 19 28 7
834 2384 89 30 Saml.
969 2386 42 28 55
1033 2387 89 36 Häft.
1167 2385 70 41 (N:o
1260 2386 62 41 57).
1715 2394 14 26 1
