1884 2838
103 2107 128 26 Utskottet.

286 161 20 30 8
682 166 117 33 Andra
824 168 240 35 lagutskottets
1089 168 175 33 utlåtande
1288 169 50 31 Nr
1355 172 49 30 38.

292 259 62 20 nas
375 250 120 30 kunna
516 250 86 37 lägst
623 251 216 36 uppskattas,
861 252 80 30 eller
965 253 61 29 100
1050 253 138 30 kronor.
1235 254 199 31 Emellertid
1456 265 101 21 anser
1579 256 217 32 kommissio-

292 301 67 21 nen
379 293 79 30 med
476 293 138 36 hänsyn
632 294 50 29 till
703 293 41 30 de
763 294 195 36 betydande
978 295 197 36 kostnader,
1197 306 75 20 som
1292 306 41 21 en
1353 298 382 39 moderskapspenning
1755 309 43 21 av

292 335 113 29 denna
428 335 128 30 storlek
581 336 109 29 skulle
713 336 143 30 komma
878 340 48 27 att
950 337 118 36 kräva,
1093 347 42 21 av
1158 339 283 30 statsfinansiella
1465 341 75 29 skäl
1564 341 75 30 icke
1663 341 134 37 möjligt

292 379 48 27 att
367 377 54 30 för
446 378 218 30 närvarande
689 378 128 31 föreslå
842 388 42 21 en
909 378 110 31 sådan
1046 381 380 38 moderskapspenning
1450 385 86 27 utan
1562 383 58 30 vill
1648 384 9 29 i
1685 384 112 30 stället

292 418 150 36 förorda,
463 422 49 27 att
532 420 202 30 densamma
753 422 207 29 bestämmes
980 422 51 30 till
1051 423 40 29 75
1112 423 139 36 kronor,
1272 426 46 28 ett
1336 425 136 36 belopp,
1494 434 74 21 som
1589 425 9 30 i
1618 425 96 37 varje
1734 426 62 30 fall

291 461 116 30 täcker
427 462 109 30 större
555 462 98 30 delen
674 472 42 20 av
736 463 243 31 kostnaderna.

335 545 388 39 Departementschefen
745 547 64 30 har
830 548 123 30 härom
975 551 119 34 yttrat:

335 603 63 31 Det
420 604 197 37 föreslagna
639 606 170 36 beloppet,
833 609 71 27 mot
928 607 105 30 vilket
1056 608 120 30 endast
1199 609 143 30 enstaka
1365 609 193 38 erinringar
1581 610 214 37 framställts,

291 655 99 28 synes
412 647 70 37 mig
501 656 84 21 vara
605 649 55 29 väl
681 650 134 35 avvägt.
859 648 91 31 Från
971 652 47 28 ett
1040 659 63 28 par
1124 650 71 31 håll
1217 652 64 29 har
1302 652 198 37 visserligen
1523 652 174 31 förordats
1719 653 75 37 höj-

291 688 81 37 ning
393 689 50 30 till
469 690 61 30 100
553 690 138 30 kronor.
738 690 218 32 Stockholms
978 692 349 32 barnavårdsnämnd
1350 695 64 29 har
1437 695 55 29 för
1516 695 53 30 sin
1591 696 54 29 del
1669 695 125 38 ifråga-

290 734 66 27 satt
376 741 42 20 en
438 732 168 37 väsentlig
625 732 147 38 höjning
791 734 79 30 med
889 734 137 38 hänsyn
1047 735 51 30 till
1118 738 48 27 att
1188 736 234 31 kostnaderna
1442 738 187 29 beräknats
1650 737 55 31 för
1726 738 69 36 lågt

289 772 208 32 åtminstone
527 774 55 30 för
612 775 41 30 de
683 775 124 36 dyrare
837 779 137 28 orterna
1005 778 82 29 eller
1117 778 205 36 alternativt,
1355 782 48 27 att
1433 780 224 30 understödet
1690 780 105 31 måtte

289 816 209 30 bestämmas
527 817 11 29 i
567 818 199 37 anslutning
792 818 51 30 till
874 819 402 38 dyrortsgrupperingen.
1329 821 260 37 Länsstyrelsen
1620 822 10 30 i
1660 822 134 31 Väster-

289 858 134 30 bottens
439 859 58 30 län
513 858 73 31 åter
603 860 63 29 har
681 863 122 33 ansett,
820 863 49 27 att
884 862 224 30 understödet
1125 863 78 30 med
1220 864 136 36 hänsyn
1373 864 51 29 till
1443 864 42 30 de
1502 865 109 30 större
1628 865 166 30 resekost-

289 901 153 30 naderna
465 902 107 30 borde
595 903 105 29 sättas
723 903 106 36 högre
850 903 54 30 för
927 904 239 37 landsbygden
1189 906 44 29 än
1256 905 54 30 för
1333 906 171 30 städerna.
1553 906 95 31 Givet
1672 908 47 34 är,
1745 910 50 28 att

289 945 46 27 ett
356 943 126 37 belopp
504 953 43 20 av
571 945 39 29 75
633 945 129 30 kronor
784 946 173 30 betraktat
981 945 115 32 såsom
1120 946 122 32 sådant
1265 948 64 30 har
1351 951 47 27 ett
1421 948 136 31 mindre
1580 950 104 29 värde
1707 949 21 31 å
1752 959 42 21 en

289 985 118 36 dyrort
429 995 75 20 som
528 986 200 31 Stockholm
753 988 45 29 än
820 987 20 31 å
863 988 238 37 landsbygden
1124 989 10 30 i
1156 990 199 30 allmänhet.
1401 991 14 29 I
1438 991 67 30 och
1527 991 55 30 för
1605 991 49 38 sig
1677 991 117 31 finnas

289 1027 118 30 därför
425 1028 76 30 skäl
522 1028 54 30 för
594 1029 177 37 beloppets
790 1031 263 31 bestämmande
1072 1032 10 29 i
1102 1032 199 37 anslutning
1320 1033 49 29 till
1390 1033 403 37 dyrortsgrupperingen.

288 1069 199 31 Emellertid
507 1080 101 27 synes
626 1072 55 29 det
699 1072 70 37 mig
786 1072 162 37 riktigare
967 1076 49 27 att
1034 1073 80 37 utgå
1133 1073 77 31 från
1230 1075 234 30 kostnaderna
1482 1075 55 30 för
1555 1075 238 37 tillgodoseen-

288 1112 56 30 det
366 1121 42 21 av
430 1113 42 30 de
496 1114 80 29 med
598 1114 223 31 understödet
845 1116 151 30 avsedda
1022 1115 208 32 ändamålen
1253 1134 45 4 —
1320 1126 104 27 resor,
1449 1117 192 38 hemhjälp,
1667 1121 126 28 utrust-

288 1154 277 37 ningspersedlar
594 1156 65 30 och
687 1156 242 31 anstaltsvård.
982 1157 75 31 Vad
1086 1158 86 31 först
1203 1158 107 37 angår
1338 1169 104 26 resor,
1473 1160 98 30 torde
1600 1161 193 30 kostnaden

287 1196 120 30 härför
424 1197 10 29 i
450 1198 116 29 städer
582 1199 64 29 och
663 1200 108 29 större
789 1199 202 36 samhällen,
1010 1201 63 29 där
1090 1201 230 31 barnmorska
1338 1202 81 30 eller
1436 1202 358 37 förlossningsanstalt

287 1238 123 36 finnes,
437 1239 118 38 uppgå
580 1240 49 30 till
656 1244 46 27 ett
728 1242 138 36 mycket
890 1242 98 37 ringa
1013 1243 137 36 belopp,
1177 1244 127 30 medan
1330 1254 134 20 samma
1491 1245 149 30 kostnad
1668 1245 55 30 för
1751 1256 41 20 en

287 1281 129 31 kvinna
436 1281 20 31 å
477 1283 239 37 landsbygden
737 1284 69 29 kan
827 1284 141 30 komma
989 1287 49 28 att
1059 1285 86 36 stiga
1164 1286 50 29 till
1236 1295 43 20 en
1299 1288 67 28 rätt
1387 1288 167 29 avsevärd
1576 1297 136 21 summa
1733 1289 59 29 allt

287 1323 85 30 efter
394 1324 182 31 avståndet
598 1326 51 29 till
672 1326 231 30 barnmorska
926 1327 82 29 eller
1030 1327 137 30 anstalt.
1214 1328 199 31 Kostnaden
1436 1329 55 30 för
1515 1329 181 38 hemhjälp
1720 1329 73 32 åter

286 1366 96 30 torde
403 1367 11 29 i
436 1369 86 28 stort
544 1370 63 28 sett
627 1368 134 30 variera
783 1368 10 30 i
815 1369 200 37 anslutning
1036 1369 51 30 till
1109 1369 401 38 dyrortsgrupperingen.
1558 1372 234 37 Utrustnings-

287 1408 233 31 kostnaderna
549 1409 125 31 liksom
702 1409 281 32 vårdkostnaden
1011 1411 73 30 lära
1112 1412 158 36 slutligen
1298 1412 75 31 icke
1401 1413 121 31 kunna
1552 1413 169 38 påverkas
1749 1424 43 21 av

286 1451 171 30 kvinnans
476 1452 281 36 bosättningsort.
800 1452 52 31 Då
870 1453 217 31 sistnämnda
1106 1454 186 30 kostnader
1310 1454 146 32 sålunda
1476 1456 121 30 kunna
1616 1457 176 30 betraktas

287 1502 74 21 som
379 1494 71 30 lika
469 1494 56 30 för
544 1495 68 29 alla
631 1495 66 29 och
717 1495 42 30 de
779 1495 145 37 drygare
944 1496 310 31 resekostnaderna
1273 1496 21 31 å
1314 1498 239 37 landsbygden
1576 1499 10 29 i
1607 1499 184 30 huvudsak

286 1536 95 30 torde
398 1536 121 30 kunna
536 1545 99 22 anses
652 1538 186 36 uppvägda
854 1547 43 20 av
913 1538 183 30 minskade
1113 1539 140 36 utgifter
1270 1539 54 30 för
1343 1539 181 38 hemhjälp
1543 1545 89 27 samt
1650 1543 142 29 omvänt

286 1578 41 29 de
348 1579 106 29 större
476 1579 234 30 kostnaderna
731 1579 55 30 för
807 1579 180 38 hemhjälp
1009 1579 21 31 å
1051 1581 42 30 de
1116 1581 123 36 dyrare
1261 1584 137 28 orterna
1420 1592 43 21 av
1485 1584 197 36 obetydliga
1703 1593 88 21 rese-

285 1620 149 36 utgifter,
461 1630 102 27 synes
588 1621 69 37 mig
682 1622 70 29 lika
777 1621 72 31 litet
874 1622 116 30 finnas
1016 1623 76 30 skäl
1117 1623 55 30 för
1198 1626 49 27 att
1273 1624 192 30 bestämma
1491 1626 223 30 understödet
1741 1627 50 29 till

285 1665 47 27 ett
353 1664 107 29 större
480 1664 127 36 belopp
629 1663 21 31 å
670 1664 204 36 dyrorterna
895 1674 75 21 som
992 1668 49 27 att
1063 1666 88 29 sätta
1172 1666 57 30 det
1252 1666 104 37 högre
1379 1666 54 30 för
1455 1667 257 38 landsbygdens
1734 1670 56 29 be-

285 1704 167 37 folkning.
497 1705 142 30 Erinras
659 1705 58 31 må
736 1707 97 35 även,
855 1709 49 28 att
924 1708 452 36 moderskapsunderstödet
1398 1708 106 32 också
1526 1710 104 37 enligt
1652 1720 47 20 nu
1722 1712 67 36 gäl-

284 1747 102 30 lande
413 1749 260 29 bestämmelser
700 1748 101 37 utgår
829 1749 78 30 med
936 1752 47 27 ett
1012 1750 65 30 fixt
1105 1750 136 38 belopp.
1295 1751 63 37 Jag
1387 1751 153 31 biträder
1571 1752 119 31 därför
1720 1754 69 29 för-

285 1790 114 36 slaget,
418 1793 48 27 att
484 1791 223 30 understödet
725 1791 185 30 fastställes
927 1792 52 30 till
998 1795 46 27 ett
1062 1792 55 30 för
1135 1793 67 30 alla
1221 1793 70 30 lika
1308 1794 127 37 belopp
1454 1795 77 35 och,
1551 1794 44 31 då
1612 1795 59 37 jag
1689 1804 101 22 anser

285 1832 65 30 den
370 1841 42 21 av
433 1833 272 30 kommissionen
726 1833 196 36 föreslagna
943 1834 191 37 höjningen
1156 1835 142 38 lämplig
1319 1836 66 30 och
1407 1837 120 37 skälig,
1550 1837 160 31 förordar
1732 1838 58 37 jag

283 1875 241 30 understödets
546 1876 263 30 bestämmande
830 1876 51 30 till
904 1877 40 30 75
968 1877 140 30 kronor.

327 1950 14 30 I
364 1952 177 30 motionen
566 1952 46 30 II:
625 1952 64 30 404
713 1952 64 30 har
802 1952 129 37 yrkats,
957 1956 49 27 att
1031 1953 424 38 moderskapspenningen
1480 1954 106 32 måtte
1611 1955 100 37 höjas
1737 1956 51 30 till

285 2001 60 29 100
366 2001 139 30 kronor.

329 2101 168 31 Utskottet
521 2102 115 31 finner
658 2103 10 29 i
691 2103 108 30 likhet
822 2104 78 29 med
923 2104 380 36 departementschefen
1327 2105 56 31 det
1406 2105 197 38 föreslagna
1626 2107 161 37 beloppet

283 2152 40 30 75
342 2152 128 30 kronor
488 2153 56 29 väl
563 2154 123 36 avvägt
704 2154 65 29 och
788 2154 179 36 avstyrker
987 2154 120 31 därför
1126 2155 55 30 det
1206 2155 4 30 i
1229 2155 176 31 motionen
1425 2156 45 30 II:
1485 2157 64 29 404
1569 2156 217 32 framställda

281 2202 347 38 ändringsyrkandet.

993 2307 21 29 3
1037 2307 30 35 $.

321 2370 113 38 Enligt
455 2381 47 21 nu
523 2372 158 36 gällande
702 2372 259 32 bestämmelser
982 2374 128 36 bygger
1130 2375 111 30 rätten
1263 2374 50 31 till
1334 2374 416 38 moderskapsunderstöd
1772 2376 10 29 i

275 2421 135 37 princip
427 2422 46 36 på
490 2422 121 31 behov.
644 2422 130 32 Sådant
789 2424 111 30 behov
918 2424 88 30 skall
1023 2425 189 31 emellertid
1232 2434 98 22 anses
1347 2425 174 38 föreligga,
1538 2436 59 21 om
1614 2426 53 31 för
1685 2426 96 30 kvin-

275 2480 72 21 nan
367 2472 90 37 eller,
480 2473 62 30 där
564 2473 70 31 hon
657 2474 38 29 är
716 2473 62 37 gift
798 2474 65 30 och
888 2476 251 30 sammanlever
1160 2476 79 30 med
1261 2476 52 30 sin
1334 2485 91 28 man,
1448 2476 54 31 för
1524 2477 170 30 makarna
1716 2476 65 30 till-
