<?xml version="1.0" encoding="UTF-8"?>
<alto xmlns="http://www.loc.gov/standards/alto/ns-v3#" xmlns:xlink="http://www.w3.org/1999/xlink" xmlns:xsi="http://www.w3.org/2001/XMLSchema-instance" xsi:schemaLocation="http://www.loc.gov/standards/alto/ns-v3# http://www.loc.gov/alto/v3/alto-3-0.xsd">
	<Description>
		<MeasurementUnit>pixel</MeasurementUnit>
		<sourceImageInformation>
			<fileName>/tmp/tess_94saovyj_input.PNG</fileName>
		</sourceImageInformation>
		<OCRProcessing ID="OCR_0">
			<ocrProcessingStep>
				<processingSoftware>
					<softwareName>tesseract 5.3.0</softwareName>
				</processingSoftware>
			</ocrProcessingStep>
		</OCRProcessing>
	</Description>
	<Layout>
		<Page WIDTH="2198" HEIGHT="2626" PHYSICAL_IMG_NR="0" ID="page_0">
			<PrintSpace HPOS="0" VPOS="0" WIDTH="2198" HEIGHT="2626">
				<ComposedBlock ID="cblock_0" HPOS="437" VPOS="193" WIDTH="1034" HEIGHT="47">
					<TextBlock ID="block_0" HPOS="437" VPOS="193" WIDTH="1034" HEIGHT="47">
						<TextLine ID="line_0" HPOS="437" VPOS="193" WIDTH="1034" HEIGHT="47">
							<String ID="string_0" HPOS="437" VPOS="195" WIDTH="18" HEIGHT="32" WC="0.96" CONTENT="2"/><SP WIDTH="448" VPOS="195" HPOS="455"/>
							<String ID="string_1" HPOS="903" VPOS="193" WIDTH="236" HEIGHT="47" WC="0.89" CONTENT="Lagutskottets"/><SP WIDTH="29" VPOS="193" HPOS="1139"/>
							<String ID="string_2" HPOS="1168" VPOS="195" WIDTH="166" HEIGHT="36" WC="0.96" CONTENT="Utlåtande"/><SP WIDTH="23" VPOS="195" HPOS="1334"/>
							<String ID="string_3" HPOS="1357" VPOS="196" WIDTH="61" HEIGHT="35" WC="0.96" CONTENT="N:o"/><SP WIDTH="23" VPOS="196" HPOS="1418"/>
							<String ID="string_4" HPOS="1441" VPOS="202" WIDTH="30" HEIGHT="30" WC="0.96" CONTENT="5."/>
						</TextLine>
					</TextBlock>
				</ComposedBlock>
				<ComposedBlock ID="cblock_1" HPOS="390" VPOS="274" WIDTH="1593" HEIGHT="364">
					<TextBlock ID="block_1" HPOS="390" VPOS="274" WIDTH="1593" HEIGHT="364">
						<TextLine ID="line_1" HPOS="393" VPOS="274" WIDTH="1590" HEIGHT="53">
							<String ID="string_5" HPOS="393" VPOS="274" WIDTH="116" HEIGHT="49" WC="0.92" CONTENT="dånig"/><SP WIDTH="32" VPOS="274" HPOS="509"/>
							<String ID="string_6" HPOS="541" VPOS="274" WIDTH="198" HEIGHT="38" WC="0.95" CONTENT="skrifvelse"/><SP WIDTH="28" VPOS="274" HPOS="739"/>
							<String ID="string_7" HPOS="767" VPOS="275" WIDTH="58" HEIGHT="37" WC="0.95" CONTENT="till"/><SP WIDTH="29" VPOS="275" HPOS="825"/>
							<String ID="string_8" HPOS="854" VPOS="275" WIDTH="141" HEIGHT="49" WC="0.95" CONTENT="Kungl."/><SP WIDTH="31" VPOS="275" HPOS="995"/>
							<String ID="string_9" HPOS="1026" VPOS="277" WIDTH="108" HEIGHT="48" WC="0.96" CONTENT="Maj:t"/><SP WIDTH="28" VPOS="277" HPOS="1134"/>
							<String ID="string_10" HPOS="1162" VPOS="277" WIDTH="162" HEIGHT="47" WC="0.96" CONTENT="anhålla,"/><SP WIDTH="31" VPOS="277" HPOS="1324"/>
							<String ID="string_11" HPOS="1355" VPOS="277" WIDTH="62" HEIGHT="37" WC="0.96" CONTENT="det"/><SP WIDTH="26" VPOS="277" HPOS="1417"/>
							<String ID="string_12" HPOS="1443" VPOS="277" WIDTH="147" HEIGHT="37" WC="0.96" CONTENT="täcktes"/><SP WIDTH="29" VPOS="277" HPOS="1590"/>
							<String ID="string_13" HPOS="1619" VPOS="277" WIDTH="141" HEIGHT="49" WC="0.96" CONTENT="Kungl."/><SP WIDTH="29" VPOS="277" HPOS="1760"/>
							<String ID="string_14" HPOS="1789" VPOS="277" WIDTH="108" HEIGHT="50" WC="0.96" CONTENT="Maj:t"/><SP WIDTH="26" VPOS="277" HPOS="1897"/>
							<String ID="string_15" HPOS="1923" VPOS="277" WIDTH="60" HEIGHT="37" WC="0.96" CONTENT="för"/>
						</TextLine>
						<TextLine ID="line_2" HPOS="391" VPOS="326" WIDTH="1591" HEIGHT="52">
							<String ID="string_16" HPOS="391" VPOS="326" WIDTH="221" HEIGHT="49" WC="0.95" CONTENT="Riksdagen"/><SP WIDTH="27" VPOS="326" HPOS="612"/>
							<String ID="string_17" HPOS="639" VPOS="327" WIDTH="216" HEIGHT="50" WC="0.95" CONTENT="framlägga"/><SP WIDTH="27" VPOS="327" HPOS="855"/>
							<String ID="string_18" HPOS="882" VPOS="328" WIDTH="145" HEIGHT="49" WC="0.95" CONTENT="förslag"/><SP WIDTH="28" VPOS="328" HPOS="1027"/>
							<String ID="string_19" HPOS="1055" VPOS="328" WIDTH="59" HEIGHT="37" WC="0.95" CONTENT="till"/><SP WIDTH="28" VPOS="328" HPOS="1114"/>
							<String ID="string_20" HPOS="1142" VPOS="328" WIDTH="144" HEIGHT="37" WC="0.96" CONTENT="ändrad"/><SP WIDTH="27" VPOS="328" HPOS="1286"/>
							<String ID="string_21" HPOS="1313" VPOS="329" WIDTH="143" HEIGHT="49" WC="0.95" CONTENT="lydelse"/><SP WIDTH="30" VPOS="329" HPOS="1456"/>
							<String ID="string_22" HPOS="1486" VPOS="330" WIDTH="42" HEIGHT="36" WC="0.93" CONTENT="af"/><SP WIDTH="24" VPOS="330" HPOS="1528"/>
							<String ID="string_23" HPOS="1552" VPOS="329" WIDTH="20" HEIGHT="49" WC="0.87" CONTENT="&amp;"/><SP WIDTH="31" VPOS="329" HPOS="1572"/>
							<String ID="string_24" HPOS="1603" VPOS="331" WIDTH="21" HEIGHT="34" WC="0.95" CONTENT="5"/><SP WIDTH="28" VPOS="331" HPOS="1624"/>
							<String ID="string_25" HPOS="1652" VPOS="330" WIDTH="12" HEIGHT="36" WC="0.95" CONTENT="i"/><SP WIDTH="28" VPOS="330" HPOS="1664"/>
							<String ID="string_26" HPOS="1692" VPOS="329" WIDTH="141" HEIGHT="49" WC="0.94" CONTENT="Kungl."/><SP WIDTH="21" VPOS="329" HPOS="1833"/>
							<String ID="string_27" HPOS="1854" VPOS="330" WIDTH="128" HEIGHT="47" WC="0.96" CONTENT="Maj:ts"/>
						</TextLine>
						<TextLine ID="line_3" HPOS="391" VPOS="378" WIDTH="1591" HEIGHT="52">
							<String ID="string_28" HPOS="391" VPOS="378" WIDTH="140" HEIGHT="49" WC="0.96" CONTENT="nådiga"/><SP WIDTH="40" VPOS="378" HPOS="531"/>
							<String ID="string_29" HPOS="571" VPOS="379" WIDTH="227" HEIGHT="49" WC="0.96" CONTENT="förordning"/><SP WIDTH="42" VPOS="379" HPOS="798"/>
							<String ID="string_30" HPOS="840" VPOS="380" WIDTH="40" HEIGHT="36" WC="0.96" CONTENT="af"/><SP WIDTH="24" VPOS="380" HPOS="880"/>
							<String ID="string_31" HPOS="904" VPOS="380" WIDTH="73" HEIGHT="36" WC="0.95" CONTENT="den"/><SP WIDTH="29" VPOS="380" HPOS="977"/>
							<String ID="string_32" HPOS="1006" VPOS="382" WIDTH="48" HEIGHT="34" WC="0.96" CONTENT="26"/><SP WIDTH="25" VPOS="382" HPOS="1054"/>
							<String ID="string_33" HPOS="1079" VPOS="380" WIDTH="152" HEIGHT="49" WC="0.96" CONTENT="januari"/><SP WIDTH="30" VPOS="380" HPOS="1231"/>
							<String ID="string_34" HPOS="1261" VPOS="382" WIDTH="111" HEIGHT="47" WC="0.96" CONTENT="1894,"/><SP WIDTH="29" VPOS="382" HPOS="1372"/>
							<String ID="string_35" HPOS="1401" VPOS="381" WIDTH="12" HEIGHT="36" WC="0.96" CONTENT="i"/><SP WIDTH="28" VPOS="381" HPOS="1413"/>
							<String ID="string_36" HPOS="1441" VPOS="381" WIDTH="100" HEIGHT="49" WC="0.96" CONTENT="syfte"/><SP WIDTH="30" VPOS="381" HPOS="1541"/>
							<String ID="string_37" HPOS="1571" VPOS="386" WIDTH="55" HEIGHT="31" WC="0.93" CONTENT="att"/><SP WIDTH="24" VPOS="386" HPOS="1626"/>
							<String ID="string_38" HPOS="1650" VPOS="381" WIDTH="169" HEIGHT="36" WC="0.92" CONTENT="hvarken"/><SP WIDTH="29" VPOS="381" HPOS="1819"/>
							<String ID="string_39" HPOS="1848" VPOS="381" WIDTH="134" HEIGHT="49" WC="0.91" CONTENT="skogs-"/>
						</TextLine>
						<TextLine ID="line_4" HPOS="390" VPOS="430" WIDTH="1592" HEIGHT="53">
							<String ID="string_40" HPOS="390" VPOS="430" WIDTH="119" HEIGHT="48" WC="0.96" CONTENT="mark,"/><SP WIDTH="44" VPOS="430" HPOS="509"/>
							<String ID="string_41" HPOS="553" VPOS="444" WIDTH="81" HEIGHT="24" WC="0.96" CONTENT="som"/><SP WIDTH="40" VPOS="444" HPOS="634"/>
							<String ID="string_42" HPOS="674" VPOS="431" WIDTH="56" HEIGHT="36" WC="0.92" CONTENT="till"/><SP WIDTH="43" VPOS="431" HPOS="730"/>
							<String ID="string_43" HPOS="773" VPOS="433" WIDTH="408" HEIGHT="46" WC="0.64" CONTENT="häradsallmänningar"/><SP WIDTH="39" VPOS="433" HPOS="1181"/>
							<String ID="string_44" HPOS="1220" VPOS="445" WIDTH="140" HEIGHT="36" WC="0.95" CONTENT="genom"/><SP WIDTH="41" VPOS="445" HPOS="1360"/>
							<String ID="string_45" HPOS="1401" VPOS="433" WIDTH="115" HEIGHT="50" WC="0.92" CONTENT="inköp"/><SP WIDTH="40" VPOS="433" HPOS="1516"/>
							<String ID="string_46" HPOS="1556" VPOS="433" WIDTH="223" HEIGHT="47" WC="0.91" CONTENT="förvärfvas,"/><SP WIDTH="29" VPOS="433" HPOS="1779"/>
							<String ID="string_47" HPOS="1808" VPOS="436" WIDTH="61" HEIGHT="33" WC="0.95" CONTENT="må"/><SP WIDTH="28" VPOS="436" HPOS="1869"/>
							<String ID="string_48" HPOS="1897" VPOS="433" WIDTH="85" HEIGHT="36" WC="0.96" CONTENT="från"/>
						</TextLine>
						<TextLine ID="line_5" HPOS="392" VPOS="482" WIDTH="1590" HEIGHT="51">
							<String ID="string_49" HPOS="392" VPOS="482" WIDTH="237" HEIGHT="50" WC="0.93" CONTENT="allmänning"/><SP WIDTH="27" VPOS="482" HPOS="629"/>
							<String ID="string_50" HPOS="656" VPOS="483" WIDTH="173" HEIGHT="49" WC="0.91" CONTENT="afyttras,"/><SP WIDTH="30" VPOS="483" HPOS="829"/>
							<String ID="string_51" HPOS="859" VPOS="484" WIDTH="32" HEIGHT="48" WC="0.96" CONTENT="ej"/><SP WIDTH="30" VPOS="484" HPOS="891"/>
							<String ID="string_52" HPOS="921" VPOS="483" WIDTH="121" HEIGHT="38" WC="0.96" CONTENT="heller"/><SP WIDTH="29" VPOS="483" HPOS="1042"/>
							<String ID="string_53" HPOS="1071" VPOS="484" WIDTH="109" HEIGHT="49" WC="0.96" CONTENT="skog,"/><SP WIDTH="29" VPOS="484" HPOS="1180"/>
							<String ID="string_54" HPOS="1209" VPOS="498" WIDTH="81" HEIGHT="23" WC="0.93" CONTENT="som"/><SP WIDTH="29" VPOS="498" HPOS="1290"/>
							<String ID="string_55" HPOS="1319" VPOS="485" WIDTH="91" HEIGHT="36" WC="0.92" CONTENT="därå"/><SP WIDTH="27" VPOS="485" HPOS="1410"/>
							<String ID="string_56" HPOS="1437" VPOS="485" WIDTH="122" HEIGHT="37" WC="0.96" CONTENT="finnes"/><SP WIDTH="30" VPOS="485" HPOS="1559"/>
							<String ID="string_57" HPOS="1589" VPOS="485" WIDTH="91" HEIGHT="37" WC="0.95" CONTENT="eller"/><SP WIDTH="27" VPOS="485" HPOS="1680"/>
							<String ID="string_58" HPOS="1707" VPOS="485" WIDTH="12" HEIGHT="36" WC="0.96" CONTENT="i"/><SP WIDTH="28" VPOS="485" HPOS="1719"/>
							<String ID="string_59" HPOS="1747" VPOS="485" WIDTH="136" HEIGHT="47" WC="0.93" CONTENT="slutna,"/><SP WIDTH="30" VPOS="485" HPOS="1883"/>
							<String ID="string_60" HPOS="1913" VPOS="485" WIDTH="69" HEIGHT="36" WC="0.88" CONTENT="lik-"/>
						</TextLine>
						<TextLine ID="line_6" HPOS="390" VPOS="533" WIDTH="1591" HEIGHT="53">
							<String ID="string_61" HPOS="390" VPOS="533" WIDTH="146" HEIGHT="51" WC="0.96" CONTENT="åldriga"/><SP WIDTH="28" VPOS="533" HPOS="536"/>
							<String ID="string_62" HPOS="564" VPOS="535" WIDTH="93" HEIGHT="37" WC="0.92" CONTENT="eller"/><SP WIDTH="28" VPOS="535" HPOS="657"/>
							<String ID="string_63" HPOS="685" VPOS="535" WIDTH="226" HEIGHT="49" WC="0.92" CONTENT="olikåldriga"/><SP WIDTH="28" VPOS="535" HPOS="911"/>
							<String ID="string_64" HPOS="939" VPOS="535" WIDTH="280" HEIGHT="49" WC="0.92" CONTENT="skogsbestånd"/><SP WIDTH="29" VPOS="535" HPOS="1219"/>
							<String ID="string_65" HPOS="1248" VPOS="541" WIDTH="42" HEIGHT="31" WC="0.96" CONTENT="är"/><SP WIDTH="27" VPOS="541" HPOS="1290"/>
							<String ID="string_66" HPOS="1317" VPOS="537" WIDTH="238" HEIGHT="49" WC="0.93" CONTENT="uppdragen,"/><SP WIDTH="31" VPOS="537" HPOS="1555"/>
							<String ID="string_67" HPOS="1586" VPOS="537" WIDTH="178" HEIGHT="37" WC="0.91" CONTENT="afverkas"/><SP WIDTH="29" VPOS="537" HPOS="1764"/>
							<String ID="string_68" HPOS="1793" VPOS="536" WIDTH="91" HEIGHT="37" WC="0.93" CONTENT="eller"/><SP WIDTH="23" VPOS="536" HPOS="1884"/>
							<String ID="string_69" HPOS="1907" VPOS="536" WIDTH="74" HEIGHT="37" WC="0.92" CONTENT="för-"/>
						</TextLine>
						<TextLine ID="line_7" HPOS="391" VPOS="585" WIDTH="1094" HEIGHT="53">
							<String ID="string_70" HPOS="391" VPOS="585" WIDTH="112" HEIGHT="50" WC="0.93" CONTENT="säljas"/><SP WIDTH="29" VPOS="585" HPOS="503"/>
							<String ID="string_71" HPOS="532" VPOS="592" WIDTH="117" HEIGHT="31" WC="0.96" CONTENT="annat"/><SP WIDTH="27" VPOS="592" HPOS="649"/>
							<String ID="string_72" HPOS="676" VPOS="591" WIDTH="47" HEIGHT="32" WC="0.96" CONTENT="än"/><SP WIDTH="29" VPOS="591" HPOS="723"/>
							<String ID="string_73" HPOS="752" VPOS="587" WIDTH="98" HEIGHT="37" WC="0.96" CONTENT="efter"/><SP WIDTH="27" VPOS="587" HPOS="850"/>
							<String ID="string_74" HPOS="877" VPOS="587" WIDTH="189" HEIGHT="37" WC="0.93" CONTENT="fastställd"/><SP WIDTH="28" VPOS="587" HPOS="1066"/>
							<String ID="string_75" HPOS="1094" VPOS="587" WIDTH="391" HEIGHT="51" WC="0.90" CONTENT="hushållningsplan.»"/>
						</TextLine>
					</TextBlock>
				</ComposedBlock>
				<ComposedBlock ID="cblock_2" HPOS="382" VPOS="844" WIDTH="1602" HEIGHT="1504">
					<TextBlock ID="block_2" HPOS="388" VPOS="844" WIDTH="1596" HEIGHT="154">
						<TextLine ID="line_8" HPOS="517" VPOS="844" WIDTH="1467" HEIGHT="54">
							<String ID="string_76" HPOS="517" VPOS="845" WIDTH="16" HEIGHT="37" WC="0.80" CONTENT="I"/><SP WIDTH="31" VPOS="845" HPOS="533"/>
							<String ID="string_77" HPOS="564" VPOS="847" WIDTH="21" HEIGHT="35" WC="0.80" CONTENT="5"/><SP WIDTH="42" VPOS="847" HPOS="585"/>
							<String ID="string_78" HPOS="627" VPOS="844" WIDTH="20" HEIGHT="50" WC="0.88" CONTENT="$"/><SP WIDTH="30" VPOS="844" HPOS="647"/>
							<String ID="string_79" HPOS="677" VPOS="845" WIDTH="39" HEIGHT="36" WC="0.92" CONTENT="af"/><SP WIDTH="25" VPOS="845" HPOS="716"/>
							<String ID="string_80" HPOS="741" VPOS="846" WIDTH="278" HEIGHT="38" WC="0.92" CONTENT="ofvanberörda"/><SP WIDTH="27" VPOS="846" HPOS="1019"/>
							<String ID="string_81" HPOS="1046" VPOS="848" WIDTH="228" HEIGHT="50" WC="0.92" CONTENT="förordning"/><SP WIDTH="26" VPOS="848" HPOS="1274"/>
							<String ID="string_82" HPOS="1300" VPOS="849" WIDTH="261" HEIGHT="48" WC="0.91" CONTENT="föreskrifves,"/><SP WIDTH="31" VPOS="849" HPOS="1561"/>
							<String ID="string_83" HPOS="1592" VPOS="854" WIDTH="55" HEIGHT="31" WC="0.96" CONTENT="att"/><SP WIDTH="27" VPOS="854" HPOS="1647"/>
							<String ID="string_84" HPOS="1674" VPOS="848" WIDTH="100" HEIGHT="37" WC="0.96" CONTENT="hvad"/><SP WIDTH="28" VPOS="848" HPOS="1774"/>
							<String ID="string_85" HPOS="1802" VPOS="849" WIDTH="12" HEIGHT="36" WC="0.96" CONTENT="i"/><SP WIDTH="31" VPOS="849" HPOS="1814"/>
							<String ID="string_86" HPOS="1845" VPOS="851" WIDTH="17" HEIGHT="35" WC="0.93" CONTENT="1"/><SP WIDTH="32" VPOS="851" HPOS="1862"/>
							<String ID="string_87" HPOS="1894" VPOS="848" WIDTH="20" HEIGHT="49" WC="0.58" CONTENT="8"/><SP WIDTH="30" VPOS="848" HPOS="1914"/>
							<String ID="string_88" HPOS="1944" VPOS="849" WIDTH="40" HEIGHT="36" WC="0.96" CONTENT="af"/>
						</TextLine>
						<TextLine ID="line_9" HPOS="389" VPOS="897" WIDTH="1591" HEIGHT="53">
							<String ID="string_89" HPOS="389" VPOS="910" WIDTH="144" HEIGHT="24" WC="0.96" CONTENT="samma"/><SP WIDTH="40" VPOS="910" HPOS="533"/>
							<String ID="string_90" HPOS="573" VPOS="897" WIDTH="227" HEIGHT="50" WC="0.95" CONTENT="förordning"/><SP WIDTH="41" VPOS="897" HPOS="800"/>
							<String ID="string_91" HPOS="841" VPOS="903" WIDTH="42" HEIGHT="32" WC="0.93" CONTENT="är"/><SP WIDTH="40" VPOS="903" HPOS="883"/>
							<String ID="string_92" HPOS="923" VPOS="899" WIDTH="181" HEIGHT="50" WC="0.91" CONTENT="stadgadt"/><SP WIDTH="41" VPOS="899" HPOS="1104"/>
							<String ID="string_93" HPOS="1145" VPOS="914" WIDTH="60" HEIGHT="23" WC="0.93" CONTENT="om"/><SP WIDTH="29" VPOS="914" HPOS="1205"/>
							<String ID="string_94" HPOS="1234" VPOS="901" WIDTH="262" HEIGHT="49" WC="0.91" CONTENT="kronoparker"/><SP WIDTH="27" VPOS="901" HPOS="1496"/>
							<String ID="string_95" HPOS="1523" VPOS="901" WIDTH="114" HEIGHT="37" WC="0.96" CONTENT="också"/><SP WIDTH="28" VPOS="901" HPOS="1637"/>
							<String ID="string_96" HPOS="1665" VPOS="901" WIDTH="96" HEIGHT="36" WC="0.96" CONTENT="skall"/><SP WIDTH="28" VPOS="901" HPOS="1761"/>
							<String ID="string_97" HPOS="1789" VPOS="901" WIDTH="102" HEIGHT="48" WC="0.96" CONTENT="gälla"/><SP WIDTH="28" VPOS="901" HPOS="1891"/>
							<String ID="string_98" HPOS="1919" VPOS="913" WIDTH="61" HEIGHT="24" WC="0.96" CONTENT="om"/>
						</TextLine>
						<TextLine ID="line_10" HPOS="388" VPOS="949" WIDTH="433" HEIGHT="49">
							<String ID="string_99" HPOS="388" VPOS="949" WIDTH="433" HEIGHT="49" WC="0.90" CONTENT="häradsallmänningar."/>
						</TextLine>
					</TextBlock>
					<TextBlock ID="block_3" HPOS="517" VPOS="1001" WIDTH="1067" HEIGHT="53">
						<TextLine ID="line_11" HPOS="517" VPOS="1001" WIDTH="1067" HEIGHT="53">
							<String ID="string_100" HPOS="517" VPOS="1001" WIDTH="75" HEIGHT="37" WC="0.96" CONTENT="Det"/><SP WIDTH="28" VPOS="1001" HPOS="592"/>
							<String ID="string_101" HPOS="620" VPOS="1001" WIDTH="223" HEIGHT="49" WC="0.93" CONTENT="stadgande,"/><SP WIDTH="29" VPOS="1001" HPOS="843"/>
							<String ID="string_102" HPOS="872" VPOS="1002" WIDTH="155" HEIGHT="37" WC="0.92" CONTENT="hvartill"/><SP WIDTH="29" VPOS="1002" HPOS="1027"/>
							<String ID="string_103" HPOS="1056" VPOS="1004" WIDTH="157" HEIGHT="36" WC="0.96" CONTENT="sålunda"/><SP WIDTH="28" VPOS="1004" HPOS="1213"/>
							<String ID="string_104" HPOS="1241" VPOS="1005" WIDTH="190" HEIGHT="47" WC="0.96" CONTENT="hänvisas,"/><SP WIDTH="28" VPOS="1005" HPOS="1431"/>
							<String ID="string_105" HPOS="1459" VPOS="1005" WIDTH="125" HEIGHT="49" WC="0.96" CONTENT="lyder:"/>
						</TextLine>
					</TextBlock>
					<TextBlock ID="block_4" HPOS="386" VPOS="1053" WIDTH="1594" HEIGHT="205">
						<TextLine ID="line_12" HPOS="515" VPOS="1053" WIDTH="1465" HEIGHT="49">
							<String ID="string_106" HPOS="515" VPOS="1053" WIDTH="345" HEIGHT="49" WC="0.74" CONTENT="»Kronoparkerna"/><SP WIDTH="49" VPOS="1053" HPOS="860"/>
							<String ID="string_107" HPOS="909" VPOS="1054" WIDTH="104" HEIGHT="37" WC="0.96" CONTENT="skola"/><SP WIDTH="49" VPOS="1054" HPOS="1013"/>
							<String ID="string_108" HPOS="1062" VPOS="1055" WIDTH="209" HEIGHT="37" WC="0.92" CONTENT="bibehållas"/><SP WIDTH="42" VPOS="1055" HPOS="1271"/>
							<String ID="string_109" HPOS="1313" VPOS="1057" WIDTH="282" HEIGHT="36" WC="0.91" CONTENT="oförminskade"/><SP WIDTH="43" VPOS="1057" HPOS="1595"/>
							<String ID="string_110" HPOS="1638" VPOS="1062" WIDTH="96" HEIGHT="31" WC="0.96" CONTENT="samt"/><SP WIDTH="41" VPOS="1062" HPOS="1734"/>
							<String ID="string_111" HPOS="1775" VPOS="1056" WIDTH="205" HEIGHT="37" WC="0.89" CONTENT="behandlas"/>
						</TextLine>
						<TextLine ID="line_13" HPOS="388" VPOS="1105" WIDTH="1592" HEIGHT="51">
							<String ID="string_112" HPOS="388" VPOS="1105" WIDTH="95" HEIGHT="36" WC="0.96" CONTENT="efter"/><SP WIDTH="27" VPOS="1105" HPOS="483"/>
							<String ID="string_113" HPOS="510" VPOS="1105" WIDTH="144" HEIGHT="36" WC="0.96" CONTENT="sådana"/><SP WIDTH="26" VPOS="1105" HPOS="654"/>
							<String ID="string_114" HPOS="680" VPOS="1107" WIDTH="49" HEIGHT="47" WC="0.96" CONTENT="på"/><SP WIDTH="27" VPOS="1107" HPOS="729"/>
							<String ID="string_115" HPOS="756" VPOS="1106" WIDTH="290" HEIGHT="49" WC="0.95" CONTENT="vetenskapliga"/><SP WIDTH="28" VPOS="1106" HPOS="1046"/>
							<String ID="string_116" HPOS="1074" VPOS="1107" WIDTH="127" HEIGHT="49" WC="0.96" CONTENT="regler"/><SP WIDTH="27" VPOS="1107" HPOS="1201"/>
							<String ID="string_117" HPOS="1228" VPOS="1108" WIDTH="210" HEIGHT="48" WC="0.96" CONTENT="grundade,"/><SP WIDTH="20" VPOS="1108" HPOS="1438"/>
							<String ID="string_118" HPOS="1458" VPOS="1109" WIDTH="59" HEIGHT="36" WC="0.96" CONTENT="för"/><SP WIDTH="20" VPOS="1109" HPOS="1517"/>
							<String ID="string_119" HPOS="1537" VPOS="1108" WIDTH="101" HEIGHT="37" WC="0.93" CONTENT="olika"/><SP WIDTH="19" VPOS="1108" HPOS="1638"/>
							<String ID="string_120" HPOS="1657" VPOS="1108" WIDTH="323" HEIGHT="37" WC="0.92" CONTENT="ortförhållanden"/>
						</TextLine>
						<TextLine ID="line_14" HPOS="386" VPOS="1156" WIDTH="1593" HEIGHT="52">
							<String ID="string_121" HPOS="386" VPOS="1157" WIDTH="175" HEIGHT="49" WC="0.91" CONTENT="lämpade"/><SP WIDTH="41" VPOS="1157" HPOS="561"/>
							<String ID="string_122" HPOS="602" VPOS="1156" WIDTH="412" HEIGHT="51" WC="0.91" CONTENT="hushållningsplaner,"/><SP WIDTH="44" VPOS="1156" HPOS="1014"/>
							<String ID="string_123" HPOS="1058" VPOS="1172" WIDTH="81" HEIGHT="23" WC="0.93" CONTENT="som"/><SP WIDTH="42" VPOS="1172" HPOS="1139"/>
							<String ID="string_124" HPOS="1181" VPOS="1159" WIDTH="79" HEIGHT="37" WC="0.92" CONTENT="afse"/><SP WIDTH="42" VPOS="1159" HPOS="1260"/>
							<String ID="string_125" HPOS="1302" VPOS="1160" WIDTH="168" HEIGHT="48" WC="0.96" CONTENT="skogens"/><SP WIDTH="41" VPOS="1160" HPOS="1470"/>
							<String ID="string_126" HPOS="1511" VPOS="1160" WIDTH="179" HEIGHT="36" WC="0.95" CONTENT="framtida"/><SP WIDTH="32" VPOS="1160" HPOS="1690"/>
							<String ID="string_127" HPOS="1722" VPOS="1160" WIDTH="160" HEIGHT="36" WC="0.96" CONTENT="bestånd"/><SP WIDTH="28" VPOS="1160" HPOS="1882"/>
							<String ID="string_128" HPOS="1910" VPOS="1160" WIDTH="69" HEIGHT="36" WC="0.97" CONTENT="och"/>
						</TextLine>
						<TextLine ID="line_15" HPOS="387" VPOS="1208" WIDTH="401" HEIGHT="50">
							<String ID="string_129" HPOS="387" VPOS="1208" WIDTH="139" HEIGHT="50" WC="0.93" CONTENT="högsta"/><SP WIDTH="29" VPOS="1208" HPOS="526"/>
							<String ID="string_130" HPOS="555" VPOS="1208" WIDTH="233" HEIGHT="50" WC="0.91" CONTENT="afkastning."/>
						</TextLine>
					</TextBlock>
					<TextBlock ID="block_5" HPOS="388" VPOS="1260" WIDTH="1593" HEIGHT="155">
						<TextLine ID="line_16" HPOS="514" VPOS="1260" WIDTH="1467" HEIGHT="53">
							<String ID="string_131" HPOS="514" VPOS="1260" WIDTH="340" HEIGHT="48" WC="0.91" CONTENT="Domänstyrelsen"/><SP WIDTH="42" VPOS="1260" HPOS="854"/>
							<String ID="string_132" HPOS="896" VPOS="1261" WIDTH="228" HEIGHT="38" WC="0.94" CONTENT="tillkommer"/><SP WIDTH="33" VPOS="1261" HPOS="1124"/>
							<String ID="string_133" HPOS="1157" VPOS="1268" WIDTH="54" HEIGHT="31" WC="0.95" CONTENT="att"/><SP WIDTH="28" VPOS="1268" HPOS="1211"/>
							<String ID="string_134" HPOS="1239" VPOS="1263" WIDTH="187" HEIGHT="37" WC="0.91" CONTENT="fastställa"/><SP WIDTH="27" VPOS="1263" HPOS="1426"/>
							<String ID="string_135" HPOS="1453" VPOS="1263" WIDTH="401" HEIGHT="50" WC="0.91" CONTENT="hushållningsplaner"/><SP WIDTH="28" VPOS="1263" HPOS="1854"/>
							<String ID="string_136" HPOS="1882" VPOS="1268" WIDTH="99" HEIGHT="32" WC="0.96" CONTENT="samt"/>
						</TextLine>
						<TextLine ID="line_17" HPOS="388" VPOS="1312" WIDTH="1591" HEIGHT="54">
							<String ID="string_137" HPOS="388" VPOS="1317" WIDTH="54" HEIGHT="32" WC="0.96" CONTENT="att"/><SP WIDTH="36" VPOS="1317" HPOS="442"/>
							<String ID="string_138" HPOS="478" VPOS="1312" WIDTH="175" HEIGHT="37" WC="0.96" CONTENT="meddela"/><SP WIDTH="36" VPOS="1312" HPOS="653"/>
							<String ID="string_139" HPOS="689" VPOS="1312" WIDTH="46" HEIGHT="36" WC="0.96" CONTENT="de"/><SP WIDTH="29" VPOS="1312" HPOS="735"/>
							<String ID="string_140" HPOS="764" VPOS="1312" WIDTH="184" HEIGHT="38" WC="0.96" CONTENT="särskilda"/><SP WIDTH="27" VPOS="1312" HPOS="948"/>
							<String ID="string_141" HPOS="975" VPOS="1314" WIDTH="251" HEIGHT="49" WC="0.96" CONTENT="föreskrifter,"/><SP WIDTH="29" VPOS="1314" HPOS="1226"/>
							<String ID="string_142" HPOS="1255" VPOS="1328" WIDTH="80" HEIGHT="24" WC="0.96" CONTENT="som"/><SP WIDTH="30" VPOS="1328" HPOS="1335"/>
							<String ID="string_143" HPOS="1365" VPOS="1315" WIDTH="12" HEIGHT="36" WC="0.96" CONTENT="i"/><SP WIDTH="28" VPOS="1315" HPOS="1377"/>
							<String ID="string_144" HPOS="1405" VPOS="1316" WIDTH="178" HEIGHT="37" WC="0.96" CONTENT="afseende"/><SP WIDTH="28" VPOS="1316" HPOS="1583"/>
							<String ID="string_145" HPOS="1611" VPOS="1318" WIDTH="48" HEIGHT="48" WC="0.96" CONTENT="på"/><SP WIDTH="28" VPOS="1318" HPOS="1659"/>
							<String ID="string_146" HPOS="1687" VPOS="1315" WIDTH="292" HEIGHT="48" WC="0.95" CONTENT="hushållningen"/>
						</TextLine>
						<TextLine ID="line_18" HPOS="389" VPOS="1364" WIDTH="901" HEIGHT="51">
							<String ID="string_147" HPOS="389" VPOS="1364" WIDTH="86" HEIGHT="37" WC="0.96" CONTENT="med"/><SP WIDTH="28" VPOS="1364" HPOS="475"/>
							<String ID="string_148" HPOS="503" VPOS="1364" WIDTH="111" HEIGHT="37" WC="0.96" CONTENT="dessa"/><SP WIDTH="27" VPOS="1364" HPOS="614"/>
							<String ID="string_149" HPOS="641" VPOS="1364" WIDTH="141" HEIGHT="49" WC="0.96" CONTENT="skogar"/><SP WIDTH="29" VPOS="1364" HPOS="782"/>
							<String ID="string_150" HPOS="811" VPOS="1364" WIDTH="129" HEIGHT="37" WC="0.96" CONTENT="kunna"/><SP WIDTH="28" VPOS="1364" HPOS="940"/>
							<String ID="string_151" HPOS="968" VPOS="1365" WIDTH="122" HEIGHT="38" WC="0.96" CONTENT="finnas"/><SP WIDTH="28" VPOS="1365" HPOS="1090"/>
							<String ID="string_152" HPOS="1118" VPOS="1366" WIDTH="172" HEIGHT="49" WC="0.94" CONTENT="nödiga.»"/>
						</TextLine>
					</TextBlock>
					<TextBlock ID="block_6" HPOS="384" VPOS="1416" WIDTH="1597" HEIGHT="412">
						<TextLine ID="line_19" HPOS="514" VPOS="1416" WIDTH="1464" HEIGHT="52">
							<String ID="string_153" HPOS="514" VPOS="1416" WIDTH="18" HEIGHT="36" WC="0.95" CONTENT="I"/><SP WIDTH="42" VPOS="1416" HPOS="532"/>
							<String ID="string_154" HPOS="574" VPOS="1416" WIDTH="117" HEIGHT="36" WC="0.95" CONTENT="andra"/><SP WIDTH="42" VPOS="1416" HPOS="691"/>
							<String ID="string_155" HPOS="733" VPOS="1416" WIDTH="40" HEIGHT="36" WC="0.95" CONTENT="af"/><SP WIDTH="38" VPOS="1416" HPOS="773"/>
							<String ID="string_156" HPOS="811" VPOS="1417" WIDTH="238" HEIGHT="37" WC="0.96" CONTENT="motionären"/><SP WIDTH="34" VPOS="1417" HPOS="1049"/>
							<String ID="string_157" HPOS="1083" VPOS="1418" WIDTH="65" HEIGHT="37" WC="0.96" CONTENT="vid"/><SP WIDTH="40" VPOS="1418" HPOS="1148"/>
							<String ID="string_158" HPOS="1188" VPOS="1418" WIDTH="259" HEIGHT="38" WC="0.96" CONTENT="innevarande"/><SP WIDTH="25" VPOS="1418" HPOS="1447"/>
							<String ID="string_159" HPOS="1472" VPOS="1422" WIDTH="60" HEIGHT="34" WC="0.96" CONTENT="års"/><SP WIDTH="28" VPOS="1422" HPOS="1532"/>
							<String ID="string_160" HPOS="1560" VPOS="1419" WIDTH="155" HEIGHT="49" WC="0.96" CONTENT="riksdag"/><SP WIDTH="28" VPOS="1419" HPOS="1715"/>
							<String ID="string_161" HPOS="1743" VPOS="1419" WIDTH="137" HEIGHT="37" WC="0.96" CONTENT="väckta"/><SP WIDTH="28" VPOS="1419" HPOS="1880"/>
							<String ID="string_162" HPOS="1908" VPOS="1419" WIDTH="70" HEIGHT="37" WC="0.96" CONTENT="och"/>
						</TextLine>
						<TextLine ID="line_20" HPOS="388" VPOS="1467" WIDTH="1591" HEIGHT="53">
							<String ID="string_163" HPOS="388" VPOS="1467" WIDTH="58" HEIGHT="37" WC="0.96" CONTENT="till"/><SP WIDTH="26" VPOS="1467" HPOS="446"/>
							<String ID="string_164" HPOS="472" VPOS="1467" WIDTH="190" HEIGHT="37" WC="0.96" CONTENT="utskottet"/><SP WIDTH="27" VPOS="1467" HPOS="662"/>
							<String ID="string_165" HPOS="689" VPOS="1467" WIDTH="209" HEIGHT="38" WC="0.96" CONTENT="hänvisade"/><SP WIDTH="28" VPOS="1467" HPOS="898"/>
							<String ID="string_166" HPOS="926" VPOS="1470" WIDTH="190" HEIGHT="37" WC="0.96" CONTENT="motioner"/><SP WIDTH="27" VPOS="1470" HPOS="1116"/>
							<String ID="string_167" HPOS="1143" VPOS="1470" WIDTH="69" HEIGHT="37" WC="0.96" CONTENT="har"/><SP WIDTH="27" VPOS="1470" HPOS="1212"/>
							<String ID="string_168" HPOS="1239" VPOS="1471" WIDTH="239" HEIGHT="37" WC="0.96" CONTENT="motionären"/><SP WIDTH="27" VPOS="1471" HPOS="1478"/>
							<String ID="string_169" HPOS="1505" VPOS="1471" WIDTH="210" HEIGHT="37" WC="0.53" CONTENT="framhållit"/><SP WIDTH="28" VPOS="1471" HPOS="1715"/>
							<String ID="string_170" HPOS="1743" VPOS="1471" WIDTH="86" HEIGHT="48" WC="0.96" CONTENT="den,"/><SP WIDTH="29" VPOS="1471" HPOS="1829"/>
							<String ID="string_171" HPOS="1858" VPOS="1471" WIDTH="121" HEIGHT="49" WC="0.96" CONTENT="enligt"/>
						</TextLine>
						<TextLine ID="line_21" HPOS="386" VPOS="1519" WIDTH="1592" HEIGHT="52">
							<String ID="string_172" HPOS="386" VPOS="1520" WIDTH="94" HEIGHT="37" WC="0.90" CONTENT="hang"/><SP WIDTH="42" VPOS="1520" HPOS="480"/>
							<String ID="string_173" HPOS="522" VPOS="1519" WIDTH="112" HEIGHT="48" WC="0.96" CONTENT="åsikt,"/><SP WIDTH="43" VPOS="1519" HPOS="634"/>
							<String ID="string_174" HPOS="677" VPOS="1525" WIDTH="102" HEIGHT="32" WC="0.96" CONTENT="stora"/><SP WIDTH="41" VPOS="1525" HPOS="779"/>
							<String ID="string_175" HPOS="820" VPOS="1520" WIDTH="101" HEIGHT="38" WC="0.96" CONTENT="vinst"/><SP WIDTH="40" VPOS="1520" HPOS="921"/>
							<String ID="string_176" HPOS="961" VPOS="1522" WIDTH="59" HEIGHT="36" WC="0.96" CONTENT="för"/><SP WIDTH="23" VPOS="1522" HPOS="1020"/>
							<String ID="string_177" HPOS="1043" VPOS="1522" WIDTH="127" HEIGHT="37" WC="0.96" CONTENT="landet"/><SP WIDTH="27" VPOS="1522" HPOS="1170"/>
							<String ID="string_178" HPOS="1197" VPOS="1522" WIDTH="12" HEIGHT="37" WC="0.93" CONTENT="i"/><SP WIDTH="27" VPOS="1522" HPOS="1209"/>
							<String ID="string_179" HPOS="1236" VPOS="1522" WIDTH="414" HEIGHT="38" WC="0.91" CONTENT="nationalekonomiskt"/><SP WIDTH="28" VPOS="1522" HPOS="1650"/>
							<String ID="string_180" HPOS="1678" VPOS="1523" WIDTH="190" HEIGHT="48" WC="0.94" CONTENT="afseende,"/><SP WIDTH="29" VPOS="1523" HPOS="1868"/>
							<String ID="string_181" HPOS="1897" VPOS="1536" WIDTH="81" HEIGHT="24" WC="0.96" CONTENT="som"/>
						</TextLine>
						<TextLine ID="line_22" HPOS="388" VPOS="1571" WIDTH="1589" HEIGHT="54">
							<String ID="string_182" HPOS="388" VPOS="1571" WIDTH="119" HEIGHT="37" WC="0.96" CONTENT="skulle"/><SP WIDTH="28" VPOS="1571" HPOS="507"/>
							<String ID="string_183" HPOS="535" VPOS="1574" WIDTH="140" HEIGHT="47" WC="0.96" CONTENT="uppstå"/><SP WIDTH="28" VPOS="1574" HPOS="675"/>
							<String ID="string_184" HPOS="703" VPOS="1572" WIDTH="234" HEIGHT="49" WC="0.96" CONTENT="därigenom,"/><SP WIDTH="30" VPOS="1572" HPOS="937"/>
							<String ID="string_185" HPOS="967" VPOS="1578" WIDTH="56" HEIGHT="32" WC="0.96" CONTENT="att"/><SP WIDTH="28" VPOS="1578" HPOS="1023"/>
							<String ID="string_186" HPOS="1051" VPOS="1574" WIDTH="173" HEIGHT="37" WC="0.96" CONTENT="enskilda"/><SP WIDTH="28" VPOS="1574" HPOS="1224"/>
							<String ID="string_187" HPOS="1252" VPOS="1575" WIDTH="143" HEIGHT="50" WC="0.96" CONTENT="skogar"/><SP WIDTH="26" VPOS="1575" HPOS="1395"/>
							<String ID="string_188" HPOS="1421" VPOS="1575" WIDTH="13" HEIGHT="36" WC="0.95" CONTENT="i"/><SP WIDTH="28" VPOS="1575" HPOS="1434"/>
							<String ID="string_189" HPOS="1462" VPOS="1578" WIDTH="41" HEIGHT="34" WC="0.95" CONTENT="så"/><SP WIDTH="28" VPOS="1578" HPOS="1503"/>
							<String ID="string_190" HPOS="1531" VPOS="1581" WIDTH="81" HEIGHT="31" WC="0.96" CONTENT="stor"/><SP WIDTH="27" VPOS="1581" HPOS="1612"/>
							<String ID="string_191" HPOS="1639" VPOS="1576" WIDTH="231" HEIGHT="49" WC="0.96" CONTENT="omfattning"/><SP WIDTH="27" VPOS="1576" HPOS="1870"/>
							<String ID="string_192" HPOS="1897" VPOS="1588" WIDTH="80" HEIGHT="24" WC="0.96" CONTENT="som"/>
						</TextLine>
						<TextLine ID="line_23" HPOS="385" VPOS="1623" WIDTH="1592" HEIGHT="52">
							<String ID="string_193" HPOS="385" VPOS="1623" WIDTH="151" HEIGHT="50" WC="0.94" CONTENT="möjligt"/><SP WIDTH="27" VPOS="1623" HPOS="536"/>
							<String ID="string_194" HPOS="563" VPOS="1624" WIDTH="155" HEIGHT="49" WC="0.96" CONTENT="gjordes"/><SP WIDTH="28" VPOS="1624" HPOS="718"/>
							<String ID="string_195" HPOS="746" VPOS="1624" WIDTH="57" HEIGHT="36" WC="0.96" CONTENT="till"/><SP WIDTH="29" VPOS="1624" HPOS="803"/>
							<String ID="string_196" HPOS="832" VPOS="1625" WIDTH="187" HEIGHT="37" WC="0.96" CONTENT="allmänna"/><SP WIDTH="29" VPOS="1625" HPOS="1019"/>
							<String ID="string_197" HPOS="1048" VPOS="1626" WIDTH="152" HEIGHT="49" WC="0.96" CONTENT="skogar,"/><SP WIDTH="27" VPOS="1626" HPOS="1200"/>
							<String ID="string_198" HPOS="1227" VPOS="1640" WIDTH="94" HEIGHT="35" WC="0.96" CONTENT="som,"/><SP WIDTH="21" VPOS="1640" HPOS="1321"/>
							<String ID="string_199" HPOS="1342" VPOS="1627" WIDTH="135" HEIGHT="37" WC="0.96" CONTENT="ställda"/><SP WIDTH="19" VPOS="1627" HPOS="1477"/>
							<String ID="string_200" HPOS="1496" VPOS="1628" WIDTH="119" HEIGHT="36" WC="0.96" CONTENT="under"/><SP WIDTH="20" VPOS="1628" HPOS="1615"/>
							<String ID="string_201" HPOS="1635" VPOS="1632" WIDTH="144" HEIGHT="32" WC="0.96" CONTENT="statens"/><SP WIDTH="20" VPOS="1632" HPOS="1779"/>
							<String ID="string_202" HPOS="1799" VPOS="1627" WIDTH="178" HEIGHT="47" WC="0.96" CONTENT="kontroll,"/>
						</TextLine>
						<TextLine ID="line_24" HPOS="385" VPOS="1675" WIDTH="1592" HEIGHT="54">
							<String ID="string_203" HPOS="385" VPOS="1675" WIDTH="150" HEIGHT="37" WC="0.95" CONTENT="komme"/><SP WIDTH="43" VPOS="1675" HPOS="535"/>
							<String ID="string_204" HPOS="578" VPOS="1680" WIDTH="56" HEIGHT="31" WC="0.95" CONTENT="att"/><SP WIDTH="37" VPOS="1680" HPOS="634"/>
							<String ID="string_205" HPOS="671" VPOS="1676" WIDTH="127" HEIGHT="36" WC="0.96" CONTENT="skötas"/><SP WIDTH="39" VPOS="1676" HPOS="798"/>
							<String ID="string_206" HPOS="837" VPOS="1677" WIDTH="94" HEIGHT="37" WC="0.96" CONTENT="efter"/><SP WIDTH="41" VPOS="1677" HPOS="931"/>
							<String ID="string_207" HPOS="972" VPOS="1678" WIDTH="58" HEIGHT="36" WC="0.93" CONTENT="för"/><SP WIDTH="41" VPOS="1678" HPOS="1030"/>
							<String ID="string_208" HPOS="1071" VPOS="1678" WIDTH="369" HEIGHT="38" WC="0.90" CONTENT="ortsförhållandena"/><SP WIDTH="41" VPOS="1678" HPOS="1440"/>
							<String ID="string_209" HPOS="1481" VPOS="1679" WIDTH="175" HEIGHT="50" WC="0.89" CONTENT="lämpade"/><SP WIDTH="36" VPOS="1679" HPOS="1656"/>
							<String ID="string_210" HPOS="1692" VPOS="1679" WIDTH="285" HEIGHT="49" WC="0.89" CONTENT="hushållnings-"/>
						</TextLine>
						<TextLine ID="line_25" HPOS="384" VPOS="1727" WIDTH="1597" HEIGHT="53">
							<String ID="string_211" HPOS="384" VPOS="1727" WIDTH="147" HEIGHT="49" WC="0.96" CONTENT="planer;"/><SP WIDTH="39" VPOS="1727" HPOS="531"/>
							<String ID="string_212" HPOS="570" VPOS="1727" WIDTH="70" HEIGHT="37" WC="0.96" CONTENT="och"/><SP WIDTH="41" VPOS="1727" HPOS="640"/>
							<String ID="string_213" HPOS="681" VPOS="1727" WIDTH="67" HEIGHT="37" WC="0.96" CONTENT="har"/><SP WIDTH="41" VPOS="1727" HPOS="748"/>
							<String ID="string_214" HPOS="789" VPOS="1728" WIDTH="235" HEIGHT="38" WC="0.96" CONTENT="motionären"/><SP WIDTH="37" VPOS="1728" HPOS="1024"/>
							<String ID="string_215" HPOS="1061" VPOS="1730" WIDTH="113" HEIGHT="37" WC="0.96" CONTENT="också"/><SP WIDTH="28" VPOS="1730" HPOS="1174"/>
							<String ID="string_216" HPOS="1202" VPOS="1731" WIDTH="200" HEIGHT="49" WC="0.96" CONTENT="föreslagit"/><SP WIDTH="28" VPOS="1731" HPOS="1402"/>
							<String ID="string_217" HPOS="1430" VPOS="1732" WIDTH="179" HEIGHT="48" WC="0.95" CONTENT="åtgärder"/><SP WIDTH="27" VPOS="1732" HPOS="1609"/>
							<String ID="string_218" HPOS="1636" VPOS="1731" WIDTH="58" HEIGHT="36" WC="0.96" CONTENT="till"/><SP WIDTH="27" VPOS="1731" HPOS="1694"/>
							<String ID="string_219" HPOS="1721" VPOS="1731" WIDTH="190" HEIGHT="37" WC="0.96" CONTENT="vinnande"/><SP WIDTH="30" VPOS="1731" HPOS="1911"/>
							<String ID="string_220" HPOS="1941" VPOS="1731" WIDTH="40" HEIGHT="35" WC="0.96" CONTENT="af"/>
						</TextLine>
						<TextLine ID="line_26" HPOS="385" VPOS="1779" WIDTH="240" HEIGHT="49">
							<String ID="string_221" HPOS="385" VPOS="1779" WIDTH="101" HEIGHT="36" WC="0.96" CONTENT="detta"/><SP WIDTH="28" VPOS="1779" HPOS="486"/>
							<String ID="string_222" HPOS="514" VPOS="1779" WIDTH="111" HEIGHT="49" WC="0.96" CONTENT="syfte."/>
						</TextLine>
					</TextBlock>
					<TextBlock ID="block_7" HPOS="382" VPOS="1829" WIDTH="1595" HEIGHT="519">
						<TextLine ID="line_27" HPOS="514" VPOS="1829" WIDTH="1462" HEIGHT="55">
							<String ID="string_223" HPOS="514" VPOS="1829" WIDTH="151" HEIGHT="38" WC="0.95" CONTENT="Samma"/><SP WIDTH="41" VPOS="1829" HPOS="665"/>
							<String ID="string_224" HPOS="706" VPOS="1833" WIDTH="116" HEIGHT="36" WC="0.96" CONTENT="tanke"/><SP WIDTH="42" VPOS="1833" HPOS="822"/>
							<String ID="string_225" HPOS="864" VPOS="1846" WIDTH="113" HEIGHT="36" WC="0.96" CONTENT="synes"/><SP WIDTH="42" VPOS="1846" HPOS="977"/>
							<String ID="string_226" HPOS="1019" VPOS="1834" WIDTH="71" HEIGHT="37" WC="0.96" CONTENT="ock"/><SP WIDTH="43" VPOS="1834" HPOS="1090"/>
							<String ID="string_227" HPOS="1133" VPOS="1834" WIDTH="107" HEIGHT="50" WC="0.96" CONTENT="ligga"/><SP WIDTH="41" VPOS="1834" HPOS="1240"/>
							<String ID="string_228" HPOS="1281" VPOS="1835" WIDTH="58" HEIGHT="37" WC="0.96" CONTENT="till"/><SP WIDTH="41" VPOS="1835" HPOS="1339"/>
							<String ID="string_229" HPOS="1380" VPOS="1836" WIDTH="123" HEIGHT="48" WC="0.0" CONTENT="grund"/><SP WIDTH="26" VPOS="1836" HPOS="1503"/>
							<String ID="string_230" HPOS="1529" VPOS="1834" WIDTH="77" HEIGHT="45" WC="0.0" CONTENT="för"/><SP WIDTH="41" VPOS="1834" HPOS="1606"/>
							<String ID="string_231" HPOS="1647" VPOS="1850" WIDTH="51" HEIGHT="23" WC="0.94" CONTENT="nu"/><SP WIDTH="28" VPOS="1850" HPOS="1698"/>
							<String ID="string_232" HPOS="1726" VPOS="1835" WIDTH="250" HEIGHT="37" WC="0.96" CONTENT="förevarande"/>
						</TextLine>
						<TextLine ID="line_28" HPOS="384" VPOS="1882" WIDTH="1593" HEIGHT="55">
							<String ID="string_233" HPOS="384" VPOS="1882" WIDTH="154" HEIGHT="49" WC="0.95" CONTENT="motion,"/><SP WIDTH="43" VPOS="1882" HPOS="538"/>
							<String ID="string_234" HPOS="581" VPOS="1883" WIDTH="156" HEIGHT="36" WC="0.96" CONTENT="hvilken"/><SP WIDTH="37" VPOS="1883" HPOS="737"/>
							<String ID="string_235" HPOS="774" VPOS="1885" WIDTH="210" HEIGHT="37" WC="0.96" CONTENT="emellertid"/><SP WIDTH="36" VPOS="1885" HPOS="984"/>
							<String ID="string_236" HPOS="1020" VPOS="1886" WIDTH="98" HEIGHT="36" WC="0.93" CONTENT="blott"/><SP WIDTH="28" VPOS="1886" HPOS="1118"/>
							<String ID="string_237" HPOS="1146" VPOS="1887" WIDTH="101" HEIGHT="37" WC="0.90" CONTENT="afser"/><SP WIDTH="28" VPOS="1887" HPOS="1247"/>
							<String ID="string_238" HPOS="1275" VPOS="1887" WIDTH="65" HEIGHT="37" WC="0.96" CONTENT="det"/><SP WIDTH="28" VPOS="1887" HPOS="1340"/>
							<String ID="string_239" HPOS="1368" VPOS="1888" WIDTH="175" HEIGHT="49" WC="0.96" CONTENT="speciella"/><SP WIDTH="28" VPOS="1888" HPOS="1543"/>
							<String ID="string_240" HPOS="1571" VPOS="1888" WIDTH="78" HEIGHT="47" WC="0.96" CONTENT="fall,"/><SP WIDTH="31" VPOS="1888" HPOS="1649"/>
							<String ID="string_241" HPOS="1680" VPOS="1893" WIDTH="54" HEIGHT="31" WC="0.96" CONTENT="att"/><SP WIDTH="27" VPOS="1893" HPOS="1734"/>
							<String ID="string_242" HPOS="1761" VPOS="1888" WIDTH="176" HEIGHT="48" WC="0.96" CONTENT="delägare"/><SP WIDTH="28" VPOS="1888" HPOS="1937"/>
							<String ID="string_243" HPOS="1965" VPOS="1888" WIDTH="12" HEIGHT="36" WC="0.96" CONTENT="i"/>
						</TextLine>
						<TextLine ID="line_29" HPOS="385" VPOS="1934" WIDTH="1591" HEIGHT="55">
							<String ID="string_244" HPOS="385" VPOS="1948" WIDTH="47" HEIGHT="23" WC="0.96" CONTENT="en"/><SP WIDTH="27" VPOS="1948" HPOS="432"/>
							<String ID="string_245" HPOS="459" VPOS="1934" WIDTH="379" HEIGHT="51" WC="0.96" CONTENT="häradsallmänning"/><SP WIDTH="27" VPOS="1934" HPOS="838"/>
							<String ID="string_246" HPOS="865" VPOS="1950" WIDTH="137" HEIGHT="35" WC="0.96" CONTENT="genom"/><SP WIDTH="31" VPOS="1950" HPOS="1002"/>
							<String ID="string_247" HPOS="1033" VPOS="1938" WIDTH="75" HEIGHT="49" WC="0.93" CONTENT="köp"/><SP WIDTH="29" VPOS="1938" HPOS="1108"/>
							<String ID="string_248" HPOS="1137" VPOS="1939" WIDTH="196" HEIGHT="37" WC="0.91" CONTENT="förvärfva"/><SP WIDTH="29" VPOS="1939" HPOS="1333"/>
							<String ID="string_249" HPOS="1362" VPOS="1940" WIDTH="116" HEIGHT="47" WC="0.96" CONTENT="mark,"/><SP WIDTH="31" VPOS="1940" HPOS="1478"/>
							<String ID="string_250" HPOS="1509" VPOS="1953" WIDTH="80" HEIGHT="24" WC="0.89" CONTENT="som"/><SP WIDTH="30" VPOS="1953" HPOS="1589"/>
							<String ID="string_251" HPOS="1619" VPOS="1940" WIDTH="181" HEIGHT="49" WC="0.89" CONTENT="tillägges"/><SP WIDTH="23" VPOS="1940" HPOS="1800"/>
							<String ID="string_252" HPOS="1823" VPOS="1940" WIDTH="153" HEIGHT="36" WC="0.92" CONTENT="härads-"/>
						</TextLine>
						<TextLine ID="line_30" HPOS="384" VPOS="1986" WIDTH="1590" HEIGHT="54">
							<String ID="string_253" HPOS="384" VPOS="1986" WIDTH="287" HEIGHT="50" WC="0.96" CONTENT="allmänningen"/><SP WIDTH="29" VPOS="1986" HPOS="671"/>
							<String ID="string_254" HPOS="700" VPOS="1988" WIDTH="70" HEIGHT="36" WC="0.96" CONTENT="och"/><SP WIDTH="29" VPOS="1988" HPOS="770"/>
							<String ID="string_255" HPOS="799" VPOS="1988" WIDTH="140" HEIGHT="38" WC="0.96" CONTENT="brukas"/><SP WIDTH="28" VPOS="1988" HPOS="939"/>
							<String ID="string_256" HPOS="967" VPOS="1989" WIDTH="12" HEIGHT="36" WC="0.96" CONTENT="i"/><SP WIDTH="28" VPOS="1989" HPOS="979"/>
							<String ID="string_257" HPOS="1007" VPOS="1991" WIDTH="276" HEIGHT="49" WC="0.96" CONTENT="sammanhang"/><SP WIDTH="16" VPOS="1991" HPOS="1283"/>
							<String ID="string_258" HPOS="1299" VPOS="1991" WIDTH="85" HEIGHT="37" WC="0.96" CONTENT="med"/><SP WIDTH="20" VPOS="1991" HPOS="1384"/>
							<String ID="string_259" HPOS="1404" VPOS="1991" WIDTH="134" HEIGHT="37" WC="0.93" CONTENT="denna."/><SP WIDTH="45" VPOS="1991" HPOS="1538"/>
							<String ID="string_260" HPOS="1583" VPOS="1992" WIDTH="73" HEIGHT="35" WC="0.96" CONTENT="För"/><SP WIDTH="19" VPOS="1992" HPOS="1656"/>
							<String ID="string_261" HPOS="1675" VPOS="1997" WIDTH="55" HEIGHT="31" WC="0.96" CONTENT="att"/><SP WIDTH="19" VPOS="1997" HPOS="1730"/>
							<String ID="string_262" HPOS="1749" VPOS="1992" WIDTH="225" HEIGHT="48" WC="0.95" CONTENT="förebygga,"/>
						</TextLine>
						<TextLine ID="line_31" HPOS="385" VPOS="2038" WIDTH="1590" HEIGHT="54">
							<String ID="string_263" HPOS="385" VPOS="2043" WIDTH="66" HEIGHT="43" WC="0.96" CONTENT="att,"/><SP WIDTH="34" VPOS="2043" HPOS="451"/>
							<String ID="string_264" HPOS="485" VPOS="2038" WIDTH="118" HEIGHT="37" WC="0.96" CONTENT="sedan"/><SP WIDTH="29" VPOS="2038" HPOS="603"/>
							<String ID="string_265" HPOS="632" VPOS="2039" WIDTH="103" HEIGHT="49" WC="0.96" CONTENT="dylik"/><SP WIDTH="30" VPOS="2039" HPOS="735"/>
							<String ID="string_266" HPOS="765" VPOS="2040" WIDTH="109" HEIGHT="36" WC="0.96" CONTENT="mark"/><SP WIDTH="28" VPOS="2040" HPOS="874"/>
							<String ID="string_267" HPOS="902" VPOS="2054" WIDTH="47" HEIGHT="23" WC="0.96" CONTENT="en"/><SP WIDTH="27" VPOS="2054" HPOS="949"/>
							<String ID="string_268" HPOS="976" VPOS="2044" WIDTH="108" HEIGHT="46" WC="0.96" CONTENT="gång"/><SP WIDTH="28" VPOS="2044" HPOS="1084"/>
							<String ID="string_269" HPOS="1112" VPOS="2042" WIDTH="167" HEIGHT="37" WC="0.96" CONTENT="förenats"/><SP WIDTH="28" VPOS="2042" HPOS="1279"/>
							<String ID="string_270" HPOS="1307" VPOS="2043" WIDTH="86" HEIGHT="37" WC="0.96" CONTENT="med"/><SP WIDTH="30" VPOS="2043" HPOS="1393"/>
							<String ID="string_271" HPOS="1423" VPOS="2043" WIDTH="285" HEIGHT="49" WC="0.96" CONTENT="allmänningen"/><SP WIDTH="29" VPOS="2043" HPOS="1708"/>
							<String ID="string_272" HPOS="1737" VPOS="2043" WIDTH="70" HEIGHT="37" WC="0.96" CONTENT="och"/><SP WIDTH="27" VPOS="2043" HPOS="1807"/>
							<String ID="string_273" HPOS="1834" VPOS="2056" WIDTH="141" HEIGHT="36" WC="0.95" CONTENT="genom"/>
						</TextLine>
						<TextLine ID="line_32" HPOS="385" VPOS="2090" WIDTH="1591" HEIGHT="53">
							<String ID="string_274" HPOS="385" VPOS="2103" WIDTH="47" HEIGHT="23" WC="0.95" CONTENT="en"/><SP WIDTH="40" VPOS="2103" HPOS="432"/>
							<String ID="string_275" HPOS="472" VPOS="2090" WIDTH="177" HEIGHT="37" WC="0.93" CONTENT="rationell"/><SP WIDTH="42" VPOS="2090" HPOS="649"/>
							<String ID="string_276" HPOS="691" VPOS="2091" WIDTH="367" HEIGHT="52" WC="0.56" CONTENT="skogshusbållning"/><SP WIDTH="41" VPOS="2091" HPOS="1058"/>
							<String ID="string_277" HPOS="1099" VPOS="2094" WIDTH="109" HEIGHT="49" WC="0.95" CONTENT="stigit"/><SP WIDTH="39" VPOS="2094" HPOS="1208"/>
							<String ID="string_278" HPOS="1247" VPOS="2095" WIDTH="12" HEIGHT="35" WC="0.96" CONTENT="i"/><SP WIDTH="41" VPOS="2095" HPOS="1259"/>
							<String ID="string_279" HPOS="1300" VPOS="2095" WIDTH="128" HEIGHT="47" WC="0.92" CONTENT="värde,"/><SP WIDTH="30" VPOS="2095" HPOS="1428"/>
							<String ID="string_280" HPOS="1458" VPOS="2095" WIDTH="206" HEIGHT="48" WC="0.92" CONTENT="delägarne"/><SP WIDTH="27" VPOS="2095" HPOS="1664"/>
							<String ID="string_281" HPOS="1691" VPOS="2096" WIDTH="107" HEIGHT="36" WC="0.96" CONTENT="skola"/><SP WIDTH="29" VPOS="2096" HPOS="1798"/>
							<String ID="string_282" HPOS="1827" VPOS="2095" WIDTH="40" HEIGHT="36" WC="0.96" CONTENT="af"/><SP WIDTH="24" VPOS="2095" HPOS="1867"/>
							<String ID="string_283" HPOS="1891" VPOS="2100" WIDTH="85" HEIGHT="30" WC="0.96" CONTENT="rent"/>
						</TextLine>
						<TextLine ID="line_33" HPOS="382" VPOS="2142" WIDTH="1593" HEIGHT="54">
							<String ID="string_284" HPOS="382" VPOS="2142" WIDTH="224" HEIGHT="49" WC="0.91" CONTENT="vinstbegär"/><SP WIDTH="29" VPOS="2142" HPOS="606"/>
							<String ID="string_285" HPOS="635" VPOS="2143" WIDTH="140" HEIGHT="48" WC="0.93" CONTENT="afyttra"/><SP WIDTH="28" VPOS="2143" HPOS="775"/>
							<String ID="string_286" HPOS="803" VPOS="2144" WIDTH="169" HEIGHT="48" WC="0.96" CONTENT="marken,"/><SP WIDTH="30" VPOS="2144" HPOS="972"/>
							<String ID="string_287" HPOS="1002" VPOS="2146" WIDTH="160" HEIGHT="36" WC="0.96" CONTENT="föreslår"/><SP WIDTH="27" VPOS="2146" HPOS="1162"/>
							<String ID="string_288" HPOS="1189" VPOS="2160" WIDTH="50" HEIGHT="23" WC="0.96" CONTENT="nu"/><SP WIDTH="29" VPOS="2160" HPOS="1239"/>
							<String ID="string_289" HPOS="1268" VPOS="2146" WIDTH="249" HEIGHT="48" WC="0.96" CONTENT="motionären,"/><SP WIDTH="30" VPOS="2146" HPOS="1517"/>
							<String ID="string_290" HPOS="1547" VPOS="2151" WIDTH="56" HEIGHT="32" WC="0.96" CONTENT="att"/><SP WIDTH="14" VPOS="2151" HPOS="1603"/>
							<String ID="string_291" HPOS="1617" VPOS="2160" WIDTH="137" HEIGHT="36" WC="0.96" CONTENT="genom"/><SP WIDTH="19" VPOS="2160" HPOS="1754"/>
							<String ID="string_292" HPOS="1773" VPOS="2147" WIDTH="66" HEIGHT="48" WC="0.96" CONTENT="lag"/><SP WIDTH="20" VPOS="2147" HPOS="1839"/>
							<String ID="string_293" HPOS="1859" VPOS="2149" WIDTH="116" HEIGHT="34" WC="0.96" CONTENT="måtte"/>
						</TextLine>
						<TextLine ID="line_34" HPOS="383" VPOS="2194" WIDTH="1592" HEIGHT="54">
							<String ID="string_294" HPOS="383" VPOS="2194" WIDTH="156" HEIGHT="49" WC="0.96" CONTENT="stadgas"/><SP WIDTH="29" VPOS="2194" HPOS="539"/>
							<String ID="string_295" HPOS="568" VPOS="2194" WIDTH="138" HEIGHT="37" WC="0.96" CONTENT="förbud"/><SP WIDTH="27" VPOS="2194" HPOS="706"/>
							<String ID="string_296" HPOS="733" VPOS="2195" WIDTH="60" HEIGHT="37" WC="0.96" CONTENT="för"/><SP WIDTH="29" VPOS="2195" HPOS="793"/>
							<String ID="string_297" HPOS="822" VPOS="2196" WIDTH="104" HEIGHT="49" WC="0.96" CONTENT="dylik"/><SP WIDTH="29" VPOS="2196" HPOS="926"/>
							<String ID="string_298" HPOS="955" VPOS="2197" WIDTH="246" HEIGHT="51" WC="0.96" CONTENT="försäljning;"/><SP WIDTH="30" VPOS="2197" HPOS="1201"/>
							<String ID="string_299" HPOS="1231" VPOS="2198" WIDTH="71" HEIGHT="37" WC="0.93" CONTENT="och"/><SP WIDTH="26" VPOS="2198" HPOS="1302"/>
							<String ID="string_300" HPOS="1328" VPOS="2199" WIDTH="168" HEIGHT="49" WC="0.91" CONTENT="påyrkar"/><SP WIDTH="28" VPOS="2199" HPOS="1496"/>
							<String ID="string_301" HPOS="1524" VPOS="2199" WIDTH="238" HEIGHT="36" WC="0.96" CONTENT="motionären"/><SP WIDTH="15" VPOS="2199" HPOS="1762"/>
							<String ID="string_302" HPOS="1777" VPOS="2198" WIDTH="198" HEIGHT="49" WC="0.96" CONTENT="samtidigt"/>
						</TextLine>
						<TextLine ID="line_35" HPOS="382" VPOS="2245" WIDTH="1592" HEIGHT="53">
							<String ID="string_303" HPOS="382" VPOS="2245" WIDTH="355" HEIGHT="49" WC="0.91" CONTENT="lagbestämmelser"/><SP WIDTH="39" VPOS="2245" HPOS="737"/>
							<String ID="string_304" HPOS="776" VPOS="2246" WIDTH="12" HEIGHT="37" WC="0.91" CONTENT="i"/><SP WIDTH="43" VPOS="2246" HPOS="788"/>
							<String ID="string_305" HPOS="831" VPOS="2248" WIDTH="101" HEIGHT="48" WC="0.96" CONTENT="syfte"/><SP WIDTH="42" VPOS="2248" HPOS="932"/>
							<String ID="string_306" HPOS="974" VPOS="2253" WIDTH="56" HEIGHT="32" WC="0.96" CONTENT="att"/><SP WIDTH="40" VPOS="2253" HPOS="1030"/>
							<String ID="string_307" HPOS="1070" VPOS="2249" WIDTH="238" HEIGHT="38" WC="0.93" CONTENT="förekomma"/><SP WIDTH="42" VPOS="2249" HPOS="1308"/>
							<String ID="string_308" HPOS="1350" VPOS="2250" WIDTH="260" HEIGHT="37" WC="0.90" CONTENT="öfverdrifven"/><SP WIDTH="38" VPOS="2250" HPOS="1610"/>
							<String ID="string_309" HPOS="1648" VPOS="2249" WIDTH="228" HEIGHT="49" WC="0.92" CONTENT="afverkning"/><SP WIDTH="28" VPOS="2249" HPOS="1876"/>
							<String ID="string_310" HPOS="1904" VPOS="2250" WIDTH="70" HEIGHT="37" WC="0.96" CONTENT="och"/>
						</TextLine>
						<TextLine ID="line_36" HPOS="382" VPOS="2297" WIDTH="1024" HEIGHT="51">
							<String ID="string_311" HPOS="382" VPOS="2297" WIDTH="229" HEIGHT="50" WC="0.96" CONTENT="försäljning"/><SP WIDTH="28" VPOS="2297" HPOS="611"/>
							<String ID="string_312" HPOS="639" VPOS="2298" WIDTH="40" HEIGHT="36" WC="0.92" CONTENT="af"/><SP WIDTH="23" VPOS="2298" HPOS="679"/>
							<String ID="string_313" HPOS="702" VPOS="2298" WIDTH="235" HEIGHT="50" WC="0.91" CONTENT="skogsalster"/><SP WIDTH="28" VPOS="2298" HPOS="937"/>
							<String ID="string_314" HPOS="965" VPOS="2301" WIDTH="84" HEIGHT="36" WC="0.96" CONTENT="från"/><SP WIDTH="31" VPOS="2301" HPOS="1049"/>
							<String ID="string_315" HPOS="1080" VPOS="2302" WIDTH="134" HEIGHT="37" WC="0.96" CONTENT="sådant"/><SP WIDTH="28" VPOS="2302" HPOS="1214"/>
							<String ID="string_316" HPOS="1242" VPOS="2302" WIDTH="164" HEIGHT="37" WC="0.96" CONTENT="område."/>
						</TextLine>
					</TextBlock>
				</ComposedBlock>
			</PrintSpace>
		</Page>
	</Layout>
</alto>
