2200 2668
625 234 366 43 Bevillningsutskottets
1015 238 212 33 Betänkande
1249 240 65 32 N:o
1339 243 55 30 38.

1775 245 40 32 13

1089 323 186 44 transport
1303 323 138 37 kronor
1473 324 276 46 124,750,000:
1766 348 48 5 —

318 403 97 36 Efter
443 415 46 25 en
518 405 232 46 redogörelse
779 407 56 36 för
863 408 280 48 hufvuddragen
1171 412 12 35 i
1208 412 71 36 den

210 456 179 37 tilltänkta
430 458 185 37 reformen
656 462 112 43 yttrar
797 461 404 46 departementschefen
1230 467 48 34 vi-

211 510 102 36 dare:

322 564 113 37 »Som
476 567 165 45 nämndt,
687 567 68 36 har
788 570 262 37 statskontoret
1078 575 119 33 ansett
1226 574 51 35 in-

209 619 269 36 komstskatten
520 620 92 36 böra
647 621 10 35 i
686 621 195 37 riksstaten
910 624 176 45 uppföras
1115 626 82 36 med
1228 629 49 34 ett

209 671 133 46 belopp
385 673 41 35 af
457 673 235 46 13,500,000
721 676 149 37 kronor.
927 678 106 36 Detta
1061 679 117 36 under
1206 680 70 36 för-

208 726 200 46 utsättning
437 729 51 33 att
515 727 310 39 inkomstskatten
853 730 118 37 under
990 731 41 36 år
1054 732 99 37 1908
1174 735 101 35 kom-

207 789 79 26 mer
314 781 52 34 att
394 780 85 46 utgå
507 781 90 36 efter
626 782 5 35 i
651 782 211 38 hufvudsak
887 785 197 37 enahanda
1103 787 170 46 grunder,

208 843 80 25 som
318 833 56 36 för
403 835 232 36 närvarande
663 837 105 45 gälla.

315 887 125 36 Under
481 888 258 48 förutsättning
781 893 51 33 att
874 891 45 36 de
948 892 41 35 af
1012 893 74 46 mig
1113 894 161 36 uttalade

207 939 134 37 åsikter
383 941 10 35 i
435 941 102 46 fråga
579 953 62 25 om
684 944 70 35 den
797 944 141 37 direkta
973 946 301 47 beskattningens

207 993 191 37 ordnande
441 995 193 37 äfvensom
664 997 70 36 den
764 998 40 35 af
828 999 74 45 mig
928 999 52 35 till
1008 1000 82 36 sina
1117 1000 156 37 hufvud-

205 1047 89 46 drag
322 1048 148 46 angifna
488 1049 88 45 plan
595 1050 57 36 för
672 1051 246 46 öfvergången
938 1053 51 35 till
1008 1053 73 36 den
1099 1065 74 35 nya
1192 1055 80 36 ord-

205 1101 136 46 ningen
369 1102 230 46 godkännas,
622 1104 128 45 skulle,
772 1105 126 36 såsom
919 1107 56 35 för
995 1109 200 45 utnämnts,
1216 1109 56 35 för

204 1154 41 36 år
281 1155 100 36 1908
411 1156 308 37 inkomstskatten
748 1159 85 46 utgå
861 1160 85 36 med
975 1161 131 36 endast
1133 1162 138 36 hälften

204 1209 40 35 af
269 1209 71 35 den
369 1210 145 45 vanliga
542 1212 256 37 skattesatsen.
855 1213 15 35 I
899 1214 87 45 följd
1005 1214 111 37 häraf
1132 1216 70 35 och
1224 1216 47 36 då

205 1262 44 35 de
291 1273 74 34 nya
394 1264 351 37 bestämmelsernas
774 1267 230 46 tillämpning
1031 1269 81 35 icke
1140 1269 95 36 lärer
1263 1271 11 34 i

204 1315 105 46 öfrigt
350 1317 114 35 verka
505 1317 50 35 till
597 1319 211 46 minskning
836 1320 11 35 i
876 1320 71 36 den
975 1321 51 36 till
1055 1324 219 35 statsverket

202 1369 199 45 inflytande
443 1371 327 37 inkomstskattens
813 1374 146 45 belopp,
990 1375 129 45 skulle,
1150 1376 122 36 därest

201 1423 282 36 statskontorets
520 1424 202 47 beräkning
754 1427 228 45 godkännes,
1012 1428 258 37 inkomstskat-

200 1478 61 33 ten
295 1476 57 36 för
380 1478 256 44 nyssnämnda
664 1479 40 36 år
732 1480 128 36 kunna
889 1484 153 43 antagas
1070 1483 125 36 lämna
1223 1494 46 25 en

200 1530 211 46 afkastning
445 1531 40 35 af
516 1531 210 46 6,750,000
755 1534 149 36 kronor.
962 1535 14 35 I
1004 1536 158 45 enlighet
1189 1537 81 35 här-

200 1583 83 36 med
328 1584 71 35 och
442 1584 47 36 då
530 1586 164 36 nämnda
732 1587 203 47 beräkning
963 1589 103 36 torde
1094 1589 37 36 få
1159 1601 110 25 anses

199 1636 126 37 såsom
368 1638 233 46 synnerligen
643 1641 174 46 försiktig,
861 1642 212 37 hemställer
1110 1644 74 45 jag,
1215 1647 52 33 att

199 1691 164 36 nämnda
391 1692 194 36 skattetitel
613 1693 112 36 måtte
753 1694 37 36 få
818 1695 84 36 med
931 1697 249 44 nyssberörda
1208 1698 59 35 be-

198 1745 86 44 lopp
313 1745 11 34 i
352 1744 197 37 riksstaten
577 1747 215 44 uppföras».

306 1799 68 35 Det
402 1799 40 35 af
467 1799 131 45 Kungl.
629 1800 102 45 Maj:t
750 1801 211 36 sedermera
980 1802 56 35 för
1056 1803 212 46 Riksdagen

198 1851 203 47 framlagda
429 1852 135 46 förslag
592 1853 51 35 till
672 1854 213 46 förordning
913 1855 10 35 i
952 1857 125 35 ämnet
1095 1856 68 36 har
1182 1857 84 35 med

200 1904 98 36 vissa
326 1906 48 44 på
401 1906 231 36 inkomstens
661 1907 133 45 belopp
824 1908 31 45 ej
876 1909 226 36 inverkande
1122 1910 143 36 ändrin-

198 1967 63 34 gar
290 1958 116 37 blifvit
434 1960 40 35 af
498 1959 211 46 Riksdagen
737 1961 197 45 godkändt.

305 2011 83 37 Med
430 2013 146 44 hänsyn
611 2014 50 35 till
690 2014 71 36 den
791 2015 95 36 fasta
915 2016 347 46 stegringstendens,

198 2073 80 25 som
308 2067 187 35 utmärker
523 2066 280 45 ifrågavarande
832 2069 249 45 inkomsttitel,
1106 2070 68 35 har
1203 2071 59 35 be-

198 2116 345 46 villningsutskottet
571 2122 120 33 ansett
719 2121 55 45 sig
793 2122 127 35 kunna
940 2122 145 45 föreslå,
1107 2126 52 32 att
1178 2123 85 36 den-

198 2179 145 26 samma
371 2171 183 38 beräknas
579 2173 170 44 250,000
770 2175 139 35 kronor
927 2175 115 45 högre
1061 2178 48 33 än
1129 2176 132 45 Kungl.

198 2222 101 44 Maj:t
327 2223 194 47 föreslagit.

1080 2284 183 61 transport
1280 2283 145 55 kronor
1456 2286 275 64 124,750,000:
1753 2329 42 3 —
