2232 2644
447 167 20 31 6
868 169 258 34 Statsutskottets
1159 172 176 33 Utlåtande
1361 173 67 31 N:o
1459 176 53 30 72.

393 248 114 37 fallen
544 248 117 37 afsett
697 254 55 32 att
784 253 20 33 å
831 250 233 38 främmande
1094 257 59 32 ort
1181 253 138 37 bereda
1346 255 184 48 tryggadt
1556 255 147 37 tillfälle
1731 256 54 37 till
1813 257 173 38 luthersk

391 300 361 50 religionsutöfning
788 303 71 35 och
893 303 286 50 religionsvård,
1216 306 68 36 har
1311 306 196 48 utskottet,
1542 320 83 24 som
1652 308 123 37 funnit
1803 309 65 36 det
1895 324 90 23 vara

391 352 43 36 af
468 353 91 47 vigt,
601 358 56 31 att
691 353 71 37 den
791 355 166 36 svenska
985 356 174 49 kyrkliga
1187 358 292 37 verksamheten
1508 359 10 36 i
1546 359 106 37 Paris
1681 360 302 49 vidmagthålles,

392 404 143 36 hvilket
562 404 82 37 icke
674 419 114 35 synes
816 406 127 37 kunna
973 407 65 37 ske
1066 413 88 32 utan
1185 413 144 33 statens
1359 410 276 48 mellankomst,
1665 417 125 32 ansett
1813 413 60 48 sig
1891 413 93 37 böra

391 455 202 49 tillstyrka,
621 462 57 31 att
701 457 43 36 af
757 458 376 49 hyresinkomsterna
1153 460 82 37 från
1254 461 161 37 berörda
1433 463 182 49 fastighet
1641 464 5 36 i
1665 464 319 49 Konstantinopel

392 507 208 38 understöd
641 509 232 37 fortfarande
916 510 143 38 lemnas
1100 513 285 49 församlingen.
1443 514 86 37 Med
1565 516 149 49 hänsyn
1751 516 137 48 dertill,
1917 522 66 42 att,

390 562 49 46 på
466 564 75 32 sätt
566 560 13 37 i
606 562 416 49 statsrådsprotokollet
1048 564 223 48 meddelats,
1310 565 202 50 tillökning
1539 566 11 36 i
1577 568 168 47 kyrkans
1773 568 211 37 inkomster

391 613 145 35 kunnat
562 612 121 37 under
711 616 39 33 år
781 615 96 35 1892
908 614 157 38 beredas
1095 616 71 36 och
1195 622 157 44 antagas
1381 618 86 47 kan,
1497 624 54 30 att
1579 632 46 24 en
1646 620 116 36 sådan
1780 619 203 49 tillökning

389 663 75 36 kan
507 663 58 37 för
599 664 203 38 framtiden
840 670 47 31 än
916 666 128 37 vidare
1073 667 139 49 fortgå,
1242 674 97 31 samt
1367 669 47 36 då
1441 670 12 36 i
1481 671 247 48 kyrkorådets
1755 672 63 36 vid
1846 673 136 36 ansök-

388 715 144 49 ningen
571 716 141 49 fogade
753 717 145 49 förslag
940 717 56 37 till
1036 719 182 37 inkomst-
1255 721 69 36 och
1359 721 213 49 utgiftsstat
1613 723 60 37 för
1709 723 272 49 församlingen

387 767 105 36 vissa
520 770 141 46 poster,
691 771 124 34 såsom
844 770 60 36 för
931 769 150 38 bränsle
1110 772 73 36 och
1211 772 181 49 lysämne,
1424 774 142 36 skatter
1594 788 47 23 m.
1663 789 61 33 m.,
1755 789 114 36 synas
1895 789 87 24 vara

387 818 44 37 af
455 819 272 47 beskaffenhet,
756 825 54 32 att
838 821 45 36 de
913 821 92 37 böra
1033 822 41 36 af
1099 823 272 50 församlingen
1400 838 130 24 ensam
1557 826 199 48 bestridas,
1785 828 107 36 torde
1918 828 64 36 det

388 870 151 50 belopp,
585 885 82 23 som
714 872 138 49 Kongl.
897 873 106 49 Maj:t
1048 874 198 50 föreslagit
1291 876 107 37 skola
1440 878 41 35 af
1517 878 288 48 ifrågavarande
1847 880 132 48 hyres-

386 922 212 38 inkomster
630 924 60 36 för
719 925 213 37 ändamålet
960 927 203 47 användas,
1192 928 206 49 lämpligen
1427 929 91 36 böra
1545 930 209 48 begränsas
1782 931 56 36 till
1868 933 112 46 2,000

386 974 153 48 kronor,
582 975 113 37 deraf
727 978 73 34 864
833 977 140 37 kronor
1015 980 122 35 såsom
1182 979 292 51 lönetillökning
1501 982 58 37 för
1585 988 131 43 pastor
1743 983 61 36 vid
1833 983 147 49 kyrkan

385 1026 13 36 i
427 1026 122 46 Paris;
578 1026 210 50 hvarjemte
816 1029 197 47 utskottet,
1042 1031 85 36 med
1156 1032 179 36 afseende
1365 1035 20 34 å
1414 1034 111 36 ofvan
1554 1035 166 47 antydda
1743 1034 163 49 utsigter
1924 1035 56 37 till

386 1078 176 37 framtida
602 1079 121 37 ökade
764 1080 212 37 inkomster
1015 1081 59 36 för
1108 1082 159 49 kyrkan,
1296 1089 127 32 ansett
1451 1084 179 50 beloppet
1659 1086 60 36 för
1745 1087 234 37 närvarande

387 1130 136 37 endast
550 1131 91 36 böra
668 1131 62 37 för
756 1135 40 33 år
826 1134 98 35 1894
953 1133 170 49 beviljas.

489 1198 196 39 Utekottet
711 1200 219 38 hemställer
958 1201 116 48 alltså,

887 1309 55 31 att
984 1304 136 48 Kongl.
1159 1305 127 50 Maj:ts
1324 1306 249 37 förevarande
1609 1308 283 50 framställning
1920 1314 59 33 må

783 1358 47 46 på
870 1356 66 37 det
972 1361 74 32 sätt
1081 1357 162 48 bifallas,
1272 1363 54 31 att
1354 1358 220 50 Riksdagen
1601 1362 61 34 må
1689 1360 205 49 medgifva,
1925 1367 54 31 att

783 1408 42 35 af
862 1408 261 37 öfverskotten
1166 1412 20 33 å
1227 1409 46 37 de
1308 1410 84 36 från
1430 1410 164 38 kronans
1624 1412 183 48 fastighet
1834 1413 10 35 i
1874 1414 104 36 Kon-

785 1459 231 50 stantinopel
1043 1460 207 51 inflytande
1283 1462 325 48 hyresinkomster
1635 1467 60 33 må
1722 1464 58 37 för
1808 1467 41 34 år
1880 1467 96 35 1894

784 1512 37 36 få
847 1512 61 37 för
937 1513 162 36 svenska
1127 1513 148 49 kyrkan
1302 1514 12 36 i
1342 1514 106 37 Paris
1477 1515 191 37 användas
1697 1517 112 44 2,000
1826 1517 149 48 kronor,

783 1563 109 37 deraf
931 1566 74 34 864
1045 1564 141 37 kronor
1227 1570 53 31 att
1319 1569 92 46 utgå
1448 1570 124 33 såsom
1600 1567 291 51 lönetillökning
1918 1570 59 36 för

783 1621 131 43 pastor
942 1616 62 36 vid
1031 1617 164 36 nämnda
1224 1617 128 50 kyrka.

490 1690 221 39 Stockholm
741 1693 70 37 den
841 1695 47 35 25
919 1693 96 49 april
1045 1696 108 35 1893.

898 1796 53 37 På
979 1797 301 37 statsutskottets
1308 1803 161 44 vägnar:

963 1881 197 38 GUSTAF
1191 1882 203 38 SPARRE.
