2244 2654
724 233 252 35 Statsutskoltets
1006 232 173 35 Utlåtande
1202 233 62 32 N:o
1286 234 49 30 17.
1767 230 14 30 1

951 640 72 37 N:o
1056 644 57 33 17.

831 803 82 32 Ank.
938 804 49 30 till
1011 803 107 47 Riksd.
1143 803 101 30 kansli
1267 802 57 31 den
1352 804 37 28 17
1413 801 73 31 febr.
1513 802 92 36 1893,
1627 801 45 31 kl.
1697 802 20 28 4
1740 811 24 20 e.
1792 810 38 20 m.

437 952 211 46 Utlåtande,
679 952 14 35 i
720 950 198 49 anledning
947 951 46 47 af
1015 951 105 35 väckt
1147 950 140 48 förslag
1314 962 56 24 om
1397 948 190 51 skrifvelse
1615 946 56 37 till
1699 947 130 49 Kongl.

632 1020 114 47 Maj:t
774 1020 81 36 med
883 1020 158 48 begäran
1069 1032 57 23 om
1155 1019 189 44 utredning
1373 1018 14 36 i
1415 1018 93 50 syfte
1531 1018 46 50 af
1601 1016 230 48 nedsättning

631 1090 46 49 af
701 1096 134 29 statens
862 1089 146 36 embets-
1035 1089 62 36 och
1126 1089 231 48 tjenstemäns
1384 1087 97 35 löner
1508 1099 46 24 m.
1584 1099 46 23 m.

1276 1190 75 49 (1:a
1379 1189 72 37 och
1480 1191 57 34 2:a
1566 1188 45 38 U.
1642 1188 60 49 A.)

362 1295 67 39 Uti
471 1308 47 23 en
560 1294 104 37 inom
707 1294 130 36 Andra
875 1294 230 36 Kammaren
1135 1293 42 37 af
1200 1293 88 37 herr
1315 1292 104 37 Ollas
1446 1294 43 35 A.
1518 1291 173 37 Ericsson
1719 1291 114 37 väckt

236 1347 143 38 motion
408 1346 79 51 (n:o
519 1346 60 49 17)
609 1346 70 36 har
707 1345 232 48 föreslagits,
969 1351 55 30 att
1052 1344 222 50 Riksdagen
1303 1346 118 34 måtte
1457 1343 69 36 hos
1557 1343 140 48 Kongl.
1727 1342 106 49 Maj:t

235 1399 165 48 anhålla,
430 1399 66 36 det
524 1397 144 49 Kongl.
694 1397 106 48 Maj:t
828 1397 149 37 täcktes
1006 1397 86 46 låta,
1123 1410 61 23 om
1214 1395 150 50 möjligt
1391 1395 115 37 redan
1534 1394 58 36 till
1622 1400 110 30 nästa
1751 1394 82 49 lag-

235 1451 92 37 tima
368 1450 187 49 Riksdag,
594 1449 209 37 verkställa
836 1448 219 48 utredning,
1084 1448 187 37 huruvida
1300 1447 71 37 och
1400 1447 12 36 i
1440 1446 101 37 hvad
1571 1448 86 34 mån
1687 1452 146 30 statens

235 1503 168 37 embets-
433 1502 71 37 och
534 1502 253 48 tjenstemäns
815 1500 109 37 löner
952 1500 122 37 skulle
1104 1500 86 37 med
1223 1500 150 48 hänsyn
1402 1498 59 37 till
1489 1512 48 22 nu
1567 1497 168 37 rådande
1760 1498 74 36 för-

235 1554 204 38 hållanden
474 1554 129 36 kunna
636 1552 211 49 nedsättas,
881 1553 110 37 deras
1019 1551 343 51 pensionsafgifter
1391 1550 82 37 dels
1501 1549 232 50 omregleras
1763 1549 71 37 och

235 1607 82 37 dels
345 1606 187 48 antingen
561 1604 169 49 förhöjas
756 1604 92 37 eller
875 1604 116 36 också
1018 1605 110 36 deras
1158 1604 204 49 pensioner
1389 1602 210 47 nedsättas,
1621 1601 212 47 äfvensom,

236 1672 138 35 genom
418 1656 220 49 förenkling
679 1657 12 35 i
733 1655 193 50 åtskilliga
968 1655 306 37 administrativa
1307 1654 71 37 och
1406 1653 205 37 exekutiva
1641 1652 93 37 verk
1763 1652 71 37 och

235 1710 272 48 imrättningar,
545 1721 48 23 en
626 1707 62 37 del
718 1708 436 48 embetemannaplatser
1182 1707 80 36 helt
1290 1706 70 37 och
1391 1705 116 36 hållet
1534 1705 199 48 indragas;
1763 1704 72 37 och

241 1768 56 30 att
323 1761 224 47 Riksdagen
575 1759 59 36 till
667 1758 244 37 bestridande
940 1758 42 36 af
1005 1759 209 47 utgifterna
1243 1758 57 36 för
1329 1757 126 36 denna
1482 1756 207 47 utredning
1719 1758 115 33 måtte

237 1813 110 36 ställa
389 1812 59 36 till
482 1810 139 49 Kongl.
657 1810 127 48 Maj:ts
817 1810 227 48 förfogande
1073 1815 55 31 ett
1157 1808 304 50 förslagsanslag
1490 1811 20 33 å
1539 1809 113 47 5,000
1681 1807 151 36 kronor.

367 1863 240 37 Beträffande
649 1862 47 36 de
738 1861 95 48 skäl,
864 1862 235 36 motionären
1139 1861 125 37 anfört
1296 1860 57 36 till
1382 1859 85 37 stöd
1497 1859 57 37 för
1582 1858 68 37 sitt
1678 1858 156 49 förslag,

237 1917 148 36 hvilket
414 1928 116 36 synes
559 1919 171 31 närmast
759 1913 192 37 föranledt
983 1913 40 37 af
1047 1913 149 37 önskan
1225 1918 67 40 att,
1323 1912 85 36 med
1441 1911 217 36 afseende
1639 1906 20 62 å
1677 1911 72 36 den
1770 1910 66 37 be-

241 1968 150 37 slutade
421 1967 198 48 ökningen
647 1966 11 35 i
687 1965 209 50 utgifterna
926 1966 57 36 för
1012 1965 198 46 försvaret,
1236 1965 94 36 söka
1350 1963 212 48 nedbringa
1582 1963 252 36 statsverkets

239 2020 159 49 utgifter
422 2023 49 44 på
499 2018 117 36 andra
646 2017 88 46 håll,
763 2017 57 36 får
850 2017 186 36 utskottet
1065 2016 161 37 hänvisa
1254 2016 58 36 till
1341 2015 205 36 motionen.

366 2070 170 37 Delande
578 2068 258 37 motionärens
870 2067 102 50 åsigt
1000 2082 59 22 om
1090 2067 341 48 nödvändigheten
1460 2071 55 30 att
1543 2069 47 45 på
1620 2065 73 36 alla
1721 2070 114 31 stats-

240 2122 307 47 förvaltningens
576 2119 183 37 områden
788 2119 176 48 iakttaga
993 2119 252 48 sparsamhet,
1275 2119 69 35 har
1363 2119 188 34 utskottet
1570 2116 128 36 funnit
1718 2116 119 48 syftet

240 2173 84 36 med
365 2170 294 50 ifrågavarande
701 2171 143 36 motion
886 2169 311 37 beaktansvärdt.
1253 2169 67 36 Att
1352 2167 224 47 omellertid,
1608 2166 103 37 hvad
1740 2167 94 36 först

240 2228 118 46 angår
387 2224 165 36 embets-
580 2222 71 36 och
682 2222 328 48 tjenstemännens
1040 2221 120 46 löner,
1189 2234 62 33 nu,
1285 2220 119 36 sedan
1433 2219 120 36 under
1580 2221 47 34 de
1656 2221 65 33 två
1740 2218 94 36 sista

239 2276 221 37 årtiondena
503 2273 207 49 vidlyftiga
752 2273 334 48 löneregleringar
1119 2272 85 36 icke
1239 2277 91 30 utan
1365 2276 103 31 stora
1497 2269 240 49 svårigheter
1764 2269 70 37 och

327 2335 71 31 Bih.
424 2333 50 32 till
497 2333 111 31 Riksd.
634 2333 88 32 Prot.
748 2335 95 29 1893.
889 2335 21 28 4
936 2332 96 32 Saml.
1057 2333 19 29 1
1101 2331 80 40 Afd.
1209 2333 37 29 13
1271 2330 93 40 Häft.
