2207 2653
358 215 121 35 Första
503 215 215 34 Kammarens
742 214 182 43 Tillfälliga
953 210 144 37 Utskotts
1120 213 65 40 (Nr
1208 214 31 38 1)
1268 208 174 36 Utlåtande
1465 211 51 31 Nr
1539 213 27 29 9.
1698 213 36 28 i7

369 322 23 24 Rh
427 326 78 22 än
752 302 73 60 1887.
870 291 73 69 fö.
1208 316 73 25 bä
1315 323 27 17 on
1588 295 74 60 1887.
1708 294 72 60 1907.

175 390 244 39 Stockholms
451 412 3 2 :
661 390 63 37 län
753 391 68 34 3.2
875 390 68 35 3.83
977 379 20 61 |
1014 386 218 49 Göteborgs
1258 385 71 38 och
1348 384 130 39 Bohus
1498 384 62 37 län
1589 384 69 36 6.12
1712 383 70 35 6.8

174 434 173 62 Uppsala
683 452 16 22 »
753 442 70 34 254
875 441 69 33 2.32
974 428 20 63 |
1013 432 207 54 Älfsborgs
1521 446 16 22 »
1591 436 69 34 5.90
1714 435 69 33 5.26

176 493 326 50 Södermanlands
684 502 17 23 »
756 494 68 34 3.2
877 491 69 35 318
973 484 23 58 |
1016 488 242 49 Skaraborgs
1521 497 16 22 »
1592 487 68 34 5.32
1713 485 70 35 4.45

176 536 298 58 Östergötlands
685 554 17 22 »
756 544 68 35 5.62
878 542 69 35 5.37
974 535 23 58 |
1017 539 229 38 Värmlands
1522 548 16 22 »
1593 537 68 35 542
1714 536 69 35 477

175 596 246 49 Jönköpings
684 604 17 23 »
754 595 71 35 4.14
878 595 68 34 3.89
973 577 27 69 |
1016 581 146 47 Örebro
1522 598 17 24 »
1593 590 68 34 3.86
1715 588 68 34 3.76

176 647 252 49 Kronobergs
686 656 16 22 »
757 647 68 34 349
878 646 69 34 2.93
974 636 23 60 |
1015 640 301 40 Västmanlands
1523 649 17 23 »
1594 641 70 33 2.84
1716 639 69 34 2.78

176 699 161 37 Kalmar
685 706 16 23 »
755 697 69 35 4,99
876 696 70 35 4.21
976 688 23 59 |
1015 692 278 50 Kopparbergs
1524 700 17 23 »
1594 691 70 34 413
1716 689 70 36 4,25

179 745 207 59 Gottlands
648 758 54 23 oo»
759 748 67 35 1.10
880 747 67 35 1.0
968 740 23 59 |
1018 744 230 48 Gäfleborgs
1524 752 17 22 »
1594 742 70 34 4,20
1716 740 71 36 4.64

178 801 187 48 Blekinge
686 809 17 22 »
757 800 69 34 2.99
879 799 69 34 2.75
978 789 19 60 |
1016 793 344 39 Västernorrlands
1525 802 17 23 »
1595 793 70 34 4,09
1716 792 72 35 4.55

179 851 280 38 Kristianstads
687 860 17 23 »
757 851 71 34 4,78
878 848 70 36 4.13
979 841 19 60 |
1017 845 218 38 Jämtlands
1524 853 17 23 »
1595 844 69 34 2.06
1717 843 70 35 2.12

179 903 215 37 Malmöhus
687 911 17 23 »
759 903 68 33 770
880 900 69 35 8.23
976 893 23 58 |
1017 897 295 38 Västerbottens
1524 904 17 23 »
1595 895 70 34 247
1718 894 70 35 2.90

179 954 187 38 Hallands
687 962 17 23 »
757 953 70 34 2.90
879 952 70 35 2.70
980 945 22 58 |
1018 949 255 37 Norrbottens
1526 955 17 23 »
1597 947 69 34 2.09
1719 945 69 35 2.86

314 1056 133 38 Under
469 1054 185 50 perioden
684 1054 246 36 1888—1907
960 1052 69 36 har
1057 1051 112 37 alltså
1196 1050 47 37 de
1268 1050 77 36 fem
1373 1046 255 39 norrländska
1654 1046 134 37 länens

181 1108 113 37 andel
335 1107 41 37 af
414 1104 360 50 riksfolkmängden
814 1104 110 37 ökats
962 1102 85 37 från
1082 1104 91 35 14.91
1200 1100 58 37 till
1289 1102 91 35 17.07
1407 1102 171 47 procent.
1632 1098 57 36 De
1716 1096 75 38 tolf

182 1159 113 37 södra
321 1159 114 36 länen
464 1161 91 43 åter,
585 1156 92 37 eller
707 1154 204 43 Götaland,
939 1154 118 36 hafva
1084 1153 122 37 under
1233 1164 147 25 samma
1407 1150 54 37 tid
1489 1149 188 37 minskats
1706 1148 82 37 från

183 1212 95 36 55.05
316 1209 58 37 till
416 1211 93 35 51.76
542 1213 159 44 procent
743 1206 41 37 af
820 1206 118 36 rikets
977 1203 239 50 folkmängd.
1270 1201 234 50 Betydelsen
1532 1200 42 37 af
1595 1200 115 37 dessa
1736 1199 53 36 tal

182 1263 183 47 framgår,
394 1273 60 24 om
484 1273 88 23 man
596 1258 144 37 erinrar
769 1258 70 48 sig,
869 1261 54 32 att
951 1270 46 22 en
1026 1260 159 45 procent
1213 1254 41 37 af
1276 1253 179 49 Sveriges
1475 1250 228 50 folkmängd
1723 1263 67 23 nur

183 1326 105 24 mera
329 1317 114 43 utgör
483 1310 179 49 omkring
703 1310 135 46 54,000
863 1306 232 39 människor.
1149 1306 67 36 Att
1245 1304 214 38 Götalands
1488 1302 112 38 andel
1629 1302 42 37 af
1695 1301 96 37 riks-

185 1362 276 50 folkmängden
501 1361 159 49 nedgått
697 1360 86 37 med
812 1372 80 23 mer
920 1363 47 32 än
996 1361 20 34 3
1046 1361 169 46 procent,
1243 1356 159 36 innebär
1431 1354 123 46 alltså,
1583 1358 55 32 att
1667 1352 125 37 denna

184 1414 176 39 landsdel
387 1413 65 37 vid
483 1414 93 36 1907
607 1415 60 33 års
696 1414 148 46 utgång
872 1409 98 37 hade
999 1409 116 36 minst
1144 1408 159 46 175,000
1331 1406 181 37 invånare
1532 1405 101 37 färre
1654 1408 46 33 än
1718 1403 74 37 den

185 1466 123 37 skulle
349 1465 117 36 hafva
504 1463 94 47 haft,
639 1476 60 23 om
739 1460 286 50 ståndpunkten
1053 1460 85 37 från
1164 1459 112 49 tjugu
1306 1461 39 34 år
1368 1456 160 38 tillbaka
1555 1456 146 36 kunnat
1728 1454 65 38 be-

184 1530 124 24 varas.
361 1514 167 38 Relativt
568 1519 109 44 taget
710 1513 75 37 kan
827 1511 150 38 således
1019 1510 193 38 Götaland
1235 1514 115 44 sägas
1374 1508 116 37 hafva
1518 1507 121 36 under
1667 1506 126 37 denna

185 1568 56 37 tid
281 1566 159 38 förlorat
480 1569 42 34 så
559 1565 95 49 godt
687 1577 80 24 som
798 1568 54 32 ett
879 1561 148 38 mindre
1050 1561 75 38 län.
1179 1560 192 38 Norrland
1400 1562 78 34 åter
1505 1558 69 36 har
1602 1556 192 38 därunder

187 1620 72 37 fått
297 1618 106 37 öfver
446 1617 160 47 115,000
637 1615 181 37 invånare
846 1614 92 37 flera
966 1618 48 32 än
1042 1612 65 38 det
1133 1611 125 38 skulle
1282 1611 115 37 hafva
1424 1609 84 38 haft
1534 1608 122 38 under
1683 1620 111 37 nyss-

188 1669 167 39 nämnda
382 1667 290 49 förutsättning.

323 1789 54 37 Af
398 1788 47 37 de
473 1800 51 23 nu
552 1785 178 38 lämnade
758 1783 249 51 uppgifterna
1034 1782 181 48 framgår,
1241 1785 65 43 att,
1336 1779 87 37 med
1450 1778 232 38 bortseende
1710 1778 86 36 från

191 1841 82 38 dels
314 1840 47 37 de
401 1838 99 38 båda
542 1837 238 49 nordligaste
822 1835 111 38 länen
974 1834 71 37 och
1083 1832 217 38 Jämtlands
1333 1831 74 47 län,
1436 1829 150 38 hvilkas
1616 1828 181 38 arealför-

191 1892 205 37 hållanden
420 1889 121 49 enligt
568 1889 208 36 utskottets
805 1886 157 49 mening
989 1884 167 37 utesluta
1180 1883 133 48 hvarje
1340 1882 115 37 tanke
1480 1884 20 34 å
1520 1880 277 48 sammanslag-

191 1944 106 48 ning,
326 1942 70 37 och
421 1940 81 37 dels
530 1938 173 51 Uppsala
731 1938 71 37 och
831 1935 324 39 Södermanlands
1178 1934 75 48 län,
1281 1933 130 37 hvilka
1430 1933 42 48 ju
1492 1932 157 37 beröras
1670 1931 41 37 af
1724 1931 74 37 den

191 1994 121 37 redan
351 1991 201 39 beslutade
592 1989 259 48 utredningen
883 2001 61 24 om
973 1985 208 39 eventuellt
1209 1984 250 50 upphörande
1489 1983 41 37 af
1555 1981 243 39 Stockholms

192 2045 75 47 län,
309 2042 276 49 folkmängden
613 2041 12 36 i
652 2040 170 49 följande
851 2039 78 36 fem
956 2038 64 37 län
1046 2036 210 49 väsentligt
1283 2034 245 49 understiger
1555 2034 161 46 200,000
1743 2032 57 37 in-

193 2099 154 43 vånare,
375 2093 195 49 nämligen
597 2092 11 36 i
637 2091 261 48 Kronobergs,
928 2088 218 47 Gottlands,
1173 2086 199 50 Blekinge,
1400 2085 189 37 Hallands
1604 2084 70 37 och
1688 2083 113 38 Väst-

194 2145 202 39 manlands
435 2144 74 37 län.
565 2142 187 49 Samtliga
792 2141 115 38 dessa
933 2140 84 37 läns
1046 2139 112 37 andel
1183 2138 41 37 af
1247 2138 119 37 rikets
1394 2136 87 38 hela
1507 2134 227 50 folkmängd
1762 2139 40 32 är

195 2197 112 38 stadd
345 2197 11 36 i
396 2194 239 50 nedgående,
677 2193 71 37 och
788 2191 176 38 frånsedt
999 2190 250 49 Kronobergs
1272 2189 64 37 län
1364 2194 64 32 äro
1457 2188 114 36 dessa
1598 2186 63 38 län
1689 2185 112 38 äfven

194 2249 58 37 till
281 2247 154 39 arealen
463 2245 116 38 bland
607 2245 119 37 rikets
750 2243 95 38 allra
872 2242 141 38 minsta
1039 2241 74 38 län.

283 2306 75 32 Bih.
383 2304 52 33 till
458 2303 113 33 Riksd.
596 2303 90 32 Prot.
706 2304 89 30 1910.
829 2303 20 30 9
872 2299 98 34 Saml.
1005 2302 23 31 2
1048 2298 77 41 Afd.
1169 2300 19 30 1
1215 2298 105 32 Band.
1367 2300 20 29 9
1410 2296 100 42 Häft.
1743 2296 17 28 3
