2211 2664
461 209 19 30 8
616 206 122 34 Första
760 206 218 35 Kammarens
1002 208 185 43 Tillfälliga
1216 208 144 34 Utskotts
1381 210 65 40 (Nr
1468 210 33 40 1)
1529 210 175 34 Utlåtande
1726 211 53 33 Nr
1801 214 29 30 9.

420 295 41 37 af
481 294 74 38 den
583 297 21 35 8
627 295 154 50 januari
807 298 96 36 1635
925 297 140 38 funnos
1084 297 58 37 till
1161 297 348 51 landshöfdingens
1529 299 149 38 biträde
1697 303 64 35 två
1779 301 246 49 tjänstemän,

419 347 270 38 motsvarande
729 348 224 38 nuvarande
994 348 354 40 landssekreterare
1389 351 71 38 och
1499 351 344 40 landskamrerare.
1901 352 125 39 Dessa

417 398 233 50 tjänstemän
679 399 128 39 blefvo
826 400 154 50 jämlikt
1008 415 136 24 senare
1172 402 233 38 instruktion
1426 404 144 37 enhvar
1589 407 15 34 å
1622 404 66 37 sin
1708 404 200 51 afdelning
1926 405 100 38 före-

417 450 199 50 dragande
640 452 71 36 och
739 452 351 50 kontrasignanter,
1119 467 87 24 men
1233 454 328 51 landshöfdingen
1586 455 99 38 hade
1710 456 163 50 alltjämt
1892 470 132 23 ensam

417 502 359 38 beslutanderätten
803 504 11 36 i
843 504 74 37 alla
945 507 21 34 å
993 504 297 51 länsstyrelsens
1310 507 213 49 afgörande
1543 507 281 38 ankommande
1845 508 179 37 ärenden.

414 554 112 37 Efter
565 554 103 37 hand
704 555 197 37 utbildade
942 555 61 51 sig
1043 556 212 38 emellertid
1292 558 74 37 den
1400 559 141 49 praxis,
1580 564 54 32 att
1674 560 123 37 under
1828 560 197 37 landshöf-

415 605 165 50 dingens
621 606 178 38 frånvaro
842 607 145 37 dennes
1027 608 389 52 ämbetsförvaltning
1443 610 204 38 utöfvades
1676 612 43 36 af
1742 611 283 38 landssekrete-

416 670 113 24 raren
557 658 71 37 och
652 658 361 39 landskamreraren
1036 666 253 43 gemensamt.

553 758 148 39 Genom
740 773 50 24 nu
819 759 181 51 gällande
1028 761 232 38 instruktion
1289 762 59 38 för
1375 762 372 51 landshöfdingarna
1774 763 12 37 i
1814 763 120 38 rikets
1962 764 63 38 län

416 816 100 32 samt
556 811 46 37 de
643 811 63 37 vid
747 812 322 50 länsstyrelserna
1097 814 192 37 anställda
1316 814 232 50 tjänstemän
1576 814 40 38 af
1638 815 75 38 den
1743 817 45 35 10
1816 816 209 37 november

418 864 95 35 1855
554 863 82 37 blef
660 863 84 37 icke
773 867 129 46 någon
930 865 238 49 organisativ
1196 866 226 50 förändring
1451 867 39 37 af
1516 867 322 50 länsstyrelserna
1865 882 160 35 genom-

415 914 96 37 förd.
565 914 134 49 Enligt
726 915 167 38 nämnda
920 916 232 38 instruktion
1181 922 41 32 är
1250 918 190 48 styrelsen
1467 918 103 38 inom
1598 919 132 49 hvarje
1756 919 41 37 af
1817 919 119 38 rikets
1960 919 64 38 län

415 966 225 37 anförtrodd
668 969 37 34 åt
733 980 47 23 en
804 966 278 52 landshöfding
1110 972 127 34 såsom
1266 969 142 49 Kungl.
1434 970 127 48 Maj:ts
1580 970 442 50 befallningshafvande,

415 1017 156 37 hvilken
607 1017 153 38 utöfvar
800 1018 224 38 densamma
1052 1020 84 37 med
1167 1020 148 37 biträde
1344 1021 42 37 af
1410 1021 355 38 landssekreterare
1794 1024 71 35 och
1893 1022 131 37 lands-

415 1069 230 37 kamrerare.
699 1070 56 36 De
783 1070 58 36 till
868 1070 239 50 Konungens
1136 1071 450 51 befallningshafvandes
1616 1073 218 50 befattning
1853 1074 171 37 hörande

416 1120 168 37 ärenden
616 1120 120 48 skola,
770 1121 97 37 efter
894 1121 12 37 i
933 1121 282 39 instruktionen
1243 1128 176 33 närmare
1447 1124 181 50 angifven
1656 1124 221 51 fördelning
1904 1125 121 37 hand-

415 1171 140 49 läggas
584 1171 82 37 dels
695 1172 10 35 i
734 1172 280 38 landskansliet
1042 1174 71 37 och
1142 1174 82 36 dels
1253 1175 11 35 i
1293 1176 301 37 landskontoret.
1649 1177 74 36 För
1751 1177 74 36 den
1853 1179 104 34 förra
1986 1180 36 33 at

416 1222 114 37 dessa
571 1222 244 50 afdelningar
855 1229 41 31 är
936 1224 381 38 landssekreteraren
1350 1226 72 37 och
1451 1227 58 36 för
1537 1227 71 36 den
1640 1240 135 24 senare
1803 1227 221 37 landskam-

416 1287 157 23 reraren
614 1274 90 37 chef
741 1275 72 36 och
853 1275 294 50 föredragande.
1201 1277 347 50 Landshöfdingen
1580 1278 69 37 har
1677 1278 347 38 beslutanderätt
2005 1270 24 61 i

417 1324 74 37 alla
520 1325 75 37 mål
623 1325 71 37 och
723 1325 180 48 ärenden,
931 1340 82 23 som
1044 1327 203 38 ankomma
1272 1331 20 34 å
1310 1329 240 49 Konungens
1570 1329 453 50 befallningshafvandes

416 1376 224 49 afgörande,
682 1390 87 23 men
810 1377 68 36 har
911 1378 73 36 han
1014 1383 55 32 att
1096 1378 170 37 inhämta
1293 1380 290 37 vederbörande
1611 1380 304 50 föredragandes
1944 1394 80 24 me-

416 1427 104 49 ning.
576 1427 70 37 Om
681 1428 125 36 denna
837 1429 83 36 icke
952 1430 239 48 godkännes,
1221 1436 93 43 äger
1341 1431 74 37 den
1443 1432 282 49 föredragande
1751 1438 55 31 att
1834 1433 190 37 anteckna

416 1478 225 38 densamma
679 1478 11 37 i
730 1480 244 47 protokollet.
1029 1480 73 37 Vid
1145 1481 427 50 landshöfdingvakans
1601 1489 100 31 samt
1724 1483 299 50 landshöfdings

416 1530 179 36 frånvaro
632 1530 94 37 eller
749 1530 89 49 laga
865 1531 130 37 förfall
1027 1532 151 37 utöfvas
1202 1532 288 50 länsstyrelsen,
1519 1535 86 36 med
1634 1534 78 37 viss
1740 1535 284 50 inskränkning

415 1580 11 36 i
459 1581 110 49 fråga
610 1594 61 24 om
699 1581 233 50 tillsättning
961 1583 42 36 af
1026 1583 173 48 tjänster,
1229 1584 41 36 af
1294 1584 380 38 landssekreteraren
1704 1586 71 37 och
1802 1586 221 37 landskam-

414 1645 154 23 reraren
595 1638 243 42 gemensamt
864 1633 122 38 under
1014 1634 234 50 benämning
1275 1634 431 52 landshöfdingämbete
1735 1637 87 38 med
1842 1637 180 38 samfälld

415 1683 247 49 ansvarighet
703 1684 59 37 för
803 1685 47 36 de
878 1685 138 48 beslut,
1050 1685 158 38 hvarom
1242 1686 46 37 de
1313 1692 65 32 äro
1407 1701 102 24 ense.
1563 1688 151 50 Uppstå
1742 1689 86 37 dem
1858 1689 164 37 emellan

414 1734 224 49 skiljaktiga
676 1735 213 50 meningar,
922 1736 139 37 blifver
1092 1737 74 37 den
1195 1737 157 50 mening
1379 1739 193 49 gällande,
1601 1753 81 23 som
1712 1740 310 50 föredraganden

412 1790 130 44 yttrat.
596 1786 74 37 Vid
710 1786 250 50 länsstyrelse
1002 1788 108 37 skola
1149 1788 120 49 enligt
1301 1790 166 37 nämnda
1498 1791 233 38 instruktion
1763 1805 92 23 vara
1882 1791 57 37 till
1967 1792 55 37 bi-

413 1836 109 37 träde
549 1836 65 37 vid
642 1837 68 37 där
737 1838 252 37 förefallande
1017 1839 193 49 göromåls
1241 1840 245 38 bestridande
1515 1842 204 38 anställda:
1750 1846 20 34 å
1793 1843 229 37 landskans-

413 1887 67 37 liet
520 1887 233 38 länsnotarie
796 1889 71 37 och
905 1889 277 39 landskanslist
1214 1896 100 32 samt
1342 1895 20 34 å
1390 1892 293 38 landskontoret
1710 1894 311 37 länsbokhållare

414 1938 71 37 och
526 1938 314 49 landskontorist,
882 1940 262 38 hvarförutom
1187 1942 254 50 erforderliga
1470 1949 107 31 extra
1604 1944 322 38 landskanslister
1950 1946 70 36 och

414 1989 346 39 landskontorister
787 1991 38 37 få
853 1997 173 44 antagas.

548 2040 131 39 Under
720 2042 65 37 det
826 2047 54 32 att
920 2043 148 37 fordom
1109 2044 181 49 vanligen
1324 2045 251 38 förordnades
1603 2047 162 37 särskild
1796 2060 141 37 person
1965 2052 55 32 att

415 2091 133 38 utöfva
574 2092 347 50 landshöfdingens
950 2095 162 46 ämbete,
1142 2095 47 37 då
1217 2096 125 36 denne
1369 2097 122 37 under
1514 2097 135 50 längre
1676 2098 55 37 tid
1760 2112 69 23 var
1856 2098 162 37 hindrad

416 2147 54 32 att
508 2143 94 48 själf
630 2144 170 37 bestrida
828 2145 224 47 detsamma,
1081 2146 69 36 har
1178 2147 259 49 synnerligast
1465 2148 97 37 efter
1589 2148 237 38 tillkomsten
1856 2150 39 36 af
1923 2151 95 35 1855

414 2197 61 34 års
516 2193 231 38 instruktion
786 2195 121 49 dylikt
936 2196 258 38 förordnande
1224 2197 174 38 alltmera
1426 2198 159 38 kommit
1612 2213 44 23 ur
1684 2200 109 48 bruk,
1822 2205 103 32 utom
1956 2200 63 37 vid

414 2244 47 38 de
489 2244 189 50 tillfällen,
707 2246 48 37 då
781 2245 290 52 landshöfding,
1101 2253 91 32 utan
1221 2253 55 32 att
1304 2249 216 51 entledigas
1544 2251 84 37 från
1649 2251 66 37 sitt
1735 2251 283 37 innehafvande

415 2296 162 48 ämbete,
606 2297 202 37 förordnas
838 2304 54 31 att
916 2299 164 37 förvalta
1105 2305 117 31 annat
1249 2301 160 37 ämbete.
