1846 2792
505 176 297 35 Statsutskottets
821 179 187 33 utlåtande
1028 192 42 20 nr
1097 183 72 38 149.
1548 186 37 30 11

99 253 9 33 i
134 254 191 33 allmänhet
350 260 53 28 ett
430 255 105 42 högre
562 258 96 32 antal
685 258 321 43 läraravdelningar
1032 259 94 34 inom
1153 260 187 33 distrikten
1367 262 81 33 med
1475 262 109 33 därav

97 298 155 41 följande
278 300 203 42 ytterligare
509 301 229 43 nedsättning
764 315 44 20 av
835 304 240 33 överlärarnas
1102 305 482 43 undervisningsskyldighet.

144 344 111 33 Dessa
275 345 301 42 omständigheter
595 346 64 33 har
678 352 225 29 accentuerat
923 349 262 42 svårigheterna
1207 354 55 29 att
1281 356 47 36 på
1347 355 54 29 ett
1422 351 161 34 tillfreds-

98 389 172 33 ställande
295 392 72 30 sätt
391 391 156 33 anordna
574 392 67 32 den
665 392 262 43 undervisning,
953 393 78 33 från
1057 394 116 33 vilken
1199 395 384 34 distriktsöverlärarna

99 433 155 34 befriats.
276 434 68 33 För
365 440 55 28 att
444 435 167 43 avhjälpa
632 437 121 42 dylika
774 438 216 42 svårigheter
1010 440 59 32 må
1090 439 9 32 i
1121 439 154 42 enlighet
1297 441 80 33 med
1400 440 116 34 beslut
1539 453 45 21 av

100 481 86 30 1932
217 479 55 33 års
301 479 142 43 riksdag
472 481 110 33 under
611 481 94 34 vissa
735 481 297 44 förutsättningar
1061 484 65 33 och
1157 484 125 33 villkor
1311 485 151 33 inrättas
1493 486 90 33 icke-

96 523 172 34 ordinarie
294 524 370 43 folkskollärartjänst,
689 539 200 29 gemensam
915 528 54 33 för
994 529 63 33 två
1083 530 241 41 angränsande
1352 530 231 34 skoldistrikt.

96 568 220 34 Innehavare
337 582 45 20 av
402 570 111 33 sådan
533 570 113 41 tjänst
666 571 126 43 fullgör
811 573 67 33 den
899 573 262 43 undervisning,
1182 574 155 33 varifrån
1360 575 222 34 överlärarna

98 613 6 32 ;
126 614 42 32 de
186 613 92 34 båda
298 614 188 34 distrikten
505 615 156 35 befriats.

141 659 80 33 Den
239 672 47 21 nu
304 660 236 43 föreliggande
557 663 232 42 utredningen
808 664 192 34 innehåller
1018 665 128 43 förslag
1163 667 53 33 till
1236 668 203 42 ytterligare
1458 670 124 33 anord-

96 704 124 41 ningar
236 705 54 33 för
306 710 56 28 att
379 706 174 34 förbättra
573 708 268 42 möjligheterna
861 714 55 28 att
935 716 46 36 på
1001 715 53 28 ett
1073 711 323 35 tillfredsställande
1417 717 73 29 sätt
1510 727 72 20 om-

96 749 136 42 besörja
256 750 67 33 den
345 752 262 42 undervisning,
631 753 79 33 från
732 753 116 34 vilken
872 754 358 35 distriktsöverlärare
1253 757 157 34 befriats.
1434 758 82 34 Som
1539 771 43 20 en

96 794 184 42 bakgrund
301 795 52 33 till
373 796 74 33 sina
467 796 128 43 förslag
613 797 64 33 har
695 799 360 42 utredningsmannen
1075 801 135 33 lämnat
1230 813 42 21 en
1293 803 215 41 redogörelse
1529 803 53 33 för

95 839 43 32 de
163 840 246 42 anordningar,
435 853 75 21 som
533 841 54 34 för
610 844 220 32 närvarande
854 844 179 43 tillämpas
1058 845 9 33 i
1092 845 265 35 skoldistrikten
1382 847 54 33 för
1460 848 121 33 bestri-

95 884 115 33 dande
238 897 46 20 av
311 885 268 42 ifrågavarande
608 888 261 42 undervisning.
897 889 56 33 Av
982 890 240 42 redogörelsen
1251 891 164 43 framgår,
1445 897 55 28 att
1529 893 53 33 för

95 929 63 32 två
177 929 220 34 skoldistrikt
417 943 201 29 gemensam
638 932 204 42 lärartjänst
862 934 168 33 inrättats
1051 935 9 32 i
1081 938 42 30 27
1144 935 72 33 fall.
1238 936 128 33 Denna
1386 937 196 43 anordning

95 985 99 22 avses
212 974 90 33 dock
318 974 186 35 framdeles
522 976 97 33 skola
638 977 177 42 tillämpas
834 978 9 32 i
863 982 110 29 större
993 979 226 43 omfattning.
1239 980 17 33 I
1276 981 116 42 övrigt
1411 982 170 34 bestrides

94 1018 267 41 ifrågavarande
379 1020 252 43 undervisning
648 1021 281 43 huvudsakligen
947 1035 126 30 genom
1091 1024 392 44 fyllnadstjänstgöring
1501 1028 80 32 eller

94 1075 46 21 av
160 1064 188 33 timlärare.
369 1065 78 33 Vad
470 1066 359 42 utredningsmannen
852 1067 120 34 anfört
992 1081 57 20 om
1072 1069 42 33 de
1134 1070 81 33 med
1237 1070 100 33 dessa
1360 1071 221 34 sistnämnda

94 1109 235 41 anordningar
357 1109 77 33 ofta
462 1109 165 35 förenade
656 1111 271 42 olägenheterna
956 1112 64 33 har
1049 1113 192 34 vitsordats
1271 1127 45 20 av
1345 1115 235 42 skolöversty-

93 1153 109 33 relsen
228 1154 65 33 och
319 1153 430 44 folkskolinspektörerna.
774 1156 123 34 Såsom
923 1158 361 42 utredningsmannen
1311 1160 130 40 anfört,
1467 1162 113 32 måste

93 1198 61 32 det
177 1210 99 21 anses
301 1210 74 22 som
399 1211 43 21 en
467 1200 252 42 angelägenhet
743 1213 45 21 av
810 1201 90 40 vikt,
925 1206 55 29 att
1003 1203 202 42 ytterligare
1231 1205 163 41 åtgärder
1420 1205 159 42 vidtages

93 1242 10 33 i
125 1242 93 42 syfte
241 1248 54 28 att
319 1244 128 34 bereda
470 1244 264 34 skoldistrikten
758 1246 150 42 vidgade
932 1247 221 42 möjligheter
1178 1253 54 28 att
1256 1249 323 35 tillfredsställande

92 1288 109 33 ordna
223 1288 231 34 förevarande
474 1290 261 42 undervisning.
755 1291 73 33 Det
848 1291 54 33 får
920 1292 193 34 emellertid
1133 1292 30 42 ej
1187 1294 303 42 undanskymmas
1514 1300 65 30 att.

92 1336 115 29 såsom
232 1333 413 43 riksräkenskapsverket
668 1334 204 41 framhållit,
897 1336 265 34 skoldistrikten
1185 1338 150 42 givetvis
1359 1339 65 33 har
1448 1344 55 29 att
1527 1340 53 34 för

92 1377 268 42 ifrågavarande
390 1379 165 33 ändamål
584 1380 9 31 i
623 1379 109 34 första
762 1380 95 34 hand
887 1381 164 41 utnyttja
1081 1383 67 32 den
1177 1382 402 44 fyllnadstjänstgöring,

92 1434 75 21 som
189 1423 109 32 lärare
320 1423 9 32 i
353 1423 181 33 distriktet
555 1423 70 33 kan
648 1436 85 21 vara
756 1425 139 41 skyldig
918 1430 55 28 att
996 1425 158 42 fullgöra.
1179 1427 54 32 De
1258 1428 171 33 särskilda
1454 1430 124 33 anord-

92 1467 134 39 ningar,
250 1479 74 21 som
348 1467 60 43 jag
432 1471 122 30 ämnar
576 1468 127 34 föreslå
726 1469 10 32 i
759 1469 61 33 det
843 1469 168 42 följande,
1036 1470 62 33 bör
1122 1470 30 42 ej
1179 1471 106 33 heller
1309 1473 182 42 tillgripas,
1515 1477 65 30 när

91 1512 296 41 undervisningen
412 1512 71 33 kan
510 1513 322 34 tillfredsställande
858 1515 129 32 ordnas
1013 1527 126 29 genom
1165 1520 55 29 att
1246 1516 197 34 distriktets
1469 1519 109 32 lärare

91 1557 81 32 eller
190 1557 110 33 andra
318 1557 54 33 för
393 1558 202 32 ändamålet
614 1570 95 21 mera
729 1559 180 41 varaktigt
929 1559 217 43 tillgängliga
1165 1560 66 33 och
1251 1561 232 43 kompetenta
1503 1576 75 29 per-

91 1613 101 21 soner
218 1602 127 32 anlitas
372 1614 75 21 som
474 1602 188 34 timlärare.
688 1603 120 42 Några
835 1604 254 42 allmängiltiga
1114 1605 108 42 regler
1248 1605 53 34 för
1328 1607 97 33 valet
1450 1608 128 33 mellan

91 1646 93 32 olika
213 1647 190 32 alternativ
431 1646 54 34 för
514 1648 311 42 undervisningens
856 1648 268 42 ombesörjande
1153 1650 101 33 torde
1285 1651 91 33 dock
1405 1653 172 42 svårligen

91 1690 120 34 kunna
233 1692 207 41 uppställas,
462 1696 88 29 utan
572 1693 95 32 valet
688 1692 63 34 bör
772 1693 60 33 ske
853 1694 81 33 med
957 1694 269 43 utgångspunkt
1247 1695 10 33 i
1279 1695 265 36 förhållandena
1568 1698 9 33 i

91 1735 97 41 varle
208 1736 140 33 särskilt
367 1736 72 33 fall.

135 1783 372 41 Utredningsmannen
541 1783 64 33 har
640 1784 141 42 påvisat
816 1789 55 29 att
907 1786 240 39 anordningen
1181 1787 80 33 med
1298 1799 280 30 gemensam

90 1827 319 42 lärartjänst
439 1828 70 33 kan
542 1828 35 33 få
610 1829 130 42 vidgad
772 1830 235 42 tillämpning,
1040 1843 57 20 om
1130 1831 98 42 dylik
1260 1831 114 41 tjänst
1407 1832 54 33 får
1493 1845 83 20 vara

90 1884 200 28 gemensam
316 1876 89 29 även
429 1872 54 33 för
507 1873 85 32 flera
616 1877 45 29 än
686 1878 62 28 två
772 1874 220 33 skoldistrikt
1017 1875 65 32 och
1106 1887 57 21 om
1188 1876 224 33 beträffande
1438 1877 139 32 distrik-

93 1921 74 28 tens
188 1917 219 41 geografiska
426 1917 207 42 belägenhet
653 1918 126 33 endast
798 1918 137 40 kräves,
958 1923 55 29 att
1034 1920 42 32 de
1098 1923 37 29 är
1156 1921 175 32 varandra
1352 1921 224 40 närbelägna.

88 1961 56 32 En
173 1961 98 42 dylik
300 1962 213 41 utvidgning
543 1974 45 20 av
618 1962 269 42 möjligheterna
918 1968 55 28 att
1005 1963 53 33 för
1088 1964 62 33 här
1181 1969 117 28 avsett
1330 1966 164 32 ändamål
1527 1966 49 32 in-

90 2009 94 29 rätta
223 2018 201 29 gemensam
465 2006 265 34 icke-ordinarie
771 2008 206 41 lärartjänst
1017 2020 100 21 anser
1155 2008 61 42 jag
1256 2010 154 42 lämplig,
1452 2010 125 33 liksom

88 2050 60 41 jag
169 2050 105 33 också
296 2051 155 33 biträder
471 2052 378 41 utredningsmannens
870 2052 140 42 förslag,
1033 2058 55 28 att
1108 2054 205 41 giltigheten
1336 2054 54 34 för
1411 2054 165 34 folkskol-

90 2095 242 42 imspektörens
356 2096 233 41 medgivande
615 2097 51 32 till
691 2097 174 41 tjänstens
891 2097 149 34 bestånd
1067 2098 62 33 bör
1152 2098 120 33 kunna
1298 2100 201 32 utsträckas
1523 2100 53 33 till

89 2140 115 40 längst
220 2144 51 28 tre
288 2152 37 21 ar
342 2140 52 32 för
411 2140 96 41 varje
524 2152 101 29 gång.
641 2141 87 33 Med
746 2142 188 41 anledning
951 2154 44 20 av
1012 2143 68 32 vad
1097 2143 331 42 skolöverstyrelsen
1448 2144 127 39 anfört,

90 2184 59 32 vill
170 2184 60 42 jag
252 2185 197 38 framhålla,
472 2189 54 28 att
548 2197 200 28 gemensam
771 2186 113 40 tjänst
908 2187 150 40 givetvis
1083 2187 62 32 bör
1168 2187 121 33 kunna
1312 2188 150 33 inrättas
1488 2193 87 28 utan

89 2229 123 32 hinder
233 2241 45 20 av
300 2234 52 27 att
377 2230 42 32 de
442 2230 147 32 berörda
612 2230 263 32 skoldistrikten
899 2231 118 32 tillhör
1040 2231 112 33 skilda
1175 2232 400 41 inspektionsområden.

136 2273 52 32 De
211 2274 162 39 åtgärder
394 2286 74 19 som
491 2274 359 40 utredningsmannen
874 2274 176 41 föreslagit
1076 2275 7 32 i
1108 2275 103 41 syfte,
1234 2280 52 28 att
1313 2276 260 41 rekryteringen

88 2329 44 20 av
161 2317 42 32 de
232 2318 53 31 för
313 2322 61 28 två
405 2318 81 32 eller
514 2318 82 32 flera
628 2318 219 33 skoldistrikt
876 2331 261 28 gemensamma
1167 2320 290 40 lärartjänsterna
1488 2321 86 33 skall

89 2362 229 36 underlättas,
346 2374 104 29 synes
479 2363 54 31 väl
563 2363 217 32 motiverade
809 2364 77 32 med
918 2364 136 40 hänsyn
1086 2364 49 32 till
1165 2365 43 32 de
1237 2365 170 33 särskilda
1437 2366 137 40 olägen-

88 2406 108 33 heter.
220 2419 73 19 som
320 2407 112 32 måste
458 2419 84 20 vara
569 2407 162 33 förenade
756 2408 78 32 med
861 2408 279 40 tjänstgöringen
1167 2416 45 34 på
1236 2421 198 28 gemensam
1463 2410 107 40 tjänst

87 2451 63 31 och
177 2463 73 20 som
278 2455 83 28 utan
390 2463 105 28 några
524 2452 250 32 motsvarande
803 2452 173 33 förmåner
1003 2453 52 31 för
1082 2453 349 40 tjänstmnehavaren
1463 2459 111 28 måste

88 2500 146 35 antagas
254 2496 178 33 förorsaka
454 2496 72 32 ofta
550 2496 288 34 aterkommande
860 2497 200 41 lärarbyten
1086 2498 75 32 med
1183 2498 109 32 därav
1315 2498 154 41 följande
1492 2499 82 32 bris-
