2220 2648
755 221 239 41 Lagutskottets
1016 222 170 32 utlåtande
1211 222 53 32 Nr
1287 223 55 31 32.
1832 221 20 30 5

248 303 88 46 tion,
367 316 76 24 som
472 304 114 35 under
615 316 45 23 en
688 304 65 35 och
784 316 135 23 samma
946 304 161 47 tidrymd
1137 304 92 35 skall
1257 303 148 45 utföras,
1437 305 113 34 måste
1573 302 113 36 blifva
1706 315 147 34 synner-

248 358 98 47 ligen
393 358 107 35 olika.
576 357 238 36 Arbetstiden
861 358 65 35 och
973 358 395 35 arbetsförhållandena
1415 357 64 35 här
1522 359 112 33 måste
1670 356 183 47 nämligen

249 416 113 32 rättas
411 412 92 35 efter
552 412 262 35 allmänhetens
861 411 96 35 olika
1012 412 86 35 kraf
1144 415 46 43 på
1237 415 53 32 att
1331 411 114 35 blifva
1486 410 171 48 betjänad
1697 410 12 35 i
1756 410 97 36 olika

248 466 76 43 fall,
373 469 20 32 äå
440 465 96 36 olika
583 468 95 32 orter
725 465 65 35 och
837 466 115 34 under
994 465 98 36 olika
1133 464 318 47 omständigheter.
1526 465 108 35 Hvad
1681 464 172 35 särskildt

248 522 112 45 angår
407 520 139 47 kypare
588 519 65 35 och
696 519 262 46 uppasserskor
1001 522 92 32 samt
1146 518 13 35 i
1206 522 74 32 stor
1330 518 253 47 utsträckning
1629 518 107 35 äfven
1782 519 72 34 den

248 573 115 47 öfriga
414 573 212 46 personalen
672 575 21 32 å
739 575 252 44 restauranger
1033 574 66 34 och
1141 573 134 44 kaféer,
1321 578 38 29 är
1401 573 55 34 för
1503 572 80 35 dem
1626 571 226 37 arbetstiden

248 627 202 35 merendels
492 626 264 36 koncentrerad
798 625 110 48 kring
945 626 95 36 vissa
1068 626 95 36 tider
1191 629 45 43 på
1265 627 146 46 dygnet,
1443 626 45 35 då
1516 626 244 35 allmänheten
1788 627 65 34 där

247 681 142 47 intager
432 679 166 37 måltider
640 680 86 35 eller
762 692 121 23 annan
911 679 187 48 förtäring.
1159 673 126 54 Öfriga
1312 680 95 35 tider
1435 685 39 29 är
1502 680 138 35 arbetet
1668 679 185 36 afsevärdt

249 734 152 36 mindre.
459 734 232 35 Beträffande
733 733 173 36 särskildt
935 735 43 34 de
1007 738 114 31 större
1149 738 302 42 restaurangerna
1479 734 66 34 och
1573 733 182 44 kaféerna,
1787 734 65 34 där

250 792 113 32 större
406 788 164 47 personal
612 790 113 33 måste
767 788 194 44 användas,
1006 792 114 31 möter
1149 788 61 35 det
1236 787 86 47 inga
1351 786 221 47 svårigheter
1601 791 52 32 att
1681 788 82 34 med
1791 799 61 23 an-

250 842 175 46 passande
467 841 159 36 härefter
668 841 41 35 af
751 841 81 35 dess
873 841 316 47 tjänstgörimgstid
1231 840 117 37 turvis
1384 841 132 35 bereda
1544 842 205 34 densamma
1777 840 75 37 viss

249 895 160 47 ledighet
437 894 178 47 dagligen,
647 895 97 43 eller,
776 895 65 35 där
869 896 98 34 detta
997 895 30 47 ej
1059 895 73 35 kan
1161 894 75 46 ske,
1267 894 95 36 vissa
1391 895 120 46 dagar.
1570 894 157 35 Sålunda
1747 900 40 29 är
1806 897 45 44 på

250 949 225 36 Stockholms
517 952 113 32 större
671 951 255 44 restauranger
953 949 66 35 och
1048 948 124 36 kaféer
1200 948 13 35 1
1241 948 197 36 allmänhet
1465 947 211 47 genomförd
1704 960 46 23 en
1778 948 73 36 viss

249 1003 164 35 bestämd
441 1001 189 47 indelning
657 1001 57 36 till
742 1002 242 48 tjänstgöring
1012 1003 56 34 för
1096 1001 125 48 hvarje
1250 1002 80 46 dag,
1360 1002 13 35 i
1401 1004 130 45 många
1554 1001 65 35 fall
1638 1001 96 36 olika
1753 1001 98 36 olika

249 1057 121 46 dagar.
409 1055 107 36 Vissa
544 1055 211 48 hvilodagar
783 1061 61 30 äro
873 1056 108 35 äfven
1008 1056 117 35 turvis
1152 1055 269 36 tillförsäkrade
1441 1055 220 46 personalen.
1710 1056 19 34 TI
1747 1056 104 46 fråga

249 1123 55 23 om
331 1111 44 34 de
395 1113 113 33 större
536 1109 157 36 hotellen
721 1109 56 36 för
805 1110 151 35 resande
985 1115 61 29 äro
1074 1109 274 36 förhållandena
1376 1109 75 35 ofta
1470 1109 187 35 likartade.
1706 1109 70 36 Att
1794 1110 57 34 för

249 1164 120 46 öfrigt,
393 1163 118 36 såvidt
530 1164 44 34 de
594 1166 115 33 större
728 1166 302 44 restaurangerna
1050 1163 66 36 och
1137 1163 158 36 hotellen
1314 1165 122 45 angår,
1455 1163 395 35 arbetsförhållandena

247 1217 14 35 i
280 1220 81 33 vårt
388 1217 86 36 land
502 1217 31 48 ej
564 1222 61 30 äro
654 1223 126 38 sämre,
811 1223 46 29 än
886 1220 53 32 att
968 1217 69 35 den
1058 1217 158 35 rådande
1236 1216 267 36 aftalsfriheten
1523 1219 45 44 på
1588 1217 98 34 detta
1705 1217 145 35 område

248 1271 223 36 fortfarande
500 1275 88 31 utan
615 1270 79 35 fara
722 1270 75 35 kan
825 1270 223 47 uppehållas,
1080 1270 178 36 vitsordas
1287 1269 39 36 af
1348 1271 70 34 den
1437 1269 323 48 omständigheten,
1782 1274 64 39 att,

248 1324 114 47 enligt
392 1324 95 36 hvad
517 1324 177 35 utskottet
721 1323 191 44 inhämtat,
943 1323 138 36 arbetet
1108 1323 97 35 inom
1235 1324 118 34 denna
1381 1324 199 67 yrkesgren
1608 1323 74 35 ofta
1702 1329 39 29 är
1761 1322 88 37 star-

248 1352 97 62 kare
365 1378 175 36 eftersökt
568 1383 46 29 än
642 1377 97 35 inom
768 1380 130 44 många
926 1377 113 35 andra
1066 1377 252 48 yrkesgrenar.

356 1432 69 35 Om
467 1431 151 35 sålunda
659 1430 226 36 beträffande
913 1435 115 32 större
1056 1433 265 45 restauranger,
1352 1430 126 36 kaféer
1505 1430 66 35 och
1600 1430 111 36 hotell
1739 1431 45 34 de
1812 1430 40 35 af

248 1484 264 36 motionärerna
554 1484 165 48 åsyftade
760 1485 113 35 vådor
913 1484 13 35 i
967 1484 104 46 fråga
1113 1497 56 22 om
1207 1485 71 35 den
1316 1484 65 35 där
1413 1484 178 36 anställda
1618 1484 231 46 personalens

248 1538 102 35 hälsa
392 1538 59 35 väl
495 1538 92 35 visat
628 1538 54 47 sig
724 1538 125 35 kunna
882 1538 242 36 förekommas
1152 1541 88 32 utan
1269 1538 134 35 sådana
1431 1536 418 48 lagstiftningsåtgärder

249 1604 75 23 som
363 1592 43 34 de
443 1604 50 22 nu
521 1591 196 47 påyrkade,
747 1591 118 36 skulle
894 1594 20 32 å
942 1592 114 35 andra
1085 1591 103 36 sidan
1216 1592 13 34 i
1256 1591 103 47 fråga
1388 1604 56 22 om
1474 1592 44 35 de
1547 1591 138 36 mindre
1713 1595 136 32 restau-

247 1657 191 35 rangerna,
483 1645 171 35 kaféerna
696 1645 66 35 och
804 1645 170 44 hotellen,
1020 1645 66 35 där
1128 1645 212 47 personalen
1381 1650 40 30 är
1462 1644 190 47 fåtaligare
1684 1645 66 35 och
1784 1646 65 34 där

249 1697 254 48 anställnings-
544 1699 67 35 och
653 1698 301 36 arbetsvillkoren
995 1704 126 29 närma
1162 1698 55 46 sig
1251 1698 289 48 tjänstehjonens
1567 1698 13 35 i
1608 1699 69 34 den
1706 1698 143 46 privata

247 1752 174 48 familjen,
467 1751 125 47 dylika
634 1751 419 47 lagstiftningsåtgärder
1087 1751 145 47 ingripa
1259 1752 183 35 afsevärdt
1471 1752 151 35 hårdare
1650 1751 13 35 i
1691 1752 70 35 den
1789 1764 59 23 en-

248 1805 120 37 skilda
409 1805 304 35 rörelsefriheten.
786 1805 64 35 Ett
891 1805 129 35 sådant
1047 1804 163 47 ingrepp,
1242 1804 158 44 hvartill,
1431 1805 177 35 utskottet
1637 1805 208 47 veterligen,

248 1859 274 36 förhållandena
550 1858 12 35 i
590 1860 80 34 vårt
698 1859 86 34 land
812 1858 82 35 icke
922 1858 109 47 gifvit
1060 1858 207 47 anledning,
1299 1858 117 35 skulle
1444 1858 156 47 troligen
1627 1858 80 36 icke
1735 1859 113 35 heller

249 1913 125 34 kunna
408 1912 118 36 hälsas
556 1912 81 35 med
666 1915 114 32 större
808 1912 315 35 tillfredsställelse
1152 1912 39 35 af
1216 1913 70 34 den
1316 1912 296 46 arbetspersonal,
1643 1924 71 23 som
1746 1913 106 34 däraf

249 1965 117 36 skulle
394 1965 136 45 träffas,
561 1966 45 35 då
631 1965 52 49 ju,
714 1965 14 35 i
756 1968 84 32 mån
868 1965 40 35 af
933 1966 158 34 arbetets
1119 1965 206 47 fördelning
1353 1968 46 44 på
1417 1966 86 35 flera
1522 1966 148 43 händer,
1692 1966 156 35 arbetar-

248 2031 65 22 nas
341 2018 159 36 inkomst
529 2019 39 34 af
593 2018 64 36 sitt
685 2019 123 35 arbete
836 2021 113 33 måste
977 2018 171 35 minskas.

356 2071 177 47 Slutligen
576 2071 64 36 vill
683 2072 177 35 utskottet
890 2072 201 43 framhålla,
1129 2075 64 40 att,
1225 2072 44 34 då
1299 2072 61 34 det
1387 2071 81 35 icke
1496 2072 52 34 lär
1577 2072 72 35 låta
1678 2071 55 47 sig
1761 2077 86 41 göra

248 2126 53 33 att
330 2123 111 36 vinna
469 2125 61 34 det
558 2125 40 34 af
624 2124 262 35 motionärerna
915 2125 103 34 sökta
1046 2125 109 34 målet
1182 2137 129 33 genom
1340 2125 278 43 bestämmande,
1647 2125 65 34 här
1732 2127 115 33 såsom

248 2176 12 35 i
288 2176 103 47 fråga
420 2190 55 22 om
507 2177 306 44 handelsbutiker,
845 2178 40 34 af
910 2177 174 35 liknande
1113 2177 310 46 stängningstider
1452 2190 74 22 som
1556 2178 55 34 för
1640 2178 78 34 dem
1740 2178 105 45 gälla,

249 2231 61 34 det
352 2242 107 35 synes
501 2230 232 47 synnerligen
775 2233 99 33 svårt
916 2234 53 31 att
1011 2231 97 34 finna
1137 2230 172 46 lämpliga
1337 2231 65 34 och
1432 2230 171 36 effektiva
1632 2231 131 34 former
1792 2231 55 35 för

248 2283 310 46 öfvervakningen
587 2284 39 35 af
653 2284 262 35 efterlefnaden
945 2284 38 35 af
1023 2284 70 34 den
1121 2284 157 45 begärda
1307 2283 276 48 lagstiftningen
1613 2284 54 34 för
1696 2296 44 23 en
1770 2297 77 34 per-
