1898 2820
311 172 18 30 4
683 172 319 31 Bunkoutskottets
1022 172 187 31 utlåtande
1230 173 52 30 Nr
1305 174 51 29 50.

264 250 129 36 ningen
417 249 199 36 lämpligast
640 249 101 31 borde
764 249 58 31 ske
846 259 121 26 genom
988 249 227 36 upprättande
1231 260 44 20 av
1291 260 41 21 en
1349 251 147 31 särskild
1513 253 126 29 statens
1655 252 118 32 affärs-

264 302 102 36 bank,
390 302 120 31 intimt
533 301 191 31 förbunden
749 301 77 31 med
850 302 217 30 riksbanken.

308 354 120 37 Enligt
462 354 66 30 den
562 353 216 36 principiella
813 354 233 36 uppfattning,
1070 364 71 20 som
1170 355 145 30 sålunda
1338 355 107 36 gjorts
1468 356 161 36 gällande
1652 365 44 21 av
1721 357 53 31 be-

264 407 102 31 rörda
400 407 214 30 reservanter
648 406 62 30 och
745 406 233 36 fullmäktige,
1012 406 113 31 skulle
1159 417 42 20 en
1225 407 209 37 utvidgning
1458 419 44 21 av
1525 411 127 29 statens
1676 410 98 30 verk-

264 459 131 31 samhet
417 459 43 35 på
483 458 67 31 den
573 458 144 36 vanliga
739 458 260 31 bankrörelsens
1022 459 137 31 område
1183 459 52 31 för
1258 459 55 32 det
1335 460 179 32 allmänna
1537 461 153 31 medföra
1711 461 63 31 föl-

264 511 101 37 jande
389 511 189 30 förmåner:

307 563 224 31 Riksbanken
555 563 112 30 skulle
690 563 133 30 erhålla
846 564 48 30 ett
918 563 84 31 ökat
1024 564 202 36 inflytande
1249 565 46 36 på
1318 564 318 37 privatbankernas
1658 567 115 30 ränte-

263 617 208 35 sättningar.
531 615 75 31 Vad
645 615 346 36 utlåningsräntorna
1027 616 164 31 beträffar
1226 616 119 36 skulle,
1380 617 185 32 framhöllo
1598 628 176 21 reservan-

264 670 105 33 terna,
398 678 42 20 en
464 678 45 20 av
537 667 208 31 riksbanken
770 667 163 31 bedriven
957 677 94 21 mera
1074 668 140 37 allsidig
1238 669 62 30 och
1322 669 237 38 affärsmässig
1583 670 190 37 utlånings-

264 720 123 31 rörelse
422 720 55 30 till
501 720 235 31 allmänheten
760 721 123 35 utgöra
906 729 41 21 en
971 720 88 31 ökad
1084 721 138 35 garanti
1245 721 54 30 för
1322 723 50 29 att
1396 722 292 35 privatbankerna
1711 723 62 31 vid

264 773 53 30 sin
352 772 263 36 kreditgivning
649 772 74 30 icke
758 772 200 36 tillämpade
992 772 105 36 högre
1132 774 205 30 räntesatser
1365 776 45 28 än
1434 773 39 31 de
1497 783 43 21 av
1564 775 209 31 riksbanken

264 825 168 30 noterade.
478 824 18 30 I
524 824 99 36 fråga
650 834 56 20 om
729 824 344 36 inlåningsräntorna
1096 825 112 31 skulle
1231 835 41 21 en
1296 836 44 20 av
1365 826 208 30 riksbanken
1595 827 177 32 anordnad

263 878 199 35 permanent
495 876 399 36 inlåningsverksamhet
928 876 154 31 medföra
1117 877 87 31 ökad
1239 878 134 35 garanti
1409 878 53 31 för
1496 879 52 30 att
1581 879 192 31 bankernas

263 929 297 35 inlåningsräntor
583 928 60 31 vid
668 928 98 36 varje
789 928 163 36 tidpunkt
975 928 108 31 hölles
1099 929 12 30 i
1127 929 56 31 det
1202 930 84 36 läge,
1304 940 71 20 som
1391 930 199 36 betingades
1605 941 45 20 av
1667 932 105 36 nödig

264 982 134 36 hänsyn
433 981 55 30 till
522 981 97 30 såväl
653 981 195 31 insättarna
875 991 72 20 som
971 981 93 36 läget
1087 983 43 34 på
1153 982 376 36 penningmarknaden.
1575 983 53 31 En
1653 984 118 36 statlig

263 1033 235 36 affärsmässig
533 1033 216 31 bankrörelse
783 1034 110 30 skulle
920 1033 146 31 sålunda
1090 1035 121 35 utgöra
1234 1035 48 30 ett
1305 1035 174 31 verksamt
1503 1035 108 31 medel
1635 1036 53 31 för
1712 1046 61 21 un-

264 1085 236 36 derstödjande
523 1095 45 21 av
592 1086 225 30 riksbankens
840 1086 281 35 diskontopolitik
1144 1087 89 29 samt
1256 1086 119 31 kunna
1399 1088 105 30 utöva
1523 1088 190 36 inflytande
1729 1089 43 35 på

264 1138 215 35 marginalen
503 1138 128 30 mellan
656 1138 311 35 privatbankernas
990 1139 50 29 in-
1064 1138 62 30 och
1149 1138 306 36 utlåningsräntor.

308 1191 56 29 Av
388 1192 44 28 än
455 1191 108 29 större
586 1190 168 36 betydelse
778 1200 81 21 vore
882 1190 203 35 emellertid,
1109 1192 50 29 att
1182 1200 42 21 en
1248 1191 166 36 utvidgad
1438 1192 120 36 statlig
1582 1192 191 31 bankvork-

264 1242 133 31 samhet
430 1242 113 31 skulle
576 1242 120 30 kunna
729 1242 96 30 bliva
860 1253 41 20 en
925 1243 153 30 motvikt
1102 1246 74 28 mot
1198 1244 318 35 privatbankernas
1538 1246 161 30 växande
1722 1246 50 30 in-

264 1295 160 36 flytande
448 1296 85 29 över
555 1294 206 31 samhällets
785 1295 229 31 ekonomiska
1039 1296 60 30 liv.
1138 1295 100 31 Detta
1261 1296 187 36 inflytande
1472 1306 81 21 vore
1576 1297 196 31 huvudsak-

263 1347 93 36 ligen
379 1357 42 20 en
445 1347 86 35 följd
554 1357 46 20 av
623 1347 311 35 privatbankernas
957 1347 167 36 ställning
1148 1348 109 30 såsom
1282 1348 185 31 förvaltare
1484 1359 45 20 av
1546 1359 39 21 en
1602 1350 170 36 väsentlig

265 1399 53 31 del
352 1409 45 21 av
432 1399 134 31 landets
599 1399 213 36 sparkapital
844 1399 61 31 och
928 1399 124 31 ökades
1076 1408 119 28 genom
1219 1402 48 29 ett
1290 1401 117 30 intimt
1430 1402 191 30 samarbete
1644 1402 128 30 mellan

264 1452 40 31 de
338 1453 108 29 större
472 1451 304 36 privatbankerna,
808 1452 198 36 varigenom
1030 1452 259 31 konkurrensen
1312 1453 176 31 bankerna
1512 1454 143 31 emellan
1679 1464 94 21 avse-

264 1506 78 29 värt
376 1504 228 36 försvagades.
651 1504 54 30 En
738 1504 53 30 för
815 1505 126 30 statens
964 1505 151 36 räkning
1140 1504 129 36 driven,
1293 1515 41 20 ur
1357 1505 178 31 allmänna
1557 1507 215 35 synpunkter

265 1556 76 31 ledd
376 1556 344 31 affärsbanksrörelse
749 1556 111 31 skulle
884 1556 207 36 möjliggöra
1114 1557 88 31 ökad
1225 1558 118 36 statlig
1367 1558 149 31 kontroll
1541 1561 79 28 över
1642 1560 130 35 privat-

263 1608 273 31 banksväsendet
570 1609 61 30 och
667 1609 94 30 inom
797 1608 188 31 detsamma
1015 1609 12 29 i
1050 1609 165 31 samband
1250 1610 76 31 med
1359 1610 64 31 den
1452 1611 118 30 starka
1593 1612 179 30 maktkon-

265 1661 232 30 centrationen
520 1660 258 31 framträdande
801 1661 279 35 monopolistiska
1104 1662 218 31 strävanden.

308 1714 54 30 En
385 1713 169 35 utvidgad
582 1713 120 36 statlig
731 1714 310 30 bankverksamhet
1068 1714 111 30 skulle
1202 1715 121 30 vidare
1346 1715 118 30 kunna
1488 1716 186 36 tillgodose
1697 1716 75 31 vik-

266 1767 72 35 tiga
361 1766 295 34 statsfinansiella
681 1767 182 30 intressen.
909 1766 119 31 Staten
1052 1766 97 36 hade,
1173 1766 43 31 då
1239 1767 65 30 den
1326 1777 144 21 numera
1494 1767 277 37 huvudsakligen

267 1818 204 30 verkställde
495 1818 55 30 sin
573 1818 189 36 upplåning
787 1819 92 29 inom
903 1818 125 36 landet,
1054 1819 103 30 blivit
1179 1819 138 31 alltmer
1337 1819 165 31 beroende
1518 1830 44 20 av
1578 1820 40 30 de
1633 1820 140 36 privata

265 1870 184 31 bankerna.
497 1870 264 36 Lämpligheten
789 1880 46 21 av
862 1872 51 29 att
936 1871 95 30 dessa
1056 1871 102 31 blivit
1181 1881 41 21 en
1247 1871 193 36 oumbärlig
1465 1872 221 31 mellanhand
1711 1873 60 30 vid

264 1923 64 30 den
363 1922 131 31 inrikes
528 1923 236 35 upplåningen
799 1923 113 30 kunde
947 1924 151 35 givetvis
1130 1923 229 37 ifrågasättas.
1405 1924 81 30 Som
1511 1926 109 29 staten
1643 1924 128 31 hittills

263 1975 124 31 saknat
410 1974 166 36 lämpliga
600 1983 107 27 organ
731 1975 53 30 för
808 1975 416 37 obligationsförsäljning
1249 1976 55 30 till
1328 1976 243 36 allmänheten,
1589 1977 101 31 borde
1706 1977 65 31 den

265 2028 119 30 kunna
408 2027 153 36 påräkna
584 2027 136 36 viktiga
744 2028 145 35 tjänster
912 2038 46 20 av
980 2037 41 21 en
1045 2038 83 25 egen
1144 2028 206 30 affärsbank.
1374 2028 73 31 Den
1463 2028 307 36 omständigheten,

264 2080 51 30 att
338 2080 110 29 staten
471 2079 92 30 varit
586 2079 169 30 hänvisad
781 2079 56 31 till
860 2080 292 35 privatbankerna
1175 2081 110 29 såsom
1301 2080 86 31 enda
1403 2080 202 31 förmedlare
1621 2081 61 30 och
1700 2081 71 30 lån-

265 2132 129 35 givare,
427 2133 116 35 syntes
572 2131 71 31 icke
668 2131 144 36 erbjuda
835 2132 173 35 garantier
1032 2132 52 30 för
1108 2133 50 30 att
1181 2132 64 31 den
1270 2133 58 30 vid
1352 2132 97 36 varje
1473 2132 164 37 tidpunkt
1660 2134 111 30 skulle

264 2184 131 30 erhålla
419 2184 58 30 lån
501 2184 56 30 till
582 2185 36 29 så
643 2184 57 35 låg
723 2185 111 35 ränta,
858 2194 71 20 som
953 2186 82 29 över
1059 2184 118 31 huvud
1202 2194 79 21 vore
1304 2185 136 36 möjligt
1463 2185 78 31 med
1564 2185 133 36 hänsyn
1714 2185 56 31 till

264 2236 92 36 läget
379 2237 43 35 på
449 2236 378 36 penningmarknaden.
885 2236 270 31 Konkurrensen
1189 2237 128 30 mellan
1352 2237 292 35 privatbankerna
1669 2237 101 31 borde

263 2288 74 30 icke
371 2289 221 30 överskattas.
639 2288 64 30 Det
736 2288 113 31 kunde
872 2290 149 29 tvärtom
1047 2289 143 35 befaras,
1214 2291 50 29 att
1289 2289 190 31 bankernas
1504 2290 156 30 inbördes
1684 2299 87 21 sam-

264 2341 131 30 verkan
430 2340 59 31 vid
525 2340 282 36 genomförandet
842 2351 43 20 av
910 2341 330 31 lånetransaktioner
1263 2342 36 30 åt
1323 2343 109 29 staten
1457 2342 113 31 kunde
1594 2342 175 30 utvecklas

264 2393 54 30 till
352 2394 48 29 ett
434 2393 153 36 verkligt
620 2393 169 35 monopol,
825 2393 12 30 i
872 2393 63 31 den
971 2395 81 29 mån
1077 2394 394 30 bankkonecentrationen
1496 2394 188 31 fortskrede
1708 2394 61 31 och

265 2444 175 30 bankerna
464 2444 54 31 för
546 2444 196 31 ändamålet
764 2445 138 30 bildade
925 2445 115 30 starka
1065 2445 201 36 konsortier,
1290 2446 199 35 varigenom
1513 2446 256 31 konkurrensen

264 2496 247 31 eliminerades.
564 2497 53 30 En
652 2499 127 29 statens
814 2497 197 31 affärsbank
1047 2498 75 30 med
1157 2498 143 36 lämplig
1335 2499 233 36 organisation
1603 2499 60 30 och
1698 2499 72 31 vid-
