2252 2644
753 195 252 33 Statsutskottets
1035 193 174 34 Utlåtande
1231 196 63 33 N:o
1316 197 30 29 9.
1765 193 38 31 75

381 277 98 48 31:o0)
520 277 52 36 På
612 276 123 49 grund
769 276 41 37 af
839 275 137 49 Kongl.
1012 275 126 49 Maj:ts
1167 274 127 38 derom
1323 274 135 50 gjorda
1486 271 280 51 framställning
1794 272 53 37 får
1882 272 64 31 Ang.
1967 273 90 30 enslag

1889 307 39 24 till
1946 307 103 27 arfvode

251 330 184 37 utskottet
463 324 211 57 hemställa,
1873 340 26 25 åt
1917 350 32 16 en
1967 343 95 23 instru-

1882 378 169 23 mentmakare

909 431 6 7 ö
1180 432 9 10 o
1252 429 6 7 ö
1319 429 6 6 .
1735 434 13 5 -
1887 413 44 22 vid
1976 413 72 23 fysiolo-

778 437 54 32 att
873 431 219 49 Riksdagen
1137 444 69 33 må,
1249 443 12 23 i
1302 429 119 37 likhet
1463 429 84 37 med
1589 428 98 38 hvad
1716 429 56 37 för
1801 429 45 36 de
1888 448 38 29 js
1947 413 103 58 Sp

563 502 10 9 >
650 497 131 24 senare
823 487 87 33 åren
952 488 65 43 egt
1058 495 95 34 rum,
1195 481 56 37 till
1293 481 152 37 arfvode
1474 484 37 34 åt
1539 495 46 23 en
1616 483 229 35 instrument-
1896 483 114 58 —tuionen
2029 483 11 22 i

858 537 5 6 .
932 537 6 7 »
985 537 5 5 :
1080 536 5 5 .
1190 534 5 7 .
1264 535 5 6 .
1333 535 5 6 .
1457 534 5 7 ,
1630 538 14 5 -
1949 525 62 15 und.

650 538 148 34 makare
828 537 61 34 vid
915 534 238 49 fysiologiska
1183 541 245 30 institutionen
1450 548 10 22 i
1482 534 110 36 Lund
1612 533 56 37 för
1688 536 39 34 år
1749 534 96 36 1896
1926 553 93 46 [27.]

650 587 130 38 anvisa
808 593 54 31 ett
890 592 106 32 extra
1024 586 133 48 anslag
1185 585 42 37 af
1251 587 73 35 500
1352 585 146 37 kronor.

381 692 97 49 32:0)
508 692 124 38 Sedan
663 693 97 35 1894
789 694 59 34 års
877 690 170 49 Riksdag
1076 689 58 37 för
1162 688 232 50 uppförande
1424 688 42 37 af
1486 701 46 24 en
1553 702 46 35 ny
1624 689 166 48 byggnad
1810 688 37 37 åt
1879 691 65 40 Ang.
1965 691 90 31 anslag

251 746 225 36 anatomiska
506 745 242 36 institutionen
780 745 10 35 i
818 745 112 35 Lund
958 746 21 33 å
1006 747 108 32 extra
1133 747 75 31 stat
1228 740 153 49 beviljat
1401 746 55 31 ett
1475 740 133 49 anslag
1628 740 41 37 af
1686 742 160 45 149,000
1875 726 51 58 sal
1944 734 40 57 för
2021 727 41 57 Tr

250 798 138 36 kronor
427 796 69 37 och
537 796 110 37 deraf
678 796 58 36 för
760 798 39 34 år
830 796 95 36 1895
955 793 149 38 anvisat
1134 794 138 47 50,000
1300 793 149 47 kronor,
1479 792 66 37 har
1573 792 136 49 Kongl.
1740 792 107 49 Maj:t
1867 797 105 40 tomiska
1994 797 70 40 insti-

250 863 50 23 nu
343 848 194 49 föreslagit
579 848 217 48 Riksdagen
838 853 53 31 att
935 846 42 37 af
1006 845 158 37 berörda
1192 844 132 50 anslag
1352 844 130 38 anvisa
1510 844 57 37 för
1595 847 40 34 år
1666 845 96 36 1896
1792 849 54 31 ett
1895 835 144 55 "Pa

251 900 134 50 belopp
414 900 40 37 af
478 902 138 43 30,000
645 900 147 36 kronor.
1923 902 92 47 [28].

382 952 193 38 Utskottet
604 950 227 48 hemställer,

779 1060 54 31 att
874 1053 138 49 Kongl.
1048 1052 127 49 Maj:ts
1209 1051 243 38 förevarande
1480 1050 280 51 framställning
1788 1054 59 34 må

651 1107 41 37 af
714 1106 217 49 Riksdagen
959 1104 157 38 bifallas.

382 1211 98 49 33:0)
523 1211 137 49 Kongl.
703 1211 104 48 Maj:t
850 1210 68 36 har
959 1208 174 49 förslagit
1167 1207 216 48 Riksdagen
1412 1213 54 30 att
1495 1206 57 37 till
1580 1207 265 49 uppehållande
1877 1207 66 57 ANI.
1963 1206 91 57 mid

253 1266 46 44 af
337 1264 303 48 undervisningen
683 1264 59 35 och
772 1262 291 36 examinationen
1090 1262 11 34 i
1129 1260 132 48 speciel
1286 1260 195 45 privaträtt
1511 1259 60 36 vid
1600 1259 205 37 universitet
1834 1259 12 35 I
1865 1249 74 50 lande
1951 1248 121 56 afunder-

256 1318 108 35 Lund
391 1319 46 46 på
465 1321 106 30 extra
600 1320 74 31 stat
703 1314 58 36 för
789 1318 39 32 år
859 1314 96 35 1896
987 1311 136 49 bevilja
1152 1316 53 31 ett
1235 1311 132 48 anslag
1394 1311 40 36 af
1461 1312 111 46 1,500
1600 1311 147 36 kronor.
1880 1312 102 47 visning
1998 1311 48 45 och

381 1367 53 37 Åf
471 1365 409 51 statsrådsprotokollet
912 1364 201 47 inhemtas,
1143 1368 54 31 att
1220 1362 188 49 juridiska
1436 1362 208 37 fakulteten
1671 1362 63 36 vid
1762 1362 81 37 uni-
1863 1353 99 57 speciel
1964 1349 110 62 bricat-

252 1419 194 37 versitetet
480 1419 5 36 i
513 1418 110 37 Lund
650 1418 115 37 redan
793 1421 39 33 år
864 1418 96 35 1890
988 1416 104 48 gjort
1120 1414 277 49 framställning
1424 1428 60 23 om
1509 1420 54 31 ett
1583 1414 112 51 årligt
1714 1414 133 49 anslag
1865 1418 50 21 rätt
1934 1416 41 48 vid
1978 1416 94 48 Lunds

252 1472 41 36 af
318 1473 111 46 6,000
457 1471 138 36 kronor
625 1470 55 36 till
709 1483 45 23 en
782 1484 50 35 ny
852 1468 187 38 ordinarie
1059 1466 426 50 professorsbefattning
1504 1466 101 37 inom
1625 1466 220 48 fakulteten,
1891 1455 156 77 29]

252 1523 153 37 hvilken
433 1522 278 49 framställning
739 1522 111 36 afsett
878 1520 213 37 inrättande
1120 1519 41 36 af
1183 1532 45 23 en
1256 1533 51 35 ny
1335 1518 437 49 professorsbeställning
1792 1518 56 37 för

252 1575 137 50 speciel
418 1575 212 49 privaträtt,
659 1574 34 36 d.
724 1588 33 22 v.
788 1588 28 22 s.
846 1572 187 47 handels-,
1063 1571 125 37 vexel-
1218 1570 68 38 och
1315 1571 134 48 sjörätt
1468 1571 120 48 jemte
1604 1570 242 49 näringsrätt.

252 1627 227 49 Derigenom
509 1626 132 48 skulle,
671 1626 117 48 enligt
817 1625 97 36 hvad
936 1623 207 38 fakulteten
1162 1623 62 36 vid
1244 1622 285 49 ifrågavarande
1550 1622 143 37 tillfälle
1713 1622 134 47 anfört,

252 1678 393 49 ämnesfördelningen
673 1678 99 36 inom
803 1676 206 37 fakulteten
1039 1675 107 36 ställa
1176 1674 59 49 sig
1264 1674 168 37 sålunda:

304 1769 45 23 en
377 1755 189 50 professur
596 1755 56 36 för
680 1754 137 36 svensk
846 1753 174 47 civilrätt,

679 1805 136 50 speciel
842 1805 212 49 privaträtt,

318 1837 21 18 2”
447 1836 21 19 2”
615 1836 21 18 1”

319 1888 22 19 ”
447 1888 21 18 ”
615 1888 21 18 »
679 1858 194 46 straffrätt,
901 1855 346 50 krigslagfarenhet
1276 1855 67 36 och
1368 1854 165 50 juridisk
1563 1854 256 50 encyklopedi,

318 1940 21 18 ”
446 1940 21 18 ”
614 1940 21 18 »
678 1914 237 45 processrätt,

317 1991 22 19 ”
446 1992 21 18 ”
614 1991 21 18 ,
678 1961 168 37 romersk
874 1965 74 31 rätt
978 1960 69 36 och
1074 1958 265 47 rättshistoria,

318 2043 21 18 ”
446 2043 21 18 ”
613 2043 22 17 ,,
678 2013 151 48 politisk
857 2011 173 37 ekonomi
1060 2011 68 36 och
1156 2011 208 47 finansrätt,
1395 2016 95 30 samt

317 2094 22 19 »
447 2094 21 18 ”
615 2094 21 18 ,
681 2069 182 41 statsrätt,
905 2063 152 36 folkrätt
1100 2063 68 35 och
1210 2061 135 37 allmän
1380 2061 353 36 administrativrätt
1762 2061 83 37 med

727 2115 205 48 kyrkorätt.

382 2192 121 36 Äfven
532 2206 59 21 om
621 2192 71 36 den
713 2191 218 48 ifrågasatta
954 2191 303 47 förstärkningen
1281 2202 153 34 vunnes,
1456 2189 132 47 skulle,
1610 2188 118 49 enligt
1748 2189 96 35 hvad

255 2244 201 36 fakulteten
499 2244 134 47 anfört,
663 2244 88 35 flera
779 2241 194 37 lärostolar
1002 2242 143 36 ändock
1175 2242 149 35 komma
1352 2247 52 29 att
1435 2240 158 36 omfatta
1623 2240 57 36 väl
1710 2243 136 45 många

252 2296 68 36 och
364 2295 226 37 vidsträckta
632 2295 226 46 läroämnen,
901 2296 38 33 så
977 2299 51 30 att
1060 2292 256 38 lärareantalet
1350 2292 203 49 ingalunda
1584 2292 122 36 kunde
1736 2305 108 23 anses
