2260 2636
467 197 40 31 68
928 198 250 32 Statsutskottets
1209 197 170 33 Utlåtande
1403 197 63 33 N:o
1489 198 30 31 9.

1062 439 309 34 Nationalmuseum.

212 546 67 57 Ag:
299 546 88 58 anslog
556 536 94 50 18:0)
679 537 195 38 Utskottet
902 537 57 37 får
986 535 208 48 hemställa,

240 588 10 15 ill
287 585 90 20 statens

230 615 146 25 konstindu-

224 651 147 66 samlingar.
952 663 56 32 att
1035 657 229 49 Riksdagen,
1293 656 84 37 med
1404 656 104 37 bifall
1523 655 57 37 till
1595 655 136 49 Kongl.
1748 655 127 49 Maj:ts
1890 655 128 36 derom

252 721 93 47 r14.|
822 710 136 49 gjorda
986 709 288 48 framställning,
1303 711 60 34 må
1390 708 57 37 för
1475 711 40 33 år
1533 709 109 46 1896,
1659 707 12 36 i
1685 707 120 37 likhet
1819 707 86 37 med
1919 707 100 36 hvad

823 762 57 36 för
917 762 91 36 flera
1036 761 223 49 föregående
1288 764 39 33 år
1355 766 65 43 egt
1447 774 96 33 rum,
1571 759 138 49 bevilja
1736 765 55 31 ett
1818 764 106 31 extra
1952 772 66 23 an-

824 814 83 48 slag
935 813 42 37 af
1001 815 113 46 4,000
1142 813 139 37 kronor
1307 812 58 37 för
1392 812 103 47 vård,
1515 811 195 37 underhåll
1729 811 68 37 och
1816 810 204 49 tillökning

823 865 41 37 af
888 873 133 30 statens
1049 865 327 37 konstindustriella
1405 865 214 48 samlingar.

1057 1052 329 35 Lifrustkammaren.

210 1172 66 30 Ang.
296 1173 89 30 anslag
556 1158 96 50 19:0)
681 1154 194 53 Utskottet
903 1154 228 56 hemställer,

225 1207 40 23 till
283 1208 95 29 lifrust-

225 1243 152 23 kammaren.

252 1278 91 47 [15.]
949 1276 56 31 att
1033 1270 228 49 Riksdagen,
1282 1270 84 36 med
1389 1269 106 37 bifall
1514 1269 57 37 till
1590 1268 136 49 Kongl.
1747 1268 128 49 Maj:ts
1890 1267 127 37 derom

820 1322 135 49 gjorda
996 1322 278 49 framställning
1302 1322 69 36 och
1398 1322 12 36 i
1437 1321 119 37 likhet
1586 1321 85 36 med
1698 1320 99 37 hvad
1825 1320 99 36 förut
1952 1326 66 42 egt

819 1388 95 33 rum,
957 1378 60 33 må
1056 1378 46 45 på
1129 1380 107 31 extra
1264 1380 75 31 stat
1366 1374 58 36 för
1449 1377 40 33 år
1520 1375 96 35 1896
1646 1372 130 37 anvisa
1804 1377 54 31 ett
1886 1371 132 49 anslag

820 1426 41 36 af
890 1428 114 45 5,800
1039 1427 135 36 kronor
1201 1426 57 36 för
1286 1426 140 49 tillsyn,
1455 1425 194 37 underhåll
1677 1424 68 37 och
1774 1423 90 38 vård
1892 1424 41 36 af
1956 1424 61 50 lif-

819 1479 306 36 rustkammarens
1153 1479 203 48 samlingar
1384 1492 45 23 m.
1460 1492 43 22 m.

1094 1666 251 34 Universiteten.

211 1778 66 30 Ang.
298 1778 88 30 anslag
553 1770 98 49 20:0)
681 1770 122 37 Sedan
831 1771 219 49 Riksdagen
1079 1774 39 34 år
1149 1773 98 35 1894
1276 1771 154 50 beviljat
1458 1777 54 31 ett
1528 1771 132 49 anslag
1677 1771 39 36 af
1727 1772 137 47 36,000
1880 1771 138 36 kronor

222 1813 39 23 till
322 1814 57 17 univer-
404 1790 12 62 —
442 1827 14 5 pv
599 1827 13 5 -
1012 1823 95 13 Nr
1219 1823 107 7 SSA
1452 1823 6 6 s
1877 1824 5 7 .

212 1821 176 50 sitetslektorer
424 1822 56 36 Ör
509 1822 230 37 anställande
767 1823 117 36 under
912 1836 66 24 sex
1008 1838 39 22 år
1073 1823 62 36 vid
1163 1829 262 31 universitetet
1448 1837 13 23 i
1485 1823 141 49 Upsala
1645 1823 41 36 af
1700 1825 148 35 lektorer
1870 1837 10 22 i
1901 1823 115 47 tyska,

233 1884 12 21 i
267 1883 103 30 Upsala.
417 1875 164 49 franska
623 1876 59 35 och
724 1876 162 47 engelska
927 1877 152 45 språken
1108 1881 97 30 samt
1237 1875 42 36 af
1301 1875 102 37 detta
1431 1875 134 49 anslag
1591 1875 57 36 för
1675 1878 40 33 år
1745 1876 96 36 1895
1871 1873 147 38 anvisat

254 1919 93 46 [16.]
425 1927 113 47 6,000
580 1926 147 48 kronor,
756 1927 67 36 har
850 1927 138 49 Kongl.
1018 1927 106 49 Maj:t
1151 1941 50 22 nu
1228 1927 209 49 föreslagit,
1466 1933 56 31 att
1550 1927 41 36 af
1613 1927 243 37 omförmälda
1886 1926 132 49 anslag

424 1981 116 34 måtte
568 1979 58 36 för
653 1983 40 33 år
724 1980 95 35 1896
849 1979 151 37 anvisas
1030 1981 111 47 6,000
1169 1979 148 37 kronor.

553 2030 192 39 Utskottet
772 2031 228 49 hemställer,

951 2148 53 32 att
1045 2143 221 49 Riksdagen
1299 2147 60 33 må
1392 2144 57 36 till
1477 2143 163 37 lektorer
1668 2143 11 36 i
1707 2143 124 49 tyska,
1861 2143 155 37 franska

821 2196 71 36 och
936 2196 183 48 engelska
1161 2196 163 49 språken
1365 2195 62 37 vid
1469 2195 260 37 universitetet
1763 2195 5 36 i
1797 2195 143 50 Upsala
1967 2199 49 46 på

820 2253 105 31 extra
956 2253 74 31 stat
1057 2247 57 37 för
1147 2251 40 33 år
1218 2250 97 35 1896
1346 2248 129 36 anvisa
1506 2249 111 47 6,000
1646 2247 149 37 kronor.
