2256 2646
753 201 252 34 Statsutskottets
1033 202 171 33 Utlåtande
1228 203 62 32 N:o
1314 204 29 29 9.
1782 203 19 30 9

249 279 140 37 studiet
417 280 95 49 egde
540 294 46 23 en
615 283 40 35 så
682 281 223 50 ingripande
924 282 204 49 betydelse,
1150 288 130 44 syntes
1299 282 63 37 vid
1382 282 464 37 universitetsbiblioteket

248 337 55 31 ett
344 331 85 38 vida
471 337 119 32 större
618 333 101 37 antal
746 347 90 24 vara
863 333 183 50 behöfliigt
1075 339 47 32 än
1149 334 12 37 i
1190 334 230 46 Stockholm,
1449 334 117 37 ehuru
1594 334 251 37 förhållandet

248 397 50 23 nu
340 397 87 24 vore
462 385 188 36 omvändt.
706 385 150 51 Tyngst
883 386 114 37 borde
1025 386 96 37 dock
1149 387 11 35 i
1189 386 206 50 vågskålen
1423 386 86 37 falla
1536 386 64 37 det
1628 386 77 37 ofta
1732 386 114 37 förbi-

249 435 115 37 sedda
405 436 327 49 sakförhållandet,
766 443 55 31 att
856 438 127 49 kongl.
1013 438 219 37 biblioteket
1260 452 88 23 vore
1376 438 160 37 befriadt
1562 438 82 37 från
1672 438 170 50 skyldig-

248 487 113 37 heten
390 493 54 31 att
472 488 98 50 köpa
598 489 91 37 verk
717 489 101 37 inom
847 490 45 37 de
921 490 136 37 talrika
1084 491 411 49 naturvetenskaperna
1515 491 69 36 och
1603 490 101 37 inom
1725 490 117 37 medi-

247 539 121 46 cinen,
406 540 128 37 hvilka
566 540 152 37 arbeten
746 555 88 23 vore
863 542 45 37 de
941 542 152 48 dyraste
1122 542 41 37 af
1186 542 72 37 alla
1286 542 69 37 och
1384 556 79 23 som
1492 542 63 37 vid
1583 542 262 37 universitetet

246 591 215 49 naturligen
489 592 12 36 i
530 598 78 31 stor
636 593 228 50 omfattning
893 594 219 37 studerades
1141 595 68 36 och
1238 594 124 37 derför
1390 595 32 49 ej
1453 595 101 48 finge
1573 594 12 37 i
1606 593 96 38 dess"
1713 593 130 38 biblio-

245 643 65 37 tek
339 644 147 36 saknas.
542 645 87 36 Man
670 645 101 49 finge
809 646 33 48 ej
878 646 116 37 heller
1023 646 152 37 alldeles
1203 647 124 36 lemna
1355 661 44 22 ur
1427 646 97 49 sigte
1552 647 45 36 de
1625 646 219 49 betänkliga

244 695 130 37 luckor
413 696 12 36 i
466 696 249 49 bokförrådet,
753 711 79 23 som
863 701 168 46 uppstått
1059 712 136 35 genom
1225 699 201 48 anslagens
1456 698 304 49 otillräcklighet,
1790 704 55 31 ett

245 747 241 48 förhållande,
516 762 77 24 som
623 749 82 36 icke
735 750 123 36 kunde
886 764 89 23 vara
1003 750 57 37 för
1087 754 113 45 något
1230 750 179 37 bibliotek
1436 750 195 50 likgiltigt,
1652 764 86 24 men
1766 756 78 31 sär-

247 799 116 37 skildt
395 799 161 50 betydde
590 801 147 49 mycket
767 802 62 36 vid
859 808 53 30 ett
940 802 233 49 universitet,
1203 803 66 36 der
1297 803 275 49 vetenskapens
1601 804 146 36 historia
1777 803 66 37 all-

247 851 55 36 tid
341 855 117 33 måste
493 853 171 37 studeras
699 854 68 36 och
797 854 143 37 således
970 854 226 38 åtminstone
1225 855 86 36 dess
1341 855 205 37 förnämsta
1574 854 207 50 produkter
1809 856 32 48 ej

246 903 114 37 borde
389 903 56 37 för
476 905 313 49 sammanhanget
819 906 148 37 saknas.

376 955 53 37 Af
464 956 99 37 hvad
604 957 156 37 sålunda
802 958 142 37 anförts
977 958 69 37 har
1078 959 413 49 departementschefen
1519 958 122 37 funnit
1669 959 57 36 till
1754 958 89 38 fullo

247 1007 238 49 ådagalagdt,
515 1014 54 31 att
597 1009 285 49 ifrågavarande
910 1010 180 37 bibliotek
1120 1016 40 32 är
1187 1011 12 36 i
1220 1016 139 32 största
1378 1011 116 37 behof
1508 1012 41 35 af
1563 1011 115 37 ökadt
1697 1011 145 49 anslag,

246 1059 69 37 och
343 1060 67 36 har
438 1060 415 49 departementschefen
882 1068 124 32 ansett
1034 1063 63 37 det
1124 1063 164 49 begärda
1316 1063 173 50 beloppet
1517 1063 205 49 ingalunda
1755 1077 89 24 vara

246 1112 57 36 för
330 1112 93 49 högt
451 1112 217 38 beräknadt.

375 1216 236 37 Beträffande
641 1217 103 36 såväl
773 1217 231 37 sistnämnda
1034 1218 182 37 bibliotek
1237 1232 82 23 som
1340 1218 128 49 kongl.
1486 1219 224 37 biblioteket
1724 1220 119 36 finner

245 1267 182 37 utskottet
438 1268 45 37 de
498 1268 56 36 till
570 1269 412 48 statsrådsprotokollet
993 1270 155 36 anförda
1162 1271 323 48 omständigheter
1495 1276 178 43 nogsamt
1682 1271 93 48 visa,
1789 1277 53 31 att

247 1319 45 36 de
315 1319 132 47 medel,
464 1320 199 37 hvaröfver
678 1321 110 36 dessa
805 1321 181 36 bibliotek
1003 1321 133 37 hittills
1152 1322 145 36 kunnat
1313 1322 149 49 förfoga
1477 1323 58 36 för
1549 1323 160 36 böckers
1724 1323 116 49 inköp

247 1371 71 36 och
360 1371 196 49 bindning,
599 1373 33 48 ej
669 1377 63 32 äro
765 1372 228 49 tillräckliga
1021 1373 58 36 för
1107 1378 51 31 ett
1184 1378 74 32 rätt
1285 1374 299 48 tillgodoseende
1614 1375 41 36 af
1680 1375 45 36 de
1755 1376 85 35 med

245 1422 231 38 biblioteken
505 1424 155 36 afsedda
689 1424 183 36 ändamål.
931 1424 48 37 Så
999 1425 195 49 betydliga
1215 1426 264 48 förhöjningar
1494 1427 41 35 af
1547 1427 291 48 statsanslagen,

246 1488 81 23 som
360 1489 49 22 nu
451 1475 139 48 äskats,
633 1489 110 24 anser
783 1477 183 36 utskottet
1000 1477 97 36 dock
1125 1477 83 36 icke
1237 1491 90 23 vara
1356 1479 41 35 af
1421 1478 178 37 behofvet
1626 1479 210 48 påkallade.

245 1526 15 36 I
290 1526 100 37 detta
421 1527 176 38 afseende
625 1528 106 37 torde
752 1529 148 48 hänsyn
920 1529 91 36 böra
1038 1534 109 43 tagas
1168 1529 133 48 dertill,
1329 1535 54 31 att
1401 1530 199 49 uppgiften
1619 1531 59 36 för
1696 1531 141 48 ifråga-

243 1579 163 36 varande
423 1580 275 36 statsbibliotek
716 1580 12 36 i
744 1580 188 48 väsentlig
947 1583 86 34 mån
1043 1581 232 36 underlättas
1287 1595 139 35 genom
1439 1582 44 36 de
1495 1582 272 49 mångfaldiga,
1781 1583 58 36 för

246 1630 168 37 forskare
424 1631 241 49 tillgängliga
678 1632 283 47 fackbibliotek,
974 1646 81 23 som
1067 1633 58 36 för
1135 1634 231 36 närvarande
1378 1634 237 36 underhållas
1626 1635 35 48 ej
1676 1634 141 37 mindre
1829 1635 11 36 i

247 1681 219 37 Stockholm
479 1688 46 31 än
536 1684 10 35 i
558 1684 152 48 Upsala;
725 1684 71 36 och
808 1684 10 35 i
831 1684 104 48 fråga
949 1698 59 22 om
1020 1684 461 38 universitetsbiblioteket
1492 1686 10 35 i
1515 1686 230 36 sistnämnda
1756 1687 81 35 stad

245 1733 68 36 har
340 1734 181 36 utskottet
549 1735 99 36 velat
672 1735 178 36 särskildt
874 1736 159 48 påpeka,
1055 1741 54 31 att
1128 1737 44 35 de
1194 1737 11 35 i
1225 1737 142 48 Upsala
1383 1737 182 37 inrättade
1581 1738 255 36 universitets-

244 1785 266 37 seminarierna
539 1787 57 35 för
623 1786 115 49 inköp
755 1787 41 35 af
808 1787 140 36 böcker
963 1788 144 47 åtnjuta
1123 1788 111 47 årligt
1250 1789 230 48 statsanslag
1494 1789 56 36 till
1566 1790 147 47 ganska
1739 1790 96 36 afse-

246 1837 106 35 värdt
372 1837 146 49 belopp.
536 1838 56 36 Då
607 1851 138 35 genom
758 1838 182 48 tillbörlig
952 1839 148 48 hänsyn
1111 1839 55 36 till
1179 1840 158 36 berörda
1350 1840 284 49 boksamlingar
1646 1841 71 36 och
1730 1841 107 36 deras

244 1888 119 48 årliga
388 1889 143 36 förvärf
548 1890 239 49 bokinköpen
811 1890 61 36 vid
894 1891 285 48 ifrågavarande
1201 1892 277 36 statsbibliotek
1499 1893 126 36 kunna
1640 1893 11 35 i
1667 1893 89 36 flera
1772 1893 65 36 fall

244 1940 217 48 begränsas,
491 1942 208 36 föreställer
728 1943 59 45 siv
820 1942 192 47 utskottet,
1044 1948 52 30 att
1124 1944 204 47 utgifterna
1358 1944 56 36 för
1440 1944 101 36 detta
1561 1945 172 35 ändamål
1754 1945 82 36 icke

244 1992 161 36 behöfva
448 1994 96 46 stiga
586 1994 55 35 till
683 1997 40 32 så
758 1994 102 47 höga
894 1994 149 48 belopp,
1074 2008 80 22 som
1184 1995 11 35 i
1225 1996 44 35 de
1299 1996 135 47 gjorda
1464 1996 369 48 framställningarna

244 2043 210 37 beräknats.
511 2045 109 36 Hvad
650 2048 117 45 angår
796 2046 250 35 kostnaderna
1079 2047 56 34 för
1164 2047 272 48 bokbindning,
1467 2048 159 46 hvartill,
1657 2048 118 47 enligt
1791 2049 44 35 de

244 2094 9 35 i
284 2096 408 47 statsrådsprotokollet
721 2097 172 35 lemnade
925 2097 200 48 uppgifter,
1158 2098 192 48 betydliga
1381 2099 136 48 belopp
1547 2104 141 31 ansetts
1718 2100 114 35 erfor-

243 2146 156 47 derliga,
442 2147 67 35 har
549 2148 181 35 utskottet
767 2148 144 47 jemväl
940 2149 108 34 tänkt
1076 2149 59 47 sig
1165 2149 248 47 möjligheten
1442 2151 40 34 af
1507 2164 45 22 en
1580 2150 253 48 nedsättning.

244 2197 184 36 Särskildt
470 2198 230 36 beträffande
743 2199 412 47 tidningslitteraturen,
1202 2201 108 35 hvars
1355 2201 193 47 bindning,
1584 2202 118 47 enligt
1737 2202 95 35 hvad

242 2249 393 37 öfverbibliotekarien
664 2251 165 48 upplyst,
862 2251 89 35 visat
984 2251 59 47 sig
1072 2252 241 48 synnerligen
1347 2253 176 47 kostsam,
1556 2253 188 36 förefaller
1774 2253 62 36 det

244 2300 186 49 knappast
472 2302 193 47 behöfligt,
705 2308 47 30 att
788 2303 58 34 vid
880 2303 105 35 hvart
1014 2303 67 35 och
1113 2309 53 30 ett
1194 2305 41 34 al
1260 2304 45 35 de
1335 2309 52 31 tre
1418 2304 191 48 offentliga
1643 2305 190 47 bibliotek,

330 2360 71 31 Bil.
428 2360 48 32 till
504 2361 106 31 Riksd.
638 2361 84 31 Prot.
753 2364 92 29 1895.
893 2363 18 29 4
936 2361 95 32 Saml.
1059 2365 17 28 1
1100 2363 78 38 Afd.
1205 2367 18 25 9
1252 2363 91 39 Häft.
1773 2367 18 27 2
