<?xml version="1.0" encoding="UTF-8"?>
<alto xmlns="http://www.loc.gov/standards/alto/ns-v3#" xmlns:xlink="http://www.w3.org/1999/xlink" xmlns:xsi="http://www.w3.org/2001/XMLSchema-instance" xsi:schemaLocation="http://www.loc.gov/standards/alto/ns-v3# http://www.loc.gov/alto/v3/alto-3-0.xsd">
	<Description>
		<MeasurementUnit>pixel</MeasurementUnit>
		<sourceImageInformation>
			<fileName>/tmp/tess_5ain7w6t_input.PNG</fileName>
		</sourceImageInformation>
		<OCRProcessing ID="OCR_0">
			<ocrProcessingStep>
				<processingSoftware>
					<softwareName>tesseract 5.3.0</softwareName>
				</processingSoftware>
			</ocrProcessingStep>
		</OCRProcessing>
	</Description>
	<Layout>
		<Page WIDTH="2200" HEIGHT="2620" PHYSICAL_IMG_NR="0" ID="page_0">
			<PrintSpace HPOS="0" VPOS="0" WIDTH="2200" HEIGHT="2620">
				<ComposedBlock ID="cblock_0" HPOS="454" VPOS="133" WIDTH="1059" HEIGHT="42">
					<TextBlock ID="block_0" HPOS="454" VPOS="133" WIDTH="1059" HEIGHT="42">
						<TextLine ID="line_0" HPOS="454" VPOS="133" WIDTH="1059" HEIGHT="42">
							<String ID="string_0" HPOS="454" VPOS="134" WIDTH="17" HEIGHT="29" WC="0.96" CONTENT="2"/><SP WIDTH="451" VPOS="134" HPOS="471"/>
							<String ID="string_1" HPOS="922" VPOS="133" WIDTH="232" HEIGHT="42" WC="0.88" CONTENT="Lagutskottets"/><SP WIDTH="27" VPOS="133" HPOS="1154"/>
							<String ID="string_2" HPOS="1181" VPOS="133" WIDTH="167" HEIGHT="31" WC="0.95" CONTENT="Utlåtande"/><SP WIDTH="22" VPOS="133" HPOS="1348"/>
							<String ID="string_3" HPOS="1370" VPOS="134" WIDTH="66" HEIGHT="31" WC="0.95" CONTENT="N:o"/><SP WIDTH="22" VPOS="134" HPOS="1436"/>
							<String ID="string_4" HPOS="1458" VPOS="135" WIDTH="55" HEIGHT="30" WC="0.91" CONTENT="52."/>
						</TextLine>
					</TextBlock>
				</ComposedBlock>
				<ComposedBlock ID="cblock_1" HPOS="411" VPOS="221" WIDTH="1614" HEIGHT="2017">
					<TextBlock ID="block_1" HPOS="412" VPOS="221" WIDTH="1610" HEIGHT="98">
						<TextLine ID="line_1" HPOS="412" VPOS="221" WIDTH="1610" HEIGHT="51">
							<String ID="string_5" HPOS="412" VPOS="222" WIDTH="231" HEIGHT="35" WC="0.60" CONTENT="stämmelser"/><SP WIDTH="40" VPOS="222" HPOS="643"/>
							<String ID="string_6" HPOS="683" VPOS="234" WIDTH="60" HEIGHT="23" WC="0.96" CONTENT="om"/><SP WIDTH="40" VPOS="234" HPOS="743"/>
							<String ID="string_7" HPOS="783" VPOS="221" WIDTH="69" HEIGHT="36" WC="0.95" CONTENT="den"/><SP WIDTH="42" VPOS="221" HPOS="852"/>
							<String ID="string_8" HPOS="894" VPOS="221" WIDTH="155" HEIGHT="36" WC="0.95" CONTENT="sålunda"/><SP WIDTH="37" VPOS="221" HPOS="1049"/>
							<String ID="string_9" HPOS="1086" VPOS="221" WIDTH="172" HEIGHT="36" WC="0.96" CONTENT="särskildt"/><SP WIDTH="32" VPOS="221" HPOS="1258"/>
							<String ID="string_10" HPOS="1290" VPOS="221" WIDTH="59" HEIGHT="36" WC="0.96" CONTENT="för"/><SP WIDTH="26" VPOS="221" HPOS="1349"/>
							<String ID="string_11" HPOS="1375" VPOS="222" WIDTH="185" HEIGHT="35" WC="0.93" CONTENT="Norrland"/><SP WIDTH="28" VPOS="222" HPOS="1560"/>
							<String ID="string_12" HPOS="1588" VPOS="223" WIDTH="213" HEIGHT="36" WC="0.92" CONTENT="tillämnade"/><SP WIDTH="28" VPOS="223" HPOS="1801"/>
							<String ID="string_13" HPOS="1829" VPOS="224" WIDTH="193" HEIGHT="48" WC="0.88" CONTENT="ägostyck-"/>
						</TextLine>
						<TextLine ID="line_2" HPOS="413" VPOS="284" WIDTH="147" HEIGHT="35">
							<String ID="string_14" HPOS="413" VPOS="284" WIDTH="147" HEIGHT="35" WC="0.95" CONTENT="ningen."/>
						</TextLine>
					</TextBlock>
					<TextBlock ID="block_2" HPOS="412" VPOS="321" WIDTH="1611" HEIGHT="339">
						<TextLine ID="line_3" HPOS="545" VPOS="321" WIDTH="1477" HEIGHT="50">
							<String ID="string_15" HPOS="545" VPOS="322" WIDTH="123" HEIGHT="47" WC="0.95" CONTENT="Några"/><SP WIDTH="26" VPOS="322" HPOS="668"/>
							<String ID="string_16" HPOS="694" VPOS="322" WIDTH="185" HEIGHT="36" WC="0.96" CONTENT="bindande"/><SP WIDTH="27" VPOS="322" HPOS="879"/>
							<String ID="string_17" HPOS="906" VPOS="321" WIDTH="236" HEIGHT="37" WC="0.93" CONTENT="föreskrifter"/><SP WIDTH="26" VPOS="321" HPOS="1142"/>
							<String ID="string_18" HPOS="1168" VPOS="322" WIDTH="174" HEIGHT="36" WC="0.90" CONTENT="behöfvas"/><SP WIDTH="28" VPOS="322" HPOS="1342"/>
							<String ID="string_19" HPOS="1370" VPOS="323" WIDTH="205" HEIGHT="35" WC="0.96" CONTENT="emellertid"/><SP WIDTH="28" VPOS="323" HPOS="1575"/>
							<String ID="string_20" HPOS="1603" VPOS="323" WIDTH="30" HEIGHT="47" WC="0.96" CONTENT="ej"/><SP WIDTH="29" VPOS="323" HPOS="1633"/>
							<String ID="string_21" HPOS="1662" VPOS="324" WIDTH="14" HEIGHT="34" WC="0.97" CONTENT="i"/><SP WIDTH="27" VPOS="324" HPOS="1676"/>
							<String ID="string_22" HPOS="1703" VPOS="324" WIDTH="44" HEIGHT="34" WC="0.96" CONTENT="de"/><SP WIDTH="20" VPOS="324" HPOS="1747"/>
							<String ID="string_23" HPOS="1767" VPOS="323" WIDTH="75" HEIGHT="43" WC="0.96" CONTENT="fall,"/><SP WIDTH="21" VPOS="323" HPOS="1842"/>
							<String ID="string_24" HPOS="1863" VPOS="329" WIDTH="55" HEIGHT="30" WC="0.93" CONTENT="att"/><SP WIDTH="18" VPOS="329" HPOS="1918"/>
							<String ID="string_25" HPOS="1936" VPOS="331" WIDTH="86" HEIGHT="40" WC="0.91" CONTENT="ägo-"/>
						</TextLine>
						<TextLine ID="line_4" HPOS="413" VPOS="372" WIDTH="1609" HEIGHT="50">
							<String ID="string_26" HPOS="413" VPOS="372" WIDTH="242" HEIGHT="49" WC="0.91" CONTENT="styckningen"/><SP WIDTH="28" VPOS="372" HPOS="655"/>
							<String ID="string_27" HPOS="683" VPOS="372" WIDTH="181" HEIGHT="47" WC="0.92" CONTENT="företages"/><SP WIDTH="27" VPOS="372" HPOS="864"/>
							<String ID="string_28" HPOS="891" VPOS="372" WIDTH="41" HEIGHT="36" WC="0.96" CONTENT="af"/><SP WIDTH="24" VPOS="372" HPOS="932"/>
							<String ID="string_29" HPOS="956" VPOS="385" WIDTH="45" HEIGHT="23" WC="0.96" CONTENT="en"/><SP WIDTH="24" VPOS="385" HPOS="1001"/>
							<String ID="string_30" HPOS="1025" VPOS="373" WIDTH="246" HEIGHT="46" WC="0.96" CONTENT="jordbrukare"/><SP WIDTH="26" VPOS="373" HPOS="1271"/>
							<String ID="string_31" HPOS="1297" VPOS="374" WIDTH="14" HEIGHT="34" WC="0.93" CONTENT="i"/><SP WIDTH="15" VPOS="374" HPOS="1311"/>
							<String ID="string_32" HPOS="1326" VPOS="373" WIDTH="383" HEIGHT="46" WC="0.90" CONTENT="jordbruksändamål."/><SP WIDTH="42" VPOS="373" HPOS="1709"/>
							<String ID="string_33" HPOS="1751" VPOS="374" WIDTH="57" HEIGHT="48" WC="0.93" CONTENT="Ty"/><SP WIDTH="20" VPOS="374" HPOS="1808"/>
							<String ID="string_34" HPOS="1828" VPOS="374" WIDTH="61" HEIGHT="35" WC="0.95" CONTENT="det"/><SP WIDTH="19" VPOS="374" HPOS="1889"/>
							<String ID="string_35" HPOS="1908" VPOS="378" WIDTH="114" HEIGHT="31" WC="0.95" CONTENT="måste"/>
						</TextLine>
						<TextLine ID="line_5" HPOS="413" VPOS="423" WIDTH="1610" HEIGHT="49">
							<String ID="string_36" HPOS="413" VPOS="428" WIDTH="150" HEIGHT="42" WC="0.91" CONTENT="antagas"/><SP WIDTH="41" VPOS="428" HPOS="563"/>
							<String ID="string_37" HPOS="604" VPOS="424" WIDTH="13" HEIGHT="34" WC="0.96" CONTENT="i"/><SP WIDTH="40" VPOS="424" HPOS="617"/>
							<String ID="string_38" HPOS="657" VPOS="424" WIDTH="199" HEIGHT="34" WC="0.96" CONTENT="allmänhet"/><SP WIDTH="30" VPOS="424" HPOS="856"/>
							<String ID="string_39" HPOS="886" VPOS="424" WIDTH="101" HEIGHT="47" WC="0.95" CONTENT="ligga"/><SP WIDTH="32" VPOS="424" HPOS="987"/>
							<String ID="string_40" HPOS="1019" VPOS="424" WIDTH="12" HEIGHT="34" WC="0.96" CONTENT="i"/><SP WIDTH="28" VPOS="424" HPOS="1031"/>
							<String ID="string_41" HPOS="1059" VPOS="423" WIDTH="90" HEIGHT="36" WC="0.96" CONTENT="hans"/><SP WIDTH="26" VPOS="423" HPOS="1149"/>
							<String ID="string_42" HPOS="1175" VPOS="424" WIDTH="167" HEIGHT="42" WC="0.96" CONTENT="intresse,"/><SP WIDTH="29" VPOS="424" HPOS="1342"/>
							<String ID="string_43" HPOS="1371" VPOS="428" WIDTH="55" HEIGHT="31" WC="0.93" CONTENT="att"/><SP WIDTH="28" VPOS="428" HPOS="1426"/>
							<String ID="string_44" HPOS="1454" VPOS="424" WIDTH="245" HEIGHT="48" WC="0.92" CONTENT="styckningen"/><SP WIDTH="27" VPOS="424" HPOS="1699"/>
							<String ID="string_45" HPOS="1726" VPOS="425" WIDTH="32" HEIGHT="46" WC="0.96" CONTENT="ej"/><SP WIDTH="31" VPOS="425" HPOS="1758"/>
							<String ID="string_46" HPOS="1789" VPOS="425" WIDTH="82" HEIGHT="35" WC="0.96" CONTENT="sker"/><SP WIDTH="26" VPOS="425" HPOS="1871"/>
							<String ID="string_47" HPOS="1897" VPOS="427" WIDTH="47" HEIGHT="44" WC="0.96" CONTENT="på"/><SP WIDTH="26" VPOS="427" HPOS="1944"/>
							<String ID="string_48" HPOS="1970" VPOS="429" WIDTH="53" HEIGHT="30" WC="0.94" CONTENT="ett"/>
						</TextLine>
						<TextLine ID="line_6" HPOS="412" VPOS="473" WIDTH="1609" HEIGHT="49">
							<String ID="string_49" HPOS="412" VPOS="473" WIDTH="129" HEIGHT="36" WC="0.96" CONTENT="sådant"/><SP WIDTH="28" VPOS="473" HPOS="541"/>
							<String ID="string_50" HPOS="569" VPOS="478" WIDTH="85" HEIGHT="39" WC="0.96" CONTENT="sätt,"/><SP WIDTH="29" VPOS="478" HPOS="654"/>
							<String ID="string_51" HPOS="683" VPOS="478" WIDTH="54" HEIGHT="31" WC="0.93" CONTENT="att"/><SP WIDTH="25" VPOS="478" HPOS="737"/>
							<String ID="string_52" HPOS="762" VPOS="473" WIDTH="484" HEIGHT="48" WC="0.90" CONTENT="jordbruksmöjligheterna"/><SP WIDTH="28" VPOS="473" HPOS="1246"/>
							<String ID="string_53" HPOS="1274" VPOS="473" WIDTH="116" HEIGHT="36" WC="0.96" CONTENT="blifva"/><SP WIDTH="26" VPOS="473" HPOS="1390"/>
							<String ID="string_54" HPOS="1416" VPOS="474" WIDTH="148" HEIGHT="35" WC="0.95" CONTENT="lidande"/><SP WIDTH="28" VPOS="474" HPOS="1564"/>
							<String ID="string_55" HPOS="1592" VPOS="474" WIDTH="123" HEIGHT="48" WC="0.96" CONTENT="därpå."/><SP WIDTH="46" VPOS="474" HPOS="1715"/>
							<String ID="string_56" HPOS="1761" VPOS="474" WIDTH="83" HEIGHT="36" WC="0.95" CONTENT="Men"/><SP WIDTH="29" VPOS="474" HPOS="1844"/>
							<String ID="string_57" HPOS="1873" VPOS="474" WIDTH="43" HEIGHT="35" WC="0.89" CONTENT="de"/><SP WIDTH="20" VPOS="474" HPOS="1916"/>
							<String ID="string_58" HPOS="1936" VPOS="481" WIDTH="85" HEIGHT="41" WC="0.89" CONTENT="ägo-"/>
						</TextLine>
						<TextLine ID="line_7" HPOS="412" VPOS="523" WIDTH="1611" HEIGHT="49">
							<String ID="string_59" HPOS="412" VPOS="524" WIDTH="251" HEIGHT="48" WC="0.92" CONTENT="styckningar,"/><SP WIDTH="28" VPOS="524" HPOS="663"/>
							<String ID="string_60" HPOS="691" VPOS="537" WIDTH="77" HEIGHT="22" WC="0.96" CONTENT="som"/><SP WIDTH="29" VPOS="537" HPOS="768"/>
							<String ID="string_61" HPOS="797" VPOS="529" WIDTH="162" HEIGHT="31" WC="0.93" CONTENT="närmast"/><SP WIDTH="28" VPOS="529" HPOS="959"/>
							<String ID="string_62" HPOS="987" VPOS="523" WIDTH="129" HEIGHT="36" WC="0.92" CONTENT="afsetts"/><SP WIDTH="28" VPOS="523" HPOS="1116"/>
							<String ID="string_63" HPOS="1144" VPOS="524" WIDTH="99" HEIGHT="36" WC="0.93" CONTENT="skola"/><SP WIDTH="28" VPOS="524" HPOS="1243"/>
							<String ID="string_64" HPOS="1271" VPOS="523" WIDTH="268" HEIGHT="49" WC="0.91" CONTENT="ifrågakomma"/><SP WIDTH="28" VPOS="523" HPOS="1539"/>
							<String ID="string_65" HPOS="1567" VPOS="524" WIDTH="12" HEIGHT="35" WC="0.96" CONTENT="i"/><SP WIDTH="25" VPOS="524" HPOS="1579"/>
							<String ID="string_66" HPOS="1604" VPOS="524" WIDTH="193" HEIGHT="45" WC="0.95" CONTENT="Norrland,"/><SP WIDTH="21" VPOS="524" HPOS="1797"/>
							<String ID="string_67" HPOS="1818" VPOS="532" WIDTH="61" HEIGHT="28" WC="0.93" CONTENT="äro"/><SP WIDTH="21" VPOS="532" HPOS="1879"/>
							<String ID="string_68" HPOS="1900" VPOS="525" WIDTH="123" HEIGHT="47" WC="0.92" CONTENT="styck-"/>
						</TextLine>
						<TextLine ID="line_8" HPOS="412" VPOS="573" WIDTH="1610" HEIGHT="49">
							<String ID="string_69" HPOS="412" VPOS="575" WIDTH="132" HEIGHT="47" WC="0.96" CONTENT="ningar"/><SP WIDTH="32" VPOS="575" HPOS="544"/>
							<String ID="string_70" HPOS="576" VPOS="573" WIDTH="42" HEIGHT="36" WC="0.92" CONTENT="af"/><SP WIDTH="27" VPOS="573" HPOS="618"/>
							<String ID="string_71" HPOS="645" VPOS="574" WIDTH="310" HEIGHT="48" WC="0.91" CONTENT="bolagshemman."/><SP WIDTH="56" VPOS="574" HPOS="955"/>
							<String ID="string_72" HPOS="1011" VPOS="573" WIDTH="79" HEIGHT="37" WC="0.62" CONTENT="Och"/><SP WIDTH="29" VPOS="573" HPOS="1090"/>
							<String ID="string_73" HPOS="1119" VPOS="581" WIDTH="132" HEIGHT="40" WC="0.92" CONTENT="ägarne"/><SP WIDTH="28" VPOS="581" HPOS="1251"/>
							<String ID="string_74" HPOS="1279" VPOS="574" WIDTH="40" HEIGHT="35" WC="0.96" CONTENT="af"/><SP WIDTH="25" VPOS="574" HPOS="1319"/>
							<String ID="string_75" HPOS="1344" VPOS="574" WIDTH="105" HEIGHT="36" WC="0.96" CONTENT="dessa"/><SP WIDTH="26" VPOS="574" HPOS="1449"/>
							<String ID="string_76" HPOS="1475" VPOS="575" WIDTH="173" HEIGHT="35" WC="0.96" CONTENT="hemman"/><SP WIDTH="26" VPOS="575" HPOS="1648"/>
							<String ID="string_77" HPOS="1674" VPOS="576" WIDTH="125" HEIGHT="34" WC="0.93" CONTENT="kunna"/><SP WIDTH="26" VPOS="576" HPOS="1799"/>
							<String ID="string_78" HPOS="1825" VPOS="575" WIDTH="197" HEIGHT="47" WC="0.88" CONTENT="naturligt-"/>
						</TextLine>
						<TextLine ID="line_9" HPOS="412" VPOS="624" WIDTH="869" HEIGHT="36">
							<String ID="string_79" HPOS="412" VPOS="625" WIDTH="55" HEIGHT="35" WC="0.96" CONTENT="vis"/><SP WIDTH="27" VPOS="625" HPOS="467"/>
							<String ID="string_80" HPOS="494" VPOS="624" WIDTH="131" HEIGHT="35" WC="0.96" CONTENT="därvid"/><SP WIDTH="26" VPOS="624" HPOS="625"/>
							<String ID="string_81" HPOS="651" VPOS="625" WIDTH="80" HEIGHT="35" WC="0.96" CONTENT="icke"/><SP WIDTH="27" VPOS="625" HPOS="731"/>
							<String ID="string_82" HPOS="758" VPOS="625" WIDTH="100" HEIGHT="35" WC="0.96" CONTENT="ledas"/><SP WIDTH="28" VPOS="625" HPOS="858"/>
							<String ID="string_83" HPOS="886" VPOS="625" WIDTH="39" HEIGHT="35" WC="0.96" CONTENT="af"/><SP WIDTH="25" VPOS="625" HPOS="925"/>
							<String ID="string_84" HPOS="950" VPOS="638" WIDTH="141" HEIGHT="22" WC="0.95" CONTENT="samma"/><SP WIDTH="26" VPOS="638" HPOS="1091"/>
							<String ID="string_85" HPOS="1117" VPOS="625" WIDTH="164" HEIGHT="35" WC="0.96" CONTENT="intresse."/>
						</TextLine>
					</TextBlock>
					<TextBlock ID="block_3" HPOS="412" VPOS="675" WIDTH="1612" HEIGHT="401">
						<TextLine ID="line_10" HPOS="545" VPOS="675" WIDTH="1477" HEIGHT="49">
							<String ID="string_86" HPOS="545" VPOS="675" WIDTH="153" HEIGHT="46" WC="0.96" CONTENT="Följden"/><SP WIDTH="40" VPOS="675" HPOS="698"/>
							<String ID="string_87" HPOS="738" VPOS="675" WIDTH="107" HEIGHT="35" WC="0.96" CONTENT="häraf"/><SP WIDTH="37" VPOS="675" HPOS="845"/>
							<String ID="string_88" HPOS="882" VPOS="675" WIDTH="77" HEIGHT="36" WC="0.94" CONTENT="blef"/><SP WIDTH="38" VPOS="675" HPOS="959"/>
							<String ID="string_89" HPOS="997" VPOS="676" WIDTH="119" HEIGHT="43" WC="0.94" CONTENT="också,"/><SP WIDTH="33" VPOS="676" HPOS="1116"/>
							<String ID="string_90" HPOS="1149" VPOS="680" WIDTH="54" HEIGHT="30" WC="0.96" CONTENT="att"/><SP WIDTH="29" VPOS="680" HPOS="1203"/>
							<String ID="string_91" HPOS="1232" VPOS="676" WIDTH="13" HEIGHT="34" WC="0.95" CONTENT="i"/><SP WIDTH="33" VPOS="676" HPOS="1245"/>
							<String ID="string_92" HPOS="1278" VPOS="675" WIDTH="70" HEIGHT="35" WC="0.96" CONTENT="den"/><SP WIDTH="33" VPOS="675" HPOS="1348"/>
							<String ID="string_93" HPOS="1381" VPOS="678" WIDTH="84" HEIGHT="32" WC="0.93" CONTENT="mån"/><SP WIDTH="27" VPOS="678" HPOS="1465"/>
							<String ID="string_94" HPOS="1492" VPOS="676" WIDTH="313" HEIGHT="48" WC="0.92" CONTENT="ägostyckningar"/><SP WIDTH="27" VPOS="676" HPOS="1805"/>
							<String ID="string_95" HPOS="1832" VPOS="678" WIDTH="20" HEIGHT="32" WC="0.91" CONTENT="å"/><SP WIDTH="27" VPOS="678" HPOS="1852"/>
							<String ID="string_96" HPOS="1879" VPOS="675" WIDTH="143" HEIGHT="48" WC="0.92" CONTENT="bolags-"/>
						</TextLine>
						<TextLine ID="line_11" HPOS="412" VPOS="725" WIDTH="1612" HEIGHT="49">
							<String ID="string_97" HPOS="412" VPOS="726" WIDTH="170" HEIGHT="35" WC="0.96" CONTENT="hemman"/><SP WIDTH="29" VPOS="726" HPOS="582"/>
							<String ID="string_98" HPOS="611" VPOS="725" WIDTH="149" HEIGHT="48" WC="0.94" CONTENT="började"/><SP WIDTH="27" VPOS="725" HPOS="760"/>
							<String ID="string_99" HPOS="787" VPOS="725" WIDTH="198" HEIGHT="47" WC="0.95" CONTENT="företagas,"/><SP WIDTH="30" VPOS="725" HPOS="985"/>
							<String ID="string_100" HPOS="1015" VPOS="725" WIDTH="80" HEIGHT="36" WC="0.96" CONTENT="blef"/><SP WIDTH="24" VPOS="725" HPOS="1095"/>
							<String ID="string_101" HPOS="1119" VPOS="733" WIDTH="153" HEIGHT="40" WC="0.96" CONTENT="ägarens"/><SP WIDTH="29" VPOS="733" HPOS="1272"/>
							<String ID="string_102" HPOS="1301" VPOS="726" WIDTH="152" HEIGHT="35" WC="0.96" CONTENT="ledande"/><SP WIDTH="27" VPOS="726" HPOS="1453"/>
							<String ID="string_103" HPOS="1480" VPOS="726" WIDTH="199" HEIGHT="48" WC="0.96" CONTENT="grundsats"/><SP WIDTH="27" VPOS="726" HPOS="1679"/>
							<String ID="string_104" HPOS="1706" VPOS="726" WIDTH="130" HEIGHT="35" WC="0.96" CONTENT="endast"/><SP WIDTH="27" VPOS="726" HPOS="1836"/>
							<String ID="string_105" HPOS="1863" VPOS="731" WIDTH="53" HEIGHT="29" WC="0.96" CONTENT="att"/><SP WIDTH="18" VPOS="731" HPOS="1916"/>
							<String ID="string_106" HPOS="1934" VPOS="732" WIDTH="90" HEIGHT="41" WC="0.96" CONTENT="göra"/>
						</TextLine>
						<TextLine ID="line_12" HPOS="412" VPOS="775" WIDTH="1611" HEIGHT="49">
							<String ID="string_107" HPOS="412" VPOS="777" WIDTH="56" HEIGHT="46" WC="0.96" CONTENT="sig"/><SP WIDTH="28" VPOS="777" HPOS="468"/>
							<String ID="string_108" HPOS="496" VPOS="775" WIDTH="41" HEIGHT="36" WC="0.96" CONTENT="af"/><SP WIDTH="26" VPOS="775" HPOS="537"/>
							<String ID="string_109" HPOS="563" VPOS="776" WIDTH="82" HEIGHT="35" WC="0.93" CONTENT="med"/><SP WIDTH="28" VPOS="776" HPOS="645"/>
							<String ID="string_110" HPOS="673" VPOS="776" WIDTH="152" HEIGHT="36" WC="0.88" CONTENT="allenast"/><SP WIDTH="28" VPOS="776" HPOS="825"/>
							<String ID="string_111" HPOS="853" VPOS="776" WIDTH="253" HEIGHT="48" WC="0.90" CONTENT="inägojorden,"/><SP WIDTH="30" VPOS="776" HPOS="1106"/>
							<String ID="string_112" HPOS="1136" VPOS="781" WIDTH="88" HEIGHT="30" WC="0.96" CONTENT="utan"/><SP WIDTH="29" VPOS="781" HPOS="1224"/>
							<String ID="string_113" HPOS="1253" VPOS="782" WIDTH="55" HEIGHT="29" WC="0.96" CONTENT="att"/><SP WIDTH="27" VPOS="782" HPOS="1308"/>
							<String ID="string_114" HPOS="1335" VPOS="777" WIDTH="74" HEIGHT="34" WC="0.96" CONTENT="låta"/><SP WIDTH="28" VPOS="777" HPOS="1409"/>
							<String ID="string_115" HPOS="1437" VPOS="777" WIDTH="90" HEIGHT="47" WC="0.95" CONTENT="skog"/><SP WIDTH="23" VPOS="777" HPOS="1527"/>
							<String ID="string_116" HPOS="1550" VPOS="777" WIDTH="12" HEIGHT="34" WC="0.95" CONTENT="i"/><SP WIDTH="25" VPOS="777" HPOS="1562"/>
							<String ID="string_117" HPOS="1587" VPOS="776" WIDTH="199" HEIGHT="48" WC="0.95" CONTENT="tillräcklig"/><SP WIDTH="20" VPOS="776" HPOS="1786"/>
							<String ID="string_118" HPOS="1806" VPOS="776" WIDTH="217" HEIGHT="48" WC="0.96" CONTENT="myckenhet"/>
						</TextLine>
						<TextLine ID="line_13" HPOS="412" VPOS="825" WIDTH="1611" HEIGHT="50">
							<String ID="string_119" HPOS="412" VPOS="825" WIDTH="186" HEIGHT="48" WC="0.94" CONTENT="medfölja."/><SP WIDTH="55" VPOS="825" HPOS="598"/>
							<String ID="string_120" HPOS="653" VPOS="826" WIDTH="139" HEIGHT="36" WC="0.94" CONTENT="Härom"/><SP WIDTH="41" VPOS="826" HPOS="792"/>
							<String ID="string_121" HPOS="833" VPOS="826" WIDTH="146" HEIGHT="49" WC="0.94" CONTENT="yttrade"/><SP WIDTH="40" VPOS="826" HPOS="979"/>
							<String ID="string_122" HPOS="1019" VPOS="826" WIDTH="115" HEIGHT="36" WC="0.95" CONTENT="redan"/><SP WIDTH="40" VPOS="826" HPOS="1134"/>
							<String ID="string_123" HPOS="1174" VPOS="830" WIDTH="40" HEIGHT="31" WC="0.96" CONTENT="år"/><SP WIDTH="43" VPOS="830" HPOS="1214"/>
							<String ID="string_124" HPOS="1257" VPOS="828" WIDTH="95" HEIGHT="34" WC="0.93" CONTENT="1900"/><SP WIDTH="41" VPOS="828" HPOS="1352"/>
							<String ID="string_125" HPOS="1393" VPOS="826" WIDTH="114" HEIGHT="36" WC="0.93" CONTENT="förste"/><SP WIDTH="32" VPOS="826" HPOS="1507"/>
							<String ID="string_126" HPOS="1539" VPOS="827" WIDTH="268" HEIGHT="35" WC="0.90" CONTENT="landtmätaren"/><SP WIDTH="27" VPOS="827" HPOS="1807"/>
							<String ID="string_127" HPOS="1834" VPOS="827" WIDTH="13" HEIGHT="34" WC="0.93" CONTENT="i"/><SP WIDTH="30" VPOS="827" HPOS="1847"/>
							<String ID="string_128" HPOS="1877" VPOS="826" WIDTH="146" HEIGHT="35" WC="0.92" CONTENT="Väster-"/>
						</TextLine>
						<TextLine ID="line_14" HPOS="414" VPOS="876" WIDTH="1610" HEIGHT="49">
							<String ID="string_129" HPOS="414" VPOS="877" WIDTH="146" HEIGHT="35" WC="0.91" CONTENT="hottens"/><SP WIDTH="40" VPOS="877" HPOS="560"/>
							<String ID="string_130" HPOS="600" VPOS="877" WIDTH="61" HEIGHT="35" WC="0.96" CONTENT="län"/><SP WIDTH="31" VPOS="877" HPOS="661"/>
							<String ID="string_131" HPOS="692" VPOS="877" WIDTH="63" HEIGHT="35" WC="0.96" CONTENT="vid"/><SP WIDTH="32" VPOS="877" HPOS="755"/>
							<String ID="string_132" HPOS="787" VPOS="878" WIDTH="184" HEIGHT="34" WC="0.93" CONTENT="allmänna"/><SP WIDTH="32" VPOS="878" HPOS="971"/>
							<String ID="string_133" HPOS="1003" VPOS="877" WIDTH="367" HEIGHT="35" WC="0.91" CONTENT="landtmäterimötet:"/><SP WIDTH="44" VPOS="877" HPOS="1370"/>
							<String ID="string_134" HPOS="1414" VPOS="876" WIDTH="445" HEIGHT="49" WC="0.62" CONTENT="&#39;Styckningsändamålet"/><SP WIDTH="28" VPOS="876" HPOS="1859"/>
							<String ID="string_135" HPOS="1887" VPOS="884" WIDTH="40" HEIGHT="27" WC="0.97" CONTENT="är"/><SP WIDTH="31" VPOS="884" HPOS="1927"/>
							<String ID="string_136" HPOS="1958" VPOS="877" WIDTH="66" HEIGHT="34" WC="0.96" CONTENT="här"/>
						</TextLine>
						<TextLine ID="line_15" HPOS="412" VPOS="926" WIDTH="1610" HEIGHT="49">
							<String ID="string_137" HPOS="412" VPOS="926" WIDTH="104" HEIGHT="36" WC="0.96" CONTENT="öfver"/><SP WIDTH="27" VPOS="926" HPOS="516"/>
							<String ID="string_138" HPOS="543" VPOS="927" WIDTH="148" HEIGHT="36" WC="0.96" CONTENT="hufvud"/><SP WIDTH="27" VPOS="927" HPOS="691"/>
							<String ID="string_139" HPOS="718" VPOS="932" WIDTH="53" HEIGHT="30" WC="0.93" CONTENT="att"/><SP WIDTH="28" VPOS="932" HPOS="771"/>
							<String ID="string_140" HPOS="799" VPOS="927" WIDTH="189" HEIGHT="47" WC="0.92" CONTENT="frånskilja"/><SP WIDTH="29" VPOS="927" HPOS="988"/>
							<String ID="string_141" HPOS="1017" VPOS="928" WIDTH="180" HEIGHT="47" WC="0.91" CONTENT="inägorna"/><SP WIDTH="27" VPOS="928" HPOS="1197"/>
							<String ID="string_142" HPOS="1224" VPOS="927" WIDTH="82" HEIGHT="36" WC="0.92" CONTENT="från"/><SP WIDTH="26" VPOS="927" HPOS="1306"/>
							<String ID="string_143" HPOS="1332" VPOS="928" WIDTH="261" HEIGHT="46" WC="0.91" CONTENT="skogsmarken"/><SP WIDTH="21" VPOS="928" HPOS="1593"/>
							<String ID="string_144" HPOS="1614" VPOS="933" WIDTH="88" HEIGHT="29" WC="0.95" CONTENT="utan"/><SP WIDTH="20" VPOS="933" HPOS="1702"/>
							<String ID="string_145" HPOS="1722" VPOS="932" WIDTH="53" HEIGHT="30" WC="0.96" CONTENT="att"/><SP WIDTH="20" VPOS="932" HPOS="1775"/>
							<String ID="string_146" HPOS="1795" VPOS="926" WIDTH="104" HEIGHT="49" WC="0.95" CONTENT="fråga"/><SP WIDTH="19" VPOS="926" HPOS="1899"/>
							<String ID="string_147" HPOS="1918" VPOS="926" WIDTH="104" HEIGHT="42" WC="0.96" CONTENT="efter,"/>
						</TextLine>
						<TextLine ID="line_16" HPOS="412" VPOS="977" WIDTH="1611" HEIGHT="48">
							<String ID="string_148" HPOS="412" VPOS="990" WIDTH="58" HEIGHT="22" WC="0.96" CONTENT="om"/><SP WIDTH="32" VPOS="990" HPOS="470"/>
							<String ID="string_149" HPOS="502" VPOS="980" WIDTH="123" HEIGHT="44" WC="0.95" CONTENT="någon"/><SP WIDTH="31" VPOS="980" HPOS="625"/>
							<String ID="string_150" HPOS="656" VPOS="977" WIDTH="217" HEIGHT="48" WC="0.95" CONTENT="befolkning"/><SP WIDTH="32" VPOS="977" HPOS="873"/>
							<String ID="string_151" HPOS="905" VPOS="981" WIDTH="44" HEIGHT="44" WC="0.96" CONTENT="på"/><SP WIDTH="28" VPOS="981" HPOS="949"/>
							<String ID="string_152" HPOS="977" VPOS="978" WIDTH="84" HEIGHT="35" WC="0.96" CONTENT="dem"/><SP WIDTH="29" VPOS="978" HPOS="1061"/>
							<String ID="string_153" HPOS="1090" VPOS="978" WIDTH="91" HEIGHT="35" WC="0.96" CONTENT="skall"/><SP WIDTH="29" VPOS="978" HPOS="1181"/>
							<String ID="string_154" HPOS="1210" VPOS="979" WIDTH="126" HEIGHT="34" WC="0.96" CONTENT="kunna"/><SP WIDTH="27" VPOS="979" HPOS="1336"/>
							<String ID="string_155" HPOS="1363" VPOS="978" WIDTH="169" HEIGHT="35" WC="0.96" CONTENT="existera."/><SP WIDTH="55" VPOS="978" HPOS="1532"/>
							<String ID="string_156" HPOS="1587" VPOS="977" WIDTH="57" HEIGHT="44" WC="0.95" CONTENT="Ja,"/><SP WIDTH="30" VPOS="977" HPOS="1644"/>
							<String ID="string_157" HPOS="1674" VPOS="978" WIDTH="195" HEIGHT="46" WC="0.96" CONTENT="meningen"/><SP WIDTH="28" VPOS="978" HPOS="1869"/>
							<String ID="string_158" HPOS="1897" VPOS="985" WIDTH="40" HEIGHT="27" WC="0.95" CONTENT="är"/><SP WIDTH="28" VPOS="985" HPOS="1937"/>
							<String ID="string_159" HPOS="1965" VPOS="978" WIDTH="58" HEIGHT="34" WC="0.96" CONTENT="väl"/>
						</TextLine>
						<TextLine ID="line_17" HPOS="412" VPOS="1027" WIDTH="762" HEIGHT="49">
							<String ID="string_160" HPOS="412" VPOS="1028" WIDTH="115" HEIGHT="35" WC="0.96" CONTENT="sällan"/><SP WIDTH="28" VPOS="1028" HPOS="527"/>
							<String ID="string_161" HPOS="555" VPOS="1029" WIDTH="89" HEIGHT="35" WC="0.95" CONTENT="eller"/><SP WIDTH="27" VPOS="1029" HPOS="644"/>
							<String ID="string_162" HPOS="671" VPOS="1028" WIDTH="121" HEIGHT="48" WC="0.96" CONTENT="aldrig"/><SP WIDTH="27" VPOS="1028" HPOS="792"/>
							<String ID="string_163" HPOS="819" VPOS="1034" WIDTH="52" HEIGHT="30" WC="0.97" CONTENT="att"/><SP WIDTH="29" VPOS="1034" HPOS="871"/>
							<String ID="string_164" HPOS="900" VPOS="1032" WIDTH="38" HEIGHT="32" WC="0.96" CONTENT="så"/><SP WIDTH="27" VPOS="1032" HPOS="938"/>
							<String ID="string_165" HPOS="965" VPOS="1029" WIDTH="94" HEIGHT="35" WC="0.95" CONTENT="skall"/><SP WIDTH="29" VPOS="1029" HPOS="1059"/>
							<String ID="string_166" HPOS="1088" VPOS="1027" WIDTH="86" HEIGHT="36" WC="0.86" CONTENT="ske.”"/>
						</TextLine>
					</TextBlock>
					<TextBlock ID="block_4" HPOS="412" VPOS="1077" WIDTH="1611" HEIGHT="99">
						<TextLine ID="line_18" HPOS="546" VPOS="1077" WIDTH="1477" HEIGHT="49">
							<String ID="string_167" HPOS="546" VPOS="1078" WIDTH="114" HEIGHT="36" WC="0.96" CONTENT="Dessa"/><SP WIDTH="18" VPOS="1078" HPOS="660"/>
							<String ID="string_168" HPOS="678" VPOS="1077" WIDTH="249" HEIGHT="36" WC="0.96" CONTENT="erfarenheter"/><SP WIDTH="20" VPOS="1077" HPOS="927"/>
							<String ID="string_169" HPOS="947" VPOS="1078" WIDTH="107" HEIGHT="35" WC="0.96" CONTENT="hafva"/><SP WIDTH="19" VPOS="1078" HPOS="1054"/>
							<String ID="string_170" HPOS="1073" VPOS="1079" WIDTH="67" HEIGHT="35" WC="0.96" CONTENT="allt"/><SP WIDTH="19" VPOS="1079" HPOS="1140"/>
							<String ID="string_171" HPOS="1159" VPOS="1091" WIDTH="76" HEIGHT="23" WC="0.93" CONTENT="mer"/><SP WIDTH="19" VPOS="1091" HPOS="1235"/>
							<String ID="string_172" HPOS="1254" VPOS="1078" WIDTH="77" HEIGHT="36" WC="0.91" CONTENT="ledt"/><SP WIDTH="18" VPOS="1078" HPOS="1331"/>
							<String ID="string_173" HPOS="1349" VPOS="1079" WIDTH="58" HEIGHT="35" WC="0.96" CONTENT="till"/><SP WIDTH="19" VPOS="1079" HPOS="1407"/>
							<String ID="string_174" HPOS="1426" VPOS="1079" WIDTH="112" HEIGHT="35" WC="0.96" CONTENT="insikt"/><SP WIDTH="20" VPOS="1079" HPOS="1538"/>
							<String ID="string_175" HPOS="1558" VPOS="1092" WIDTH="72" HEIGHT="29" WC="0.96" CONTENT="om,"/><SP WIDTH="17" VPOS="1092" HPOS="1630"/>
							<String ID="string_176" HPOS="1647" VPOS="1083" WIDTH="53" HEIGHT="30" WC="0.93" CONTENT="att"/><SP WIDTH="19" VPOS="1083" HPOS="1700"/>
							<String ID="string_177" HPOS="1719" VPOS="1078" WIDTH="304" HEIGHT="48" WC="0.91" CONTENT="ägostycknings-"/>
						</TextLine>
						<TextLine ID="line_19" HPOS="412" VPOS="1127" WIDTH="1344" HEIGHT="49">
							<String ID="string_178" HPOS="412" VPOS="1130" WIDTH="106" HEIGHT="46" WC="0.96" CONTENT="lagen"/><SP WIDTH="30" VPOS="1130" HPOS="518"/>
							<String ID="string_179" HPOS="548" VPOS="1132" WIDTH="115" HEIGHT="32" WC="0.96" CONTENT="måste"/><SP WIDTH="28" VPOS="1132" HPOS="663"/>
							<String ID="string_180" HPOS="691" VPOS="1128" WIDTH="133" HEIGHT="36" WC="0.96" CONTENT="ändras"/><SP WIDTH="26" VPOS="1128" HPOS="824"/>
							<String ID="string_181" HPOS="850" VPOS="1129" WIDTH="13" HEIGHT="34" WC="0.96" CONTENT="i"/><SP WIDTH="27" VPOS="1129" HPOS="863"/>
							<String ID="string_182" HPOS="890" VPOS="1127" WIDTH="98" HEIGHT="49" WC="0.96" CONTENT="syfte"/><SP WIDTH="28" VPOS="1127" HPOS="988"/>
							<String ID="string_183" HPOS="1016" VPOS="1134" WIDTH="54" HEIGHT="29" WC="0.96" CONTENT="att"/><SP WIDTH="28" VPOS="1134" HPOS="1070"/>
							<String ID="string_184" HPOS="1098" VPOS="1128" WIDTH="226" HEIGHT="36" WC="0.95" CONTENT="förekomma"/><SP WIDTH="28" VPOS="1128" HPOS="1324"/>
							<String ID="string_185" HPOS="1352" VPOS="1129" WIDTH="125" HEIGHT="47" WC="0.93" CONTENT="dylika"/><SP WIDTH="27" VPOS="1129" HPOS="1477"/>
							<String ID="string_186" HPOS="1504" VPOS="1129" WIDTH="252" HEIGHT="47" WC="0.90" CONTENT="styckningar."/>
						</TextLine>
					</TextBlock>
					<TextBlock ID="block_5" HPOS="411" VPOS="1178" WIDTH="1614" HEIGHT="402">
						<TextLine ID="line_20" HPOS="545" VPOS="1178" WIDTH="1478" HEIGHT="48">
							<String ID="string_187" HPOS="545" VPOS="1179" WIDTH="114" HEIGHT="35" WC="0.96" CONTENT="Innan"/><SP WIDTH="29" VPOS="1179" HPOS="659"/>
							<String ID="string_188" HPOS="688" VPOS="1178" WIDTH="113" HEIGHT="36" WC="0.96" CONTENT="sådan"/><SP WIDTH="28" VPOS="1178" HPOS="801"/>
							<String ID="string_189" HPOS="829" VPOS="1179" WIDTH="156" HEIGHT="47" WC="0.96" CONTENT="ändring"/><SP WIDTH="28" VPOS="1179" HPOS="985"/>
							<String ID="string_190" HPOS="1013" VPOS="1179" WIDTH="177" HEIGHT="47" WC="0.96" CONTENT="slutligen"/><SP WIDTH="27" VPOS="1179" HPOS="1190"/>
							<String ID="string_191" HPOS="1217" VPOS="1179" WIDTH="71" HEIGHT="35" WC="0.96" CONTENT="kan"/><SP WIDTH="29" VPOS="1179" HPOS="1288"/>
							<String ID="string_192" HPOS="1317" VPOS="1179" WIDTH="145" HEIGHT="35" WC="0.96" CONTENT="komma"/><SP WIDTH="27" VPOS="1179" HPOS="1462"/>
							<String ID="string_193" HPOS="1489" VPOS="1179" WIDTH="58" HEIGHT="35" WC="0.96" CONTENT="till"/><SP WIDTH="29" VPOS="1179" HPOS="1547"/>
							<String ID="string_194" HPOS="1576" VPOS="1178" WIDTH="106" HEIGHT="36" WC="0.96" CONTENT="stånd"/><SP WIDTH="24" VPOS="1178" HPOS="1682"/>
							<String ID="string_195" HPOS="1706" VPOS="1182" WIDTH="95" HEIGHT="44" WC="0.96" CONTENT="pågå"/><SP WIDTH="20" VPOS="1182" HPOS="1801"/>
							<String ID="string_196" HPOS="1821" VPOS="1178" WIDTH="202" HEIGHT="35" WC="0.96" CONTENT="emellertid"/>
						</TextLine>
						<TextLine ID="line_21" HPOS="412" VPOS="1228" WIDTH="1612" HEIGHT="49">
							<String ID="string_197" HPOS="412" VPOS="1230" WIDTH="104" HEIGHT="35" WC="0.95" CONTENT="dessa"/><SP WIDTH="41" VPOS="1230" HPOS="516"/>
							<String ID="string_198" HPOS="557" VPOS="1230" WIDTH="162" HEIGHT="47" WC="0.96" CONTENT="sorgliga"/><SP WIDTH="40" VPOS="1230" HPOS="719"/>
							<String ID="string_199" HPOS="759" VPOS="1228" WIDTH="280" HEIGHT="47" WC="0.96" CONTENT="förrättningar,"/><SP WIDTH="29" VPOS="1228" HPOS="1039"/>
							<String ID="string_200" HPOS="1068" VPOS="1229" WIDTH="240" HEIGHT="48" WC="0.96" CONTENT="hvarigenom"/><SP WIDTH="27" VPOS="1229" HPOS="1308"/>
							<String ID="string_201" HPOS="1335" VPOS="1242" WIDTH="45" HEIGHT="21" WC="0.96" CONTENT="en"/><SP WIDTH="28" VPOS="1242" HPOS="1380"/>
							<String ID="string_202" HPOS="1408" VPOS="1234" WIDTH="77" HEIGHT="30" WC="0.95" CONTENT="stor"/><SP WIDTH="29" VPOS="1234" HPOS="1485"/>
							<String ID="string_203" HPOS="1514" VPOS="1229" WIDTH="135" HEIGHT="45" WC="0.96" CONTENT="mängd"/><SP WIDTH="28" VPOS="1229" HPOS="1649"/>
							<String ID="string_204" HPOS="1677" VPOS="1229" WIDTH="172" HEIGHT="35" WC="0.95" CONTENT="hemman"/><SP WIDTH="27" VPOS="1229" HPOS="1849"/>
							<String ID="string_205" HPOS="1876" VPOS="1228" WIDTH="148" HEIGHT="36" WC="0.95" CONTENT="alldeles"/>
						</TextLine>
						<TextLine ID="line_22" HPOS="411" VPOS="1279" WIDTH="1613" HEIGHT="47">
							<String ID="string_206" HPOS="411" VPOS="1280" WIDTH="178" HEIGHT="36" WC="0.96" CONTENT="förstöras"/><SP WIDTH="27" VPOS="1280" HPOS="589"/>
							<String ID="string_207" HPOS="616" VPOS="1280" WIDTH="13" HEIGHT="35" WC="0.86" CONTENT="1"/><SP WIDTH="23" VPOS="1280" HPOS="629"/>
							<String ID="string_208" HPOS="652" VPOS="1279" WIDTH="383" HEIGHT="47" WC="0.90" CONTENT="jordbruksafseende."/><SP WIDTH="38" VPOS="1279" HPOS="1035"/>
							<String ID="string_209" HPOS="1073" VPOS="1279" WIDTH="65" HEIGHT="36" WC="0.96" CONTENT="Uti"/><SP WIDTH="20" VPOS="1279" HPOS="1138"/>
							<String ID="string_210" HPOS="1158" VPOS="1279" WIDTH="68" HEIGHT="35" WC="0.96" CONTENT="den"/><SP WIDTH="20" VPOS="1279" HPOS="1226"/>
							<String ID="string_211" HPOS="1246" VPOS="1282" WIDTH="42" HEIGHT="32" WC="0.96" CONTENT="år"/><SP WIDTH="21" VPOS="1282" HPOS="1288"/>
							<String ID="string_212" HPOS="1309" VPOS="1281" WIDTH="93" HEIGHT="34" WC="0.96" CONTENT="1901"/><SP WIDTH="23" VPOS="1281" HPOS="1402"/>
							<String ID="string_213" HPOS="1425" VPOS="1280" WIDTH="128" HEIGHT="34" WC="0.96" CONTENT="väckta"/><SP WIDTH="20" VPOS="1280" HPOS="1553"/>
							<String ID="string_214" HPOS="1573" VPOS="1279" WIDTH="188" HEIGHT="35" WC="0.96" CONTENT="motionen"/><SP WIDTH="18" VPOS="1279" HPOS="1761"/>
							<String ID="string_215" HPOS="1779" VPOS="1280" WIDTH="14" HEIGHT="34" WC="0.93" CONTENT="i"/><SP WIDTH="19" VPOS="1280" HPOS="1793"/>
							<String ID="string_216" HPOS="1812" VPOS="1279" WIDTH="212" HEIGHT="35" WC="0.92" CONTENT="norrlands-"/>
						</TextLine>
						<TextLine ID="line_23" HPOS="412" VPOS="1329" WIDTH="1612" HEIGHT="49">
							<String ID="string_217" HPOS="412" VPOS="1330" WIDTH="130" HEIGHT="48" WC="0.96" CONTENT="frågan"/><SP WIDTH="40" VPOS="1330" HPOS="542"/>
							<String ID="string_218" HPOS="582" VPOS="1330" WIDTH="180" HEIGHT="47" WC="0.96" CONTENT="föreslogs"/><SP WIDTH="40" VPOS="1330" HPOS="762"/>
							<String ID="string_219" HPOS="802" VPOS="1329" WIDTH="125" HEIGHT="36" WC="0.96" CONTENT="därför"/><SP WIDTH="39" VPOS="1329" HPOS="927"/>
							<String ID="string_220" HPOS="966" VPOS="1329" WIDTH="212" HEIGHT="48" WC="0.93" CONTENT="Riksdagen"/><SP WIDTH="32" VPOS="1329" HPOS="1178"/>
							<String ID="string_221" HPOS="1210" VPOS="1335" WIDTH="55" HEIGHT="30" WC="0.96" CONTENT="att"/><SP WIDTH="27" VPOS="1335" HPOS="1265"/>
							<String ID="string_222" HPOS="1292" VPOS="1329" WIDTH="113" HEIGHT="36" WC="0.96" CONTENT="bland"/><SP WIDTH="27" VPOS="1329" HPOS="1405"/>
							<String ID="string_223" HPOS="1432" VPOS="1336" WIDTH="111" HEIGHT="29" WC="0.96" CONTENT="annat"/><SP WIDTH="28" VPOS="1336" HPOS="1543"/>
							<String ID="string_224" HPOS="1571" VPOS="1334" WIDTH="134" HEIGHT="42" WC="0.96" CONTENT="antaga"/><SP WIDTH="26" VPOS="1334" HPOS="1705"/>
							<String ID="string_225" HPOS="1731" VPOS="1343" WIDTH="44" HEIGHT="22" WC="0.96" CONTENT="en"/><SP WIDTH="29" VPOS="1343" HPOS="1775"/>
							<String ID="string_226" HPOS="1804" VPOS="1330" WIDTH="71" HEIGHT="46" WC="0.93" CONTENT="lag,"/><SP WIDTH="28" VPOS="1330" HPOS="1875"/>
							<String ID="string_227" HPOS="1903" VPOS="1330" WIDTH="121" HEIGHT="35" WC="0.91" CONTENT="hvari-"/>
						</TextLine>
						<TextLine ID="line_24" HPOS="412" VPOS="1379" WIDTH="1613" HEIGHT="49">
							<String ID="string_228" HPOS="412" VPOS="1393" WIDTH="133" HEIGHT="35" WC="0.96" CONTENT="genom"/><SP WIDTH="28" VPOS="1393" HPOS="545"/>
							<String ID="string_229" HPOS="573" VPOS="1381" WIDTH="77" HEIGHT="35" WC="0.95" CONTENT="tills"/><SP WIDTH="27" VPOS="1381" HPOS="650"/>
							<String ID="string_230" HPOS="677" VPOS="1380" WIDTH="124" HEIGHT="35" WC="0.93" CONTENT="vidare"/><SP WIDTH="29" VPOS="1380" HPOS="801"/>
							<String ID="string_231" HPOS="830" VPOS="1379" WIDTH="206" HEIGHT="49" WC="0.92" CONTENT="upphäfdes"/><SP WIDTH="29" VPOS="1379" HPOS="1036"/>
							<String ID="string_232" HPOS="1065" VPOS="1380" WIDTH="412" HEIGHT="48" WC="0.85" CONTENT="ägostyckningslagens"/><SP WIDTH="28" VPOS="1380" HPOS="1477"/>
							<String ID="string_233" HPOS="1505" VPOS="1381" WIDTH="239" HEIGHT="47" WC="0.96" CONTENT="tillämpning"/><SP WIDTH="27" VPOS="1381" HPOS="1744"/>
							<String ID="string_234" HPOS="1771" VPOS="1381" WIDTH="56" HEIGHT="34" WC="0.96" CONTENT="uti"/><SP WIDTH="24" VPOS="1381" HPOS="1827"/>
							<String ID="string_235" HPOS="1851" VPOS="1380" WIDTH="44" HEIGHT="35" WC="0.96" CONTENT="de"/><SP WIDTH="20" VPOS="1380" HPOS="1895"/>
							<String ID="string_236" HPOS="1915" VPOS="1392" WIDTH="110" HEIGHT="23" WC="0.96" CONTENT="norra"/>
						</TextLine>
						<TextLine ID="line_25" HPOS="412" VPOS="1430" WIDTH="1612" HEIGHT="48">
							<String ID="string_237" HPOS="412" VPOS="1431" WIDTH="259" HEIGHT="36" WC="0.96" CONTENT="landsdelarna"/><SP WIDTH="30" VPOS="1431" HPOS="671"/>
							<String ID="string_238" HPOS="701" VPOS="1431" WIDTH="13" HEIGHT="34" WC="0.96" CONTENT="i"/><SP WIDTH="32" VPOS="1431" HPOS="714"/>
							<String ID="string_239" HPOS="746" VPOS="1430" WIDTH="168" HEIGHT="36" WC="0.95" CONTENT="ändamål"/><SP WIDTH="32" VPOS="1430" HPOS="914"/>
							<String ID="string_240" HPOS="946" VPOS="1435" WIDTH="56" HEIGHT="31" WC="0.95" CONTENT="att"/><SP WIDTH="31" VPOS="1435" HPOS="1002"/>
							<String ID="string_241" HPOS="1033" VPOS="1437" WIDTH="90" HEIGHT="39" WC="0.96" CONTENT="göra"/><SP WIDTH="31" VPOS="1437" HPOS="1123"/>
							<String ID="string_242" HPOS="1154" VPOS="1431" WIDTH="44" HEIGHT="34" WC="0.93" CONTENT="de"/><SP WIDTH="27" VPOS="1431" HPOS="1198"/>
							<String ID="string_243" HPOS="1225" VPOS="1430" WIDTH="216" HEIGHT="36" WC="0.92" CONTENT="tillämnade"/><SP WIDTH="27" VPOS="1430" HPOS="1441"/>
							<String ID="string_244" HPOS="1468" VPOS="1430" WIDTH="250" HEIGHT="48" WC="0.96" CONTENT="ändringarna"/><SP WIDTH="28" VPOS="1430" HPOS="1718"/>
							<String ID="string_245" HPOS="1746" VPOS="1431" WIDTH="12" HEIGHT="34" WC="0.78" CONTENT="i"/><SP WIDTH="27" VPOS="1431" HPOS="1758"/>
							<String ID="string_246" HPOS="1785" VPOS="1431" WIDTH="106" HEIGHT="46" WC="0.93" CONTENT="lagen"/><SP WIDTH="27" VPOS="1431" HPOS="1891"/>
							<String ID="string_247" HPOS="1918" VPOS="1431" WIDTH="106" HEIGHT="34" WC="0.92" CONTENT="verk-"/>
						</TextLine>
						<TextLine ID="line_26" HPOS="413" VPOS="1480" WIDTH="1609" HEIGHT="50">
							<String ID="string_248" HPOS="413" VPOS="1495" WIDTH="147" HEIGHT="23" WC="0.96" CONTENT="samma."/><SP WIDTH="64" VPOS="1495" HPOS="560"/>
							<String ID="string_249" HPOS="624" VPOS="1481" WIDTH="211" HEIGHT="46" WC="0.64" CONTENT="Riksdagen"/><SP WIDTH="41" VPOS="1481" HPOS="835"/>
							<String ID="string_250" HPOS="876" VPOS="1481" WIDTH="159" HEIGHT="47" WC="0.95" CONTENT="begärde"/><SP WIDTH="39" VPOS="1481" HPOS="1035"/>
							<String ID="string_251" HPOS="1074" VPOS="1481" WIDTH="216" HEIGHT="47" WC="0.92" CONTENT="visserligen"/><SP WIDTH="41" VPOS="1481" HPOS="1290"/>
							<String ID="string_252" HPOS="1331" VPOS="1480" WIDTH="200" HEIGHT="48" WC="0.81" CONTENT="ändringar"/><SP WIDTH="38" VPOS="1480" HPOS="1531"/>
							<String ID="string_253" HPOS="1569" VPOS="1481" WIDTH="13" HEIGHT="34" WC="0.93" CONTENT="i"/><SP WIDTH="32" VPOS="1481" HPOS="1582"/>
							<String ID="string_254" HPOS="1614" VPOS="1482" WIDTH="408" HEIGHT="48" WC="0.91" CONTENT="ägostyckningslagen,"/>
						</TextLine>
						<TextLine ID="line_27" HPOS="413" VPOS="1531" WIDTH="807" HEIGHT="49">
							<String ID="string_255" HPOS="413" VPOS="1545" WIDTH="83" HEIGHT="23" WC="0.92" CONTENT="men"/><SP WIDTH="27" VPOS="1545" HPOS="496"/>
							<String ID="string_256" HPOS="523" VPOS="1532" WIDTH="118" HEIGHT="48" WC="0.91" CONTENT="afslog"/><SP WIDTH="27" VPOS="1532" HPOS="641"/>
							<String ID="string_257" HPOS="668" VPOS="1531" WIDTH="62" HEIGHT="36" WC="0.96" CONTENT="det"/><SP WIDTH="27" VPOS="1531" HPOS="730"/>
							<String ID="string_258" HPOS="757" VPOS="1531" WIDTH="250" HEIGHT="49" WC="0.96" CONTENT="nyssnämnda"/><SP WIDTH="26" VPOS="1531" HPOS="1007"/>
							<String ID="string_259" HPOS="1033" VPOS="1531" WIDTH="187" HEIGHT="48" WC="0.95" CONTENT="förslaget."/>
						</TextLine>
					</TextBlock>
					<TextBlock ID="block_6" HPOS="412" VPOS="1581" WIDTH="1613" HEIGHT="452">
						<TextLine ID="line_28" HPOS="546" VPOS="1581" WIDTH="1478" HEIGHT="49">
							<String ID="string_260" HPOS="546" VPOS="1581" WIDTH="117" HEIGHT="37" WC="0.96" CONTENT="Sedan"/><SP WIDTH="42" VPOS="1581" HPOS="663"/>
							<String ID="string_261" HPOS="705" VPOS="1582" WIDTH="81" HEIGHT="36" WC="0.96" CONTENT="dess"/><SP WIDTH="41" VPOS="1582" HPOS="786"/>
							<String ID="string_262" HPOS="827" VPOS="1581" WIDTH="109" HEIGHT="37" WC="0.92" CONTENT="hafva"/><SP WIDTH="40" VPOS="1581" HPOS="936"/>
							<String ID="string_263" HPOS="976" VPOS="1582" WIDTH="311" HEIGHT="48" WC="0.56" CONTENT="ägostyckningar"/><SP WIDTH="38" VPOS="1582" HPOS="1287"/>
							<String ID="string_264" HPOS="1325" VPOS="1581" WIDTH="40" HEIGHT="36" WC="0.93" CONTENT="af"/><SP WIDTH="37" VPOS="1581" HPOS="1365"/>
							<String ID="string_265" HPOS="1402" VPOS="1582" WIDTH="301" HEIGHT="48" WC="0.59" CONTENT="bolagshemman"/><SP WIDTH="32" VPOS="1582" HPOS="1703"/>
							<String ID="string_266" HPOS="1735" VPOS="1582" WIDTH="120" HEIGHT="47" WC="0.96" CONTENT="börjat"/><SP WIDTH="33" VPOS="1582" HPOS="1855"/>
							<String ID="string_267" HPOS="1888" VPOS="1583" WIDTH="12" HEIGHT="34" WC="0.95" CONTENT="i"/><SP WIDTH="27" VPOS="1583" HPOS="1900"/>
							<String ID="string_268" HPOS="1927" VPOS="1582" WIDTH="97" HEIGHT="35" WC="0.96" CONTENT="vissa"/>
						</TextLine>
						<TextLine ID="line_29" HPOS="413" VPOS="1631" WIDTH="1611" HEIGHT="47">
							<String ID="string_269" HPOS="413" VPOS="1638" WIDTH="107" HEIGHT="39" WC="0.96" CONTENT="orter,"/><SP WIDTH="34" VPOS="1638" HPOS="520"/>
							<String ID="string_270" HPOS="554" VPOS="1633" WIDTH="175" HEIGHT="36" WC="0.96" CONTENT="särskildt"/><SP WIDTH="31" VPOS="1633" HPOS="729"/>
							<String ID="string_271" HPOS="760" VPOS="1633" WIDTH="13" HEIGHT="35" WC="0.96" CONTENT="i"/><SP WIDTH="33" VPOS="1633" HPOS="773"/>
							<String ID="string_272" HPOS="806" VPOS="1632" WIDTH="329" HEIGHT="36" WC="0.96" CONTENT="Västernorrlands"/><SP WIDTH="27" VPOS="1632" HPOS="1135"/>
							<String ID="string_273" HPOS="1162" VPOS="1633" WIDTH="66" HEIGHT="34" WC="0.95" CONTENT="och"/><SP WIDTH="29" VPOS="1633" HPOS="1228"/>
							<String ID="string_274" HPOS="1257" VPOS="1632" WIDTH="107" HEIGHT="36" WC="0.95" CONTENT="äfven"/><SP WIDTH="28" VPOS="1632" HPOS="1364"/>
							<String ID="string_275" HPOS="1392" VPOS="1632" WIDTH="282" HEIGHT="36" WC="0.96" CONTENT="Västerbottens"/><SP WIDTH="28" VPOS="1632" HPOS="1674"/>
							<String ID="string_276" HPOS="1702" VPOS="1633" WIDTH="71" HEIGHT="42" WC="0.96" CONTENT="län,"/><SP WIDTH="30" VPOS="1633" HPOS="1773"/>
							<String ID="string_277" HPOS="1803" VPOS="1631" WIDTH="181" HEIGHT="47" WC="0.95" CONTENT="företagas"/><SP WIDTH="27" VPOS="1631" HPOS="1984"/>
							<String ID="string_278" HPOS="2011" VPOS="1633" WIDTH="13" HEIGHT="34" WC="0.96" CONTENT="i"/>
						</TextLine>
						<TextLine ID="line_30" HPOS="413" VPOS="1681" WIDTH="1611" HEIGHT="50">
							<String ID="string_279" HPOS="413" VPOS="1689" WIDTH="77" HEIGHT="30" WC="0.95" CONTENT="stor"/><SP WIDTH="39" VPOS="1689" HPOS="490"/>
							<String ID="string_280" HPOS="529" VPOS="1684" WIDTH="267" HEIGHT="47" WC="0.95" CONTENT="utsträckning."/><SP WIDTH="55" VPOS="1684" HPOS="796"/>
							<String ID="string_281" HPOS="851" VPOS="1683" WIDTH="108" HEIGHT="36" WC="0.96" CONTENT="Vissa"/><SP WIDTH="41" VPOS="1683" HPOS="959"/>
							<String ID="string_282" HPOS="1000" VPOS="1683" WIDTH="111" HEIGHT="48" WC="0.96" CONTENT="bolag"/><SP WIDTH="39" VPOS="1683" HPOS="1111"/>
							<String ID="string_283" HPOS="1150" VPOS="1683" WIDTH="134" HEIGHT="48" WC="0.96" CONTENT="begära"/><SP WIDTH="41" VPOS="1683" HPOS="1284"/>
							<String ID="string_284" HPOS="1325" VPOS="1696" WIDTH="48" HEIGHT="22" WC="0.96" CONTENT="nu"/><SP WIDTH="42" VPOS="1696" HPOS="1373"/>
							<String ID="string_285" HPOS="1415" VPOS="1686" WIDTH="45" HEIGHT="45" WC="0.95" CONTENT="på"/><SP WIDTH="31" VPOS="1686" HPOS="1460"/>
							<String ID="string_286" HPOS="1491" VPOS="1696" WIDTH="45" HEIGHT="22" WC="0.95" CONTENT="en"/><SP WIDTH="32" VPOS="1696" HPOS="1536"/>
							<String ID="string_287" HPOS="1568" VPOS="1686" WIDTH="99" HEIGHT="44" WC="0.96" CONTENT="gång"/><SP WIDTH="26" VPOS="1686" HPOS="1667"/>
							<String ID="string_288" HPOS="1693" VPOS="1682" WIDTH="244" HEIGHT="36" WC="0.96" CONTENT="förordnande"/><SP WIDTH="27" VPOS="1682" HPOS="1937"/>
							<String ID="string_289" HPOS="1964" VPOS="1681" WIDTH="60" HEIGHT="36" WC="0.96" CONTENT="för"/>
						</TextLine>
						<TextLine ID="line_31" HPOS="412" VPOS="1733" WIDTH="1612" HEIGHT="49">
							<String ID="string_290" HPOS="412" VPOS="1734" WIDTH="244" HEIGHT="35" WC="0.91" CONTENT="landtmätare"/><SP WIDTH="39" VPOS="1734" HPOS="656"/>
							<String ID="string_291" HPOS="695" VPOS="1739" WIDTH="54" HEIGHT="30" WC="0.95" CONTENT="att"/><SP WIDTH="42" VPOS="1739" HPOS="749"/>
							<String ID="string_292" HPOS="791" VPOS="1734" WIDTH="196" HEIGHT="35" WC="0.95" CONTENT="verkställa"/><SP WIDTH="41" VPOS="1734" HPOS="987"/>
							<String ID="string_293" HPOS="1028" VPOS="1746" WIDTH="139" HEIGHT="23" WC="0.93" CONTENT="massor"/><SP WIDTH="30" VPOS="1746" HPOS="1167"/>
							<String ID="string_294" HPOS="1197" VPOS="1733" WIDTH="41" HEIGHT="35" WC="0.91" CONTENT="af"/><SP WIDTH="24" VPOS="1733" HPOS="1238"/>
							<String ID="string_295" HPOS="1262" VPOS="1733" WIDTH="322" HEIGHT="49" WC="0.89" CONTENT="ägostyckningar."/><SP WIDTH="56" VPOS="1733" HPOS="1584"/>
							<String ID="string_296" HPOS="1640" VPOS="1733" WIDTH="248" HEIGHT="35" WC="0.79" CONTENT="Hemmanens"/><SP WIDTH="28" VPOS="1733" HPOS="1888"/>
							<String ID="string_297" HPOS="1916" VPOS="1740" WIDTH="108" HEIGHT="40" WC="0.95" CONTENT="ägare"/>
						</TextLine>
						<TextLine ID="line_32" HPOS="412" VPOS="1782" WIDTH="1612" HEIGHT="50">
							<String ID="string_298" HPOS="412" VPOS="1784" WIDTH="126" HEIGHT="36" WC="0.96" CONTENT="frukta"/><SP WIDTH="27" VPOS="1784" HPOS="538"/>
							<String ID="string_299" HPOS="565" VPOS="1785" WIDTH="187" HEIGHT="47" WC="0.96" CONTENT="nämligen"/><SP WIDTH="27" VPOS="1785" HPOS="752"/>
							<String ID="string_300" HPOS="779" VPOS="1783" WIDTH="45" HEIGHT="36" WC="0.93" CONTENT="de"/><SP WIDTH="27" VPOS="1783" HPOS="824"/>
							<String ID="string_301" HPOS="851" VPOS="1784" WIDTH="215" HEIGHT="35" WC="0.92" CONTENT="tillämnade"/><SP WIDTH="29" VPOS="1784" HPOS="1066"/>
							<String ID="string_302" HPOS="1095" VPOS="1784" WIDTH="248" HEIGHT="47" WC="0.96" CONTENT="ändringarna"/><SP WIDTH="27" VPOS="1784" HPOS="1343"/>
							<String ID="string_303" HPOS="1370" VPOS="1785" WIDTH="12" HEIGHT="33" WC="0.93" CONTENT="i"/><SP WIDTH="28" VPOS="1785" HPOS="1382"/>
							<String ID="string_304" HPOS="1410" VPOS="1782" WIDTH="519" HEIGHT="50" WC="0.91" CONTENT="ägostyckningsförfarandet"/><SP WIDTH="27" VPOS="1782" HPOS="1929"/>
							<String ID="string_305" HPOS="1956" VPOS="1783" WIDTH="68" HEIGHT="35" WC="0.96" CONTENT="och"/>
						</TextLine>
						<TextLine ID="line_33" HPOS="412" VPOS="1833" WIDTH="1612" HEIGHT="50">
							<String ID="string_306" HPOS="412" VPOS="1835" WIDTH="89" HEIGHT="47" WC="0.96" CONTENT="vilja"/><SP WIDTH="39" VPOS="1835" HPOS="501"/>
							<String ID="string_307" HPOS="540" VPOS="1834" WIDTH="131" HEIGHT="36" WC="0.96" CONTENT="därför"/><SP WIDTH="39" VPOS="1834" HPOS="671"/>
							<String ID="string_308" HPOS="710" VPOS="1833" WIDTH="110" HEIGHT="37" WC="0.91" CONTENT="hafva"/><SP WIDTH="39" VPOS="1833" HPOS="820"/>
							<String ID="string_309" HPOS="859" VPOS="1834" WIDTH="360" HEIGHT="49" WC="0.86" CONTENT="ägostyckningarna"/><SP WIDTH="40" VPOS="1834" HPOS="1219"/>
							<String ID="string_310" HPOS="1259" VPOS="1833" WIDTH="224" HEIGHT="37" WC="0.96" CONTENT="verkställda"/><SP WIDTH="40" VPOS="1833" HPOS="1483"/>
							<String ID="string_311" HPOS="1523" VPOS="1833" WIDTH="95" HEIGHT="37" WC="0.96" CONTENT="efter"/><SP WIDTH="31" VPOS="1833" HPOS="1618"/>
							<String ID="string_312" HPOS="1649" VPOS="1839" WIDTH="83" HEIGHT="43" WC="0.96" CONTENT="eget"/><SP WIDTH="32" VPOS="1839" HPOS="1732"/>
							<String ID="string_313" HPOS="1764" VPOS="1834" WIDTH="119" HEIGHT="48" WC="0.96" CONTENT="tycke,"/><SP WIDTH="28" VPOS="1834" HPOS="1883"/>
							<String ID="string_314" HPOS="1911" VPOS="1834" WIDTH="113" HEIGHT="34" WC="0.96" CONTENT="innan"/>
						</TextLine>
						<TextLine ID="line_34" HPOS="413" VPOS="1883" WIDTH="1612" HEIGHT="49">
							<String ID="string_315" HPOS="413" VPOS="1886" WIDTH="103" HEIGHT="36" WC="0.96" CONTENT="dessa"/><SP WIDTH="32" VPOS="1886" HPOS="516"/>
							<String ID="string_316" HPOS="548" VPOS="1885" WIDTH="261" HEIGHT="47" WC="0.94" CONTENT="förändringar"/><SP WIDTH="33" VPOS="1885" HPOS="809"/>
							<String ID="string_317" HPOS="842" VPOS="1885" WIDTH="114" HEIGHT="36" WC="0.96" CONTENT="blifva"/><SP WIDTH="32" VPOS="1885" HPOS="956"/>
							<String ID="string_318" HPOS="988" VPOS="1886" WIDTH="71" HEIGHT="45" WC="0.93" CONTENT="lag."/><SP WIDTH="55" VPOS="1886" HPOS="1059"/>
							<String ID="string_319" HPOS="1114" VPOS="1883" WIDTH="77" HEIGHT="38" WC="0.74" CONTENT="Och"/><SP WIDTH="29" VPOS="1883" HPOS="1191"/>
							<String ID="string_320" HPOS="1220" VPOS="1898" WIDTH="83" HEIGHT="22" WC="0.96" CONTENT="man"/><SP WIDTH="29" VPOS="1898" HPOS="1303"/>
							<String ID="string_321" HPOS="1332" VPOS="1885" WIDTH="70" HEIGHT="35" WC="0.96" CONTENT="kan"/><SP WIDTH="27" VPOS="1885" HPOS="1402"/>
							<String ID="string_322" HPOS="1429" VPOS="1898" WIDTH="87" HEIGHT="22" WC="0.93" CONTENT="vara"/><SP WIDTH="28" VPOS="1898" HPOS="1516"/>
							<String ID="string_323" HPOS="1544" VPOS="1884" WIDTH="193" HEIGHT="43" WC="0.92" CONTENT="förvissad,"/><SP WIDTH="28" VPOS="1884" HPOS="1737"/>
							<String ID="string_324" HPOS="1765" VPOS="1889" WIDTH="55" HEIGHT="30" WC="0.96" CONTENT="att"/><SP WIDTH="26" VPOS="1889" HPOS="1820"/>
							<String ID="string_325" HPOS="1846" VPOS="1883" WIDTH="107" HEIGHT="36" WC="0.61" CONTENT="äfven"/><SP WIDTH="28" VPOS="1883" HPOS="1953"/>
							<String ID="string_326" HPOS="1981" VPOS="1886" WIDTH="44" HEIGHT="45" WC="0.97" CONTENT="på"/>
						</TextLine>
						<TextLine ID="line_35" HPOS="414" VPOS="1934" WIDTH="1607" HEIGHT="50">
							<String ID="string_327" HPOS="414" VPOS="1941" WIDTH="110" HEIGHT="39" WC="0.96" CONTENT="orter,"/><SP WIDTH="43" VPOS="1941" HPOS="524"/>
							<String ID="string_328" HPOS="567" VPOS="1936" WIDTH="66" HEIGHT="35" WC="0.96" CONTENT="där"/><SP WIDTH="40" VPOS="1936" HPOS="633"/>
							<String ID="string_329" HPOS="673" VPOS="1936" WIDTH="134" HEIGHT="36" WC="0.93" CONTENT="sådana"/><SP WIDTH="27" VPOS="1936" HPOS="807"/>
							<String ID="string_330" HPOS="834" VPOS="1936" WIDTH="314" HEIGHT="48" WC="0.92" CONTENT="ägostyckningar"/><SP WIDTH="27" VPOS="1936" HPOS="1148"/>
							<String ID="string_331" HPOS="1175" VPOS="1943" WIDTH="99" HEIGHT="28" WC="0.96" CONTENT="ännu"/><SP WIDTH="28" VPOS="1943" HPOS="1274"/>
							<String ID="string_332" HPOS="1302" VPOS="1936" WIDTH="33" HEIGHT="46" WC="0.96" CONTENT="ej"/><SP WIDTH="31" VPOS="1936" HPOS="1335"/>
							<String ID="string_333" HPOS="1366" VPOS="1936" WIDTH="93" HEIGHT="47" WC="0.96" CONTENT="tagit"/><SP WIDTH="27" VPOS="1936" HPOS="1459"/>
							<String ID="string_334" HPOS="1486" VPOS="1935" WIDTH="86" HEIGHT="44" WC="0.96" CONTENT="fart,"/><SP WIDTH="29" VPOS="1935" HPOS="1572"/>
							<String ID="string_335" HPOS="1601" VPOS="1936" WIDTH="91" HEIGHT="35" WC="0.96" CONTENT="skall"/><SP WIDTH="28" VPOS="1936" HPOS="1692"/>
							<String ID="string_336" HPOS="1720" VPOS="1934" WIDTH="101" HEIGHT="35" WC="0.96" CONTENT="detta"/><SP WIDTH="26" VPOS="1934" HPOS="1821"/>
							<String ID="string_337" HPOS="1847" VPOS="1947" WIDTH="74" HEIGHT="36" WC="0.96" CONTENT="nog"/><SP WIDTH="27" VPOS="1947" HPOS="1921"/>
							<String ID="string_338" HPOS="1948" VPOS="1934" WIDTH="73" HEIGHT="43" WC="0.96" CONTENT="ske,"/>
						</TextLine>
						<TextLine ID="line_36" HPOS="412" VPOS="1986" WIDTH="1039" HEIGHT="47">
							<String ID="string_339" HPOS="412" VPOS="1993" WIDTH="67" HEIGHT="29" WC="0.95" CONTENT="när"/><SP WIDTH="27" VPOS="1993" HPOS="479"/>
							<String ID="string_340" HPOS="506" VPOS="1986" WIDTH="72" HEIGHT="36" WC="0.96" CONTENT="den"/><SP WIDTH="28" VPOS="1986" HPOS="578"/>
							<String ID="string_341" HPOS="606" VPOS="1986" WIDTH="51" HEIGHT="36" WC="0.96" CONTENT="tid"/><SP WIDTH="30" VPOS="1986" HPOS="657"/>
							<String ID="string_342" HPOS="687" VPOS="1987" WIDTH="138" HEIGHT="43" WC="0.95" CONTENT="nalkas,"/><SP WIDTH="30" VPOS="1987" HPOS="825"/>
							<String ID="string_343" HPOS="855" VPOS="1987" WIDTH="46" HEIGHT="35" WC="0.96" CONTENT="då"/><SP WIDTH="26" VPOS="1987" HPOS="901"/>
							<String ID="string_344" HPOS="927" VPOS="1986" WIDTH="62" HEIGHT="36" WC="0.96" CONTENT="det"/><SP WIDTH="28" VPOS="1986" HPOS="989"/>
							<String ID="string_345" HPOS="1017" VPOS="1986" WIDTH="72" HEIGHT="36" WC="0.95" CONTENT="blir"/><SP WIDTH="28" VPOS="1986" HPOS="1089"/>
							<String ID="string_346" HPOS="1117" VPOS="1986" WIDTH="79" HEIGHT="36" WC="0.95" CONTENT="fara"/><SP WIDTH="26" VPOS="1986" HPOS="1196"/>
							<String ID="string_347" HPOS="1222" VPOS="1987" WIDTH="13" HEIGHT="34" WC="0.91" CONTENT="1"/><SP WIDTH="28" VPOS="1987" HPOS="1235"/>
							<String ID="string_348" HPOS="1263" VPOS="1986" WIDTH="188" HEIGHT="47" WC="0.96" CONTENT="dröjsmål."/>
						</TextLine>
					</TextBlock>
					<TextBlock ID="block_7" HPOS="412" VPOS="2033" WIDTH="1613" HEIGHT="205">
						<TextLine ID="line_37" HPOS="547" VPOS="2033" WIDTH="1478" HEIGHT="50">
							<String ID="string_349" HPOS="547" VPOS="2037" WIDTH="70" HEIGHT="35" WC="0.94" CONTENT="Det"/><SP WIDTH="40" VPOS="2037" HPOS="617"/>
							<String ID="string_350" HPOS="657" VPOS="2038" WIDTH="88" HEIGHT="43" WC="0.89" CONTENT="lilla,"/><SP WIDTH="34" VPOS="2038" HPOS="745"/>
							<String ID="string_351" HPOS="779" VPOS="2050" WIDTH="78" HEIGHT="23" WC="0.96" CONTENT="som"/><SP WIDTH="35" VPOS="2050" HPOS="857"/>
							<String ID="string_352" HPOS="892" VPOS="2037" WIDTH="70" HEIGHT="35" WC="0.95" CONTENT="kan"/><SP WIDTH="28" VPOS="2037" HPOS="962"/>
							<String ID="string_353" HPOS="990" VPOS="2037" WIDTH="131" HEIGHT="36" WC="0.95" CONTENT="vinnas"/><SP WIDTH="27" VPOS="2037" HPOS="1121"/>
							<String ID="string_354" HPOS="1148" VPOS="2036" WIDTH="40" HEIGHT="36" WC="0.93" CONTENT="af"/><SP WIDTH="24" VPOS="2036" HPOS="1188"/>
							<String ID="string_355" HPOS="1212" VPOS="2037" WIDTH="344" HEIGHT="46" WC="0.91" CONTENT="bolagshemmanen"/><SP WIDTH="29" VPOS="2037" HPOS="1556"/>
							<String ID="string_356" HPOS="1585" VPOS="2035" WIDTH="57" HEIGHT="35" WC="0.96" CONTENT="till"/><SP WIDTH="29" VPOS="2035" HPOS="1642"/>
							<String ID="string_357" HPOS="1671" VPOS="2033" WIDTH="143" HEIGHT="38" WC="0.96" CONTENT="förmån"/><SP WIDTH="28" VPOS="2033" HPOS="1814"/>
							<String ID="string_358" HPOS="1842" VPOS="2034" WIDTH="58" HEIGHT="37" WC="0.93" CONTENT="för"/><SP WIDTH="23" VPOS="2034" HPOS="1900"/>
							<String ID="string_359" HPOS="1923" VPOS="2034" WIDTH="102" HEIGHT="47" WC="0.92" CONTENT="jord-"/>
						</TextLine>
						<TextLine ID="line_38" HPOS="412" VPOS="2085" WIDTH="1613" HEIGHT="51">
							<String ID="string_360" HPOS="412" VPOS="2087" WIDTH="134" HEIGHT="36" WC="0.96" CONTENT="bruket"/><SP WIDTH="28" VPOS="2087" HPOS="546"/>
							<String ID="string_361" HPOS="574" VPOS="2088" WIDTH="68" HEIGHT="35" WC="0.96" CONTENT="och"/><SP WIDTH="29" VPOS="2088" HPOS="642"/>
							<String ID="string_362" HPOS="671" VPOS="2088" WIDTH="337" HEIGHT="48" WC="0.95" CONTENT="upprätthållandet"/><SP WIDTH="29" VPOS="2088" HPOS="1008"/>
							<String ID="string_363" HPOS="1037" VPOS="2086" WIDTH="42" HEIGHT="36" WC="0.95" CONTENT="af"/><SP WIDTH="24" VPOS="2086" HPOS="1079"/>
							<String ID="string_364" HPOS="1103" VPOS="2100" WIDTH="44" HEIGHT="23" WC="0.93" CONTENT="en"/><SP WIDTH="25" VPOS="2100" HPOS="1147"/>
							<String ID="string_365" HPOS="1172" VPOS="2087" WIDTH="237" HEIGHT="48" WC="0.92" CONTENT="själfständig"/><SP WIDTH="19" VPOS="2087" HPOS="1409"/>
							<String ID="string_366" HPOS="1428" VPOS="2086" WIDTH="228" HEIGHT="47" WC="0.96" CONTENT="befolkning,"/><SP WIDTH="23" VPOS="2086" HPOS="1656"/>
							<String ID="string_367" HPOS="1679" VPOS="2086" WIDTH="162" HEIGHT="35" WC="0.96" CONTENT="kommer"/><SP WIDTH="20" VPOS="2086" HPOS="1841"/>
							<String ID="string_368" HPOS="1861" VPOS="2089" WIDTH="44" HEIGHT="44" WC="0.96" CONTENT="på"/><SP WIDTH="19" VPOS="2089" HPOS="1905"/>
							<String ID="string_369" HPOS="1924" VPOS="2085" WIDTH="101" HEIGHT="36" WC="0.96" CONTENT="detta"/>
						</TextLine>
						<TextLine ID="line_39" HPOS="413" VPOS="2135" WIDTH="1612" HEIGHT="48">
							<String ID="string_370" HPOS="413" VPOS="2143" WIDTH="72" HEIGHT="31" WC="0.96" CONTENT="sätt"/><SP WIDTH="39" VPOS="2143" HPOS="485"/>
							<String ID="string_371" HPOS="524" VPOS="2143" WIDTH="55" HEIGHT="30" WC="0.96" CONTENT="att"/><SP WIDTH="41" VPOS="2143" HPOS="579"/>
							<String ID="string_372" HPOS="620" VPOS="2138" WIDTH="76" HEIGHT="36" WC="0.96" CONTENT="helt"/><SP WIDTH="40" VPOS="2138" HPOS="696"/>
							<String ID="string_373" HPOS="736" VPOS="2139" WIDTH="67" HEIGHT="35" WC="0.96" CONTENT="och"/><SP WIDTH="37" VPOS="2139" HPOS="803"/>
							<String ID="string_374" HPOS="840" VPOS="2139" WIDTH="112" HEIGHT="35" WC="0.93" CONTENT="hållet"/><SP WIDTH="32" VPOS="2139" HPOS="952"/>
							<String ID="string_375" HPOS="984" VPOS="2137" WIDTH="165" HEIGHT="37" WC="0.91" CONTENT="förfelas."/><SP WIDTH="54" VPOS="2137" HPOS="1149"/>
							<String ID="string_376" HPOS="1203" VPOS="2137" WIDTH="78" HEIGHT="37" WC="0.96" CONTENT="Och"/><SP WIDTH="28" VPOS="2137" HPOS="1281"/>
							<String ID="string_377" HPOS="1309" VPOS="2137" WIDTH="62" HEIGHT="36" WC="0.96" CONTENT="det"/><SP WIDTH="28" VPOS="2137" HPOS="1371"/>
							<String ID="string_378" HPOS="1399" VPOS="2144" WIDTH="40" HEIGHT="28" WC="0.96" CONTENT="är"/><SP WIDTH="27" VPOS="2144" HPOS="1439"/>
							<String ID="string_379" HPOS="1466" VPOS="2135" WIDTH="124" HEIGHT="37" WC="0.96" CONTENT="därför"/><SP WIDTH="27" VPOS="2135" HPOS="1590"/>
							<String ID="string_380" HPOS="1617" VPOS="2149" WIDTH="45" HEIGHT="23" WC="0.96" CONTENT="en"/><SP WIDTH="28" VPOS="2149" HPOS="1662"/>
							<String ID="string_381" HPOS="1690" VPOS="2136" WIDTH="158" HEIGHT="36" WC="0.95" CONTENT="utbredd"/><SP WIDTH="28" VPOS="2136" HPOS="1848"/>
							<String ID="string_382" HPOS="1876" VPOS="2136" WIDTH="149" HEIGHT="47" WC="0.96" CONTENT="mening"/>
						</TextLine>
						<TextLine ID="line_40" HPOS="413" VPOS="2186" WIDTH="1612" HEIGHT="52">
							<String ID="string_383" HPOS="413" VPOS="2189" WIDTH="100" HEIGHT="35" WC="0.96" CONTENT="inom"/><SP WIDTH="28" VPOS="2189" HPOS="513"/>
							<String ID="string_384" HPOS="541" VPOS="2187" WIDTH="45" HEIGHT="36" WC="0.95" CONTENT="de"/><SP WIDTH="27" VPOS="2187" HPOS="586"/>
							<String ID="string_385" HPOS="613" VPOS="2193" WIDTH="109" HEIGHT="39" WC="0.95" CONTENT="orter,"/><SP WIDTH="29" VPOS="2193" HPOS="722"/>
							<String ID="string_386" HPOS="751" VPOS="2189" WIDTH="68" HEIGHT="35" WC="0.96" CONTENT="där"/><SP WIDTH="22" VPOS="2189" HPOS="819"/>
							<String ID="string_387" HPOS="841" VPOS="2189" WIDTH="130" HEIGHT="49" WC="0.93" CONTENT="dylika"/><SP WIDTH="27" VPOS="2189" HPOS="971"/>
							<String ID="string_388" HPOS="998" VPOS="2189" WIDTH="311" HEIGHT="48" WC="0.91" CONTENT="ägostyckningar"/><SP WIDTH="27" VPOS="2189" HPOS="1309"/>
							<String ID="string_389" HPOS="1336" VPOS="2201" WIDTH="50" HEIGHT="22" WC="0.96" CONTENT="nu"/><SP WIDTH="29" VPOS="2201" HPOS="1386"/>
							<String ID="string_390" HPOS="1415" VPOS="2190" WIDTH="103" HEIGHT="45" WC="0.96" CONTENT="pågå,"/><SP WIDTH="25" VPOS="2190" HPOS="1518"/>
							<String ID="string_391" HPOS="1543" VPOS="2192" WIDTH="54" HEIGHT="30" WC="0.96" CONTENT="att"/><SP WIDTH="19" VPOS="2192" HPOS="1597"/>
							<String ID="string_392" HPOS="1616" VPOS="2187" WIDTH="126" HEIGHT="49" WC="0.96" CONTENT="dylika"/><SP WIDTH="19" VPOS="2187" HPOS="1742"/>
							<String ID="string_393" HPOS="1761" VPOS="2186" WIDTH="264" HEIGHT="47" WC="0.95" CONTENT="förrättningar"/>
						</TextLine>
					</TextBlock>
				</ComposedBlock>
			</PrintSpace>
		</Page>
	</Layout>
</alto>
