2196 2622
429 206 39 30 34
624 206 107 33 Andra
757 206 200 29 Kammarens
983 202 174 39 Tillfälliga
1185 202 132 29 Utskotts
1342 201 71 33 (N:o
1437 200 38 32 2)
1503 198 162 30 Utlåtande
1689 198 56 29 N:o
1772 199 45 27 ?22.

586 283 42 36 B.
686 283 177 35 Forinden
903 291 42 25 en
992 278 359 45 Lokomotivfyrboder
1391 277 69 34 kan
1498 275 170 35 anvendes
1701 273 40 36 til
1771 274 155 42 Tjeneste
1954 284 70 24 som

429 336 297 43 Lokomotivferer
753 336 80 36 eller
865 334 225 44 forfremmes
1125 332 39 35 til
1192 331 180 45 Fyrboder
1401 329 47 44 af
1471 332 70 32 1ste
1568 329 143 42 Klasse,
1742 339 82 23 maa
1852 327 75 34 han
1955 339 69 34 paa

428 389 315 38 tilfredsstillende
772 388 132 36 Maade
947 387 94 35 bave
1081 386 166 35 bestaaet
1274 384 140 36 Proven
1435 383 65 43 for
1527 381 307 43 Lokomotivferer.
1892 380 132 35 Denne

428 445 117 35 Prove
587 443 168 36 afholdes
798 442 38 35 af
869 440 263 49 paageldende
1168 436 344 47 Maskininspekter
1552 435 13 35 i
1592 434 240 36 Forbindelse
1865 434 85 35 med
1979 446 45 23 en

428 498 123 35 anden
579 496 109 36 dertil
716 496 40 35 af
780 493 282 38 Maskinchefen
1089 492 172 36 beordret
1288 489 153 37 teknisk
1460 488 141 49 kyndig
1621 487 266 36 Embetsmand
1907 488 118 34 under

429 550 407 46 Maskinafdelningen,
859 548 90 36 ikke
978 547 121 36 lavere
1128 546 73 36 end
1233 548 58 32 öte
1321 542 236 47 almindelige
1577 541 329 47 Lenningsklasse,
1924 540 101 48 (eller

428 604 13 36 i
470 603 406 48 Maskininspektorens
918 600 147 37 Forfald
1105 600 40 35 af
1179 602 36 32 to
1256 598 186 36 saadanne
1471 595 285 36 Embedsmend
1783 594 12 35 i
1824 593 199 49 Forening)

430 670 47 35 og
505 670 88 36 gaar
619 658 51 35 ud
698 669 71 35 paa
797 660 36 32 at
856 656 206 45 undersege
1091 666 57 23 om
1178 652 237 49 Fyrbederen

458 763 32 46 1)
519 762 171 35 besidder
717 760 219 47 Ferdighed
965 758 13 36 i
1007 758 68 36 alle
1105 757 123 36 Grene
1258 755 39 36 af
1322 756 71 34 den
1413 753 190 48 praktiske
1627 752 330 37 Lokomotivforer-
1978 764 46 35 og

522 814 354 50 Fyrbgdertjeneste,

457 877 36 48 2)
521 877 140 36 kender
690 877 45 35 de
763 874 213 47 forskellige
1010 871 336 49 Lokomotivtyper,
1383 871 65 34 der
1477 869 187 36 anvendes
1692 868 13 35 i
1734 868 92 35 hans
1857 866 164 45 Sektion,

523 942 45 36 og
595 930 77 36 kan
701 929 133 48 angive
861 926 218 38 Forskellen
1107 925 146 36 mellem
1283 924 108 45 disse,

458 993 36 49 3)
523 1005 38 23 er
589 991 239 47 fuldstendig
856 990 166 49 bekendt
1048 988 83 36 med
1160 985 326 37 Lokomotivernes
1502 981 273 39 Konstruktion
1796 995 46 34 og
1863 982 161 35 Delenes

524 1044 324 48 Samlingsmaade,
878 1043 85 35 med
992 1040 225 46 Frakobling
1246 1039 39 36 af
1310 1051 45 23 en
1386 1038 87 36 Side
1502 1037 39 36 af
1565 1037 201 36 Maskinen
1795 1048 46 34 og
1870 1036 84 34 med
1980 1036 43 34 de

522 1100 192 47 geldende
743 1096 221 38 Forskrifter
992 1095 54 35 for
1077 1093 177 49 Hjulslid,
1285 1092 209 47 periodiske
1523 1091 175 48 Eftersyn
1727 1090 40 36 af
1791 1089 233 36 Maskindele

523 1157 92 32 samt
642 1152 264 47 Kedelprover,

457 1215 36 48 4)
521 1215 140 36 kender
690 1214 71 36 alle
787 1212 173 40 Stations-
991 1222 46 35 og
1064 1208 479 48 Blokpost-Signalmasters
1572 1206 154 35 Pladser
1754 1217 46 34 og
1829 1205 45 35 de
1903 1204 122 35 lokale

524 1266 412 50 Signalbestemmelser,
982 1267 93 33 samt
1103 1263 70 35 alle
1204 1259 504 50 Vandforsyningsstationer
1737 1270 46 35 og
1811 1258 214 35 Kranernes

522 1322 255 47 Beliggenhed
806 1332 67 35 paa
916 1319 110 44 disse,
1057 1317 49 35 alt
1139 1316 57 35 for
1231 1327 62 24 saa
1322 1314 80 36 vidt
1431 1326 138 35 angaar
1597 1313 73 35 den
1699 1311 90 36 eller
1818 1312 44 34 de
1893 1310 131 37 Strek-

522 1376 141 46 ninger,
694 1376 92 35 hvor
813 1374 73 47 han
915 1372 109 36 körer
1052 1371 89 35 eller
1168 1370 93 35 hvor
1288 1369 74 34 han
1390 1368 69 34 har
1486 1367 83 36 kort
1596 1366 14 35 i
1638 1366 160 46 lengere
1828 1364 80 45 Tid,

458 1438 34 47 5)
522 1450 38 23 er
586 1436 240 46 fuldstendig
854 1434 165 36 bekendt
1038 1433 82 35 med
1145 1444 46 34 og
1211 1432 67 34 har
1298 1430 176 35 forstaaet
1495 1428 281 36 Statsbanernes
1796 1425 228 47 Politiregle-

523 1496 99 31 ment
650 1503 48 35 og
728 1487 332 50 Signalreglement
1078 1489 95 32 samt
1188 1484 261 47 Reglementet
1463 1482 55 36 for
1545 1482 168 47 Togenes
1735 1481 119 46 Gang,
1881 1479 56 35 for
1964 1491 61 23 saa

523 1545 78 36 vidt
630 1545 100 35 dette
759 1525 238 74 vedkommer
1024 1537 442 48 Lokomotivpersonalet,

458 1608 35 47 6)
523 1620 38 22 er
600 1606 166 35 bekendt
803 1599 84 41 med
920 1604 45 35 de
1006 1599 404 49 Lokomotivtjenesten
1445 1609 46 35 og
1520 1597 69 36 alle
1620 1599 145 33 ansatte
1798 1595 227 37 vedrorende

524 1661 134 35 Ordrer
686 1660 13 34 i
727 1656 301 38 Maskinchefens
1058 1653 287 47 Ordresamling,

459 1722 34 48 7)
521 1722 75 36 kan
624 1721 123 36 skrive
777 1723 36 32 et
841 1716 394 50 Reparationsforslag,
1264 1713 276 37 indeholdende
1569 1711 161 47 udforlig
1751 1723 46 34 og
1813 1710 215 46 forstaaelig

522 1775 235 36 Beskrivelse
786 1773 39 36 ä&f
850 1772 217 36 Maskinens
1094 1769 173 47 Mangler
1295 1780 46 35 og
1369 1767 93 48 Fejl,

458 1838 35 47 8)
522 1838 74 35 kan
637 1836 123 47 afgive
802 1847 46 23 en
882 1834 85 35 med
995 1833 77 36 Pen
1109 1844 47 34 og
1184 1830 106 37 Blek
1319 1830 158 35 skreven
1516 1827 140 48 tydelig
1692 1839 48 34 og
1767 1819 261 57 tilstrekkelig

523 1890 159 47 udferlig
711 1888 210 46 Erkleering
949 1899 58 24 om
1037 1898 46 23 en
1111 1885 251 48 Tjenestesag:

589 2045 53 35 Af
676 2045 45 34 de
763 2041 282 38 foranstaaende
1081 2031 283 44 Bestemmelser
1402 2035 134 36 treder
1553 2033 147 37 »Afsnit
1735 2033 34 35 A
1807 2032 29 35 I.
1874 2031 12 35 i
1921 2030 109 36 Kraft

430 2098 131 37 straks.
618 2097 128 37 Afsnit
789 2097 34 35 A
865 2096 49 35 II.
961 2107 46 35 og
1040 2094 68 35 III.
1152 2093 134 35 treder
1319 2090 13 35 i
1366 2088 111 37 Kraft
1505 2089 71 35 den
1608 2091 78 32 1ste
1718 2084 166 38 Oktober
1915 2087 112 40 1899,

430 2153 165 36 saaledes
624 2157 37 30 at
689 2151 56 36 fra
775 2163 45 34 og
850 2149 82 36 med
961 2151 146 33 nevnte
1137 2147 84 45 Dag
1249 2145 112 46 ingen
1375 2143 77 35 kan
1482 2141 97 37 blive
1600 2143 107 34 ansat
1735 2152 76 23 som
1841 2138 190 49 Fyrbeder

429 2208 101 34 uden
571 2209 37 32 at
649 2206 225 47 fyldestgere
918 2201 169 47 samtlige
1129 2200 119 35 under
1292 2198 45 35 ÅA.
1370 2196 161 47 angivne
1564 2193 247 47 Betingelser.
1869 2191 161 46 Endelig

428 2260 134 36 treder
590 2259 125 35 Afsnit
744 2258 31 35 B
803 2257 11 35 i
844 2255 108 36 Kraft
982 2256 85 34 den
1086 2257 77 32 lste
1197 2251 163 36 Oktober
1392 2251 113 42 1900,
1529 2249 167 35 saaledes
1722 2251 36 31 at
1786 2246 54 35 fra
1871 2258 47 34 og
1948 2244 82 36 med
