2194 2624
414 205 104 29 Andra
542 205 201 30 Kammarens
770 206 171 38 Tillfälliga
969 207 135 30 Utskotts
1127 207 70 34 (N:o
1220 208 35 34 2)
1284 192 163 45 Utlåtande
1469 209 57 29 N:o
1549 208 56 30 22.
1774 206 19 31 3

194 292 46 23 en
283 280 157 47 mägtigt
481 282 252 35 återhållande
776 282 108 36 kraft.
944 283 79 36 Och
1065 284 64 34 det
1169 283 96 36 skall
1307 296 121 35 gagna
1456 285 136 36 honom
1622 285 171 48 ofantligt

193 334 149 48 mycket
362 347 77 23 mer
467 341 46 29 än
543 336 49 35 all
622 336 70 35 den
728 336 332 48 »barmhertighet>
1095 350 85 22 man
1209 337 99 36 visar
1331 338 133 36 honom
1486 351 134 35 genom
1641 343 54 33 att
1708 340 83 35 icke

193 388 95 35 låtsa
322 400 51 32 se,
405 392 53 32 att
485 390 71 34 han
588 392 67 44 går
683 391 82 34 med
793 391 201 36 florshufva
1021 391 173 36 innanför
1222 397 157 30 mössan.

353 442 55 35 Af
445 443 59 36 väl
545 443 163 36 bekanta
741 444 81 35 skäl
856 445 66 34 har
946 445 65 47 jag
1039 446 120 34 under
1187 446 45 34 de
1262 446 89 35 sista
1381 448 87 33 åren
1496 447 156 36 kommit
1679 447 13 36 i
1719 450 74 34 rätt

193 495 94 47 liflig
328 496 172 47 beröring
543 498 84 34 med
669 510 46 22 en
748 499 136 45 mängd
918 498 332 45 lokomotivförare,
1282 500 69 35 och
1380 501 44 34 de
1453 500 111 36 hafva
1593 504 83 43 sagt
1704 501 86 47 mig,

193 553 54 31 att
287 549 100 36 inom
431 551 105 34 deras
579 554 97 32 stora
716 551 77 44 kår,
825 564 75 23 som
927 552 42 48 ju
997 552 58 36 till
1082 553 106 47 långt
1216 553 271 47 öfvervägande
1518 555 60 34 del
1606 555 122 35 består
1757 556 40 34 af

193 603 202 47 ordentligt
421 604 87 44 folk,
540 604 141 37 vaknat
708 617 46 23 en
784 606 93 34 ande
908 606 39 34 af
970 606 267 36 beslutsamhet
1256 610 54 33 att
1329 611 90 32 utan
1439 608 188 36 skonsmål
1645 608 147 48 ingripa

193 660 75 32 mot
310 657 175 47 ovärdiga
523 658 150 49 subjekt
714 659 55 35 för
802 662 54 33 att
884 662 61 33 två
974 660 116 35 kåren
1118 673 66 22 ren
1212 661 82 35 från
1324 662 45 35 de
1397 661 150 46 fläckar,
1578 674 77 24 som
1685 663 106 35 dessa

192 714 73 32 satt
293 713 47 45 på
370 712 212 35 densamma
611 712 12 35 i
653 713 267 36 allmänhetens
949 715 178 34 omdöme.
1167 715 74 35 Det
1270 721 40 29 är
1339 715 69 35 ock
1436 718 46 44 på
1502 717 204 46 trängande
1723 717 68 35 och

191 765 116 35 sedan
336 777 77 23 mer
441 771 46 30 än
516 769 52 32 ett
598 768 39 33 år
665 766 102 47 ifrigt
794 768 212 46 upprepade
1036 768 273 47 uppmaningar
1336 769 82 35 från
1447 770 126 35 dessas
1599 770 88 45 sida,
1710 783 78 23 som

190 817 65 49 jag
284 818 153 36 beslutit
464 819 76 47 mig
567 819 56 36 för
651 824 53 32 att
732 821 117 35 väcka
879 821 119 35 denna
1028 821 150 36 motion.

350 874 71 34 För
449 874 62 34 det
539 874 115 35 andra
682 874 66 35 bör
777 875 62 35 det
868 887 105 23 anses
1003 877 117 34 såsom
1153 878 52 33 ett
1234 875 237 48 oeftergifligt
1501 877 121 36 vilkor
1648 878 56 35 för
1730 891 61 22 an-

193 926 179 47 ställning
399 927 13 35 i
440 927 327 48 lokomotivtjenst,
799 932 53 32 att
880 941 182 34 personen
1089 929 14 35 i
1131 929 104 47 fråga
1264 942 87 34 eger
1380 931 44 34 de
1454 931 224 47 kunskaper,
1700 936 91 31 utan

190 980 128 35 hvilka
348 981 63 35 det
439 986 39 30 är
507 981 168 48 omöjligt
703 985 52 32 att
784 984 46 44 på
859 985 52 33 ett
938 982 341 36 tillfredsställande
1309 987 73 32 sätt
1411 984 105 36 sköta
1546 997 46 23 en
1617 988 39 32 så
1677 989 112 43 magt-

190 1033 223 47 påliggande
455 1034 114 49 tjenst
611 1047 76 24 som
724 1039 53 32 att
818 1035 78 36 föra
938 1039 72 44 tåg.
1069 1038 89 34 Men
1201 1037 122 36 dertill
1350 1037 153 46 fordras,
1536 1042 53 32 att
1616 1039 75 35 han
1720 1040 69 35 ock

192 1087 159 35 erhåller
380 1100 45 23 en
454 1088 55 36 för
538 1089 102 35 detta
669 1090 171 34 ändamål
869 1089 170 47 afpassad
1060 1090 31 49 ej
1113 1090 94 36 blott
1226 1091 180 47 praktisk,
1424 1095 90 32 utan
1530 1092 70 36 ock
1614 1093 177 36 teoretisk

189 1141 223 47 utbildning.
471 1143 68 35 Att
583 1143 100 35 detta
725 1144 67 34 har
832 1143 58 35 till
917 1143 89 49 följd
1038 1157 46 22 en
1113 1144 141 47 ökning
1283 1145 40 35 af
1347 1145 442 48 lokomotivpersonalens

193 1195 115 45 löner,
340 1201 106 41 säger
474 1196 57 47 sig
559 1195 109 49 sjelft.
708 1198 89 34 Men
826 1198 71 34 den
926 1197 121 47 utgift,
1080 1210 75 23 som
1186 1198 107 36 deraf
1317 1198 115 49 följer,
1464 1200 96 35 skall
1580 1200 209 47 säkerligen

194 1261 78 23 mer
309 1254 47 30 än
400 1250 58 35 väl
499 1256 191 41 uppvägas
725 1250 39 36 af
789 1251 71 34 den
888 1251 210 47 besparing,
1129 1264 76 23 som
1235 1252 132 36 vinnes
1396 1264 132 35 genom
1558 1254 232 36 materielens

193 1302 120 36 bättre
349 1303 139 36 skötsel
517 1307 94 32 samt
641 1308 113 31 större
787 1304 172 36 säkerhet
987 1309 76 31 mot
1087 1305 331 48 jernvägsolyckor
1446 1308 83 34 med
1559 1308 104 35 deras
1693 1320 96 34 sorg-

193 1355 74 47 liga
309 1356 143 48 följder.
509 1357 18 34 I
570 1357 200 36 allmänhet
813 1370 109 35 synes
965 1359 62 34 det
1069 1358 75 47 mig
1177 1359 173 47 orimligt,
1386 1363 53 32 att
1466 1360 323 37 lokomotivförare

193 1409 137 35 räknas
372 1409 57 36 till
470 1410 304 48 betjentklassen,
811 1412 131 34 medan
970 1411 241 37 innehafvare
1241 1413 40 35 af
1305 1414 147 47 sysslor,
1483 1426 77 23 som
1592 1420 59 30 äro
1681 1415 108 48 ojem-

193 1463 126 46 förligt
348 1463 141 36 mindre
519 1465 254 44 ansvarsfulla,
805 1470 61 31 äro
896 1465 233 48 tjenstemän.
1174 1466 68 36 Att
1269 1467 107 48 flytta
1404 1480 75 35 upp
1510 1468 80 36 dem
1595 1459 20 62 i
1643 1469 147 48 tjenste-

194 1517 286 36 mannaklassen
522 1519 70 35 och
633 1522 94 33 sätta
767 1520 163 35 deremot
971 1521 180 35 svarande
1187 1521 162 47 anspråk
1381 1523 46 45 på
1456 1522 81 35 dem
1569 1525 94 33 samt
1690 1523 101 47 gifva

195 1571 82 35 dem
317 1584 46 22 en
407 1572 158 36 derefter
608 1573 170 46 afpassad
819 1573 62 35 lön
909 1574 120 35 skulle
1058 1574 56 35 för
1144 1574 95 36 visso
1268 1575 83 35 icke
1381 1588 85 23 vara
1495 1578 125 44 någon
1647 1576 140 37 förlust.

195 1626 68 34 Om
306 1637 47 22 en
395 1626 203 46 godsegare
636 1629 114 33 måste
793 1627 119 35 aflöna
955 1639 46 23 en
1042 1628 13 34 i
1087 1627 180 48 jordbruk
1298 1629 68 35 och
1394 1629 224 36 hästskötsel
1645 1630 165 48 kunnig
1792 1622 19 60 .

193 1677 142 48 tjenare
378 1679 83 34 med
506 1682 73 32 100
624 1680 134 35 kronor
787 1693 76 22 mer
892 1686 45 29 än
967 1693 46 22 en
1042 1681 178 47 okunnig,
1252 1684 38 33 så
1319 1682 67 36 bör
1412 1682 74 35 han
1515 1682 83 36 icke
1628 1696 86 23 anse
1745 1685 44 34 de

197 1734 73 32 100
299 1731 186 36 kronorna
514 1734 119 34 såsom
662 1735 121 44 någon
813 1733 138 36 förlust.

353 1786 145 46 Frågan
540 1799 57 22 om
632 1786 325 47 nödvändigheten
1000 1788 40 34 af
1078 1790 53 33 att
1172 1788 358 44 lokomotivförarne,
1575 1792 99 33 utom
1719 1791 71 35 den

193 1839 304 46 oundgängligen
539 1840 237 47 nödvändiga
819 1840 397 48 arbetsskickligheten
1258 1842 12 35 i
1314 1843 62 35 det
1418 1843 218 36 mekaniska
1668 1844 119 47 yrket,

194 1892 108 36 äfven
347 1905 68 34 ega
443 1895 122 45 någon
594 1894 177 35 teoretisk
796 1894 212 47 utbildning
1035 1895 13 35 i
1078 1895 64 35 sitt
1169 1895 95 45 fack,
1296 1897 150 35 väcktes
1474 1898 116 34 redan
1619 1900 39 32 år
1690 1901 97 32 1867

194 1945 39 35 af
271 1945 126 47 kongl.
437 1946 370 49 jernvägsstyrelsen.
866 1948 17 34 I
925 1948 68 35 Bil.
1038 1951 20 32 5
1097 1948 23 36 b
1158 1949 56 35 till
1250 1950 136 47 Kongl.
1418 1950 126 47 Maj:ts
1573 1952 215 35 statsverks-

193 1999 227 46 proposition
450 2002 39 32 år
520 2003 97 32 1871
650 2002 103 34 heter
783 2001 62 35 det
872 2001 186 47 nemligen
1088 2001 80 48 (sid.
1201 2003 82 47 27):

357 2053 83 35 »Uti
481 2055 217 43 underdånig
739 2055 182 42 skrifvelse
961 2056 65 34 den
1055 2058 53 32 22
1127 2056 166 42 februari
1321 2058 100 34 1867
1448 2057 66 35 har
1542 2059 164 43 styrelsen
1725 2058 66 43 för

192 2109 129 31 statens
342 2107 273 43 jernvägstrafik
635 2108 81 42 fäst
743 2108 346 43 uppmärksamheten
1116 2109 93 43 derå,
1227 2112 59 40 att,
1316 2111 107 33 sedan
1442 2110 99 34 såväl
1560 2114 127 31 statens
1703 2112 87 41 jern-

192 2164 111 38 vägar
344 2160 123 34 vunnit
508 2171 41 24 en
578 2161 186 44 betydande
793 2161 135 34 tillväxt
959 2173 72 23 som
1065 2162 105 42 äfven
1198 2173 41 24 en
1268 2164 130 42 mängd
1424 2163 156 35 enskilda
1600 2163 189 36 lokomotiv-

194 2213 109 33 banor
345 2212 203 44 tillkommit,
594 2214 92 34 tiden
728 2217 115 42 syntes
872 2226 87 22 vara
999 2215 92 43 inne,
1123 2219 49 31 att
1199 2217 114 42 några
1342 2216 144 35 allmänt
1510 2218 164 42 gällande
1694 2218 95 42 före-

192 2266 147 42 skrifter
377 2267 208 41 utfärdades
623 2269 149 34 rörande
794 2278 184 33 personers
1008 2269 197 43 antagande
1233 2270 53 34 till
1314 2270 308 44 lokomotivförare,
1653 2271 136 35 hvilkas
