1880 2790
259 155 22 30 4
569 159 388 33 Jordbruksutskottets
976 163 180 31 utlåtande
1175 173 43 21 nr
1235 165 43 29 28
1296 165 41 29 år
1357 166 84 29 1955

591 274 33 32 2.
647 275 73 32 Den
735 276 135 42 statliga
885 277 319 43 hingsthållningens
1220 280 203 42 omfattning

307 352 138 31 Statens
465 353 247 41 hingstdepåer
731 356 66 29 och
818 358 249 30 statsstuteriet
1087 360 39 28 är
1146 359 127 30 främst
1293 359 175 32 inriktade
1488 361 45 39 på
1552 361 198 31 halvblods-

261 404 112 35 aveln,
392 414 74 21 som
484 406 236 42 frambringar
736 409 122 30 hästar
876 419 42 21 av
936 411 184 40 utpräglad
1138 412 209 41 ridhästtyp,
1366 413 150 31 framför
1533 414 62 30 allt
1612 424 138 21 remon-

260 458 54 29 ter
331 458 66 29 och
415 459 270 32 ackordshästar
702 461 55 31 för
776 463 132 30 armén.
927 464 200 39 Depåernas
1145 465 195 31 beskällare
1359 467 174 39 utnyttjas
1553 468 88 29 dock
1661 469 87 29 även

259 509 58 31 för
338 511 215 40 produktion
574 522 43 21 av
639 514 123 31 lättare
785 515 238 32 arbetshästar
1045 518 66 29 och
1134 518 189 40 avelsdjur.
1346 520 133 29 Nästan
1502 520 78 30 hela
1602 520 68 31 den
1692 521 56 30 för

259 563 286 32 halvblodsaveln
565 567 228 40 erforderliga
814 569 323 41 hingsthållningen
1159 572 215 40 ombesörjes
1396 581 125 31 genom
1543 574 206 30 utstatione-

260 616 78 40 ring
355 626 42 21 av
412 618 193 32 beskällare
622 620 80 30 från
719 621 144 40 Flyinge
879 623 64 29 och
960 623 242 35 Strömsholm,
1220 625 65 29 och
1301 625 68 30 den
1386 626 149 30 svenska
1551 627 197 31 halvblods-

260 670 120 30 avelns
405 671 124 30 erkänt
553 672 90 40 höga
668 674 168 30 standard
860 675 101 30 beror
986 676 240 41 otvivelaktigt
1250 678 53 30 till
1330 680 73 28 stor
1427 679 55 30 del
1507 680 45 39 på
1577 680 57 30 det
1659 681 88 39 goda

259 722 291 40 hingstmaterial,
570 734 76 21 som
664 727 45 39 på
728 727 95 30 detta
843 729 69 29 sätt
930 729 118 30 ställes
1068 730 52 30 till
1139 730 207 40 förfogande
1366 741 42 21 av
1427 734 124 28 staten.
1572 733 51 30 Av
1641 735 107 29 samt-

257 774 70 41 liga
350 776 42 30 de
416 776 41 30 88
478 777 354 43 halvblodshingstar,
855 781 210 32 tillhörande
1088 783 68 30 den
1179 784 149 31 svenska
1350 785 239 40 varmblodiga
1611 786 135 34 hästen,

258 827 95 32 vilka
379 830 110 30 under
513 831 40 30 år
580 832 83 31 1953
689 832 191 32 förklarats
905 835 137 31 tillåtna
1068 845 76 21 som
1168 837 205 36 beskällare,
1400 839 104 39 ägdes
1531 839 147 31 sålunda
1704 840 41 30 85

258 891 43 21 av
322 884 139 28 staten.:
481 884 275 41 Rekryteringen
778 896 43 21 av
841 887 102 31 dessa
964 889 79 30 sker
1065 889 281 41 huvudsakligen
1367 892 45 39 på
1434 892 38 30 så
1494 893 79 33 sätt,
1595 895 50 28 att
1666 893 81 30 årli-

257 942 67 31 gen
353 935 52 30 till
435 936 142 41 Flyinge
607 938 146 40 inköpes
783 942 49 28 ett
861 942 94 28 antal
983 960 45 3 —
1056 942 56 30 för
1141 944 218 30 närvarande
1389 945 105 39 något
1523 946 80 29 över
1632 946 41 31 20
1702 964 43 4 —

257 987 60 35 föl,
346 998 43 21 av
413 989 93 31 vilka
533 990 42 31 de
600 991 99 31 bästa
726 1002 123 21 senare
875 994 146 31 insättes
1048 996 11 29 i
1086 996 111 30 aveln.
1225 997 66 30 Vid
1317 998 296 40 hingstdepåerna
1640 999 104 31 fanns

255 1040 120 31 vidare
397 1042 74 30 elva
493 1043 375 34 fullblodsbeskällare.
891 1047 94 31 Även
1006 1048 103 31 dessa
1131 1050 177 30 användes
1330 1051 97 30 inom
1450 1052 294 35 halvblodsaveln,

255 1103 78 21 som
355 1095 254 42 kontinuerligt
630 1098 111 31 måste
764 1099 151 31 tillföras
939 1100 148 32 fullblod
1109 1102 57 30 för
1187 1105 51 28 att
1260 1103 174 31 bibehålla
1456 1105 41 30 de
1520 1106 224 39 egenskaper,

255 1156 78 21 som
360 1149 61 38 gör
448 1149 67 30 den
542 1151 142 30 särskilt
710 1152 145 40 lämplig
882 1153 55 31 för
962 1155 151 40 ridning.
1152 1156 126 32 Vidare
1305 1157 90 30 hölls
1423 1159 154 29 nämnda
1604 1159 39 29 år
1670 1160 75 30 elva

254 1201 112 30 andra
391 1202 341 42 halvblodshingstar
763 1205 279 42 (oldenburgare,
1068 1210 241 38 ostpreussare
1335 1211 65 29 och
1425 1211 319 35 hannoveranare).

254 1253 69 30 Till
348 1255 78 29 stöd
450 1255 54 30 för
527 1256 68 31 den
619 1258 241 31 nordsvenska
884 1261 99 29 aveln
1006 1262 65 29 har
1095 1262 295 40 hingstdepåerna
1415 1264 118 30 vidare
1557 1265 11 29 i
1592 1266 152 39 enlighet

255 1307 81 30 med
357 1308 179 31 uttalande
557 1319 43 21 av
622 1311 81 30 1947
725 1312 58 30 års
803 1313 142 40 riksdag
965 1314 92 30 vissa
1078 1315 39 30 år
1137 1315 124 40 inköpt
1282 1316 159 40 hingstar
1463 1327 42 21 av
1526 1319 218 30 nordsvensk

254 1369 69 21 ras.
346 1361 68 29 För
437 1363 217 31 närvarande
677 1365 81 39 äger
781 1367 115 29 staten
918 1367 57 39 sju
999 1368 132 30 sådana
1154 1368 169 40 hingstar.

299 1413 186 31 Artificiell
512 1415 249 33 insemination
787 1419 71 30 kan
884 1429 42 20 av
951 1420 163 31 tekniska
1141 1422 76 30 skäl
1244 1422 76 31 icke
1347 1424 179 30 användas
1553 1425 97 30 inom
1676 1425 68 30 den

253 1467 153 30 svenska
425 1468 294 32 halvblodsaveln.
740 1471 95 30 Även
856 1473 117 30 avelns
994 1473 214 40 begränsade
1229 1475 214 41 omfattning
1465 1478 38 29 är
1524 1487 42 20 ur
1586 1479 157 38 genetisk

253 1520 182 38 synpunkt
457 1523 49 28 ett
527 1521 125 31 hinder
674 1523 55 30 för
751 1525 225 41 användning
998 1536 43 20 av
1064 1527 175 31 artificiell
1263 1529 260 31 insemination.

299 1599 66 30 Vid
386 1602 249 30 statsstuteriet
653 1603 11 29 i
684 1603 143 40 Flyinge
847 1605 116 31 finnes
982 1606 55 30 för
1057 1608 218 30 närvarande
1296 1609 41 30 29
1357 1609 274 31 halvblodsston.
1651 1612 93 39 Upp-

254 1651 343 41 födningsanstalten
619 1656 64 29 har
703 1657 163 40 omkring
888 1658 40 31 90
951 1660 165 39 ungdjur.
1140 1660 108 31 Dessa
1270 1663 140 38 utgöres
1432 1663 74 30 dels
1528 1672 42 21 av
1592 1663 48 30 föl
1662 1664 80 30 från

254 1706 261 35 statsstuteriet,
541 1707 74 31 dels
641 1718 42 21 av
706 1710 182 39 hingstföl,
914 1720 75 22 som
1013 1712 143 40 inköpts
1181 1723 42 21 av
1247 1715 161 30 enskilda
1434 1716 204 39 uppfödare.
1664 1717 79 30 Med

252 1758 303 32 donationsmedel
594 1762 110 31 hålles
745 1764 180 30 dessutom
965 1765 18 30 6
1024 1765 250 32 fullblodsston
1314 1769 65 29 och
1411 1769 38 30 10
1480 1770 192 39 unghästar
1700 1780 43 21 av

252 1810 161 32 fullblod.

733 1905 31 31 3.
789 1905 254 34 Ridhästavelns
1059 1909 202 43 omfattning

295 1986 251 32 Ridhästaveln
573 1988 193 32 omfattade
795 1991 113 30 under
935 2001 121 22 senare
1084 1993 137 31 hälften
1249 2003 43 21 av
1322 1994 184 31 1940-talet
1534 1996 115 32 bortåt
1679 1996 60 31 110

251 2039 160 40 hingstar
433 2041 65 29 och
520 2042 19 29 2
553 2042 129 30 300—2
696 2043 64 30 400
783 2044 186 31 avelsston.
991 2044 82 32 Året
1098 2047 83 29 1950
1204 2047 162 39 utgjorde
1389 2058 44 20 en
1454 2049 218 40 vändpunkt,
1695 2050 45 30 då

250 2101 45 21 en
315 2093 196 39 betydande
533 2094 204 42 minskning
759 2106 43 20 av
823 2097 130 31 antalet
975 2098 251 40 betäckningar
1249 2100 140 31 skedde.
1413 2102 242 31 Stobeståndet
1676 2103 65 30 har

252 2146 110 30 sedan
389 2147 78 30 dess
494 2148 199 40 ytterligare
721 2149 157 31 minskat
905 2151 64 30 och
995 2152 169 30 omfattar
1190 2153 55 30 för
1273 2155 218 30 närvarande
1519 2156 123 30 endast
1668 2166 74 21 om-

250 2198 105 41 kring
380 2200 93 30 1500
495 2201 94 39 djur.

742 2282 32 31 4.
799 2283 448 43 Avsättningsförhållanden

295 2359 251 31 Ridhästaveln
574 2361 65 30 har
667 2362 126 31 hittills
822 2362 56 31 för
909 2364 53 30 sin
991 2365 201 40 avsättning
1221 2365 127 32 främst
1377 2367 90 30 varit
1496 2368 171 31 beroende
1697 2379 42 21 av

249 2412 142 30 arméns
416 2415 292 40 remontuppköp,
733 2416 65 29 och
824 2416 101 30 aveln
948 2417 64 30 har
1035 2418 122 30 därför
1180 2418 86 32 både
1291 2420 226 31 kvantitativt
1541 2422 66 30 och
1630 2422 110 30 kvali-

283 2484 10 15 1
315 2485 42 25 De
371 2486 120 30 angivna
505 2487 128 25 siffrorna
646 2488 155 25 innefattar
815 2489 33 24 10
861 2489 120 32 treåriga
995 2491 135 30 hingstar.
