1862 2790
269 171 17 29 2
569 169 389 30 Jordbruksutskottets
983 169 178 30 utlåtande
1185 178 43 20 nr
1252 170 40 29 27
1316 169 39 29 år
1382 169 84 29 1959

317 253 226 31 Beträffande
569 253 42 30 de
637 254 87 33 skäl,
751 262 74 21 som
851 252 134 31 anförts
1011 252 51 30 till
1085 253 80 29 stöd
1191 252 55 30 för
1270 252 230 34 motionerna,
1525 252 56 31 får
1605 252 172 30 utskottet

273 305 145 29 hänvisa
437 304 52 30 till
509 304 221 29 motionerna
747 304 45 29 II:
809 303 63 30 416
891 303 65 30 och
975 304 45 29 II:
1036 303 73 29 437.

319 354 87 31 Över
428 354 221 30 motionerna
671 354 65 29 har
757 353 188 41 yttranden
969 353 146 40 avgivits
1139 362 43 22 av
1205 353 262 35 statskontoret,
1492 352 287 40 elektrifierings-

273 405 236 39 beredningen
527 405 65 29 och
610 404 275 40 Landsbygdens
904 404 176 30 elnämnd.

269 610 30 33 I.
345 610 320 43 Framställningen
696 610 13 32 i
742 609 91 34 1959
866 610 57 33 års
955 609 411 43 statsverksproposition
1396 608 150 34 rörande
1578 608 124 43 anslag
1726 608 55 33 till

588 668 252 43 Befrämjande
863 680 44 21 av
928 667 257 43 landsbygdens
1205 667 256 43 elektrifiering

319 758 49 29 Av
391 757 56 30 det
471 757 55 30 för
550 757 236 30 innevarande
811 756 170 39 budgetår
1004 756 110 30 under
1138 756 231 30 förevarande
1392 755 267 40 anslagsrubrik
1681 755 97 30 anvi-

275 808 80 29 sade
376 807 392 40 reservationsanslaget
789 807 21 30 å
834 807 35 29 11
886 806 62 30 000
963 806 62 30 000
1047 807 52 32 kr.
1122 816 98 20 avses
1242 806 19 29 4
1276 806 62 30 000
1352 806 63 30 000
1437 806 52 29 kr.
1513 805 56 31 för
1589 806 189 40 nyanlägg-

274 858 83 40 ning
376 867 42 21 av
436 858 189 30 elektriska
648 857 308 30 distributionsnät
976 857 65 29 och
1061 857 16 29 7
1092 856 63 30 000
1170 856 62 31 000
1253 857 52 29 kr.
1326 856 55 30 för
1400 856 237 40 upprustning
1655 865 44 21 av
1717 856 62 39 dy-

274 909 68 29 lika
365 909 70 29 nät.
457 908 165 40 Anslaget
642 908 206 39 disponeras
870 908 72 30 dels
965 917 42 20 av
1027 907 252 30 statskontoret
1301 906 54 31 för
1376 906 224 30 bestridande
1621 916 42 20 av
1683 906 96 30 kost-

273 959 154 30 naderna
450 958 54 31 för
527 957 509 41 elektrifieringsberedningen
1058 958 64 29 och
1145 957 55 30 för
1223 957 193 30 anlitandet
1438 956 58 30 vid
1519 957 259 39 länsstyrelser-

274 1019 44 20 na
340 1019 41 20 av
400 1009 153 39 tillfällig
573 1008 152 40 expertis
743 1008 11 29 i
774 1007 385 40 upprustningsfrågor,
1181 1008 73 29 dels
1278 1017 42 20 av
1338 1007 292 39 länsstyrelserna
1650 1006 56 30 för
1725 1008 54 28 ut-

273 1060 176 38 betalning
474 1069 43 20 av
538 1058 172 40 beviljade
733 1058 294 40 nyanläggnings-
1049 1058 65 29 och
1136 1057 391 40 upprustningsbidrag.
1552 1056 227 31 Bestämmel-

275 1119 55 20 ser
353 1110 148 30 rörande
523 1109 269 39 ifrågavarande
816 1108 121 40 bidrag
962 1108 115 31 finnes
1101 1108 205 30 meddelade
1329 1108 12 29 i
1365 1108 126 39 Kungl.
1516 1107 124 40 Maj:ts
1664 1107 114 30 beslut

275 1161 65 29 den
360 1161 39 30 27
419 1160 80 40 juni
520 1160 80 30 1957
621 1169 89 30 resp.
730 1160 70 29 den
822 1160 38 30 16
879 1159 70 39 maj
974 1159 94 30 1958.

317 1209 520 41 Elektrifieringsberedningen
865 1210 63 29 har
956 1211 12 29 i
992 1209 57 30 sin
1077 1207 405 41 anslagsframställning
1509 1208 190 34 hemställt,
1728 1209 51 28 att

275 1262 154 38 anslaget
449 1261 56 30 för
523 1262 102 29 nästa
643 1260 172 40 budgetår
832 1259 166 40 uppföres
1017 1259 80 30 med
1118 1259 38 30 15
1171 1259 63 30 000
1249 1258 63 31 000
1331 1259 52 29 kr.
1403 1258 107 39 enligt
1531 1258 158 40 följande
1709 1258 70 30 för-

275 1312 149 39 delning.

364 1379 27 29 1.
416 1378 259 40 nyanläggning
697 1387 43 20 av
759 1376 189 31 elektriska
969 1376 309 31 distributionsnät
1299 1385 45 21 m.
1365 1385 46 20 m.
1439 1400 29 6 ..
1518 1375 96 31 4000
1629 1374 62 31 000

362 1430 28 29 2.
414 1428 236 40 upprustning
677 1438 43 20 av
745 1427 189 30 elektriska
957 1426 311 31 distributionsnät
1300 1449 161 8 ........
1495 1426 37 29 11
1549 1425 63 31 000
1626 1425 62 30 000

1495 1493 38 29 15
1548 1492 63 30 000
1625 1492 63 30 000

317 1612 393 40 Departementschefen
745 1612 66 29 har
844 1630 44 3 —
920 1611 90 30 efter
1045 1612 162 30 närmare
1232 1611 217 39 redogörelse
1474 1610 54 30 för
1552 1608 226 32 innehållet
1762 1604 20 52 i

273 1662 529 40 elektrifieringsberedningens
837 1661 372 40 petitaframställning
1244 1679 44 3 —
1324 1660 117 31 anfört
1466 1660 11 29 i
1502 1659 188 31 huvudsak
1714 1659 65 30 föl-

272 1714 116 39 jande.

319 1764 244 39 »Efterfrågan
585 1764 20 30 å
627 1763 212 39 statsbidrag
860 1762 52 30 till
934 1762 237 40 upprustning
1195 1772 42 19 av
1258 1761 190 30 elektriska
1469 1760 309 30 distributionsnät

272 1815 45 39 på
340 1814 239 39 landsbygden
603 1814 63 30 har
691 1813 164 31 hitintills
878 1813 90 29 varit
992 1812 99 39 ringa
1114 1812 128 30 liksom
1266 1813 87 29 även
1377 1811 258 39 omfattningen
1660 1820 42 20 av
1724 1812 54 28 ut-

274 1865 159 30 fästelser
452 1874 57 20 om
528 1864 121 40 bidrag
668 1864 56 30 för
741 1863 210 32 ändamålet.
972 1863 78 30 Med
1069 1863 190 38 anledning
1276 1863 109 29 härav
1403 1862 98 30 torde
1521 1871 41 20 en
1581 1861 196 39 betydande

273 1915 213 30 reservation
515 1916 142 29 komma
685 1916 51 28 att
764 1913 167 39 föreligga
959 1913 19 30 å
1007 1913 66 30 den
1101 1913 55 30 för
1183 1911 414 41 elupprustningsbidrag
1626 1911 152 30 avsedda

274 1967 265 38 anslagsposten
561 1965 57 29 vid
639 1964 237 30 innevarande
899 1963 187 39 budgetårs
1108 1962 142 40 utgång.
1272 1964 65 29 Det
1363 1972 101 30 synes
1488 1962 121 30 därför
1628 1962 77 29 icke
1728 1970 51 21 er-

274 2016 180 39 forderligt
477 2017 50 28 att
551 2016 55 29 för
626 2016 102 29 nästa
750 2014 170 39 budgetår
942 2014 86 39 höja
1048 2013 146 30 berörda
1218 2013 231 39 anslagspost.
1472 2013 123 29 Denna
1617 2012 62 30 bör
1703 2012 76 29 allt-

272 2066 89 39 jämt
383 2068 172 38 upptagas
577 2066 79 29 med
679 2065 16 29 7
712 2065 63 30 000
789 2064 63 30 000
874 2065 131 29 kronor
1026 2064 64 30 och
1111 2063 196 40 höjningen
1329 2072 42 21 av
1391 2065 124 37 posten
1538 2062 149 30 sålunda
1709 2061 69 31 för-

274 2117 137 39 skjutas
436 2117 52 29 till
512 2116 248 39 efterföljande
782 2114 179 40 budgetår.
985 2115 68 29 För
1074 2114 119 40 övriga
1215 2114 80 29 med
1319 2114 156 38 anslaget
1498 2112 152 31 avsedda
1672 2112 107 30 ända-

274 2168 69 29 mål
363 2167 148 30 föreslår
527 2167 59 39 jag
606 2176 42 20 en
667 2166 215 30 oförändrad
901 2164 320 39 medelsanvisning
1240 2174 42 20 av
1300 2163 19 30 4
1334 2163 62 30 000
1411 2163 64 30 000
1493 2163 141 30 kronor.

317 2218 63 39 Jag
402 2218 98 29 torde
522 2217 11 29 i
553 2217 97 30 detta
671 2216 256 39 sammanhang
950 2215 36 30 få
1008 2215 149 34 anmäla,
1181 2216 49 28 att
1252 2215 59 38 jag
1334 2214 66 30 den
1423 2214 41 29 28
1485 2223 96 20 mars
1605 2213 83 30 1958
1711 2213 68 30 till-

273 2269 108 29 kallat
402 2268 174 30 särskilda
596 2266 224 40 sakkunniga
842 2266 54 30 för
917 2268 49 28 att
985 2266 189 29 verkställa
1195 2264 188 40 utredning
1405 2274 41 20 av
1466 2263 124 40 frågan
1611 2273 56 20 om
1687 2263 92 30 infö-

276 2319 107 30 rande
403 2328 42 21 av
462 2321 45 27 ett
530 2320 129 38 system
679 2317 82 30 med
780 2316 139 40 statliga
938 2316 175 40 garantier
1132 2315 55 30 för
1205 2315 20 30 å
1245 2315 178 30 allmänna
1442 2313 337 31 kreditmarknaden

274 2371 176 38 upptagna
471 2368 59 30 lån
551 2369 52 29 till
625 2368 162 39 åtgärder
808 2367 54 30 för
883 2366 236 40 upprustning
1140 2366 84 29 eller
1244 2364 260 41 nyanläggning
1526 2374 41 20 av
1588 2364 190 30 elektriska

274 2419 308 30 distributionsnät
610 2418 44 40 på
683 2417 241 39 landsbygden
953 2417 65 29 och
1048 2416 178 39 samtidigt
1259 2415 143 30 därmed
1431 2424 44 21 en
1504 2414 203 40 avveckling
1737 2423 42 21 av

273 2470 247 38 långivningen
544 2469 79 29 från
648 2466 484 40 kraftledningslånefonden.
1158 2466 118 39 Enligt
1299 2465 67 30 vad
1388 2465 60 40 jag
1473 2464 121 31 erfarit
1619 2465 160 29 kommer
