1922 2784
308 159 40 30 10
688 163 99 25 Andra
806 164 206 29 lagutskottets
1033 166 150 26 utlåtande
1202 175 36 17 nr
1256 168 16 26 8
1290 168 34 26 år
1342 169 68 25 1960

926 335 254 34 Reservationer

704 420 66 31 Vid
788 422 189 31 utskottets
995 423 211 32 hemställan
1226 426 111 31 under
1356 427 38 34 1)

307 505 43 21 av
367 496 124 32 herrar
511 497 169 33 Thorsten
699 501 153 31 Larsson
872 503 65 30 och
956 503 215 32 Gustavsson
1189 506 11 30 i
1218 506 152 36 Alvesta,
1388 508 96 30 vilka
1503 509 126 34 ansett,

350 550 36 35 a)
417 552 51 29 att
485 552 172 31 utskottet
674 553 79 31 bort
770 556 94 36 yttra
882 555 170 38 följande.

352 602 199 41 Riksdagen
571 606 66 30 har
655 607 58 30 vid
735 609 49 29 ett
806 608 115 31 flertal
943 610 165 31 tillfällen
1128 611 78 31 haft
1226 614 52 29 att
1298 614 80 36 taga
1400 614 168 39 ställning
1588 615 53 30 till
1663 614 132 39 förslag

306 657 78 30 med
404 666 136 22 samma
559 659 169 31 innebörd
748 670 76 21 som
843 663 41 29 de
902 672 48 21 nu
972 663 246 39 föreliggande.
1238 666 75 30 Den
1331 668 206 30 nuvarande
1557 668 237 31 statsfinansi-

306 709 67 31 ella
393 710 215 32 situationen
628 713 65 30 och
714 715 297 37 angelägenheten
1032 726 43 21 av
1095 719 51 28 att
1166 718 66 30 den
1253 719 72 30 inte
1346 720 109 30 minst
1476 721 122 30 socialt
1618 723 176 36 tyngande

306 763 180 32 allmänna
512 766 230 31 varuskatten
770 768 71 30 kan
868 769 184 31 avskaffas
1079 778 59 30 ger
1164 780 43 21 en
1235 772 152 30 särskild
1415 773 187 32 aktualitet
1629 774 36 31 åt
1692 775 102 30 dessa

306 817 184 36 spörsmål.
509 818 177 32 Utskottet
703 820 61 30 vill
783 822 192 30 emellertid
994 823 119 31 avvisa
1132 824 131 31 sådana
1281 825 173 38 åtgärder,
1473 836 76 21 som
1568 827 113 31 skulle
1701 829 93 29 med-

304 869 78 31 föra
405 872 52 29 att
481 871 42 31 de
546 872 124 33 siukas
694 873 180 32 förmåner
897 874 204 33 försämras.
1125 878 74 29 Den
1223 878 292 32 statsfinansiella
1539 879 256 39 förbättringen

306 923 63 30 bör
396 924 151 32 sålunda
575 926 264 33 åstadkommas
867 936 124 30 genom
1022 932 52 29 att
1103 932 246 38 statsbidraget
1378 933 53 30 till
1462 933 332 40 sjukförsäkringen

305 977 159 31 minskas
483 978 12 30 i
513 979 71 31 viss
603 981 255 38 utsträckning.
878 982 179 32 Utskottet
1075 984 117 30 finner
1211 985 51 38 sig
1281 986 122 30 kunna
1422 986 178 38 tillstyrka
1620 989 51 28 att
1691 989 103 29 stats-

304 1029 158 39 bidraget
482 1033 184 31 reduceras
685 1034 46 37 på
750 1035 70 29 sätt
840 1044 74 21 som
934 1036 11 30 i
965 1037 220 31 motionerna
1204 1039 97 30 1:445
1322 1039 65 30 och
1408 1040 114 30 II:562
1543 1040 149 38 angivits
1713 1041 81 30 från

305 1083 72 31 och.
395 1079 46 49 med
483 1085 68 33 den
555 1079 19 49 1
603 1086 67 37 juli
687 1087 237 32 innevarande
943 1089 49 31 år.

350 1137 79 30 Som
450 1138 148 40 tidigare
617 1139 214 32 framhållits
857 1142 5 29 i
882 1143 172 30 samband
1074 1144 78 30 med
1173 1144 205 38 riksdagens
1399 1145 213 40 behandling
1632 1156 42 21 av
1695 1147 98 37 sjuk-

303 1189 265 40 försäkringens
598 1192 233 39 finansiering
858 1194 65 30 har
952 1204 43 21 en
1025 1196 138 37 mycket
1191 1197 196 38 betydande
1416 1198 186 39 fondering
1630 1200 58 37 ägt
1716 1209 79 21 rum

305 1243 95 31 inom
419 1244 267 38 sjukkassorna.
705 1247 94 30 Från
817 1249 65 29 den
903 1249 15 30 1
938 1249 144 37 januari
1102 1251 82 30 1955
1202 1251 53 30 till
1274 1252 66 29 den
1361 1253 14 29 1
1396 1252 143 37 januari
1560 1253 84 31 1958
1662 1254 130 30 ökades

305 1297 149 31 sålunda
471 1299 42 30 de
529 1298 191 33 fonderade
736 1302 138 30 medlen
890 1301 81 32 från
990 1303 63 30 196
1069 1304 87 37 milj.
1174 1304 131 31 kronor
1320 1305 53 30 till
1391 1305 64 31 398
1472 1306 90 37 milj.
1580 1306 132 31 kronor
1728 1307 66 30 och

304 1350 65 30 har
389 1351 155 31 därefter
563 1352 143 32 fortsatt
725 1356 52 28 att
796 1355 97 38 stiga.
915 1356 75 31 Den
1010 1356 203 39 minskning
1233 1367 41 21 av
1294 1358 249 38 statsbidraget
1563 1368 74 21 som
1657 1360 137 30 utskot-

304 1405 50 29 tet
369 1404 11 30 i
396 1405 58 30 det
470 1405 207 38 föregående
695 1406 158 32 förordat
868 1408 64 30 bör
948 1409 150 31 sålunda
1115 1410 70 30 inte
1202 1411 78 30 leda
1295 1411 53 35 till
1366 1413 247 30 motsvarande
1629 1413 164 38 höjning-

304 1466 38 20 ar
363 1466 43 21 av
426 1458 207 37 avgifterna,
654 1460 147 30 emedan
821 1461 58 30 det
897 1461 78 31 icke
995 1462 71 30 kan
1086 1471 101 22 anses
1208 1463 121 38 riktigt
1349 1466 52 28 att
1421 1465 275 36 sjukkassornas
1718 1466 76 30 fon-

305 1511 60 30 der
388 1512 155 37 ständigt
566 1513 39 30 är
628 1512 148 32 föremål
801 1514 55 30 för
879 1515 132 38 kraftig
1034 1516 146 30 tillväxt.
1202 1517 52 30 Av
1278 1526 135 22 samma
1437 1519 189 37 anledning
1648 1519 64 31 bör
1735 1520 57 30 det

304 1563 109 31 heller
438 1565 73 30 inte
537 1566 158 31 medföra
721 1567 110 38 några
858 1568 216 38 svårigheter
1100 1569 56 31 för
1182 1570 257 37 sjukkassorna
1466 1573 52 29 att
1545 1572 247 39 statsbidraget

305 1618 126 30 sänkes
460 1619 108 29 redan
595 1619 80 30 från
701 1620 268 32 halvårsskiftet
995 1622 127 30 medan
1149 1632 43 21 en
1219 1624 305 39 avgiftsjustering
1551 1625 71 30 kan
1649 1626 143 30 komma

301 1671 11 29 i
327 1670 99 39 fråga
440 1671 91 31 först
544 1672 57 30 vid
616 1672 193 32 årsskiftet.

346 1724 38 35 b)
414 1726 52 29 att
483 1726 172 31 utskottet
671 1726 80 31 bort
767 1727 197 37 hemställa,

666 1781 51 29 att
736 1780 186 39 riksdagen
943 1782 79 30 med
1041 1782 99 30 bifall
1160 1783 53 30 till
1232 1783 222 31 motionerna
1474 1785 97 31 1:445
1591 1786 65 30 och
1677 1786 113 31 11:562

622 1833 108 31 måtte
748 1833 57 31 för
823 1834 53 30 sin
895 1835 54 29 del
969 1837 127 36 antaga
1114 1835 157 38 följande
1290 1837 131 39 förslag
1440 1838 53 30 till

982 1933 38 34 1)
1041 1933 73 37 Lag

601 1984 179 36 angående
799 1985 149 37 ändring
969 1986 11 30 i
999 1986 98 37 lagen
1117 1987 66 30 den
1202 1989 21 29 3
1240 1987 145 37 januari
1405 1989 86 30 1947

709 2038 63 34 (nr
793 2040 37 33 1)
854 2048 56 21 om
931 2039 134 31 allmän
1085 2040 297 37 sjukförsäkring.

346 2116 212 38 Härigenom
579 2116 198 37 förordnas,
799 2120 50 28 att
870 2119 38 29 41
931 2119 66 30 och
1019 2119 40 30 42
1076 2119 36 35 88
1136 2120 99 37 lagen
1257 2121 66 29 den
1344 2121 19 30 3
1383 2121 143 37 januari
1548 2122 82 31 1947
1652 2132 57 20 om
1730 2123 61 30 all-

301 2170 82 29 män
399 2169 289 39 sjukförsäkring
703 2170 101 31 skola
819 2171 133 31 erhålla
967 2172 135 30 ändrad
1118 2173 129 37 lydelse
1262 2173 45 38 på
1321 2174 71 30 sätt
1407 2175 115 30 nedan
1537 2175 153 38 angives.

1000 2270 38 30 41
1057 2270 28 35 8.

344 2320 335 38 Sjukhjälpsbidrag
698 2322 105 38 utgår
821 2322 52 30 till
894 2323 327 37 centralsjukkassa
1240 2325 79 30 med
1339 2325 116 30 nedan
1476 2325 150 38 angivna
1647 2335 144 29 procen-

300 2367 107 37 tuella
424 2375 103 30 andel
545 2384 42 20 av
604 2375 41 30 de
662 2375 147 38 utgifter
824 2376 112 30 under
953 2376 254 36 kalenderåret,
1226 2387 75 21 som
1318 2378 159 31 bestritts
1495 2388 43 21 av
1555 2380 235 37 centralsjuk-

302 2427 128 31 kassan
446 2427 67 31 och
529 2428 53 30 till
599 2429 115 30 denna
730 2429 167 30 anslutna
914 2429 317 38 lokalsjukkassor,
1248 2431 177 39 nämligen
1443 2431 57 31 för
