2219 2667
737 198 210 37 Lagultskoltets
977 197 152 29 Utlåtande
1152 198 56 28 N:o
1232 198 48 28 47.

1793 197 16 28 et

954 346 50 34 11
1035 341 27 48 $.

307 431 119 36 Slutes
454 431 179 46 godvillig
661 430 369 37 öfverenskommelse
1049 434 91 31 utan
1159 428 190 37 anlitande
1368 428 40 36 af
1423 428 112 36 sådan
1553 427 258 47 förrättnings-

207 497 99 32 man,
342 495 78 24 som
447 483 12 35 i
488 484 19 34 6
536 479 18 49 $
582 489 91 40 sägs,
702 481 188 47 angående
917 480 259 49 skyldigheten
1204 485 53 30 att
1284 479 149 48 deltaga
1458 480 13 35 i
1497 486 89 39 vägs
1614 478 197 37 underhåll

208 535 89 36 eller
324 533 189 48 angående
531 534 175 48 tillsynen
727 532 20 36 å
766 532 239 44 underhållet,
1026 545 63 34 ege
1109 531 70 37 den
1199 530 369 38 öfverenskommelse
1588 531 28 46 ej
1638 530 172 46 gällande

208 584 102 38 kraft
336 584 145 37 utöfver
509 585 50 36 tio
588 584 40 37 år
654 584 82 37 från
764 584 62 37 det
854 584 69 37 den
951 584 149 46 ingicks.

963 724 42 34 12
1034 718 27 49 &

310 809 77 35 Har
424 822 59 22 om
521 807 380 42 öfverenskommelse,
937 819 79 23 som
1043 807 11 35 i
1091 808 35 33 11
1164 803 17 48 $
1210 812 39 28 är
1275 804 100 47 sagd,
1403 808 209 43 upprättats
1640 801 172 47 skriftlig,

210 859 39 37 af
281 865 175 43 parterna
492 858 275 38 undertecknad
804 858 66 37 och
900 857 39 36 af
961 860 63 34 två
1050 857 143 36 vittnen
1221 856 167 47 bestyrkt
1415 853 232 47 afhandling,
1675 867 65 33 ege
1768 866 45 24 en

210 913 92 34 hvar
338 911 40 36 af
402 911 94 45 dem,
525 924 78 22 som
632 910 155 47 deltagit
813 911 13 34 i
852 909 232 46 föreningen,
1112 907 77 37 låta
1216 909 125 44 intaga
1368 906 68 36 den
1466 907 13 34 i
1506 905 214 36 domboken
1748 905 65 35 hos

210 963 71 36 den
318 963 89 35 eller
442 962 45 36 de
520 962 211 44 domstolar,
758 962 101 34 inom
887 961 143 35 hvilkas
1057 959 191 46 domvärjo
1277 958 70 36 den
1375 956 179 46 egendom
1583 963 40 29 är
1649 956 164 47 belägen,

210 1027 83 23 som
328 1013 216 46 föreningen
576 1012 121 48 angår.
751 1012 142 36 Varder
919 1010 217 47 föreningen
1163 1009 155 37 sålunda
1343 1010 12 34 i
1383 1008 161 36 dombok
1573 1008 149 45 intagen
1751 1007 64 36 sist

211 1066 21 36 å
259 1066 61 36 det
346 1066 91 45 ting,
465 1078 80 22 som
572 1069 82 30 näst
681 1063 91 37 efter
800 1077 44 22 en
871 1062 133 36 månad
1033 1061 82 37 från
1144 1061 80 36 dess
1252 1059 249 49 upprättande
1528 1058 160 42 infaller,
1716 1059 97 46 gälle

212 1118 71 35 den
306 1117 137 45 jemväl
471 1121 99 30 emot
599 1128 72 35 nya
699 1128 106 35 egare
833 1115 88 35 eller
938 1112 239 37 innehafvare
1197 1111 40 37 af
1253 1111 240 46 egendomen;
1515 1111 82 34 sker
1615 1109 202 46 intagande

211 1170 10 34 i
249 1168 208 36 domboken
487 1179 135 31 senare,
651 1173 47 28 än
726 1179 50 22 nu
804 1173 39 28 är
870 1165 115 46 sagdt,
1014 1177 85 24 vare
1127 1163 217 46 föreningen
1372 1161 172 49 gällande
1563 1161 157 35 allenast
1739 1165 79 31 mot

211 1220 93 43 dem,
333 1232 79 22 som
440 1217 91 37 efter
557 1217 218 46 intagandet
802 1216 123 37 blifvit
952 1229 106 32 egare
1086 1216 88 35 eller
1200 1213 239 37 innehafvare
1467 1211 40 37 af
1531 1212 191 46 egendom.

311 1270 194 44 Förening,
533 1281 79 23 som
640 1269 121 35 slutits
788 1267 58 37 för
873 1268 155 35 boställe
1055 1267 89 35 eller
1170 1265 57 36 för
1254 1265 113 36 sådan
1394 1264 47 46 på
1468 1264 73 36 viss
1564 1263 55 36 tid
1639 1262 179 49 upplåten

211 1321 190 47 egendom,
430 1333 79 23 som
535 1320 129 36 tillhör
691 1320 152 43 kronan,
870 1318 188 48 menighet
1085 1318 89 35 eller
1201 1317 136 35 allmän
1356 1315 215 45 inrättning,
1592 1313 111 37 hafve
1722 1313 96 37 dock

213 1374 29 45 ej
270 1373 140 36 verkan
438 1377 99 30 emot
564 1384 126 23 senare
717 1369 248 46 innehafvare,
992 1368 84 37 med
1100 1367 145 37 mindre
1264 1367 69 36 den
1353 1365 123 37 blifvit
1495 1364 173 47 godkänd
1688 1364 40 37 af
1745 1365 72 36 den

214 1422 475 48 förvaltningsmyndighet,
718 1434 78 23 som
816 1434 82 33 eger
917 1425 183 31 närmaste
1118 1420 128 43 tillsyn
1267 1418 101 37 öfver
1387 1417 241 47 egendomen;
1649 1416 29 48 ej
1700 1417 120 35 heller

212 1489 87 23 vare
327 1474 180 45 förening,
534 1486 79 23 som
640 1473 58 36 för
725 1472 142 37 enskild
890 1470 377 48 jordbruksfastighet
1294 1469 121 36 blifvit
1443 1477 88 27 utan
1552 1480 153 36 egarens
1725 1480 95 23 sam-

212 1527 110 45 tycke
357 1526 121 36 sluten
515 1524 39 36 af
577 1522 453 50 nyttjanderättshafvare,
1058 1522 172 48 gällande
1256 1526 79 31 mot
1362 1533 127 24 senare
1515 1519 304 47 nyttjanderätts-

213 1577 153 38 hafvare
395 1577 87 35 eller
509 1589 117 34 egare.

966 1663 41 34 13
1037 1657 29 49 $.

315 1747 177 45 Inträder,
521 1747 112 36 sedan
660 1746 258 48 skyldigheten
946 1750 54 31 att
1028 1745 148 46 deltaga
1193 1745 13 34 i
1224 1751 87 38 vägs
1326 1741 197 38 underhåll
1541 1741 125 37 blifvit
1685 1754 137 34 genom

215 1798 370 37 öfverenskommelse
613 1799 88 35 eller
728 1798 104 46 eljest
857 1798 13 34 i
898 1795 112 37 ofvan
1038 1795 156 46 stadgad
1213 1795 158 46 ordning
1387 1793 177 45 bestämd,
1583 1793 236 49 synnerligen

214 1850 222 36 förändrade
468 1849 259 37 förhållanden
755 1850 9 34 i
794 1847 169 37 afseende
989 1847 48 47 på
1063 1854 136 38 vägens
1227 1845 241 48 begagnande
1496 1845 88 35 eller
1613 1843 210 45 underhåll,

216 1914 64 33 ege
308 1915 45 22 en
380 1901 93 37 hvar
500 1900 40 37 af
564 1901 44 36 de
636 1899 367 49 underhållskyldige
1030 1897 150 47 påkalla
1206 1898 118 45 skälig
1346 1896 207 47 jemkning.

318 1952 160 47 Uppstår
504 1953 89 36 tvist
620 1964 60 23 om
704 1951 249 47 jemkningen,
973 1950 104 35 skola
1096 1950 9 34 i
1125 1948 105 47 fråga
1249 1961 60 23 om
1328 1947 111 36 sådan
1459 1947 88 36 tvist
1565 1945 259 47 stadgandena

216 2004 12 35 i
257 2004 94 36 5--9
381 1999 39 50 $$
448 2016 67 34 ega
541 2002 260 37 motsvarande
828 2001 246 46 tillämpning.

969 2140 43 33 14
1041 2133 27 49 $.

317 2224 85 46 Mål,
429 2236 79 24 som
534 2225 11 35 i
573 2223 122 36 denna
722 2224 60 45 lag
810 2222 101 46 afses,
938 2223 94 35 skall
1059 2226 183 44 upptagas
1269 2221 63 36 vid
1351 2221 137 35 allmän
1507 2218 194 37 underrätt
1718 2219 13 35 i
1750 2217 70 37 den

216 2281 68 41 ort,
313 2276 65 37 der
403 2283 127 39 vägen,
558 2275 155 37 hvarom
740 2274 103 48 fråga
870 2281 49 39 är,
948 2274 88 36 eller
1063 2279 133 31 största
1224 2272 106 37 delen
1359 2270 106 38 deraf
1488 2278 39 29 är
1553 2271 164 45 belägen.
