1860 2792
475 148 327 32 Utrikesutskottets
825 146 182 30 memorial
1027 154 41 20 nr
1091 145 16 29 7
1129 144 38 29 år
1191 144 82 28 1966
1600 142 13 29 1

831 445 98 36 Nr
905 441 29 50 7

361 551 328 31 Utrikesutskottets
713 548 181 31 memorial
915 546 178 40 angående
1117 544 158 40 uppskov
1297 543 79 29 med
1400 540 224 37 behandling-

581 614 40 21 en
640 615 42 20 av
700 604 83 30 visst
803 603 51 29 till
872 602 169 30 utskottet
1060 598 160 31 hänvisat
1239 597 138 30 ärende.

183 715 98 30 Efter
300 713 261 39 framställning
579 721 42 20 av
641 710 307 30 utrikesutskottet
966 708 64 29 har
1050 703 387 33 talmanskonferensen
1455 719 44 3 —
1518 700 106 38 enligt

140 768 306 30 utrikesutskottet
468 764 330 32 tillhandakommet
819 760 322 42 protokollsutdrag
1161 777 43 2 —--
1227 757 136 36 uttalat,
1386 756 49 29 att
1458 755 167 29 talmans-

142 823 232 30 konferensen
400 822 73 29 icke
498 820 88 30 hade
610 818 103 39 något
738 819 49 28 att
812 817 115 29 erinra
952 816 71 28 mot
1050 813 158 40 uppskov
1233 812 50 29 till
1309 809 235 31 innevarande
1570 807 56 30 års

142 876 215 31 höstsession
377 885 40 19 av
437 874 112 29 nedan
570 872 149 39 angivna
738 870 138 30 ärende.

185 928 116 30 Under
323 925 218 41 åberopande
562 926 110 29 härav
693 923 53 30 får
769 923 169 29 utskottet
959 919 194 33 hemställa,

506 981 50 28 att
584 977 186 38 riksdagen
800 976 108 30 måtte
935 974 137 30 besluta
1099 974 50 28 att
1177 972 50 29 till
1257 969 260 31 höstsessionen
1547 967 79 30 med

463 1031 235 31 innevarande
716 1030 56 29 års
792 1029 143 38 riksdag
955 1027 194 39 uppskjuta
1167 1024 257 38 behandlingen
1443 1031 43 20 av
1504 1021 122 36 Kungl.

463 1086 123 39 Maj:ts
610 1083 215 40 proposition
849 1091 41 20 nr
916 1081 60 29 123
1000 1079 177 39 angående
1201 1076 255 41 godkännande
1480 1084 41 21 av
1544 1074 84 30 änd-

463 1139 118 38 ringar
601 1138 11 29 i
633 1136 257 29 konventionen
912 1133 177 40 angående
1112 1131 248 40 upprättandet
1382 1138 42 21 av
1444 1123 184 48 Europeis-

464 1193 45 30 ka
538 1187 571 38 frihandelssammanslutningen,
1138 1195 44 22 m,
1213 1195 55 23 m.,
1296 1184 110 39 jämte
1435 1181 193 30 eventuella

464 1247 12 29 i
495 1245 189 38 anledning
704 1253 41 20 av
765 1242 261 40 propositionen
1047 1240 123 29 väckta
1192 1238 181 30 motioner.

191 1356 167 38 Slutligen
377 1355 54 29 får
450 1354 170 29 utskottet
636 1350 195 33 hemställa,
850 1351 49 28 att
918 1347 229 30 förevarande
1164 1345 127 30 ärende
1310 1344 57 30 må
1386 1343 172 38 företagas
1577 1341 52 30 till

147 1408 194 40 avgörande
361 1407 88 29 efter
469 1406 147 29 allenast
636 1413 42 20 en
698 1402 261 39 bordläggning.

192 1479 201 32 Stockholm
414 1479 65 29 den
499 1477 39 29 25
559 1476 70 39 maj
655 1475 81 29 1966

610 1564 48 29 På
677 1561 324 31 utrikesutskottets
1020 1560 145 38 vägnar:

662 1651 162 31 BIRGER
847 1648 269 32 LUNDSTRÖM

769 1853 241 31 Närvarande:

201 1924 76 31 från
329 1923 164 29 första
544 1921 220 28 kammaren:
794 1918 122 35 herrar
944 1915 222 32 Lundström,
1194 1913 92 30 John
1315 1912 175 32 Ericsson,
1519 1910 117 29 Holm-

156 1968 89 39 berg,
263 1968 118 37 Birger
402 1965 211 32 Andersson,
633 1962 109 39 Georg
761 1959 210 34 Pettersson,
991 1960 173 37 Bengtson
1184 1957 65 30 och
1269 1957 84 29 Axel
1374 1955 215 33 Andersson;

203 2030 74 31 från
330 2028 153 31 andra
537 2027 220 29 kammaren:
789 2024 56 29 fru
876 2020 359 39 Renström-Ingenäs,
1264 2020 121 28 herrar
1416 2013 221 42 Kärrlander,

158 2074 112 37 Ohlin,
289 2074 151 38 Alemyr,
459 2069 172 35 Hedlund,
651 2069 168 33 Bohman,
839 2067 178 38 Skoglund
1037 2066 63 29 och
1120 2065 142 31 Wedén,

202 2536 15 24 1
256 2534 31 23 Bi
324 2543 34 22 ny
376 2533 46 25 till
439 2531 168 30 riksdagens
624 2528 146 32 protokoll
789 2528 74 24 1966.
880 2527 14 23 5
912 2526 83 24 saml.
1015 2526 10 23 1
1043 2524 63 25 avd.
1123 2525 38 23 Nr
1181 2529 12 19 7

1262 2563 82 16 MARCUS
1354 2562 68 16 BOKTR.
1438 2562 63 15 STHLM
1516 2562 35 15 1966
1568 2560 76 16 660025
