1906 2840
331 180 100 27 Andra
452 179 188 26 kammarens
660 178 101 30 femte
781 177 147 34 tillfälliga
951 175 124 26 utskotts
1095 172 151 28 utlåtande
1265 172 42 26 Nr
1325 172 24 25 3.
1537 169 15 25 3

98 271 103 29 garna
225 259 212 33 fortfarande
461 259 195 38 uppehållas
680 258 147 37 uttalats,
852 261 50 27 att
927 257 55 30 det
1006 266 77 21 vore
1108 265 41 21 av
1173 255 136 29 intresse
1335 256 49 27 att
1410 252 37 30 få
1471 253 114 33 utrett,

95 308 166 32 huruvida
288 308 110 30 rätten
427 310 50 28 att
504 305 163 31 bibehålla
696 302 397 39 dammanläggningarna
1121 299 210 32 fortfarande
1356 297 112 32 kunde
1496 306 93 21 anses

98 352 99 31 bestå.
243 351 134 38 Frågan
401 354 112 34 syntes
537 350 204 30 motionären
765 358 89 27 vara,
880 357 52 21 om
957 350 49 27 ett
1031 346 51 30 till
1105 345 131 30 förmån
1262 343 54 30 för
1341 352 40 21 en
1406 342 66 30 viss
1495 340 92 31 verk-

98 397 124 31 samhet
241 406 39 21 en
301 396 87 38 gång
406 395 155 31 utfärdat
580 394 212 39 privilegium
810 393 104 31 skulle
934 391 145 32 fortfara
1100 394 49 28 att
1171 390 96 38 gälla,
1288 389 81 30 även
1389 387 101 31 sedan
1512 386 76 31 den-

94 455 44 21 na
158 443 206 32 verksamhet
383 442 157 39 upphört.
585 439 201 40 Spörsmålet
809 439 92 38 finge
923 437 191 39 därigenom
1136 446 39 21 en
1198 436 151 30 avsevärt
1371 434 106 31 större
1498 432 91 31 räck-

96 489 88 38 vidd,
205 490 42 30 än
266 498 68 21 som
352 486 193 40 betingades
564 496 41 21 av
625 485 55 32 det
700 484 148 32 enskilda
868 483 96 32 fallet
984 482 59 31 och
1061 484 112 35 syntes
1192 490 80 21 vara
1293 490 40 20 av
1354 478 64 32 den
1438 477 80 39 vikt,
1540 480 50 27 att

100 533 181 38 utredning
315 542 115 28 genom
464 531 124 38 Kungl.
621 529 122 38 Maj:ts
776 529 130 37 försorg
939 537 77 21 vore
1049 525 165 40 påkallad.
1259 523 210 31 Motionären
1504 522 86 30 hem-

96 579 118 32 ställde
239 578 126 39 därför,
391 581 50 28 att
466 577 188 37 Riksdagen
679 575 12 31 i
716 574 154 32 skrivelse
895 573 54 32 till
974 572 124 38 Kungl.
1124 571 105 38 Maj:t
1252 571 102 30 måtte
1379 568 134 31 anhålla
1539 577 52 21 om

96 624 190 39 utredning,
313 622 167 32 huruvida
507 622 59 31 och
592 621 12 30 i
630 621 65 31 vad
720 620 76 31 mån
822 618 192 40 privilegier
1040 627 42 21 av
1109 625 84 23 ovan
1219 617 144 37 angivna
1389 613 71 39 slag
1486 612 104 32 skulle

100 678 93 22 anses
210 667 212 32 fortfarande
441 667 97 38 gälla,
558 666 100 31 sedan
678 664 62 31 den
759 663 216 38 verksamhet,
996 662 54 31 för
1069 671 76 21 vars
1163 659 200 32 bedrivande
1383 658 40 31 de
1443 667 41 21 en
1504 656 87 39 gång

95 715 164 38 beviljats,
285 713 97 32 blivit
406 712 153 40 nedlagd.

137 758 188 40 Kollegium
340 758 94 32 torde
452 758 70 30 icke
539 757 84 31 hava
641 760 50 28 att
708 759 92 35 yttra
818 754 50 40 sig
884 752 143 33 rörande
1044 751 56 32 det
1116 750 161 32 särskilda
1295 748 70 39 fall,
1385 747 205 32 motionären

99 806 119 37 berört,
242 808 83 27 utan
349 803 116 31 endast
488 801 142 32 rörande
654 801 83 30 hans
758 799 149 38 yrkande
929 799 44 38 på
998 807 40 21 en
1062 795 191 40 principiell
1274 789 191 47 utredning.

142 850 113 32 Såsom
275 848 206 32 motionären
503 847 88 38 själv
613 844 195 39 framhållit,
834 845 36 30 är
894 844 55 31 det
971 852 41 21 av
1034 842 119 31 honom
1174 838 140 33 berörda
1335 837 196 39 spörsmålet
1553 846 40 21 av

98 900 68 27 stor
187 894 190 40 principiell
398 891 168 33 räckvidd.
609 890 189 38 Kollegium
817 889 59 31 vill
897 888 138 39 påpeka,
1058 889 50 28 att
1135 885 154 37 ”frågan,
1312 893 53 21 om
1385 886 48 27 ett
1452 881 53 31 till
1527 881 64 30 för-

99 941 74 31 mån
190 941 55 30 för
260 949 40 22 en
315 939 66 30 viss
397 937 208 32 verksamhet
620 946 40 22 en
676 936 88 38 gång
778 933 154 32 utfärdat
949 930 212 41 privilegium
1176 929 83 31 skall
1275 928 147 31 fortfara
1440 930 49 28 att
1507 923 86 41 gälla

103 986 82 30 även
209 983 100 32 sedan
334 983 107 31 denna
466 981 207 31 verksamhet
697 979 176 38 upphört”
899 978 10 29 i
935 976 162 32 särskilda
1122 975 63 31 fall
1208 973 103 32 redan
1336 972 144 38 tidigare
1504 969 89 31 varit

99 1031 138 32 föremål
256 1030 53 30 för
328 1028 155 32 domstols
502 1026 167 40 prövning
687 1025 60 32 och
765 1024 60 31 vill
844 1022 190 39 Kollegium
1052 1021 105 31 såsom
1177 1018 145 39 exempel
1341 1017 112 31 erinra
1472 1026 52 22 om
1544 1019 50 28 att

99 1078 115 37 högsta
237 1074 181 32 domstolen
441 1073 12 30 i
476 1076 48 28 ett
547 1071 114 31 flertal
683 1071 113 30 domar
819 1069 63 31 den
906 1069 18 30 8
949 1067 75 39 juni
1047 1066 81 31 1897
1151 1065 117 39 prövat
1292 1063 121 38 frågan
1436 1072 51 21 om
1511 1061 82 30 åter-

103 1120 87 38 gång
206 1129 41 21 av
265 1118 171 37 skatteköp
455 1127 41 21 av
514 1114 473 40 rekognitionsskogshemman
1006 1111 43 38 på
1068 1110 64 31 den
1152 1108 109 40 grund
1280 1111 50 27 att
1347 1105 246 39 försäljningen

99 1167 85 31 skett
200 1167 45 37 på
261 1162 129 40 villkor,
409 1166 50 28 att
476 1163 194 30 hemmanen
686 1160 105 31 skulle
808 1169 81 21 vara
907 1156 208 39 oskiljaktigt
1134 1154 157 32 förenade
1309 1153 74 31 med
1400 1152 82 31 visst
1499 1151 95 37 bruk,

100 1221 69 22 som
189 1211 184 31 sedermera
394 1208 162 38 nedlagts.

142 1255 188 39 Kollegium
353 1253 180 39 förmodar,
556 1255 50 28 att
630 1260 40 22 en
693 1249 182 38 utredning
898 1258 41 21 av
963 1247 63 31 den
1050 1249 61 35 art,
1137 1255 67 21 som
1228 1243 205 32 motionären
1456 1240 139 39 åsyftar,

101 1303 102 30 måste
225 1300 97 39 gripa
343 1298 78 32 vida
443 1297 152 38 omkring
616 1297 43 38 på
681 1294 107 32 skilda
810 1291 252 34 rättsområden.
1107 1291 54 30 En
1183 1288 92 39 dylik
1295 1297 90 34 mera
1408 1287 188 31 rättsteore-

100 1347 81 32 tiskt
205 1345 78 38 lagd
307 1342 249 39 undersökning
577 1341 96 32 torde
697 1339 82 32 dock
801 1339 166 37 knappast
990 1337 114 31 kunna
1127 1335 36 31 få
1184 1334 110 38 någon
1317 1336 107 27 större
1446 1329 151 40 praktisk

102 1389 175 39 betydelse.
307 1389 64 30 Det
389 1387 174 31 förefaller
582 1384 183 32 emellertid
783 1383 197 38 Kollegium,
1000 1391 68 21 som
1086 1390 52 20 om
1156 1378 203 31 rättstvister
1377 1386 41 21 av
1439 1375 56 31 det
1515 1374 79 37 slag,

104 1445 68 22 som
189 1434 204 31 motionären
412 1432 95 32 torde
525 1441 84 28 avse,
629 1431 59 30 och
708 1429 105 31 vilkas
831 1427 167 39 prövning
1015 1426 11 30 i
1044 1426 80 30 sista
1142 1424 90 31 hand
1250 1423 11 30 i
1279 1422 95 38 varje
1394 1420 120 32 enskilt
1533 1418 63 32 fall

105 1482 197 31 tillkommer
320 1478 232 37 domstolarna,
571 1486 77 21 vore
666 1486 39 20 av
722 1474 35 31 så
775 1472 165 33 olikartad
956 1470 231 32 beskaffenhet
1205 1469 59 31 och
1282 1468 95 31 deras
1394 1463 203 34 bedömande

101 1526 160 34 beroende
282 1526 43 38 på
346 1526 35 30 så
401 1524 120 38 många
540 1521 162 32 särskilda
723 1519 280 38 omständigheter
1023 1516 12 31 i
1055 1516 41 32 de
1114 1515 87 32 olika
1221 1514 113 37 fallen,
1354 1515 51 28 att
1425 1511 172 31 utrednin-

103 1582 62 30 gen
187 1572 53 31 för
261 1574 50 28 att
331 1570 115 30 kunna
467 1568 182 37 omspänna
669 1565 66 32 alla
755 1564 113 39 dylika
889 1563 63 31 fall
972 1561 103 31 måste
1094 1560 90 32 bliva
1204 1557 212 39 synnerligen
1436 1553 162 40 vidlyftig

103 1618 59 31 och
184 1617 52 31 för
258 1616 55 31 det
335 1615 167 30 allmänna
522 1612 12 30 i
555 1612 63 38 hög
640 1610 84 39 grad
744 1610 151 30 kostsam.

143 1663 17 30 I
181 1659 292 40 handläggningen
494 1668 40 20 av
555 1657 92 31 detta
669 1654 121 32 ärende
810 1654 84 30 hava
916 1651 138 38 deltagit
1075 1648 340 41 generaldirektörens
1435 1644 162 32 ställföre-

102 1707 142 37 trädare,
262 1703 275 33 kommerserådet
557 1701 165 36 Sohlman,
742 1702 83 27 samt
844 1695 283 33 kommerseråden
1146 1690 178 40 Sidenvall,
1344 1688 253 40 föredragande,

104 1753 57 30 och
182 1752 98 30 Matz.

675 1825 150 26 RAGNAR
846 1822 182 28 SOHLMAN.

150 1920 84 30 Karl
256 1917 179 32 Sidenvall.

1180 1989 96 36 Hugo
1302 1985 240 31 Wennerholm.
