1842 2786
1577 162 14 8 =

491 164 124 43 Tredje
637 164 254 43 laqutskottets
911 162 185 34 utlåtande
1117 174 41 21 nr
1173 164 31 31 3.
1574 172 19 20 5

102 259 42 21 nr
162 250 76 37 910,
256 247 205 33 meddelade
479 245 312 34 bestämmelserna
808 244 148 34 rörande
974 246 74 30 rätt
1065 242 11 33 i
1093 242 94 33 vissa
1203 241 61 34 fall
1282 240 55 34 för
1355 239 237 35 efterlevande

103 301 53 34 tull
175 305 135 39 präster
329 306 56 29 att
405 300 130 34 erhålla
553 299 282 43 familjepension
855 310 42 22 ur
915 297 189 34 anstalten.

150 355 92 35 Över
265 355 360 44 pensionsanstaltens
650 353 261 42 framställning
936 352 74 39 har,
1036 351 90 34 efter
1150 349 132 40 remiss,
1344 347 248 35 yttranden

103 410 152 43 avgivits
277 422 45 21 av
343 407 337 42 kammarkollegiet,
701 406 270 39 statskontoret,
992 404 245 43 domkapitlen
1256 403 12 34 i
1294 402 165 43 Uppsala,
1483 401 108 34 Göte-

105 464 96 42 borg,
229 462 214 35 Härnösand
471 462 66 35 och
565 460 207 36 Stockholm
801 464 94 30 samt
922 458 152 35 svenska
1103 457 157 43 kyrkans
1288 455 303 43 diakonistyrelse,

102 517 151 35 svenska
279 517 157 43 kyrkans
460 514 320 44 missionsstyrelse,
807 513 152 35 svenska
985 512 157 43 kyrkans
1169 508 422 45 sjömansvårdsstyrelse,

104 571 151 35 svenska
275 570 354 43 diakonissällskapet
653 568 223 44 (huvudman
896 567 54 33 för
970 567 107 33 Ersta
1100 563 341 42 diakonissanstalt),
1465 563 127 33 Värsta

104 624 325 39 diakonissanstalt,
448 623 197 42 Göteborgs
660 620 325 39 diakonissanstalt,
1001 618 152 35 svenska
1169 616 324 43 diakonsällskapet
1514 615 77 43 (hu-

105 679 157 34 vudman
279 678 54 34 för
349 677 310 35 diakonanstalten
678 677 20 32 å
715 674 170 41 Sköndal)
906 673 65 34 och
988 672 225 35 Stockholms
1229 669 255 36 stadsmissiwon.

151 732 137 34 Därvid
313 732 65 33 har
402 731 269 38 statskontoret,
697 728 244 43 domkapitlen
967 727 11 33 i
1002 725 207 35 Stockholm
1234 724 66 34 och
1328 723 165 43 Uppsala,
1519 721 74 34 dia-

104 786 267 43 konistyrelsen,
408 783 344 43 missionsstyrelsen,
790 779 437 45 sjömansvårdsstyrelsen
1264 777 67 35 och
1368 776 226 35 Stockholms

106 840 244 35 stadsmission
378 839 75 34 icke
482 838 79 34 haft
590 839 110 41 något
729 841 56 30 att
814 836 115 33 erinra
956 839 77 30 mot
1060 832 363 45 pensionsanstaltens
1451 830 141 42 förslag.

105 894 329 42 Diakonistyrelsen
461 892 65 35 och
552 890 335 43 missionsstyrelsen
914 889 64 33 har
1005 888 92 34 dock
1124 886 189 42 föreslagit,
1341 889 57 30 att
1424 884 168 34 vederbö-

105 948 108 34 rande
234 948 208 33 huvudmän
464 947 88 33 skall
572 966 46 5 —
638 946 115 33 såsom
774 943 273 44 kompensation
1068 941 55 34 för
1145 941 67 34 den
1234 940 81 34 med
1337 938 257 44 upphävandet

106 1014 46 21 av
180 1005 86 30 1935
296 1002 54 32 års
379 1000 273 41 emeritilönelag
678 997 236 36 bortfallande
943 995 199 43 avgiftsfria
1168 992 425 45 tjänstepensioneringen

104 1076 46 5 —
174 1055 228 34 tillerkännas
427 1054 124 42 bidrag
575 1065 42 22 ur
641 1052 247 43 kyrkofonden
914 1051 53 33 till
993 1049 226 34 bestridande
1245 1060 46 22 av
1316 1045 277 46 pensionsavgif-

107 1114 102 29 terna
225 1109 52 33 till
294 1108 356 44 pensionsanstalten.

150 1162 338 42 Kammarkollegiet
508 1161 65 34 har
595 1160 165 43 avstyrkt
781 1158 239 43 upphävande
1042 1157 54 34 för
1117 1155 221 35 närvarande
1360 1167 45 21 av
1429 1157 86 31 1935
1540 1153 54 34 års

106 1217 274 42 emeritilönelag
404 1216 65 34 och
493 1236 45 4 —
562 1215 10 34 i
598 1215 61 34 det
682 1214 199 35 hänseende
906 1211 344 45 pensionsanstalten
1275 1208 179 43 föreslagit
1477 1228 47 5 —
1548 1219 47 22 av

106 1271 231 43 kungörelsen
356 1271 68 33 den
442 1274 41 30 28
503 1269 192 35 november
715 1271 100 36 1941,
834 1279 41 22 nr
896 1270 76 31 910.

151 1324 141 34 Jämväl
315 1323 244 43 domkapitlen
584 1323 12 33 i
622 1321 179 43 Göteborg
828 1320 66 35 och
919 1318 226 40 Härnösand,
1171 1322 93 30 samt
1288 1316 160 36 Svenska
1473 1315 122 35 diako-

105 1378 257 43 nissällskapet,
375 1377 126 34 Vårsta
521 1375 325 39 diakonissanstalt,
869 1373 197 42 Göteborgs
1087 1371 314 36 diakomissanstalt
1411 1370 65 34 och
1486 1370 110 34 Sven-

105 1432 64 34 ska
189 1431 322 43 diakonsällskapet
530 1430 66 34 har
615 1429 166 43 avstyrkt
800 1427 239 44 upphävande
1060 1439 46 21 av
1128 1429 86 31 19353
1236 1426 54 33 års
1311 1423 284 41 emeritilönelag,

106 1486 119 33 därest
244 1484 380 35 diakonianstalternas
643 1482 243 35 föreståndare
905 1481 75 34 icke
1001 1479 185 44 samtidigt
1205 1478 143 35 beredes
1369 1477 146 43 tjänste-
1529 1475 67 35 och

106 1538 282 44 familjepension
404 1551 40 21 ur
459 1537 258 44 kyrkofonden.

156 1642 462 44 Departementschefen.
652 1641 135 42 Chefen
815 1641 55 41 för
900 1637 517 43 ecklesiastikdepartementet,
1449 1634 146 34 statsrå-

107 1697 62 33 det
190 1697 159 38 Persson,
371 1696 65 33 har
457 1696 10 33 i
489 1695 264 43 propositionen
777 1694 119 34 anfört
917 1693 109 35 bland
1049 1696 112 30 annat
1182 1690 167 42 följande:

152 1750 60 34 Då
226 1749 241 34 innehavarna
482 1761 46 22 av
544 1749 43 34 de
604 1749 11 33 i
634 1752 86 30 1935
739 1749 55 33 års
812 1748 58 42 lag
886 1746 155 35 avsedda
1057 1745 200 43 tjänsterna
1274 1744 68 33 alla
1359 1742 71 34 kan
1448 1741 146 35 beredas

106 1803 374 44 tjänstepensionsrätt
495 1802 11 34 i
521 1802 357 44 pensionsanstalten,
895 1812 102 31 synes
1014 1800 10 33 i
1041 1798 154 43 enlighet
1209 1797 81 35 med
1307 1797 71 34 vad
1393 1808 74 22 som
1483 1795 111 34 förut-

106 1862 111 29 sattes
235 1857 60 33 vid
313 1856 218 34 tillkomsten
550 1868 45 22 av
617 1858 88 31 1949
725 1856 54 32 års
799 1855 211 41 reglemente
1032 1856 87 30 1935
1140 1853 54 32 års
1214 1850 274 41 emeritilönelag
1507 1848 87 34 böra

107 1910 185 44 upphävas
308 1931 46 4 —
368 1909 201 43 förslagsvis
587 1909 78 33 från
683 1908 65 34 och
765 1908 82 34 med
865 1908 68 33 den
952 1910 16 30 1
988 1906 65 43 juli
1072 1908 100 31 1954.
1190 1905 66 33 Att
1274 1903 156 44 speciellt
1448 1902 54 34 för
1520 1914 74 22 om-

106 1964 174 33 förmälda
301 1962 447 43 befattningshavargrupp
771 1960 304 42 fortsättningsvis
1098 1958 176 35 bibehålla
1296 1958 65 33 två
1383 1955 213 35 alternativa

107 2017 407 43 pensioneringssystem,
537 2028 76 21 som
635 2016 93 33 båda
749 2015 75 33 helt
845 2015 82 33 eller
949 2013 110 35 delvis
1082 2011 205 35 finansieras
1311 2011 81 33 med
1417 2010 179 34 allmänna

107 2071 124 39 medel,
250 2082 103 31 synes
374 2070 174 42 nämligen
568 2069 76 34 icke
664 2069 85 33 böra
769 2068 267 42 ifrågakomma.

152 2124 119 33 Ehuru
297 2127 88 30 1935
408 2124 53 32 års
482 2122 274 42 emeritilönelag
777 2121 195 43 upphäves,
993 2120 65 33 bör
1080 2119 91 34 dock
1192 2119 118 42 lagens
1332 2118 263 33 bestämmelser

105 2198 46 4 —
176 2189 125 30 genom
326 2176 171 34 särskilda
523 2174 413 44 övergångsföreskrifter
960 2194 45 4 —
1031 2172 219 35 fortfarande
1279 2175 67 39 äga
1371 2170 225 44 tillämpning

107 2232 21 32 å
155 2231 73 33 dels
253 2231 42 33 de
321 2232 147 40 präster,
496 2241 75 21 som
600 2229 60 33 vid
687 2229 117 41 lagens
831 2226 239 44 upphävande
1098 2226 139 42 uppbär
1264 2224 195 34 emeritilön
1486 2224 109 41 enligt

107 2284 155 33 nämnda
291 2283 67 41 Jag,
387 2282 73 33 dels
487 2282 65 33 ock
581 2281 206 34 nuvarande
816 2279 269 34 föreståndarna
1114 2278 55 33 för
1196 2277 359 34 diakonissanstalten
1585 2276 9 32 i

106 2336 212 33 Härnösand
346 2335 66 33 och
440 2334 52 34 för
519 2334 224 34 Stockholms
774 2332 254 34 stadsmission.
1058 2332 131 32 Därest
1217 2330 221 33 sistnämnda
1466 2329 129 42 tjänst-

108 2389 211 34 innehavare
339 2388 185 33 framdeles
544 2387 147 33 erhåller
710 2386 240 43 pensionsrätt
971 2384 109 43 enligt
1102 2387 87 31 1949
1212 2384 54 33 års
1288 2383 220 42 reglemente,
1532 2382 64 33 bör

107 2443 43 33 de
169 2445 65 38 äga
250 2445 72 30 rätt
339 2446 55 29 att
412 2442 112 32 såsom
543 2440 155 43 tjänstår
712 2439 143 42 jämlikt
874 2442 41 30 18
937 2439 14 36 $
972 2442 19 29 2
1008 2450 108 21 mom.
1135 2437 228 42 reglementet
1381 2435 36 34 få
1434 2435 161 42 tillgodo-

109 2495 106 34 räkna
236 2495 72 33 icke
328 2495 93 33 blott
440 2494 50 33 tid
509 2494 176 33 varunder
703 2493 41 33 de
762 2492 161 34 innehaft
943 2492 8 33 i
972 2495 87 30 1935
1080 2491 54 33 års
1153 2489 273 42 emeritilönelag
1445 2488 150 43 angiven

1613 266 22 38 Ägg
