1898 2782
391 180 124 29 Första
536 179 244 36 lagutskottets
804 178 179 30 utlåtande
1004 187 42 21 nr
1068 179 40 28 14
1130 177 40 30 år
1192 176 83 31 1957
1563 176 20 29 5

94 268 201 29 vårdnaden
320 268 64 29 och
409 268 77 29 vårt
510 268 100 29 lands
634 266 325 37 befolkningsfråga
984 266 10 30 i
1020 266 77 30 dess
1122 266 149 29 helhet».
1308 265 195 31 Utskottets
1528 266 53 28 ut-

95 321 140 30 låtande
255 321 201 38 godkändes
477 331 40 20 av
538 321 196 37 riksdagen.

140 375 207 37 Påföljande
370 375 38 29 år
428 375 157 37 vidtogos
607 375 10 29 i
641 374 167 30 samband
831 375 78 29 med
933 375 64 29 den
1020 383 68 27 nya
1111 373 265 37 lagstiftningen
1398 382 56 20 om
1477 372 104 30 straff

93 429 54 29 för
176 429 120 30 försök
323 429 51 30 till
404 429 93 29 brott
524 429 93 29 vissa
646 428 251 30 redaktionella
925 427 226 37 jämkningar
1180 428 11 29 i
1219 427 201 36 abortlagen
1451 427 88 29 samt
1567 426 11 29 i

91 483 421 29 straffbestämmelserna
536 483 53 29 för
614 482 341 36 fosterfördrivning,
979 481 119 30 varvid
1124 480 377 30 straffbestämmelsen
1525 479 55 29 för

93 536 121 30 försök
240 538 148 35 upptogs
416 536 114 30 såsom
557 536 74 30 28a
660 536 26 34 $.

138 590 303 37 Abortproblemet
461 590 162 30 berördes
646 591 85 28 även
753 590 10 29 i
785 589 297 37 interpellationer
1103 588 57 30 vid
1184 588 229 37 riksdagarna
1436 587 37 30 år
1497 586 81 30 1942

93 644 65 29 och
186 644 93 29 1943.
476 646 3 1 ij

143 698 12 28 I
176 698 65 29 den
263 698 48 28 till
333 699 84 28 1946
435 697 57 31 års
511 697 141 36 riksdag
671 697 145 36 avgivna
835 696 263 37 propositionen
1117 705 42 20 nr
1180 695 61 30 156
1261 695 170 37 föreslogs
1450 695 132 37 utvidg-

94 751 84 37 ning
201 760 41 20 av
264 750 384 30 abortindikationerna
671 758 122 29 genom
816 750 187 30 införande
1025 759 41 20 av
1090 750 65 29 den
1179 758 145 22 numera
1348 750 10 28 i
1385 749 14 29 1
1428 748 14 34 8
1468 749 112 29 abort-

96 805 100 37 lagen
213 805 140 30 införda
368 804 342 30 social-medicinska
725 804 253 30 indikationen.

139 858 227 30 Beträffande
386 859 65 29 den
472 858 60 35 tid,
553 858 94 29 inom
668 858 115 30 vilken
804 858 180 37 ingreppet
1006 857 112 31 skulle
1140 857 61 30 ske
1220 857 57 30 vid
1298 856 282 30 abortframkall-

94 912 83 37 ning
203 912 44 37 på
272 921 115 20 annan
414 913 112 36 grund
553 913 44 28 än
623 911 164 37 sjukdom
814 912 82 29 eller
922 911 179 37 kroppsfel
1128 911 64 29 hos
1219 910 167 37 kvinnan,
1412 910 168 36 föreslogs

94 966 65 29 den
188 966 203 36 ändringen,
418 967 50 28 att
494 965 367 36 medicinalstyrelsen,
889 966 64 28 när
982 964 199 37 synnerliga
1220 964 74 30 skäl
1333 973 83 21 vore
1454 963 127 34 därtill,

96 1019 112 30 skulle
228 1020 63 36 äga
310 1019 158 37 medgiva
489 1019 197 36 ingreppets
706 1019 186 30 utförande
912 1019 90 30 intill
1023 1018 175 37 utgången
1218 1027 41 21 av
1278 1018 302 37 havandeskapets

95 1072 218 37 tjugofjärde
345 1073 118 29 vecka.
508 1072 312 30 Bestämmelserna
854 1081 57 20 om
943 1071 413 38 prövningsförfarandet
1391 1071 190 37 föreslogos

99 1127 154 29 ändrade
271 1126 44 37 på
334 1127 56 28 det
411 1127 79 33 sätt,
511 1127 49 29 att
579 1126 359 36 medicinalstyrelsen
960 1125 111 30 skulle
1092 1126 64 36 äga
1176 1125 157 30 meddela
1353 1125 159 30 tillstånd
1532 1125 52 29 till

98 1179 355 37 abortframkallning
478 1180 85 29 även
588 1180 10 29 i
623 1180 41 29 de
688 1179 60 30 fall
774 1179 43 30 då
841 1179 217 37 prövningen
1083 1179 146 36 tidigare
1254 1178 89 30 varit
1369 1178 215 30 förbehållen

99 1233 58 30 två
183 1234 128 29 läkare.

142 1290 12 28 I
181 1290 56 29 det
261 1289 51 29 till
339 1289 155 37 lagrådet
518 1289 220 29 remitterade
763 1288 142 36 förslag,
932 1296 74 21 som
1032 1288 90 36 legat
1148 1287 52 29 till
1225 1287 112 36 grund
1363 1286 55 30 för
1444 1287 139 37 lagänd-

97 1351 175 29 ringarna,
299 1342 147 31 anförde
472 1343 122 36 chefen
620 1342 57 36 för
701 1341 413 38 justitiedepartementet
1142 1341 148 30 rörande
1316 1340 267 37 tillämpningen

99 1405 41 20 av
169 1396 66 29 den
264 1396 143 29 blandat
437 1395 338 30 social-medicinska
804 1394 241 30 indikationen
1074 1394 65 29 och
1168 1393 178 37 angående
1376 1393 123 37 frågan
1528 1402 56 20 om

99 1450 185 29 införande
308 1459 42 19 av
375 1458 42 21 en
444 1449 164 36 utvidgad
636 1448 317 30 social-medicinsk
980 1447 213 30 indikation:

144 1538 141 29 Liksom
310 1537 231 37 utredningen
573 1536 489 38 (befolkningsutredningen)
1094 1536 65 29 har
1183 1536 59 37 jag
1267 1536 149 29 kommit
1442 1535 51 30 till
1520 1536 65 29 den

99 1583 283 36 uppfattningen,
408 1583 50 29 att
484 1583 97 36 lagen
608 1582 98 29 blivit
730 1582 182 36 tillämpad
939 1581 122 30 endast
1085 1582 11 29 i
1123 1583 48 28 ett
1197 1581 135 30 mindre
1358 1581 95 29 antal
1480 1589 40 21 av
1545 1581 42 28 de

99 1628 74 34 fall,
199 1637 73 20 som
298 1628 149 36 åsyftats
472 1628 77 29 med
574 1627 154 30 nämnda
751 1626 208 30 indikation.
995 1627 101 29 Detta
1123 1627 38 28 är
1187 1627 103 35 ägnat
1315 1626 52 29 att
1392 1625 114 37 ingiva
1530 1625 55 29 be-

100 1673 233 36 tänkligheter
351 1682 42 20 ur
411 1673 87 28 flera
516 1672 226 36 synpunkter.
772 1673 64 28 Det
855 1672 38 29 är
911 1671 129 37 troligt,
1059 1673 50 28 att
1127 1671 176 36 åtskilliga
1321 1670 150 30 kvinnor
1488 1670 98 30 blivit

100 1717 149 30 försatta
276 1717 10 29 i
314 1719 94 28 stora
435 1717 213 36 svårigheter
675 1717 63 29 och
766 1717 49 28 att
842 1716 127 36 många
997 1725 41 20 av
1065 1716 78 29 dem
1171 1716 100 29 råkat
1297 1716 10 29 i
1334 1715 181 30 händerna
1542 1715 44 36 på

99 1762 178 36 okunniga
297 1762 179 29 abortörer
494 1763 77 28 med
591 1763 94 28 stora
704 1761 110 29 risker
833 1761 56 29 för
908 1761 46 29 liv
972 1761 64 29 och
1055 1760 111 30 hälsa.
1197 1760 58 29 Att
1275 1760 37 29 så
1332 1760 99 37 ringa
1449 1760 136 36 hänsyn

100 1807 104 36 tagits
225 1807 51 28 till
298 1807 64 29 den
384 1806 339 30 social-medicinska
742 1805 242 30 indikationen
1005 1806 69 29 kan
1097 1805 64 29 lätt
1181 1805 157 29 medföra
1360 1814 42 20 en
1424 1804 162 30 minskad

98 1851 217 36 benägenhet
343 1851 64 29 hos
437 1851 56 28 det
522 1850 255 30 abortsökande
806 1849 178 30 klientelet
1014 1851 50 28 att
1094 1851 81 28 över
1204 1849 118 29 huvud
1352 1851 93 35 taget
1474 1849 113 29 vända

101 1896 51 35 sig
171 1896 52 28 till
244 1896 128 29 läkare.
404 1896 48 28 De
473 1895 255 29 abortsökande
748 1895 197 29 kvinnorna
966 1894 110 30 måste
1097 1894 129 34 känna,
1247 1895 48 28 att
1317 1895 41 28 de
1378 1894 57 29 vid
1457 1893 131 30 sådana

100 1940 255 29 hänvändelser
375 1940 54 28 för
448 1939 170 37 prövning
637 1940 10 29 i
668 1940 64 28 den
753 1939 223 36 lagstadgade
995 1938 194 37 ordningen
1208 1938 177 36 verkligen
1405 1939 93 29 möta
1519 1937 68 30 för-

101 1985 126 29 ståelse
249 1984 53 29 för
324 1984 257 36 konfliktläget.

145 2032 66 29 Om
238 2041 40 20 en
305 2031 133 29 ändrad
465 2030 116 37 praxis
609 2030 88 29 skall
724 2029 140 29 komma
891 2029 51 28 till
971 2028 112 35 stånd,
1112 2037 102 27 synes
1242 2028 191 29 emellertid
1461 2027 29 37 ej
1520 2027 67 29 till-

101 2076 118 36 fyllest
242 2077 49 28 att
312 2076 139 35 vidtaga
476 2075 145 29 allenast
645 2084 41 19 en
711 2074 146 36 ändring
881 2074 10 29 i
916 2073 97 36 fråga
1037 2082 56 20 om
1117 2072 421 37 prövningsförfarandet.
1574 2072 13 29 I

102 2121 109 28 likhet
235 2121 77 28 med
336 2121 65 28 vad
427 2128 73 20 som
525 2119 145 29 uttalats
695 2119 9 28 i
729 2120 47 28 ett
800 2127 62 27 par
885 2118 187 36 yttranden
1097 2126 102 21 anser
1223 2117 68 36 jag,
1317 2118 51 28 att
1392 2117 117 36 lagens
1532 2117 56 29 be-

102 2165 180 35 skrivning
301 2174 40 19 av
360 2165 65 28 den
447 2163 337 29 social-medicinska
804 2162 241 29 indikationen
1066 2163 38 28 är
1124 2162 119 29 alltför
1263 2161 250 37 knapphändig
1534 2161 54 29 för

102 2210 49 28 att
175 2209 120 29 kunna
317 2209 99 35 tjäna
440 2208 51 28 till
515 2208 132 35 verklig
671 2207 148 36 ledning.
857 2207 57 28 Ett
938 2206 258 36 förtydligande
1218 2207 98 29 torde
1339 2215 83 20 vara
1448 2215 140 26 synner-

102 2254 90 35 ligen
211 2253 167 29 önskvärt
389 2253 65 28 och
473 2252 118 29 därvid
610 2252 97 29 torde
726 2252 84 28 även
829 2251 84 29 böra
932 2251 187 34 övervägas
1139 2251 49 28 att
1200 2250 104 35 något
1316 2250 101 36 vidga
1436 2250 153 28 nämnda

102 2297 194 29 indikation
322 2297 121 28 utöver
468 2297 64 28 vad
558 2305 73 20 som
658 2297 155 27 närmast
838 2295 90 29 varit
954 2295 109 28 avsett
1087 2294 57 29 vid
1170 2294 216 29 tillkomsten
1413 2304 41 19 av
1480 2294 108 36 lagen.

148 2341 115 36 Enligt
284 2341 161 36 gällande
467 2341 128 36 lydelse
617 2349 41 20 av
682 2340 12 28 1
722 2339 13 33 8
762 2340 32 33 1)
823 2340 9 28 i
856 2340 99 35 lagen
978 2339 56 28 må
1057 2338 248 36 havandeskap
1328 2339 174 35 avbrytas,
1525 2339 64 28 när

101 2386 142 29 barnets
265 2385 172 29 tillkomst
459 2385 112 29 skulle
592 2385 43 35 på
657 2385 111 35 grund
790 2394 42 19 av
854 2383 177 36 sjukdom,
1055 2383 178 36 kroppsfel
1257 2383 82 29 eller
1362 2383 141 36 svaghet
1525 2383 64 29 hos

104 2431 153 28 kvinnan
279 2430 157 29 medföra
459 2429 156 36 allvarlig
637 2429 75 29 fara
734 2429 54 29 för
808 2429 133 28 hennes
963 2428 45 29 liv
1029 2428 82 28 eller
1132 2427 109 30 hälsa.
1263 2427 129 29 Därvid
1414 2436 97 21 avses
1533 2436 56 20 en-

104 2475 59 36 ligt
183 2475 201 29 uttalanden
406 2474 7 28 i
434 2474 219 29 förarbetena
672 2474 75 29 med
767 2472 185 37 uttrycken
974 2472 206 36 »sjukdom»>
1202 2472 63 29 och
1287 2471 219 37 »kroppsfel»
1527 2472 61 29 fall
