2210 2616
396 176 115 30 Andra
535 177 217 30 kammarens
779 175 125 40 tredje
929 177 173 38 tillfälliga
1126 177 140 29 utskotts
1290 176 175 30 utlåtande
1492 174 49 31 Nr
1565 178 28 28 2.
1776 175 10 29 1

932 589 61 39 Nr
1022 591 35 37 2.

770 769 108 23 Ankom
900 768 44 25 till
964 768 165 31 riksdagens
1150 768 90 25 kansli
1261 768 52 25 den
1336 767 31 26 11
1389 776 73 17 mars
1483 767 66 27 1921
1571 770 36 23 kl.
1632 767 55 32 '/21
1710 776 22 18 e.
1754 777 35 17 m.

408 912 128 35 Andra
578 913 220 34 kammarens
828 912 129 42 tredje
985 910 182 45 tillfälliga
1188 913 143 35 utskotts
1359 912 179 35 utlåtande
1565 924 45 23 nr
1638 914 26 33 2
1691 913 13 34 i
1733 924 61 23 an-

620 983 139 45 ledning
790 995 44 23 av
862 983 72 35 dels
962 983 79 35 herr
1070 982 195 46 Sundlings
1294 984 127 35 motion
1449 995 45 23 nr
1522 985 91 40 227,
1635 995 52 24 om
1707 984 87 35 skri-

619 1054 89 36 velse
750 1056 52 34 till
840 1055 132 44 Kungl.
1008 1054 112 42 Maj:t
1146 1056 14 34 i
1178 1055 116 44 fråga
1324 1067 52 24 om
1406 1056 107 35 bättre
1541 1056 147 35 kontroll
1716 1061 79 30 över

621 1127 395 44 automobilhastigheten
1051 1127 19 34 å
1102 1127 131 35 allmän
1262 1132 68 40 väg
1352 1128 51 44 på
1434 1128 116 35 landet
1578 1139 44 23 m.
1654 1139 44 23 m.
1722 1128 73 35 dels

620 1199 80 35 herr
728 1199 233 35 Danielssons
989 1199 128 35 motion
1141 1210 44 23 nr
1213 1200 93 42 232,
1334 1211 52 23 om
1406 1200 162 35 skrivelse
1588 1199 53 35 till
1659 1199 133 44 Kungl.

621 1271 111 42 Maj:t
774 1271 177 43 angående
1000 1271 95 34 vissa
1143 1271 198 44 ändringar
1386 1271 13 34 i
1438 1271 257 44 förordningen
1742 1281 53 24 om

621 1342 297 43 automobiltrafik.

301 1501 212 30 Närvarande:
562 1501 117 29 Herrar
713 1500 144 30 Eriksson
892 1503 10 27 i
931 1501 187 37 Stockholm,
1144 1503 140 28 Hansson
1318 1504 9 27 i
1363 1502 95 36 Bäck,
1486 1502 210 37 Corneliusson,
1722 1503 71 36 Ros,

409 1546 163 29 Andersson
609 1548 8 27 i
652 1546 98 36 Boda,
789 1546 143 35 Granath,
975 1546 136 36 Wahren,
1148 1547 122 36 Leffler,
1301 1547 124 29 Ericson
1460 1549 9 27 i
1493 1547 147 30 Boxholm
1664 1549 129 29 Jansson

408 1592 10 27 i
442 1591 106 38 Talby.

302 1742 65 36 Uti
396 1754 45 23 en
471 1741 98 37 inom
600 1742 115 36 andra
744 1742 216 37 kammaren
989 1743 113 37 väckt
1131 1744 140 35 motion
1300 1756 45 23 nr
1376 1746 87 42 227,
1485 1744 66 35 har
1570 1744 86 35 herr
1676 1744 116 35 Sund-

196 1797 71 43 ling
305 1791 200 49 hemställt,
537 1799 54 32 att
618 1795 203 47 riksdagen
856 1799 112 33 måtte
998 1797 12 35 i
1040 1796 179 37 skrivelse
1249 1798 57 35 till
1336 1798 139 46 Kungl.
1506 1797 108 48 Maj:t
1643 1797 149 36 anhålla

196 1862 57 23 om
283 1849 202 47 utredning
515 1861 46 24 av
589 1849 119 36 bättre
738 1850 163 36 kontroll
931 1855 86 32 över
1047 1850 443 48 automobilhastigheten
1520 1853 19 33 å
1565 1852 137 35 allmän
1722 1856 72 42 väg

195 1905 47 46 på
271 1904 138 43 landet,
441 1906 95 33 samt
564 1906 54 33 att
646 1903 203 47 utredning
878 1916 45 24 av
953 1905 96 35 huru
1078 1904 211 36 förstörelse
1319 1917 46 24 av
1395 1904 135 36 allmän
1559 1910 72 41 väg
1659 1917 134 35 gecom

196 1956 221 37 automobils
456 1957 248 36 framförande
747 1957 12 35 i
796 1958 168 36 otillåten
993 1958 190 47 hastighet
1212 1958 121 36 skulle
1360 1958 126 36 kunna
1515 1958 152 36 hindras
1698 1962 96 32 samt

197 2015 53 32 att
278 2012 140 46 Kungl.
449 2010 109 49 Maj:t
586 2014 145 33 snarast
759 2013 114 34 måtte
903 2011 152 48 vidtaga
1084 2012 125 36 härför
1237 2012 138 47 nödiga
1405 2013 182 46 åtgärder.

302 2065 98 35 Herr
442 2065 210 36 Danielsson
684 2065 67 35 har
784 2065 55 35 uti
869 2077 46 24 en
952 2065 183 36 likaledes
1164 2065 99 36 inom
1295 2066 116 35 andra
1440 2066 215 36 kammaren
1684 2065 113 36 väckt

197 2117 150 47 motion,
392 2130 45 23 nr
480 2120 87 42 232,
607 2117 121 49 yrkat,
772 2121 52 33 att
854 2119 203 47 riksdagen
1088 2122 113 33 måtte
1229 2119 147 36 besluta
1407 2122 54 33 att
1487 2119 14 35 i
1530 2119 179 36 skrivelse
1738 2119 57 35 till

197 2173 140 46 Kungl.
381 2171 109 49 Maj:t
530 2172 160 44 anhålla,
735 2172 62 36 det
826 2172 141 47 Kungl.
998 2172 111 49 Maj:t
1137 2173 145 36 täcktes
1313 2173 220 48 skyndsamt
1561 2174 75 35 låta
1664 2173 133 35 utreda

196 2238 57 24 om
285 2226 158 47 ändring
471 2225 13 36 i
512 2225 265 48 förordningen
807 2238 58 23 om
894 2226 166 36 biltrafik
1087 2226 13 36 i
1125 2226 96 49 syfte
1252 2230 54 32 att
1334 2238 46 35 ge
1409 2227 309 48 länsstyrelserna
1741 2227 56 35 be-

241 2298 135 39 Bihang
400 2298 51 30 till
474 2298 201 38 riksdagens
696 2298 162 38 protokoll
883 2299 95 29 1921.
1018 2299 42 29 13
1084 2299 97 30 saml.
1222 2299 20 28 3
1267 2299 74 30 avd.
1367 2300 19 28 2
1401 2299 82 38 häft.
1510 2298 63 38 (Nr
1597 2299 110 37 2—3.)
1736 2299 15 28 1
