1921 2821
489 174 118 30 Andra
630 173 243 40 lagutskottets
898 172 177 30 utlåtande
1097 180 43 21 nr
1161 171 40 30 34
1224 171 38 30 år
1285 170 84 30 1970
1631 170 39 30 37

193 259 97 34 ultag
306 266 41 19 av
364 256 262 37 ålderspension
643 264 79 21 avse
738 255 78 29 hela
833 254 201 37 pensionen.
1054 253 80 30 Som
1151 255 48 28 ett
1215 253 55 29 led
1287 254 49 27 att
1354 252 68 29 öka
1437 252 164 29 intresset
1618 251 54 30 för

192 310 129 30 förtida
336 311 97 35 uttag
448 319 42 20 av
503 309 147 38 pension
666 308 64 30 och
743 308 103 37 vidga
861 307 268 37 möjligheterna
1143 306 53 30 till
1211 315 43 21 en
1269 305 143 37 frivillig
1427 305 246 38 pensionering

193 363 73 31 före
288 363 38 30 67
349 363 57 30 års
427 363 95 30 ålder
544 363 90 30 skall
655 362 105 30 också
780 362 172 37 yrkandet
973 362 11 29 i
1005 360 219 30 motionerna
1246 360 28 29 1:
1291 359 60 30 115
1374 359 65 30 och
1462 359 44 29 II:
1524 359 59 29 125
1607 368 63 26 ses,

192 419 49 27 alt
262 417 248 37 hustrutillägg
531 417 65 29 och
616 416 222 30 kommunall
859 415 263 36 bostadstillägg
1145 414 89 29 skall
1256 414 121 29 kunna
1399 413 82 37 utgå
1503 413 169 37 jämsides

191 472 78 29 med
289 471 128 30 förtida
434 473 98 34 uitag
549 480 41 20 av
608 470 145 38 pension
771 470 107 29 redan
895 469 109 29 innan
1023 469 66 29 den
1107 468 205 30 försäkrade
1329 467 150 38 uppnått
1497 467 67 30 den
1582 466 89 30 ordi-

191 526 95 28 narie
304 524 298 38 pensionsåldern.

235 580 48 28 De
304 579 219 37 synpunkter
543 587 74 21 som
637 579 106 36 ligger
762 578 128 29 bakom
909 577 131 29 kraven
1058 576 45 37 på
1122 586 42 20 en
1184 576 131 29 allmän
1335 575 174 37 sänkning
1529 584 43 21 av
1589 584 82 28 pen-

192 633 218 29 sionsåldern
433 632 63 29 och
520 641 75 20 som
616 632 192 29 redovisats
831 640 88 20 ovan
941 631 70 28 kan
1034 630 169 29 utskottet
1226 629 11 29 i
1261 631 72 27 stor
1354 628 245 37 utsträckning
1620 629 51 28 in-

191 688 150 28 slämma
359 686 21 29 i.
401 686 80 29 Som
500 686 169 29 utskottet
688 685 155 29 uttalade
861 684 108 30 redan
988 684 95 29 förra
1102 683 74 30 året
1196 683 72 30 står
1285 683 171 29 utskottet
1474 682 72 30 inte
1565 682 105 29 främ-

190 741 126 29 mande
336 740 54 29 för
409 741 47 28 att
479 739 243 37 utvecklingen
742 738 60 37 går
820 740 73 29 mot
912 739 48 29 ett
978 737 298 38 pensionssystem
1296 737 62 29 där
1378 736 68 29 alla
1466 736 205 30 försäkrade

187 793 55 30 får
260 793 183 40 möjlighet
461 793 53 29 till
532 793 66 29 full
616 792 264 39 ålderspension
897 792 147 38 tidigare
1063 791 44 29 än
1125 791 58 29 vid
1202 789 190 40 uppnådda
1410 789 40 30 67
1471 789 48 30 år.
1539 789 132 30 Hittills

186 847 64 29 har
273 847 266 30 reformarbetet
561 846 45 40 på
629 845 324 41 pensionsområdet
977 845 263 29 koncentrerats
1265 843 45 40 på
1333 843 110 30 andra
1466 843 128 39 frågor.
1619 843 53 29 En

187 900 232 40 uppbyggnad
434 909 42 20 av
488 899 273 40 pensionsnivån
774 899 64 29 har
851 899 149 29 framför
1014 899 60 29 allt
1089 899 131 28 ansetts
1234 897 84 30 böra
1331 897 213 39 prioriteras.
1559 896 112 30 Sedan

190 955 94 29 detta
304 955 116 29 arbele
440 955 11 28 i
472 954 64 29 och
556 954 78 29 med
654 953 448 37 tilläggspensioneringens
1125 952 194 29 successiva
1338 951 137 29 tillväxt
1496 950 65 30 och
1582 950 88 30 folk-

189 1008 308 37 pensioneringens
517 1007 269 37 komplellering
804 1007 78 29 med
901 1005 362 38 pensionstillskotten
1281 1004 87 30 förts
1388 1004 157 30 avsevärt
1564 1004 106 29 fram-

189 1062 43 33 ål,
250 1063 69 27 kan
335 1062 110 29 andra
460 1061 191 36 angelägna
665 1060 169 30 reformer
848 1060 45 37 på
907 1059 325 38 pensionsområdet
1246 1060 54 28 tas
1315 1067 81 28 upp.
1412 1058 112 29 Bland
1540 1058 131 29 sådana

189 1116 119 28 märks
328 1115 11 29 i
361 1115 188 37 synnerhet
571 1114 123 37 frågan
716 1123 56 20 om
794 1113 313 36 slandardsäkring
1127 1122 41 21 av
1189 1112 241 37 pensionerna,
1453 1112 11 29 1
1484 1112 109 29 vilket
1614 1121 55 20 av-

190 1170 123 28 seende
339 1169 160 36 fjolårets
523 1168 224 36 höstriksdag
771 1168 148 36 begärde
944 1167 196 36 utredning,
1168 1166 65 29 och
1258 1165 123 37 frågan
1408 1174 56 20 om
1490 1166 179 36 pensions-

188 1223 131 29 åldern.
339 1223 64 29 Det
425 1223 37 28 är
482 1222 78 30 med
580 1222 137 37 hänsyn
736 1221 118 30 härtill
877 1230 74 20 som
971 1221 168 29 utskottet
1161 1220 79 29 med
1260 1219 304 30 tillfredsställelse
1584 1219 85 30 kon-

186 1278 147 27 staterar
359 1278 50 27 att
434 1275 384 40 departementschefen
845 1283 97 21 avser
969 1275 49 28 att
1042 1274 161 29 inhämta
1227 1273 125 39 Kungl.
1380 1272 123 40 Maj:ts
1529 1272 141 40 bemyn-

188 1331 148 36 digande
359 1331 50 28 att
431 1329 150 30 tillkalla
603 1339 42 20 en
667 1328 293 38 parlamentarisk
983 1326 183 31 kommitté
1190 1327 78 29 med
1291 1327 159 37 uppdrag
1473 1328 49 28 att
1545 1327 125 29 utreda

188 1384 123 36 frågan
329 1393 56 20 om
403 1383 289 38 pensionsåldern
708 1383 96 29 inom
822 1383 67 29 den
906 1382 179 29 allmänna
1102 1381 253 36 försäkringen.
1374 1380 176 30 Utskottet
1567 1380 102 37 utgår

189 1437 78 30 från
289 1439 50 28 att
360 1447 41 19 en
424 1437 108 29 sådan
553 1436 187 37 utredning
760 1437 158 28 kommer
940 1438 50 28 att
1008 1438 37 27 ta
1065 1445 71 27 upp
1158 1435 124 36 frågan
1303 1444 57 20 om
1380 1434 289 37 pensionsåldern

187 1492 10 27 i
215 1491 78 29 hela
311 1491 78 29 dess
405 1491 92 29 vidd.
517 1490 99 30 Såväl
634 1490 262 36 överväganden
914 1489 177 36 angående
1109 1498 42 20 en
1170 1488 147 37 generell
1337 1488 174 36 sänkning
1528 1497 43 20 av
1587 1497 81 28 pen-

190 1545 218 29 sionsåldern
431 1544 111 29 under
564 1543 39 30 67
627 1543 38 30 år
688 1552 75 21 som
785 1543 124 36 frågan
932 1552 56 20 om
1011 1552 43 20 en
1076 1551 96 21 mera
1193 1542 106 36 rörlig
1321 1541 263 37 pensionsålder
1607 1541 62 30 bör

188 1599 101 28 alllså
307 1597 167 30 omfattas
492 1606 40 20 av
550 1597 250 36 utredningens
818 1597 168 36 uppdrag.
1005 1596 170 36 Reglerna
1192 1604 56 21 om
1267 1595 128 30 förtida
1412 1596 98 35 uttag
1528 1604 41 20 av
1586 1604 81 28 pen-

188 1652 72 29 sion
281 1652 160 29 kommer
459 1652 50 28 atl
528 1651 141 29 särskilt
687 1650 231 29 aktualiseras
935 1650 11 29 i
965 1650 56 29 det
1040 1649 299 36 sammanhanget.
1357 1648 94 30 Även
1469 1648 124 37 frågan
1612 1658 55 20 om

188 1714 41 20 en
252 1705 163 36 mjukare
437 1704 172 37 övergång
629 1704 53 29 lill
704 1703 291 38 pensioneringen
1016 1703 62 29 bör
1100 1703 48 29 bli
1171 1702 146 30 föremål
1341 1702 55 30 för
1417 1702 250 37 utredningens

188 1758 323 37 uppmärksamhet.
528 1757 43 30 Så
587 1757 95 36 långt
698 1758 56 28 det
770 1758 38 28 är
823 1756 137 37 möjligt
974 1757 63 29 bör
1052 1757 67 29 den
1135 1756 155 29 enskilde
1306 1755 223 30 försäkrades
1544 1756 123 29 indivi-

188 1812 116 29 duella
330 1811 167 29 situation
522 1810 35 30 få
582 1810 183 37 möjlighet
791 1811 48 29 att
866 1810 152 37 påverka
1043 1809 89 30 hans
1157 1809 254 37 pensionering,
1438 1809 121 30 varvid
1585 1818 80 20 man

187 1865 180 30 forlsälter
387 1865 45 37 på
452 1865 66 29 den
537 1865 66 37 väg
623 1873 74 21 som
717 1864 176 30 utstakals
914 1871 124 30 genom
1058 1863 235 37 föreliggande
1314 1863 131 37 förslag
1466 1872 56 20 om
1541 1863 126 37 vidgad

188 1919 381 37 förtidspensionering,
587 1918 106 36 enligt
707 1918 109 29 vilket
832 1917 53 30 för
902 1918 66 29 den
985 1918 95 29 äldre
1096 1916 258 30 arbetskraften
1369 1917 57 29 det
1442 1923 87 30 egna
1545 1917 122 29 önske-

186 1973 106 29 målet
314 1982 56 20 om
391 1972 143 37 pension
559 1972 54 29 får
634 1981 42 20 en
697 1972 91 29 ökad
808 1971 185 37 betydelse.
1015 1971 295 29 Erfarenheterna
1331 1980 41 20 av
1394 1971 66 29 den
1482 1971 185 36 utvidgade

188 2026 418 37 förtidspensioneringen
628 2025 159 30 kommer
811 2025 119 29 därför
952 2025 79 30 med
1055 2025 46 29 all
1126 2024 221 30 sannolikhet
1371 2025 49 29 att
1443 2024 47 30 bli
1515 2033 42 21 av
1581 2026 85 28 storl

186 2081 104 28 värde
317 2080 55 29 för
398 2078 227 30 kommitténs
653 2079 260 36 bedömningar.
943 2079 80 29 Som
1051 2078 384 37 departementschefen
1463 2078 204 29 framhåller

188 2135 111 28 möter
321 2142 83 20 man
425 2133 58 30 vid
506 2135 48 28 ett
577 2132 324 37 ulredningsarbele
925 2142 42 19 av
990 2132 95 29 detta
1109 2132 73 36 slag
1204 2132 195 36 betydande
1423 2132 157 37 problem
1605 2132 62 30 där

186 2186 296 37 kostnadsfrågan
501 2186 113 38 spelar
632 2195 42 20 en
693 2186 248 29 dominerande
958 2186 65 29 roll
1042 2185 64 30 och
1125 2186 62 29 där
1205 2195 41 20 en
1265 2185 193 37 avvägning
1476 2185 111 30 måste
1606 2186 60 29 ske

187 2243 70 26 mot
279 2241 108 28 andra
409 2240 191 36 angelägna
619 2239 229 30 reformkrav.

223 2294 74 29 Den
318 2293 177 30 aviserade
516 2293 232 38 utredningen
768 2292 144 30 innebär
933 2294 50 28 att
1004 2292 104 40 syftet
1129 2292 79 30 med
1229 2292 40 30 de
1290 2292 110 29 under
1422 2292 93 30 detta
1536 2291 129 31 avsnitt

187 2347 200 30 redovisade
413 2346 358 37 motionsyrkandena
795 2347 12 28 i
832 2346 186 30 huvudsak
1044 2346 54 29 får
1125 2355 101 21 anses
1251 2346 223 37 tillgodosett.
1501 2347 165 29 Motions-

186 2401 203 36 yrkandena
407 2400 158 37 påkallar
584 2400 118 29 därför
720 2400 105 36 enligt
843 2400 188 29 utskollets
1049 2400 142 36 mening
1207 2400 71 29 inte
1297 2400 103 36 något
1418 2400 150 29 initiativ
1586 2400 79 30 från

186 2455 204 36 riksdagens
410 2454 84 29 sida.
