1902 2848
296 177 20 30 4
773 179 229 29 Statsutskottets
1024 180 147 28 utlåtande
1193 179 49 29 Nr
1266 176 66 34 165.

349 253 120 32 Under
501 253 217 42 åberopande
746 265 40 20 av
809 254 64 31 vad
898 254 143 31 sålunda
1064 255 129 30 anförts
1216 254 50 31 får
1290 254 169 32 utskottet
1481 254 100 32 alltså
1603 254 191 39 hemställa,

614 341 49 29 att
685 338 182 42 riksdagen
891 340 54 30 må

615 389 29 42 a)
668 389 146 42 uppföra
837 389 58 31 det
923 389 170 31 ordinarie
1116 389 303 42 förslagsanslaget
1442 390 51 31 till
1518 390 276 42 socialstyrelsen

563 440 77 31 med
663 440 197 31 oförändrat
883 440 136 42 belopp,
1043 440 136 38 331,600
1202 440 139 39 kronor;
1366 443 88 30 samt

614 491 33 41 b)
671 490 50 31 till
757 490 297 42 socialstyrelsens
1078 490 216 32 verksamhet
1316 491 53 31 för
1391 491 201 41 budgetåret
1617 492 178 39 1931/1932

563 541 118 31 anvisa
703 543 48 29 ett
775 543 95 29 extra
891 541 269 41 förslagsanslag
1182 553 39 20 av
1244 541 137 38 200,000
1403 542 134 31 kronor.

349 627 196 32 Stockholm
571 626 65 32 den
660 627 40 30 28
723 627 65 40 maj
816 627 89 31 1931.

789 720 50 31 På
863 720 275 32 statsutskottets
1162 722 137 40 vägnar:

808 814 33 32 S.
867 814 44 31 H.
935 814 346 33 KVARNZELIUS.

344 1104 64 27 Vid
431 1102 200 30 förestående
654 1103 133 28 ärendes
811 1103 264 37 slutbehandling
1096 1103 87 27 inom
1207 1102 158 28 utskottet
1388 1102 83 28 hava
1493 1102 157 28 närvarit:

344 1162 72 28 från
439 1162 121 28 första
583 1162 200 28 kammaren:
817 1162 110 28 herrar
950 1161 29 29 S.
1004 1161 41 29 H.
1070 1161 200 34 Kvarnzelius,
1296 1161 33 28 A.
1357 1160 29 29 OC.
1408 1160 154 36 Lindblad,
1589 1161 72 35 Olof
1682 1160 111 35 Olsson,

291 1204 36 29 E.
351 1204 30 29 J.
409 1204 34 28 G.
466 1204 104 35 Rosén,
596 1204 36 29 E.
649 1205 35 27 A.
708 1203 135 36 Lundell,
870 1203 30 29 C.
918 1203 25 30 I.
968 1203 141 37 Asplund,
1135 1203 30 29 C.
1185 1202 35 30 G.
1243 1203 30 28 V.
1292 1203 252 36 Hammarskjöld,
1567 1203 39 28 D.
1624 1204 35 27 A.
1677 1202 114 33 Petrén,

290 1246 38 29 K.
354 1247 35 28 E.
415 1246 162 29 Andersson
600 1247 10 27 i
633 1247 175 36 Eliantorp,
834 1246 32 28 O.
891 1247 35 27 A.
951 1246 139 35 Ernfors,
1113 1246 35 29 A.
1176 1245 99 29 Thelin
1298 1246 58 28 och
1381 1245 37 28 K.
1443 1246 34 27 A.
1502 1245 42 28 W.
1570 1245 128 36 Björck;

343 1305 73 28 från
439 1306 117 27 andra
577 1305 201 29 kammaren:
804 1306 110 27 herrar
936 1305 35 27 A.
996 1304 148 29 Anderson
1168 1305 9 26 i
1201 1304 146 34 Råstock,
1372 1304 34 27 A.
1431 1304 136 41 Wiklund
1590 1304 9 27 i
1623 1304 168 34 Brattfors,

292 1347 30 29 C.
340 1347 38 29 R.
395 1347 125 29 Jansson
543 1348 10 27 i
577 1347 110 35 Falun,
704 1347 35 29 P.
756 1347 118 28 Nilsson
898 1347 9 27 i
930 1347 135 36 Bonarp,
1083 1346 30 28 S.
1131 1346 158 36 Bengtsson
1313 1347 8 26 i
1346 1346 118 36 Norup,
1481 1347 35 27 4.
1533 1347 88 27 A:son
1641 1346 153 28 Törnkvist

290 1391 9 26 i
334 1390 205 34 Karlskrona,
576 1388 35 30 G.
636 1388 180 35 Strindlund,
851 1389 34 28 P.
910 1388 42 29 M.
979 1388 101 29 Olsson
1114 1390 9 26 i
1158 1389 163 40 Blädinge,
1345 1388 36 28 E.
1406 1388 30 28 J.
1468 1388 152 36 Wigforss,
1645 1388 35 28 B.
1707 1387 84 29 F:son

290 1431 169 37 Holmgren,
482 1431 30 29 J.
539 1431 134 36 Olofsson
696 1432 10 27 i
726 1432 156 37 Digernäs
906 1432 58 28 och
990 1431 31 28 O.
1040 1431 116 28 Nilsson
1179 1431 9 27 i
1213 1430 128 29 Örebro.
