1898 2852
610 188 230 30 Statsutskottets
863 189 148 30 utlåtande
1032 191 49 29 Nr
1104 189 73 32 165.
1604 193 14 32 1

797 459 60 41 Nr
888 459 87 42 165.

536 578 126 28 Ankom
686 579 48 27 till
758 579 188 37 riksdagens
975 580 104 29 kansli
1104 581 62 29 den
1191 581 38 29 28
1253 584 64 37 maj
1346 583 76 29 1931
1448 584 40 29 kl.
1517 584 37 29 12
1578 595 42 20 m,

430 678 191 38 Utlåtande
648 680 14 35 i
690 680 195 48 anledning
913 694 44 23 av
984 681 137 50 Kungl.
1153 683 127 48 Maj:ts
1302 686 223 46 proposition
1554 699 64 24 an-

522 732 137 48 gående
687 734 128 48 anslag
843 733 56 36 till
927 734 280 48 socialstyrelsen
1237 749 44 23 m.
1310 750 46 22 m.

1395 796 60 41 (3:e
1479 796 86 43 avd.)

167 873 61 33 Uti
245 873 65 33 den
325 873 52 33 till
390 873 182 44 riksdagen
586 876 143 38 avlåtna,
748 876 65 32 den
831 877 18 31 3
863 876 133 42 januari
1012 878 78 31 1931
1109 877 233 43 dagtecknade
1354 882 263 40 propositionen

112 925 53 41 (nr
180 926 26 41 1)
220 926 175 41 angående
419 927 224 31 statsverkets
667 927 157 32 tillstånd
848 928 64 31 och
935 929 111 31 behov
1070 930 52 30 för
1144 930 204 41 budgetåret
1362 932 179 40 1931/1932
1558 933 61 32 har

113 976 126 42 Kungl.
270 976 99 41 Maj:t
402 977 109 31 under
545 978 103 31 femte
682 978 228 39 huvudtiteln,
945 979 238 32 innefattande
1216 982 163 41 anslagen
1414 983 52 31 till
1502 984 116 31 social-

115 1027 281 42 departementet,
432 1028 178 41 föreslagit
633 1028 182 41 riksdagen
840 1029 205 41 (punkterna
1068 1031 19 30 2
1110 1031 64 31 och
1197 1032 20 30 3
1240 1043 39 20 av
1303 1033 58 31 det
1383 1033 57 31 vid
1464 1035 154 40 proposi-

112 1078 118 31 tionen
254 1078 121 41 fogade
399 1078 122 42 utdrag
544 1090 40 20 av
609 1080 380 41 statsrådsprotokollet
1012 1083 81 29 över
1116 1082 256 32 socialärenden
1389 1095 129 21 samma
1542 1085 76 41 dag)

113 1130 49 30 att
185 1129 11 30 i
220 1128 145 32 avbidan
390 1131 43 39 på
457 1130 148 31 särskild
628 1130 218 41 proposition
871 1131 10 30 i
905 1133 124 36 ämnet,
1053 1132 11 30 i
1088 1132 186 32 riksstaten
1297 1134 157 42 beräkna'

166 1180 65 31 dels
254 1179 58 31 det
335 1179 171 32 ordinarie
530 1180 305 42 förslagsanslaget
858 1182 54 30 till
936 1182 278 42 socialstyrelsen
1238 1184 78 31 med
1340 1185 199 32 oförändrat
1562 1186 55 32 be-

112 1230 93 41 lopp,
229 1230 137 38 331,600
388 1230 138 39 kronor;

165 1281 66 31 dels
255 1282 52 30 ock
330 1281 53 31 till
408 1281 296 42 socialstyrelsens
728 1283 217 32 verksamhet
969 1284 52 31 för
1044 1284 202 42 budgetåret
1265 1287 178 39 1931/1932
1457 1290 49 29 ett
1523 1291 94 29 extra

113 1332 268 41 förslagsanslag
404 1343 39 20 av
467 1333 137 37 218,000
627 1334 134 31 kronor.

163 1382 201 32 Sedermera
391 1383 62 30 har
486 1383 126 41 Kungl.
638 1384 97 41 Maj:t
759 1384 10 31 i
793 1396 42 20 en
860 1385 52 31 till
936 1386 183 40 riksdagen
1144 1388 143 38 avlåten,
1313 1388 65 31 den
1403 1390 40 30 20
1465 1389 150 32 februari

114 1433 77 31 1931
218 1433 213 41 dagtecknad
454 1435 230 40 proposition,
709 1446 40 19 nr
774 1436 68 37 134,
868 1436 109 31 under
1001 1436 218 42 åberopande
1242 1450 40 19 av
1305 1439 108 41 bilagt
1435 1440 126 42 utdrag
1576 1452 40 20 av

112 1483 381 42 statsrådsprotokollet
531 1487 82 29 över
652 1486 255 31 socialärenden
943 1487 52 30 för
1029 1488 149 31 nämnda
1211 1488 74 41 dag,
1320 1490 177 41 föreslagit
1535 1491 81 31 riks-

111 1534 109 41 dagen
243 1536 50 29 att

165 1585 65 32 dels
263 1585 146 41 uppföra
442 1585 58 32 det
534 1585 171 32 ordinarie
728 1587 303 42 förslagsanslaget
1054 1588 53 32 till
1131 1589 276 42 socialstyrelsen
1431 1591 78 32 med
1533 1593 84 31 oför-

111 1635 121 32 ändrat
255 1635 127 42 belopp
405 1637 136 37 331,600
563 1637 141 38 kronor;

164 1687 66 31 dels
253 1686 52 31 till
340 1687 297 42 socialstyrelsens
671 1689 215 31 verksamhet
913 1689 52 31 för
991 1690 204 41 budgetåret
1225 1692 178 41 1931/1932
1426 1694 118 31 anvisa
1569 1697 48 29 ett

112 1739 94 29 extra
228 1737 268 42 förslagsanslag
518 1750 40 20 av
582 1739 135 37 218,000
739 1739 139 38 kronor;

163 1788 66 31 dels
259 1789 53 30 ock
345 1788 163 41 medgiva,
545 1791 50 29 att
620 1789 86 41 jord,
732 1801 73 20 som
830 1792 70 29 står
924 1790 109 32 under
1055 1792 149 32 kronans
1228 1794 217 32 omedelbara
1469 1795 146 42 disposi-

111 1838 74 31 tion
209 1838 82 32 eller
314 1849 74 21 som
412 1839 118 31 tillhör
553 1842 112 39 någon
689 1851 40 20 av
752 1840 42 32 de
815 1841 109 31 under
940 1841 87 31 bruk
1044 1842 63 31 och
1124 1842 163 42 bergverk
1300 1845 53 30 för
1368 1845 120 41 nödigt
1502 1846 114 42 skogs-

111 1888 79 41 fång
212 1889 165 41 upplåtna
390 1889 249 42 allmänningar
652 1891 82 31 eller
750 1893 112 39 någon
885 1903 40 20 av
948 1892 42 30 de
1006 1903 122 30 genom
1151 1893 315 43 domänstyrelsens
1482 1897 135 41 försorg

111 1939 264 31 utarrenderade
406 1940 325 41 kronoegendomar,
760 1941 90 31 vilka
872 1942 74 31 icke
971 1943 167 41 upplåtits
1151 1944 53 31 till
1216 1945 161 31 förenade
1390 1948 226 40 mötespasse-

110 1989 306 32 volanskassornas
443 1990 91 38 fond,
564 1991 206 32 stuterierna
787 1992 82 30 eller
885 1992 175 32 Vadstena
1076 1993 354 42 krigsmanshusfond,
1448 1999 64 36 må,
1531 1998 85 31 efter

110 2050 40 20 av
174 2039 125 42 Kungl.
328 2040 97 41 Maj:t
451 2040 14 31 i
489 2041 92 41 varje
604 2041 139 31 särskilt
758 2042 58 30 fall
833 2042 187 31 verkställd
1036 2044 178 41 prövning,
1230 2047 81 29 utan
1328 2046 146 32 särskild
1499 2049 115 30 ersätt-

111 2090 82 41 ning
226 2090 51 31 till
312 2091 128 31 kronan
476 2094 43 38 på
557 2091 42 31 de
633 2092 122 32 villkor
777 2093 11 30 i
805 2093 119 40 övrigt,
942 2093 125 42 Kungl.
1104 2094 102 42 Maj:t
1216 2095 58 31 kan
1298 2097 92 31 finna
1414 2097 124 41 skäligt
1562 2098 54 32 be-

111 2143 152 36 stämma,
288 2142 159 41 upplåtas
482 2142 51 31 till
558 2143 184 40 landsting,
767 2143 172 39 kommun,
965 2144 156 41 förening
1145 2146 82 31 eller
1250 2147 146 31 stiftelse
1419 2149 52 30 för
1497 2149 116 31 anord-

110 2192 112 31 nande
249 2203 39 19 av
311 2192 124 31 allmän
460 2193 254 32 arbetsanstalt.

163 2241 218 32 Beträffande
415 2243 227 40 utredningen
678 2244 9 29 i
723 2246 114 29 ämnet
872 2245 48 30 får
954 2245 169 31 utskottet
1157 2247 142 31 hänvisa
1333 2248 51 31 till
1419 2249 194 41 åberopade

111 2292 389 41 statsrådsprotokollet.

164 2393 17 30 I
215 2394 92 38 fråga
334 2405 53 19 om
418 2393 170 32 ordinarie
613 2394 301 42 förslagsanslaget
942 2395 52 32 till
1019 2397 274 41 socialstyrelsen
1319 2399 143 32 innebär
1485 2401 127 40 Kungl.

111 2443 115 41 Maj:ts
251 2455 44 19 nu
319 2444 232 40 föreliggande
577 2446 125 39 förslag
725 2446 72 30 icke
823 2448 108 37 någon
957 2447 145 40 ändring
1126 2448 9 30 i
1160 2448 94 31 detta
1277 2450 126 41 anslag.

165 2504 110 38 Bihang
290 2505 43 27 till
345 2505 168 36 riksdagens
523 2506 145 36 protokoll
683 2504 84 31 1931.
808 2504 21 29 6
838 2508 80 26 saml.
966 2506 38 29 84
1029 2508 71 37 häft.
1135 2507 62 37 (Nr
1214 2508 187 38 165—168.)
1439 2500 16 50 =
1479 2521 89 19 uaun
