2196 2600
147 475 66 31 Ang.
246 475 107 30 pensicn

148 509 27 23 åt
186 510 167 25 arbeterskan

165 544 51 24 Ida
235 545 104 24 Amalia

173 579 152 32 Häggqvist.

143 1015 175 31 Varvschefen
341 1017 9 23 i

160 1050 173 29 Karlskrona.

136 2079 197 25 Statskontoret.

417 119 41 31 20
829 126 318 34 Bankoutskottets
1178 129 186 34 utlåtande
1394 132 53 31 Nr
1469 133 51 31 21.

775 203 71 36 och
866 201 84 38 med
971 204 71 37 den
1065 207 15 33 1
1100 206 154 48 januari
1277 209 95 35 1922
1394 208 55 36 till
1470 210 68 36 och
1559 211 85 37 med
1665 211 62 37 det
1742 212 234 48 kalenderår,

774 255 119 36 under
935 256 115 36 vilket
1091 256 133 38 barnet
1253 262 149 46 uppnår
1432 263 45 34 18
1507 264 59 35 års
1595 263 112 47 ålder,
1739 267 19 33 å
1787 265 189 39 allmänna

773 306 378 50 indragningsstaten
1181 311 169 48 uppbära
1379 317 53 31 ett
1460 314 113 49 årligt
1603 316 212 37 understöd
1836 330 46 23 av
1907 325 69 30 ett-

773 357 147 38 hundra
948 359 149 37 kronor.

502 478 100 48 23:0)
632 478 17 36 I
678 491 46 24 en
753 480 103 36 inom
886 480 116 37 andra
1032 481 218 38 kammaren
1279 497 45 23 av
1352 485 88 36 herr
1459 487 94 44 Berg
1574 487 11 36 i
1605 488 236 39 Karlskrona
1860 491 113 37 väckt

372 528 155 47 motion,
557 543 45 23 nr
631 532 60 46 27,
720 531 68 36 har
816 531 225 50 hemställts,
1074 539 79 31 »att
1181 535 206 50 riksdagen
1417 540 115 34 måtte
1560 538 140 50 bevilja
1729 542 243 37 arbeterskan

371 579 62 37 vid
464 580 231 38 Karlskrona
737 583 241 48 örlogsvarvs
1021 586 333 50 målareverkstad,
1396 591 72 34 Ida
1502 592 149 35 Amalia
1680 593 215 49 Häggqvist,
1926 608 45 23 en

372 631 95 49 årlig
494 633 159 47 pension
682 647 47 23 av
758 636 73 35 300
860 635 140 38 kronor
1029 642 53 31 att
1111 641 93 45 utgå
1232 639 82 36 från
1347 642 16 34 1
1391 641 149 48 januari
1572 645 98 34 1922
1692 645 118 36 under
1829 646 142 38 hennes

371 684 236 37 återstående
634 685 165 37 livstid.»

474 735 241 39 Beträffande
753 739 276 50 motiveringen
1067 741 57 36 för
1153 742 105 37 detta
1285 744 170 48 yrkande
1484 745 178 38 hänvisas
1691 748 56 36 till
1777 750 192 38 motionen

371 788 69 35 och
470 787 131 37 därvid
631 789 139 48 fogade
799 790 159 49 bilagor.

498 839 51 37 På
578 840 167 49 begäran
775 855 46 23 av
850 843 183 37 utskottet
1061 845 68 36 har
1158 847 274 37 statskontoret
1461 848 199 39 anbefallts
1691 857 54 31 att
1773 852 10 36 i
1813 853 156 38 ärendet

369 890 137 49 avgiva
534 892 208 48 utlåtande,
772 893 69 37 och
870 894 68 37 har
966 896 271 39 statskontoret
1264 899 129 37 därvid
1423 902 233 37 överlämnat
1685 908 53 32 ett
1766 917 45 24 av
1839 918 129 24 varvs-

369 942 135 37 chefen
532 943 12 36 i
575 943 232 39 Karlskrona
835 947 153 47 avgivet
1014 950 188 47 yttrande,
1233 953 40 34 så
1301 951 178 49 lydande:
1638 951 10 5 |

500 1012 33 31 »I
565 1012 166 33 motionen
766 1014 215 34 omförmälda
1012 1016 57 32 Ida
1091 1016 131 34 Amalia
1244 1019 188 41 Häggqvist
1455 1031 59 21 var
1537 1022 74 40 icke,
1636 1024 108 31 såsom
1767 1024 10 32 i
1801 1025 166 34 motionen

367 1054 60 32 och
459 1054 54 33 vid
548 1056 189 33 densamma
771 1057 92 41 fogat
886 1058 95 42 intyg
1004 1060 168 41 uppgives,
1197 1063 139 31 anställd
1360 1062 55 33 vid
1438 1066 116 30 varvet
1578 1067 78 31 utan
1680 1066 60 33 hos
1764 1068 61 32 den
1847 1080 119 31 person

367 1116 39 4 —
441 1100 24 30 tt.
497 1109 27 22 0.
549 1110 41 21 m.
619 1101 81 30 1917
726 1101 108 31 änkan
856 1101 156 33 Karolina
1035 1103 158 33 Karlsson
1218 1105 59 32 och
1301 1106 185 33 sedermera
1508 1108 137 33 hustrun
1670 1110 90 33 Sofia
1783 1112 183 41 Söderberg

367 1160 38 3 —
431 1141 110 33 vilken
564 1143 103 41 enligt
691 1146 168 40 upprättat
883 1146 91 32 avtal
998 1147 87 32 utför
1107 1148 91 32 vissa
1222 1151 104 30 tvätt-
1350 1150 60 32 och
1434 1152 330 41 rengöringsarbeten
1787 1156 19 31 å
1828 1156 136 33 flottans

358 1184 48 32 till
432 1188 116 30 varvet
571 1186 152 41 förlagda
746 1188 112 42 fartyg
882 1189 62 32 och
967 1201 69 21 som
1060 1191 51 32 för
1134 1193 96 32 dessa
1253 1195 352 40 entreprenadarbeten
1627 1197 87 41 själv
1731 1200 155 32 anställer
1903 1201 60 32 och

358 1229 134 32 avlönar
515 1230 209 42 erforderligt
748 1232 89 32 antal
860 1232 158 35 biträden.
1064 1235 113 41 Något
1201 1237 90 32 avtal
1315 1238 118 32 mellan
1457 1241 293 41 varvsmyndighet
1774 1243 60 32 och
1846 1244 116 42 Hägg-

364 1272 87 41 qvist
473 1279 61 26 har
556 1274 127 32 således
706 1275 73 33 icke
803 1276 205 34 förefunnits.

471 1317 88 32 Enär
583 1317 97 33 alltså
704 1319 57 32 Ida
784 1319 130 33 Amalia
937 1320 185 42 Häggqvist
1146 1322 73 33 icke
1244 1328 36 27 är
1303 1324 79 33 eller
1404 1326 61 32 har
1488 1327 87 32 varit
1598 1329 142 39 anställd
1764 1330 54 32 vid
1834 1331 127 40 flottan,

363 1359 60 32 och
458 1360 54 32 det
546 1372 41 21 av
610 1361 104 33 henne
739 1364 18 31 å
780 1365 117 31 varvet
922 1365 129 32 utförda
1075 1366 128 33 arbetet
1227 1368 191 33 verkställts
1442 1369 10 32 i
1476 1373 228 39 entreprenörs
1728 1373 111 42 tjänst,
1864 1386 98 30 synes

362 1405 48 30 ett
445 1404 181 41 beviljande
662 1407 34 31 åt
730 1406 103 33 henne
864 1418 41 21 av
927 1408 134 42 pension
1085 1410 79 32 eller
1188 1411 174 33 understöd
1386 1413 154 33 innebära
1563 1417 49 30 ett
1635 1416 197 42 frångående
1857 1429 42 21 av
1923 1420 38 32 de

361 1446 172 43 principer,
558 1459 70 21 som
651 1449 89 33 förut
764 1450 89 42 legat
875 1451 52 32 till
949 1453 104 40 grund
1076 1453 51 32 för
1149 1455 190 41 pensioners
1364 1457 60 32 och
1448 1458 192 33 understöds
1664 1461 219 33 meddelande.

489 1492 64 41 Jag
577 1503 96 22 anser
695 1494 67 41 mig
785 1495 181 33 emellertid
990 1497 77 32 böra
1090 1498 157 38 meddela,
1272 1501 49 30 att
1347 1501 82 31 1918
1454 1502 53 32 års
1530 1502 135 42 riksdag
1688 1504 85 33 lärer
1796 1505 85 33 hava
1905 1507 55 31 be-

360 1534 94 41 viljat
477 1535 135 42 pension
635 1537 79 32 eller
749 1539 175 32 understöd
957 1540 35 32 åt
1024 1550 83 22 ovan
1140 1544 142 31 nämnda
1316 1544 107 32 änkan
1451 1545 156 33 Karolina
1630 1547 168 40 Karlsson,
1822 1549 11 32 i
1856 1550 105 33 vilket

360 1578 117 33 ärende
512 1579 184 34 dåvarande
729 1582 216 33 varvschefen
979 1584 170 33 härstädes
1183 1587 43 40 på
1259 1588 102 39 grund
1385 1599 41 21 av
1449 1588 118 42 Kungl.
1591 1590 368 44 Marinförvaltningens

359 1622 177 32 resolution
559 1623 62 33 den
645 1625 40 31 23
710 1624 143 33 februari
879 1627 93 38 1918,
996 1627 90 33 DN:r
1110 1630 40 30 79
1175 1630 51 31 Ad
1250 1630 61 32 civ.
1336 1632 72 37 213,
1435 1632 125 42 avgivit
1583 1635 164 39 yttrande.

488 1667 88 31 Enär
598 1678 43 21 nu
665 1668 251 41 ifrågavarande
939 1670 57 32 Ida
1018 1671 130 33 Amalia
1170 1673 188 41 Häggqvist
1381 1675 100 32 under
1504 1677 151 41 omkring
1678 1680 41 30 23
1744 1680 36 31 år
1803 1680 19 31 å
1842 1683 117 31 varvet

359 1709 102 32 utfört
496 1711 112 32 arbete
642 1711 11 31 i
687 1722 125 22 samma
846 1714 229 41 utsträckning
1108 1726 70 22 som
1214 1718 183 40 daglönare,
1434 1721 78 30 utan
1544 1722 50 30 att
1623 1722 94 38 dock,
1742 1724 107 31 såsom
1873 1735 85 22 ovan

357 1754 139 38 nämnts,
521 1754 87 32 hava
630 1755 89 32 varit
741 1757 108 31 såsom
873 1757 101 32 sådan
998 1759 148 40 anställd,
1172 1760 60 32 har
1252 1762 58 40 jag
1332 1761 84 34 intet
1440 1765 50 30 att
1513 1763 107 34 erinra
1643 1768 70 30 mot
1737 1768 50 31 att
1809 1767 64 32 hon
1889 1768 67 32 till-

357 1796 159 32 erkännes
538 1799 108 39 någon
669 1799 135 41 pension
827 1801 79 32 eller
929 1802 184 40 understöd,
1137 1814 74 21 men
1224 1804 58 32 vill
1298 1805 83 32 dock
1397 1806 182 41 framhålla,
1597 1810 51 31 att
1660 1809 134 41 jämlikt
1805 1811 151 40 gällande

355 1839 493 42 pensionermgsbestämmelser
881 1845 175 39 daglönare
1079 1846 142 33 erhåller
1243 1849 133 41 pension
1399 1850 84 33 först
1507 1851 83 33 efter
1614 1853 41 31 25
1680 1854 54 32 års
1758 1855 198 42 anstäl!ning

356 1883 10 31 I
389 1886 126 30 statens
538 1886 105 41 tjänst
666 1885 61 33 och
751 1888 50 31 att
823 1889 49 30 ett
896 1888 92 32 bifall
1011 1889 50 32 till
1084 1890 61 32 den
1168 1890 223 43 föreliggande
1415 1894 164 33 motionen
1595 1898 79 30 utan
1690 1897 103 33 tvivel
1808 1898 148 34 kommer

357 1928 50 31 att
429 1927 168 33 föranleda
621 1930 143 41 anspråk
785 1931 42 41 på
850 1931 152 34 liknande
1026 1933 134 41 pension
1183 1935 79 32 eller
1285 1936 175 34 understöd
1483 1939 72 32 från
1580 1940 101 32 andra
1703 1952 163 31 personer,
1884 1954 69 22 som
1985 1960 3 3 :

356 1970 10 31 i
389 1972 228 41 entreprenörs
640 1973 104 41 tjänst
767 1974 112 41 längre
903 1975 78 32 eller
1004 1977 131 32 kortare
1160 1977 48 33 tid
1231 1979 149 42 fullgjort
1403 1982 110 32 arbete
1538 1983 33 32 åt
1595 1986 145 31 varvet.»

486 2070 263 37 Statskontoret
776 2070 68 37 har
872 2072 57 37 för
957 2086 97 35 egen
1083 2074 59 37 del
1172 2076 126 37 anfört
1327 2076 181 50 följande:

486 2136 92 33 »Vad
601 2138 157 33 beträffar
781 2139 54 33 det
858 2140 10 32 i
892 2141 164 33 motionen
1079 2154 38 21 nr
1141 2144 40 31 27
1206 2145 123 32 väckta
1352 2146 159 43 förslaget
1535 2158 51 22 om
1611 2149 183 42 beviljande
1818 2162 41 21 av
1874 2162 77 31 pen-

353 2178 70 33 sion
447 2180 34 32 åt
505 2181 212 33 arbeterskan
740 2183 57 33 Ida
820 2183 129 34 Amalia
972 2186 186 42 Häggqvist
1181 2188 52 32 får
1248 2190 240 34 statskontoret
1504 2192 140 43 åberopa
1659 2194 64 31 vad
1735 2195 216 33 varvschefen

354 2222 53 34 vid
430 2224 133 33 flottans
587 2226 123 33 station
733 2226 11 33 i
771 2227 202 35 Karlskrona
996 2230 10 32 i
1030 2230 58 33 sitt
1111 2231 10 32 i
1146 2233 134 32 ärendet
1303 2234 141 41 avgivna
1466 2237 152 40 yttrande
1642 2238 147 41 upplyst;
1814 2239 60 32 och
1898 2240 52 32 får
