2178 2671
630 153 364 42 Bevillningsutskottets
1019 152 208 32 Betänkande
1251 152 61 32 N:o
1334 153 52 31 21.
1727 152 38 31 17

211 246 80 23 som
333 233 12 36 i
376 235 46 35 12
452 233 20 50 &
502 232 253 47 omförmäles,
787 232 71 36 och
885 236 91 31 utan
1006 237 56 31 att
1091 235 97 46 ånyo
1216 232 191 48 företagas
1436 232 101 36 inom
1567 232 53 36 tio
1650 232 161 49 helgfria

210 285 117 49 dygn,
358 286 64 36 det
451 285 196 47 oräknadt,
677 284 213 36 hvarunder
919 284 186 37 afbrottet
1134 284 152 48 skedde,
1317 285 147 49 åligger
1488 284 249 37 tillverkaren
1757 289 55 32 att

209 338 59 36 för
309 338 88 37 hela
439 338 73 37 den
554 337 65 47 tid,
655 336 229 49 afverkning
912 336 82 37 icke
1022 342 66 44 ägt
1115 351 83 22 rum
1226 350 87 23 men
1342 333 342 53 kontrollpersonal
1713 337 99 37 varit

214 390 61 36 vid
303 390 177 37 fabriken
509 362 174 81 anställd,
712 389 57 36 till
797 361 140 81 Kungl.
968 366 101 73 Maj:
1063 395 34 30 ts
1117 389 422 49 befallningshafvande
1563 389 166 37 inbetala
1749 390 63 36 det

211 442 396 50 kontrollpersonalen
647 418 65 59 vid
754 418 175 59 fabriken
964 442 285 35 tillkommande
1292 414 165 80 arfvode,
1494 441 146 36 hvilket
1668 442 141 48 Kungl.

212 494 128 49 Maj:ts
369 492 425 51 befallningshafvande
823 493 109 49 eljest
959 493 97 36 låter
1083 493 69 36 hos
1181 493 139 36 honom
1348 498 154 31 utmäta.

564 658 84 41 Kap.
672 658 55 31 II.
776 656 74 44 Om
876 656 226 34 kontrollen
1126 656 67 35 vid
1215 657 241 34 iabrikerna.

961 774 47 34 14
1033 771 31 50 $.

344 848 319 47 Öfverinseendet
704 858 107 36 öfver
851 858 216 37 kontrollen
1108 858 64 36 vid
1211 858 250 49 tillverkning
1499 858 40 37 af
1564 858 132 37 socker
1725 859 90 37 eller

214 911 103 48 sirup
361 910 41 36 af
439 910 194 37 hvitbetor
660 910 153 37 utöfvas
841 911 41 35 af
907 910 135 37 chefen
1071 911 58 35 för
1156 911 447 48 finansdepartementets
1632 911 182 36 kontroll-

214 963 71 37 och
313 962 316 50 justerimgsbyrå.

961 1086 46 35 15
1037 1085 31 49 $.

348 1172 31 34 1.
435 1170 134 48 Enligt
611 1170 46 37 de
699 1175 175 33 närmare
917 1171 245 47 föreskrifter,
1205 1184 80 24 som
1326 1170 210 38 innehållas
1573 1171 12 36 i
1613 1171 201 50 ordnings-

215 1223 176 48 stadgan,
431 1223 96 36 skall
553 1223 217 36 kontrollen
798 1224 64 36 vid
890 1224 218 36 fabrikerna
1135 1224 60 36 för
1222 1223 249 49 tillverkning
1500 1224 41 36 af
1566 1224 132 36 socker
1726 1224 91 37 eller

215 1275 104 49 sirup
364 1275 40 36 af
441 1274 194 39 hvitbetor
671 1274 121 37 under
834 1276 132 49 tillsyn
998 1276 41 36 af
1063 1275 362 37 öfverkontrollörer
1452 1276 150 37 utöfvas
1631 1277 39 35 af
1694 1276 118 37 förste

214 1327 267 50 kontrollörer,
512 1327 221 36 assistenter
762 1329 69 35 och
860 1328 260 37 kontrollörer.

345 1381 33 34 2.
436 1356 372 61 Öfverkontrollörer
850 1380 199 37 förordnas
1092 1380 41 36 af
1156 1380 143 48 Kungl.
1328 1380 119 49 Maj:t,
1478 1393 80 24 som
1586 1381 230 36 bestämmer

215 1431 84 36 dem
328 1431 287 36 tillkommande
643 1433 226 48 ersättning.

345 1485 33 34 3.
433 1483 136 36 Förste
597 1461 267 70 kontrollörer,
893 1484 219 36 assistenter
1131 1484 70 37 och
1221 1484 253 36 kontrollörer
1493 1489 102 31 utses
1615 1484 42 36 af
1671 1484 143 49 Kungl.

215 1535 130 49 Maj:ts
374 1534 425 49 befallningshafvande
828 1537 97 36 efter
953 1536 144 49 förslag
1127 1536 40 36 af
1182 1536 285 36 vederbörande
1488 1536 328 47 öfverkontrollör,

215 1592 110 41 samt,
355 1587 102 36 hvad
484 1588 118 35 förste
630 1587 303 37 kontrollörerna
963 1591 130 45 angår,
1130 1588 97 36 efter
1256 1588 157 36 chefens
1441 1588 59 36 för
1535 1588 183 36 kontroll-
1748 1589 70 36 och

209 1638 340 49 justeringsbyrån
576 1639 179 37 hörande.

345 1693 34 34 4,
434 1690 245 49 Dagarfvode
707 1694 115 46 utgår
851 1692 40 36 af
917 1691 219 37 statsmedel
1164 1691 56 37 till
1248 1691 118 37 förste
1396 1691 208 37 kontrollör
1636 1692 85 37 med
1749 1692 74 36 tolf

215 1743 155 47 kronor,
399 1743 59 36 till
487 1742 178 37 assistent
693 1744 86 36 med
809 1747 77 33 åtta
909 1744 142 37 kronor
1072 1744 70 37 och
1162 1743 56 37 till
1238 1744 211 36 kontrollör
1468 1744 85 37 med
1573 1757 67 24 sex
1659 1744 157 46 kronor;

216 1795 71 36 och
329 1794 164 37 erhåller
521 1795 142 36 enhvar
692 1795 40 37 af
758 1796 83 37 dem
872 1796 204 48 dessutom,
1106 1809 59 23 om
1194 1809 83 24 resa
1306 1796 263 48 förekommer,
1597 1800 220 33 reseersätt-

215 1847 98 49 ning
340 1846 85 37 med
453 1847 54 36 tio
537 1847 140 37 kronor
705 1848 59 36 för
792 1848 130 49 hvarje
951 1851 117 47 gång,
1098 1848 75 37 han
1201 1848 168 37 inträder
1397 1848 12 36 i
1436 1848 263 49 tjänstgöring
1727 1847 91 39 eller

217 1899 85 36 från
331 1912 47 23 en
406 1899 57 36 till
494 1912 124 23 annan
646 1900 127 36 fabrik
800 1900 200 48 förflyttas.

348 1952 32 35 5.
437 1951 76 36 Vid
555 1951 258 37 sockerfabrik
855 1952 106 36 skola
994 1956 123 33 såsom
1146 1952 342 49 kontrollpersonal
1516 1966 89 23 vara
1633 1953 186 37 anställda

218 2015 49 24 en
295 2002 119 37 förste
443 2003 218 48 kontrollör,
690 2007 66 33 två
786 2005 221 36 assistenter
1027 2005 71 36 och
1117 2004 85 48 fyra
1221 2004 261 37 kontrollörer.
1538 2004 78 37 Där
1635 2005 185 37 särskilda

219 2055 330 49 omständigheter
590 2056 136 36 sådant
760 2057 209 47 föranleda,
999 2061 92 44 äger
1119 2057 97 36 dock
1243 2056 142 49 Kungl.
1415 2057 127 49 Maj:ts
1570 2057 248 49 befallnings-

218 2106 193 37 hafvande
438 2107 179 37 förordna
645 2113 54 31 ett
727 2113 120 32 större
875 2109 102 36 antal
1005 2108 264 37 kontrollörer.

349 2161 32 34 6.
438 2158 73 37 Vid
539 2160 253 49 sirupsfabrik
820 2160 95 37 skall
945 2173 90 24 vara
1063 2160 163 37 anställd
1254 2174 47 23 en
1328 2161 117 36 förste
1473 2160 218 38 kontrollör.

352 2213 32 33 7.
440 2211 233 37 Tillverkare
692 2225 90 24 vare
802 2212 156 49 skyldig
978 2218 65 42 att,
1066 2215 40 34 så
1125 2212 114 49 länge
1258 2213 118 37 förste
1396 2213 220 49 kontrollör,
1643 2213 177 38 assistent

308 2272 72 31 Bih.
406 2273 49 31 till
479 2272 111 32 Biksd.
614 2272 88 32 Prot.
730 2275 93 31 1905.
869 2276 20 29 5
913 2274 97 32 Saml.
1057 2275 18 30 1
1101 2273 77 40 Afd.
1224 2275 42 30 21
1291 2274 92 40 Häöft.
1759 2275 19 31 3
