2175 2669
629 172 359 45 Bevillningsutskottets
1011 176 205 32 Betänkande
1240 173 61 36 N:o
1324 179 53 30 21.
1703 177 38 34 41

193 251 198 50 tillkomst,
422 258 97 31 samt
547 253 57 36 för
632 255 310 37 raffinaderierna
969 257 163 48 uugefär
1161 269 142 24 samma
1330 257 192 49 tullskydd
1551 271 81 24 som
1649 259 63 36 vid
1731 259 56 36 in-

193 305 175 36 förandet
397 305 41 36 af
462 319 50 23 nu
541 306 176 49 gällande
745 308 201 38 tullsatser.
1004 307 201 38 Sannolikt
1233 309 170 38 kommer
1432 310 210 38 emellertid
1663 311 11 36 i
1694 312 93 49 följd

194 358 40 35 af
271 358 141 36 tullens
454 359 191 48 sänkning
686 361 119 48 priset
838 364 19 33 å
885 361 221 36 raffineradt
1134 361 132 37 socker
1295 367 66 43 att,
1391 363 57 36 till
1477 363 121 37 fördel
1626 364 60 37 för
1715 365 72 36 den

194 410 301 37 konsumerande
526 411 261 50 allmänheten,
816 413 11 36 i
857 416 125 47 någon
1009 417 84 33 mån
1126 414 169 48 sjunka.»

325 515 123 37 Ofvan
470 517 258 49 omförmälda,
750 519 40 36 af
805 519 132 37 herrar
957 519 154 47 Brodin,
1131 519 197 49 Karlsson,
1350 511 174 46 Åkesson
1544 521 70 37 och
1633 521 24 38 J
1661 535 126 37 esper-

195 580 69 24 son
305 568 136 37 väckta
476 569 189 37 motioner
693 570 133 38 beröra
859 571 177 48 samtliga
1078 571 135 49 frågan
1242 586 60 23 om
1331 573 128 36 hvilka
1486 574 191 37 tullsatser
1706 589 81 23 som

194 620 92 37 böra
331 623 141 34 åsättas
519 622 143 48 socker,
711 623 69 37 och
822 624 234 37 sistnämnda
1098 625 144 36 motion
1285 625 186 49 därjämte
1513 627 193 37 storleken
1750 627 42 38 af

194 673 265 37 skattesatsen.

324 778 97 37 Herr
449 780 143 36 Brodin
622 781 108 36 anför
758 781 12 36 1
798 781 58 37 sin
885 781 144 38 motion
1057 782 183 49 följande:

326 831 106 37 »Deno
474 832 162 37 svenska
678 834 346 37 sockerindustrien
1066 835 67 36 har
1175 835 96 36 varit
1312 836 153 49 mycket
1507 836 203 38 omhuldad
1752 838 39 36 af

196 882 233 50 Riksdagen,
473 897 80 24 som
594 885 121 37 under
756 899 46 23 en
843 887 91 49 lång
974 886 94 50 följd
1111 887 40 36 af
1185 890 40 33 år
1253 887 158 50 beviljat
1440 889 216 37 densamma
1686 890 102 49 höga

196 935 440 50 tillverkningspremier.
695 938 114 37 Detta
850 939 67 36 har
952 939 164 36 medfört
1145 940 73 36 den
1246 940 100 48 goda
1374 941 154 48 verkan,
1560 947 53 31 att
1640 942 148 37 landets

197 986 117 39 behof
340 988 40 36 af
406 989 133 36 sockor
568 1003 50 22 nu
647 990 196 37 tillverkas
872 991 103 36 inom
1003 991 139 48 landet,
1171 995 48 46 på
1248 1006 143 24 samma
1419 996 106 48 gång
1553 1008 80 23 som
1649 995 137 49 jorden

195 1038 11 37 1
236 1040 45 37 de
310 1040 156 49 trakter,
504 1041 66 37 där
602 1042 199 50 betodling
828 1043 136 49 idkats,
993 1044 249 49 upparbetats
1270 1045 12 35 i
1310 1045 79 50 hög
1417 1046 138 48 kultur,
1586 1047 69 36 och
1683 1048 107 36 torde

195 1093 223 48 antagligen
447 1094 285 37 vederbörande
757 1095 206 49 jordägare
992 1096 222 49 härigenom
1244 1097 146 37 erhållit
1418 1104 121 31 större
1570 1099 220 49 afkastning

196 1144 41 36 al
274 1145 59 36 sin
370 1145 88 48 jord
503 1150 47 32 än
580 1147 224 37 annorledes
833 1148 99 36 varit
961 1148 162 49 möjligt.
1180 1148 289 39 Sockerbruken
1497 1151 113 37 hafva
1634 1151 114 37 äfven
1778 1153 12 34 i

197 1196 207 38 allmänhet
432 1198 105 49 gjort
565 1199 165 37 särdeles
758 1200 101 48 goda
880 1200 144 48 affärer,
1046 1201 68 36 och
1134 1201 114 36 hafva
1269 1202 84 36 dess
1375 1203 228 49 aktieägare,
1625 1203 164 37 förutom

200 1249 101 49 goda
329 1250 257 50 utdelningar,
616 1251 12 36 i
657 1252 90 36 flera
777 1252 66 36 fall
872 1252 71 36 fått
972 1252 64 37 sitt
1064 1253 144 49 kapital
1236 1254 192 49 betydligt
1455 1255 186 37 förökadt.

327 1302 56 36 Då
425 1301 281 51 premieringen
748 1304 57 36 för
847 1304 345 38 sockerindustrien
1234 1319 50 23 nu
1317 1310 132 46 pågått
1476 1308 121 37 under
1625 1322 46 23 en
1699 1308 91 49 lång

198 1354 95 49 följd
336 1355 41 35 af
415 1358 40 33 år
484 1356 69 36 och
582 1356 122 37 denna
732 1356 233 50 premiering
993 1358 107 37 ökats
1129 1371 139 36 genom
1296 1359 120 49 högre
1446 1360 267 50 sockorutbyte
1743 1366 46 31 än

199 1420 80 23 som
308 1407 203 37 beräknats
539 1408 59 37 för
627 1409 160 48 skatten,
816 1409 106 37 torde
951 1410 103 37 tiden
1085 1423 91 24 vara
1204 1411 88 36 inne
1321 1417 53 31 att
1403 1412 112 37 äfven
1544 1417 90 45 taga
1663 1416 127 46 någon

198 1459 151 49 hänsyn
395 1459 56 37 till
497 1460 73 37 den
611 1461 437 38 sockerkonsumerande
1090 1463 265 48 allmänheten,
1399 1478 79 23 som
1520 1465 73 36 fått
1634 1465 157 36 bekosta

199 1512 284 49 premicringen
525 1526 137 36 genom
705 1514 163 49 oskäligt
905 1514 102 49 höga
1035 1515 265 49 sockerpriser.
1356 1516 133 37 Denna
1518 1517 273 37 allmänbetens

200 1564 172 49 oskäliga
413 1565 247 49 beskattning
701 1566 67 36 har
803 1567 126 36 blifvit
962 1567 179 37 särskildt
1168 1568 185 49 påtaglig,
1383 1569 116 37 sedan
1528 1570 263 37 sockerbruks-

200 1616 165 37 bolagen
406 1630 140 36 genom
588 1619 343 49 sammanslutning
970 1619 152 37 hindrat
1164 1634 74 35 nya
1267 1621 133 48 bolags
1429 1621 263 50 uppträdande
1721 1622 70 36 och

202 1668 222 49 därigenom
454 1671 295 48 monopoliserat
777 1671 319 37 sockeraffärerna
1124 1671 12 36 1
1165 1671 170 49 Sverige.

329 1720 70 37 Om
446 1735 87 23 man
573 1725 48 45 på
662 1723 126 48 grund
830 1724 41 35 af
913 1729 150 31 senaste
1109 1724 439 41 kommittébetänkande
1595 1726 197 49 angående

200 1771 250 50 beskattning
488 1774 39 35 af
555 1773 616 51 hvitbetssockertillverkningen,
1203 1776 163 48 afgifvet
1394 1778 72 36 den
1499 1780 43 34 17
1573 1779 75 47 maj
1681 1780 110 46 1904,

201 1825 70 35 och
302 1825 85 36 med
415 1825 160 49 ledning
604 1827 39 35 af
668 1840 45 23 en
735 1827 12 36 i
766 1827 233 36 Ekonomisk
1027 1828 197 48 Tidskrift,
1254 1829 93 36 häft.
1376 1831 58 46 12,
1456 1833 40 33 år
1517 1831 98 35 1904
1634 1831 156 47 intagen

202 1877 146 48 artikel,
378 1878 227 37 »Reformen
635 1879 40 36 af
699 1882 67 33 vår
794 1879 402 50 sockerbeskattning»
1227 1880 40 37 af
1289 1881 84 36 Joh.
1406 1881 40 37 CO.
1477 1882 176 48 Lembke,
1683 1883 110 36 söker

201 1930 132 36 utreda
362 1930 227 37 hithörande
618 1931 273 49 förhållanden,
921 1935 40 33 så
988 1933 123 36 finner
1139 1947 102 22 man:

332 1987 64 43 att,
439 1983 122 49 enligt
603 1983 280 37 ofvannämnda
924 1985 453 48 kommittébetänkande,
1419 1986 119 49 priset
1574 1989 45 47 på
1647 1987 144 37 världs-

201 2034 230 37 marknaden
475 2036 59 36 för
575 2035 107 49 tyskt
722 2036 198 37 betsocker
962 2037 40 36 af
1040 2039 46 35 88
1116 2043 159 44 procont
1302 2038 26 36 f.
1359 2051 31 23 o.
1420 2037 35 37 hb.
1486 2039 200 48 Hamburg
1714 2053 77 34 var,

200 2086 226 37 reduceradt
466 2087 54 36 till
565 2088 156 36 svenskt
764 2094 118 44 mynt,
925 2102 124 24 såsom
1091 2090 68 36 här
1191 2090 135 50 nedan
1346 2091 216 49 uppgifves.
1619 2091 174 37 Priserna

201 2145 47 42 på
278 2139 157 36 svenskt
462 2140 178 37 råsocker
668 2145 191 45 upptagas
889 2141 113 37 äfven
1031 2142 122 48 enligt
1180 2155 142 24 samma
1350 2142 252 49 betänkande,
1632 2157 84 23 men
1747 2144 46 36 då

201 2190 119 50 priset
355 2194 48 46 på
436 2192 62 36 det
527 2193 161 36 svenska
716 2194 192 36 råsockret
936 2196 41 34 är
1004 2199 185 44 upptaget
1217 2194 56 37 till
1303 2197 46 34 92
1378 2201 155 44 procent
1561 2195 231 49 rendement,

292 2253 71 31 Bih.
389 2254 49 31 till
462 2253 110 32 Riksd.
597 2254 88 32 Prot.
713 2256 94 32 1905.
855 2257 20 29 5
898 2256 98 32 Saml.
1045 2257 17 30 1
1088 2255 77 41 Afd.
1211 2257 42 32 21
1278 2256 92 41 Iäft.
1731 2257 18 34 6

1808 800 69 24 Ierr
1899 799 114 25 Brodins

1857 836 104 26 molion,
