1868 2766
461 156 277 31 Statsutskottets
758 156 173 30 utlåtande
951 167 40 19 nr
1009 158 61 29 110
1090 155 37 31 år
1145 157 83 34 1964
1550 161 39 27 27

103 237 105 31 måtte
224 237 130 32 besluta
370 241 53 27 att
439 236 49 32 till
504 236 146 32 Teknisk
667 236 170 40 forskning
853 236 50 31 för
918 235 198 40 budgetåret
1134 235 141 36 1964/65
1293 234 116 32 anvisa
1425 239 51 27 ett
1492 244 99 21 reser-

103 290 246 40 vationsanslag
363 301 43 21 av
423 294 38 28 17
474 293 59 29 200
546 293 60 29 000
622 290 58 37 kr.;

143 343 69 32 dels
241 355 40 20 en
311 343 89 32 inom
429 344 103 31 andra
562 343 193 31 kammaren
784 354 43 20 av
856 343 75 31 herr
957 342 143 31 Hamrin
1128 341 10 32 i
1166 341 140 32 Kalmar
1333 341 103 31 väckt
1464 340 128 32 motion

105 398 60 39 (II:
178 397 88 40 929),
281 397 82 37 vari,
378 397 103 31 såvitt
496 408 46 20 nu
558 400 37 28 är
609 396 9 31 i
634 396 102 40 fråga,
751 396 185 31 hemställts
952 400 53 27 att
1020 395 9 31 i
1045 394 246 40 propositionen
1307 405 38 20 nr
1362 398 38 28 69
1417 394 174 40 föreslaget

102 450 333 40 reservationsanslag
453 450 48 31 till
520 450 146 31 Teknisk
684 449 170 41 forskning
872 449 105 31 måtte
996 449 81 31 ökas
1093 448 75 31 med
1188 451 59 28 750
1261 451 61 28 000
1339 448 59 37 kr.;

143 504 68 31 dels
228 504 62 31 ock
306 515 41 20 en
364 503 88 32 inom
468 504 106 31 andra
590 503 192 31 kammaren
798 514 42 20 av
858 502 51 32 fru
926 503 125 39 Sjövall
1067 502 102 31 väckt
1184 500 128 33 motion
1331 501 61 40 (II:
1405 501 87 40 933),
1510 499 80 38 vari,

102 557 103 32 såvitt
219 568 45 20 nu
278 560 37 28 är
328 557 10 31 i
352 557 101 39 fråga,
467 556 185 32 hemställts
666 561 53 27 att
732 556 174 40 riksdagen
920 556 51 31 för
984 555 198 40 budgetåret
1198 555 141 36 1964/65
1354 554 107 31 måtte
1475 553 116 33 anvisa

102 610 48 32 till
167 610 148 32 Teknisk
333 610 169 40 forskning
521 614 51 27 ett
589 609 333 40 reservationsanslag
940 620 42 20 av
1002 611 38 28 15
1053 611 59 28 200
1126 611 59 28 000
1204 608 48 31 kr.

143 663 216 32 Beträffande
379 662 279 40 motiveringarna
677 663 50 31 för
747 662 251 40 ifrågavarande
1017 661 317 39 motionsyrkanden
1354 661 51 31 får
1424 661 168 31 utskottet

101 717 138 31 hänvisa
258 717 49 31 till
327 716 205 32 motionerna
551 716 48 32 II:
612 719 69 34 929,
700 716 47 31 IT:
761 719 60 28 932
839 716 61 31 och
919 715 47 31 II:
980 718 69 28 933.

145 824 183 31 Utskottet.
355 823 122 40 Kungl.
504 823 120 39 Maj:ts
650 823 121 40 förslag
797 823 10 31 i
833 822 245 40 propositionen
1105 833 39 20 nr
1171 825 39 28 69
1238 821 145 37 innebär,
1411 821 103 31 såvitt
1539 823 53 29 rör

101 878 113 39 anslag
231 877 106 31 under
353 876 113 32 tionde
484 876 223 37 huvudtiteln,
725 881 52 27 att
795 877 148 38 anslaget
961 876 49 31 till
1029 880 126 27 statens
1173 875 153 31 tekniska
1344 874 246 40 forskningsråd

101 931 191 39 uppräknas
315 930 73 31 från
411 933 59 28 244
483 933 62 28 000
568 930 48 31 kr.
639 929 49 32 till
712 932 59 29 364
785 933 61 28 000
869 930 47 31 kr.
940 929 60 31 och
1024 929 148 40 anslaget
1195 928 48 31 till
1268 928 132 31 teknisk
1421 927 170 40 forskning

101 984 73 31 från
191 987 48 34 8,1
258 983 152 39 miljoner
427 983 48 31 kr.
494 983 49 31 till
563 986 68 34 13,2
649 983 152 39 miljoner
817 983 48 31 kr.
884 983 212 31 Sistnämnda
1112 982 114 40 anslag
1242 982 135 31 föreslås
1394 981 96 32 alltså
1508 992 82 28 upp-

101 1038 120 31 räknat
245 1037 76 31 med
345 1047 90 21 mera
459 1039 42 29 än
528 1040 40 27 50
580 1036 48 40 Zg,
653 1036 104 31 vilket
782 1047 56 29 ger
860 1036 152 31 tekniska
1036 1035 282 40 forskningsrådet
1344 1034 170 40 möjlighet
1539 1038 52 28 att

101 1090 190 40 ytterligare
309 1089 201 32 intensifiera
529 1090 61 31 och
609 1090 125 31 bredda
751 1089 253 32 verksamheten
1023 1089 43 39 på
1083 1088 59 32 sitt
1160 1088 71 32 fält.
1250 1088 178 31 Utskottet
1444 1087 148 32 biträder

100 1144 123 39 Kungl.
246 1143 121 39 Maj:ts
390 1143 129 40 förslag.
544 1143 115 31 Härav
683 1142 95 39 följer
802 1147 52 27 att
878 1143 166 31 utskottet
1068 1142 176 39 avstyrker
1267 1142 41 31 de
1331 1142 111 39 längre
1466 1141 125 41 gående

101 1197 172 39 yrkanden
291 1196 211 32 beträffande
519 1197 241 39 uppräknande
778 1208 43 20 av
839 1196 147 40 anslaget
1006 1195 49 32 till
1073 1195 132 32 teknisk
1224 1194 170 41 forskning
1412 1206 70 20 som
1502 1195 88 31 inne-

101 1250 103 32 fattas
225 1250 4 31 i
244 1249 207 32 motionerna
466 1250 29 31 I:
509 1253 60 28 762
585 1250 61 31 och
659 1250 47 31 II:
719 1253 70 34 932,
806 1250 47 31 II:
866 1252 59 28 929
942 1254 86 27 samt
1043 1249 47 31 II:
1104 1252 69 28 933.
1189 1249 115 31 Såsom
1320 1249 9 31 i
1344 1248 246 39 propositionen

100 1323 42 4 —
159 1304 61 31 och
240 1303 125 40 jämväl
386 1303 10 31 i
415 1303 246 39 propositionen
682 1314 38 20 nr
739 1306 39 28 96
797 1322 43 4 —
857 1303 176 31 förutsatts
1052 1302 61 32 bör
1130 1302 73 31 från
1222 1302 149 39 anslaget
1390 1301 50 32 till
1459 1301 132 32 teknisk

101 1356 168 40 forskning
284 1357 106 30 under
402 1356 199 40 budgetåret
617 1356 141 36 1964/65
774 1356 50 31 till
839 1356 177 31 stiftelsens
1031 1355 51 32 för
1096 1354 224 40 exploatering
1332 1366 43 20 av
1391 1354 199 40 forsknings-

100 1410 139 31 resultat
256 1409 150 40 (EFOR)
424 1409 213 31 verksamhet
650 1409 80 40 utgå
748 1409 220 39 sammanlagt
984 1412 60 27 200
1057 1412 59 28 000
1133 1408 48 31 kr.

142 1463 72 31 Vad
239 1462 10 31 i
274 1461 109 41 övrigt
408 1462 9 31 i
442 1461 216 32 förevarande
684 1462 240 40 sammanhang
948 1461 126 32 anförts
1100 1461 61 31 och
1187 1460 183 41 föreslagits
1395 1461 127 31 lämnas
1547 1472 43 20 av

100 1519 167 32 utskottet
288 1522 83 28 utan
391 1517 138 32 erinran.

140 1571 221 40 Åberopande
379 1571 57 32 det
454 1571 139 31 anförda
611 1570 188 31 hemställer
817 1569 177 37 utskottet,

459 1624 28 32 I.
510 1628 52 27 att
582 1623 173 40 riksdagen
774 1623 55 31 må
848 1621 152 40 medgiva
1020 1625 53 28 att
1092 1620 56 32 vid
1168 1625 126 27 statens
1314 1620 153 32 tekniska
1486 1620 103 32 forsk-

419 1677 155 40 ningsråd
589 1677 39 31 fr.
640 1688 29 20 o.
681 1687 43 21 m.
739 1675 198 40 budgetåret
954 1675 142 36 1964/65
1111 1674 139 31 inrättas
1266 1685 40 20 en
1321 1678 93 27 extra
1428 1672 161 33 ordinarie

420 1730 106 40 tjänst
554 1741 71 20 som
653 1729 198 32 biträdande
879 1728 199 31 sekreterare
1107 1727 10 31 i
1145 1727 48 32 Ae
1205 1731 39 27 25
1274 1731 88 27 samt
1389 1726 200 40 bemyndiga

418 1784 124 39 Kungl.
561 1782 104 40 Maj:t
685 1787 53 27 att
757 1782 165 31 fastställa
941 1779 359 41 personalförteckning
1320 1780 10 31 i
1350 1782 249 29 överensstäm-:

419 1837 99 30 melse
534 1836 147 36 härmed;

459 1889 46 31 II.
528 1893 53 27 att
601 1888 173 39 riksdagen
796 1887 55 31 må
873 1887 48 31 till
942 1887 134 31 Statens
1098 1885 153 32 tekniska
1270 1885 249 40 forskningsråd
1540 1886 50 30 för

418 1942 198 39 budgetåret
640 1940 140 36 1964/65
803 1940 20 31 å
845 1939 247 39 driftbudgeten
1115 1939 104 30 under
1241 1938 113 31 tionde
1376 1937 213 32 huvudtiteln

420 1995 115 32 anvisa
550 1999 49 27 ett
613 1993 251 40 förslagsanslag
877 2004 42 20 av
935 1994 59 30 364
1007 1995 59 28 000
1081 1992 58 37 kr.;

459 2048 65 31 III.
547 2052 52 27 att
621 2047 172 39 riksdagen
816 2046 64 37 må,
902 2046 75 30 med
999 2044 90 32 bifall
1112 2044 49 32 till
1183 2044 122 39 Kungl.
1327 2043 119 39 Maj:ts
1469 2044 121 38 förslag

419 2105 87 27 samt
524 2101 75 30 med
619 2100 113 39 avslag
749 2099 19 31 å
787 2098 206 32 motionerna
1012 2098 28 31 I:
1053 2101 60 28 762
1132 2097 60 31 och
1212 2097 47 31 II:
1272 2100 71 34 932,
1363 2097 46 31 II:
1422 2100 60 28 929
1502 2100 87 27 samt

418 2154 47 31 II:
484 2157 65 33 933,
576 2152 151 40 samtliga
753 2151 164 31 motioner
941 2150 103 32 såvitt
1070 2161 44 20 nu
1141 2153 37 28 är
1203 2149 9 31 i
1239 2150 102 39 fråga,
1368 2149 49 31 till
1447 2150 141 30 Teknisk

417 2206 171 39 forskning
605 2205 51 31 för
672 2205 199 38 budgetåret
890 2203 141 36 1964/65
1050 2203 19 31 å
1087 2202 248 39 driftbudgeten
1355 2202 104 31 under
1477 2201 111 32 tionde

419 2258 212 31 huvudtiteln
650 2257 114 31 anvisa
782 2261 51 26 ett
850 2255 332 39 reservationsanslag
1199 2266 42 20 av
1262 2258 37 27 13
1312 2258 59 27 200
1384 2258 59 27 000
1463 2255 47 31 kr.

141 2322 190 32 Stockholm
352 2321 62 30 den
436 2324 37 27 12
492 2319 67 39 maj
582 2321 78 28 1964

600 2389 47 31 På
667 2388 269 32 statsutskottets
957 2390 135 36 vägnar:

621 2460 149 31 ERNST
790 2460 38 30 V.
849 2457 215 33 STAXANG
