2154 2657
320 243 38 29 28
613 239 228 32 Sammansatta
865 239 95 31 Stats-
984 238 50 32 och
1058 237 222 42 Lagutskottets
1307 235 161 31 Utlåtande
1491 233 77 40 (N:o
1591 234 42 38 5).

502 337 129 48 Kongl.
662 336 130 49 Maj:ts
812 336 156 49 förslag.
1359 332 185 37 Utskottets
1562 331 156 50 förslag.

315 423 135 49 tigaste
491 421 263 38 företeelserna
795 423 9 35 i
843 427 156 31 naturen
1031 420 72 38 för-

315 476 134 35 klaras.

400 527 188 47 Teckniny.
632 525 50 37 På
709 525 48 37 fri
786 525 100 37 hand
914 526 87 36 eller
1019 525 82 37 med

315 579 162 50 tillhjelp
504 578 42 37 af
562 579 226 36 instrument
806 577 104 37 öfvas
929 578 174 48 teckning

315 630 42 38 af
373 632 151 49 figurer,
545 631 84 36 med
649 631 241 48 tillämpning
908 629 46 50 på
973 629 44 37 de
1040 630 63 36 all-

314 690 176 29 männast
544 682 308 37 förekommande
904 681 197 49 husgeråd,

313 735 163 48 verktyg
494 747 48 23 m.
561 747 60 32 m.,
640 732 193 38 äfvensom
856 731 136 37 sådana
1010 731 92 37 före-

314 784 85 47 mål,
427 786 148 37 hvilkas
599 784 218 38 afbildande
835 791 40 30 är
894 783 136 51 egnadt
1049 789 53 31 att

315 838 88 36 odla
430 838 311 36 skönhetssinnet.

395 888 225 48 (rymnastik.
675 887 123 48 Gång-
838 888 69 35 och
943 888 157 35 marsch-

314 939 178 49 öfningar
516 940 174 36 omvexla
713 938 86 38 med
814 938 198 37 fristående
1033 939 68 36 och

313 991 407 49 redskapsgymnastik.

393 1043 249 48 Handaslöjd.
697 1034 145 57 Öfning
877 1042 10 35 i
926 1042 177 48 lämpliga

315 1095 152 35 enklare
504 1094 266 44 handarbeten,
811 1106 79 22 som
931 1094 172 35 utveckla

316 1145 70 35 och
401 1146 127 35 stärka
539 1146 159 35 barnens
714 1143 281 49 kroppskrafter
1009 1151 94 29 samt

314 1195 202 36 förbereda
544 1195 84 35 dem
646 1196 58 34 till
723 1195 125 48 nyttig
871 1195 231 36 verksamhet

315 1245 95 37 efter
437 1246 205 35 skoltidens
670 1247 84 34 slut.

1076 1327 18 50 $
1126 1332 56 35 18.

420 1431 75 37 Vid
532 1432 128 48 hvarje
695 1431 155 36 termins
881 1432 74 35 slut
982 1432 173 36 anställas
1183 1431 129 37 förhör
1340 1431 68 36 och
1436 1430 222 49 uppvisning
1685 1429 84 37 med
1796 1429 135 48 lärjun-

316 1496 116 37 garne
460 1481 102 38 inför
588 1484 148 35 skolans
764 1483 162 48 styrelse.
979 1482 70 38 Om
1078 1483 69 37 och
1176 1490 67 29 när
1271 1482 192 50 offentliga
1490 1482 167 36 examina
1685 1481 104 36 skola
1806 1480 124 45 hållas,

316 1548 66 34 egce
410 1535 182 49 styrelsen
621 1540 54 30 att
702 1535 213 35 bestämma.
1806 1541 10 11 ?

1077 1634 17 49 $
1126 1640 57 34 19.

419 1740 74 36 För
530 1745 55 31 att
619 1739 221 37 underhålla
875 1740 71 36 den
983 1739 243 38 döfstummes
1265 1739 71 50 håg
1371 1739 58 37 för
1456 1740 207 49 kunskaper
1690 1745 96 30 samt
1811 1738 119 49 stödja

317 1792 94 36 hans
448 1792 173 48 religiösa
656 1791 69 36 och
762 1791 141 49 sedliga
937 1791 46 36 lif
1010 1791 72 37 låte
1108 1793 183 48 styrelsen
1318 1793 56 47 sig
1401 1792 190 48 angeläget
1616 1805 89 23 vara
1732 1796 62 40 att,
1828 1792 6 36 i
1860 1790 71 38 den

317 1842 89 37 mån
444 1842 369 50 omständigheterna
847 1841 198 51 medgifva,
1082 1842 158 50 erbjuda
1275 1842 192 51 utgångna
1492 1843 187 51 lärjungar
1705 1841 146 38 tillfälle
1878 1847 54 32 att

316 1894 124 38 under
480 1894 125 52 någon
645 1895 116 37 vecka
798 1893 41 38 af
868 1894 77 38 året
979 1895 136 37 besöka
1145 1895 139 47 skolan,
1313 1895 48 37 då
1383 1895 138 51 jemväl
1545 1894 161 38 tillträde
1731 1895 59 36 till
1816 1893 43 39 H.
1886 1893 44 38 H.

317 1946 188 39 Nattvard
533 1948 60 36 må
620 1949 129 35 kunna
777 1947 152 37 beredas
957 1948 92 45 dem,
1076 1961 79 23 som
1185 1948 62 36 det
1273 1948 167 37 åstunda.

500 2084 130 49 Kongl.
660 2084 130 48 Maj:ts
810 2084 156 48 förslag.
1371 2085 184 36 Utskottets
1574 2084 156 49 förslag.

678 2184 21 51 $
730 2190 57 35 20.
1486 2184 20 52 8
1536 2191 55 35 20.

398 2273 69 38 Att
512 2273 112 39 hafva
663 2274 176 38 inseende
880 2273 104 39 öfver
1027 2274 78 38 döt-
1234 2274 75 38 Att
1348 2275 111 38 hafva
1497 2276 169 37 inseende
1706 2275 104 38 öfver
1853 2275 79 39 döf-

321 2327 279 38 stumskolorna
632 2333 95 32 samt
753 2328 97 37 vaka
872 2326 104 40 öfver
1003 2327 103 39 deras
1160 2329 276 38 stumskolorna
1463 2335 92 32 samt
1577 2330 93 38 vaka
1697 2328 104 40 öfver
1828 2329 103 39 deras
