2204 2640
388 215 19 30 8
916 214 258 28 Bankoutskottets
1195 213 153 28 utlåtande
1370 211 50 29 Nr
1445 212 47 28 14.

485 291 299 38 Vidkommande
812 291 178 48 slutligen
1018 289 63 37 det
1107 291 13 34 i
1147 285 19 51 $
1194 290 46 35 32
1270 302 44 23 av
1342 289 242 49 reglementet
1611 287 245 37 omförmälda
1884 288 120 35 ansla-

383 351 63 43 get
486 346 58 34 till
584 343 162 38 arvoden
784 346 37 33 åt
849 347 106 31 extra
981 341 187 37 ordinarie
1195 342 226 47 tjänstemän
1449 341 69 35 och
1545 340 248 36 vaktmästare
1821 344 95 31 samt
1943 339 59 35 till

382 397 177 47 belöning
585 395 59 36 för
671 400 106 30 extra
804 394 162 43 arbeten,
995 406 53 21 nu
1078 393 135 42 11,000
1241 392 147 44 kronor,
1420 392 92 35 hava
1540 390 234 48 fullmäktige
1799 389 202 47 föreslagit,

382 452 54 30 att
463 447 203 35 detsamma
692 447 115 33 måtte
834 444 222 35 bestämmas
1084 447 54 30 att
1165 441 83 36 från
1277 442 68 34 och
1373 441 85 35 med
1485 444 39 32 år
1554 442 95 34 1915
1678 443 89 44 utgå
1786 440 85 35 med
1891 440 110 43 9,000

383 497 147 34 kronor.

483 546 80 36 Den
591 558 44 23 av
662 545 182 35 utskottet
872 543 66 35 här
965 555 93 23 ovan
1076 541 212 48 föreslagna
1307 540 206 49 ändringen
1532 540 158 36 rörande
1710 539 138 36 antalet
1868 539 135 35 kvinn-

382 597 76 48 liga
496 596 172 36 biträden
708 594 105 37 torde
854 595 79 34 icke
973 593 151 35 inverka
1164 595 47 45 på
1247 593 186 47 anslagets
1461 592 148 48 belopp,
1638 591 68 35 och
1735 589 57 37 får
1820 590 184 35 utskottet

384 646 125 37 därför
535 647 147 35 biträda
709 645 256 46 fullmäktiges
993 642 151 48 förslag.

483 688 247 56 Åberopande
758 695 71 35 vad
856 693 156 36 sålunda
1039 692 155 44 anförts,
1223 691 58 36 får
1309 692 182 34 utskottet
1518 691 205 43 hemställa,

786 749 56 31 att
868 743 197 47 riksdagen
1093 745 60 32 må

886 791 49 48 A)
976 793 182 46 medgiva,
1195 797 55 31 att
1285 793 13 34 i
1329 790 375 49 riksgäldskontorets
1732 790 267 47 avlöningsstat

785 849 60 32 må
898 844 178 49 uppföras
1129 846 62 33 två
1231 843 190 48 kvinnliga
1461 840 418 49 biträdesbefattningar
1915 840 85 36 med

785 896 165 47 följande
978 893 398 49 avlöningsförmåner:
1405 894 62 34 lön
1493 894 109 42 1,050
1621 892 137 35 kronor
1777 892 69 35 och
1865 891 135 47 tjänst-

786 946 364 47 göringspenningar
1190 946 72 33 550
1299 945 138 34 kronor
1472 944 118 46 jämte
1630 945 62 32 två
1732 941 264 48 ålderstillägg,

785 996 171 36 vartdera
998 998 20 32 å
1060 996 70 34 200
1171 995 148 42 kronor,
1361 992 93 37 efter
1495 1006 94 34 resp.
1632 992 74 35 fem
1749 992 69 35 och
1853 992 53 34 tio
1944 994 57 32 års

787 1046 269 49 tjänstgöring;

887 1096 28 36 B)
958 1097 156 42 besluta,
1152 1099 53 31 att
1232 1093 163 36 nämnda
1422 1092 330 48 avlöningsbelopp
1781 1093 103 34 skola
1910 1094 90 45 utgå

786 1147 83 36 från
897 1147 70 35 och
983 1146 84 35 med
1085 1144 182 36 månaden
1286 1149 84 30 näst
1388 1143 95 36 efter
1502 1143 82 43 den,
1606 1142 45 36 då
1672 1141 198 48 riksdagen
1890 1141 108 36 fattat

785 1198 124 35 beslut
935 1198 13 34 i
976 1201 138 37 ämnet;

888 1244 43 47 C)
960 1247 156 43 besluta,
1146 1250 62 38 att,
1246 1245 4 34 i
1278 1244 175 36 händelse
1481 1256 45 23 av
1552 1242 107 37 bifall
1677 1243 58 35 till
1754 1241 71 37 vad
1844 1241 156 36 sålunda

786 1299 107 35 blivit
933 1298 198 42 hemställt,
1159 1297 13 34 i
1199 1295 375 48 riksgäldskontorets
1602 1295 226 47 reglemente
1856 1295 59 33 må
1942 1293 59 35 in-

787 1348 98 37 föras
913 1348 279 36 bestämmelser
1219 1360 44 22 av
1290 1346 72 35 den
1389 1345 152 49 lydelse,
1569 1343 130 37 härvid
1725 1343 132 48 fogade
1876 1343 123 47 bilaga

788 1401 157 41 utvisar;
974 1402 94 31 samt

888 1445 48 48 D)
965 1448 119 35 under
1112 1445 191 37 enahanda
1331 1444 273 48 förutsättning
1627 1457 77 23 som
1728 1443 120 35 under
1872 1439 42 48 C)
1934 1443 67 34 här

788 1512 95 22 ovan
922 1499 156 42 besluta,
1116 1502 52 30 att
1204 1496 60 36 det
1299 1497 13 34 i
1340 1492 18 49 $
1395 1497 46 34 32
1479 1508 43 23 av
1549 1495 244 48 reglementet
1819 1492 59 37 för
1905 1493 95 35 riks-

786 1549 279 49 gäldskontoret
1092 1547 245 36 omförmälda
1364 1548 166 45 anslaget
1557 1546 58 35 till
1642 1544 162 37 arvoden
1832 1547 37 32 åt
1896 1548 105 31 extra

787 1599 185 36 ordinarie
999 1599 224 47 tjänstemän
1251 1598 68 35 och
1347 1597 245 36 vaktmästare
1620 1601 94 30 samt
1740 1595 59 35 till
1825 1594 177 47 belöning

788 1649 57 36 för
872 1655 106 30 extra
1005 1649 152 35 arbeten
1185 1648 92 35 skall
1305 1647 84 36 från
1417 1647 68 35 och
1513 1646 84 36 med
1625 1649 40 32 år
1695 1647 94 34 1915
1811 1647 90 45 utgå
1916 1645 85 35 med

789 1701 107 44 9,000
924 1700 149 35 kronor.

484 1767 215 38 Stockholm
729 1767 70 36 den
830 1769 45 35 23
901 1767 75 48 juli
1007 1768 107 34 1914.

896 1850 53 37 På
976 1851 323 35 bankoutskottets
1326 1856 153 40 vägnar:

949 1935 16 35 I
992 1947 71 23 von
1091 1931 341 39 STAPELMOHR.

488 2085 62 29 Vid
573 2085 80 29 detta
677 2085 124 28 ärendes
823 2085 126 36 slutliga
972 2084 185 36 behandling
1179 2084 83 28 inom
1285 2083 146 28 utskottet
1453 2082 79 28 hava
1554 2080 151 29 närvarit:

488 2137 38 18 av
559 2127 95 29 första
686 2128 189 27 kammaren:
910 2127 103 27 herrar
1045 2135 53 19 von
1133 2125 194 38 Stapelmohr,
1362 2124 114 37 Hallin,
1511 2123 125 37 Ekman,
1662 2122 191 36 Gustafsson,
1879 2121 118 32 Gelotte,

383 2171 162 37 Kjellgren,
568 2169 203 38 Montgomery
793 2169 56 28 och
872 2168 142 34 Jönsson;
1038 2171 77 24 samt

489 2221 37 18 av
560 2211 96 28 andra
688 2211 188 28 kammaren:
912 2211 103 28 herrar
1055 2209 162 38 Vahlquist,
1252 2209 113 32 Juhlin,
1393 2206 200 35 Kristensson,
1618 2205 163 38 Söderberg
1802 2205 11 28 i
1836 2205 162 33 Hobborn,

385 2254 139 35 Forssell,
548 2254 77 36 Berg
647 2253 10 28 i
680 2253 169 35 Munkfors,
875 2252 122 29 Carlson
1019 2252 10 27 i
1053 2251 186 37 Herrljunga
1263 2251 56 28 och
1342 2247 151 31 Lindvall.
