1912 2850
377 197 106 28 Första
505 197 176 28 kammarens
698 196 118 38 första
840 195 154 38 tillfälliga
1016 194 120 28 utskotts
1158 193 151 28 utlåtande
1331 193 49 27 Nr
1403 195 28 26 9.
1613 190 34 30 11

145 272 52 31 för
230 271 93 32 drift-
356 271 63 32 och
455 270 361 33 underhållspersonal
849 269 57 32 vid
930 271 133 30 statens
1086 267 277 33 vattenfallsverk
1386 267 62 31 har
1471 266 181 31 förutsatts

145 313 265 42 behövligheten
445 325 41 20 av
519 315 51 30 att
603 324 109 21 under
734 312 169 32 särskilda
926 311 295 41 omständigheter
1244 310 107 31 anlita
1373 308 96 32 dylik
1491 308 161 42 personal

145 357 53 31 för
231 356 280 37 övertidsarbete,
545 356 162 42 varjämte
741 356 19 30 å
792 355 108 31 andra
933 354 100 31 sidan
1067 353 191 32 meddelats
1285 352 92 31 vissa
1399 350 253 32 inskränkande

146 398 212 32 föreskrifter
390 398 214 32 beträffande
637 398 66 32 den
737 397 206 41 omfattning
976 397 11 31 i
1022 396 113 32 vilken
1163 395 122 32 sådant
1308 392 272 34 övertidsarbete
1603 393 50 30 får

146 441 220 32 förekomma.

200 483 323 42 Linjeförmännens
557 482 269 32 övertidsarbete
849 482 102 31 beror
973 483 44 39 på
1039 480 174 32 forcerade
1236 477 416 44 linjebyggnadsarbeten.

200 526 54 31 Då
277 526 58 31 det
357 526 57 31 vid
438 527 133 30 statens
594 524 279 33 vattenfallsverk
895 523 280 33 förekommande
1198 521 280 37 övertidsarbete,
1508 531 73 20 som
1605 521 48 30 ut-

147 569 91 31 föres
262 570 71 30 mot
357 568 147 32 särskild
528 568 199 41 ersättning,
752 567 78 31 med
852 566 136 42 hänsyn
1012 566 51 32 till
1087 577 86 20 ovan
1197 564 143 32 anförda
1360 562 295 42 omständigheter

147 611 74 31 icke
255 610 65 32 kan
351 622 102 20 anses
475 621 82 21 vara
578 622 40 20 av
641 609 318 42 anmärkningsvärt
982 610 73 30 stor
1078 607 214 42 omfattning,
1316 606 110 32 finner
1448 604 205 33 vattenfalls-

149 653 170 42 styrelsen
352 655 105 40 några
491 653 169 31 särskilda
689 651 157 43 åtgärder
868 652 75 31 från
967 651 285 31 statsmakternas
1275 649 76 32 sida
1373 649 11 31 i
1408 648 42 32 de
1473 658 40 21 av
1536 647 119 31 motio-

148 698 106 30 nären
278 696 145 41 angivna
446 695 193 32 avseenden
663 694 74 32 icke
759 705 80 21 vara
861 693 179 43 påkallade
1057 694 53 30 för
1125 694 132 30 statens
1273 690 298 33 vattenfallsverks
1587 689 67 31 vid-

148 738 215 32 kommande.

202 788 200 32 Stockholm
427 788 66 32 den
518 789 19 31 6
560 799 89 20 mars
675 787 90 33 1933.

634 871 125 42 Kungl.
784 870 388 42 Vattenfallsstyrelsen.

798 946 40 32 G.
863 946 151 31 MALM.

193 1008 96 30 AXEL
312 1007 184 31 JACOBSON.

148 1182 15 50 NH
430 1200 1 4 |
1479 1183 64 33 Bil.
1568 1185 29 30 5.

568 1242 173 33 Yttrande
764 1251 41 23 av
829 1241 420 41 generalpoststyrelsen.

343 1314 67 32 Till
432 1313 211 38 Riksdagens
664 1313 107 32 första
791 1313 185 31 kammares
999 1312 107 32 första
1125 1311 177 38 tillfälliga
1325 1310 137 33 utskott.

207 1374 18 31 I
260 1372 158 33 skrivelse
454 1373 64 32 den
554 1374 38 30 17
618 1371 169 33 nästlidna
809 1371 150 32 februari
984 1371 61 31 har
1068 1370 116 32 chefen
1208 1370 53 31 för
1285 1369 115 38 kungl.
1425 1368 229 32 kommunika-

152 1414 348 38 tionsdepartementet
536 1415 163 31 anbefallt
734 1413 374 38 generalpoststyrelsen
1144 1415 50 29 att
1228 1412 54 31 till
1318 1411 195 38 riksdagens
1551 1410 106 31 första

152 1458 185 32 kammares
360 1458 106 31 första
487 1457 179 37 tillfälliga
687 1457 130 31 utskott
838 1456 123 37 avgiva
983 1455 158 39 yttrande
1163 1460 77 26 över
1263 1465 38 20 en
1324 1453 88 32 inom
1436 1454 107 31 första
1563 1453 91 31 kam-

154 1512 111 20 maren
282 1500 99 32 väckt
397 1499 133 38 motion,
549 1511 39 20 nr
606 1500 72 36 220,
696 1510 51 20 om
765 1499 156 37 åtgärder
938 1501 69 28 mot
1023 1496 257 33 övertidsarbete
1297 1496 12 31 i
1327 1496 39 32 de
1384 1494 271 34 affärsdrivande

153 1544 122 30 verken
294 1545 86 29 samt
397 1543 104 31 andra
519 1544 125 29 statens
663 1540 209 32 ämbetsverk
890 1540 60 32 och
969 1539 237 32 institutioner.

208 1584 76 33 Med
306 1584 180 38 anledning
506 1584 103 32 härav
631 1583 53 32 får
704 1582 375 39 generalpoststyrelsen
1101 1581 118 32 anföra
1241 1580 157 38 följande,

208 1626 119 38 Enligt
353 1627 156 37 gällande
535 1625 244 33 bestämmelser
806 1625 87 32 skall
921 1624 203 32 arbetstiden
1150 1623 56 32 vid
1234 1623 190 38 postverket
1452 1623 123 37 uppgå,
1603 1621 53 32 för

154 1670 192 38 personalen
370 1669 12 31 i
407 1670 39 31 de
471 1680 24 21 s.
521 1669 32 32 k.
579 1668 340 39 postiljonsgraderna
941 1666 55 32 till
1020 1667 98 36 högst
1143 1666 62 32 208
1229 1665 134 33 timmar
1387 1665 53 32 för
1464 1665 112 38 period
1603 1676 51 19 om

156 1714 40 31 30
222 1713 105 37 dagar
352 1712 60 32 och
437 1711 54 32 för
516 1710 115 39 övriga
655 1711 200 37 tjänstemän
881 1710 56 31 till
963 1709 102 31 minst
1090 1711 16 29 7
1133 1708 134 32 timmar
1293 1719 41 26 pr
1358 1707 195 37 söckendag.
1591 1705 65 33 Det

155 1754 214 38 regelbundet
390 1754 270 31 förekommande
679 1752 127 32 arbetet
824 1752 163 37 fullgöres
1006 1751 11 31 i
1037 1751 108 31 första
1162 1751 89 31 hand
1271 1762 40 20 av
1332 1749 68 32 fast
1420 1749 144 32 anställd
1584 1760 71 27 per-

155 1798 92 30 sonal
263 1797 73 32 med
353 1797 66 31 full
435 1795 317 39 dagstjänstgöring.
779 1794 18 31 I
813 1795 89 31 vissa
917 1794 64 32 fall
996 1792 181 33 förefinnes
1193 1793 178 31 härutöver
1386 1791 150 38 ständigt
1551 1791 104 32 behov

155 1850 42 20 av
216 1839 205 32 arbetskraft
438 1838 86 32 visst
542 1838 126 32 mindre
688 1837 91 32 antal
799 1836 135 32 timmar
951 1848 40 26 pr
1011 1836 75 37 dag,
1106 1835 104 32 vecka
1227 1835 79 31 eller
1326 1835 120 31 månad
1466 1834 54 31 för
1537 1834 119 31 sådant

154 1881 217 37 regelbundet
394 1880 267 32 återkommande
687 1879 110 32 arbete
820 1880 107 30 såsom
952 1880 205 35 transporter
1180 1877 54 31 till
1258 1877 59 31 och
1341 1876 77 31 från
1442 1876 215 38 postförande

156 1923 132 38 bantåg,
312 1923 239 31 ankommande
573 1924 126 36 posters
723 1921 126 31 snabba
872 1920 290 36 färdigställande,
1186 1918 189 38 expedition
1399 1919 60 31 och
1482 1917 176 37 utdelning

155 1977 41 20 av
218 1964 275 37 veckotidningar
516 1965 60 31 och
599 1963 166 32 liknande.
800 1962 101 32 Detta
924 1962 106 31 behov
1053 1961 193 37 tillgodoses
1268 1972 116 25 genom
1409 1959 184 32 anlitandet
1616 1971 40 19 av

155 2019 25 20 s.
204 2008 32 32 k.
261 2007 88 31 fasta
371 2009 88 36 post-
483 2007 60 31 och
566 2005 342 32 brevbärarbiträden.
945 2004 138 31 Antalet
1108 2002 244 32 arbetstimmar
1375 2013 39 26 pr
1437 2003 36 30 år
1497 2013 39 20 av
1560 2001 96 38 dylik

156 2049 205 32 arbetskraft
379 2049 131 38 uppgår
530 2048 54 32 till
603 2047 153 38 omkring
775 2047 151 37 850,000.

211 2091 67 33 Vid
298 2091 193 32 oförutsedd
512 2089 302 38 arbetsanhopning
832 2088 144 32 inkallas
996 2086 143 33 särskild
1160 2085 398 39 förstärkningspersonal
1579 2085 78 32 eller

155 2134 123 32 anlitas
305 2135 61 31 den
393 2133 91 32 fasta
509 2133 191 38 personalen
727 2132 52 31 för
806 2130 268 33 övertidsarbete.
1113 2130 113 32 Såsom
1253 2128 258 32 övertidsarbete
1537 2128 120 31 räknas

156 2176 183 32 emellertid
368 2176 71 31 icke
469 2175 62 32 allt
558 2175 119 37 arbete,
706 2186 68 20 som
803 2173 161 37 fullgöres
992 2175 115 29 utöver
1134 2172 61 31 den
1224 2170 194 32 fastställda
1445 2170 211 36 arbetstiden,

157 2221 81 29 utan
257 2219 116 31 endast
393 2218 119 32 sådant
531 2217 120 36 arbete,
672 2228 68 19 som
761 2215 182 37 överstiger
963 2215 62 31 208
1046 2214 134 31 timmar
1199 2213 53 31 för
1271 2214 41 30 30
1333 2213 119 36 dagars
1472 2212 123 37 period.

212 2261 17 30 I
251 2262 121 30 största
394 2259 137 38 möjliga
553 2257 232 38 utsträckning
806 2257 121 32 anlitas
950 2257 54 31 för
1024 2256 178 31 utförande
1223 2267 42 19 av
1287 2254 112 32 arbete
1420 2266 40 20 av
1482 2253 175 32 sistnämnt

157 2303 73 37 slag
249 2301 156 38 tillfällig
424 2301 214 37 arbetskraft,
658 2300 60 31 och
737 2300 11 30 i
768 2300 61 31 den
850 2300 74 30 mån
944 2297 257 32 övertidsarbete
1222 2308 40 20 av
1283 2297 62 31 den
1365 2296 165 32 ordinarie
1550 2306 107 27 perso-

157 2345 96 30 nalen
277 2345 101 30 måste
401 2343 170 37 utkrävas,
594 2342 141 32 erhåller
756 2342 107 31 denna
883 2340 187 36 ersättning
1091 2350 114 26 genom
1229 2338 231 31 motsvarande
1481 2337 176 37 tljänstebe-

158 2386 113 31 frielse
292 2385 56 32 vid
369 2389 101 29 annat
491 2384 148 38 tillfälle,
661 2383 117 32 varvid
800 2381 157 38 tillfällig
979 2380 205 33 arbetskraft
1205 2380 144 31 inkallas
1371 2380 53 31 för
1446 2379 212 36 fullgörande

158 2439 41 20 av
223 2429 55 31 det
300 2427 120 38 arbete,
445 2438 69 20 som
538 2426 95 37 eljest
656 2425 108 31 skolat
788 2424 115 37 åligga
925 2424 63 31 den
1011 2422 165 32 ordinarie
1199 2422 274 37 tjänstemannen.
1509 2420 72 32 Den
1604 2420 53 31 till

159 2469 194 39 disposition
381 2469 135 32 stående
543 2467 354 38 vikariatspersonalen
926 2465 10 31 i
963 2465 83 32 sista
1071 2465 87 31 hand
1188 2464 135 31 berövas
1352 2464 42 37 på
1421 2464 35 31 så
1483 2464 67 30 sätt
1576 2462 83 32 intet

159 2511 257 33 arbetstillfälle.
