1862 2794
479 146 386 32 Jordbruksutskottets
889 141 179 32 utlåtande
1089 152 44 20 nr
1154 141 52 32 48.
1579 136 17 31 7

91 238 132 39 derliga
249 235 178 31 maskiner
451 234 142 29 komma
619 233 49 27 att
694 231 119 28 kunna
840 229 176 38 inrymma
1040 235 41 20 en
1109 224 210 38 investering
1344 232 42 20 av
1412 221 184 39 ifrågasatt

95 284 64 28 art.
182 279 284 32 Kommissionen
488 285 101 22 anser
612 275 52 39 sig
685 275 54 29 för
762 274 66 29 den
852 271 92 31 skull
968 271 74 29 icke
1065 270 123 29 kunna
1210 267 187 38 tillstyrka,
1422 266 50 29 att
1495 265 67 29 den
1584 264 11 29 i

95 323 216 30 motionerna
332 319 197 36 föreslagna
549 315 228 37 utredningen
797 312 24 31 f.
842 323 32 20 n.
895 313 156 29 kommer
1071 310 53 30 till
1146 309 110 30 stånd.

140 387 185 32 Utskottet.
348 387 66 29 Det
438 384 59 30 må
519 383 134 30 erinras
677 390 56 21 om
758 381 49 28 att
833 379 125 38 frågan
982 387 56 21 om
1065 376 201 39 utbyggnad
1290 383 42 21 av
1357 374 68 29 den
1451 373 144 29 svenska

95 437 371 42 kväveproduktionen
495 435 109 29 under
632 432 117 38 statlig
774 430 213 30 medverkan
1016 427 89 31 varit
1133 425 146 31 föremål
1306 424 55 30 för
1387 422 212 38 behandling

95 491 56 30 vid
173 489 83 31 1944
274 489 64 29 och
359 487 82 30 1945
461 487 56 29 års
536 485 182 37 riksdagar
739 482 76 29 med
835 480 189 38 anledning
1044 488 41 20 av
1103 477 126 30 väckta
1250 476 171 29 motioner
1440 474 11 29 i
1472 474 126 29 ämnet.

140 541 66 29 Vid
234 539 82 30 1944
342 539 56 30 års
425 537 141 38 riksdag
591 533 216 31 behandlade
832 529 366 42 jordbruksutskottet
1224 527 11 29 i
1261 527 58 29 sitt
1346 535 41 20 av
1414 524 186 38 riksdagen

96 591 185 40 godkända
301 589 181 30 utlåtande
504 597 40 20 nr
566 586 40 29 46
628 585 124 38 frågan
774 592 55 21 om
851 582 92 29 ökad
966 578 325 41 kväveproduktion
1313 577 159 28 närmast
1495 574 105 38 enligt

96 643 68 29 den
187 642 44 29 då
253 641 206 38 ifrågasatta
482 636 262 39 elektrolytiska
766 633 172 30 metoden.
962 631 176 30 Utskottet
1163 628 165 33 uttalade,
1352 628 51 28 att
1427 625 175 38 naturliga

100 691 295 38 förutsättningar
410 690 56 29 för
481 688 175 41 projektet
672 686 116 29 kunde
805 693 104 30 synas
926 682 177 38 föreligga.
1120 678 202 31 Emellertid
1338 676 196 34 framhölls,
1552 676 50 29 att

97 744 41 29 de
157 742 137 30 relativt
311 742 89 38 höga
418 735 456 43 utbyggnadskostnaderna
894 733 55 30 för
969 730 202 32 erhållande
1190 739 41 20 av
1248 727 217 32 vattenkraft
1486 727 116 38 syntes

98 794 189 29 förutsätta
306 792 159 30 avsevärt
486 790 74 29 stöd
579 788 81 30 från
682 785 291 31 statsmakternas
996 783 83 29 sida.
1100 781 127 29 Vidare
1247 779 156 30 uttalade
1422 777 180 32 utskottet,

99 846 50 28 att
169 843 194 40 betydande
383 840 156 41 problem
561 839 65 30 och
645 837 188 30 kostnader
854 844 80 21 vore
955 833 200 30 förbundna
1175 831 79 29 med
1274 831 179 38 transport
1474 837 41 20 av
1535 827 69 29 fär-

99 895 58 39 dig
172 903 83 21 vara
270 894 81 29 eller
367 891 199 38 överföring
582 899 42 21 av
640 888 106 30 kraft.
764 888 47 29 På
826 887 102 28 dessa
947 884 74 30 skäl
1038 883 64 30 och
1120 882 45 31 då
1182 891 42 20 en
1239 879 196 40 betydande
1452 878 152 30 fabrika-

99 948 74 29 tion
193 946 106 39 enligt
319 953 117 22 annan
456 943 116 29 metod
592 940 216 31 beräknades
828 938 96 29 inom
945 937 78 29 kort
1044 935 224 39 igångsättas,
1289 933 87 29 fann
1398 931 51 39 sig
1468 930 134 30 utskot-

100 998 48 27 tet
167 996 77 30 icke
263 995 121 29 kunna
405 992 176 39 tillstyrka
602 989 100 31 bifall
721 989 52 29 till
795 987 230 30 motionerna.

146 1045 276 33 Statsutskottet,
446 1052 74 20 som
540 1041 89 30 hade
651 1040 124 38 frågan
798 1038 52 30 till
872 1035 212 39 behandling
1105 1034 58 30 vid
1188 1032 82 30 1945
1293 1032 56 30 års
1372 1031 152 38 riksdag,
1547 1038 59 20 an-

102 1097 99 29 förde
218 1096 11 29 i
248 1096 58 29 sitt
323 1094 192 33 utlåtande,
534 1101 41 21 nr
595 1090 72 34 134,
688 1090 43 29 bl.
751 1099 28 20 a.
798 1090 49 28 att
869 1086 225 38 användning
1113 1094 42 21 av
1174 1082 216 31 vattenkraft
1411 1082 54 29 för
1483 1081 124 29 kväve-

102 1146 213 41 produktion
333 1145 45 40 på
396 1144 113 39 grund
528 1152 41 20 av
587 1142 67 30 den
674 1143 92 27 stora
785 1137 290 40 energiåtgången
1094 1136 94 38 finge
1209 1142 101 22 anses
1329 1133 124 38 utgöra
1471 1130 135 30 mindre

103 1198 65 38 god
191 1196 165 31 nationell
379 1193 237 39 hushållning.
642 1191 126 30 Vidare
791 1188 191 31 hänvisade
1005 1187 171 29 utskottet
1201 1185 52 29 till
1276 1185 49 28 att
1348 1181 259 42 produktionen

104 1249 96 28 inom
231 1247 117 30 landet
379 1245 168 30 närmade
579 1244 50 38 sig
660 1240 279 38 förbrukningen
971 1238 73 30 före
1075 1237 58 29 det
1166 1235 84 30 sista
1280 1232 232 39 världskriget
1543 1231 65 30 och

104 1298 162 39 utgjoråe
293 1297 38 30 75
359 1298 145 38 procent
531 1304 41 20 av
597 1294 68 29 den
693 1294 149 36 antagna
869 1288 280 38 förbrukningen
1176 1286 110 30 under
1313 1283 295 39 efterkrigstiden.

105 1348 404 41 Importmöjligheterna
535 1345 80 30 från
644 1344 111 38 Norge
781 1342 64 30 och
875 1340 95 30 Chile
999 1339 163 29 berördes
1189 1336 184 40 därjämte.
1401 1333 208 30 Erfarenhe-

105 1402 100 27 terna
234 1399 79 29 från
341 1398 147 38 tidigare
515 1396 110 38 krigs-
652 1394 65 29 och
744 1391 226 39 efterkrigsår
997 1390 128 33 visade,
1154 1386 166 31 framhöll
1348 1386 181 32 utskottet,
1560 1384 50 29 att

106 1447 471 43 planläggningsproblemen
604 1445 112 30 måste
743 1444 164 28 bedömas
934 1441 79 29 med
1041 1440 66 29 den
1136 1439 127 29 största
1290 1435 234 39 försiktighet.
1552 1434 59 29 Ut-

106 1501 130 29 skottet
258 1499 85 30 fann
366 1498 55 29 för
443 1498 58 29 det
522 1495 198 31 dåvarande
743 1494 74 29 icke
841 1491 210 38 tillräckliga
1075 1489 75 30 skäl
1175 1489 54 29 för
1252 1497 41 20 en
1316 1485 262 38 framställning
1600 1483 11 29 i

108 1552 118 29 ämnet
253 1550 79 30 från
359 1549 197 37 riksdagen,
585 1546 65 30 och
679 1545 219 29 motionerna
928 1541 203 30 föranledde
1161 1540 75 29 icke
1264 1538 115 38 någon
1407 1536 205 38 riksdagens

108 1602 132 38 åtgärd.

153 1652 50 29 De
243 1650 218 40 synpunkter
502 1648 43 40 på
584 1648 67 30 den
691 1644 235 40 föreliggande
955 1643 124 38 frågan
1111 1650 75 21 som
1216 1639 146 31 sålunda
1391 1637 136 30 anförts
1555 1635 58 30 vid

108 1702 147 39 tidigare
277 1698 375 41 riksdagsbehandling
673 1697 45 30 ha
739 1695 148 31 kommit
908 1694 53 30 till
983 1692 141 39 uttryck
1145 1690 131 40 jämväl
1297 1690 12 29 i
1330 1689 41 30 de
1394 1698 42 21 av
1457 1686 157 40 myndig-

109 1753 145 29 heterna
273 1760 46 20 nu
340 1751 148 38 avgivna
508 1748 228 31 utlåtandena
756 1748 11 30 i
786 1745 153 31 ärendet.

155 1803 66 29 För
242 1809 83 32 egen
345 1801 54 29 del
419 1802 38 28 är
477 1800 169 29 utskottet
667 1797 177 39 angeläget
864 1797 50 28 att
934 1793 235 39 understryka
1189 1790 199 40 betydelsen
1410 1798 41 20 av
1471 1790 48 28 att
1538 1787 77 30 vårt

109 1855 172 39 jordbruk
310 1854 149 29 tillföres
488 1849 343 40 kvävegödselmedel
860 1848 11 29 i
900 1845 205 38 erforderlig
1134 1842 254 38 utsträckning.
1419 1840 51 30 Av
1497 1839 115 30 utred-

112 1904 128 37 ningen
265 1902 10 29 i
297 1902 142 29 ärendet
464 1899 165 39 framgår,
655 1900 50 28 att
727 1898 66 29 den
815 1895 186 31 inhemska
1023 1891 370 41 kväveproduktionen
1417 1890 54 28 för
1495 1890 121 28 närva-

112 1953 108 30 rande
241 1953 74 29 icke
339 1952 120 28 täcker
481 1950 143 29 behovet
647 1948 75 34 och,
744 1949 86 28 trots
854 1945 178 29 beräknad
1056 1940 376 43 produktionsökning,
1456 1939 29 38 ej
1510 1937 107 30 heller

111 2005 11 28 i
143 2003 267 36 fortsättningen
432 2002 94 29 torde
546 2001 139 29 komma
706 2000 47 28 att
772 1999 81 36 göra
873 1997 65 29 det.
959 1996 51 28 En
1030 1995 74 29 icke
1125 1992 190 37 oväsentlig
1334 1991 54 29 del
1409 2000 42 19 av
1470 1989 145 30 behovet

114 2056 109 29 måste
242 2055 200 38 tillgodoses
463 2060 121 31 genom
603 2052 139 37 import.
763 2049 57 30 Att
840 2058 41 20 av
900 2048 94 29 detta
1014 2045 219 31 förhållande
1252 2044 11 28 i
1282 2043 64 29 och
1366 2042 54 29 för
1441 2041 50 38 sig
1509 2041 106 37 draga

114 2106 66 28 den
202 2105 195 31 slutsatsen,
419 2104 48 28 att
488 2111 41 21 en
550 2100 197 37 utbyggnad
768 2108 41 20 av
830 2098 66 29 den
918 2096 179 30 inhemska
1120 2092 255 39 produktionen
1397 2092 38 28 är
1455 2089 162 38 påkallad

115 2156 82 29 eller
221 2155 186 32 önskvärd,
432 2155 38 28 är
495 2151 191 31 emellertid
712 2150 182 29 förhastat.
919 2147 92 30 Från
1036 2143 396 41 beredskapssynpunkt
1457 2143 68 27 kan
1551 2141 65 28 vis-

115 2206 148 36 serligen
283 2205 98 35 göras
403 2202 156 37 gällande
580 2203 48 27 att
650 2200 64 28 full
735 2198 154 37 trygghet
910 2197 120 29 vinnes
1052 2195 121 30 endast
1195 2202 119 28 genom
1337 2191 184 36 tillräcklig
1541 2198 77 29 pro-

116 2256 146 29 duktion
282 2256 94 28 inom
396 2254 128 32 landet,
543 2253 10 27 i
572 2253 56 27 det
648 2252 49 28 att
716 2251 172 37 importen
908 2248 70 29 kan
1000 2246 176 29 försvåras
1196 2245 81 28 eller
1297 2242 248 39 omöjliggöras
1565 2248 53 30 ge-

118 2315 80 20 nom
219 2303 237 37 avspärrning.
479 2301 25 28 Å
526 2301 106 29 andra
655 2299 98 29 sidan
775 2298 106 28 måste
905 2296 104 29 likväl
1032 2295 186 35 övervägas
1240 2293 71 29 dels
1335 2292 127 36 graden
1484 2300 41 19 av
1546 2289 72 29 risk

119 2359 54 27 för
191 2366 40 19 en
251 2354 212 36 avskärning
481 2362 41 19 av
540 2352 173 38 importen
731 2349 62 29 och
812 2348 72 29 dels
903 2347 10 29 i
931 2347 66 29 vad
1016 2346 80 28 mån
1115 2345 57 29 det
1190 2345 70 28 kan
1279 2352 101 20 anses
1399 2340 220 30 ekonomiskt

120 2404 220 36 fördelaktigt
361 2405 46 27 att
430 2402 124 29 ersätta
578 2399 168 37 importen
767 2397 75 30 med
864 2395 159 30 inhemsk
1044 2393 221 38 produktion.

165 2456 68 28 När
258 2455 54 28 det
338 2452 106 38 gäller
471 2453 48 27 att
544 2450 146 29 bedöma
717 2448 113 28 risken
858 2446 53 28 för
939 2455 41 20 en
1005 2443 213 37 avskärning
1244 2451 40 20 av
1312 2439 312 41 importmöjlighe-
