<?xml version="1.0" encoding="UTF-8"?>
<alto xmlns="http://www.loc.gov/standards/alto/ns-v3#" xmlns:xlink="http://www.w3.org/1999/xlink" xmlns:xsi="http://www.w3.org/2001/XMLSchema-instance" xsi:schemaLocation="http://www.loc.gov/standards/alto/ns-v3# http://www.loc.gov/alto/v3/alto-3-0.xsd">
	<Description>
		<MeasurementUnit>pixel</MeasurementUnit>
		<sourceImageInformation>
			<fileName>/tmp/tess_vawb2k7o_input.PNG</fileName>
		</sourceImageInformation>
		<OCRProcessing ID="OCR_0">
			<ocrProcessingStep>
				<processingSoftware>
					<softwareName>tesseract 5.3.0</softwareName>
				</processingSoftware>
			</ocrProcessingStep>
		</OCRProcessing>
	</Description>
	<Layout>
		<Page WIDTH="2252" HEIGHT="2640" PHYSICAL_IMG_NR="0" ID="page_0">
			<PrintSpace HPOS="0" VPOS="0" WIDTH="2252" HEIGHT="2640">
				<ComposedBlock ID="cblock_0" HPOS="727" VPOS="197" WIDTH="1111" HEIGHT="42">
					<TextBlock ID="block_0" HPOS="727" VPOS="197" WIDTH="1111" HEIGHT="42">
						<TextLine ID="line_0" HPOS="727" VPOS="197" WIDTH="1111" HEIGHT="42">
							<String ID="string_0" HPOS="727" VPOS="205" WIDTH="262" HEIGHT="34" WC="0.91" CONTENT="Statsutskottets"/><SP WIDTH="29" VPOS="205" HPOS="989"/>
							<String ID="string_1" HPOS="1018" VPOS="202" WIDTH="177" HEIGHT="35" WC="0.96" CONTENT="Utlåtande"/><SP WIDTH="24" VPOS="202" HPOS="1195"/>
							<String ID="string_2" HPOS="1219" VPOS="203" WIDTH="64" HEIGHT="31" WC="0.90" CONTENT="N:o"/><SP WIDTH="21" VPOS="203" HPOS="1283"/>
							<String ID="string_3" HPOS="1304" VPOS="204" WIDTH="29" HEIGHT="30" WC="0.96" CONTENT="3."/><SP WIDTH="466" VPOS="204" HPOS="1333"/>
							<String ID="string_4" HPOS="1799" VPOS="197" WIDTH="39" HEIGHT="30" WC="0.89" CONTENT="23"/>
						</TextLine>
					</TextBlock>
				</ComposedBlock>
				<ComposedBlock ID="cblock_1" HPOS="632" VPOS="285" WIDTH="1209" HEIGHT="146">
					<TextBlock ID="block_1" HPOS="632" VPOS="285" WIDTH="1209" HEIGHT="146">
						<TextLine ID="line_1" HPOS="682" VPOS="285" WIDTH="1158" HEIGHT="52">
							<String ID="string_5" HPOS="682" VPOS="294" WIDTH="35" HEIGHT="43" WC="0.91" CONTENT="b)"/><SP WIDTH="16" VPOS="294" HPOS="717"/>
							<String ID="string_6" HPOS="733" VPOS="297" WIDTH="54" HEIGHT="31" WC="0.96" CONTENT="att"/><SP WIDTH="20" VPOS="297" HPOS="787"/>
							<String ID="string_7" HPOS="807" VPOS="293" WIDTH="150" HEIGHT="35" WC="0.93" CONTENT="friherre"/><SP WIDTH="19" VPOS="293" HPOS="957"/>
							<String ID="string_8" HPOS="976" VPOS="291" WIDTH="319" HEIGHT="35" WC="0.82" CONTENT="Klinckowströms"/><SP WIDTH="20" VPOS="291" HPOS="1295"/>
							<String ID="string_9" HPOS="1315" VPOS="288" WIDTH="226" HEIGHT="35" WC="0.90" CONTENT="omförmälda"/><SP WIDTH="16" VPOS="288" HPOS="1541"/>
							<String ID="string_10" HPOS="1557" VPOS="286" WIDTH="142" HEIGHT="43" WC="0.96" CONTENT="motion,"/><SP WIDTH="20" VPOS="286" HPOS="1699"/>
							<String ID="string_11" HPOS="1719" VPOS="286" WIDTH="10" HEIGHT="34" WC="0.96" CONTENT="i"/><SP WIDTH="16" VPOS="286" HPOS="1729"/>
							<String ID="string_12" HPOS="1745" VPOS="285" WIDTH="95" HEIGHT="35" WC="0.95" CONTENT="hvad"/>
						</TextLine>
						<TextLine ID="line_2" HPOS="632" VPOS="335" WIDTH="1209" HEIGHT="52">
							<String ID="string_13" HPOS="632" VPOS="346" WIDTH="65" HEIGHT="34" WC="0.92" CONTENT="den"/><SP WIDTH="42" VPOS="346" HPOS="697"/>
							<String ID="string_14" HPOS="739" VPOS="344" WIDTH="94" HEIGHT="35" WC="0.92" CONTENT="afser"/><SP WIDTH="40" VPOS="344" HPOS="833"/>
							<String ID="string_15" HPOS="873" VPOS="344" WIDTH="42" HEIGHT="34" WC="0.96" CONTENT="de"/><SP WIDTH="28" VPOS="344" HPOS="915"/>
							<String ID="string_16" HPOS="943" VPOS="343" WIDTH="110" HEIGHT="35" WC="0.96" CONTENT="under"/><SP WIDTH="31" VPOS="343" HPOS="1053"/>
							<String ID="string_17" HPOS="1084" VPOS="352" WIDTH="100" HEIGHT="24" WC="0.95" CONTENT="mom."/><SP WIDTH="36" VPOS="352" HPOS="1184"/>
							<String ID="string_18" HPOS="1220" VPOS="339" WIDTH="33" HEIGHT="48" WC="0.96" CONTENT="a)"/><SP WIDTH="34" VPOS="339" HPOS="1253"/>
							<String ID="string_19" HPOS="1287" VPOS="340" WIDTH="148" HEIGHT="34" WC="0.96" CONTENT="berörda"/><SP WIDTH="28" VPOS="340" HPOS="1435"/>
							<String ID="string_20" HPOS="1463" VPOS="339" WIDTH="134" HEIGHT="43" WC="0.96" CONTENT="anslag,"/><SP WIDTH="29" VPOS="339" HPOS="1597"/>
							<String ID="string_21" HPOS="1626" VPOS="335" WIDTH="55" HEIGHT="37" WC="0.91" CONTENT="må"/><SP WIDTH="27" VPOS="335" HPOS="1681"/>
							<String ID="string_22" HPOS="1708" VPOS="338" WIDTH="133" HEIGHT="33" WC="0.91" CONTENT="lemnas"/>
						</TextLine>
						<TextLine ID="line_3" HPOS="632" VPOS="395" WIDTH="289" HEIGHT="36">
							<String ID="string_23" HPOS="632" VPOS="400" WIDTH="87" HEIGHT="31" WC="0.96" CONTENT="utan"/><SP WIDTH="28" VPOS="400" HPOS="719"/>
							<String ID="string_24" HPOS="747" VPOS="395" WIDTH="174" HEIGHT="35" WC="0.96" CONTENT="afseende."/>
						</TextLine>
					</TextBlock>
				</ComposedBlock>
				<ComposedBlock ID="cblock_2" HPOS="897" VPOS="542" WIDTH="278" HEIGHT="39">
					<TextBlock ID="block_2" HPOS="897" VPOS="542" WIDTH="278" HEIGHT="39">
						<TextLine ID="line_4" HPOS="897" VPOS="542" WIDTH="278" HEIGHT="39">
							<String ID="string_25" HPOS="897" VPOS="542" WIDTH="118" HEIGHT="33" WC="0.95" CONTENT="Extra"/><SP WIDTH="23" VPOS="542" HPOS="1015"/>
							<String ID="string_26" HPOS="1038" VPOS="542" WIDTH="137" HEIGHT="39" WC="0.95" CONTENT="anslag."/>
						</TextLine>
					</TextBlock>
				</ComposedBlock>
				<ComposedBlock ID="cblock_3" HPOS="233" VPOS="632" WIDTH="1798" HEIGHT="306">
					<TextBlock ID="block_3" HPOS="233" VPOS="632" WIDTH="1798" HEIGHT="306">
						<TextLine ID="line_5" HPOS="367" VPOS="632" WIDTH="1657" HEIGHT="63">
							<String ID="string_27" HPOS="367" VPOS="655" WIDTH="67" HEIGHT="33" WC="0.89" CONTENT="6:0."/><SP WIDTH="56" VPOS="655" HPOS="434"/>
							<String ID="string_28" HPOS="490" VPOS="651" WIDTH="122" HEIGHT="36" WC="0.88" CONTENT="Under"/><SP WIDTH="27" VPOS="651" HPOS="612"/>
							<String ID="string_29" HPOS="639" VPOS="651" WIDTH="203" HEIGHT="44" WC="0.96" CONTENT="tillstyrkan"/><SP WIDTH="30" VPOS="651" HPOS="842"/>
							<String ID="string_30" HPOS="872" VPOS="649" WIDTH="39" HEIGHT="35" WC="0.96" CONTENT="af"/><SP WIDTH="24" VPOS="649" HPOS="911"/>
							<String ID="string_31" HPOS="935" VPOS="649" WIDTH="99" HEIGHT="35" WC="0.96" CONTENT="bifall"/><SP WIDTH="29" VPOS="649" HPOS="1034"/>
							<String ID="string_32" HPOS="1063" VPOS="648" WIDTH="52" HEIGHT="34" WC="0.96" CONTENT="till"/><SP WIDTH="27" VPOS="648" HPOS="1115"/>
							<String ID="string_33" HPOS="1142" VPOS="646" WIDTH="131" HEIGHT="45" WC="0.95" CONTENT="Kongl."/><SP WIDTH="31" VPOS="646" HPOS="1273"/>
							<String ID="string_34" HPOS="1304" VPOS="645" WIDTH="125" HEIGHT="45" WC="0.96" CONTENT="Maj:ts"/><SP WIDTH="27" VPOS="645" HPOS="1429"/>
							<String ID="string_35" HPOS="1456" VPOS="645" WIDTH="115" HEIGHT="34" WC="0.96" CONTENT="derom"/><SP WIDTH="22" VPOS="645" HPOS="1571"/>
							<String ID="string_36" HPOS="1593" VPOS="643" WIDTH="124" HEIGHT="45" WC="0.93" CONTENT="gjorda"/><SP WIDTH="20" VPOS="643" HPOS="1717"/>
							<String ID="string_37" HPOS="1737" VPOS="642" WIDTH="102" HEIGHT="35" WC="0.92" CONTENT="fram-"/><SP WIDTH="27" VPOS="642" HPOS="1839"/>
							<String ID="string_38" HPOS="1866" VPOS="669" WIDTH="4" HEIGHT="14" WC="0.0" CONTENT=","/><SP WIDTH="7" VPOS="669" HPOS="1870"/>
							<String ID="string_39" HPOS="1877" VPOS="632" WIDTH="147" HEIGHT="42" WC="0.0" CONTENT="Angående"/>
						</TextLine>
						<TextLine ID="line_6" HPOS="268" VPOS="669" WIDTH="1763" HEIGHT="45">
							<String ID="string_40" HPOS="268" VPOS="704" WIDTH="81" HEIGHT="10" WC="0.30" CONTENT="IE:"/><SP WIDTH="196" VPOS="704" HPOS="349"/>
							<String ID="string_41" HPOS="545" VPOS="707" WIDTH="14" HEIGHT="6" WC="0.0" CONTENT="-"/><SP WIDTH="1307" VPOS="707" HPOS="559"/>
							<String ID="string_42" HPOS="1866" VPOS="670" WIDTH="102" HEIGHT="33" WC="0.0" CONTENT="anslag"/><SP WIDTH="19" VPOS="670" HPOS="1968"/>
							<String ID="string_43" HPOS="1987" VPOS="669" WIDTH="44" HEIGHT="27" WC="0.96" CONTENT="till"/>
						</TextLine>
						<TextLine ID="line_7" HPOS="233" VPOS="700" WIDTH="1790" HEIGHT="48">
							<String ID="string_44" HPOS="233" VPOS="705" WIDTH="169" HEIGHT="43" WC="0.95" CONTENT="ställning"/><SP WIDTH="26" VPOS="705" HPOS="402"/>
							<String ID="string_45" HPOS="428" VPOS="704" WIDTH="202" HEIGHT="34" WC="0.95" CONTENT="hemställer"/><SP WIDTH="26" VPOS="704" HPOS="630"/>
							<String ID="string_46" HPOS="656" VPOS="703" WIDTH="186" HEIGHT="34" WC="0.96" CONTENT="utskottet."/><SP WIDTH="1037" VPOS="703" HPOS="842"/>
							<String ID="string_47" HPOS="1879" VPOS="700" WIDTH="144" HEIGHT="38" WC="0.90" CONTENT="lagbyrån."/>
						</TextLine>
						<TextLine ID="line_8" HPOS="1930" VPOS="744" WIDTH="48" HEIGHT="35">
							<String ID="string_48" HPOS="1930" VPOS="744" WIDTH="48" HEIGHT="35" WC="0.3" CONTENT="[7]"/>
						</TextLine>
						<TextLine ID="line_9" HPOS="685" VPOS="794" WIDTH="1157" HEIGHT="51">
							<String ID="string_49" HPOS="685" VPOS="805" WIDTH="54" HEIGHT="32" WC="0.96" CONTENT="att"/><SP WIDTH="26" VPOS="805" HPOS="739"/>
							<String ID="string_50" HPOS="765" VPOS="800" WIDTH="203" HEIGHT="45" WC="0.96" CONTENT="Riksdagen"/><SP WIDTH="30" VPOS="800" HPOS="968"/>
							<String ID="string_51" HPOS="998" VPOS="798" WIDTH="67" HEIGHT="45" WC="0.96" CONTENT="må,"/><SP WIDTH="22" VPOS="798" HPOS="1065"/>
							<String ID="string_52" HPOS="1087" VPOS="799" WIDTH="65" HEIGHT="43" WC="0.96" CONTENT="för"/><SP WIDTH="13" VPOS="799" HPOS="1152"/>
							<String ID="string_53" HPOS="1165" VPOS="798" WIDTH="149" HEIGHT="43" WC="0.93" CONTENT="fortsatt"/><SP WIDTH="18" VPOS="798" HPOS="1314"/>
							<String ID="string_54" HPOS="1332" VPOS="797" WIDTH="253" HEIGHT="45" WC="0.91" CONTENT="uppehållande"/><SP WIDTH="19" VPOS="797" HPOS="1585"/>
							<String ID="string_55" HPOS="1604" VPOS="794" WIDTH="47" HEIGHT="44" WC="0.92" CONTENT="af"/><SP WIDTH="9" VPOS="794" HPOS="1651"/>
							<String ID="string_56" HPOS="1660" VPOS="794" WIDTH="182" HEIGHT="45" WC="0.91" CONTENT="lagbyråns"/>
						</TextLine>
						<TextLine ID="line_10" HPOS="634" VPOS="847" WIDTH="1207" HEIGHT="49">
							<String ID="string_57" HPOS="634" VPOS="852" WIDTH="222" HEIGHT="42" WC="0.96" CONTENT="verksamhet,"/><SP WIDTH="41" VPOS="852" HPOS="856"/>
							<String ID="string_58" HPOS="897" VPOS="849" WIDTH="45" HEIGHT="47" WC="0.96" CONTENT="på"/><SP WIDTH="40" VPOS="849" HPOS="942"/>
							<String ID="string_59" HPOS="982" VPOS="855" WIDTH="102" HEIGHT="30" WC="0.96" CONTENT="extra"/><SP WIDTH="40" VPOS="855" HPOS="1084"/>
							<String ID="string_60" HPOS="1124" VPOS="852" WIDTH="72" HEIGHT="32" WC="0.96" CONTENT="stat"/><SP WIDTH="41" VPOS="852" HPOS="1196"/>
							<String ID="string_61" HPOS="1237" VPOS="848" WIDTH="53" HEIGHT="36" WC="0.96" CONTENT="för"/><SP WIDTH="40" VPOS="848" HPOS="1290"/>
							<String ID="string_62" HPOS="1330" VPOS="849" WIDTH="40" HEIGHT="33" WC="0.95" CONTENT="år"/><SP WIDTH="44" VPOS="849" HPOS="1370"/>
							<String ID="string_63" HPOS="1414" VPOS="849" WIDTH="93" HEIGHT="33" WC="0.94" CONTENT="1898"/><SP WIDTH="38" VPOS="849" HPOS="1507"/>
							<String ID="string_64" HPOS="1545" VPOS="847" WIDTH="122" HEIGHT="34" WC="0.92" CONTENT="anvisa"/><SP WIDTH="38" VPOS="847" HPOS="1667"/>
							<String ID="string_65" HPOS="1705" VPOS="847" WIDTH="136" HEIGHT="42" WC="0.89" CONTENT="25,000"/>
						</TextLine>
						<TextLine ID="line_11" HPOS="636" VPOS="905" WIDTH="139" HEIGHT="33">
							<String ID="string_66" HPOS="636" VPOS="905" WIDTH="139" HEIGHT="33" WC="0.96" CONTENT="kronor."/>
						</TextLine>
					</TextBlock>
				</ComposedBlock>
				<ComposedBlock ID="cblock_4" HPOS="234" VPOS="983" WIDTH="1810" HEIGHT="117">
					<TextBlock ID="block_4" HPOS="234" VPOS="983" WIDTH="1810" HEIGHT="117">
						<TextLine ID="line_12" HPOS="371" VPOS="983" WIDTH="1673" HEIGHT="76">
							<String ID="string_67" HPOS="371" VPOS="1009" WIDTH="65" HEIGHT="32" WC="0.72" CONTENT="7:0."/><SP WIDTH="55" VPOS="1009" HPOS="436"/>
							<String ID="string_68" HPOS="491" VPOS="1005" WIDTH="18" HEIGHT="35" WC="0.96" CONTENT="I"/><SP WIDTH="40" VPOS="1005" HPOS="509"/>
							<String ID="string_69" HPOS="549" VPOS="1005" WIDTH="154" HEIGHT="44" WC="0.96" CONTENT="enlighet"/><SP WIDTH="35" VPOS="1005" HPOS="703"/>
							<String ID="string_70" HPOS="738" VPOS="1004" WIDTH="77" HEIGHT="34" WC="0.96" CONTENT="med"/><SP WIDTH="33" VPOS="1004" HPOS="815"/>
							<String ID="string_71" HPOS="848" VPOS="1002" WIDTH="129" HEIGHT="45" WC="0.96" CONTENT="Kongl."/><SP WIDTH="35" VPOS="1002" HPOS="977"/>
							<String ID="string_72" HPOS="1012" VPOS="1002" WIDTH="126" HEIGHT="45" WC="0.96" CONTENT="Maj:ts"/><SP WIDTH="31" VPOS="1002" HPOS="1138"/>
							<String ID="string_73" HPOS="1169" VPOS="1002" WIDTH="118" HEIGHT="34" WC="0.96" CONTENT="derom"/><SP WIDTH="27" VPOS="1002" HPOS="1287"/>
							<String ID="string_74" HPOS="1314" VPOS="1000" WIDTH="124" HEIGHT="45" WC="0.96" CONTENT="gjorda"/><SP WIDTH="28" VPOS="1000" HPOS="1438"/>
							<String ID="string_75" HPOS="1466" VPOS="998" WIDTH="259" HEIGHT="43" WC="0.96" CONTENT="framställning"/><SP WIDTH="28" VPOS="998" HPOS="1725"/>
							<String ID="string_76" HPOS="1753" VPOS="997" WIDTH="88" HEIGHT="34" WC="0.90" CONTENT="hem-"/><SP WIDTH="23" VPOS="997" HPOS="1841"/>
							<String ID="string_77" HPOS="1864" VPOS="983" WIDTH="180" HEIGHT="76" WC="0.0" CONTENT="däpgände,"/>
						</TextLine>
						<TextLine ID="line_13" HPOS="234" VPOS="1057" WIDTH="1785" HEIGHT="43">
							<String ID="string_78" HPOS="234" VPOS="1059" WIDTH="122" HEIGHT="34" WC="0.96" CONTENT="ställer"/><SP WIDTH="27" VPOS="1059" HPOS="356"/>
							<String ID="string_79" HPOS="383" VPOS="1059" WIDTH="184" HEIGHT="41" WC="0.96" CONTENT="utskottet,"/><SP WIDTH="1318" VPOS="1059" HPOS="567"/>
							<String ID="string_80" HPOS="1885" VPOS="1057" WIDTH="134" HEIGHT="35" WC="0.83" CONTENT="krigshof-"/>
						</TextLine>
					</TextBlock>
				</ComposedBlock>
				<ComposedBlock ID="cblock_5" HPOS="1860" VPOS="1092" WIDTH="181" HEIGHT="27">
					<TextBlock ID="block_5" HPOS="1860" VPOS="1092" WIDTH="181" HEIGHT="27">
						<TextLine ID="line_14" HPOS="1860" VPOS="1092" WIDTH="181" HEIGHT="27">
							<String ID="string_81" HPOS="1860" VPOS="1093" WIDTH="101" HEIGHT="25" WC="0.93" CONTENT="rättens"/><SP WIDTH="19" VPOS="1093" HPOS="1961"/>
							<String ID="string_82" HPOS="1980" VPOS="1092" WIDTH="61" HEIGHT="27" WC="0.93" CONTENT="ord-"/>
						</TextLine>
					</TextBlock>
				</ComposedBlock>
				<ComposedBlock ID="cblock_6" HPOS="687" VPOS="1121" WIDTH="1354" HEIGHT="79">
					<TextBlock ID="block_6" HPOS="687" VPOS="1121" WIDTH="1354" HEIGHT="79">
						<TextLine ID="line_15" HPOS="687" VPOS="1121" WIDTH="1354" HEIGHT="79">
							<String ID="string_83" HPOS="687" VPOS="1160" WIDTH="55" HEIGHT="32" WC="0.96" CONTENT="att"/><SP WIDTH="33" VPOS="1160" HPOS="742"/>
							<String ID="string_84" HPOS="775" VPOS="1156" WIDTH="202" HEIGHT="44" WC="0.95" CONTENT="Riksdagen"/><SP WIDTH="29" VPOS="1156" HPOS="977"/>
							<String ID="string_85" HPOS="1006" VPOS="1152" WIDTH="66" HEIGHT="46" WC="0.95" CONTENT="må,"/><SP WIDTH="29" VPOS="1152" HPOS="1072"/>
							<String ID="string_86" HPOS="1101" VPOS="1155" WIDTH="53" HEIGHT="33" WC="0.93" CONTENT="till"/><SP WIDTH="28" VPOS="1155" HPOS="1154"/>
							<String ID="string_87" HPOS="1182" VPOS="1153" WIDTH="170" HEIGHT="34" WC="0.91" CONTENT="arfvoden"/><SP WIDTH="28" VPOS="1153" HPOS="1352"/>
							<String ID="string_88" HPOS="1380" VPOS="1149" WIDTH="37" HEIGHT="36" WC="0.90" CONTENT="åt"/><SP WIDTH="28" VPOS="1149" HPOS="1417"/>
							<String ID="string_89" HPOS="1445" VPOS="1149" WIDTH="295" HEIGHT="45" WC="0.90" CONTENT="krigshofrättens"/><SP WIDTH="27" VPOS="1149" HPOS="1740"/>
							<String ID="string_90" HPOS="1767" VPOS="1148" WIDTH="74" HEIGHT="34" WC="0.91" CONTENT="ord-"/><SP WIDTH="17" VPOS="1148" HPOS="1841"/>
							<String ID="string_91" HPOS="1858" VPOS="1125" WIDTH="100" HEIGHT="61" WC="0.23" CONTENT="År"/><SP WIDTH="31" VPOS="1125" HPOS="1958"/>
							<String ID="string_92" HPOS="1989" VPOS="1121" WIDTH="52" HEIGHT="72" WC="0.22" CONTENT="känd"/>
						</TextLine>
					</TextBlock>
				</ComposedBlock>
				<ComposedBlock ID="cblock_7" HPOS="637" VPOS="1192" WIDTH="1394" HEIGHT="109">
					<TextBlock ID="block_7" HPOS="637" VPOS="1192" WIDTH="1394" HEIGHT="109">
						<TextLine ID="line_16" HPOS="637" VPOS="1192" WIDTH="1394" HEIGHT="54">
							<String ID="string_93" HPOS="637" VPOS="1208" WIDTH="145" HEIGHT="35" WC="0.96" CONTENT="förande"/><SP WIDTH="28" VPOS="1208" HPOS="782"/>
							<String ID="string_94" HPOS="810" VPOS="1208" WIDTH="63" HEIGHT="34" WC="0.96" CONTENT="och"/><SP WIDTH="30" VPOS="1208" HPOS="873"/>
							<String ID="string_95" HPOS="903" VPOS="1207" WIDTH="150" HEIGHT="33" WC="0.96" CONTENT="militäre"/><SP WIDTH="28" VPOS="1207" HPOS="1053"/>
							<String ID="string_96" HPOS="1081" VPOS="1205" WIDTH="202" HEIGHT="40" WC="0.95" CONTENT="ledamöter,"/><SP WIDTH="29" VPOS="1205" HPOS="1283"/>
							<String ID="string_97" HPOS="1312" VPOS="1200" WIDTH="44" HEIGHT="46" WC="0.97" CONTENT="på"/><SP WIDTH="28" VPOS="1200" HPOS="1356"/>
							<String ID="string_98" HPOS="1384" VPOS="1205" WIDTH="101" HEIGHT="31" WC="0.96" CONTENT="extra"/><SP WIDTH="28" VPOS="1205" HPOS="1485"/>
							<String ID="string_99" HPOS="1513" VPOS="1204" WIDTH="71" HEIGHT="31" WC="0.96" CONTENT="stat"/><SP WIDTH="28" VPOS="1204" HPOS="1584"/>
							<String ID="string_100" HPOS="1612" VPOS="1200" WIDTH="53" HEIGHT="34" WC="0.96" CONTENT="för"/><SP WIDTH="18" VPOS="1200" HPOS="1665"/>
							<String ID="string_101" HPOS="1683" VPOS="1197" WIDTH="41" HEIGHT="37" WC="0.96" CONTENT="år"/><SP WIDTH="25" VPOS="1197" HPOS="1724"/>
							<String ID="string_102" HPOS="1749" VPOS="1200" WIDTH="91" HEIGHT="33" WC="0.96" CONTENT="1898"/><SP WIDTH="36" VPOS="1200" HPOS="1840"/>
							<String ID="string_103" HPOS="1876" VPOS="1192" WIDTH="155" HEIGHT="29" WC="0.88" CONTENT="ledamoter."/>
						</TextLine>
						<TextLine ID="line_17" HPOS="638" VPOS="1235" WIDTH="1342" HEIGHT="66">
							<String ID="string_104" HPOS="638" VPOS="1259" WIDTH="122" HEIGHT="35" WC="0.93" CONTENT="anvisa"/><SP WIDTH="30" VPOS="1259" HPOS="760"/>
							<String ID="string_105" HPOS="790" VPOS="1259" WIDTH="110" HEIGHT="42" WC="0.91" CONTENT="3,250"/><SP WIDTH="28" VPOS="1259" HPOS="900"/>
							<String ID="string_106" HPOS="928" VPOS="1257" WIDTH="138" HEIGHT="34" WC="0.96" CONTENT="kronor."/><SP WIDTH="865" VPOS="1257" HPOS="1066"/>
							<String ID="string_107" HPOS="1931" VPOS="1235" WIDTH="49" HEIGHT="34" WC="0.81" CONTENT="[8:]"/>
						</TextLine>
					</TextBlock>
				</ComposedBlock>
				<ComposedBlock ID="cblock_8" HPOS="238" VPOS="1339" WIDTH="1818" HEIGHT="313">
					<TextBlock ID="block_8" HPOS="238" VPOS="1339" WIDTH="1818" HEIGHT="219">
						<TextLine ID="line_18" HPOS="372" VPOS="1339" WIDTH="1655" HEIGHT="70">
							<String ID="string_108" HPOS="372" VPOS="1364" WIDTH="66" HEIGHT="33" WC="0.0" CONTENT="8.0."/><SP WIDTH="55" VPOS="1364" HPOS="438"/>
							<String ID="string_109" HPOS="493" VPOS="1361" WIDTH="65" HEIGHT="36" WC="0.95" CONTENT="Uti"/><SP WIDTH="41" VPOS="1361" HPOS="558"/>
							<String ID="string_110" HPOS="599" VPOS="1371" WIDTH="41" HEIGHT="24" WC="0.96" CONTENT="en"/><SP WIDTH="39" VPOS="1371" HPOS="640"/>
							<String ID="string_111" HPOS="679" VPOS="1360" WIDTH="91" HEIGHT="34" WC="0.96" CONTENT="inom"/><SP WIDTH="33" VPOS="1360" HPOS="770"/>
							<String ID="string_112" HPOS="803" VPOS="1358" WIDTH="126" HEIGHT="35" WC="0.96" CONTENT="Andra"/><SP WIDTH="19" VPOS="1358" HPOS="929"/>
							<String ID="string_113" HPOS="948" VPOS="1356" WIDTH="215" HEIGHT="35" WC="0.96" CONTENT="Kammaren"/><SP WIDTH="28" VPOS="1356" HPOS="1163"/>
							<String ID="string_114" HPOS="1191" VPOS="1356" WIDTH="109" HEIGHT="33" WC="0.96" CONTENT="väckt"/><SP WIDTH="27" VPOS="1356" HPOS="1300"/>
							<String ID="string_115" HPOS="1327" VPOS="1354" WIDTH="127" HEIGHT="34" WC="0.96" CONTENT="motion"/><SP WIDTH="31" VPOS="1354" HPOS="1454"/>
							<String ID="string_116" HPOS="1485" VPOS="1351" WIDTH="68" HEIGHT="47" WC="0.96" CONTENT="(n:o"/><SP WIDTH="29" VPOS="1351" HPOS="1553"/>
							<String ID="string_117" HPOS="1582" VPOS="1352" WIDTH="59" HEIGHT="45" WC="0.94" CONTENT="32)"/><SP WIDTH="29" VPOS="1352" HPOS="1641"/>
							<String ID="string_118" HPOS="1670" VPOS="1351" WIDTH="65" HEIGHT="33" WC="0.96" CONTENT="bar"/><SP WIDTH="28" VPOS="1351" HPOS="1735"/>
							<String ID="string_119" HPOS="1763" VPOS="1350" WIDTH="81" HEIGHT="34" WC="0.95" CONTENT="herr"/><SP WIDTH="39" VPOS="1350" HPOS="1844"/>
							<String ID="string_120" HPOS="1883" VPOS="1339" WIDTH="144" HEIGHT="70" WC="0.94" CONTENT="Angående"/>
						</TextLine>
						<TextLine ID="line_19" HPOS="239" VPOS="1402" WIDTH="1817" HEIGHT="55">
							<String ID="string_121" HPOS="239" VPOS="1414" WIDTH="115" HEIGHT="34" WC="0.95" CONTENT="Hedin"/><SP WIDTH="43" VPOS="1414" HPOS="354"/>
							<String ID="string_122" HPOS="397" VPOS="1413" WIDTH="95" HEIGHT="44" WC="0.96" CONTENT="gjort"/><SP WIDTH="39" VPOS="1413" HPOS="492"/>
							<String ID="string_123" HPOS="531" VPOS="1411" WIDTH="259" HEIGHT="42" WC="0.96" CONTENT="framställning"/><SP WIDTH="32" VPOS="1411" HPOS="790"/>
							<String ID="string_124" HPOS="822" VPOS="1417" WIDTH="51" HEIGHT="26" WC="0.96" CONTENT="om"/><SP WIDTH="35" VPOS="1417" HPOS="873"/>
							<String ID="string_125" HPOS="908" VPOS="1407" WIDTH="185" HEIGHT="35" WC="0.96" CONTENT="skrifvelse"/><SP WIDTH="33" VPOS="1407" HPOS="1093"/>
							<String ID="string_126" HPOS="1126" VPOS="1406" WIDTH="53" HEIGHT="34" WC="0.96" CONTENT="till"/><SP WIDTH="27" VPOS="1406" HPOS="1179"/>
							<String ID="string_127" HPOS="1206" VPOS="1405" WIDTH="131" HEIGHT="44" WC="0.93" CONTENT="Kongl."/><SP WIDTH="31" VPOS="1405" HPOS="1337"/>
							<String ID="string_128" HPOS="1368" VPOS="1404" WIDTH="107" HEIGHT="43" WC="0.96" CONTENT="Maj:t"/><SP WIDTH="27" VPOS="1404" HPOS="1475"/>
							<String ID="string_129" HPOS="1502" VPOS="1402" WIDTH="74" HEIGHT="35" WC="0.96" CONTENT="med"/><SP WIDTH="30" VPOS="1402" HPOS="1576"/>
							<String ID="string_130" HPOS="1606" VPOS="1403" WIDTH="153" HEIGHT="42" WC="0.96" CONTENT="begäran"/><SP WIDTH="30" VPOS="1403" HPOS="1759"/>
							<String ID="string_131" HPOS="1789" VPOS="1411" WIDTH="52" HEIGHT="23" WC="0.89" CONTENT="om"/><SP WIDTH="14" VPOS="1411" HPOS="1841"/>
							<String ID="string_132" HPOS="1855" VPOS="1412" WIDTH="94" HEIGHT="27" WC="0.92" CONTENT="Andra"/><SP WIDTH="19" VPOS="1412" HPOS="1949"/>
							<String ID="string_133" HPOS="1968" VPOS="1412" WIDTH="88" HEIGHT="28" WC="0.92" CONTENT="Kam-"/>
						</TextLine>
						<TextLine ID="line_20" HPOS="238" VPOS="1447" WIDTH="1815" HEIGHT="59">
							<String ID="string_134" HPOS="238" VPOS="1464" WIDTH="230" HEIGHT="34" WC="0.92" CONTENT="anskaffande"/><SP WIDTH="41" VPOS="1464" HPOS="468"/>
							<String ID="string_135" HPOS="509" VPOS="1463" WIDTH="63" HEIGHT="34" WC="0.93" CONTENT="och"/><SP WIDTH="42" VPOS="1463" HPOS="572"/>
							<String ID="string_136" HPOS="614" VPOS="1460" WIDTH="263" HEIGHT="44" WC="0.91" CONTENT="framläggande"/><SP WIDTH="35" VPOS="1460" HPOS="877"/>
							<String ID="string_137" HPOS="912" VPOS="1458" WIDTH="35" HEIGHT="35" WC="0.97" CONTENT="af"/><SP WIDTH="32" VPOS="1458" HPOS="947"/>
							<String ID="string_138" HPOS="979" VPOS="1457" WIDTH="255" HEIGHT="44" WC="0.96" CONTENT="upplysningar"/><SP WIDTH="28" VPOS="1457" HPOS="1234"/>
							<String ID="string_139" HPOS="1262" VPOS="1456" WIDTH="149" HEIGHT="34" WC="0.93" CONTENT="rörande"/><SP WIDTH="28" VPOS="1456" HPOS="1411"/>
							<String ID="string_140" HPOS="1439" VPOS="1454" WIDTH="143" HEIGHT="34" WC="0.93" CONTENT="embets-"/><SP WIDTH="29" VPOS="1454" HPOS="1582"/>
							<String ID="string_141" HPOS="1611" VPOS="1453" WIDTH="61" HEIGHT="33" WC="0.93" CONTENT="och"/><SP WIDTH="29" VPOS="1453" HPOS="1672"/>
							<String ID="string_142" HPOS="1701" VPOS="1451" WIDTH="143" HEIGHT="44" WC="0.92" CONTENT="tjenste-"/><SP WIDTH="17" VPOS="1451" HPOS="1844"/>
							<String ID="string_143" HPOS="1861" VPOS="1447" WIDTH="192" HEIGHT="59" WC="0.18" CONTENT="MYT"/>
						</TextLine>
						<TextLine ID="line_21" HPOS="238" VPOS="1497" WIDTH="1769" HEIGHT="61">
							<String ID="string_144" HPOS="238" VPOS="1519" WIDTH="97" HEIGHT="30" WC="0.96" CONTENT="mäns"/><SP WIDTH="28" VPOS="1519" HPOS="335"/>
							<String ID="string_145" HPOS="363" VPOS="1515" WIDTH="141" HEIGHT="43" WC="0.96" CONTENT="dagliga"/><SP WIDTH="28" VPOS="1515" HPOS="504"/>
							<String ID="string_146" HPOS="532" VPOS="1513" WIDTH="170" HEIGHT="34" WC="0.96" CONTENT="arbetstid"/><SP WIDTH="28" VPOS="1513" HPOS="702"/>
							<String ID="string_147" HPOS="730" VPOS="1515" WIDTH="90" HEIGHT="30" WC="0.93" CONTENT="samt"/><SP WIDTH="27" VPOS="1515" HPOS="820"/>
							<String ID="string_148" HPOS="847" VPOS="1509" WIDTH="192" HEIGHT="35" WC="0.91" CONTENT="anvisande"/><SP WIDTH="28" VPOS="1509" HPOS="1039"/>
							<String ID="string_149" HPOS="1067" VPOS="1507" WIDTH="39" HEIGHT="35" WC="0.96" CONTENT="af"/><SP WIDTH="24" VPOS="1507" HPOS="1106"/>
							<String ID="string_150" HPOS="1130" VPOS="1508" WIDTH="123" HEIGHT="43" WC="0.96" CONTENT="anslag"/><SP WIDTH="28" VPOS="1508" HPOS="1253"/>
							<String ID="string_151" HPOS="1281" VPOS="1507" WIDTH="53" HEIGHT="33" WC="0.96" CONTENT="för"/><SP WIDTH="27" VPOS="1507" HPOS="1334"/>
							<String ID="string_152" HPOS="1361" VPOS="1507" WIDTH="97" HEIGHT="33" WC="0.96" CONTENT="detta"/><SP WIDTH="28" VPOS="1507" HPOS="1458"/>
							<String ID="string_153" HPOS="1486" VPOS="1497" WIDTH="169" HEIGHT="55" WC="0.96" CONTENT="ändamål."/><SP WIDTH="347" VPOS="1497" HPOS="1655"/>
							<String ID="string_154" HPOS="2002" VPOS="1502" WIDTH="5" HEIGHT="5" WC="0.48" CONTENT="|"/>
						</TextLine>
					</TextBlock>
					<TextBlock ID="block_9" HPOS="239" VPOS="1552" WIDTH="1605" HEIGHT="100">
						<TextLine ID="line_22" HPOS="374" VPOS="1552" WIDTH="1469" HEIGHT="48">
							<String ID="string_155" HPOS="374" VPOS="1558" WIDTH="109" HEIGHT="42" WC="0.96" CONTENT="Öfver"/><SP WIDTH="26" VPOS="1558" HPOS="483"/>
							<String ID="string_156" HPOS="509" VPOS="1564" WIDTH="147" HEIGHT="34" WC="0.96" CONTENT="berörda"/><SP WIDTH="30" VPOS="1564" HPOS="656"/>
							<String ID="string_157" HPOS="686" VPOS="1562" WIDTH="128" HEIGHT="35" WC="0.96" CONTENT="motion"/><SP WIDTH="29" VPOS="1562" HPOS="814"/>
							<String ID="string_158" HPOS="843" VPOS="1562" WIDTH="154" HEIGHT="33" WC="0.96" CONTENT="kommer"/><SP WIDTH="23" VPOS="1562" HPOS="997"/>
							<String ID="string_159" HPOS="1020" VPOS="1560" WIDTH="174" HEIGHT="33" WC="0.96" CONTENT="utskottet"/><SP WIDTH="19" VPOS="1560" HPOS="1194"/>
							<String ID="string_160" HPOS="1213" VPOS="1562" WIDTH="55" HEIGHT="30" WC="0.93" CONTENT="att"/><SP WIDTH="19" VPOS="1562" HPOS="1268"/>
							<String ID="string_161" HPOS="1287" VPOS="1557" WIDTH="184" HEIGHT="34" WC="0.91" CONTENT="framdeles"/><SP WIDTH="19" VPOS="1557" HPOS="1471"/>
							<String ID="string_162" HPOS="1490" VPOS="1554" WIDTH="134" HEIGHT="44" WC="0.91" CONTENT="afgifva"/><SP WIDTH="19" VPOS="1554" HPOS="1624"/>
							<String ID="string_163" HPOS="1643" VPOS="1552" WIDTH="200" HEIGHT="44" WC="0.95" CONTENT="utlåtande;"/>
						</TextLine>
						<TextLine ID="line_23" HPOS="239" VPOS="1604" WIDTH="1605" HEIGHT="48">
							<String ID="string_164" HPOS="239" VPOS="1617" WIDTH="138" HEIGHT="34" WC="0.96" CONTENT="hvilket"/><SP WIDTH="27" VPOS="1617" HPOS="377"/>
							<String ID="string_165" HPOS="404" VPOS="1616" WIDTH="173" HEIGHT="34" WC="0.96" CONTENT="utskottet"/><SP WIDTH="27" VPOS="1616" HPOS="577"/>
							<String ID="string_166" HPOS="604" VPOS="1615" WIDTH="116" HEIGHT="33" WC="0.96" CONTENT="skolat"/><SP WIDTH="26" VPOS="1615" HPOS="720"/>
							<String ID="string_167" HPOS="746" VPOS="1613" WIDTH="108" HEIGHT="33" WC="0.96" CONTENT="redan"/><SP WIDTH="30" VPOS="1613" HPOS="854"/>
							<String ID="string_168" HPOS="884" VPOS="1612" WIDTH="9" HEIGHT="33" WC="0.91" CONTENT="i"/><SP WIDTH="29" VPOS="1612" HPOS="893"/>
							<String ID="string_169" HPOS="922" VPOS="1608" WIDTH="200" HEIGHT="37" WC="0.91" CONTENT="utlåtandet"/><SP WIDTH="29" VPOS="1608" HPOS="1122"/>
							<String ID="string_170" HPOS="1151" VPOS="1606" WIDTH="180" HEIGHT="46" WC="0.96" CONTENT="angående"/><SP WIDTH="24" VPOS="1606" HPOS="1331"/>
							<String ID="string_171" HPOS="1355" VPOS="1606" WIDTH="219" HEIGHT="44" WC="0.96" CONTENT="regleringen"/><SP WIDTH="21" VPOS="1606" HPOS="1574"/>
							<String ID="string_172" HPOS="1595" VPOS="1605" WIDTH="39" HEIGHT="33" WC="0.95" CONTENT="af"/><SP WIDTH="14" VPOS="1605" HPOS="1634"/>
							<String ID="string_173" HPOS="1648" VPOS="1604" WIDTH="196" HEIGHT="44" WC="0.96" CONTENT="utgifterna"/>
						</TextLine>
					</TextBlock>
				</ComposedBlock>
				<ComposedBlock ID="cblock_9" HPOS="239" VPOS="1662" WIDTH="1071" HEIGHT="345">
					<TextBlock ID="block_10" HPOS="239" VPOS="1662" WIDTH="1071" HEIGHT="345">
						<TextLine ID="line_24" HPOS="239" VPOS="1662" WIDTH="805" HEIGHT="42">
							<String ID="string_174" HPOS="239" VPOS="1668" WIDTH="111" HEIGHT="33" WC="0.96" CONTENT="under"/><SP WIDTH="27" VPOS="1668" HPOS="350"/>
							<String ID="string_175" HPOS="377" VPOS="1667" WIDTH="113" HEIGHT="33" WC="0.92" CONTENT="denna"/><SP WIDTH="28" VPOS="1667" HPOS="490"/>
							<String ID="string_176" HPOS="518" VPOS="1665" WIDTH="214" HEIGHT="34" WC="0.92" CONTENT="hufvudtitel"/><SP WIDTH="28" VPOS="1665" HPOS="732"/>
							<String ID="string_177" HPOS="760" VPOS="1663" WIDTH="54" HEIGHT="34" WC="0.96" CONTENT="för"/><SP WIDTH="28" VPOS="1663" HPOS="814"/>
							<String ID="string_178" HPOS="842" VPOS="1662" WIDTH="202" HEIGHT="42" WC="0.95" CONTENT="Riksdagen"/>
						</TextLine>
						<TextLine ID="line_25" HPOS="689" VPOS="1765" WIDTH="148" HEIGHT="34">
							<String ID="string_179" HPOS="689" VPOS="1765" WIDTH="148" HEIGHT="34" WC="0.96" CONTENT="anmäla."/>
						</TextLine>
						<TextLine ID="line_26" HPOS="375" VPOS="1865" WIDTH="666" HEIGHT="39">
							<String ID="string_180" HPOS="375" VPOS="1868" WIDTH="201" HEIGHT="36" WC="0.96" CONTENT="Stockholm"/><SP WIDTH="29" VPOS="1868" HPOS="576"/>
							<String ID="string_181" HPOS="605" VPOS="1867" WIDTH="64" HEIGHT="34" WC="0.96" CONTENT="den"/><SP WIDTH="30" VPOS="1867" HPOS="669"/>
							<String ID="string_182" HPOS="699" VPOS="1868" WIDTH="20" HEIGHT="33" WC="0.96" CONTENT="9"/><SP WIDTH="29" VPOS="1868" HPOS="719"/>
							<String ID="string_183" HPOS="748" VPOS="1865" WIDTH="155" HEIGHT="35" WC="0.96" CONTENT="februari"/><SP WIDTH="33" VPOS="1865" HPOS="903"/>
							<String ID="string_184" HPOS="936" VPOS="1865" WIDTH="105" HEIGHT="33" WC="0.96" CONTENT="1897."/>
						</TextLine>
						<TextLine ID="line_27" HPOS="771" VPOS="1964" WIDTH="539" HEIGHT="43">
							<String ID="string_185" HPOS="771" VPOS="1964" WIDTH="52" HEIGHT="37" WC="0.93" CONTENT="På"/><SP WIDTH="27" VPOS="1964" HPOS="823"/>
							<String ID="string_186" HPOS="850" VPOS="1965" WIDTH="284" HEIGHT="34" WC="0.92" CONTENT="statsutskottets"/><SP WIDTH="26" VPOS="1965" HPOS="1134"/>
							<String ID="string_187" HPOS="1160" VPOS="1967" WIDTH="150" HEIGHT="40" WC="0.96" CONTENT="vägnar:"/>
						</TextLine>
					</TextBlock>
				</ComposedBlock>
				<ComposedBlock ID="cblock_10" HPOS="809" VPOS="2061" WIDTH="467" HEIGHT="39">
					<TextBlock ID="block_11" HPOS="809" VPOS="2061" WIDTH="467" HEIGHT="39">
						<TextLine ID="line_28" HPOS="809" VPOS="2061" WIDTH="467" HEIGHT="39">
							<String ID="string_188" HPOS="809" VPOS="2065" WIDTH="111" HEIGHT="35" WC="0.96" CONTENT="CHR."/><SP WIDTH="30" VPOS="2065" HPOS="920"/>
							<String ID="string_189" HPOS="950" VPOS="2061" WIDTH="326" HEIGHT="38" WC="0.96" CONTENT="LUNDEBERG."/>
						</TextLine>
					</TextBlock>
				</ComposedBlock>
			</PrintSpace>
		</Page>
	</Layout>
</alto>
