1864 2780
254 166 20 29 8
603 168 284 30 Statsutskottets
913 169 180 30 utlåtande
1116 180 42 19 nr
1180 171 42 28 80
1245 171 39 29 år
1309 172 84 29 1956

255 246 77 30 Med
358 247 113 30 starkt
497 248 303 39 understrykande
827 259 41 20 av
891 250 232 30 osäkerheten
1149 251 11 28 i
1185 251 282 39 beräkningarna
1494 261 102 20 anser
1622 253 122 38 depar-

256 300 276 30 tementschefen
556 301 49 39 sig
627 301 123 30 därvid
772 302 84 30 böra
877 303 83 39 utgå
984 303 79 29 från
1085 303 68 30 den
1174 313 42 21 av
1238 304 358 40 medicinalstyrelsen
1620 306 124 39 gjorda

256 353 299 40 uppskattningen
573 363 42 21 av
630 355 132 29 antalet
778 356 159 39 ympade,
955 356 32 29 d.
1005 365 30 20 v.
1054 366 25 20 s.
1097 357 129 29 mellan
1243 357 63 30 800
1321 357 63 30 000
1402 359 65 28 och
1486 358 61 30 900
1563 358 62 30 000
1644 359 98 29 barn.

257 406 12 28 I
295 407 96 38 varje
418 406 62 30 fall
508 407 23 29 f.
558 417 32 19 n.
617 417 103 20 anser
746 409 386 38 departementschefen
1158 410 50 39 sig
1235 410 76 30 icke
1337 411 85 29 böra
1448 412 113 29 räkna
1587 412 79 29 med
1693 413 51 28 att

255 459 109 29 andra
385 460 45 29 än
451 460 87 29 barn
558 461 158 29 kommer
738 463 49 28 att
807 462 47 29 bli
875 462 147 29 föremål
1043 463 55 29 för
1117 463 264 40 polioympning
1402 465 101 29 nästa
1524 465 48 29 år.

299 511 221 40 Ympningen
549 513 88 30 skall
666 514 144 38 givetvis
838 524 83 20 vara
950 514 153 41 frivillig,
1132 517 65 28 och
1225 516 193 32 målsmans
1449 517 175 40 skriftliga
1653 527 91 20 sam-

256 566 99 38 tycke
380 566 90 29 skall
493 566 187 35 inhämtas,
705 567 110 30 innan
837 569 169 38 ympning
1032 569 181 39 företages.

298 618 65 30 Det
383 619 216 35 förutsättes,
619 622 51 28 att
688 621 214 39 ympningen
922 631 43 20 av
983 622 88 29 barn
1090 622 212 30 åtminstone
1321 623 71 30 tills
1411 624 118 30 vidare
1551 624 89 30 skall
1659 633 84 20 vara

254 671 219 31 kostnadsfri
496 672 55 32 för
573 673 67 29 den
662 674 149 38 ympade
834 675 64 28 och
921 676 50 28 att
995 675 209 30 statsverket
1226 676 89 29 skall
1340 685 101 21 svara
1464 677 54 30 för
1542 678 41 29 de
1606 677 137 30 direkta

255 724 237 31 kostnaderna
507 726 131 30 härför.
655 726 65 30 Det
737 726 145 31 föreslås
899 727 36 30 få
951 728 189 30 ankomma
1156 728 44 40 på
1216 728 125 40 Kungl.
1358 730 107 38 Maj:t
1481 732 51 27 att
1548 731 196 29 bestämma

255 778 239 38 ersättningen
515 779 52 28 till
588 788 143 30 ympare
753 780 87 29 efter
865 781 5 28 i
890 781 188 30 huvudsak
1098 782 245 30 motsvarande
1365 783 153 38 grunder
1540 793 75 20 som
1636 784 107 38 gäller

256 830 53 30 för
328 831 110 30 andra
456 831 171 31 likartade
647 833 353 40 skyddsympningar.

298 884 71 29 Mot
389 884 379 40 medicinalstyrelsens
789 886 192 40 beräkning
1002 897 42 20 av
1064 887 238 30 kostnaderna
1323 888 54 30 för
1398 889 344 39 blodprovstagning,

255 938 328 39 provtagningskärl
602 939 64 29 och
685 939 204 38 trycksaker
907 940 65 29 har
992 940 385 40 departementschefen
1396 942 12 29 i
1427 943 64 29 och
1512 942 54 30 för
1587 943 50 38 sig
1656 943 88 29 intet

256 992 49 27 atl
324 990 125 30 erinra.

299 1043 115 30 Under
436 1044 195 30 beaktande
655 1054 41 21 av
720 1045 161 39 samtliga
903 1046 41 29 de
967 1046 128 30 osäkra
1117 1046 156 31 faktorer
1296 1057 75 20 som
1393 1048 173 39 påverkar
1589 1049 155 38 anslags-

254 1096 239 40 beräkningen
511 1097 157 35 föreslås,
687 1100 50 27 att
755 1100 49 28 ett
821 1099 123 40 belopp
963 1109 43 19 av
1024 1100 18 28 2
1057 1099 62 30 000
1134 1099 63 31 000
1215 1101 132 29 kronor
1364 1101 140 30 anvisas
1524 1101 54 29 för
1598 1102 146 39 skydds-

253 1150 169 39 ympning
439 1153 74 27 mot
529 1151 92 39 polio
639 1151 54 30 för
709 1151 204 40 budgetåret
932 1152 151 37 1956/57.
1101 1153 136 30 Medlen
1254 1163 102 20 anses
1372 1154 85 30 böra
1474 1154 140 30 anvisas
1632 1155 111 29 under

254 1204 48 27 ett
321 1203 143 29 särskilt
482 1204 121 39 anslag
621 1204 20 30 å
658 1204 191 30 riksstaten
867 1206 111 29 under
996 1206 82 29 elfte
1097 1206 232 30 huvudtiteln.

299 1282 185 38 Utskottet,
514 1292 75 21 som
615 1284 12 29 i
655 1284 146 39 tidigare
831 1286 255 39 sammanhang
1114 1286 243 30 understrukit
1386 1289 50 27 att
1464 1287 192 39 problemet
1685 1297 57 20 om

255 1335 267 31 framställande
545 1346 42 20 av
608 1337 282 40 polioympämne
913 1339 72 29 inte
1009 1340 38 28 är
1070 1339 184 39 slutgiltigt
1277 1340 77 35 löst,
1377 1341 65 29 har
1465 1350 43 20 av
1530 1341 66 29 den
1620 1342 10 28 i
1655 1341 90 29 före-

253 1389 152 29 varande
421 1390 218 39 proposition
655 1391 162 29 lämnade
833 1391 243 39 redogörelsen
1093 1392 65 30 fått
1174 1395 49 27 ett
1239 1394 113 28 starkt
1367 1394 140 38 intryck
1524 1403 42 20 av
1582 1396 50 28 att
1649 1395 94 28 stora

253 1441 212 39 svårigheter
490 1442 152 39 alltjämt
666 1443 156 30 vidlåder
847 1444 306 40 framställningen
1178 1455 42 20 av
1244 1447 49 28 ett
1317 1446 293 40 polioympämne,
1635 1447 109 29 vilket

254 1494 101 39 fyller
374 1495 41 30 de
435 1495 89 31 krav
541 1496 45 39 på
605 1496 197 40 ofarlighet,
824 1506 73 21 som
917 1497 242 40 ovillkorligen
1178 1498 112 30 måste
1311 1499 130 30 ställas.
1462 1500 65 29 Det
1547 1501 65 29 har
1631 1500 112 29 under

255 1547 130 31 sådana
410 1549 299 39 omständigheter
736 1552 97 37 synts
860 1551 171 29 utskottet
1056 1551 184 35 tveksamt,
1267 1561 57 21 om
1349 1552 97 30 tiden
1472 1554 39 28 är
1536 1561 125 32 mogen
1688 1553 55 30 för

253 1610 42 20 en
315 1601 320 41 medelsanvisning
655 1612 43 21 av
717 1603 68 30 den
805 1603 223 40 omfattning,
1050 1614 74 20 som
1145 1605 387 39 departementschefen
1552 1606 190 39 föreslagit.

254 1654 76 29 Med
357 1655 140 39 hänsyn
523 1655 53 30 till
603 1656 184 39 uppgiften
814 1657 11 29 i
852 1657 393 40 statsrådsprotokollet,
1273 1660 51 28 att
1351 1659 189 41 anledning
1568 1660 96 29 finns
1692 1662 51 28 att

253 1708 111 29 räkna
380 1708 80 29 med
478 1710 50 28 att
544 1709 306 40 polioympningar
865 1710 111 30 under
993 1711 39 29 år
1051 1711 81 30 1957
1151 1711 88 30 skall
1256 1712 122 30 kunna
1395 1712 136 30 utföras
1548 1713 11 29 i
1575 1713 168 38 tämligen

254 1763 71 27 stor
342 1761 225 40 omfattning,
583 1762 65 30 har
665 1763 170 30 utskottet
851 1763 107 30 likväl
977 1764 117 30 funnit
1112 1765 50 38 sig
1178 1764 85 30 böra
1280 1765 177 39 tillstyrka
1473 1766 126 39 Kungl.
1618 1766 124 39 Maj:ts

254 1813 140 40 förslag.
412 1814 133 31 Härvid
562 1815 59 29 vill
640 1816 171 30 utskottet
829 1816 235 40 understryka
1082 1819 50 28 att
1149 1818 214 39 ympningen
1382 1819 89 29 skall
1490 1828 83 21 vara
1591 1819 72 30 helt
1682 1819 61 29 fri-

253 1867 104 38 villig,
379 1867 38 30 så
439 1869 51 29 att
512 1867 302 41 framställningar
834 1878 57 21 om
913 1869 193 31 målsmans
1129 1870 174 40 skriftliga
1326 1873 178 38 samtycke
1526 1880 58 31 ges
1606 1882 43 20 en
1670 1872 72 30 helt

252 1920 157 39 objektiv
427 1920 104 31 form.

297 1974 116 30 Under
431 1974 220 40 åberopande
669 1985 43 20 av
728 1975 58 30 det
803 1975 147 31 anförda
969 1977 64 29 och
1052 1977 45 30 då
1113 1977 65 30 vad
1197 1977 388 39 departementschefen
1602 1979 11 29 i
1631 1978 111 39 övrigt

253 2025 179 40 föreslagit
461 2028 65 29 och
557 2028 125 29 uttalat
712 2028 71 30 inte
814 2028 198 30 föranleder
1041 2029 141 30 erinran
1211 2029 81 30 från
1320 2031 190 30 utskottets
1541 2031 76 31 sida
1646 2032 97 29 hem-

254 2080 118 29 ställer
387 2080 183 35 utskottet,

607 2136 51 28 att
679 2134 188 40 riksdagen
887 2136 58 29 må
966 2136 53 29 till
1041 2136 310 40 Skyddsympning
1371 2139 73 28 mot
1464 2138 94 39 polio
1581 2138 54 31 för
1657 2138 87 29 bud-

562 2187 131 39 getåret
719 2188 138 37 1956/57
881 2188 111 30 under
1014 2189 82 30 elfte
1118 2189 223 31 huvudtiteln
1364 2191 121 30 anvisa
1507 2193 49 28 ett
1579 2191 165 39 förslags-

564 2241 120 39 anslag
702 2250 43 21 av
761 2241 18 29 2
794 2241 62 30 000
871 2241 62 31 000
951 2242 141 30 kronor.

299 2293 202 29 Stockholm
518 2293 67 31 den
605 2294 37 29 17
661 2294 89 39 april
770 2294 83 30 1956

724 2356 49 30 På
795 2358 279 29 statsutskottets
1095 2359 146 38 vägnar:

778 2418 172 30 MARTIN
976 2419 236 30 SKOGLUND

294 2487 243 30 Närvarande:
561 2497 34 20 se
618 2488 110 30 under
752 2489 195 29 utlåtandet
969 2498 42 20 nr
1035 2489 51 30 84.
