1858 2808
290 160 42 29 50
707 155 288 34 Statsutskottets
1018 156 178 34 utlåtande
1222 169 39 21 nr
1286 161 72 30 163.

339 236 56 33 De
416 236 210 42 sakkunniga
648 236 45 34 ha
715 248 43 22 av
780 238 240 33 motsvarande
1043 237 72 34 skäl
1138 250 72 21 som
1234 237 214 35 beträffande
1469 238 307 35 folkskolesemina-

293 289 109 34 rierna
424 292 86 31 även
532 290 10 32 i
563 289 94 42 fråga
680 301 56 22 om
758 290 402 34 småskoleseminarierna
1183 291 167 42 föreslagit
1375 291 156 42 uppskov
1555 292 77 33 med
1656 304 40 21 en
1721 292 55 34 de-

293 342 111 34 finitiv
425 342 261 43 nygruppering.

340 439 253 35 Statskontoret
612 440 62 33 har
694 440 138 34 anslutit
851 441 49 42 sig
919 441 50 33 till
990 441 40 33 de
1051 441 226 43 sakkunnigas
1299 441 123 44 förslag
1444 454 55 22 om
1521 442 156 43 uppskov
1698 443 77 33 med

296 504 39 22 en
354 496 144 39 översyn
517 505 43 21 av
578 493 320 43 lönegrupperingen
917 493 52 34 för
988 494 83 33 folk-
1091 495 62 33 och
1175 495 415 34 småskoleseminarierna.
1610 496 18 32 I
1649 496 126 33 avvak-

295 551 59 29 tan
370 546 108 42 härpå
496 550 113 38 syntes
626 545 163 43 förnyade
805 546 249 35 förordnanden
1072 547 50 34 för
1138 547 195 35 rektorerna
1351 548 57 35 vid
1428 549 96 33 dessa
1543 548 234 35 läroanstalter

296 611 43 21 nu
356 599 83 33 böra
455 599 170 34 meddelas
642 599 51 34 för
708 612 41 21 en
764 600 49 34 tid
831 612 43 21 av
888 600 100 42 högst
1005 605 49 29 ett
1071 601 47 33 år.
1135 601 18 33 I
1171 601 192 42 anslutning
1379 601 50 34 till
1448 602 67 33 vad
1533 602 242 34 statskontoret

295 652 9 34 i
323 652 57 33 det
398 651 200 44 föregående
616 652 113 34 anfört
746 652 214 35 beträffande
979 665 40 22 en
1038 654 200 42 utbyggnad
1257 654 103 34 nedåt
1378 667 45 21 av
1442 654 263 43 lönegrupperna
1726 654 50 34 för

296 705 40 34 de
351 705 103 42 högre
471 705 169 34 allmänna
656 705 194 35 läroverken
870 706 64 34 och
952 706 224 34 realskolorna
1195 707 152 34 förordar
1365 707 263 40 ämbetsverket,
1647 713 52 29 att
1719 708 57 33 vid

296 759 63 33 den
386 757 163 35 framtida
572 761 187 40 översynen
785 771 43 21 av
853 759 246 43 grupperingen
1125 759 52 34 för
1205 760 236 34 seminarierna
1469 760 89 34 båda
1586 772 188 31 grupperna

294 811 170 42 utbyggas
482 811 102 34 nedåt
600 812 76 33 med
695 811 51 34 för
763 811 400 36 folkskoleseminarierna
1182 825 42 21 en
1241 813 184 42 lönegrupp
1445 813 63 34 och
1527 813 51 34 för
1596 813 180 34 småskole-

295 864 235 34 seminarierna
556 876 42 22 en
623 864 77 34 eller
725 865 182 34 eventuellt
935 866 61 33 två
1022 866 231 42 lönegrupper.

338 916 183 35 Allmänna
540 917 244 35 lönenämnden
802 918 61 34 har
881 918 74 35 icke
974 917 74 35 haft
1067 919 104 42 något
1191 924 52 29 att
1263 919 105 33 erinra
1390 924 73 29 mot
1483 921 66 33 vad
1570 920 41 34 de
1630 920 145 33 sakkun-

294 969 76 43 niga
397 970 112 34 anfört
534 970 9 34 i
569 970 219 34 förevarande
813 971 203 34 hänseende.

338 1023 327 42 Skolöverstyrelsen
685 1024 152 34 däremot
855 1024 63 33 har
938 1023 160 36 förklarat
1118 1024 49 43 sig
1186 1024 73 35 icke
1277 1024 116 35 kunna
1411 1025 95 34 finna
1525 1025 179 43 anledning
1724 1031 52 28 att

294 1075 186 43 uppskjuta
501 1088 40 21 en
562 1075 154 34 definitiv
737 1076 290 43 gruppindelning.

337 1129 383 42 Departementschefen
739 1130 60 33 har
819 1129 112 34 anfört
950 1130 103 34 bland
1072 1135 116 29 annat.

338 1190 453 43 Seminarieorganisationen
813 1191 153 34 befinner
988 1192 48 42 sig
1055 1191 51 34 för
1127 1193 211 33 närvarande
1360 1193 9 33 i
1392 1198 51 29 ett
1464 1192 95 35 labilt
1581 1193 83 42 läge.
1687 1194 86 33 Man

291 1234 67 34 kan
384 1235 55 33 för
464 1235 42 34 de
530 1239 173 30 närmaste
728 1236 80 33 åren
833 1240 112 30 motse
970 1249 41 21 en
1036 1236 129 42 kraftig
1191 1237 204 42 utvidgning
1422 1249 44 21 av
1492 1237 284 34 examinationen.

291 1279 71 34 Det
376 1279 70 33 kan
463 1283 92 30 ännu
571 1280 72 33 icke
659 1281 78 33 med
754 1280 62 34 full
833 1280 160 34 säkerhet
1009 1281 223 41 överblickas,
1249 1281 65 34 hur
1330 1281 274 42 organisationen
1621 1282 155 33 kommer

292 1328 52 29 att
361 1323 148 43 gestalta
528 1324 48 42 sig
595 1336 55 21 om
670 1329 52 29 ett
740 1324 77 34 eller
836 1331 108 28 annat
964 1325 48 33 år.
1032 1324 116 35 Större
1166 1325 134 35 klarhet
1320 1326 9 33 i
1350 1326 98 33 detta
1468 1326 191 35 hänseende
1679 1327 96 33 kom-

292 1379 71 22 mer
380 1368 78 33 med
477 1369 44 32 all
539 1368 214 35 sannolikhet
771 1374 53 28 att
842 1368 163 43 föreligga
1023 1369 103 34 redan
1145 1373 102 30 nästa
1263 1371 51 32 år.
1333 1370 66 33 Vid
1419 1370 125 34 sådant
1562 1371 215 34 förhållande

291 1412 109 33 finner
422 1412 59 42 jag
503 1412 10 33 i
536 1412 106 34 likhet
665 1413 78 33 med
768 1413 41 34 de
833 1413 215 42 sakkunniga
1072 1413 195 43 lämpligast
1292 1419 53 29 att
1370 1414 191 42 uppskjuta
1587 1418 187 40 översynen

291 1469 43 21 av
352 1456 432 43 lönegruppsindelningen.
803 1457 65 43 Jag
887 1458 131 41 hoppas
1038 1458 185 34 emellertid
1244 1463 53 29 att
1317 1459 58 33 det
1395 1459 86 33 skall
1502 1459 45 34 bli
1568 1459 134 43 möjligt
1723 1464 50 30 att

290 1501 105 33 redan
414 1505 101 30 nästa
535 1502 36 33 år
590 1505 82 38 taga
693 1501 160 43 ställning
872 1502 52 33 till
945 1503 110 33 denna
1075 1502 108 43 fråga.
1205 1503 18 32 I
1244 1503 149 34 avbidan
1415 1503 108 42 härpå
1544 1504 100 34 torde
1663 1504 112 34 rekto-

290 1556 113 23 rernas
427 1545 231 43 löneställning
679 1545 82 35 böra
781 1546 186 34 bibehållas
989 1546 202 34 oförändrad
1215 1547 105 34 under
1341 1551 100 31 nästa
1464 1548 176 42 budgetår.

338 1590 55 33 De
410 1589 210 43 sakkunniga
635 1590 44 33 ha
696 1590 172 40 förutsatt,
885 1595 53 30 att
954 1591 368 34 seminarierektorerna
1339 1591 84 34 efter
1441 1592 64 34 den
1524 1596 42 30 30
1584 1593 71 42 juni
1676 1596 99 39 1943,

293 1634 43 34 då
353 1634 197 34 nuvarande
567 1634 247 34 förordnanden
832 1634 130 43 utlöpa,
980 1635 65 34 tills
1065 1635 114 34 vidare
1198 1635 93 35 skola
1310 1635 175 35 förordnas
1505 1637 119 34 endast
1643 1638 44 41 på
1708 1638 67 34 viss

293 1678 134 34 kortare
445 1678 61 34 tid.
523 1679 57 33 Då
595 1682 51 31 ett
664 1678 109 43 dylikt
790 1679 234 42 provisorium,
1043 1679 103 34 ehuru
1165 1680 10 33 i
1194 1680 63 33 och
1274 1680 51 34 för
1344 1680 49 43 sig
1410 1681 174 40 tänkbart,
1603 1682 171 34 måhända

293 1722 67 33 kan
382 1722 90 34 vålla
497 1723 222 42 olägenheter,
743 1722 166 43 förtjänar
934 1724 57 33 det
1015 1727 195 39 övervägas,
1235 1724 168 34 huruvida
1428 1725 74 34 icke
1527 1726 64 34 den
1616 1738 68 30 nya
1709 1726 65 34 för-

293 1767 331 42 ordnandeperioden
648 1767 52 33 för
725 1768 251 33 seminariernas
1001 1768 147 34 rektorer
1170 1768 69 34 kan
1264 1769 120 34 liksom
1409 1769 52 34 för
1486 1771 114 42 övriga
1624 1771 151 33 rektorer

293 1810 147 35 omfatta
459 1824 57 21 sex
535 1812 47 39 år,
602 1811 120 35 varvid
744 1812 85 34 dock
850 1812 61 34 bör
932 1812 185 43 uppställas
1138 1813 120 33 villkor
1280 1826 42 21 av
1344 1813 174 41 innebörd,
1540 1819 52 30 att
1613 1815 161 34 vederbö-

292 1855 103 34 rande
417 1855 115 34 rektor
554 1856 83 33 skall
662 1868 81 21 vara
766 1856 133 42 skyldig
923 1861 52 29 att
997 1857 104 33 under
1124 1857 144 42 löpande
1289 1857 342 44 förordnandeperiod
1656 1860 117 33 under-

292 1899 98 34 kasta
408 1899 50 43 sig
475 1900 64 33 den
555 1900 142 42 ändring
713 1901 8 33 i
740 1900 287 43 löneställningen,
1045 1913 72 22 som
1135 1902 57 33 må
1210 1901 187 35 föranledas
1416 1915 44 21 av
1479 1915 39 22 en
1537 1903 129 35 ändrad
1684 1905 90 33 löne-

292 1943 306 43 gruppsindelning.
618 1945 72 33 Det
709 1944 95 34 torde
824 1944 34 34 få
879 1945 183 33 ankomma
1082 1946 45 42 på
1146 1946 128 42 Kungl.
1295 1946 109 43 Maj:t
1423 1951 52 30 att
1495 1947 179 36 framdeles
1694 1953 80 37 taga

293 1988 110 33 denna
418 1987 95 43 fråga
530 1988 104 34 under
650 1989 246 42 övervägande.

826 2089 31 30 5.
893 2089 342 31 Abnormskolorna.

337 2156 137 35 Statens
510 2157 435 35 blindanstalter
1014 2160 56 32 äro
1089 2158 170 35 institutet
1279 2159 63 34 och
1360 2159 171 35 förskolan
1550 2160 51 34 för
1620 2161 114 34 blinda
1754 2162 20 32 å

291 2210 228 39 Tomteboda,
536 2210 301 34 hantverksskolan
854 2211 10 33 i
882 2211 258 34 Kristinehamn
1159 2211 51 34 för
1229 2212 114 34 blinda
1361 2216 93 37 män,
1472 2213 301 35 hantverksskolan

292 2264 9 33 i
321 2263 110 42 Växjö
450 2263 52 34 för
520 2263 114 34 blinda
652 2263 145 34 kvinnor
817 2264 62 33 och
900 2264 255 34 vårdanstalten
1176 2265 9 34 i
1206 2265 99 34 Lund
1325 2265 51 34 för
1397 2266 115 34 blinda
1532 2267 78 34 med
1629 2267 144 42 kompli-

291 2322 92 29 cerat
410 2317 82 42 lyte.
520 2317 77 33 Den
625 2317 86 33 enda
738 2329 42 21 av
808 2317 96 34 dessa
933 2317 171 40 anstalter,
1133 2330 72 22 som
1234 2318 213 35 beträffande
1474 2320 299 42 rektorstjänstens

292 2369 169 43 placering
483 2369 9 34 1
515 2370 263 33 lönehänseende
802 2370 56 34 vid
886 2374 87 30 1937
997 2371 52 33 års
1072 2371 237 43 lönereglering
1332 2372 109 35 direkt
1463 2373 154 34 anslutits
1641 2374 50 33 till
1715 2385 57 22 av-

291 2422 373 43 löningsgrupperingen
687 2422 51 34 för
761 2423 274 42 rektorstjänster
1059 2424 56 34 vid
1140 2424 137 43 statliga
1300 2425 235 35 läroanstalter
1558 2426 9 34 i
1591 2427 121 41 övrigt,
1738 2429 36 30 är

291 2475 169 35 institutet
482 2476 62 33 och
566 2475 169 34 förskolan
757 2475 51 34 för
830 2476 115 34 blinda
967 2477 20 33 å
1008 2477 227 34 Tomteboda.
1258 2478 299 42 Rektorstjänsten
1580 2480 58 34 vid
1662 2479 109 34 denna
