1876 2820
268 170 19 29 4
448 165 108 27 Första
583 165 196 27 kammarens
806 166 140 35 första
974 166 152 35 tillfälliga
1154 167 128 27 utskotts
1310 167 157 27 utlåtande
1495 175 36 18 nr
1558 167 24 25 3.

956 320 61 39 Nr
1037 321 38 39 3.

796 453 119 27 Ankom
934 453 42 27 till
995 453 182 35 riksdagens
1195 453 97 27 kansli
1313 453 58 27 den
1391 453 16 26 2
1425 453 79 34 april
1526 453 65 26 1940
1610 452 38 27 kl.
1669 453 30 26 12
1717 461 38 18 m.

494 548 122 29 Första
644 548 216 31 kammarens
898 548 164 37 första
1099 547 170 38 tillfälliga
1297 547 145 32 utskotts
1471 546 174 31 utlåtande
1671 555 39 23 nr
1737 548 20 28 3

716 603 10 28 i
753 601 185 38 anledning
964 612 41 19 av
1034 602 99 30 väckt
1162 601 127 30 motion
1318 610 55 20 om
1403 600 181 38 utredning
1612 600 144 30 rörande

715 655 177 38 åskskydd
909 655 54 37 för
979 655 255 38 landsbygdens
1254 655 119 30 behov.

361 753 183 31 Motionen.

322 815 12 30 I
356 825 42 21 en
419 815 92 31 inom
534 815 199 40 riksdagens
754 816 108 30 första
885 816 178 30 kammare
1085 815 109 36 väckt,
1217 816 48 30 till
1288 816 77 31 dess
1386 816 107 30 första
1516 814 170 39 tillfälliga
1708 818 49 26 ut-

275 869 91 31 skott
388 869 167 30 hänvisad
579 870 128 31 motion
729 879 40 21 nr
795 871 59 29 122
878 870 88 30 hade
990 870 120 30 herrar
1132 869 144 31 Persson
1298 870 64 29 och
1389 869 205 30 Holstenson
1617 869 138 30 föresla-

277 922 47 38 git
344 926 49 27 att
412 923 183 39 riksdagen
617 923 75 30 ville
711 924 8 29 i
739 923 163 31 skrivelse
923 923 48 31 till
995 923 122 39 Kungl.
1139 923 98 38 Maj:t
1258 922 180 32 hemställa
1460 933 56 19 om
1539 921 134 41 allsidig
1693 922 64 30 och

271 978 316 39 förutsättningslös
618 979 179 39 utredning
825 980 166 29 avseende
1020 982 46 27 ett
1096 979 53 30 för
1179 978 253 39 landsbygdens
1462 978 110 29 behov
1603 976 152 38 lämpligt

275 1034 169 34 avpassat,
474 1030 111 40 billigt
613 1032 63 29 och
707 1031 157 30 effektivt
895 1030 185 40 åskskydd.
1125 1031 93 30 Inom
1251 1033 109 29 andra
1391 1031 201 30 kammaren
1625 1030 62 30 har
1716 1039 41 20 av

278 1085 79 30 herr
378 1085 193 30 Johansson
595 1085 8 29 i
626 1085 152 38 Mysinge
801 1094 44 20 m.
868 1086 37 29 fl.
928 1085 117 30 väckts
1067 1095 42 20 en
1133 1084 219 39 likalydande
1377 1083 128 32 motion
1528 1094 41 20 nr
1595 1084 68 29 199.
1698 1083 59 29 Be-

277 1138 176 30 träffande
472 1138 247 39 motiveringen
741 1137 162 32 hänvisas
925 1137 48 31 till
996 1138 185 30 motionen.

367 1237 195 31 Yttranden.

323 1295 89 36 Över
438 1299 174 32 motionen
639 1300 61 30 har
726 1300 163 29 utskottet
914 1300 9 29 i
950 1298 213 39 vederbörlig
1188 1298 147 39 ordning
1363 1297 171 31 inhämtat
1561 1297 198 30 utlåtanden

276 1353 80 30 från
378 1353 369 39 kommerskollegium,
768 1352 167 32 institutet
955 1353 54 30 för
1029 1351 443 40 högspänningsforskning
1492 1351 10 30 i
1523 1351 151 39 Uppsala
1694 1350 64 31 och

278 1407 152 31 Svenska
446 1406 457 39 brandskyddsföreningen.

323 1461 169 31 Utskottet
517 1461 64 30 har
606 1461 167 38 härjämte
798 1464 83 28 satts
904 1461 9 29 i
939 1460 132 30 tillfälle
1096 1463 46 27 att
1167 1463 76 35 taga
1267 1460 54 30 del
1345 1469 40 20 av
1410 1459 76 30 från
1513 1459 129 30 utskott
1667 1458 91 30 inom

276 1515 109 31 andra
409 1515 201 31 kammaren
634 1514 198 31 inhämtade
856 1514 200 30 utlåtanden
1079 1515 80 29 över
1183 1513 128 31 motion
1337 1512 42 30 II:
1400 1513 59 30 199
1483 1512 78 32 från
1587 1511 171 38 socialsty-

277 1570 119 35 relsen,
427 1569 355 38 lantbruksstyrelsen,
815 1567 152 39 Sveriges
999 1567 345 35 lantbruksförbund,
1376 1565 383 39 hushållningssällska-

278 1632 66 28 pen
360 1623 9 29 i
387 1618 269 44 Östergötlands,
674 1621 195 31 Malmöhus
885 1621 63 30 och
967 1621 168 31 Hallands
1153 1622 54 29 län
1225 1622 87 29 efter
1329 1620 154 30 hörande
1500 1631 41 20 av
1561 1619 198 39 egnahems-

274 1677 224 34 nämnderna,
516 1677 36 29 R.
571 1677 36 28 L.
625 1676 45 34 F.,
689 1675 275 30 Småbrukarnas
981 1675 235 34 riksförbund,
1235 1675 259 29 Lantmännens
1512 1673 247 39 byggnadsför-

276 1730 103 39 cening
394 1730 9 30 i
421 1730 97 30 Lund
536 1733 89 28 samt
642 1732 44 27 ett
702 1730 91 29 antal
813 1728 310 39 brandstodsbolag
1140 1728 63 29 och
1220 1725 539 40 brandförsäkringsföreningar.

317 1812 170 31 Institutet
513 1813 55 37 för
593 1810 442 40 högspänningsforskning
1060 1809 169 30 vitsordar
1254 1808 181 40 uppgiften
1463 1809 9 29 i
1498 1807 185 36 motionen,
1711 1808 47 28 att

273 1864 76 31 vårt
365 1865 80 29 land
461 1865 38 29 är
515 1864 191 30 efterblivet
723 1863 8 30 i
749 1862 99 40 fråga
864 1873 57 20 om
938 1861 186 40 åskskydd,
1144 1862 63 30 och
1225 1861 212 35 framhåller,
1456 1864 48 27 att
1522 1861 110 38 dylikt
1650 1860 110 38 skydd

273 1918 226 31 aktualiseras
521 1918 9 29 i
554 1917 66 30 och
642 1917 77 30 med
741 1917 65 30 den
829 1916 110 31 ökade
961 1916 298 37 mekaniseringen
1282 1925 42 20 av
1347 1914 321 30 lantbruksdriften.
1705 1914 55 28 Ett

275 1975 87 28 stort
386 1972 92 30 antal
502 1981 42 20 av
569 1971 42 30 de
637 1969 211 40 förefintliga
872 1969 206 31 åskledarna
1104 1968 165 39 uppgivas
1295 1968 175 30 dessutom
1497 1977 81 20 vara
1604 1966 155 38 felaktigt

276 2026 150 30 utförda.
465 2026 12 30 I
503 2025 184 30 institutets
713 2023 158 39 yttrande
896 2023 181 39 redogöres
1104 2022 148 31 därefter
1279 2022 55 30 för
1359 2022 65 30 hur
1450 2021 130 30 arbetet
1605 2019 154 31 bedrives

279 2083 89 28 samt
385 2083 47 28 att
448 2079 167 31 institutet
632 2079 80 29 trätt
730 2078 8 30 i
756 2076 209 31 förbindelse
983 2077 79 29 med
1080 2077 41 30 de
1138 2074 327 40 försäkringsbolag,
1484 2074 62 30 hos
1567 2073 91 31 vilka
1675 2074 84 29 lant-

278 2133 126 39 gårdar
427 2133 9 30 i
460 2132 184 31 huvudsak
668 2133 58 29 äro
750 2130 212 36 försäkrade,
987 2129 120 32 varvid
1132 2130 53 29 det
1211 2128 86 31 visat
1322 2129 49 40 sig
1397 2127 212 39 nödvändigt
1634 2130 47 29 att
1705 2127 53 29 be-

278 2187 97 30 driva
393 2185 240 41 upplysnings-
653 2186 64 30 och
736 2183 443 40 propagandaverksamhet
1197 2183 54 30 för
1269 2185 49 28 att
1336 2182 63 32 hos
1418 2180 256 32 vederbörande
1693 2181 67 29 för-

277 2238 432 41 säkringsorganisationer
733 2239 160 38 klargöra
916 2238 196 39 betydelsen
1138 2246 41 20 av
1204 2239 47 27 att
1276 2235 123 39 frågan
1424 2245 57 20 om
1506 2235 175 38 åskskydd
1707 2235 55 29 för

279 2293 199 41 lantgårdar
497 2295 158 29 alltmera
674 2293 194 30 beaktades.
900 2291 64 32 Det
984 2291 63 31 har
1067 2289 202 40 föreslagits,
1291 2293 49 27 att
1362 2299 41 21 en
1424 2288 145 31 intensiv
1592 2297 167 28 masspro-

280 2348 158 40 paganda
462 2348 110 30 skulle
596 2346 208 40 igångsättas
828 2346 55 29 för
908 2344 183 31 införande
1116 2354 39 20 av
1180 2343 179 30 åskledare
1383 2342 42 39 på
1449 2341 209 39 lantgårdar,
1684 2351 74 20 men

279 2402 168 31 institutet
470 2401 62 31 har
556 2400 111 32 avrått
689 2399 77 32 från
790 2409 42 20 en
855 2398 110 31 sådan
989 2398 130 39 åtgärd,
1146 2397 143 31 emedan
1314 2397 87 31 först
1426 2395 107 31 måste
1557 2395 116 31 finnas
1697 2395 62 30 till-

278 2456 90 40 gång
391 2455 49 31 till
464 2453 201 32 vältränade
688 2452 193 41 ingenjörer
905 2453 64 29 och
994 2451 144 31 tränade
1162 2451 268 39 yrkesarbetare,
1456 2448 112 32 vartill
1596 2450 164 31 kommer,

280 2513 48 27 alt
346 2508 240 32 erfarenheten
605 2507 95 37 visat,
719 2511 46 27 att
785 2506 42 38 på
846 2505 199 31 nuvarande
1065 2504 146 31 stadium
1231 2504 56 30 det
1306 2504 74 30 icke
1400 2512 78 21 vore
1497 2502 116 39 riktigt
1633 2505 47 29 att
1699 2501 61 31 till-
