1902 2806
569 176 277 27 Bankoutskottets
867 175 159 27 utlåtande
1046 183 38 19 nr
1106 175 46 26 72.
1590 172 20 31 3

161 250 226 46 Åberopande
404 257 57 30 det
480 256 149 31 anförda
646 255 199 31 hemställer
862 255 176 36 utskottet,

471 366 49 28 att
540 362 195 40 riksdagen,
758 362 11 30 i
790 361 186 40 anledning
997 371 44 21 av
1062 361 236 39 fullmäktiges
1319 361 12 30 i
1352 361 258 39 riksgäldskon-

425 420 90 28 toret
540 415 268 40 framställning,
836 414 58 32 må
920 414 212 40 bemyndiga
1158 414 220 40 fullmäktige
1404 417 50 28 att
1482 414 11 30 i
1522 414 87 31 före-

425 470 213 31 kommande
661 469 64 31 fall
751 469 221 31 beträffande
999 469 156 30 arbetare
1180 468 59 31 vid
1265 467 343 41 riksgäldskontoret,

424 523 203 40 riksdagens
645 523 77 36 hus,
739 522 362 40 riksdagsbiblioteket
1119 525 90 28 samt
1227 521 143 40 justitie-
1389 522 67 30 och
1473 520 136 32 militie-

426 576 534 40 ombudsmansexpeditionerna
978 576 135 30 besluta
1132 576 164 38 antingen
1315 585 57 21 om
1389 573 222 41 tillämpning

427 629 20 32 å
463 631 181 30 arbetaren
661 639 42 21 av
719 630 231 30 riksbankens
966 629 141 40 tjänste-
1124 629 66 31 och
1206 628 404 40 familjepensionsregle-

427 686 140 28 menten
588 682 55 32 för
664 683 156 31 arbetare
840 683 79 30 med
939 683 44 30 de
1006 682 200 37 avvikelser,
1230 692 74 21 som
1327 681 142 40 angivas
1491 681 10 30 i
1527 681 81 30 1941

427 736 56 31 års
509 736 364 40 pensionskommittés
902 735 54 32 för
982 736 204 39 riksdagens
1211 736 84 30 verk
1320 735 222 31 betänkande
1568 744 43 21 av

426 790 67 31 den
510 791 19 30 5
546 790 72 39 maj
640 790 92 36 1943,
751 789 81 31 eller
850 799 57 21 om
924 789 244 40 pensionering
1185 798 43 21 av
1246 789 180 30 arbetaren
1444 789 106 39 enligt
1566 788 44 31 de

427 844 160 39 grunder,
614 853 74 21 som
714 842 143 40 angivas
883 843 11 30 i
920 842 232 40 kungörelsen
1177 843 67 30 den
1269 843 42 30 30
1336 842 75 39 juni
1441 843 83 29 1942
1557 840 53 41 (nr

427 896 75 40 696)
525 897 80 30 med
621 896 218 31 föreskrifter
854 895 181 40 angående
1053 895 241 41 pensionering
1313 905 42 22 av
1373 896 68 30 viss
1460 896 150 30 arbetar-

425 951 162 38 personal
606 950 11 30 i
637 952 128 28 statens
785 949 116 39 tjänst.

162 1056 200 31 Stockholm
383 1057 65 30 den
472 1057 39 30 18
531 1056 76 40 juni
629 1057 94 31 1943.

589 1163 49 31 På
662 1164 303 30 bankoutskottets
991 1164 145 39 vägnar:

675 1270 123 31 GUST.
826 1270 223 31 SVEDMAN.

156 1645 58 28 Vid
235 1644 197 29 förestående
452 1645 131 28 ärendes
602 1644 256 36 slutbehandling
876 1645 87 27 inom
982 1644 152 28 utskottet
1152 1644 83 28 hava
1254 1644 139 28 närvarit

156 1707 71 28 från
254 1707 149 29 första
427 1708 198 27 kammaren:
641 1707 110 28 herrar
766 1707 134 35 Berling,
917 1706 196 35 Nordenson,
1129 1706 213 36 Friggeråker,
1357 1706 137 36 Sylwan,
1512 1706 98 28 Lean-

116 1752 65 34 der,
198 1752 178 28 Fahlander
394 1752 59 28 och
471 1748 121 40 Åqvist;

156 1805 72 28 från
283 1806 110 28 andra
418 1806 197 27 kammaren:
634 1805 108 28 herrar
759 1805 166 34 Svedman,
943 1805 146 36 Paulsen,
1108 1804 36 29 K.
1162 1805 34 27 A.
1218 1805 167 33 Westman,
1403 1804 179 27 Andersson
1600 1804 10 27 i

117 1850 258 35 Munkaljungby,
393 1849 173 36 Sundberg,
584 1850 146 27 Ericsson
749 1850 9 27 i
779 1850 112 31 Kinna,
910 1849 127 27 Nilsson
1054 1850 11 26 i
1083 1849 206 27 Landskrona
1308 1849 60 27 och
1387 1848 184 35 Malmborg.
