1930 2808
304 170 19 30 6
629 164 420 37 Bevillningsutskottets
1067 161 225 34 betänkande
1308 161 52 31 Nr
1384 160 30 30 3.

259 256 220 32 lourdement
513 264 44 21 ou
585 253 103 31 d'une
715 252 153 31 maniere
892 250 80 36 plus

262 309 150 36 génante
439 315 66 27 que
528 306 50 30 les
602 304 158 36 produits
785 302 188 31 similaires

262 360 39 30 de
325 359 35 30 la
383 358 123 31 nation
529 357 35 30 la
587 356 80 35 plus
691 354 183 31 favorisée.

534 581 162 31 Article
725 580 30 30 6.

308 670 64 31 Les
412 669 91 31 deux
541 666 137 31 Parties
716 664 262 32 Contraectantes

266 721 205 38 s'engagent
505 720 21 30 å
559 717 165 33 m'établir
751 716 39 31 ni
817 716 21 30 å
867 715 111 31 main”

266 775 93 31 tenir
382 782 135 22 aucune
540 769 219 38 prohibition
781 779 44 20 ou
842 767 138 31 restric-

267 827 76 31 tion
378 824 147 32 relative
559 823 21 30 å
614 823 95 30 leurs
733 820 246 36 importations

268 889 45 20 ou
341 875 240 37 exportations
609 873 219 36 réciproques
852 871 62 35 qui
938 880 42 21 ne

268 927 268 39 s'appliquerait
570 935 72 27 pas,
672 925 85 31 dans
781 924 49 31 les
854 924 128 29 mémes

269 981 209 35 eonditions,
507 989 70 21 aux
607 977 159 37 produits
794 975 189 31 similaires

271 1034 165 35 importés
459 1042 43 21 ou
527 1031 160 35 exportés
708 1038 43 21 en
766 1036 218 28 provenance

272 1096 44 20 ou
339 1085 21 30 å
383 1083 214 32 destination
620 1081 40 31 de
677 1081 77 30 tout
770 1080 100 30 autre
887 1088 96 26 pays.

316 1136 67 31 Des
395 1134 201 36 exceptions
608 1132 169 37 pourront
787 1132 73 29 étre
871 1130 113 35 faites,

271 1187 178 35 toutefois,
466 1196 44 21 en
525 1195 37 21 ce
579 1185 61 36 qui
656 1192 168 23 concerne
840 1182 50 31 les
907 1191 75 26 pro-

272 1240 171 31 hibitions
467 1248 44 21 ou
535 1236 218 31 restrictions
777 1234 134 31 visant:

316 1289 32 35 a)
372 1291 36 30 la
431 1289 149 31 sécurité
603 1287 180 36 publique,

315 1339 35 36 b)
374 1341 36 31 la
433 1341 97 30 santé
554 1338 167 38 publique
745 1347 45 21 ou
806 1337 35 30 la
856 1337 129 35 protec-

274 1394 75 31 tion
382 1393 58 31 des
468 1392 169 30 animaux
667 1391 34 29 et
729 1389 58 31 des
812 1388 175 35 végétaux

274 1446 105 31 utiles
413 1445 118 31 contre
559 1443 50 30 les
643 1441 180 35 maladies,
858 1440 50 30 les
936 1439 51 31 in-

275 1499 108 30 sectes
407 1496 171 31 nuisibles
601 1505 43 20 ou
666 1494 50 30 les
739 1492 181 36 parasites.

547 1614 165 31 Artiele
741 1614 29 30 7.

321 1704 55 31 En
399 1713 36 21 ce
460 1703 62 36 qui
545 1710 167 23 concerne
729 1700 49 31 les
794 1698 198 33 conditions

280 1757 46 30 du
361 1755 139 36 transit,
535 1755 49 30 les
613 1753 90 31 deux
739 1752 137 31 Parties
908 1749 85 32 Con-

280 1808 191 31 tractantes
508 1805 205 36 s'engagent
750 1804 21 30 å
808 1802 186 37 appliquer

280 1858 301 36 réciproquement
605 1856 87 31 dans
713 1855 95 31 leurs
825 1854 168 31 relations

280 1912 51 30 les
354 1910 226 36 dispositions
604 1908 40 31 de
669 1907 34 31 la
724 1905 221 33 Convention
961 1906 34 30 et

281 1963 121 32 Statut
440 1972 60 22 sur
533 1962 35 30 la
602 1960 125 31 liberté
762 1959 46 31 du
842 1957 153 36 Transit,

282 2016 118 36 signés
423 2015 21 30 å
471 2013 190 31 Barcelone
684 2012 32 31 le
732 2012 41 30 20
789 2010 95 31 avril
901 2010 95 35 1921,

283 2077 43 21 en
359 2076 35 22 se
429 2064 241 37 garantissant
693 2073 79 21 sous
796 2072 37 21 ce
856 2062 142 35 rapport

283 2118 33 31 le
350 2118 203 31 traitement
584 2116 40 30 de
654 2115 35 30 la
713 2114 123 30 nation
859 2113 34 30 la
917 2113 80 35 plus

284 2169 184 31 favorisée.

554 2339 163 31 Article
747 2339 28 30 8.

331 2430 32 36 1)
386 2428 65 31 Les
475 2427 142 31 navires
641 2427 33 29 et
690 2426 153 30 bateaux
861 2424 140 31 battant

288 2481 32 30 le
358 2479 161 37 pavillon
556 2478 41 31 de
634 2478 95 30 VPFune
768 2476 58 32 des
865 2475 137 31 Parties

1059 249 58 30 må
1127 247 112 32 under
1249 247 108 36 ingen
1369 245 259 36 förevändning
1640 245 130 31 drabba

1062 300 58 31 det
1156 299 111 31 andra
1299 298 137 31 landets
1468 297 191 36 produkter
1693 296 78 31 med

1060 351 107 35 högre
1191 350 124 35 belopp
1338 349 86 30 eller
1447 350 45 35 på
1515 358 95 20 mera
1626 348 146 35 betung-

1060 402 87 31 ande
1185 402 71 30 sätt
1290 403 46 28 än
1370 399 174 32 likartade
1578 399 193 36 produkter

1061 455 82 31 från
1167 455 88 29 mest
1279 452 144 37 gynnad
1447 452 134 31 nation.

1287 574 165 30 Artikel
1481 574 30 30 6.

1109 661 49 31 De
1174 660 88 32 båda
1275 658 327 37 fördragsslutande
1612 658 164 36 parterna

1066 712 165 32 förbinda
1265 712 56 36 sig
1351 712 53 30 att
1436 711 76 31 icke
1544 710 116 30 införa
1692 708 85 32 eller

1068 764 242 37 upprätthålla
1334 763 127 32 förbud
1484 762 86 31 eller
1594 760 184 32 inskränk-

1067 818 130 35 ningar
1243 817 12 29 i
1296 815 170 31 avseende
1506 815 21 29 å
1570 814 66 31 den
1671 815 109 28 ömse-

1070 868 113 36 sidiga
1200 867 171 31 införseln
1384 867 85 30 eller
1482 865 184 35 utförseln,
1680 864 100 31 vilka

1071 920 76 31 icke
1185 919 180 36 tillämpas
1402 919 45 35 på
1485 926 133 22 samma
1655 917 70 30 sätt
1768 915 13 30 i

1072 971 170 32 avseende
1265 972 20 30 å
1309 971 145 30 införsel
1478 970 63 31 och
1565 968 150 32 utförsel
1736 977 45 21 av

1073 1023 174 32 likartade
1270 1033 104 21 varor
1390 1023 12 30 i
1419 1022 154 31 handeln
1589 1020 77 31 med
1683 1020 100 35 varje

1072 1077 110 30 annat
1205 1075 95 30 land.

1116 1127 192 35 Undantag
1342 1126 122 30 kunna
1492 1124 86 31 dock
1613 1125 67 34 äga
1704 1132 80 21 rum

1070 1178 216 32 beträffande
1323 1176 126 32 förbud
1480 1176 85 31 eller
1599 1174 185 32 inskränk-

1072 1231 141 35 ningar,
1238 1239 74 21 som
1336 1238 81 21 avse

1159 1279 33 36 a)
1216 1281 67 31 den
1305 1281 183 30 allmänna
1512 1278 216 35 säkerheten,

1160 1330 34 36 b)
1219 1332 56 31 det
1291 1332 182 30 allmänna
1489 1328 298 32 hälsotillståndet

1076 1385 85 31 eller
1184 1383 204 37 skyddande
1404 1393 45 20 av
1466 1381 82 37 djur
1564 1380 64 32 och
1645 1380 142 36 nyttiga

1076 1438 125 30 växter
1225 1437 72 30 mot
1320 1434 215 37 sjukdomar,
1557 1432 163 36 skadliga
1737 1432 51 30 in-

1077 1489 114 31 sekter
1213 1488 86 31 eller
1322 1487 182 36 parasiter.

1304 1607 164 31 Artikel
1501 1607 29 30 7.

1132 1694 224 33 Beträffande
1386 1693 177 31 villkoren
1587 1692 54 31 för
1664 1691 129 31 transi-

1082 1749 117 35 tering
1239 1746 163 32 förbinda
1436 1746 54 35 sig
1526 1744 40 31 de
1601 1744 91 31 båda
1726 1743 67 31 för-

1083 1798 268 38 dragsslutande
1391 1798 167 35 parterna
1595 1796 53 30 att
1686 1797 108 28 ömser

1081 1852 109 35 sidigt
1223 1851 12 30 i
1269 1849 222 31 förhållande
1528 1847 58 31 till
1619 1845 175 32 varandra

1083 1903 163 36 tillämpa
1273 1900 310 33 bestämmelserna
1606 1899 13 30 i
1642 1898 153 32 konven-

1083 1956 121 31 tionen
1228 1954 63 32 och
1306 1953 151 36 stadgan
1472 1951 182 37 angående
1670 1950 126 32 transi-

1084 2006 257 37 teringsfrihet,
1365 2003 282 33 undertecknade
1677 2003 12 30 i
1713 2002 84 30 Bar-

1085 2060 121 30 celona
1233 2059 68 30 den
1325 2058 40 30 20
1388 2056 92 36 april
1504 2056 95 34 1921,
1624 2054 173 36 varjämte

1087 2112 165 35 parterna
1296 2109 13 30 i
1347 2108 96 31 detta
1480 2105 170 32 avseende
1690 2107 108 29 ömse-

1088 2162 109 35 sidigt
1218 2160 217 32 tillerkänna
1455 2157 176 32 varandra
1647 2155 151 32 behand-

1085 2214 77 35 ling
1187 2214 113 30 såsom
1323 2212 89 30 mest
1436 2209 143 37 gynnad
1604 2208 133 31 nation.

1310 2331 166 32 Artikel
1506 2331 29 30 8.

1135 2418 32 36 1)
1199 2420 145 35 Fartyg,
1373 2417 145 31 förande
1547 2416 67 32 den
1642 2425 65 21 ena
1735 2415 68 31 för-

1092 2470 270 39 dragsslutande
1401 2470 141 35 partens
1575 2468 129 36 flagga,
1739 2466 64 32 och
