1902 2830
519 124 382 33 Jordbruksutskottets
926 123 175 32 utlåtande
1127 123 49 31 Nr
1196 124 48 30 32.
1609 115 15 31 1

798 405 59 40 Nr
883 405 65 40 32.

665 527 111 23 Ankom
794 526 41 23 till
855 525 154 30 riksdagens
1026 524 89 24 kansli
1133 524 54 23 den
1207 520 31 26 19
1256 522 69 31 april
1344 519 67 26 1940
1428 521 36 24 kl.
1485 520 12 24 1
1516 527 21 17 e.
1557 527 35 17 m.

342 632 182 31 Utlåtande
548 633 10 29 i
583 630 189 38 anledning
795 640 42 20 av
863 629 125 31 väckta
1010 629 171 30 motioner
1205 626 178 38 angående
1408 625 219 37 omläggning

561 691 42 22 av
623 684 129 28 statens
772 680 240 37 upphandling
1032 689 41 21 av
1095 678 80 38 fisk.

1395 735 70 38 (2:a
1489 733 87 40 avd.)

163 855 14 29 I
200 853 58 32 två
279 854 97 30 inom
400 852 184 36 riksdagen
607 850 135 36 väckta,
767 849 50 31 till
841 847 356 38 jordbruksutskottet
1221 845 191 32 hänvisade
1435 845 192 37 likalydan-

119 906 43 30 de
178 904 181 36 motioner,
376 903 175 36 nämligen
569 902 29 30 I:
613 901 42 31 50
674 910 43 22 av
734 901 80 30 herr
830 899 268 31 Mannerskantz
1117 898 66 31 och
1200 898 81 30 herr
1299 896 208 38 Andersson,
1526 895 102 37 Emil,

118 960 92 27 samt
227 956 44 30 II:
286 956 41 30 92
344 964 44 22 av
403 955 82 30 herr
501 954 162 30 Hansson
681 953 11 30 i
710 952 101 30 Hönö
829 961 45 21 m.
892 951 50 36 fl.,
958 951 65 30 har
1038 949 204 36 hemställts,
1259 951 49 28 att
1322 948 186 36 riksdagen
1523 946 108 31 måtte

118 1007 145 35 besluta,
288 1008 49 28 att
359 1005 12 30 i
396 1004 165 31 skrivelse
581 1003 51 30 till
657 1002 125 36 Kungl.
807 1001 102 36 Maj:t
933 999 140 32 anhålla
1097 1009 58 21 om
1177 998 185 38 utredning
1385 998 149 31 rörande
1556 1006 71 21 om-

119 1056 163 38 läggning
305 1066 42 21 av
372 1058 129 29 statens
523 1053 243 38 upphandling
789 1062 42 21 av
855 1052 71 30 fisk
950 1050 46 38 på
1019 1051 83 30 visst
1126 1051 11 29 i
1161 1050 218 31 motionerna
1403 1048 136 37 angivet
1563 1048 66 30 sätt

119 1108 67 30 och
208 1107 139 37 vidtaga
370 1107 68 30 den
460 1105 130 37 åtgärd,
615 1113 76 22 som
714 1104 106 30 därav
843 1103 72 31 kan
937 1101 208 32 föranledas.

164 1157 227 32 Beträffande
411 1157 44 31 de
476 1156 84 35 skäl,
583 1164 76 22 som
681 1154 134 32 anförts
837 1154 51 30 till
911 1154 76 30 stöd
1008 1152 55 31 för
1085 1153 115 30 denna
1222 1150 175 36 anhållan,
1421 1149 56 32 får
1499 1150 130 30 utskot-

120 1213 57 33 tet,
210 1209 1 31 i
232 1210 67 30 den
318 1208 84 31 mån
424 1207 215 37 redogörelse
662 1205 123 32 därför
806 1204 30 38 ej
858 1205 137 30 lämnas
1015 1203 125 36 nedan,
1161 1202 147 31 hänvisa
1329 1201 51 31 till
1403 1200 227 32 motionerna.

166 1255 91 36 Över
279 1259 218 31 motionerna
520 1258 64 30 har
608 1257 168 30 utskottet
800 1256 11 30 i
835 1254 216 38 vederbörlig
1074 1254 150 36 ordning
1248 1251 228 32 införskaffat
1501 1254 128 35 yttran-

121 1312 66 30 den
207 1321 42 21 av
270 1309 351 37 lantbruksstyrelsen
642 1308 66 30 och
728 1306 371 36 arméförvaltningens
1119 1304 470 36 intendenturdepartement.

166 1412 116 36 Enligt
297 1411 249 35 förordningen
564 1410 66 30 den
650 1410 40 29 16
707 1408 138 37 januari
864 1408 84 30 1920
970 1407 53 40 (nr
1040 1405 51 40 10)
1114 1405 178 37 angående
1307 1403 243 38 upphandling
1566 1403 67 31 och

121 1462 143 30 arbeten
287 1461 56 31 för
368 1464 129 27 statens
521 1460 113 30 behov
658 1462 90 27 samt
772 1457 208 37 försäljning
1006 1467 42 20 av
1074 1459 111 28 staten
1210 1456 151 37 tillhörig
1386 1456 52 29 lös
1464 1454 166 37 egendom

122 1513 88 30 skall
235 1512 57 30 vid
314 1511 242 37 upphandling
578 1509 56 31 för
657 1512 129 28 statens
808 1509 113 30 behov
944 1508 10 30 i
978 1508 89 35 regel
1090 1506 176 31 infordras
1290 1506 119 31 anbud
1433 1514 123 28 genom
1579 1504 51 30 of-

123 1563 122 37 fentlig
268 1562 215 36 kungörelse.

169 1613 200 31 Emellertid
396 1613 66 30 har
491 1611 122 36 Kungl.
644 1610 102 36 Maj:t
774 1618 124 28 genom
927 1609 230 36 kungörelsen
1187 1608 67 30 den
1282 1607 41 31 30
1353 1607 77 36 juni
1461 1606 83 31 1934
1578 1605 54 39 (nr

122 1663 76 40 392)
226 1663 178 37 angående
424 1662 243 37 upphandling
687 1671 43 21 av
752 1659 374 37 lantbruksprodukter
1145 1668 46 20 m.
1214 1668 44 20 m.
1282 1658 56 30 för
1359 1660 129 28 statens
1508 1657 122 35 behov,

123 1715 117 30 vilken
263 1714 209 36 författning
496 1713 104 36 enligt
625 1712 232 36 kungörelsen
881 1712 67 29 den
973 1711 40 29 22
1038 1709 182 31 december
1247 1709 82 30 1939
1360 1708 54 39 (nr
1437 1706 75 40 921)
1544 1708 87 30 skall

123 1767 65 35 äga
220 1765 138 31 fortsatt
392 1764 221 36 tillämpning
647 1763 69 30 tills
751 1762 118 30 vidare
903 1762 51 30 till
986 1761 65 31 och
1073 1761 80 30 med
1176 1761 68 29 den
1266 1760 38 30 31
1331 1759 181 31 december
1538 1759 93 34 1940,

122 1816 208 35 föreskrivit,
354 1818 59 33 att,
438 1815 63 30 där
521 1814 129 31 central
672 1812 434 37 förvaltningsmyndighet
1128 1811 77 31 icke
1226 1810 205 31 annorledes
1452 1809 181 30 förordnat

124 1868 65 29 och
216 1866 122 31 sådant
361 1865 160 31 befinnes
545 1874 82 21 vara
653 1864 55 31 för
733 1866 110 28 staten
868 1862 210 36 förmånligt,
1105 1862 242 36 upphandling
1373 1871 42 20 av
1441 1860 97 30 färsk
1562 1859 70 31 fisk

124 1918 65 29 och
211 1917 120 30 färska
352 1915 375 37 trädgårdsprodukter
748 1913 58 31 må
827 1914 61 30 ske
909 1922 123 27 genom
1053 1912 205 36 uppgörelse
1280 1912 111 29 under
1412 1911 105 30 hand.
1541 1910 91 36 Upp-

124 1967 213 36 bandlingen
362 1967 57 30 för
443 1968 127 28 statens
595 1965 114 30 behov
733 1974 42 21 av
799 1964 80 36 fisk,
906 1963 98 30 färsk
1028 1963 81 30 eller
1134 1962 121 35 saltad,
1281 1962 64 30 bör
1370 1961 104 36 enligt
1500 1970 133 21 samma

126 2018 207 35 författning
362 2017 11 29 i
402 2017 68 30 den
499 2015 219 36 omfattning,
748 2024 74 21 som
850 2013 159 31 befinnes
1036 2012 122 38 möjlig
1186 2012 66 31 och
1280 2012 153 36 lämplig,
1465 2011 59 30 ske
1553 2009 81 31 från

125 2069 131 30 fiskare
280 2068 81 30 eller
384 2077 43 21 av
451 2067 129 30 fiskare
604 2066 140 30 bildade
768 2063 509 38 försäljningsorganisationer.

171 2120 13 29 I
201 2120 229 36 motionerna,
448 2127 75 21 som
538 2117 140 31 särskilt
693 2120 79 33 taga
787 2116 87 31 sikte
889 2115 46 37 på
951 2115 136 30 arméns
1103 2113 214 37 försörjning
1334 2114 79 29 med
1430 2112 79 36 fisk,
1529 2112 105 30 fram-

125 2170 119 35 hålles,
274 2173 48 27 att
351 2170 57 29 det
437 2168 203 30 nuvarande
669 2167 425 36 upphandlingssystemet
1123 2165 144 30 medelst
1296 2163 338 37 entreprenadförfa-

125 2221 109 29 rande
253 2220 125 29 verkar
396 2219 141 35 onödigt
554 2217 239 31 återhållande
810 2217 44 36 på
871 2219 257 34 regementenas
1147 2215 188 36 fiskinköp.
1356 2214 53 30 En
1428 2215 114 34 firma,
1561 2223 74 21 som

126 2269 107 36 ålagit
253 2270 49 35 sig
322 2272 49 27 att
390 2268 46 37 på
457 2269 228 35 entreprenad
706 2268 150 29 leverera
876 2266 70 30 fisk
968 2266 49 29 till
1036 2269 45 26 ett
1101 2265 268 35 truppförband,
1393 2265 70 30 kan
1481 2264 153 36 näppeli-

128 2326 64 29 gen
213 2320 82 35 göra
318 2318 115 36 någon
456 2319 163 34 leverans,
642 2317 123 30 förrän
785 2317 157 35 priserna
964 2315 72 31 nått
1057 2325 43 20 en
1122 2315 69 30 viss
1213 2313 54 38 låg
1290 2313 90 31 nivå.
1417 2314 100 30 Detta
1539 2314 97 30 torde

128 2370 112 30 sällan
269 2368 156 36 inträffa,
457 2368 126 30 medan
613 2377 107 20 varan
752 2368 94 29 ännu
876 2367 39 29 är
943 2366 226 35 förstklassig.
1215 2365 66 29 För
1310 2367 49 28 att
1388 2363 85 31 råda
1502 2364 59 30 bot
1590 2363 46 36 på

128 2421 154 30 nämnda
306 2418 330 32 missförhållanden
664 2417 156 36 föreslås,
848 2420 50 27 att
925 2419 127 28 statens
1078 2415 242 37 upphandling
1346 2424 42 21 av
1415 2414 69 31 fisk
1509 2414 127 30 ordnas

173 2487 109 31 Bihang
293 2485 42 26 till
347 2485 167 31 riksdagens
526 2483 145 33 protokoll
685 2483 75 26 1940.
783 2484 31 24 10
825 2482 80 25 saml.
942 2482 37 23 Nr
997 2481 38 25 32.
1590 2478 8 24 ]
