1870 2784
299 157 20 29 4
602 157 127 34 Första
746 159 255 41 lagutskottets
1016 162 186 34 utlåtande
1220 176 42 21 nr
1277 165 45 39 34
1339 165 40 33 år
1396 167 85 31 1961

374 235 326 43 Propositionens
717 238 294 45 huvudsakliga
1028 240 175 36 innehåll
1220 243 14 33 i
1251 253 54 24 nu
1322 244 265 36 förevarande
1605 246 111 34 delar

342 321 19 33 I
378 323 263 41 propositionen
659 324 155 43 föreslås,
833 331 55 30 att
906 327 133 44 Kungl.
1056 329 113 43 Maj:t
1187 331 87 34 skall
1292 332 38 34 få
1348 332 211 44 befogenhet
1577 340 56 30 att
1651 337 60 33 vid
1729 349 55 30 ge-

296 374 230 37 nomförande
549 390 46 22 av
618 379 67 33 den
709 379 38 34 år
772 383 87 32 1937
883 381 181 36 beslutade
1088 384 179 34 allmänna
1288 385 174 36 reformen
1486 400 46 22 av
1554 391 230 40 pastoratsin-

296 427 184 44 delningen
502 431 65 33 och
588 431 67 34 den
676 433 206 43 prästerliga
903 435 415 44 tjänsteorganisationen
1340 439 135 35 inrätta
1495 442 171 34 särskilda
1686 446 97 31 över-

295 480 351 46 gångsbefattningar
673 485 53 34 för
752 485 242 44 kyrkoherdar
1020 490 66 34 och
1112 490 275 43 komministrar,
1415 493 113 35 vilkas
1555 495 151 42 tjänster
1732 497 51 34 in-

295 534 123 43 drages
436 548 80 22 men
534 537 95 34 vilka
647 538 72 34 inte
737 539 181 44 förflyttas
936 541 53 34 till
1007 554 117 23 annan
1142 544 184 44 prästerlig
1342 546 114 42 tjänst
1474 548 80 33 eller
1572 547 210 45 förtidspen-

293 586 165 37 sioneras.
481 590 18 33 I
520 591 262 42 propositionen
805 593 201 36 hemställes
1029 596 121 34 vidare
1172 610 59 21 om
1254 598 282 44 bemyndigande
1560 606 55 30 att
1638 602 143 35 utfärda

292 640 225 45 erforderliga
538 643 262 37 bestämmelser
823 659 58 22 om
904 651 116 40 prästs
1043 649 201 43 skyldighet
1268 656 55 30 att
1346 654 129 42 övergå
1498 654 52 34 till
1573 657 208 41 övergångs-

293 693 202 46 befattnmg
521 703 93 29 samt
641 711 59 22 om
727 699 87 35 hans
843 701 455 46 tjänstgöringsskyldighet
1326 706 66 34 och
1420 707 361 43 avlöningsförmåner

292 747 111 35 under
421 748 188 36 innehavet
628 763 46 22 av
692 752 245 44 befattningen
954 755 111 43 jämte
1084 756 93 34 vissa
1196 758 109 34 andra
1323 759 118 34 härtill
1460 760 138 35 knutna
1616 762 127 42 frågor.
1761 764 18 33 I

291 800 173 34 samband
478 802 145 35 härmed
637 803 142 36 föreslås
794 807 150 43 ändring
957 820 45 22 av
1016 812 19 30 6
1053 809 15 39 $
1085 809 101 43 lagen
1200 823 58 21 om
1272 811 201 43 kyrkofond
1488 814 65 33 och
1571 818 14 30 1
1606 815 14 39 8
1638 819 20 30 2
1673 828 106 23 mom.

290 854 453 46 prästlönekostnadslagen
767 871 45 22 av
837 859 164 43 innehåll,
1026 867 55 30 att
1106 863 318 36 lönekostnaderna
1449 866 54 34 för
1527 869 251 41 övergångsbe-

290 906 254 44 fattningarna,
564 910 95 34 vilka
678 911 208 36 förutsättes
906 914 120 34 kunna
1046 916 47 34 bli
1113 916 178 36 inrättade
1311 919 10 33 i
1340 924 54 29 ett
1413 919 89 35 fåtal
1521 920 73 42 fall,
1613 922 10 33 i
1642 923 135 42 princip

289 959 87 35 skall
398 962 87 42 utgå
506 975 40 21 ur
566 963 244 42 kyrkofonden
832 978 80 23 men
918 955 22 56 i
966 968 92 34 vissa
1079 969 61 34 fall
1162 970 93 34 åvila
1274 968 174 50 pastorat.

333 1014 129 35 Vidare
488 1016 228 36 underställes
740 1019 185 44 riksdagen
950 1020 97 44 fråga
1071 1035 59 21 om
1155 1023 125 34 villkor
1303 1024 54 34 för
1382 1025 160 35 tillstånd
1566 1031 56 31 att
1645 1028 134 35 inrätta

288 1067 142 41 kloster,
454 1069 116 34 vilken
593 1070 99 43 fråga
715 1072 247 37 aktualiserats
984 1086 125 31 genom
1133 1088 43 21 en
1198 1089 48 22 nu
1269 1078 100 42 gjord
1394 1079 206 44 ansökning.

332 1121 56 33 En
407 1125 159 31 närmare
585 1124 214 43 redogörelse
818 1126 55 34 för
891 1127 43 33 de
952 1128 93 33 olika
1063 1129 11 33 i
1091 1130 264 42 propositionen
1375 1132 220 35 behandlade
1613 1134 163 43 frågorna

286 1173 136 36 lämnas
441 1175 115 35 nedan
575 1177 111 34 under
704 1179 202 41 punkterna
925 1181 30 33 A
973 1181 65 34 och
1057 1182 43 34 B.

509 1344 54 41 A.
591 1345 304 54 Prästerliga
924 1349 629 57 övergångsbefattningar

923 1449 208 46 Inledning

328 1549 137 35 Genom
488 1551 202 43 riksdagens
714 1553 96 35 bifall
838 1555 90 42 (rskr
952 1559 98 32 1957:
1066 1559 81 40 388)
1173 1558 52 35 till
1248 1560 131 42 Kungl.
1402 1561 128 43 Maj:ts
1552 1564 218 42 proposition

281 1603 98 32 1957:
396 1605 65 32 153
482 1603 63 34 har
564 1604 116 35 beslut
700 1605 128 36 fattats
848 1620 59 21 om
928 1613 55 30 att
1003 1610 203 41 genomföra
1226 1624 49 30 ny
1295 1613 180 43 indelning
1493 1615 65 34 och
1580 1616 187 42 tjänsteor-

276 1654 198 42 ganisation
496 1656 53 35 för
569 1658 43 34 de
633 1659 220 35 territoriella
874 1665 216 38 pastoraten.
1112 1664 161 35 Beslutet
1294 1666 192 35 innehåller
1507 1669 10 33 i
1539 1668 110 36 första
1671 1670 94 36 hand

277 1707 175 44 riktlinjer
466 1710 65 34 och
546 1723 139 23 normer
699 1712 54 34 för
768 1714 66 33 den
850 1726 72 31 nya
937 1715 222 44 indelningen
1175 1718 65 34 och
1256 1720 282 41 organisationen
1554 1729 93 29 samt
1662 1736 103 30 grun-

277 1761 60 34 der
354 1762 54 34 för
427 1763 213 45 inplacering
658 1778 46 22 av
721 1766 236 43 kyrkoherde-
976 1770 63 34 och
1059 1771 397 45 komministertjänster
1474 1775 10 34 i
1503 1776 177 43 lönegrad.

320 1814 174 37 Däremot
517 1816 63 36 har
602 1830 126 31 genom
755 1824 86 31 1957
866 1822 55 34 års
946 1823 275 43 riksdagsbeslut
1245 1827 166 43 ställning
1434 1829 125 35 endast
1583 1830 10 33 i
1619 1831 144 43 begrän-

273 1869 62 33 sad
360 1869 83 34 mån
467 1870 106 43 tagits
597 1872 10 34 i
632 1871 98 44 fråga
753 1886 57 22 om
836 1878 111 32 sättet
971 1880 54 30 att
1050 1877 73 34 lösa
1148 1879 42 33 de
1214 1880 295 41 organisatoriska
1534 1884 157 41 problem
1717 1897 45 22 av

272 1921 311 44 övergångsnatur,
605 1937 75 22 som
702 1929 38 31 är
760 1926 202 37 förbundna
983 1931 78 34 med
1084 1931 184 36 reformen.
1289 1933 88 35 Med
1400 1935 178 43 lösningen
1602 1949 46 22 av
1669 1938 92 35 vissa

271 1976 170 40 spörsmål
462 1989 45 21 av
526 1977 109 35 sådan
656 1985 55 28 art
731 1981 124 42 ansågs
875 1982 174 43 nämligen
1070 1984 86 34 böra
1176 1986 103 33 anstå
1298 1987 115 42 någon
1434 1988 64 35 tid.
1518 1990 241 43 Anledningen

270 2026 117 36 härtill
411 2041 63 22 var
495 2028 136 43 främst,
652 2036 55 30 att
728 2034 186 35 resultatet
936 2047 45 22 av
1003 2036 59 34 det
1084 2037 183 44 samtidigt
1287 2040 181 42 pågående
1491 2042 137 35 arbetet
1649 2045 47 41 på
1716 2057 42 22 en

269 2092 48 32 ny
337 2082 57 43 lag
414 2095 59 21 om
493 2085 156 41 prästval
672 2085 106 36 borde
800 2088 187 41 avvaktas,
1008 2089 107 35 innan
1138 2090 128 45 förslag
1286 2105 57 22 om
1365 2094 153 44 tillfällig
1537 2096 222 44 lagstiftning

268 2133 171 37 förelades
461 2136 196 44 riksdagen.

313 2189 116 36 Sedan
458 2192 114 34 denna
600 2192 340 48 lagstiftningsfråga
967 2199 85 34 lösts
1080 2212 127 30 genom
1235 2201 231 37 utfärdandet
1495 2217 45 22 av
1568 2206 101 43 lagen
1698 2220 57 22 om

266 2245 159 39 prästval
444 2245 67 34 den
530 2249 42 31 25
591 2246 149 35 oktober
760 2253 87 31 1957
869 2251 56 42 (nr
944 2253 93 41 577),
1056 2253 118 34 vilken
1193 2258 89 31 trätt
1301 2256 10 34 i
1331 2257 96 34 kraft
1447 2258 66 34 den
1535 2263 15 29 1
1570 2260 65 42 juli
1657 2265 97 36 1958,

266 2301 153 39 upptogs
438 2298 52 33 till
511 2299 212 45 behandling
740 2301 123 44 frågan
882 2316 59 22 om
960 2305 151 35 behovet
1131 2319 46 22 av
1196 2308 151 44 tillfällig
1365 2310 232 45 lagstiftning,
1616 2326 76 22 som
1709 2335 46 5 —

265 2351 80 33 med
360 2351 312 44 undanskjutande
688 2367 44 21 av
747 2355 100 43 eljest
861 2358 161 42 gällande
1037 2360 109 42 regler
1160 2360 55 35 för
1229 2361 214 46 tillsättning
1457 2377 45 22 av
1517 2366 235 42 kyrkoherde-

263 2403 65 34 och
349 2402 397 46 komministertjänster
764 2430 46 5 —
830 2409 111 36 skulle
963 2415 83 40 göra
1067 2413 61 34 det
1149 2415 137 43 möjligt
1308 2421 55 30 att
1385 2418 199 42 omplacera
1605 2423 147 39 präster,

264 2455 111 37 vilkas
394 2458 151 43 tjänster
562 2460 65 34 blir
644 2461 170 44 indragna
832 2463 61 35 vid
910 2465 284 44 nyindelningen.
1212 2469 18 33 I
1247 2470 304 42 propositionerna
1571 2477 99 31 1958:
1687 2478 63 31 146
