2221 2686
613 180 383 34 Konstitutionsutskottets
1024 184 164 32 Utlåtande
1211 185 63 32 N:o
1300 187 49 30 24.
1744 192 36 30 17

405 264 218 36 (Nuvarande
648 265 151 41 lydelse:)
1245 270 212 43 (Föreslagen
1481 273 150 43 lydelse:)

212 370 189 58 grundlag
441 373 87 35 eller
568 385 119 23 annan
727 375 169 46 gällande
924 376 61 47 lag

212 421 145 35 strider.

1054 377 115 35 ställa.
1223 377 41 48 Ej
1308 382 58 32 må
1406 382 112 45 något
1558 380 78 36 däri
1669 381 149 46 införas,

1054 440 77 22 som
1165 434 76 30 mot
1268 429 184 48 grundlag
1479 432 89 34 eller
1595 444 121 24 annan
1743 434 78 47 gäl-

1051 478 107 36 lande
1186 480 59 46 lag
1272 480 144 35 strider.

601 613 4 4 |
754 575 72 46 2:0)
868 583 52 30 att
958 578 209 48 Riksdagen
1196 583 58 33 må
1292 582 116 35 under
1440 583 71 35 den
1539 583 278 51 förutsättning,

617 632 52 30 att
697 627 160 50 ändring
876 628 40 36 af
932 630 114 36 rikets
1064 631 227 49 grundlagar
1306 634 10 33 i
1332 632 380 40 öfverensstämmelse
1733 638 84 35 med

618 678 200 37 utskottets
837 680 65 35 här
924 680 110 36 ofvan
1049 682 117 35 under
1181 684 163 46 punkten
1365 682 70 47 1:0)
1451 686 133 47 gjorda
1598 686 220 37 hemställan

618 729 129 36 varder
787 729 39 36 af
856 730 208 49 Riksdagen
1093 733 11 34 i
1132 734 304 49 grundlagsenlig
1463 736 160 49 ordning
1650 738 169 36 beslutad

615 780 67 35 och
711 780 39 36 af
776 780 206 49 Konungen
1010 784 127 47 gillad,
1167 784 57 36 för
1252 786 56 35 sin
1337 786 58 35 del
1423 792 133 42 antaga
1584 787 177 50 följande:

887 964 257 51 Förslag

985 1071 57 34 till

901 1167 223 62 Stadga

699 1270 53 28 om
781 1260 52 38 val
862 1260 45 39 till
937 1260 216 51 Riksdagens
1181 1264 141 38 utskott.

355 1357 141 42 (Kungl.
520 1358 118 41 Maj:ts
661 1359 155 43 förslag:)

554 1457 81 43 15.

279 1539 69 36 Val
406 1539 39 36 af
498 1541 201 36 ledamöter
760 1545 11 33 i
825 1545 148 44 utskott,

200 1603 77 23 som
316 1591 23 35 d
379 1592 146 48 riksdag
554 1593 173 44 tillsättes,
782 1595 91 35 skall
902 1594 73 37 för-

202 1646 113 30 rättas
357 1642 83 34 med
480 1643 189 43 valsedlar,
700 1647 20 32 å
746 1645 124 35 hvilka
896 1645 78 36 före

202 1704 160 22 namnen
375 1697 131 30 utsatts
515 1694 318 49 partibeteckning
847 1694 128 50 (parti-

201 1754 112 23 namn
356 1744 88 33 eller
472 1756 120 23 annan
619 1744 223 49 beteckning
869 1748 11 34 i
908 1748 67 35 ord

200 1791 60 36 för
289 1793 73 35 viss
390 1806 121 36 orupp
540 1794 39 35 af
604 1796 254 48 riksdagsmän
887 1799 88 34 eller

200 1841 58 37 för
285 1845 73 34 viss
387 1844 352 51 meningsriktning)

277 1893 168 37 Namnen
486 1896 101 35 skola
619 1900 19 32 å
669 1898 185 36 valsedeln
882 1913 92 35 upp-

200 1943 98 37 föras
339 1946 11 34 i
379 1958 44 22 en
451 1945 104 48 följd,
586 1947 60 36 det
673 1961 67 22 ena
768 1950 117 35 under
912 1951 61 36 det

199 1995 126 36 andra.

333 2315 74 30 Bih.
433 2315 48 31 till
504 2316 110 31 Biksd.
640 2317 85 32 Prot.
751 2319 92 31 1905.

888 2320 22 30 3
933 2319 98 32 Saml.

1241 1364 196 42 (Utskottets
1460 1367 157 41 förslag)

1384 1462 19 45 8
1438 1466 30 32 1.

1121 1546 69 35 Val
1223 1546 40 36 af
1286 1547 198 37 ledamöter
1512 1550 12 34 i
1551 1551 143 35 utskott
1722 1553 91 34 skall

1044 1596 172 36 förrättas
1271 1598 82 35 med
1398 1600 191 45 valsedlar,
1631 1604 19 32 å
1690 1602 124 36 hvilka

1045 1646 78 36 före
1146 1660 159 24 namnen
1333 1654 133 31 utsatts
1494 1652 320 49 partibeteckning

1045 1695 224 50 (partinamn
1310 1701 89 35 eller
1440 1714 118 23 annan
1591 1703 223 49 beteckning

1045 1749 12 34 i
1085 1749 66 35 ord
1180 1748 56 37 för
1263 1751 73 35 viss
1360 1764 122 35 grupp
1503 1752 39 36 af
1557 1753 255 48 riksdagsmän

1044 1800 89 35 eller
1160 1799 58 36 för
1246 1802 72 34 viss
1346 1803 356 50 meningsriktning)
1731 1819 81 23 men

1044 1850 123 36 hvilka
1196 1852 13 34 i
1236 1852 113 48 öfrigt
1377 1857 62 32 äro
1467 1855 174 35 omärkta.

1117 1900 167 38 Namnen
1325 1903 100 35 skola
1458 1907 20 32 å
1505 1906 187 35 valsedeln
1720 1920 92 36 upp-

1043 1950 97 37 föras
1176 1953 12 34 i
1217 1966 44 22 en
1290 1953 102 47 följd,
1422 1955 61 35 det
1510 1969 68 23 ena
1605 1957 117 36 under
1750 1957 62 36 det

1041 2002 124 36 andra.

1124 2054 244 38 Valsedlarna
1400 2057 98 36 skola
1520 2058 66 49 för
1613 2065 53 29 att
1694 2059 116 49 blifva

1037 2105 173 45 gällande
1254 2120 90 22 vara
1389 2108 114 44 enkla,
1549 2109 135 45 slutna,
1727 2111 84 48 hop-

1039 2155 142 37 rullade
1233 2158 60 35 och
1330 2157 87 47 fria
1454 2159 94 49 från
1590 2160 218 49 öfverstryk-

1038 2207 143 48 ningar.
1238 2207 105 37 Sedel
1370 2209 63 36 må
1460 2211 33 47 ej
1520 2218 164 42 upptaga
1705 2212 102 48 fere,

1037 2270 79 23 men
1157 2258 61 36 väl
1251 2259 108 48 färre
1399 2274 112 22 namn
1544 2267 48 31 än
1622 2263 56 35 det
1707 2264 103 35 antal

1076 2322 44 30 23
1148 2300 92 68 Häft.
1752 2332 16 26 3
