<?xml version="1.0" encoding="UTF-8"?>
<alto xmlns="http://www.loc.gov/standards/alto/ns-v3#" xmlns:xlink="http://www.w3.org/1999/xlink" xmlns:xsi="http://www.w3.org/2001/XMLSchema-instance" xsi:schemaLocation="http://www.loc.gov/standards/alto/ns-v3# http://www.loc.gov/alto/v3/alto-3-0.xsd">
	<Description>
		<MeasurementUnit>pixel</MeasurementUnit>
		<sourceImageInformation>
			<fileName>/tmp/tess_abvh85j5_input.PNG</fileName>
		</sourceImageInformation>
		<OCRProcessing ID="OCR_0">
			<ocrProcessingStep>
				<processingSoftware>
					<softwareName>tesseract 5.3.0</softwareName>
				</processingSoftware>
			</ocrProcessingStep>
		</OCRProcessing>
	</Description>
	<Layout>
		<Page WIDTH="2256" HEIGHT="2597" PHYSICAL_IMG_NR="0" ID="page_0">
			<PrintSpace HPOS="0" VPOS="0" WIDTH="2256" HEIGHT="2597">
				<ComposedBlock ID="cblock_0" HPOS="756" VPOS="178" WIDTH="1098" HEIGHT="39">
					<TextBlock ID="block_0" HPOS="756" VPOS="178" WIDTH="1098" HEIGHT="39">
						<TextLine ID="line_0" HPOS="756" VPOS="178" WIDTH="1098" HEIGHT="39">
							<String ID="string_0" HPOS="756" VPOS="179" WIDTH="214" HEIGHT="38" WC="0.91" CONTENT="Lagutskottets"/><SP WIDTH="28" VPOS="179" HPOS="970"/>
							<String ID="string_1" HPOS="998" VPOS="180" WIDTH="155" HEIGHT="28" WC="0.95" CONTENT="Utlåtande"/><SP WIDTH="21" VPOS="180" HPOS="1153"/>
							<String ID="string_2" HPOS="1174" VPOS="178" WIDTH="58" HEIGHT="29" WC="0.95" CONTENT="N:o"/><SP WIDTH="25" VPOS="178" HPOS="1232"/>
							<String ID="string_3" HPOS="1257" VPOS="180" WIDTH="48" HEIGHT="29" WC="0.94" CONTENT="13."/><SP WIDTH="535" VPOS="180" HPOS="1305"/>
							<String ID="string_4" HPOS="1840" VPOS="180" WIDTH="14" HEIGHT="29" WC="0.96" CONTENT="1"/>
						</TextLine>
					</TextBlock>
				</ComposedBlock>
				<ComposedBlock ID="cblock_1" HPOS="942" VPOS="859" WIDTH="220" HEIGHT="48">
					<TextBlock ID="block_1" HPOS="942" VPOS="859" WIDTH="220" HEIGHT="48">
						<TextLine ID="line_1" HPOS="942" VPOS="859" WIDTH="220" HEIGHT="48">
							<String ID="string_5" HPOS="942" VPOS="859" WIDTH="107" HEIGHT="48" WC="0.93" CONTENT="N:o"/><SP WIDTH="37" VPOS="859" HPOS="1049"/>
							<String ID="string_6" HPOS="1086" VPOS="860" WIDTH="76" HEIGHT="47" WC="0.90" CONTENT="I3."/>
						</TextLine>
					</TextBlock>
				</ComposedBlock>
				<ComposedBlock ID="cblock_2" HPOS="908" VPOS="1016" WIDTH="878" HEIGHT="32">
					<TextBlock ID="block_2" HPOS="908" VPOS="1016" WIDTH="878" HEIGHT="32">
						<TextLine ID="line_2" HPOS="908" VPOS="1016" WIDTH="878" HEIGHT="32">
							<String ID="string_7" HPOS="908" VPOS="1017" WIDTH="70" HEIGHT="25" WC="0.90" CONTENT="Ank."/><SP WIDTH="20" VPOS="1017" HPOS="978"/>
							<String ID="string_8" HPOS="998" VPOS="1017" WIDTH="41" HEIGHT="25" WC="0.93" CONTENT="till"/><SP WIDTH="19" VPOS="1017" HPOS="1039"/>
							<String ID="string_9" HPOS="1058" VPOS="1016" WIDTH="92" HEIGHT="25" WC="0.89" CONTENT="Riksd."/><SP WIDTH="19" VPOS="1016" HPOS="1150"/>
							<String ID="string_10" HPOS="1169" VPOS="1016" WIDTH="86" HEIGHT="25" WC="0.95" CONTENT="kansli"/><SP WIDTH="18" VPOS="1016" HPOS="1255"/>
							<String ID="string_11" HPOS="1273" VPOS="1016" WIDTH="52" HEIGHT="25" WC="0.96" CONTENT="den"/><SP WIDTH="20" VPOS="1016" HPOS="1325"/>
							<String ID="string_12" HPOS="1345" VPOS="1016" WIDTH="33" HEIGHT="27" WC="0.96" CONTENT="20"/><SP WIDTH="17" VPOS="1016" HPOS="1378"/>
							<String ID="string_13" HPOS="1395" VPOS="1017" WIDTH="113" HEIGHT="25" WC="0.96" CONTENT="februari"/><SP WIDTH="20" VPOS="1017" HPOS="1508"/>
							<String ID="string_14" HPOS="1528" VPOS="1017" WIDTH="76" HEIGHT="31" WC="0.96" CONTENT="1908,"/><SP WIDTH="18" VPOS="1017" HPOS="1604"/>
							<String ID="string_15" HPOS="1622" VPOS="1017" WIDTH="35" HEIGHT="25" WC="0.96" CONTENT="kl."/><SP WIDTH="20" VPOS="1017" HPOS="1657"/>
							<String ID="string_16" HPOS="1677" VPOS="1017" WIDTH="17" HEIGHT="25" WC="0.93" CONTENT="4"/><SP WIDTH="18" VPOS="1017" HPOS="1694"/>
							<String ID="string_17" HPOS="1712" VPOS="1026" WIDTH="20" HEIGHT="16" WC="0.86" CONTENT="e."/><SP WIDTH="20" VPOS="1026" HPOS="1732"/>
							<String ID="string_18" HPOS="1752" VPOS="1026" WIDTH="34" HEIGHT="16" WC="0.92" CONTENT="m."/>
						</TextLine>
					</TextBlock>
				</ComposedBlock>
				<ComposedBlock ID="cblock_3" HPOS="433" VPOS="1153" WIDTH="1421" HEIGHT="116">
					<TextBlock ID="block_3" HPOS="433" VPOS="1153" WIDTH="1421" HEIGHT="116">
						<TextLine ID="line_3" HPOS="433" VPOS="1153" WIDTH="1421" HEIGHT="50">
							<String ID="string_19" HPOS="433" VPOS="1153" WIDTH="210" HEIGHT="44" WC="0.79" CONTENT="Utlåtande,"/><SP WIDTH="41" VPOS="1153" HPOS="643"/>
							<String ID="string_20" HPOS="684" VPOS="1154" WIDTH="14" HEIGHT="35" WC="0.91" CONTENT="i"/><SP WIDTH="40" VPOS="1154" HPOS="698"/>
							<String ID="string_21" HPOS="738" VPOS="1154" WIDTH="200" HEIGHT="48" WC="0.91" CONTENT="anledning"/><SP WIDTH="36" VPOS="1154" HPOS="938"/>
							<String ID="string_22" HPOS="974" VPOS="1155" WIDTH="47" HEIGHT="48" WC="0.96" CONTENT="af"/><SP WIDTH="26" VPOS="1155" HPOS="1021"/>
							<String ID="string_23" HPOS="1047" VPOS="1154" WIDTH="127" HEIGHT="36" WC="0.96" CONTENT="väckta"/><SP WIDTH="28" VPOS="1154" HPOS="1174"/>
							<String ID="string_24" HPOS="1202" VPOS="1154" WIDTH="172" HEIGHT="36" WC="0.96" CONTENT="motioner"/><SP WIDTH="28" VPOS="1154" HPOS="1374"/>
							<String ID="string_25" HPOS="1402" VPOS="1167" WIDTH="56" HEIGHT="23" WC="0.94" CONTENT="om"/><SP WIDTH="29" VPOS="1167" HPOS="1458"/>
							<String ID="string_26" HPOS="1487" VPOS="1155" WIDTH="160" HEIGHT="47" WC="0.94" CONTENT="ändring"/><SP WIDTH="28" VPOS="1155" HPOS="1647"/>
							<String ID="string_27" HPOS="1675" VPOS="1155" WIDTH="47" HEIGHT="47" WC="0.95" CONTENT="af"/><SP WIDTH="22" VPOS="1155" HPOS="1722"/>
							<String ID="string_28" HPOS="1744" VPOS="1157" WIDTH="20" HEIGHT="33" WC="0.94" CONTENT="1"/><SP WIDTH="30" VPOS="1157" HPOS="1764"/>
							<String ID="string_29" HPOS="1794" VPOS="1156" WIDTH="60" HEIGHT="35" WC="0.95" CONTENT="och"/>
						</TextLine>
						<TextLine ID="line_4" HPOS="631" VPOS="1219" WIDTH="888" HEIGHT="50">
							<String ID="string_30" HPOS="631" VPOS="1222" WIDTH="47" HEIGHT="34" WC="0.96" CONTENT="12"/><SP WIDTH="26" VPOS="1222" HPOS="678"/>
							<String ID="string_31" HPOS="704" VPOS="1219" WIDTH="48" HEIGHT="46" WC="0.93" CONTENT="$$"/><SP WIDTH="27" VPOS="1219" HPOS="752"/>
							<String ID="string_32" HPOS="779" VPOS="1221" WIDTH="13" HEIGHT="35" WC="0.93" CONTENT="i"/><SP WIDTH="27" VPOS="1221" HPOS="792"/>
							<String ID="string_33" HPOS="819" VPOS="1222" WIDTH="105" HEIGHT="47" WC="0.96" CONTENT="lagen"/><SP WIDTH="29" VPOS="1222" HPOS="924"/>
							<String ID="string_34" HPOS="953" VPOS="1234" WIDTH="55" HEIGHT="23" WC="0.96" CONTENT="om"/><SP WIDTH="29" VPOS="1234" HPOS="1008"/>
							<String ID="string_35" HPOS="1037" VPOS="1222" WIDTH="116" HEIGHT="46" WC="0.96" CONTENT="skydd"/><SP WIDTH="19" VPOS="1222" HPOS="1153"/>
							<String ID="string_36" HPOS="1172" VPOS="1221" WIDTH="66" HEIGHT="48" WC="0.96" CONTENT="för"/><SP WIDTH="27" VPOS="1221" HPOS="1238"/>
							<String ID="string_37" HPOS="1265" VPOS="1222" WIDTH="254" HEIGHT="35" WC="0.96" CONTENT="varumärken."/>
						</TextLine>
					</TextBlock>
				</ComposedBlock>
				<ComposedBlock ID="cblock_4" HPOS="211" VPOS="1371" WIDTH="1641" HEIGHT="852">
					<TextBlock ID="block_4" HPOS="219" VPOS="1371" WIDTH="1633" HEIGHT="200">
						<TextLine ID="line_5" HPOS="323" VPOS="1371" WIDTH="1529" HEIGHT="49">
							<String ID="string_38" HPOS="323" VPOS="1371" WIDTH="263" HEIGHT="47" WC="0.92" CONTENT="Lagutskottet"/><SP WIDTH="37" VPOS="1371" HPOS="586"/>
							<String ID="string_39" HPOS="623" VPOS="1372" WIDTH="67" HEIGHT="34" WC="0.96" CONTENT="har"/><SP WIDTH="27" VPOS="1372" HPOS="690"/>
							<String ID="string_40" HPOS="717" VPOS="1372" WIDTH="58" HEIGHT="34" WC="0.95" CONTENT="till"/><SP WIDTH="28" VPOS="1372" HPOS="775"/>
							<String ID="string_41" HPOS="803" VPOS="1385" WIDTH="214" HEIGHT="35" WC="0.95" CONTENT="gemensam"/><SP WIDTH="28" VPOS="1385" HPOS="1017"/>
							<String ID="string_42" HPOS="1045" VPOS="1372" WIDTH="230" HEIGHT="47" WC="0.93" CONTENT="behandling"/><SP WIDTH="27" VPOS="1372" HPOS="1275"/>
							<String ID="string_43" HPOS="1302" VPOS="1371" WIDTH="165" HEIGHT="36" WC="0.91" CONTENT="förehaft"/><SP WIDTH="26" VPOS="1371" HPOS="1467"/>
							<String ID="string_44" HPOS="1493" VPOS="1376" WIDTH="63" HEIGHT="32" WC="0.96" CONTENT="två"/><SP WIDTH="28" VPOS="1376" HPOS="1556"/>
							<String ID="string_45" HPOS="1584" VPOS="1373" WIDTH="59" HEIGHT="35" WC="0.96" CONTENT="till"/><SP WIDTH="29" VPOS="1373" HPOS="1643"/>
							<String ID="string_46" HPOS="1672" VPOS="1374" WIDTH="180" HEIGHT="34" WC="0.96" CONTENT="utskottet"/>
						</TextLine>
						<TextLine ID="line_6" HPOS="220" VPOS="1421" WIDTH="1631" HEIGHT="45">
							<String ID="string_47" HPOS="220" VPOS="1422" WIDTH="202" HEIGHT="35" WC="0.95" CONTENT="hänvisade"/><SP WIDTH="28" VPOS="1422" HPOS="422"/>
							<String ID="string_48" HPOS="450" VPOS="1423" WIDTH="184" HEIGHT="33" WC="0.96" CONTENT="motioner"/><SP WIDTH="27" VPOS="1423" HPOS="634"/>
							<String ID="string_49" HPOS="661" VPOS="1421" WIDTH="40" HEIGHT="36" WC="0.96" CONTENT="af"/><SP WIDTH="25" VPOS="1421" HPOS="701"/>
							<String ID="string_50" HPOS="726" VPOS="1423" WIDTH="13" HEIGHT="33" WC="0.92" CONTENT="i"/><SP WIDTH="20" VPOS="1423" HPOS="739"/>
							<String ID="string_51" HPOS="759" VPOS="1422" WIDTH="214" HEIGHT="36" WC="0.92" CONTENT="hufvudsak"/><SP WIDTH="20" VPOS="1422" HPOS="973"/>
							<String ID="string_52" HPOS="993" VPOS="1422" WIDTH="191" HEIGHT="35" WC="0.96" CONTENT="enahanda"/><SP WIDTH="19" VPOS="1422" HPOS="1184"/>
							<String ID="string_53" HPOS="1203" VPOS="1422" WIDTH="176" HEIGHT="44" WC="0.96" CONTENT="innehåll,"/><SP WIDTH="21" VPOS="1422" HPOS="1379"/>
							<String ID="string_54" HPOS="1400" VPOS="1424" WIDTH="133" HEIGHT="34" WC="0.96" CONTENT="väckta"/><SP WIDTH="19" VPOS="1424" HPOS="1533"/>
							<String ID="string_55" HPOS="1552" VPOS="1423" WIDTH="72" HEIGHT="35" WC="0.96" CONTENT="den"/><SP WIDTH="21" VPOS="1423" HPOS="1624"/>
							<String ID="string_56" HPOS="1645" VPOS="1436" WIDTH="68" HEIGHT="22" WC="0.96" CONTENT="ena"/><SP WIDTH="19" VPOS="1436" HPOS="1713"/>
							<String ID="string_57" HPOS="1732" VPOS="1423" WIDTH="119" HEIGHT="35" WC="0.96" CONTENT="under"/>
						</TextLine>
						<TextLine ID="line_7" HPOS="220" VPOS="1472" WIDTH="1632" HEIGHT="49">
							<String ID="string_58" HPOS="220" VPOS="1484" WIDTH="60" HEIGHT="23" WC="0.95" CONTENT="n:o"/><SP WIDTH="43" VPOS="1484" HPOS="280"/>
							<String ID="string_59" HPOS="323" VPOS="1473" WIDTH="44" HEIGHT="34" WC="0.95" CONTENT="36"/><SP WIDTH="43" VPOS="1473" HPOS="367"/>
							<String ID="string_60" HPOS="410" VPOS="1473" WIDTH="102" HEIGHT="33" WC="0.96" CONTENT="inom"/><SP WIDTH="32" VPOS="1473" HPOS="512"/>
							<String ID="string_61" HPOS="544" VPOS="1472" WIDTH="130" HEIGHT="35" WC="0.95" CONTENT="Första"/><SP WIDTH="40" VPOS="1472" HPOS="674"/>
							<String ID="string_62" HPOS="714" VPOS="1472" WIDTH="236" HEIGHT="44" WC="0.96" CONTENT="Kammaren,"/><SP WIDTH="30" VPOS="1472" HPOS="950"/>
							<String ID="string_63" HPOS="980" VPOS="1472" WIDTH="41" HEIGHT="35" WC="0.96" CONTENT="af"/><SP WIDTH="24" VPOS="1472" HPOS="1021"/>
							<String ID="string_64" HPOS="1045" VPOS="1473" WIDTH="86" HEIGHT="34" WC="0.93" CONTENT="herr"/><SP WIDTH="29" VPOS="1473" HPOS="1131"/>
							<String ID="string_65" HPOS="1160" VPOS="1472" WIDTH="38" HEIGHT="36" WC="0.79" CONTENT="C."/><SP WIDTH="30" VPOS="1472" HPOS="1198"/>
							<String ID="string_66" HPOS="1228" VPOS="1472" WIDTH="43" HEIGHT="36" WC="0.89" CONTENT="O."/><SP WIDTH="29" VPOS="1472" HPOS="1271"/>
							<String ID="string_67" HPOS="1300" VPOS="1473" WIDTH="40" HEIGHT="35" WC="0.92" CONTENT="F."/><SP WIDTH="30" VPOS="1473" HPOS="1340"/>
							<String ID="string_68" HPOS="1370" VPOS="1473" WIDTH="137" HEIGHT="48" WC="0.96" CONTENT="Trapp,"/><SP WIDTH="31" VPOS="1473" HPOS="1507"/>
							<String ID="string_69" HPOS="1538" VPOS="1474" WIDTH="69" HEIGHT="35" WC="0.96" CONTENT="och"/><SP WIDTH="29" VPOS="1474" HPOS="1607"/>
							<String ID="string_70" HPOS="1636" VPOS="1473" WIDTH="72" HEIGHT="35" WC="0.96" CONTENT="den"/><SP WIDTH="29" VPOS="1473" HPOS="1708"/>
							<String ID="string_71" HPOS="1737" VPOS="1474" WIDTH="115" HEIGHT="35" WC="0.96" CONTENT="andra"/>
						</TextLine>
						<TextLine ID="line_8" HPOS="219" VPOS="1521" WIDTH="1629" HEIGHT="50">
							<String ID="string_72" HPOS="219" VPOS="1523" WIDTH="121" HEIGHT="34" WC="0.96" CONTENT="under"/><SP WIDTH="27" VPOS="1523" HPOS="340"/>
							<String ID="string_73" HPOS="367" VPOS="1535" WIDTH="61" HEIGHT="22" WC="0.96" CONTENT="n:o"/><SP WIDTH="31" VPOS="1535" HPOS="428"/>
							<String ID="string_74" HPOS="459" VPOS="1521" WIDTH="71" HEIGHT="36" WC="0.95" CONTENT="140"/><SP WIDTH="28" VPOS="1521" HPOS="530"/>
							<String ID="string_75" HPOS="558" VPOS="1523" WIDTH="99" HEIGHT="34" WC="0.96" CONTENT="inom"/><SP WIDTH="30" VPOS="1523" HPOS="657"/>
							<String ID="string_76" HPOS="687" VPOS="1523" WIDTH="130" HEIGHT="35" WC="0.96" CONTENT="Andra"/><SP WIDTH="28" VPOS="1523" HPOS="817"/>
							<String ID="string_77" HPOS="845" VPOS="1523" WIDTH="236" HEIGHT="42" WC="0.95" CONTENT="Kammaren,"/><SP WIDTH="30" VPOS="1523" HPOS="1081"/>
							<String ID="string_78" HPOS="1111" VPOS="1522" WIDTH="39" HEIGHT="35" WC="0.96" CONTENT="af"/><SP WIDTH="26" VPOS="1522" HPOS="1150"/>
							<String ID="string_79" HPOS="1176" VPOS="1524" WIDTH="86" HEIGHT="34" WC="0.93" CONTENT="herr"/><SP WIDTH="27" VPOS="1524" HPOS="1262"/>
							<String ID="string_80" HPOS="1289" VPOS="1523" WIDTH="43" HEIGHT="35" WC="0.89" CONTENT="N."/><SP WIDTH="29" VPOS="1523" HPOS="1332"/>
							<String ID="string_81" HPOS="1361" VPOS="1523" WIDTH="164" HEIGHT="35" WC="0.96" CONTENT="Jönsson"/><SP WIDTH="28" VPOS="1523" HPOS="1525"/>
							<String ID="string_82" HPOS="1553" VPOS="1524" WIDTH="12" HEIGHT="34" WC="0.93" CONTENT="i"/><SP WIDTH="29" VPOS="1524" HPOS="1565"/>
							<String ID="string_83" HPOS="1594" VPOS="1523" WIDTH="254" HEIGHT="48" WC="0.92" CONTENT="Kvarnberga."/>
						</TextLine>
					</TextBlock>
					<TextBlock ID="block_5" HPOS="321" VPOS="1572" WIDTH="891" HEIGHT="48">
						<TextLine ID="line_9" HPOS="321" VPOS="1572" WIDTH="891" HEIGHT="48">
							<String ID="string_84" HPOS="321" VPOS="1572" WIDTH="97" HEIGHT="35" WC="0.96" CONTENT="Herr"/><SP WIDTH="28" VPOS="1572" HPOS="418"/>
							<String ID="string_85" HPOS="446" VPOS="1572" WIDTH="123" HEIGHT="48" WC="0.96" CONTENT="Trapp"/><SP WIDTH="29" VPOS="1572" HPOS="569"/>
							<String ID="string_86" HPOS="598" VPOS="1572" WIDTH="108" HEIGHT="35" WC="0.96" CONTENT="anför"/><SP WIDTH="27" VPOS="1572" HPOS="706"/>
							<String ID="string_87" HPOS="733" VPOS="1573" WIDTH="13" HEIGHT="34" WC="0.94" CONTENT="i"/><SP WIDTH="28" VPOS="1573" HPOS="746"/>
							<String ID="string_88" HPOS="774" VPOS="1574" WIDTH="57" HEIGHT="34" WC="0.96" CONTENT="sin"/><SP WIDTH="29" VPOS="1574" HPOS="831"/>
							<String ID="string_89" HPOS="860" VPOS="1574" WIDTH="143" HEIGHT="34" WC="0.96" CONTENT="motion"/><SP WIDTH="28" VPOS="1574" HPOS="1003"/>
							<String ID="string_90" HPOS="1031" VPOS="1573" WIDTH="181" HEIGHT="47" WC="0.96" CONTENT="följande:"/>
						</TextLine>
					</TextBlock>
					<TextBlock ID="block_6" HPOS="215" VPOS="1622" WIDTH="1636" HEIGHT="300">
						<TextLine ID="line_10" HPOS="272" VPOS="1622" WIDTH="1578" HEIGHT="50">
							<String ID="string_91" HPOS="272" VPOS="1663" WIDTH="2" HEIGHT="2" WC="0.0" CONTENT="."/><SP WIDTH="51" VPOS="1663" HPOS="274"/>
							<String ID="string_92" HPOS="325" VPOS="1623" WIDTH="37" HEIGHT="34" WC="0.32" CONTENT="I"/><SP WIDTH="27" VPOS="1623" HPOS="362"/>
							<String ID="string_93" HPOS="389" VPOS="1623" WIDTH="72" HEIGHT="35" WC="0.94" CONTENT="alla"/><SP WIDTH="27" VPOS="1623" HPOS="461"/>
							<String ID="string_94" HPOS="488" VPOS="1622" WIDTH="130" HEIGHT="35" WC="0.93" CONTENT="länder"/><SP WIDTH="28" VPOS="1622" HPOS="618"/>
							<String ID="string_95" HPOS="646" VPOS="1623" WIDTH="181" HEIGHT="35" WC="0.91" CONTENT="erkännes"/><SP WIDTH="28" VPOS="1623" HPOS="827"/>
							<String ID="string_96" HPOS="855" VPOS="1623" WIDTH="64" HEIGHT="35" WC="0.96" CONTENT="det"/><SP WIDTH="26" VPOS="1623" HPOS="919"/>
							<String ID="string_97" HPOS="945" VPOS="1636" WIDTH="88" HEIGHT="23" WC="0.96" CONTENT="vara"/><SP WIDTH="14" VPOS="1636" HPOS="1033"/>
							<String ID="string_98" HPOS="1047" VPOS="1636" WIDTH="45" HEIGHT="22" WC="0.93" CONTENT="en"/><SP WIDTH="17" VPOS="1636" HPOS="1092"/>
							<String ID="string_99" HPOS="1109" VPOS="1624" WIDTH="191" HEIGHT="47" WC="0.90" CONTENT="statsplikt"/><SP WIDTH="20" VPOS="1624" HPOS="1300"/>
							<String ID="string_100" HPOS="1320" VPOS="1629" WIDTH="55" HEIGHT="29" WC="0.96" CONTENT="att"/><SP WIDTH="20" VPOS="1629" HPOS="1375"/>
							<String ID="string_101" HPOS="1395" VPOS="1624" WIDTH="159" HEIGHT="35" WC="0.93" CONTENT="medelst"/><SP WIDTH="18" VPOS="1624" HPOS="1554"/>
							<String ID="string_102" HPOS="1572" VPOS="1623" WIDTH="278" HEIGHT="49" WC="0.92" CONTENT="lagstiftnings-"/>
						</TextLine>
						<TextLine ID="line_11" HPOS="218" VPOS="1672" WIDTH="1632" HEIGHT="49">
							<String ID="string_103" HPOS="218" VPOS="1672" WIDTH="173" HEIGHT="48" WC="0.96" CONTENT="åtgärder"/><SP WIDTH="28" VPOS="1672" HPOS="391"/>
							<String ID="string_104" HPOS="419" VPOS="1673" WIDTH="142" HEIGHT="48" WC="0.96" CONTENT="skydda"/><SP WIDTH="27" VPOS="1673" HPOS="561"/>
							<String ID="string_105" HPOS="588" VPOS="1673" WIDTH="252" HEIGHT="35" WC="0.96" CONTENT="allmänheten"/><SP WIDTH="28" VPOS="1673" HPOS="840"/>
							<String ID="string_106" HPOS="868" VPOS="1679" WIDTH="79" HEIGHT="29" WC="0.93" CONTENT="mot"/><SP WIDTH="24" VPOS="1679" HPOS="947"/>
							<String ID="string_107" HPOS="971" VPOS="1674" WIDTH="153" HEIGHT="47" WC="0.91" CONTENT="svikligt"/><SP WIDTH="20" VPOS="1674" HPOS="1124"/>
							<String ID="string_108" HPOS="1144" VPOS="1673" WIDTH="213" HEIGHT="36" WC="0.96" CONTENT="förfarande"/><SP WIDTH="20" VPOS="1673" HPOS="1357"/>
							<String ID="string_109" HPOS="1377" VPOS="1675" WIDTH="11" HEIGHT="34" WC="0.96" CONTENT="i"/><SP WIDTH="21" VPOS="1675" HPOS="1388"/>
							<String ID="string_110" HPOS="1409" VPOS="1674" WIDTH="137" HEIGHT="35" WC="0.96" CONTENT="handel"/><SP WIDTH="19" VPOS="1674" HPOS="1546"/>
							<String ID="string_111" HPOS="1565" VPOS="1675" WIDTH="70" HEIGHT="34" WC="0.96" CONTENT="och"/><SP WIDTH="20" VPOS="1675" HPOS="1635"/>
							<String ID="string_112" HPOS="1655" VPOS="1679" WIDTH="55" HEIGHT="30" WC="0.93" CONTENT="att"/><SP WIDTH="20" VPOS="1679" HPOS="1710"/>
							<String ID="string_113" HPOS="1730" VPOS="1673" WIDTH="120" HEIGHT="36" WC="0.91" CONTENT="öfver-"/>
						</TextLine>
						<TextLine ID="line_12" HPOS="216" VPOS="1722" WIDTH="1632" HEIGHT="49">
							<String ID="string_114" HPOS="216" VPOS="1723" WIDTH="92" HEIGHT="34" WC="0.96" CONTENT="vaka"/><SP WIDTH="27" VPOS="1723" HPOS="308"/>
							<String ID="string_115" HPOS="335" VPOS="1723" WIDTH="172" HEIGHT="47" WC="0.93" CONTENT="gällande"/><SP WIDTH="27" VPOS="1723" HPOS="507"/>
							<String ID="string_116" HPOS="534" VPOS="1724" WIDTH="122" HEIGHT="46" WC="0.91" CONTENT="lagars"/><SP WIDTH="28" VPOS="1724" HPOS="656"/>
							<String ID="string_117" HPOS="684" VPOS="1722" WIDTH="237" HEIGHT="36" WC="0.89" CONTENT="efterlefnad."/><SP WIDTH="42" VPOS="1722" HPOS="921"/>
							<String ID="string_118" HPOS="963" VPOS="1723" WIDTH="86" HEIGHT="36" WC="0.95" CONTENT="Med"/><SP WIDTH="27" VPOS="1723" HPOS="1049"/>
							<String ID="string_119" HPOS="1076" VPOS="1723" WIDTH="173" HEIGHT="36" WC="0.95" CONTENT="afseende"/><SP WIDTH="28" VPOS="1723" HPOS="1249"/>
							<String ID="string_120" HPOS="1277" VPOS="1727" WIDTH="47" HEIGHT="44" WC="0.96" CONTENT="på"/><SP WIDTH="28" VPOS="1727" HPOS="1324"/>
							<String ID="string_121" HPOS="1352" VPOS="1727" WIDTH="105" HEIGHT="41" WC="0.96" CONTENT="mått,"/><SP WIDTH="31" VPOS="1727" HPOS="1457"/>
							<String ID="string_122" HPOS="1488" VPOS="1726" WIDTH="73" HEIGHT="33" WC="0.96" CONTENT="mål"/><SP WIDTH="28" VPOS="1726" HPOS="1561"/>
							<String ID="string_123" HPOS="1589" VPOS="1725" WIDTH="70" HEIGHT="34" WC="0.96" CONTENT="och"/><SP WIDTH="28" VPOS="1725" HPOS="1659"/>
							<String ID="string_124" HPOS="1687" VPOS="1725" WIDTH="79" HEIGHT="34" WC="0.96" CONTENT="vikt"/><SP WIDTH="20" VPOS="1725" HPOS="1766"/>
							<String ID="string_125" HPOS="1786" VPOS="1731" WIDTH="62" HEIGHT="28" WC="0.95" CONTENT="äro"/>
						</TextLine>
						<TextLine ID="line_13" HPOS="216" VPOS="1773" WIDTH="1635" HEIGHT="48">
							<String ID="string_126" HPOS="216" VPOS="1773" WIDTH="328" HEIGHT="35" WC="0.95" CONTENT="bestämmelserna"/><SP WIDTH="27" VPOS="1773" HPOS="544"/>
							<String ID="string_127" HPOS="571" VPOS="1786" WIDTH="231" HEIGHT="35" WC="0.95" CONTENT="noggranna,"/><SP WIDTH="30" VPOS="1786" HPOS="802"/>
							<String ID="string_128" HPOS="832" VPOS="1774" WIDTH="69" HEIGHT="35" WC="0.96" CONTENT="och"/><SP WIDTH="29" VPOS="1774" HPOS="901"/>
							<String ID="string_129" HPOS="930" VPOS="1773" WIDTH="109" HEIGHT="36" WC="0.93" CONTENT="äfven"/><SP WIDTH="27" VPOS="1773" HPOS="1039"/>
							<String ID="string_130" HPOS="1066" VPOS="1773" WIDTH="289" HEIGHT="36" WC="0.92" CONTENT="öfvervakandet"/><SP WIDTH="28" VPOS="1773" HPOS="1355"/>
							<String ID="string_131" HPOS="1383" VPOS="1774" WIDTH="41" HEIGHT="35" WC="0.93" CONTENT="af"/><SP WIDTH="25" VPOS="1774" HPOS="1424"/>
							<String ID="string_132" HPOS="1449" VPOS="1774" WIDTH="266" HEIGHT="36" WC="0.90" CONTENT="öfverträdelse"/><SP WIDTH="29" VPOS="1774" HPOS="1715"/>
							<String ID="string_133" HPOS="1744" VPOS="1774" WIDTH="107" HEIGHT="36" WC="0.96" CONTENT="däraf"/>
						</TextLine>
						<TextLine ID="line_14" HPOS="215" VPOS="1823" WIDTH="1633" HEIGHT="50">
							<String ID="string_134" HPOS="215" VPOS="1824" WIDTH="58" HEIGHT="34" WC="0.93" CONTENT="väl"/><SP WIDTH="29" VPOS="1824" HPOS="273"/>
							<String ID="string_135" HPOS="302" VPOS="1823" WIDTH="171" HEIGHT="35" WC="0.91" CONTENT="ordnadt."/><SP WIDTH="50" VPOS="1823" HPOS="473"/>
							<String ID="string_136" HPOS="523" VPOS="1823" WIDTH="194" HEIGHT="35" WC="0.90" CONTENT="Likaledes"/><SP WIDTH="29" VPOS="1823" HPOS="717"/>
							<String ID="string_137" HPOS="746" VPOS="1823" WIDTH="202" HEIGHT="36" WC="0.90" CONTENT="förefinnas"/><SP WIDTH="29" VPOS="1823" HPOS="948"/>
							<String ID="string_138" HPOS="977" VPOS="1824" WIDTH="395" HEIGHT="36" WC="0.88" CONTENT="straffbestämmelser"/><SP WIDTH="28" VPOS="1824" HPOS="1372"/>
							<String ID="string_139" HPOS="1400" VPOS="1824" WIDTH="58" HEIGHT="35" WC="0.96" CONTENT="för"/><SP WIDTH="28" VPOS="1824" HPOS="1458"/>
							<String ID="string_140" HPOS="1486" VPOS="1825" WIDTH="197" HEIGHT="48" WC="0.93" CONTENT="obehörigt"/><SP WIDTH="28" VPOS="1825" HPOS="1683"/>
							<String ID="string_141" HPOS="1711" VPOS="1832" WIDTH="137" HEIGHT="29" WC="0.92" CONTENT="använ-"/>
						</TextLine>
						<TextLine ID="line_15" HPOS="216" VPOS="1872" WIDTH="818" HEIGHT="50">
							<String ID="string_142" HPOS="216" VPOS="1873" WIDTH="120" HEIGHT="35" WC="0.95" CONTENT="dande"/><SP WIDTH="28" VPOS="1873" HPOS="336"/>
							<String ID="string_143" HPOS="364" VPOS="1872" WIDTH="42" HEIGHT="36" WC="0.96" CONTENT="af"/><SP WIDTH="24" VPOS="1872" HPOS="406"/>
							<String ID="string_144" HPOS="430" VPOS="1886" WIDTH="140" HEIGHT="23" WC="0.95" CONTENT="annans"/><SP WIDTH="29" VPOS="1886" HPOS="570"/>
							<String ID="string_145" HPOS="599" VPOS="1886" WIDTH="113" HEIGHT="22" WC="0.96" CONTENT="namn"/><SP WIDTH="29" VPOS="1886" HPOS="712"/>
							<String ID="string_146" HPOS="741" VPOS="1874" WIDTH="69" HEIGHT="35" WC="0.96" CONTENT="och"/><SP WIDTH="29" VPOS="1874" HPOS="810"/>
							<String ID="string_147" HPOS="839" VPOS="1874" WIDTH="195" HEIGHT="48" WC="0.96" CONTENT="egendom."/>
						</TextLine>
					</TextBlock>
					<TextBlock ID="block_7" HPOS="211" VPOS="1923" WIDTH="1636" HEIGHT="300">
						<TextLine ID="line_16" HPOS="317" VPOS="1923" WIDTH="1528" HEIGHT="50">
							<String ID="string_148" HPOS="317" VPOS="1923" WIDTH="174" HEIGHT="48" WC="0.93" CONTENT="Ständigt"/><SP WIDTH="37" VPOS="1923" HPOS="491"/>
							<String ID="string_149" HPOS="528" VPOS="1925" WIDTH="199" HEIGHT="47" WC="0.90" CONTENT="uppfinnas"/><SP WIDTH="39" VPOS="1925" HPOS="727"/>
							<String ID="string_150" HPOS="766" VPOS="1924" WIDTH="93" HEIGHT="35" WC="0.96" CONTENT="dock"/><SP WIDTH="34" VPOS="1924" HPOS="859"/>
							<String ID="string_151" HPOS="893" VPOS="1937" WIDTH="73" HEIGHT="35" WC="0.96" CONTENT="nya"/><SP WIDTH="28" VPOS="1937" HPOS="966"/>
							<String ID="string_152" HPOS="994" VPOS="1930" WIDTH="72" HEIGHT="30" WC="0.96" CONTENT="sätt"/><SP WIDTH="29" VPOS="1930" HPOS="1066"/>
							<String ID="string_153" HPOS="1095" VPOS="1930" WIDTH="54" HEIGHT="30" WC="0.96" CONTENT="att"/><SP WIDTH="28" VPOS="1930" HPOS="1149"/>
							<String ID="string_154" HPOS="1177" VPOS="1925" WIDTH="159" HEIGHT="48" WC="0.96" CONTENT="kringgå"/><SP WIDTH="27" VPOS="1925" HPOS="1336"/>
							<String ID="string_155" HPOS="1363" VPOS="1925" WIDTH="174" HEIGHT="47" WC="0.96" CONTENT="gällande"/><SP WIDTH="28" VPOS="1925" HPOS="1537"/>
							<String ID="string_156" HPOS="1565" VPOS="1924" WIDTH="280" HEIGHT="49" WC="0.96" CONTENT="författningar,"/>
						</TextLine>
						<TextLine ID="line_17" HPOS="214" VPOS="1973" WIDTH="1633" HEIGHT="51">
							<String ID="string_157" HPOS="214" VPOS="1974" WIDTH="69" HEIGHT="35" WC="0.93" CONTENT="och"/><SP WIDTH="28" VPOS="1974" HPOS="283"/>
							<String ID="string_158" HPOS="311" VPOS="1973" WIDTH="237" HEIGHT="49" WC="0.90" CONTENT="lagstiftarne"/><SP WIDTH="28" VPOS="1973" HPOS="548"/>
							<String ID="string_159" HPOS="576" VPOS="1977" WIDTH="117" HEIGHT="33" WC="0.96" CONTENT="måste"/><SP WIDTH="29" VPOS="1977" HPOS="693"/>
							<String ID="string_160" HPOS="722" VPOS="1974" WIDTH="47" HEIGHT="35" WC="0.96" CONTENT="då"/><SP WIDTH="25" VPOS="1974" HPOS="769"/>
							<String ID="string_161" HPOS="794" VPOS="1975" WIDTH="87" HEIGHT="34" WC="0.96" CONTENT="söka"/><SP WIDTH="19" VPOS="1975" HPOS="881"/>
							<String ID="string_162" HPOS="900" VPOS="1980" WIDTH="56" HEIGHT="30" WC="0.96" CONTENT="att"/><SP WIDTH="19" VPOS="1980" HPOS="956"/>
							<String ID="string_163" HPOS="975" VPOS="1987" WIDTH="134" HEIGHT="35" WC="0.96" CONTENT="genom"/><SP WIDTH="21" VPOS="1987" HPOS="1109"/>
							<String ID="string_164" HPOS="1130" VPOS="1988" WIDTH="73" HEIGHT="35" WC="0.96" CONTENT="nya"/><SP WIDTH="19" VPOS="1988" HPOS="1203"/>
							<String ID="string_165" HPOS="1222" VPOS="1975" WIDTH="175" HEIGHT="48" WC="0.96" CONTENT="åtgärder"/><SP WIDTH="19" VPOS="1975" HPOS="1397"/>
							<String ID="string_166" HPOS="1416" VPOS="1974" WIDTH="196" HEIGHT="37" WC="0.93" CONTENT="förhindra"/><SP WIDTH="18" VPOS="1974" HPOS="1612"/>
							<String ID="string_167" HPOS="1630" VPOS="1976" WIDTH="217" HEIGHT="48" WC="0.91" CONTENT="bedrägliga"/>
						</TextLine>
						<TextLine ID="line_18" HPOS="214" VPOS="2024" WIDTH="1633" HEIGHT="49">
							<String ID="string_168" HPOS="214" VPOS="2024" WIDTH="252" HEIGHT="36" WC="0.95" CONTENT="förfaranden."/><SP WIDTH="42" VPOS="2024" HPOS="466"/>
							<String ID="string_169" HPOS="508" VPOS="2024" WIDTH="54" HEIGHT="36" WC="0.96" CONTENT="Af"/><SP WIDTH="25" VPOS="2024" HPOS="562"/>
							<String ID="string_170" HPOS="587" VPOS="2025" WIDTH="114" HEIGHT="35" WC="0.96" CONTENT="sådan"/><SP WIDTH="28" VPOS="2025" HPOS="701"/>
							<String ID="string_171" HPOS="729" VPOS="2024" WIDTH="204" HEIGHT="49" WC="0.96" CONTENT="anledning"/><SP WIDTH="28" VPOS="2024" HPOS="933"/>
							<String ID="string_172" HPOS="961" VPOS="2026" WIDTH="67" HEIGHT="34" WC="0.96" CONTENT="har"/><SP WIDTH="27" VPOS="2026" HPOS="1028"/>
							<String ID="string_173" HPOS="1055" VPOS="2025" WIDTH="119" HEIGHT="36" WC="0.96" CONTENT="under"/><SP WIDTH="28" VPOS="2025" HPOS="1174"/>
							<String ID="string_174" HPOS="1202" VPOS="2038" WIDTH="128" HEIGHT="22" WC="0.94" CONTENT="senare"/><SP WIDTH="19" VPOS="2038" HPOS="1330"/>
							<String ID="string_175" HPOS="1349" VPOS="2026" WIDTH="57" HEIGHT="34" WC="0.96" CONTENT="tid"/><SP WIDTH="19" VPOS="2026" HPOS="1406"/>
							<String ID="string_176" HPOS="1425" VPOS="2026" WIDTH="67" HEIGHT="35" WC="0.96" CONTENT="hos"/><SP WIDTH="20" VPOS="2026" HPOS="1492"/>
							<String ID="string_177" HPOS="1512" VPOS="2039" WIDTH="58" HEIGHT="22" WC="0.93" CONTENT="oss"/><SP WIDTH="19" VPOS="2039" HPOS="1570"/>
							<String ID="string_178" HPOS="1589" VPOS="2028" WIDTH="258" HEIGHT="34" WC="0.92" CONTENT="varumärkes-"/>
						</TextLine>
						<TextLine ID="line_19" HPOS="212" VPOS="2074" WIDTH="1632" HEIGHT="51">
							<String ID="string_179" HPOS="212" VPOS="2076" WIDTH="110" HEIGHT="47" WC="0.96" CONTENT="lagen"/><SP WIDTH="27" VPOS="2076" HPOS="322"/>
							<String ID="string_180" HPOS="349" VPOS="2076" WIDTH="231" HEIGHT="34" WC="0.93" CONTENT="tillkommit."/><SP WIDTH="43" VPOS="2076" HPOS="580"/>
							<String ID="string_181" HPOS="623" VPOS="2074" WIDTH="79" HEIGHT="37" WC="0.74" CONTENT="Öch"/><SP WIDTH="29" VPOS="2074" HPOS="702"/>
							<String ID="string_182" HPOS="731" VPOS="2076" WIDTH="59" HEIGHT="35" WC="0.70" CONTENT="väl"/><SP WIDTH="28" VPOS="2076" HPOS="790"/>
							<String ID="string_183" HPOS="818" VPOS="2075" WIDTH="68" HEIGHT="35" WC="0.96" CONTENT="har"/><SP WIDTH="28" VPOS="2075" HPOS="886"/>
							<String ID="string_184" HPOS="914" VPOS="2075" WIDTH="72" HEIGHT="35" WC="0.96" CONTENT="den"/><SP WIDTH="28" VPOS="2075" HPOS="986"/>
							<String ID="string_185" HPOS="1014" VPOS="2076" WIDTH="283" HEIGHT="47" WC="0.96" CONTENT="kompletterats"/><SP WIDTH="29" VPOS="2076" HPOS="1297"/>
							<String ID="string_186" HPOS="1326" VPOS="2081" WIDTH="55" HEIGHT="30" WC="0.96" CONTENT="ett"/><SP WIDTH="27" VPOS="2081" HPOS="1381"/>
							<String ID="string_187" HPOS="1408" VPOS="2089" WIDTH="68" HEIGHT="35" WC="0.95" CONTENT="par"/><SP WIDTH="27" VPOS="2089" HPOS="1476"/>
							<String ID="string_188" HPOS="1503" VPOS="2080" WIDTH="153" HEIGHT="45" WC="0.95" CONTENT="gånger,"/><SP WIDTH="22" VPOS="2080" HPOS="1656"/>
							<String ID="string_189" HPOS="1678" VPOS="2090" WIDTH="84" HEIGHT="22" WC="0.96" CONTENT="men"/><SP WIDTH="21" VPOS="2090" HPOS="1762"/>
							<String ID="string_190" HPOS="1783" VPOS="2076" WIDTH="61" HEIGHT="35" WC="0.96" CONTENT="det"/>
						</TextLine>
						<TextLine ID="line_20" HPOS="211" VPOS="2125" WIDTH="1632" HEIGHT="48">
							<String ID="string_191" HPOS="211" VPOS="2125" WIDTH="109" HEIGHT="35" WC="0.96" CONTENT="torde"/><SP WIDTH="27" VPOS="2125" HPOS="320"/>
							<String ID="string_192" HPOS="347" VPOS="2126" WIDTH="82" HEIGHT="34" WC="0.96" CONTENT="icke"/><SP WIDTH="27" VPOS="2126" HPOS="429"/>
							<String ID="string_193" HPOS="456" VPOS="2126" WIDTH="127" HEIGHT="35" WC="0.96" CONTENT="kunna"/><SP WIDTH="28" VPOS="2126" HPOS="583"/>
							<String ID="string_194" HPOS="611" VPOS="2126" WIDTH="86" HEIGHT="35" WC="0.95" CONTENT="med"/><SP WIDTH="28" VPOS="2126" HPOS="697"/>
							<String ID="string_195" HPOS="725" VPOS="2125" WIDTH="65" HEIGHT="48" WC="0.96" CONTENT="fog"/><SP WIDTH="27" VPOS="2125" HPOS="790"/>
							<String ID="string_196" HPOS="817" VPOS="2126" WIDTH="195" HEIGHT="44" WC="0.95" CONTENT="bestridas,"/><SP WIDTH="30" VPOS="2126" HPOS="1012"/>
							<String ID="string_197" HPOS="1042" VPOS="2131" WIDTH="54" HEIGHT="30" WC="0.97" CONTENT="att"/><SP WIDTH="27" VPOS="2131" HPOS="1096"/>
							<String ID="string_198" HPOS="1123" VPOS="2133" WIDTH="101" HEIGHT="28" WC="0.93" CONTENT="ännu"/><SP WIDTH="28" VPOS="2133" HPOS="1224"/>
							<String ID="string_199" HPOS="1252" VPOS="2126" WIDTH="358" HEIGHT="47" WC="0.90" CONTENT="ofullständigheter"/><SP WIDTH="27" VPOS="2126" HPOS="1610"/>
							<String ID="string_200" HPOS="1637" VPOS="2128" WIDTH="70" HEIGHT="34" WC="0.91" CONTENT="och"/><SP WIDTH="23" VPOS="2128" HPOS="1707"/>
							<String ID="string_201" HPOS="1730" VPOS="2127" WIDTH="113" HEIGHT="35" WC="0.90" CONTENT="brist-"/>
						</TextLine>
						<TextLine ID="line_21" HPOS="212" VPOS="2175" WIDTH="644" HEIGHT="48">
							<String ID="string_202" HPOS="212" VPOS="2175" WIDTH="215" HEIGHT="48" WC="0.88" CONTENT="fälligheter"/><SP WIDTH="27" VPOS="2175" HPOS="427"/>
							<String ID="string_203" HPOS="454" VPOS="2176" WIDTH="148" HEIGHT="35" WC="0.92" CONTENT="vidlåda"/><SP WIDTH="28" VPOS="2176" HPOS="602"/>
							<String ID="string_204" HPOS="630" VPOS="2176" WIDTH="226" HEIGHT="36" WC="0.96" CONTENT="densamma."/>
						</TextLine>
					</TextBlock>
				</ComposedBlock>
				<ComposedBlock ID="cblock_5" HPOS="279" VPOS="2280" WIDTH="1496" HEIGHT="36">
					<TextBlock ID="block_8" HPOS="279" VPOS="2280" WIDTH="1496" HEIGHT="36">
						<TextLine ID="line_22" HPOS="279" VPOS="2280" WIDTH="1496" HEIGHT="36">
							<String ID="string_205" HPOS="279" VPOS="2280" WIDTH="62" HEIGHT="25" WC="0.39" CONTENT="Bih,"/><SP WIDTH="19" VPOS="2280" HPOS="341"/>
							<String ID="string_206" HPOS="360" VPOS="2281" WIDTH="47" HEIGHT="25" WC="0.91" CONTENT="till"/><SP WIDTH="21" VPOS="2281" HPOS="407"/>
							<String ID="string_207" HPOS="428" VPOS="2281" WIDTH="99" HEIGHT="26" WC="0.90" CONTENT="Riksd."/><SP WIDTH="20" VPOS="2281" HPOS="527"/>
							<String ID="string_208" HPOS="547" VPOS="2282" WIDTH="77" HEIGHT="25" WC="0.75" CONTENT="Prot,"/><SP WIDTH="21" VPOS="2282" HPOS="624"/>
							<String ID="string_209" HPOS="645" VPOS="2281" WIDTH="89" HEIGHT="26" WC="0.95" CONTENT="1908."/><SP WIDTH="39" VPOS="2281" HPOS="734"/>
							<String ID="string_210" HPOS="773" VPOS="2282" WIDTH="16" HEIGHT="25" WC="0.92" CONTENT="7"/><SP WIDTH="20" VPOS="2282" HPOS="789"/>
							<String ID="string_211" HPOS="809" VPOS="2282" WIDTH="88" HEIGHT="26" WC="0.85" CONTENT="Saml."/><SP WIDTH="39" VPOS="2282" HPOS="897"/>
							<String ID="string_212" HPOS="936" VPOS="2281" WIDTH="38" HEIGHT="26" WC="0.93" CONTENT="13"/><SP WIDTH="18" VPOS="2281" HPOS="974"/>
							<String ID="string_213" HPOS="992" VPOS="2281" WIDTH="81" HEIGHT="33" WC="0.80" CONTENT="Häft."/><SP WIDTH="37" VPOS="2281" HPOS="1073"/>
							<String ID="string_214" HPOS="1110" VPOS="2283" WIDTH="70" HEIGHT="32" WC="0.95" CONTENT="(N:o"/><SP WIDTH="20" VPOS="2283" HPOS="1180"/>
							<String ID="string_215" HPOS="1200" VPOS="2282" WIDTH="55" HEIGHT="34" WC="0.95" CONTENT="13)."/><SP WIDTH="507" VPOS="2282" HPOS="1255"/>
							<String ID="string_216" HPOS="1762" VPOS="2283" WIDTH="13" HEIGHT="24" WC="0.96" CONTENT="1"/>
						</TextLine>
					</TextBlock>
				</ComposedBlock>
			</PrintSpace>
		</Page>
	</Layout>
</alto>
