1878 2784
472 164 392 32 Jordbruksutskottets
888 165 181 31 utlåtande
1091 176 45 20 nr
1159 167 50 30 14.
1585 166 19 30 5

81 246 56 29 len
161 246 65 30 hos
251 246 455 42 hushållningssällskapen
730 248 149 30 föreslår
903 248 237 41 utredningen
1163 267 45 3 —
1234 250 117 30 såsom
1376 251 49 28 ett
1449 249 156 41 proviso-

80 296 94 30 rium
195 297 11 29 i
228 297 151 30 avbidan
399 298 46 40 på
465 300 52 28 att
537 308 43 20 en
604 307 97 22 mera
723 299 132 30 allmän
876 299 247 41 förstärkning
1142 309 43 21 av
1205 299 400 41 hushållningssällska-

80 356 87 30 pens
191 356 158 22 resurser
373 348 92 31 skall
488 349 48 29 bli
561 349 124 39 möjlig
707 367 37 4 —
777 350 51 30 att
853 350 134 30 antalet
1011 350 407 40 statsbidragsavlönade
1442 351 163 30 kontors-

80 398 162 30 biträden
264 398 58 30 vid
346 399 203 40 sällskapen
573 400 90 30 skall
688 401 86 29 ökas
798 401 80 30 med
903 400 53 31 20.
980 401 110 30 Dessa
1115 401 241 39 befattningar
1381 410 100 22 avses
1505 401 100 31 skola

79 448 155 30 fördelas
252 449 45 40 på
316 449 204 42 sällskapen
539 460 43 21 av
603 451 127 39 Kungl.
750 451 107 39 Maj:t
875 451 90 30 efter
984 451 133 41 förslag
1138 451 79 31 från
1237 452 368 37 lantbruksstyrelsen.

127 541 222 31 Yttrandena.
368 542 259 40 Utredningens
646 543 133 40 förslag
797 544 65 30 har
882 544 11 30 i
910 544 79 31 sina
1005 545 214 40 huvuddrag
1237 546 188 39 tillstyrkts
1445 547 11 29 i
1473 547 39 30 så
1530 549 74 38 gott

79 599 75 21 som
180 592 162 39 samtliga
367 593 202 39 yttranden.
593 594 49 30 På
664 594 148 30 enstaka
835 595 155 40 punkter
1016 595 46 30 ha
1085 596 91 30 dock
1199 596 197 30 avvikande
1419 597 184 40 meningar

80 642 158 30 uttalats.
264 643 149 30 Särskilt
439 644 107 39 gäller
570 645 96 30 detta
688 645 160 39 reglerna
871 645 57 30 för
955 646 247 39 fördelningen
1227 656 43 21 av
1294 647 68 30 den
1385 648 57 29 del
1465 657 44 21 av
1531 657 73 21 om-

79 692 337 39 kostnadsanslaget,
447 703 75 21 som
552 695 111 30 skulle
693 695 138 35 återstå,
862 696 107 30 sedan
1000 696 41 30 de
1071 706 44 21 av
1144 697 231 38 utredningen
1405 698 198 38 föreslagna

79 743 286 39 grundbeloppen
386 745 121 37 utgått.

287 879 36 29 B.
357 878 206 31 Grunderna
584 881 55 29 för
660 880 244 37 fördelningen
926 891 42 20 av
992 883 395 35 omkostnadsanslaget.

120 961 255 37 Utredningens
394 963 143 36 förslag.
558 964 240 40 Utredningen
818 966 255 40 understryker
1093 966 255 40 inledningsvis
1369 969 51 28 att
1442 968 68 29 den
1529 968 71 30 helt

78 1012 159 29 ansluter
257 1012 52 40 sig
329 1012 54 30 till
405 1014 68 29 vad
496 1014 125 30 chefen
642 1015 56 30 för
721 1014 477 43 jordbruksdepartementet
1219 1017 12 29 i
1253 1017 198 30 direktiven
1472 1018 56 30 för
1548 1020 54 27 ut-

77 1062 194 40 redningen
289 1063 121 30 anfört
428 1073 57 21 om
504 1065 52 29 att
574 1065 424 40 fördelningsgrunderna
1016 1067 156 39 alltjämt
1190 1067 84 31 böra
1292 1077 86 21 vara
1396 1068 205 30 schematis-

77 1112 47 30 ka
143 1113 66 29 och
229 1114 234 30 automatiskt
482 1116 177 29 verkande
679 1117 66 30 och
765 1117 51 29 att
836 1117 151 30 sålunda
1007 1117 117 40 någon
1144 1118 174 40 prövning
1339 1118 30 40 ej
1393 1119 63 30 bör
1476 1119 62 29 ske
1559 1128 42 21 av

77 1163 42 29 de
137 1163 95 30 olika
251 1164 221 40 sällskapens
494 1166 204 40 statförslag
715 1167 83 29 eller
817 1167 234 31 ekonomiska
1070 1168 178 40 ställning.

124 1215 14 29 I
157 1215 239 31 betänkandet
415 1217 207 31 framhålles
641 1218 119 30 vidare
780 1220 51 29 att
850 1219 42 30 de
913 1219 177 40 klagomål
1110 1220 224 31 beträffande
1354 1221 247 30 omkostnads-

77 1265 169 39 anslaget,
275 1275 74 21 som
377 1267 139 30 anförts
544 1268 79 30 från
652 1268 464 41 hushållningssällskapen,
1145 1269 128 31 främst
1304 1279 106 30 synas
1438 1270 46 31 ha
1513 1270 83 40 gällt

78 1316 59 30 det
157 1316 248 35 förhållandet,
427 1319 51 29 att
498 1318 168 40 bidragen
687 1328 43 22 ur
749 1320 159 40 anslaget
928 1320 77 31 icke
1025 1321 91 30 varit
1136 1321 213 40 tillräckliga
1370 1322 56 30 för
1447 1324 51 29 att
1521 1322 78 30 säll-

79 1366 134 40 skapen
233 1367 113 30 skulle
365 1368 124 31 kunna
508 1370 188 39 uppehålla
718 1370 55 30 sin
790 1371 227 29 verksamhet
1036 1371 45 39 på
1100 1373 49 28 ett
1169 1371 330 31 tillfredsställande
1520 1373 78 29 sätt.

77 1416 113 40 Något
206 1426 97 21 mera
319 1418 148 30 allmänt
485 1419 82 30 eller
584 1419 175 40 allvarligt
775 1420 172 40 missnöje
964 1422 80 29 med
1061 1422 42 31 de
1120 1431 48 20 nu
1187 1422 161 39 gällande
1365 1421 232 41 fördelnings-

75 1466 202 38 grunderna
307 1476 103 30 synes
441 1468 158 30 däremot
628 1468 78 30 icke
736 1469 45 29 ha
813 1469 152 30 kommit
994 1470 54 29 till
1079 1472 143 37 uttryck
1250 1470 98 31 inom
1379 1471 213 41 sällskapen,

75 1516 90 30 dock
190 1519 79 29 med
293 1518 58 29 det
374 1518 218 39 undantaget
617 1520 50 29 att
692 1519 178 40 åtskilliga
896 1520 156 40 sällskap
1079 1521 131 30 hävdat
1236 1523 50 28 att
1312 1522 103 30 dessa
1440 1522 153 39 grunder

74 1566 89 39 tagit
185 1567 119 30 alltför
326 1567 86 31 liten
436 1568 139 40 hänsyn
598 1569 52 30 till
673 1570 43 29 de
740 1570 194 30 skillnader
957 1570 12 30 i
994 1571 100 38 fråga
1118 1580 57 21 om
1199 1572 177 29 storleken
1401 1581 42 21 av
1466 1572 127 30 befatt-

73 1617 282 39 ningshavarnas
378 1628 91 20 rese-
492 1620 66 29 och
581 1620 441 36 traktamentskostnader,
1050 1630 76 21 som
1150 1622 169 39 föreligga
1343 1622 130 31 mellan
1498 1623 93 30 olika

75 1667 166 40 sällskap.
267 1669 243 40 Utredningen
534 1671 253 39 understryker
813 1673 51 29 att
891 1672 116 30 denna
1035 1672 239 39 anmärkning
1300 1674 39 29 är
1365 1674 98 30 desto
1489 1673 103 30 vikti-

74 1725 92 32 gare,
191 1728 75 20 som
291 1729 43 20 en
357 1719 279 32 förhållandevis
660 1723 74 29 stor
757 1722 55 29 del
836 1731 43 21 av
903 1722 221 41 sällskapens
1149 1723 110 30 totala
1283 1723 147 39 utgifter
1456 1725 140 38 utgöres

74 1777 42 21 av
137 1768 120 39 dylika
279 1770 201 30 kostnader.

119 1819 239 40 Utredningen
381 1821 136 30 erinrar
539 1822 11 29 i
575 1822 94 30 detta
693 1823 259 39 sammanhang
974 1832 58 22 om
1056 1825 51 29 att
1133 1825 88 29 även
1244 1833 43 20 en
1310 1834 120 21 annan
1453 1825 139 39 olägen-

72 1869 60 30 het
155 1871 39 28 är
215 1870 147 30 förenad
383 1872 81 29 med
485 1872 42 29 de
548 1881 48 21 nu
619 1873 161 38 gällande
801 1873 436 40 fördelningsgrunderna.
1261 1874 76 30 Den
1361 1875 136 39 åsyftar
1519 1876 78 29 där-

73 1921 80 29 med
176 1920 57 29 det
256 1920 239 31 förhållandet
516 1923 52 29 att
591 1924 47 28 ett
662 1923 165 39 sällskap,
852 1932 78 21 som
952 1923 150 30 erhåller
1125 1934 43 20 en
1193 1934 47 30 ny
1263 1924 328 40 statsbidragsavlö-

73 1970 70 30 nad
167 1970 122 39 tjänst,
313 1971 54 29 till
392 1973 155 38 exempel
575 1982 43 20 en
641 1982 47 30 ny
712 1974 206 29 konsulent-
942 1973 83 31 eller
1049 1974 344 40 instruktörstjänst,
1418 1975 77 31 icke
1520 1976 70 30 kan

72 2020 161 41 påräkna
254 2022 50 29 att
324 2022 183 39 samtidigt
528 2022 36 30 få
585 2023 114 39 någon
721 2023 110 31 sådan
852 2024 151 39 höjning
1024 2033 43 22 av
1089 2025 403 40 omkostnadsbidraget,
1515 2036 74 20 som

73 2070 115 30 skulle
207 2072 178 30 erfordras
405 2073 55 29 för
483 2074 50 28 att
551 2073 103 30 täcka
674 2075 42 29 de
734 2083 91 20 rese-
844 2075 66 29 och
928 2074 442 36 traktamentskostnader,
1390 2076 96 30 vilka
1506 2078 85 29 nöd-

72 2121 198 40 vändigtvis
291 2122 112 30 måste
423 2123 130 39 uppstå
572 2124 112 29 under
704 2125 192 29 utövandet
917 2134 43 20 av
979 2126 68 29 den
1067 2134 69 30 nya
1159 2125 168 39 tjänsten.
1350 2126 241 39 Utredningen

72 2171 157 39 påpekar
254 2174 50 29 att
331 2174 87 28 även
445 2182 56 20 om
529 2174 392 39 omkostnadsanslaget
947 2175 101 38 höjes
1074 2175 11 29 i
1113 2176 172 31 samband
1312 2176 79 29 med
1418 2177 172 30 inrättan-

73 2221 57 29 det
156 2231 41 20 av
224 2223 67 28 den
316 2232 69 29 nya
411 2223 158 38 tjänsten
594 2224 159 30 kommer
779 2225 116 29 denna
920 2224 135 39 ökning
1080 2225 107 39 enligt
1213 2235 47 20 nu
1291 2226 161 38 gällande
1479 2227 111 38 regler

73 2273 52 28 att
151 2272 154 30 fördelas
330 2272 46 40 på
402 2273 163 39 samtliga
593 2273 166 40 sällskap.
786 2274 65 29 Det
878 2275 72 29 kan
975 2275 122 29 därför
1122 2275 149 30 inträffa
1301 2278 51 27 att
1378 2277 67 29 den
1472 2277 123 29 endast

73 2321 52 30 till
150 2331 43 20 en
217 2322 140 38 mycket
381 2322 100 39 ringa
507 2323 52 29 del
587 2323 159 30 kommer
771 2325 58 28 det
853 2325 84 28 eller
961 2325 41 29 de
1029 2324 155 40 sällskap
1212 2325 53 29 till
1290 2325 99 38 godo,
1416 2326 54 30 för
1495 2327 95 29 vilka

73 2372 68 29 den
161 2372 196 39 egentligen
377 2373 91 29 varit
489 2373 139 30 avsedd.

117 2422 66 29 Det
205 2422 157 30 enklaste
387 2423 105 29 sättet
515 2425 50 28 att
586 2423 144 31 komma
751 2424 52 29 till
826 2425 91 29 rätta
940 2426 80 29 med
1046 2425 41 29 de
1110 2434 47 21 nu
1181 2425 146 30 berörda
1351 2426 238 39 olägenheter-

72 2480 44 21 na
140 2473 38 29 är
202 2472 106 39 enligt
330 2473 254 39 utredningens
606 2474 143 39 mening
772 2476 49 28 att
845 2475 179 30 omarbeta
1048 2476 41 29 de
1112 2484 47 21 nu
1185 2475 160 38 gällande
1367 2476 222 30 bestämmel-
