1878 2778
273 159 19 29 4
661 159 392 31 Jordbruksutskottets
1077 159 181 30 utlåtande
1281 170 43 20 nr
1347 160 50 30 14.

275 242 244 39 förstärkning
539 251 42 21 av
599 242 472 40 hushållningssällskapens
1092 242 232 31 ekonomiska
1343 251 170 26 resurser,
1533 245 88 27 utan
1640 244 52 29 att
1711 253 84 21 man

274 293 10 28 i
303 293 37 29 så
359 292 63 30 fall
442 293 11 28 i
473 293 115 29 stället
607 293 63 29 bör
691 292 86 39 höja
795 293 57 29 det
872 293 180 29 allmänna
1071 293 403 39 omkostnadsanslaget.

319 343 240 39 Utredningen
577 343 150 30 föreslår
746 343 194 30 emellertid
960 345 50 28 att
1030 343 272 30 bestämmelsen
1326 345 51 28 att
1396 344 228 40 presterande
1645 353 43 21 av
1707 344 89 29 orts-

275 393 123 40 bidrag
414 394 91 30 skall
521 394 124 38 utgöra
661 402 44 22 en
721 393 256 39 förutsättning
994 394 56 29 för
1066 395 71 28 rätt
1155 394 54 30 till
1227 394 213 39 statsbidrag
1458 394 91 30 skall
1567 394 127 40 slopas.
1714 395 83 29 För-

275 443 106 38 slaget
403 443 108 40 gäller
533 445 41 29 de
595 443 134 40 bidrag,
752 452 75 21 som
848 445 84 38 utgå
954 444 56 30 för
1032 444 188 39 fröodling,
1242 444 406 40 berberisbekämpning,
1673 444 123 30 nötbo-

274 494 196 39 skapsavel,
491 494 576 39 kontrollföreningsverksamhet,
1090 494 213 30 svinskötsel
1324 495 66 30 och
1416 495 201 29 fårskötsel.

319 545 14 30 I
350 544 102 40 fråga
467 553 58 21 om
540 544 350 39 norrlandsanslaget
907 545 131 29 uttalar
1056 545 51 39 sig
1125 545 236 39 utredningen
1378 548 74 27 mot
1471 546 133 29 tanken
1622 545 45 40 på
1685 546 51 29 att
1754 546 41 29 de

272 594 132 40 bidrag,
430 604 77 20 som
530 595 126 29 hittills
681 595 115 39 utgått
821 604 43 21 ur
887 595 351 39 norrlandsanslaget
1262 595 53 30 till
1338 595 457 40 hushållningssällskapen

275 645 11 28 i
310 645 176 30 Norrland
510 646 91 29 samt
626 645 11 29 i
661 645 212 30 Värmlands
900 645 66 30 och
990 645 247 40 Kopparbergs
1265 645 69 37 län,
1360 646 114 29 skulle
1499 645 178 31 inarbetas
1702 646 11 29 i
1738 647 58 29 det

276 695 180 31 allmänna
482 696 403 39 omkostnadsanslaget.
912 696 242 39 Utredningen
1181 705 104 21 anser
1312 697 51 29 att
1390 697 104 29 dessa
1520 696 124 39 bidrag
1671 698 88 28 även
1784 696 12 29 i

272 745 276 40 fortsättningen
564 746 86 30 böra
667 746 114 30 hållas
802 746 116 30 skilda
934 746 82 29 från
1037 746 223 30 sistnämnda
1279 747 122 38 anslag
1419 749 92 27 samt
1530 746 154 30 fördelas
1706 747 89 29 efter

274 797 11 28 i
304 798 88 28 stort
411 798 68 28 sett
498 805 137 21 samma
655 797 153 38 grunder
831 806 75 20 som
927 797 55 30 för
1004 797 221 30 närvarande
1245 797 100 39 gälla.
1367 797 168 30 Däremot
1555 806 103 22 anser
1679 797 118 30 utred-

274 847 130 38 ningen
425 848 51 29 att
497 847 112 30 medel
631 847 56 30 för
710 847 201 30 ändamålet
932 847 10 29 i
966 847 277 39 fortsättningen
1264 847 85 30 böra
1371 848 84 39 utgå
1476 847 76 30 icke
1574 857 42 20 ur
1638 848 158 38 anslaget

274 897 52 29 till
345 897 279 40 prisreglerande
644 897 163 40 åtgärder
826 898 45 40 på
889 897 228 40 jordbrukets
1138 898 144 30 område
1301 899 87 28 utan
1409 907 42 20 ur
1472 900 48 27 ett
1542 898 145 29 särskilt
1706 898 91 29 riks-

274 948 214 39 statsanslag
509 948 111 29 under
640 948 131 30 nionde
793 947 236 31 huvudtiteln.

319 998 73 30 Vad
412 1007 49 20 nu
482 999 94 38 sagts
596 998 108 40 gäller
724 999 90 29 dock
832 998 31 39 ej
886 1000 42 29 de
946 998 151 30 tillskott
1116 998 20 30 å
1156 998 42 30 40
1214 999 62 30 000
1296 998 197 40 respektive
1513 998 41 30 60
1570 998 63 31 000
1652 999 143 34 kronor,

274 1057 75 21 som
366 1048 265 30 Västerbottens
648 1049 67 29 och
730 1048 231 30 Norrbottens
978 1049 76 29 läns
1071 1049 408 40 hushållningssällskap
1497 1049 42 30 de
1556 1049 139 29 senaste
1712 1048 85 31 åren

273 1099 141 30 erhållit
437 1099 117 30 såsom
577 1099 177 30 särskilda
776 1098 123 40 bidrag
924 1098 51 31 till
998 1107 90 21 rese-
1115 1099 66 30 och
1205 1099 431 30 traktamentskostnader
1661 1100 57 29 för
1741 1099 56 29 be-

272 1149 344 39 fattningshavarna.
640 1149 274 40 Ifrågavarande
933 1149 126 37 belopp
1077 1149 87 29 böra
1184 1149 106 38 enligt
1309 1149 249 38 utredningens
1580 1149 91 30 åsikt
1689 1149 109 30 tillfö-

274 1209 57 20 ras
350 1200 58 29 det
426 1200 181 29 allmänna
626 1200 403 38 omkostnadsanslaget.

319 1250 241 39 Utredningen
583 1250 66 31 har
673 1251 89 29 även
789 1250 162 40 upptagit
976 1250 126 39 frågan
1130 1259 58 21 om
1214 1249 274 40 användningen
1513 1259 43 21 av
1580 1251 68 29 den
1674 1250 56 29 del
1755 1259 42 21 av

274 1301 353 37 norrlandsanslaget,
646 1309 76 21 som
740 1300 125 30 hittills
883 1300 218 37 disponerats
1120 1300 56 29 för
1197 1300 221 31 utbetalande
1437 1310 43 21 av
1499 1300 123 38 bidrag
1639 1300 54 29 till
1712 1309 86 28 upp-

273 1351 145 30 förande
438 1360 43 21 av
496 1350 375 38 mejerianläggningar
887 1360 45 20 m.
949 1360 45 20 m.
1012 1350 236 38 Utredningen
1270 1359 101 21 anser
1389 1350 51 38 sig
1456 1351 122 29 kunna
1593 1351 203 29 konstatera

274 1403 51 29 att
345 1402 103 30 dessa
467 1401 132 39 bidrag,
620 1401 46 40 på
687 1403 114 37 grund
822 1410 43 21 av
887 1401 486 40 produktionsutvecklingen
1394 1400 11 30 i
1425 1401 175 30 Norrland
1625 1401 66 30 och
1711 1402 87 29 kon-

274 1452 244 30 centrationen
540 1461 42 21 av
603 1451 134 30 driften
759 1451 54 30 till
836 1452 111 29 större
972 1451 153 35 enheter,
1149 1460 150 21 numera
1319 1451 46 30 ha
1388 1451 139 30 mindre
1549 1451 179 40 betydelse
1753 1452 44 29 än

276 1503 41 29 de
341 1503 91 29 hade
459 1502 44 30 då
528 1502 221 30 stödformen
773 1501 168 31 infördes.
967 1502 65 29 Det
1057 1501 208 30 framhålles
1290 1501 120 30 vidare
1435 1503 52 29 att
1511 1501 170 40 bidragen
1708 1502 89 30 efter

275 1553 93 29 hand
389 1553 148 29 kommit
560 1553 48 29 att
635 1552 82 37 utgå
739 1553 87 29 även
849 1552 55 29 för
928 1552 250 37 anläggningar
1201 1552 11 29 i
1236 1552 109 29 andra
1367 1552 95 30 delar
1487 1561 42 21 av
1552 1552 177 30 Norrland
1752 1553 46 29 än

275 1604 89 34 dem,
384 1604 57 29 för
462 1603 94 30 vilka
575 1603 42 29 de
637 1603 83 30 från
739 1602 127 40 början
885 1602 91 31 varit
998 1603 162 29 avsedda.
1182 1603 126 29 Därest
1328 1603 57 30 det
1411 1602 5 29 i
1437 1602 172 31 samband
1629 1603 81 29 med
1730 1603 68 29 den

275 1654 201 39 föreslagna
499 1653 272 39 omläggningen
795 1662 43 21 av
862 1653 200 39 grunderna
1085 1653 57 29 för
1165 1652 247 40 fördelningen
1437 1662 43 21 av
1502 1653 296 30 omkostnadsan-

276 1705 109 39 slaget
405 1714 42 20 av
468 1703 294 31 statsfinansiella
782 1703 76 30 skäl
877 1703 30 36 ej
931 1703 112 30 skulle
1066 1712 84 21 vara
1170 1703 137 37 möjligt
1326 1704 49 29 att
1393 1703 46 37 på
1457 1705 107 27 annat
1585 1704 67 29 sätt
1671 1703 128 30 bereda

277 1755 202 39 sällskapen
507 1764 43 19 en
578 1754 83 30 reell
692 1753 286 39 anslagsökning,
1008 1753 163 30 förordar
1201 1753 235 39 utredningen
1464 1754 80 29 med
1573 1754 141 39 hänsyn
1745 1754 53 29 till

276 1806 102 29 dessa
401 1805 249 30 förhållanden
674 1805 51 29 att
750 1803 332 40 bidragsgivningen
1106 1803 54 30 till
1184 1803 382 40 mejerianläggningar
1591 1813 30 22 o.
1648 1805 32 29 d.
1707 1804 91 30 skall

276 1856 190 38 begränsas
489 1855 53 31 till
565 1855 41 29 de
628 1854 177 34 områden,
828 1854 55 29 för
904 1854 96 30 vilka
1023 1854 66 29 den
1116 1853 81 30 från
1219 1854 126 36 början
1367 1853 90 30 varit
1481 1854 154 37 speciellt
1658 1854 140 34 avsedd,

277 1907 32 29 d.
335 1915 30 21 v.
394 1916 26 20 s.
446 1906 54 29 till
525 1905 275 40 lappmarkerna
825 1905 66 29 och
916 1905 146 30 därmed
1089 1904 207 39 jämförliga
1320 1904 145 30 trakter.
1492 1904 50 29 De
1568 1904 124 36 medel,
1722 1914 75 20 som

277 1957 113 29 skulle
414 1956 205 39 inbesparas
645 1963 125 30 genom
795 1964 42 21 en
863 1955 110 29 sådan
997 1954 247 40 begränsning,
1269 1954 82 30 eller
1376 1954 99 30 cirka
1499 1954 63 30 300
1577 1955 64 31 000
1665 1955 133 29 kronor

276 2016 57 20 om
351 2007 85 33 året,
458 2007 85 29 böra
560 2006 11 29 i
589 2006 39 30 så
644 2006 64 29 fall
725 2005 11 29 i
754 2005 116 30 stället
890 2005 149 29 tillföras
1058 2004 473 41 hushållningssällskapens
1550 2005 248 30 omkostnads-

277 2058 132 38 anslag.

322 2109 13 28 I
352 2108 68 29 den
437 2108 84 30 mån
538 2108 56 29 det
613 2108 72 28 kan
703 2115 102 21 anses
822 2105 167 40 påkallat,
1008 2106 50 29 att
1075 2105 107 40 något
1200 2105 144 30 särskilt
1362 2106 78 29 stöd
1462 2106 90 29 skall
1570 2106 85 39 utgå
1673 2105 54 31 till
1746 2106 53 30 så-

276 2159 93 29 dana
389 2159 110 29 redan
521 2157 176 40 uppförda
719 2157 83 29 eller
823 2156 192 40 påbörjade
1036 2155 392 40 mejerianläggningar,
1451 2165 76 21 som
1551 2156 30 39 ej
1607 2157 11 28 i
1640 2156 159 31 fortsätt-

277 2210 127 36 ningen
427 2209 111 30 skulle
561 2208 119 29 kunna
705 2208 191 36 inrymmas
919 2206 110 29 under
1050 2206 450 37 bidragsbestämmelserna
1522 2215 79 21 men
1625 2207 56 29 för
1703 2207 96 30 vilka

276 2260 122 36 bidrag
423 2269 42 19 ur
485 2258 344 37 norrlandsanslaget
850 2257 106 37 enligt
976 2256 124 30 hittills
1120 2256 182 38 tillämpad
1323 2256 117 38 praxis
1462 2257 112 30 skulle
1597 2257 45 31 ha
1663 2258 136 29 kunnat

276 2311 141 29 komma
437 2310 122 36 ifråga,
577 2309 63 29 bör
660 2308 108 38 enligt
787 2307 247 37 utredningens
1056 2306 91 30 åsikt
1166 2306 124 30 hinder
1310 2307 29 36 ej
1361 2307 94 29 möta
1475 2307 56 29 för
1549 2307 126 38 Kungl.
1695 2308 104 37 Maj:t

277 2362 51 28 att
349 2361 117 29 såsom
488 2370 42 19 en
551 2359 318 39 övergångsåtgärd
889 2357 130 39 bevilja
1038 2358 124 38 bidrag
1184 2357 54 31 till
1258 2357 120 39 dylika
1399 2357 254 40 anläggningar
1674 2368 42 20 ur
1739 2368 60 20 an-

277 2412 109 38 slaget
405 2411 54 30 till
478 2410 279 40 prisreglerande
777 2409 161 39 åtgärder
956 2409 45 39 på
1019 2408 229 39 jordbrukets
1269 2408 153 30 område.

321 2463 75 29 Vad
417 2462 53 29 till
491 2461 70 29 slut
583 2460 106 39 gäller
711 2460 66 29 den
800 2460 79 29 med
901 2457 214 41 statsbidrag
1136 2458 170 30 avlönade
1326 2458 473 40 kontorsbiträdespersona-
