1862 2818
256 142 39 31 38
648 144 412 31 Konstitutionsutskottets
1081 146 159 29 memorial
1261 146 48 29 Nr
1329 149 47 26 20.

260 228 199 33 framhållas
479 229 13 32 i
511 229 422 35 konstitutionsutskottets
955 231 343 40 dechargememorial,
1320 233 44 37 på
1385 235 70 30 sätt
1474 233 145 39 tidigare
1641 233 89 34 skett
1750 235 12 32 i

259 278 158 34 liknande
438 279 74 33 fall.

303 353 36 40 3)
369 367 42 20 av
430 355 75 32 herr
524 354 190 34 Johansson
733 357 10 31 i
764 356 154 33 Kälkebo
938 357 214 33 beträffande
1171 358 253 38 motiveringen.

973 473 69 32 IL.

302 553 67 33 Vid
389 554 153 36 punkten
561 555 56 32 2:0
636 555 11 32 i
666 555 181 33 utskottets
867 557 185 32 memorial:

305 618 35 40 1)
361 631 42 20 av
422 620 115 32 herrar
552 632 63 20 von
636 621 121 41 Geijer,
779 622 243 40 Reuterskiöld,
1041 624 43 31 N.
1102 624 35 32 S.
1157 624 152 40 Norling,
1329 625 138 39 Larsén,
1485 623 186 43 Åkerberg,
1692 628 68 31 An-

258 668 136 34 dersson
412 671 12 30 i
444 670 171 39 Igelboda,
635 671 163 34 Karlsson
820 673 11 31 i
851 673 172 33 Vadstena
1044 675 60 31 och
1126 674 172 40 Sjöström,
1321 687 69 20 som
1411 677 129 32 anfört:

302 728 49 33 På
387 741 126 20 samma
545 731 91 38 gång
658 732 34 31 vi
716 731 120 33 biträtt
858 732 181 33 utskottets
1063 734 223 38 anmärkning
1308 735 12 31 i
1344 735 106 32 denna
1476 736 117 38 punkt,
1617 736 86 32 hava
1726 737 34 31 vi

256 780 72 32 icke
353 780 130 33 kunnat
508 782 176 32 underlåta
709 786 50 29 att
785 783 132 38 påyrka
942 784 281 38 anmärkningens
1249 785 240 32 utsträckande
1516 791 82 27 även
1626 787 54 31 till
1705 787 54 33 det

257 830 221 41 förhållande,
504 835 51 29 att
580 832 266 39 föredraganden
871 833 169 39 tillstyrkt
1062 835 192 32 införandet
1276 836 11 31 i
1314 836 45 33 K.
1384 836 45 32 K.
1454 837 40 31 26
1519 837 63 37 juli
1608 838 83 32 1927
1718 850 41 20 av

256 880 257 41 bestämmelser,
537 894 68 21 som
629 883 113 32 kunna
764 884 159 32 innebära
947 888 47 28 ett
1017 885 200 38 ingripande
1240 886 12 31 i
1276 885 199 39 riksdagens
1499 887 259 33 ensambeskatt-

255 931 204 40 ningsmakt,
485 933 169 38 nämligen
679 934 12 31 i
716 934 105 38 sagda
844 934 215 39 kungörelses
1086 935 18 39 8
1131 937 51 38 10,
1207 936 147 38 jämförd
1378 937 74 32 med
1477 937 156 38 gällande
1659 942 98 28 stäm-

253 982 254 40 pelförordning
529 996 42 20 av
594 986 39 31 19
656 985 174 32 november
854 987 95 31 1914.

298 1032 147 33 Jämlikt
473 1034 382 39 stämpelförordningen
885 1035 89 33 skall
1001 1036 188 38 expedition
1218 1037 76 32 från
1323 1038 199 38 myndighet
1549 1039 106 32 förses
1685 1040 71 32 med

256 1084 140 38 stämpel
420 1085 11 30 i
458 1085 145 38 enlighet
628 1086 73 32 med
726 1098 38 20 en
788 1087 12 30 i
826 1086 256 39 förordningens
1108 1089 19 31 3
1155 1087 18 39 8
1198 1091 170 35 upptagen
1395 1089 113 39 tariff,
1535 1101 68 20 som
1630 1090 11 31 i
1667 1090 90 32 vissa

253 1132 65 32 fall
341 1133 199 33 förutsätter
564 1134 196 40 skyldighet
784 1136 53 32 för
862 1136 130 33 enskild
1015 1140 50 29 att
1089 1137 71 32 lösa
1183 1138 187 38 expedition
1393 1139 61 32 och
1478 1139 118 33 därvid
1618 1140 138 38 erlägga

254 1184 298 39 stämpelavgiften
577 1185 91 40 därå,
692 1187 11 31 i
726 1187 104 32 andra
856 1187 64 32 fall
944 1188 71 32 åter
1039 1189 117 32 endast
1180 1189 204 32 föreskriver
1409 1190 349 39 stämpelbeläggning

253 1234 20 31 å
300 1234 199 40 expedition,
527 1247 68 20 som
623 1236 148 38 begäres.
823 1236 243 40 Skyldigheten
1094 1242 51 28 att
1172 1238 138 39 erlägga
1336 1240 259 38 stämpelavgift
1622 1246 37 27 är
1683 1242 74 32 med

254 1284 105 32 andra
385 1285 59 32 ord
467 1285 72 33 icke
565 1286 202 33 omedelbart
794 1287 152 39 reglerad
970 1300 116 26 genom
1113 1289 383 39 stämpelförordningen
1523 1291 97 40 själv,
1644 1292 113 32 vilken

253 1333 184 39 begränsar
456 1336 52 38 sig
528 1336 54 32 till
603 1337 215 32 föreskrifter
838 1350 52 20 om
912 1339 346 38 stämpelbeläggning
1280 1341 19 31 å
1318 1340 182 33 utfärdade
1521 1341 236 39 expeditioner,

255 1386 117 32 varvid
387 1386 99 33 alltid
501 1387 208 40 förutsättes,
726 1392 60 35 att,
802 1401 51 19 om
870 1390 60 31 och
946 1390 36 31 så
998 1394 93 27 snart
1106 1391 11 30 i
1135 1390 236 38 förordningen
1388 1391 220 33 omförmälda
1625 1392 131 38 expedi-

253 1434 69 32 tion
342 1436 183 40 utfärdats,
549 1437 190 33 densamma
760 1438 101 32 också
882 1438 88 32 skall
992 1440 43 37 på
1057 1443 68 29 sätt
1145 1440 60 32 och
1226 1441 12 31 i
1260 1441 37 32 de
1319 1441 65 31 fall
1408 1441 238 39 förordningen
1669 1443 87 32 stad-

253 1497 62 26 gar
338 1486 317 39 stämpelbeläggas.

297 1536 53 31 En
374 1537 206 38 expeditions
603 1538 203 33 utfärdande
830 1539 148 39 innebär,
1003 1543 50 29 att
1076 1540 62 32 den
1162 1540 176 39 skriftliga
1362 1542 144 40 urkund,
1529 1543 73 32 vari
1626 1544 130 38 expedi-

252 1585 111 32 tionen
385 1587 196 40 innefattas,
601 1588 273 38 iordningställes
897 1590 60 31 och
979 1590 177 39 behörigen
1177 1591 259 40 undertecknas;
1456 1593 220 33 utfärdandet
1696 1594 61 32 har

253 1635 141 33 sålunda
416 1637 89 33 skett
526 1638 12 31 i
561 1638 60 32 och
643 1639 73 32 med
739 1639 247 38 expeditionens
1008 1641 294 40 underskrivande,
1327 1647 84 27 även
1433 1654 51 21 om
1507 1643 109 38 själva
1637 1644 118 32 utläm-

253 1687 122 32 nandet
404 1688 55 31 till
488 1688 244 33 vederbörande
762 1689 108 33 skulle
901 1690 201 34 verkställas
1134 1692 57 32 vid
1220 1704 37 20 en
1290 1704 115 21 senare
1437 1694 169 38 tidpunkt.
1660 1694 96 33 Skall

253 1737 349 40 stämpelbeläggning
628 1744 65 33 äga
718 1752 82 27 rum,
825 1740 59 32 bör
908 1741 189 33 densamma
1124 1742 58 32 ske
1206 1743 12 31 i
1242 1743 160 33 samband
1428 1744 74 32 med
1526 1744 229 33 utfärdandet.

253 1786 211 34 Utfärdande
482 1789 72 31 åter
570 1801 43 20 av
631 1790 189 38 expedition
839 1791 77 32 sker
934 1795 82 29 utan
1034 1792 147 38 begäran
1200 1793 12 31 i
1232 1793 37 32 de
1287 1793 75 39 fall,
1381 1794 42 32 då
1443 1794 178 33 föreskrift
1640 1796 114 38 givits,

252 1841 52 28 att
328 1838 203 33 utfärdande
557 1839 89 33 skall
672 1840 58 32 ske
754 1841 81 32 eller
860 1845 51 28 att
936 1842 231 38 expeditionen
1193 1843 88 32 skall
1307 1844 100 39 lösas,
1432 1849 149 28 varemot
1605 1846 12 31 i
1644 1846 112 38 övrigt

252 1888 75 31 med
348 1888 221 33 utfärdandet
590 1892 125 37 anstår,
737 1891 71 33 tills
831 1892 244 33 vederbörande
1098 1894 186 32 framställt
1305 1895 148 38 begäran
1477 1896 127 38 därom:
1629 1897 12 30 i
1664 1896 92 32 förra

252 1938 99 32 fallet
371 1939 171 34 tillställes
564 1941 61 32 den
645 1941 180 33 utfärdade
844 1943 231 37 expeditionen
1094 1944 254 41 vederbörande,
1368 1957 70 20 som
1459 1946 117 32 därvid
1598 1951 82 27 även
1701 1959 53 20 av-

251 1988 120 33 kräves
400 1990 61 32 den
487 1991 266 41 stämpelavgift,
777 1993 137 32 varmed
941 1994 230 38 expeditionen
1195 1994 67 33 kan
1287 2007 82 20 vara
1393 1995 132 40 belagd,
1550 2000 129 29 oavsett
1704 2009 50 20 om

251 2038 66 32 han
335 2040 62 31 vill
417 2040 126 33 erhålla
564 2041 242 41 expeditionen,
827 2043 12 31 i
860 2043 54 33 det
934 2055 113 21 senare
1067 2044 149 33 däremot
1234 2045 66 32 kan
1321 2046 60 32 och
1403 2046 59 32 bör
1482 2047 73 32 med
1575 2047 108 38 själva
1704 2051 50 28 ut-

252 2089 180 33 färdandet
450 2092 107 38 anstå,
578 2092 72 32 tills
671 2092 243 33 vederbörande
936 2094 147 33 anmäler
1104 2095 52 38 sig
1175 2095 54 32 till
1250 2096 72 32 dess
1344 2096 192 33 erhållande
1555 2098 60 31 och
1634 2098 119 32 utläm-

250 2139 123 33 nandet
391 2141 101 32 alltså
509 2142 202 33 omedelbart
729 2143 66 32 kan
813 2148 65 34 äga
897 2156 71 20 rum
986 2149 67 28 mot
1070 2145 203 39 erläggande
1292 2158 42 20 av
1351 2146 45 32 bl.
1413 2159 31 21 a.
1461 2148 121 37 påförd
1600 2148 153 38 stämpel-

250 2190 124 38 avgift.

295 2240 54 32 Då
371 2242 299 39 stämpelavgiften
691 2248 99 34 utgör
812 2257 39 20 en
873 2257 42 20 av
937 2245 179 39 riksdagen
1138 2247 122 38 åtagen
1283 2247 196 39 bevillning,
1503 2260 67 20 som
1593 2248 88 33 skall
1703 2252 50 29 ut-

251 2295 98 33 göras
371 2303 42 21 av
436 2292 67 33 alla
526 2293 82 40 dem,
629 2293 94 34 vilka
746 2295 162 38 frivilligt
930 2296 118 38 begärt
1069 2297 81 32 eller
1170 2297 149 39 lagligen
1340 2302 58 28 äro
1421 2298 160 39 skyldiga
1601 2302 51 29 att
1672 2303 81 28 mot-

251 2343 83 35 taga
351 2342 91 32 vissa
460 2343 182 33 utfärdade
666 2345 236 39 expeditioner,
922 2346 109 38 ligger
1052 2348 55 31 det
1127 2348 11 31 i
1159 2348 118 32 sakens
1297 2352 110 35 natur,
1428 2353 51 28 att
1499 2354 81 28 även
1602 2349 151 39 skyldig-

250 2390 96 33 heten
367 2396 51 29 att
438 2397 149 35 mottaga
609 2395 118 38 dylika
749 2396 227 38 expeditioner
997 2397 94 32 beror
1113 2410 43 20 av
1178 2398 196 39 riksdagens
1397 2399 183 40 samtycke,
1600 2412 80 20 vare
1701 2401 53 37 sig

251 2441 91 33 detta
361 2443 104 37 givits
485 2456 115 26 genom
622 2446 172 38 samtycke
814 2447 54 32 till
889 2447 85 33 visst
994 2448 243 39 lagstadgande
1258 2449 113 32 därom
1392 2450 81 32 eller
1492 2451 43 37 på
1554 2454 102 29 annat
1675 2454 78 29 sätt.
