1876 2822
483 152 412 28 Konstilutionsutskollets
916 153 158 28 memorial
1097 154 47 27 Nr
1164 156 46 26 20.
1580 155 17 29 9

95 247 43 19 nu
160 236 60 31 den
242 235 178 32 utnämnde
505 236 112 31 vilken
638 236 111 37 aldrig
771 236 154 32 innehaft
947 237 81 31 fullt
1051 237 224 37 självständig
1297 237 201 39 befattning,
1520 243 76 27 utan

95 277 110 32 städse
226 278 77 31 haft
321 281 51 28 att
390 278 207 31 underställa
616 278 50 31 sin
687 282 221 33 postmästare
929 278 69 32 alla
1018 280 210 36 avgöranden
1250 293 42 18 av
1311 280 209 37 betydenhet.
1540 282 57 31 och

95 331 67 20 som
187 320 111 37 aldrig
324 320 76 31 haft
425 321 50 30 sin
501 320 212 32 verksamhet
738 321 138 31 inställd
903 323 42 36 på
970 322 60 31 den
1055 322 147 37 verkligt
1226 324 229 31 ansvarsfulla
1481 324 51 30 del
1558 336 39 19 av

94 362 221 37 postiljänsten
337 374 67 19 som
423 374 38 19 en
482 366 222 33 postmiistare
722 363 60 31 har
800 367 50 27 att
869 367 111 34 utöva,
1000 364 88 31 skall
1107 376 81 20 vara
1207 365 9 30 i
1236 365 97 31 stånd
1353 370 50 26 att
1420 370 81 27 utan
1520 366 79 37 lång

94 404 274 37 utvecklingstid,
388 405 101 31 minst
510 408 47 28 ett
577 417 61 25 par
657 406 48 37 år,
726 408 159 36 prestera,
905 406 65 31 vad
990 418 67 19 som
1080 406 132 32 fordras
1234 407 52 31 för
1307 419 37 19 en
1364 412 234 32 postmistare-

95 446 104 36 tjänst
216 458 42 19 av
276 447 60 31 den
355 447 169 37 betydelse
546 447 371 37 Hudiksvallstjänsten
935 448 70 32 har.
1048 449 63 30 At
1130 449 60 30 den
1210 450 178 31 utnämnde
1406 450 60 31 har
1485 451 37 30 så
1540 451 58 30 och

95 499 36 19 så
149 488 121 37 många
290 489 55 31 års
364 488 189 39 tillfälliga,
571 489 98 31 korta
688 489 255 39 förordnanden,
964 491 60 30 och
1043 490 89 31 detta
1152 491 54 30 till
1225 491 227 38 huvudsaklig
1472 492 52 31 del
1543 493 56 30 vid

96 529 341 39 Stockholmskontor,
465 530 67 31 kan
561 531 28 37 ej
619 531 104 37 borga
751 532 54 30 för
832 535 51 28 att
909 531 132 37 verklig
1068 533 416 37 postmiästarekompetens
1514 534 83 31 före-

95 571 120 39 finnes,
237 575 129 28 oavsett
388 584 43 19 nu
452 573 116 36 övriga
588 573 134 31 meriter
741 573 11 31 i
773 574 103 30 andra
896 574 193 32 avseenden.

139 612 75 33 Som
236 614 91 31 bevis
352 614 104 37 härpå
478 614 66 31 kan
567 614 58 38 jag
647 615 119 31 anföra
788 619 48 27 ett
858 620 80 26 nära
960 616 54 31 till
1038 616 104 31 hands
1165 617 159 37 liggande
1348 618 157 37 exempel.
1550 618 45 31 På

95 655 221 33 förordnande
335 656 70 37 just
424 657 20 31 å
462 657 371 37 postmästaretjinsten
853 658 10 30 i
884 657 205 33 Hudiksvall
1108 659 61 30 har
1189 659 101 31 sedan
1310 660 58 30 den
1391 661 15 30 1
1427 660 67 36 maj
1515 661 82 31 1922

93 697 54 31 till
166 698 152 32 sistlidne
336 698 71 37 juni
425 699 138 32 månads
580 699 130 38 utgång
729 700 43 37 på
790 700 222 31 förordnande
1031 701 158 37 fungerat
1208 713 39 19 en
1267 702 153 31 därförut
1438 703 57 30 vid
1511 706 87 34 post-

94 740 152 32 kontoret
273 741 11 31 i
312 741 110 38 Visby
446 742 148 31 anställd
619 742 196 32 kontrollör.
864 743 69 37 Jag
961 742 92 32 sökte
1081 744 175 37 samtidigt
1283 756 66 20 som
1379 745 62 31 han
1472 745 125 32 förord-

94 782 131 39 nandet,
246 795 72 19 men
339 783 65 32 han
426 783 70 32 fick
519 784 193 38 detsamma,
735 784 69 32 dels
826 784 115 33 därför
962 788 51 29 att
1032 786 64 30 han
1116 798 61 19 var
1199 787 17 30 5
1238 787 38 30 år
1298 786 91 32 äldre
1409 787 11 31 i
1442 787 156 36 tjänsten.

91 823 69 32 dels
179 823 111 33 kunde
306 825 142 37 uppvisa
466 830 77 27 över
561 826 56 31 två
637 827 54 31 års
707 846 45 2 —
770 831 81 27 även
871 827 102 38 långa
990 847 43 3 ——
1051 828 245 32 förordnanden
1316 829 19 31 å
1354 829 144 31 nämnda
1517 829 78 32 kon-

94 870 68 28 tors
185 867 330 37 postmästaretjänst
536 880 42 19 av
598 867 93 33 klass
716 870 28 36 1,
766 869 104 31 under
891 869 54 32 det
966 869 228 37 postkontoret
1215 871 11 46 i
1249 866 205 56 Hudiksvall
1478 872 40 31 då
1539 883 60 19 var

93 921 41 19 av
155 909 47 31 kl.
224 910 29 30 2.
298 910 55 31 Nu
374 910 61 30 har
455 910 55 31 det
529 911 90 31 visat
640 911 62 37 sig,
724 895 51 47 att
795 911 379 38 generalpoststyrelsen
1196 912 30 38 ej
1247 916 110 28 ansell
1377 913 53 38 sig
1449 933 45 3 —
1513 917 83 28 trots

94 950 61 31 den
179 950 273 33 tillförordnades
477 951 115 32 försök
616 956 51 27 att
690 951 317 33 tillfredsställande
1030 953 95 32 sköta
1150 954 147 37 tjänsten
1318 974 44 3 —
1383 954 113 32 kunna
1520 955 77 32 kon-

94 993 140 32 slituera
253 993 118 32 honom
392 993 70 32 där.

137 1034 49 32 På
209 1036 109 36 grund
339 1047 42 20 av
403 1048 39 19 en
464 1035 126 32 önskan
615 1039 51 29 att
687 1037 12 31 i
721 1036 191 38 möjligaste
928 1038 81 51 mån
1031 1038 130 32 minska
1182 1038 213 33 kostnaden
1382 1034 21 47 i
1423 1040 100 37 fråga
1547 1051 50 35 om

93 1077 219 38 tjänstemäns
333 1078 246 32 traktamenten
601 1079 54 31 för
675 1079 228 38 tjänstgöring
925 1080 19 31 å
964 1091 109 20 annan
1095 1084 60 35 ort,
1179 1085 37 27 är
1239 1081 54 32 det
1315 1093 135 20 numera
1472 1081 125 38 praxis,

91 1123 50 28 att
162 1120 105 32 förste
285 1121 273 37 postassistenter
577 1121 60 32 och
656 1121 221 33 kontrollörer
896 1122 57 32 vid
972 1108 237 52 postkontoren
1229 1123 147 33 tilldelas
1398 1123 112 38 lediga
1531 1124 66 32 för-

93 1162 190 32 ordnanden
302 1163 56 32 vid
378 1163 38 32 de
435 1163 206 39 postkontor,
662 1164 60 32 där
742 1164 38 32 de
801 1169 56 27 äro
877 1165 179 32 anställda.
1098 1165 147 32 Därmed
1265 1166 61 31 har
1346 1166 54 32 det
1419 1166 29 38 ej
1469 1166 128 32 kunnat

92 1205 140 38 undgås,
252 1209 51 28 att
324 1205 95 32 dessa
439 1205 203 38 tjänstemän
662 1207 251 32 övermeriteras
932 1207 12 31 i
965 1207 210 32 förhållande
1195 1208 54 31 till
1269 1211 247 34 postmästarna
1537 1208 60 32 och

92 1247 117 32 därför
224 1248 43 37 på
284 1248 108 37 grund
408 1260 42 20 av
467 1249 282 37 pappersmeriter
765 1249 72 32 ofta
855 1250 37 31 få
910 1250 168 32 företräde
1094 1250 57 32 vid
1169 1251 238 37 utnämningar
1424 1251 54 32 till
1495 1252 101 37 högre

93 1289 115 38 tjänst.
248 1289 103 33 Detta
368 1290 295 32 missförhållande
680 1291 62 31 har
758 1302 65 26 nog
840 1290 166 39 beaktats,
1023 1303 73 20 men
1113 1292 110 37 någon
1241 1292 146 32 effektiv
1404 1293 122 37 åtgärd
1544 1293 54 31 till

92 1331 183 33 hindrande
299 1344 42 19 av
365 1344 39 20 en
429 1332 104 31 sådan
558 1332 106 38 farlig
687 1332 284 38 befordringsväg
994 1333 61 32 har
1080 1338 87 27 ännu
1192 1334 30 37 ej
1248 1334 174 38 vidtagits.
1472 1334 63 33 Att
1560 1335 37 32 så

91 1373 147 32 kommer
258 1377 51 28 att
330 1374 67 38 ske,
418 1379 37 27 är
475 1374 84 32 dock
580 1374 238 38 otvivelaktigt
838 1375 59 32 och
919 1375 113 32 säkert
1052 1376 216 39 nödvändigt,
1289 1379 40 35 ty
1349 1379 247 35 postmästarna

92 1420 56 27 äro
172 1415 189 38 säkerligen
384 1416 39 32 de
445 1421 83 28 mest
552 1416 158 33 skickade
734 1420 51 29 att
807 1420 159 35 övertaga
990 1418 38 31 de
1050 1417 101 38 högre
1175 1419 421 37 postmästaretjänsterna.

92 1457 271 39 Rekryteringen
383 1470 43 20 av
446 1458 72 32 dem
539 1458 123 33 medels
683 1459 202 37 tjänstemän
908 1459 76 32 från
1006 1460 324 37 postdirektionerna
1351 1461 80 32 eller
1451 1461 145 32 kontrol-

92 1500 86 32 lörer
203 1500 57 32 vid
287 1500 236 38 postkontoren
552 1506 37 27 är
615 1513 41 19 ur
682 1501 242 38 posttjänstens
952 1502 60 31 och
1039 1502 125 32 allmän
1191 1502 315 39 intressesynpunkt
1534 1504 62 31 allt

91 1545 91 29 utom
201 1543 115 38 nyttig
335 1543 59 32 och
414 1543 54 32 det
487 1543 169 32 allmänna
675 1543 66 32 blir
760 1544 134 33 lidande
914 1544 114 38 därpå.

137 1585 149 32 Härmed
310 1597 97 20 anser
428 1585 59 38 jag
510 1586 70 38 mig
604 1586 42 31 ha
671 1586 99 38 visat,
795 1589 51 29 att
871 1586 61 32 den
956 1587 196 32 utnämndes
1178 1587 135 32 meriter
1335 1588 54 31 till
1414 1587 146 38 tjänsten
1585 1588 11 31 i

92 1627 100 38 fråga
211 1632 57 27 äro
287 1628 225 37 underlägsna
531 1628 90 31 mina
641 1629 60 31 och
720 1628 30 38 ej
770 1628 104 32 heller
893 1629 54 31 till
967 1628 119 38 fyllest
1105 1629 53 32 för
1179 1629 105 33 denna
1304 1630 115 37 tjänst.
1462 1630 133 32 Beträf-

92 1670 101 32 fande
213 1670 90 31 mina
324 1682 84 26 egna
429 1670 135 32 meriter
584 1671 11 31 i
617 1671 111 37 övrigt
749 1670 55 32 får
824 1670 59 38 jag
903 1671 11 31 i
935 1671 265 38 underdånighet
1221 1671 140 33 hänvisa
1383 1672 54 32 till
1459 1672 137 37 tjänste-

92 1711 265 40 förteckningen,
379 1724 104 20 varav
504 1712 101 33 bland
627 1717 103 28 annat
751 1712 163 39 framgår,
936 1717 51 28 att
1008 1718 82 27 även
1111 1714 68 31 min
1202 1714 180 32 teoretiska
1403 1714 193 38 utbildning

92 1759 37 26 är
151 1754 195 38 överlägsen
370 1754 60 32 den
453 1755 207 38 utnämndes,
684 1755 121 32 liksom
828 1759 51 28 att
901 1755 58 38 jag
983 1760 81 27 även
1088 1755 61 32 har
1172 1756 105 32 andra
1301 1756 221 38 prestationer
1546 1760 50 28 att

92 1797 153 38 åberopa.

134 1839 266 32 Vidkommande
432 1840 285 37 postdirektörens
749 1841 12 30 i
793 1840 171 32 Mellersta
986 1841 172 32 distriktet
1176 1841 185 39 uttalande,
1382 1841 62 32 vill
1463 1841 69 38 jag,
1555 1842 41 31 då

92 1880 54 33 det
164 1886 38 27 är
219 1881 143 38 möjligt,
381 1885 50 28 att
450 1881 183 32 detsamma
651 1881 87 39 haft,
758 1893 51 20 om
829 1881 29 38 ej
877 1882 189 37 avgörande
1084 1882 171 38 betydelse
1275 1883 53 32 för
1345 1883 249 38 utnämningen,

92 1924 36 31 så
148 1923 83 32 dock
250 1923 205 38 bidragande
474 1924 162 31 inverkan
657 1924 114 39 därpå,
791 1924 11 31 i
821 1924 266 38 underdånighet
1105 1925 118 38 belysa
1243 1925 113 32 halten
1376 1926 114 32 därav.

134 1965 272 33 Postdirektören
427 1970 107 34 säger,
555 1969 51 29 att
626 1966 58 38 jag
706 1971 59 27 »är
785 1978 39 20 en
845 1966 129 38 kunnig
994 1967 60 31 och
1073 1967 205 32 intresserad
1299 1967 202 38 tjänsteman
1522 1967 73 32 med

91 2008 29 38 ej
142 2008 174 38 obetydlig
337 2009 145 38 energi»,
504 2021 73 19 men
599 2009 162 31 tillmäter
782 2009 69 38 mig
874 2009 99 32 sedan
995 2009 216 39 egenskaper,
1234 2010 107 32 såsom
1364 2010 150 32 envishet
1536 2010 60 32 och

90 2050 175 38 oförmåga
284 2054 51 29 att
353 2063 145 26 anpassa
517 2051 70 38 mig
606 2051 88 32 efter
713 2063 39 20 en
771 2063 127 20 annans
919 2051 142 39 mening,
1083 2051 133 33 »vilken
1238 2052 66 32 kan
1322 2064 81 20 vara
1424 2051 108 33 bättre
1554 2057 41 27 än

90 2093 83 32 hans
191 2105 114 26 egen».
345 2093 66 32 Det
429 2098 38 27 är
483 2093 37 38 ju
538 2093 172 39 märkligt,
729 2097 51 28 att
796 2094 66 31 han
881 2093 29 38 ej
929 2094 143 32 bestämt
1090 2099 108 33 säger,
1218 2098 51 28 att
1286 2094 82 32 hans
1387 2094 81 32 eller
1486 2095 109 37 någon

90 2147 126 20 annans
238 2136 134 37 mening
393 2136 90 31 varit
504 2135 120 39 bättre,
647 2136 29 37 ej
700 2136 99 32 anför
821 2136 102 38 något
944 2135 141 33 konkret
1109 2136 63 32 fall
1195 2136 117 38 härpå.
1357 2136 67 33 Det
1446 2136 84 33 hade
1554 2137 41 32 då

89 2178 90 32 varit
198 2178 69 37 mig
288 2178 132 37 möjligt
439 2181 52 29 att
510 2178 111 32 lämna
642 2178 192 38 förklaring
855 2178 114 39 därpå,
990 2178 87 32 helst
1096 2179 59 38 jag
1176 2183 37 27 är
1234 2179 185 38 övertygad
1441 2191 51 20 om
1513 2183 50 28 att
1584 2179 10 31 i

91 2221 35 31 så
148 2220 64 32 fall
233 2220 43 32 ha
298 2220 129 32 kunnat
449 2220 82 33 fullt
553 2221 116 31 rentvå
691 2220 69 39 mig
784 2221 76 31 från
884 2221 94 32 dessa
1001 2220 267 39 beskyllningar.

134 2262 70 39 Jag
229 2263 55 31 får
308 2263 184 32 emellertid
516 2264 43 37 på
583 2263 55 32 det
662 2263 224 33 bestämdaste
909 2267 184 34 protestera
1117 2267 67 28 mot
1208 2263 84 33 hans
1317 2263 183 39 uttalande,
1526 2275 68 21 som

92 2310 37 27 är
157 2305 211 38 fullkomligt
395 2306 160 37 obefogat
581 2306 61 31 och
671 2306 116 32 därför
815 2306 54 31 för
896 2306 70 38 mig
995 2307 37 31 så
1059 2306 135 38 mycket
1223 2318 68 20 mer
1318 2306 205 38 kränkande,
1551 2307 44 37 på

91 2359 125 20 samma
243 2348 91 37 gång
360 2347 58 39 Jag
444 2348 58 31 ber
528 2352 51 28 att
606 2348 36 32 få
668 2348 12 31 i
706 2348 118 38 möjlig
850 2349 76 31 mån
954 2348 118 38 styrka
1099 2348 332 38 ovederhäftigheten
1459 2349 11 31 i
1498 2349 95 32 dessa

91 2390 283 38 postdirektörens
400 2391 180 32 omdömen.
627 2390 71 39 Jag
722 2391 62 32 har
806 2391 106 32 under
935 2391 66 32 min
1026 2403 45 20 nu
1095 2404 70 19 mer
1189 2396 42 27 än
1256 2392 152 38 30-åriga
1432 2391 162 38 tjänstgö-

91 2433 75 37 ring
187 2433 10 31 1
219 2433 193 37 postverket
432 2433 112 38 aldrig
564 2433 78 32 haft
662 2434 94 31 svårt
774 2437 52 28 att
845 2434 189 32 samarbeta
1053 2433 76 32 med
1147 2434 110 38 någon
1278 2434 86 32 chef.
1410 2434 75 32 Med
1506 2438 88 34 post-

91 2474 148 33 direktör
258 2474 138 38 Lannge
414 2475 62 31 har
496 2474 54 32 det
569 2474 29 38 ej
618 2474 105 32 heller
743 2474 212 32 förekommit
975 2487 107 19 annan
1102 2474 196 33 kontrovers
1320 2480 40 27 än
1381 2486 69 21 som
1471 2475 123 32 vållats
