<?xml version="1.0" encoding="UTF-8"?>
<alto xmlns="http://www.loc.gov/standards/alto/ns-v3#" xmlns:xlink="http://www.w3.org/1999/xlink" xmlns:xsi="http://www.w3.org/2001/XMLSchema-instance" xsi:schemaLocation="http://www.loc.gov/standards/alto/ns-v3# http://www.loc.gov/alto/v3/alto-3-0.xsd">
	<Description>
		<MeasurementUnit>pixel</MeasurementUnit>
		<sourceImageInformation>
			<fileName>/tmp/tess_ubyxk5g8_input.PNG</fileName>
		</sourceImageInformation>
		<OCRProcessing ID="OCR_0">
			<ocrProcessingStep>
				<processingSoftware>
					<softwareName>tesseract 5.3.0</softwareName>
				</processingSoftware>
			</ocrProcessingStep>
		</OCRProcessing>
	</Description>
	<Layout>
		<Page WIDTH="1880" HEIGHT="2826" PHYSICAL_IMG_NR="0" ID="page_0">
			<PrintSpace HPOS="0" VPOS="0" WIDTH="1880" HEIGHT="2826">
				<ComposedBlock ID="cblock_0" HPOS="499" VPOS="139" WIDTH="1111" HEIGHT="30">
					<TextBlock ID="block_0" HPOS="499" VPOS="139" WIDTH="1111" HEIGHT="30">
						<TextLine ID="line_0" HPOS="499" VPOS="139" WIDTH="1111" HEIGHT="30">
							<String ID="string_0" HPOS="499" VPOS="139" WIDTH="412" HEIGHT="29" WC="0.79" CONTENT="Konstitutionsutskottets"/><SP WIDTH="22" VPOS="139" HPOS="911"/>
							<String ID="string_1" HPOS="933" VPOS="140" WIDTH="159" HEIGHT="29" WC="0.95" CONTENT="memorial"/><SP WIDTH="23" VPOS="140" HPOS="1092"/>
							<String ID="string_2" HPOS="1115" VPOS="140" WIDTH="47" HEIGHT="28" WC="0.96" CONTENT="Nr"/><SP WIDTH="21" VPOS="140" HPOS="1162"/>
							<String ID="string_3" HPOS="1183" VPOS="142" WIDTH="46" HEIGHT="27" WC="0.96" CONTENT="20."/><SP WIDTH="373" VPOS="142" HPOS="1229"/>
							<String ID="string_4" HPOS="1602" VPOS="141" WIDTH="8" HEIGHT="28" WC="0.54" CONTENT="|"/>
						</TextLine>
					</TextBlock>
				</ComposedBlock>
				<ComposedBlock ID="cblock_1" HPOS="505" VPOS="462" WIDTH="1064" HEIGHT="173">
					<TextBlock ID="block_1" HPOS="505" VPOS="462" WIDTH="1064" HEIGHT="173">
						<TextLine ID="line_1" HPOS="784" VPOS="462" WIDTH="147" HEIGHT="40">
							<String ID="string_5" HPOS="784" VPOS="462" WIDTH="59" HEIGHT="39" WC="0.96" CONTENT="Nr"/><SP WIDTH="26" VPOS="462" HPOS="843"/>
							<String ID="string_6" HPOS="869" VPOS="462" WIDTH="62" HEIGHT="40" WC="0.62" CONTENT="20."/>
						</TextLine>
						<TextLine ID="line_2" HPOS="505" VPOS="601" WIDTH="1064" HEIGHT="34">
							<String ID="string_7" HPOS="505" VPOS="602" WIDTH="117" HEIGHT="27" WC="0.95" CONTENT="Ankom"/><SP WIDTH="24" VPOS="602" HPOS="622"/>
							<String ID="string_8" HPOS="646" VPOS="601" WIDTH="46" HEIGHT="28" WC="0.95" CONTENT="till"/><SP WIDTH="24" VPOS="601" HPOS="692"/>
							<String ID="string_9" HPOS="716" VPOS="602" WIDTH="172" HEIGHT="33" WC="0.96" CONTENT="riksdagens"/><SP WIDTH="25" VPOS="602" HPOS="888"/>
							<String ID="string_10" HPOS="913" VPOS="602" WIDTH="94" HEIGHT="27" WC="0.95" CONTENT="kansli"/><SP WIDTH="24" VPOS="602" HPOS="1007"/>
							<String ID="string_11" HPOS="1031" VPOS="602" WIDTH="56" HEIGHT="27" WC="0.96" CONTENT="den"/><SP WIDTH="27" VPOS="602" HPOS="1087"/>
							<String ID="string_12" HPOS="1114" VPOS="603" WIDTH="36" HEIGHT="26" WC="0.96" CONTENT="26"/><SP WIDTH="26" VPOS="603" HPOS="1150"/>
							<String ID="string_13" HPOS="1176" VPOS="602" WIDTH="72" HEIGHT="33" WC="0.96" CONTENT="april"/><SP WIDTH="26" VPOS="602" HPOS="1248"/>
							<String ID="string_14" HPOS="1274" VPOS="603" WIDTH="79" HEIGHT="26" WC="0.96" CONTENT="1928"/><SP WIDTH="25" VPOS="603" HPOS="1353"/>
							<String ID="string_15" HPOS="1378" VPOS="602" WIDTH="38" HEIGHT="27" WC="0.95" CONTENT="kl."/><SP WIDTH="27" VPOS="602" HPOS="1416"/>
							<String ID="string_16" HPOS="1443" VPOS="604" WIDTH="16" HEIGHT="25" WC="0.91" CONTENT="4"/><SP WIDTH="25" VPOS="604" HPOS="1459"/>
							<String ID="string_17" HPOS="1484" VPOS="612" WIDTH="23" HEIGHT="17" WC="0.87" CONTENT="e."/><SP WIDTH="25" VPOS="612" HPOS="1507"/>
							<String ID="string_18" HPOS="1532" VPOS="612" WIDTH="37" HEIGHT="17" WC="0.90" CONTENT="m."/>
						</TextLine>
					</TextBlock>
				</ComposedBlock>
				<ComposedBlock ID="cblock_2" HPOS="327" VPOS="721" WIDTH="1282" HEIGHT="90">
					<TextBlock ID="block_2" HPOS="327" VPOS="721" WIDTH="1282" HEIGHT="90">
						<TextLine ID="line_3" HPOS="327" VPOS="721" WIDTH="1282" HEIGHT="40">
							<String ID="string_19" HPOS="327" VPOS="721" WIDTH="436" HEIGHT="33" WC="0.90" CONTENT="Konstitutionsutskottets"/><SP WIDTH="23" VPOS="721" HPOS="763"/>
							<String ID="string_20" HPOS="786" VPOS="722" WIDTH="172" HEIGHT="32" WC="0.96" CONTENT="memorial"/><SP WIDTH="26" VPOS="722" HPOS="958"/>
							<String ID="string_21" HPOS="984" VPOS="722" WIDTH="171" HEIGHT="39" WC="0.96" CONTENT="angående"/><SP WIDTH="27" VPOS="722" HPOS="1155"/>
							<String ID="string_22" HPOS="1182" VPOS="723" WIDTH="193" HEIGHT="38" WC="0.96" CONTENT="fullbordad"/><SP WIDTH="28" VPOS="723" HPOS="1375"/>
							<String ID="string_23" HPOS="1403" VPOS="723" WIDTH="206" HEIGHT="38" WC="0.96" CONTENT="granskning"/>
						</TextLine>
						<TextLine ID="line_4" HPOS="546" VPOS="772" WIDTH="645" HEIGHT="39">
							<String ID="string_24" HPOS="546" VPOS="784" WIDTH="41" HEIGHT="20" WC="0.96" CONTENT="av"/><SP WIDTH="19" VPOS="784" HPOS="587"/>
							<String ID="string_25" HPOS="606" VPOS="772" WIDTH="39" HEIGHT="32" WC="0.96" CONTENT="de"/><SP WIDTH="18" VPOS="772" HPOS="645"/>
							<String ID="string_26" HPOS="663" VPOS="775" WIDTH="11" HEIGHT="29" WC="0.96" CONTENT="i"/><SP WIDTH="19" VPOS="775" HPOS="674"/>
							<String ID="string_27" HPOS="693" VPOS="773" WIDTH="183" HEIGHT="32" WC="0.96" CONTENT="statsrådet"/><SP WIDTH="19" VPOS="773" HPOS="876"/>
							<String ID="string_28" HPOS="895" VPOS="773" WIDTH="100" HEIGHT="38" WC="0.96" CONTENT="förda"/><SP WIDTH="18" VPOS="773" HPOS="995"/>
							<String ID="string_29" HPOS="1013" VPOS="773" WIDTH="178" HEIGHT="38" WC="0.95" CONTENT="protokoll."/>
						</TextLine>
					</TextBlock>
				</ComposedBlock>
				<ComposedBlock ID="cblock_3" HPOS="101" VPOS="871" WIDTH="1507" HEIGHT="1609">
					<TextBlock ID="block_3" HPOS="103" VPOS="871" WIDTH="1505" HEIGHT="141">
						<TextLine ID="line_5" HPOS="148" VPOS="871" WIDTH="1460" HEIGHT="41">
							<String ID="string_30" HPOS="148" VPOS="872" WIDTH="68" HEIGHT="32" WC="0.93" CONTENT="Till"/><SP WIDTH="24" VPOS="872" HPOS="216"/>
							<String ID="string_31" HPOS="240" VPOS="871" WIDTH="407" HEIGHT="33" WC="0.92" CONTENT="konstitutionsutskottet"/><SP WIDTH="23" VPOS="871" HPOS="647"/>
							<String ID="string_32" HPOS="670" VPOS="873" WIDTH="87" HEIGHT="31" WC="0.96" CONTENT="hava"/><SP WIDTH="25" VPOS="873" HPOS="757"/>
							<String ID="string_33" HPOS="782" VPOS="873" WIDTH="43" HEIGHT="38" WC="0.96" CONTENT="på"/><SP WIDTH="23" VPOS="873" HPOS="825"/>
							<String ID="string_34" HPOS="848" VPOS="873" WIDTH="114" HEIGHT="32" WC="0.96" CONTENT="därom"/><SP WIDTH="24" VPOS="873" HPOS="962"/>
							<String ID="string_35" HPOS="986" VPOS="873" WIDTH="98" HEIGHT="38" WC="0.96" CONTENT="gjord"/><SP WIDTH="24" VPOS="873" HPOS="1084"/>
							<String ID="string_36" HPOS="1108" VPOS="873" WIDTH="255" HEIGHT="39" WC="0.96" CONTENT="framställning"/><SP WIDTH="23" VPOS="873" HPOS="1363"/>
							<String ID="string_37" HPOS="1386" VPOS="873" WIDTH="222" HEIGHT="33" WC="0.95" CONTENT="överlämnats"/>
						</TextLine>
						<TextLine ID="line_6" HPOS="103" VPOS="922" WIDTH="1503" HEIGHT="39">
							<String ID="string_38" HPOS="103" VPOS="923" WIDTH="39" HEIGHT="32" WC="0.96" CONTENT="de"/><SP WIDTH="20" VPOS="923" HPOS="142"/>
							<String ID="string_39" HPOS="162" VPOS="923" WIDTH="107" HEIGHT="32" WC="0.96" CONTENT="under"/><SP WIDTH="19" VPOS="923" HPOS="269"/>
							<String ID="string_40" HPOS="288" VPOS="922" WIDTH="90" HEIGHT="33" WC="0.96" CONTENT="tiden"/><SP WIDTH="25" VPOS="922" HPOS="378"/>
							<String ID="string_41" HPOS="403" VPOS="922" WIDTH="77" HEIGHT="32" WC="0.96" CONTENT="från"/><SP WIDTH="22" VPOS="922" HPOS="480"/>
							<String ID="string_42" HPOS="502" VPOS="922" WIDTH="60" HEIGHT="32" WC="0.96" CONTENT="och"/><SP WIDTH="22" VPOS="922" HPOS="562"/>
							<String ID="string_43" HPOS="584" VPOS="923" WIDTH="74" HEIGHT="32" WC="0.96" CONTENT="med"/><SP WIDTH="21" VPOS="923" HPOS="658"/>
							<String ID="string_44" HPOS="679" VPOS="923" WIDTH="62" HEIGHT="32" WC="0.95" CONTENT="den"/><SP WIDTH="25" VPOS="923" HPOS="741"/>
							<String ID="string_45" HPOS="766" VPOS="924" WIDTH="40" HEIGHT="31" WC="0.95" CONTENT="10"/><SP WIDTH="23" VPOS="924" HPOS="806"/>
							<String ID="string_46" HPOS="829" VPOS="923" WIDTH="134" HEIGHT="38" WC="0.96" CONTENT="januari"/><SP WIDTH="25" VPOS="923" HPOS="963"/>
							<String ID="string_47" HPOS="988" VPOS="924" WIDTH="83" HEIGHT="31" WC="0.96" CONTENT="1927"/><SP WIDTH="25" VPOS="924" HPOS="1071"/>
							<String ID="string_48" HPOS="1096" VPOS="923" WIDTH="55" HEIGHT="32" WC="0.96" CONTENT="till"/><SP WIDTH="22" VPOS="923" HPOS="1151"/>
							<String ID="string_49" HPOS="1173" VPOS="923" WIDTH="60" HEIGHT="33" WC="0.96" CONTENT="och"/><SP WIDTH="21" VPOS="923" HPOS="1233"/>
							<String ID="string_50" HPOS="1254" VPOS="924" WIDTH="74" HEIGHT="32" WC="0.96" CONTENT="med"/><SP WIDTH="23" VPOS="924" HPOS="1328"/>
							<String ID="string_51" HPOS="1351" VPOS="924" WIDTH="61" HEIGHT="32" WC="0.96" CONTENT="den"/><SP WIDTH="22" VPOS="924" HPOS="1412"/>
							<String ID="string_52" HPOS="1434" VPOS="925" WIDTH="19" HEIGHT="31" WC="0.96" CONTENT="9"/><SP WIDTH="22" VPOS="925" HPOS="1453"/>
							<String ID="string_53" HPOS="1475" VPOS="924" WIDTH="131" HEIGHT="37" WC="0.96" CONTENT="januari"/>
						</TextLine>
						<TextLine ID="line_7" HPOS="106" VPOS="973" WIDTH="914" HEIGHT="39">
							<String ID="string_54" HPOS="106" VPOS="974" WIDTH="84" HEIGHT="32" WC="0.94" CONTENT="1928"/><SP WIDTH="19" VPOS="974" HPOS="190"/>
							<String ID="string_55" HPOS="209" VPOS="974" WIDTH="12" HEIGHT="31" WC="0.95" CONTENT="i"/><SP WIDTH="20" VPOS="974" HPOS="221"/>
							<String ID="string_56" HPOS="241" VPOS="974" WIDTH="182" HEIGHT="32" WC="0.95" CONTENT="statsrådet"/><SP WIDTH="19" VPOS="974" HPOS="423"/>
							<String ID="string_57" HPOS="442" VPOS="973" WIDTH="97" HEIGHT="32" WC="0.96" CONTENT="förda"/><SP WIDTH="19" VPOS="973" HPOS="539"/>
							<String ID="string_58" HPOS="558" VPOS="973" WIDTH="177" HEIGHT="39" WC="0.96" CONTENT="protokoll,"/><SP WIDTH="19" VPOS="973" HPOS="735"/>
							<String ID="string_59" HPOS="754" VPOS="974" WIDTH="169" HEIGHT="38" WC="0.96" CONTENT="nämligen"/><SP WIDTH="19" VPOS="974" HPOS="923"/>
							<String ID="string_60" HPOS="942" VPOS="979" WIDTH="78" HEIGHT="27" WC="0.96" CONTENT="över"/>
						</TextLine>
					</TextBlock>
					<TextBlock ID="block_4" HPOS="103" VPOS="1023" WIDTH="1503" HEIGHT="89">
						<TextLine ID="line_8" HPOS="146" VPOS="1023" WIDTH="1460" HEIGHT="39">
							<String ID="string_61" HPOS="146" VPOS="1023" WIDTH="521" HEIGHT="39" WC="0.62" CONTENT="justiliedepartementsärenden"/><SP WIDTH="22" VPOS="1023" HPOS="667"/>
							<String ID="string_62" HPOS="689" VPOS="1023" WIDTH="77" HEIGHT="32" WC="0.96" CONTENT="från"/><SP WIDTH="23" VPOS="1023" HPOS="766"/>
							<String ID="string_63" HPOS="789" VPOS="1023" WIDTH="61" HEIGHT="33" WC="0.96" CONTENT="och"/><SP WIDTH="20" VPOS="1023" HPOS="850"/>
							<String ID="string_64" HPOS="870" VPOS="1024" WIDTH="74" HEIGHT="32" WC="0.96" CONTENT="med"/><SP WIDTH="22" VPOS="1024" HPOS="944"/>
							<String ID="string_65" HPOS="966" VPOS="1024" WIDTH="61" HEIGHT="32" WC="0.96" CONTENT="den"/><SP WIDTH="25" VPOS="1024" HPOS="1027"/>
							<String ID="string_66" HPOS="1052" VPOS="1025" WIDTH="38" HEIGHT="31" WC="0.96" CONTENT="11"/><SP WIDTH="24" VPOS="1025" HPOS="1090"/>
							<String ID="string_67" HPOS="1114" VPOS="1024" WIDTH="134" HEIGHT="38" WC="0.96" CONTENT="januari"/><SP WIDTH="24" VPOS="1024" HPOS="1248"/>
							<String ID="string_68" HPOS="1272" VPOS="1025" WIDTH="83" HEIGHT="32" WC="0.95" CONTENT="1927"/><SP WIDTH="23" VPOS="1025" HPOS="1355"/>
							<String ID="string_69" HPOS="1378" VPOS="1024" WIDTH="55" HEIGHT="32" WC="0.95" CONTENT="till"/><SP WIDTH="21" VPOS="1024" HPOS="1433"/>
							<String ID="string_70" HPOS="1454" VPOS="1025" WIDTH="60" HEIGHT="32" WC="0.96" CONTENT="och"/><SP WIDTH="20" VPOS="1025" HPOS="1514"/>
							<String ID="string_71" HPOS="1534" VPOS="1025" WIDTH="72" HEIGHT="32" WC="0.96" CONTENT="med"/>
						</TextLine>
						<TextLine ID="line_9" HPOS="103" VPOS="1074" WIDTH="376" HEIGHT="38">
							<String ID="string_72" HPOS="103" VPOS="1074" WIDTH="62" HEIGHT="32" WC="0.96" CONTENT="den"/><SP WIDTH="19" VPOS="1074" HPOS="165"/>
							<String ID="string_73" HPOS="184" VPOS="1076" WIDTH="21" HEIGHT="30" WC="0.96" CONTENT="4"/><SP WIDTH="20" VPOS="1076" HPOS="205"/>
							<String ID="string_74" HPOS="225" VPOS="1074" WIDTH="134" HEIGHT="38" WC="0.96" CONTENT="januari"/><SP WIDTH="20" VPOS="1074" HPOS="359"/>
							<String ID="string_75" HPOS="379" VPOS="1075" WIDTH="100" HEIGHT="37" WC="0.96" CONTENT="1928;"/>
						</TextLine>
					</TextBlock>
					<TextBlock ID="block_5" HPOS="102" VPOS="1124" WIDTH="1504" HEIGHT="89">
						<TextLine ID="line_10" HPOS="146" VPOS="1124" WIDTH="1460" HEIGHT="39">
							<String ID="string_76" HPOS="146" VPOS="1125" WIDTH="275" HEIGHT="38" WC="0.90" CONTENT="justitieärenden"/><SP WIDTH="20" VPOS="1125" HPOS="421"/>
							<String ID="string_77" HPOS="441" VPOS="1124" WIDTH="78" HEIGHT="32" WC="0.96" CONTENT="från"/><SP WIDTH="18" VPOS="1124" HPOS="519"/>
							<String ID="string_78" HPOS="537" VPOS="1125" WIDTH="60" HEIGHT="32" WC="0.96" CONTENT="och"/><SP WIDTH="18" VPOS="1125" HPOS="597"/>
							<String ID="string_79" HPOS="615" VPOS="1125" WIDTH="73" HEIGHT="32" WC="0.96" CONTENT="med"/><SP WIDTH="19" VPOS="1125" HPOS="688"/>
							<String ID="string_80" HPOS="707" VPOS="1125" WIDTH="61" HEIGHT="32" WC="0.96" CONTENT="den"/><SP WIDTH="18" VPOS="1125" HPOS="768"/>
							<String ID="string_81" HPOS="786" VPOS="1126" WIDTH="41" HEIGHT="32" WC="0.96" CONTENT="28"/><SP WIDTH="18" VPOS="1126" HPOS="827"/>
							<String ID="string_82" HPOS="845" VPOS="1125" WIDTH="133" HEIGHT="38" WC="0.96" CONTENT="januari"/><SP WIDTH="22" VPOS="1125" HPOS="978"/>
							<String ID="string_83" HPOS="1000" VPOS="1126" WIDTH="82" HEIGHT="32" WC="0.95" CONTENT="1927"/><SP WIDTH="21" VPOS="1126" HPOS="1082"/>
							<String ID="string_84" HPOS="1103" VPOS="1125" WIDTH="54" HEIGHT="32" WC="0.95" CONTENT="till"/><SP WIDTH="20" VPOS="1125" HPOS="1157"/>
							<String ID="string_85" HPOS="1177" VPOS="1125" WIDTH="60" HEIGHT="33" WC="0.96" CONTENT="och"/><SP WIDTH="16" VPOS="1125" HPOS="1237"/>
							<String ID="string_86" HPOS="1253" VPOS="1126" WIDTH="73" HEIGHT="32" WC="0.96" CONTENT="med"/><SP WIDTH="18" VPOS="1126" HPOS="1326"/>
							<String ID="string_87" HPOS="1344" VPOS="1126" WIDTH="61" HEIGHT="32" WC="0.96" CONTENT="den"/><SP WIDTH="20" VPOS="1126" HPOS="1405"/>
							<String ID="string_88" HPOS="1425" VPOS="1127" WIDTH="41" HEIGHT="32" WC="0.93" CONTENT="30"/><SP WIDTH="18" VPOS="1127" HPOS="1466"/>
							<String ID="string_89" HPOS="1484" VPOS="1126" WIDTH="122" HEIGHT="32" WC="0.91" CONTENT="decem-"/>
						</TextLine>
						<TextLine ID="line_11" HPOS="102" VPOS="1175" WIDTH="178" HEIGHT="38">
							<String ID="string_90" HPOS="102" VPOS="1175" WIDTH="56" HEIGHT="32" WC="0.94" CONTENT="ber"/><SP WIDTH="21" VPOS="1175" HPOS="158"/>
							<String ID="string_91" HPOS="179" VPOS="1176" WIDTH="101" HEIGHT="37" WC="0.95" CONTENT="1927;"/>
						</TextLine>
					</TextBlock>
					<TextBlock ID="block_6" HPOS="102" VPOS="1225" WIDTH="1504" HEIGHT="89">
						<TextLine ID="line_12" HPOS="146" VPOS="1225" WIDTH="1460" HEIGHT="40">
							<String ID="string_92" HPOS="146" VPOS="1225" WIDTH="522" HEIGHT="38" WC="0.90" CONTENT="utrikesdepartementsärenden"/><SP WIDTH="23" VPOS="1225" HPOS="668"/>
							<String ID="string_93" HPOS="691" VPOS="1226" WIDTH="78" HEIGHT="32" WC="0.96" CONTENT="från"/><SP WIDTH="22" VPOS="1226" HPOS="769"/>
							<String ID="string_94" HPOS="791" VPOS="1226" WIDTH="61" HEIGHT="32" WC="0.96" CONTENT="och"/><SP WIDTH="19" VPOS="1226" HPOS="852"/>
							<String ID="string_95" HPOS="871" VPOS="1227" WIDTH="75" HEIGHT="32" WC="0.96" CONTENT="med"/><SP WIDTH="22" VPOS="1227" HPOS="946"/>
							<String ID="string_96" HPOS="968" VPOS="1226" WIDTH="61" HEIGHT="33" WC="0.96" CONTENT="den"/><SP WIDTH="24" VPOS="1226" HPOS="1029"/>
							<String ID="string_97" HPOS="1053" VPOS="1228" WIDTH="40" HEIGHT="30" WC="0.96" CONTENT="14"/><SP WIDTH="22" VPOS="1228" HPOS="1093"/>
							<String ID="string_98" HPOS="1115" VPOS="1227" WIDTH="135" HEIGHT="38" WC="0.96" CONTENT="januari"/><SP WIDTH="22" VPOS="1227" HPOS="1250"/>
							<String ID="string_99" HPOS="1272" VPOS="1228" WIDTH="83" HEIGHT="31" WC="0.95" CONTENT="1927"/><SP WIDTH="24" VPOS="1228" HPOS="1355"/>
							<String ID="string_100" HPOS="1379" VPOS="1227" WIDTH="54" HEIGHT="32" WC="0.96" CONTENT="till"/><SP WIDTH="21" VPOS="1227" HPOS="1433"/>
							<String ID="string_101" HPOS="1454" VPOS="1227" WIDTH="60" HEIGHT="33" WC="0.96" CONTENT="och"/><SP WIDTH="19" VPOS="1227" HPOS="1514"/>
							<String ID="string_102" HPOS="1533" VPOS="1227" WIDTH="73" HEIGHT="32" WC="0.96" CONTENT="med"/>
						</TextLine>
						<TextLine ID="line_13" HPOS="102" VPOS="1276" WIDTH="378" HEIGHT="38">
							<String ID="string_103" HPOS="102" VPOS="1276" WIDTH="61" HEIGHT="32" WC="0.96" CONTENT="den"/><SP WIDTH="22" VPOS="1276" HPOS="163"/>
							<String ID="string_104" HPOS="185" VPOS="1278" WIDTH="20" HEIGHT="30" WC="0.96" CONTENT="4"/><SP WIDTH="19" VPOS="1278" HPOS="205"/>
							<String ID="string_105" HPOS="224" VPOS="1276" WIDTH="134" HEIGHT="38" WC="0.95" CONTENT="januari"/><SP WIDTH="22" VPOS="1276" HPOS="358"/>
							<String ID="string_106" HPOS="380" VPOS="1277" WIDTH="100" HEIGHT="37" WC="0.95" CONTENT="1928;"/>
						</TextLine>
					</TextBlock>
					<TextBlock ID="block_7" HPOS="103" VPOS="1326" WIDTH="1503" HEIGHT="89">
						<TextLine ID="line_14" HPOS="146" VPOS="1326" WIDTH="1460" HEIGHT="40">
							<String ID="string_107" HPOS="146" VPOS="1326" WIDTH="297" HEIGHT="38" WC="0.91" CONTENT="försvarsärenden"/><SP WIDTH="17" VPOS="1326" HPOS="443"/>
							<String ID="string_108" HPOS="460" VPOS="1326" WIDTH="77" HEIGHT="32" WC="0.95" CONTENT="från"/><SP WIDTH="17" VPOS="1326" HPOS="537"/>
							<String ID="string_109" HPOS="554" VPOS="1326" WIDTH="61" HEIGHT="32" WC="0.96" CONTENT="och"/><SP WIDTH="16" VPOS="1326" HPOS="615"/>
							<String ID="string_110" HPOS="631" VPOS="1327" WIDTH="75" HEIGHT="32" WC="0.96" CONTENT="med"/><SP WIDTH="17" VPOS="1327" HPOS="706"/>
							<String ID="string_111" HPOS="723" VPOS="1327" WIDTH="59" HEIGHT="32" WC="0.96" CONTENT="den"/><SP WIDTH="21" VPOS="1327" HPOS="782"/>
							<String ID="string_112" HPOS="803" VPOS="1328" WIDTH="41" HEIGHT="31" WC="0.96" CONTENT="14"/><SP WIDTH="17" VPOS="1328" HPOS="844"/>
							<String ID="string_113" HPOS="861" VPOS="1327" WIDTH="134" HEIGHT="38" WC="0.95" CONTENT="januari"/><SP WIDTH="20" VPOS="1327" HPOS="995"/>
							<String ID="string_114" HPOS="1015" VPOS="1328" WIDTH="83" HEIGHT="32" WC="0.96" CONTENT="1927"/><SP WIDTH="20" VPOS="1328" HPOS="1098"/>
							<String ID="string_115" HPOS="1118" VPOS="1327" WIDTH="55" HEIGHT="32" WC="0.96" CONTENT="till"/><SP WIDTH="18" VPOS="1327" HPOS="1173"/>
							<String ID="string_116" HPOS="1191" VPOS="1328" WIDTH="61" HEIGHT="32" WC="0.96" CONTENT="och"/><SP WIDTH="16" VPOS="1328" HPOS="1252"/>
							<String ID="string_117" HPOS="1268" VPOS="1328" WIDTH="73" HEIGHT="32" WC="0.96" CONTENT="med"/><SP WIDTH="18" VPOS="1328" HPOS="1341"/>
							<String ID="string_118" HPOS="1359" VPOS="1328" WIDTH="61" HEIGHT="32" WC="0.96" CONTENT="den"/><SP WIDTH="18" VPOS="1328" HPOS="1420"/>
							<String ID="string_119" HPOS="1438" VPOS="1330" WIDTH="20" HEIGHT="30" WC="0.96" CONTENT="4"/><SP WIDTH="16" VPOS="1330" HPOS="1458"/>
							<String ID="string_120" HPOS="1474" VPOS="1328" WIDTH="132" HEIGHT="38" WC="0.96" CONTENT="januari"/>
						</TextLine>
						<TextLine ID="line_15" HPOS="103" VPOS="1377" WIDTH="101" HEIGHT="38">
							<String ID="string_121" HPOS="103" VPOS="1377" WIDTH="101" HEIGHT="38" WC="0.94" CONTENT="1928;"/>
						</TextLine>
					</TextBlock>
					<TextBlock ID="block_8" HPOS="105" VPOS="1426" WIDTH="1501" HEIGHT="90">
						<TextLine ID="line_16" HPOS="146" VPOS="1426" WIDTH="1460" HEIGHT="41">
							<String ID="string_122" HPOS="146" VPOS="1426" WIDTH="248" HEIGHT="34" WC="0.92" CONTENT="socialärenden"/><SP WIDTH="22" VPOS="1426" HPOS="394"/>
							<String ID="string_123" HPOS="416" VPOS="1427" WIDTH="77" HEIGHT="32" WC="0.96" CONTENT="från"/><SP WIDTH="22" VPOS="1427" HPOS="493"/>
							<String ID="string_124" HPOS="515" VPOS="1427" WIDTH="60" HEIGHT="32" WC="0.96" CONTENT="och"/><SP WIDTH="20" VPOS="1427" HPOS="575"/>
							<String ID="string_125" HPOS="595" VPOS="1428" WIDTH="74" HEIGHT="32" WC="0.96" CONTENT="med"/><SP WIDTH="22" VPOS="1428" HPOS="669"/>
							<String ID="string_126" HPOS="691" VPOS="1428" WIDTH="62" HEIGHT="32" WC="0.96" CONTENT="den"/><SP WIDTH="22" VPOS="1428" HPOS="753"/>
							<String ID="string_127" HPOS="775" VPOS="1429" WIDTH="41" HEIGHT="31" WC="0.96" CONTENT="14"/><SP WIDTH="20" VPOS="1429" HPOS="816"/>
							<String ID="string_128" HPOS="836" VPOS="1428" WIDTH="133" HEIGHT="38" WC="0.95" CONTENT="januari"/><SP WIDTH="24" VPOS="1428" HPOS="969"/>
							<String ID="string_129" HPOS="993" VPOS="1429" WIDTH="83" HEIGHT="32" WC="0.96" CONTENT="1927"/><SP WIDTH="24" VPOS="1429" HPOS="1076"/>
							<String ID="string_130" HPOS="1100" VPOS="1428" WIDTH="54" HEIGHT="32" WC="0.96" CONTENT="till"/><SP WIDTH="23" VPOS="1428" HPOS="1154"/>
							<String ID="string_131" HPOS="1177" VPOS="1428" WIDTH="60" HEIGHT="33" WC="0.96" CONTENT="och"/><SP WIDTH="21" VPOS="1428" HPOS="1237"/>
							<String ID="string_132" HPOS="1258" VPOS="1429" WIDTH="73" HEIGHT="32" WC="0.96" CONTENT="med"/><SP WIDTH="21" VPOS="1429" HPOS="1331"/>
							<String ID="string_133" HPOS="1352" VPOS="1429" WIDTH="61" HEIGHT="32" WC="0.96" CONTENT="den"/><SP WIDTH="22" VPOS="1429" HPOS="1413"/>
							<String ID="string_134" HPOS="1435" VPOS="1431" WIDTH="20" HEIGHT="30" WC="0.96" CONTENT="4"/><SP WIDTH="20" VPOS="1431" HPOS="1455"/>
							<String ID="string_135" HPOS="1475" VPOS="1429" WIDTH="131" HEIGHT="38" WC="0.96" CONTENT="januari"/>
						</TextLine>
						<TextLine ID="line_17" HPOS="105" VPOS="1478" WIDTH="100" HEIGHT="38">
							<String ID="string_136" HPOS="105" VPOS="1478" WIDTH="100" HEIGHT="38" WC="0.95" CONTENT="1928;"/>
						</TextLine>
					</TextBlock>
					<TextBlock ID="block_9" HPOS="102" VPOS="1528" WIDTH="1505" HEIGHT="89">
						<TextLine ID="line_18" HPOS="147" VPOS="1528" WIDTH="1460" HEIGHT="40">
							<String ID="string_137" HPOS="147" VPOS="1528" WIDTH="449" HEIGHT="33" WC="0.89" CONTENT="kommunikationsärenden"/><SP WIDTH="22" VPOS="1528" HPOS="596"/>
							<String ID="string_138" HPOS="618" VPOS="1528" WIDTH="77" HEIGHT="33" WC="0.96" CONTENT="från"/><SP WIDTH="21" VPOS="1528" HPOS="695"/>
							<String ID="string_139" HPOS="716" VPOS="1529" WIDTH="60" HEIGHT="32" WC="0.96" CONTENT="och"/><SP WIDTH="20" VPOS="1529" HPOS="776"/>
							<String ID="string_140" HPOS="796" VPOS="1529" WIDTH="73" HEIGHT="32" WC="0.96" CONTENT="med"/><SP WIDTH="21" VPOS="1529" HPOS="869"/>
							<String ID="string_141" HPOS="890" VPOS="1529" WIDTH="61" HEIGHT="32" WC="0.96" CONTENT="den"/><SP WIDTH="24" VPOS="1529" HPOS="951"/>
							<String ID="string_142" HPOS="975" VPOS="1531" WIDTH="40" HEIGHT="30" WC="0.96" CONTENT="14"/><SP WIDTH="20" VPOS="1531" HPOS="1015"/>
							<String ID="string_143" HPOS="1035" VPOS="1529" WIDTH="135" HEIGHT="39" WC="0.96" CONTENT="januari"/><SP WIDTH="23" VPOS="1529" HPOS="1170"/>
							<String ID="string_144" HPOS="1193" VPOS="1531" WIDTH="83" HEIGHT="32" WC="0.96" CONTENT="1927"/><SP WIDTH="23" VPOS="1531" HPOS="1276"/>
							<String ID="string_145" HPOS="1299" VPOS="1530" WIDTH="53" HEIGHT="32" WC="0.96" CONTENT="till"/><SP WIDTH="21" VPOS="1530" HPOS="1352"/>
							<String ID="string_146" HPOS="1373" VPOS="1530" WIDTH="59" HEIGHT="32" WC="0.96" CONTENT="och"/><SP WIDTH="20" VPOS="1530" HPOS="1432"/>
							<String ID="string_147" HPOS="1452" VPOS="1531" WIDTH="73" HEIGHT="32" WC="0.96" CONTENT="med"/><SP WIDTH="21" VPOS="1531" HPOS="1525"/>
							<String ID="string_148" HPOS="1546" VPOS="1531" WIDTH="61" HEIGHT="32" WC="0.96" CONTENT="den"/>
						</TextLine>
						<TextLine ID="line_19" HPOS="102" VPOS="1578" WIDTH="294" HEIGHT="39">
							<String ID="string_149" HPOS="102" VPOS="1580" WIDTH="19" HEIGHT="30" WC="0.89" CONTENT="4"/><SP WIDTH="19" VPOS="1580" HPOS="121"/>
							<String ID="string_150" HPOS="140" VPOS="1578" WIDTH="135" HEIGHT="38" WC="0.96" CONTENT="januari"/><SP WIDTH="22" VPOS="1578" HPOS="275"/>
							<String ID="string_151" HPOS="297" VPOS="1580" WIDTH="99" HEIGHT="37" WC="0.96" CONTENT="1928;"/>
						</TextLine>
					</TextBlock>
					<TextBlock ID="block_10" HPOS="104" VPOS="1629" WIDTH="1503" HEIGHT="89">
						<TextLine ID="line_20" HPOS="147" VPOS="1629" WIDTH="1460" HEIGHT="41">
							<String ID="string_152" HPOS="147" VPOS="1629" WIDTH="259" HEIGHT="38" WC="0.87" CONTENT="finansärenden"/><SP WIDTH="20" VPOS="1629" HPOS="406"/>
							<String ID="string_153" HPOS="426" VPOS="1629" WIDTH="77" HEIGHT="32" WC="0.96" CONTENT="från"/><SP WIDTH="20" VPOS="1629" HPOS="503"/>
							<String ID="string_154" HPOS="523" VPOS="1630" WIDTH="60" HEIGHT="32" WC="0.96" CONTENT="och"/><SP WIDTH="19" VPOS="1630" HPOS="583"/>
							<String ID="string_155" HPOS="602" VPOS="1630" WIDTH="75" HEIGHT="32" WC="0.96" CONTENT="med"/><SP WIDTH="20" VPOS="1630" HPOS="677"/>
							<String ID="string_156" HPOS="697" VPOS="1630" WIDTH="62" HEIGHT="32" WC="0.96" CONTENT="den"/><SP WIDTH="21" VPOS="1630" HPOS="759"/>
							<String ID="string_157" HPOS="780" VPOS="1632" WIDTH="42" HEIGHT="30" WC="0.96" CONTENT="14"/><SP WIDTH="20" VPOS="1632" HPOS="822"/>
							<String ID="string_158" HPOS="842" VPOS="1630" WIDTH="133" HEIGHT="38" WC="0.95" CONTENT="januari"/><SP WIDTH="24" VPOS="1630" HPOS="975"/>
							<String ID="string_159" HPOS="999" VPOS="1631" WIDTH="83" HEIGHT="32" WC="0.95" CONTENT="1927"/><SP WIDTH="22" VPOS="1631" HPOS="1082"/>
							<String ID="string_160" HPOS="1104" VPOS="1631" WIDTH="55" HEIGHT="32" WC="0.96" CONTENT="till"/><SP WIDTH="21" VPOS="1631" HPOS="1159"/>
							<String ID="string_161" HPOS="1180" VPOS="1631" WIDTH="60" HEIGHT="33" WC="0.96" CONTENT="och"/><SP WIDTH="19" VPOS="1631" HPOS="1240"/>
							<String ID="string_162" HPOS="1259" VPOS="1631" WIDTH="73" HEIGHT="33" WC="0.96" CONTENT="med"/><SP WIDTH="21" VPOS="1631" HPOS="1332"/>
							<String ID="string_163" HPOS="1353" VPOS="1632" WIDTH="61" HEIGHT="32" WC="0.96" CONTENT="den"/><SP WIDTH="21" VPOS="1632" HPOS="1414"/>
							<String ID="string_164" HPOS="1435" VPOS="1633" WIDTH="20" HEIGHT="30" WC="0.96" CONTENT="4"/><SP WIDTH="19" VPOS="1633" HPOS="1455"/>
							<String ID="string_165" HPOS="1474" VPOS="1631" WIDTH="133" HEIGHT="39" WC="0.95" CONTENT="januari"/>
						</TextLine>
						<TextLine ID="line_21" HPOS="104" VPOS="1680" WIDTH="100" HEIGHT="38">
							<String ID="string_166" HPOS="104" VPOS="1680" WIDTH="100" HEIGHT="38" WC="0.96" CONTENT="1928;"/>
						</TextLine>
					</TextBlock>
					<TextBlock ID="block_11" HPOS="101" VPOS="1730" WIDTH="1506" HEIGHT="89">
						<TextLine ID="line_22" HPOS="146" VPOS="1730" WIDTH="1461" HEIGHT="39">
							<String ID="string_167" HPOS="146" VPOS="1730" WIDTH="360" HEIGHT="33" WC="0.91" CONTENT="ecklesiastikärenden"/><SP WIDTH="25" VPOS="1730" HPOS="506"/>
							<String ID="string_168" HPOS="531" VPOS="1731" WIDTH="77" HEIGHT="31" WC="0.96" CONTENT="från"/><SP WIDTH="26" VPOS="1731" HPOS="608"/>
							<String ID="string_169" HPOS="634" VPOS="1731" WIDTH="60" HEIGHT="32" WC="0.96" CONTENT="och"/><SP WIDTH="23" VPOS="1731" HPOS="694"/>
							<String ID="string_170" HPOS="717" VPOS="1731" WIDTH="74" HEIGHT="32" WC="0.96" CONTENT="med"/><SP WIDTH="26" VPOS="1731" HPOS="791"/>
							<String ID="string_171" HPOS="817" VPOS="1731" WIDTH="60" HEIGHT="33" WC="0.96" CONTENT="den"/><SP WIDTH="28" VPOS="1731" HPOS="877"/>
							<String ID="string_172" HPOS="905" VPOS="1733" WIDTH="41" HEIGHT="31" WC="0.96" CONTENT="14"/><SP WIDTH="25" VPOS="1733" HPOS="946"/>
							<String ID="string_173" HPOS="971" VPOS="1731" WIDTH="133" HEIGHT="38" WC="0.95" CONTENT="januari"/><SP WIDTH="28" VPOS="1731" HPOS="1104"/>
							<String ID="string_174" HPOS="1132" VPOS="1733" WIDTH="84" HEIGHT="32" WC="0.96" CONTENT="1927"/><SP WIDTH="26" VPOS="1733" HPOS="1216"/>
							<String ID="string_175" HPOS="1242" VPOS="1732" WIDTH="54" HEIGHT="32" WC="0.96" CONTENT="till"/><SP WIDTH="24" VPOS="1732" HPOS="1296"/>
							<String ID="string_176" HPOS="1320" VPOS="1733" WIDTH="60" HEIGHT="32" WC="0.96" CONTENT="och"/><SP WIDTH="23" VPOS="1733" HPOS="1380"/>
							<String ID="string_177" HPOS="1403" VPOS="1733" WIDTH="74" HEIGHT="32" WC="0.96" CONTENT="med"/><SP WIDTH="25" VPOS="1733" HPOS="1477"/>
							<String ID="string_178" HPOS="1502" VPOS="1733" WIDTH="61" HEIGHT="32" WC="0.96" CONTENT="den"/><SP WIDTH="24" VPOS="1733" HPOS="1563"/>
							<String ID="string_179" HPOS="1587" VPOS="1735" WIDTH="20" HEIGHT="30" WC="0.96" CONTENT="4"/>
						</TextLine>
						<TextLine ID="line_23" HPOS="101" VPOS="1780" WIDTH="252" HEIGHT="39">
							<String ID="string_180" HPOS="101" VPOS="1780" WIDTH="134" HEIGHT="38" WC="0.86" CONTENT="januari"/><SP WIDTH="19" VPOS="1780" HPOS="235"/>
							<String ID="string_181" HPOS="254" VPOS="1781" WIDTH="99" HEIGHT="38" WC="0.94" CONTENT="1928;"/>
						</TextLine>
					</TextBlock>
					<TextBlock ID="block_12" HPOS="103" VPOS="1830" WIDTH="1504" HEIGHT="90">
						<TextLine ID="line_24" HPOS="146" VPOS="1830" WIDTH="1461" HEIGHT="42">
							<String ID="string_182" HPOS="146" VPOS="1830" WIDTH="323" HEIGHT="39" WC="0.90" CONTENT="jordbruksärenden"/><SP WIDTH="19" VPOS="1830" HPOS="469"/>
							<String ID="string_183" HPOS="488" VPOS="1831" WIDTH="77" HEIGHT="33" WC="0.96" CONTENT="från"/><SP WIDTH="20" VPOS="1831" HPOS="565"/>
							<String ID="string_184" HPOS="585" VPOS="1832" WIDTH="60" HEIGHT="32" WC="0.96" CONTENT="och"/><SP WIDTH="17" VPOS="1832" HPOS="645"/>
							<String ID="string_185" HPOS="662" VPOS="1832" WIDTH="73" HEIGHT="32" WC="0.96" CONTENT="med"/><SP WIDTH="20" VPOS="1832" HPOS="735"/>
							<String ID="string_186" HPOS="755" VPOS="1832" WIDTH="62" HEIGHT="33" WC="0.96" CONTENT="den"/><SP WIDTH="19" VPOS="1832" HPOS="817"/>
							<String ID="string_187" HPOS="836" VPOS="1834" WIDTH="39" HEIGHT="30" WC="0.95" CONTENT="11"/><SP WIDTH="19" VPOS="1834" HPOS="875"/>
							<String ID="string_188" HPOS="894" VPOS="1832" WIDTH="133" HEIGHT="39" WC="0.95" CONTENT="januari"/><SP WIDTH="22" VPOS="1832" HPOS="1027"/>
							<String ID="string_189" HPOS="1049" VPOS="1834" WIDTH="83" HEIGHT="32" WC="0.96" CONTENT="1927"/><SP WIDTH="21" VPOS="1834" HPOS="1132"/>
							<String ID="string_190" HPOS="1153" VPOS="1833" WIDTH="54" HEIGHT="32" WC="0.95" CONTENT="till"/><SP WIDTH="20" VPOS="1833" HPOS="1207"/>
							<String ID="string_191" HPOS="1227" VPOS="1834" WIDTH="60" HEIGHT="32" WC="0.96" CONTENT="och"/><SP WIDTH="17" VPOS="1834" HPOS="1287"/>
							<String ID="string_192" HPOS="1304" VPOS="1834" WIDTH="73" HEIGHT="32" WC="0.96" CONTENT="med"/><SP WIDTH="20" VPOS="1834" HPOS="1377"/>
							<String ID="string_193" HPOS="1397" VPOS="1834" WIDTH="61" HEIGHT="32" WC="0.96" CONTENT="den"/><SP WIDTH="18" VPOS="1834" HPOS="1458"/>
							<String ID="string_194" HPOS="1476" VPOS="1836" WIDTH="20" HEIGHT="30" WC="0.92" CONTENT="4"/><SP WIDTH="17" VPOS="1836" HPOS="1496"/>
							<String ID="string_195" HPOS="1513" VPOS="1834" WIDTH="94" HEIGHT="38" WC="0.92" CONTENT="janu-"/>
						</TextLine>
						<TextLine ID="line_25" HPOS="103" VPOS="1873" WIDTH="331" HEIGHT="47">
							<String ID="string_196" HPOS="103" VPOS="1882" WIDTH="50" HEIGHT="31" WC="0.85" CONTENT="ari"/><SP WIDTH="22" VPOS="1882" HPOS="153"/>
							<String ID="string_197" HPOS="175" VPOS="1882" WIDTH="101" HEIGHT="38" WC="0.96" CONTENT="1928;"/><SP WIDTH="152" VPOS="1882" HPOS="276"/>
							<String ID="string_198" HPOS="428" VPOS="1873" WIDTH="6" HEIGHT="8" WC="0.57" CONTENT="|"/>
						</TextLine>
					</TextBlock>
					<TextBlock ID="block_13" HPOS="103" VPOS="1931" WIDTH="1502" HEIGHT="84">
						<TextLine ID="line_26" HPOS="146" VPOS="1931" WIDTH="1459" HEIGHT="43">
							<String ID="string_199" HPOS="146" VPOS="1931" WIDTH="283" HEIGHT="34" WC="0.91" CONTENT="handelsärenden"/><SP WIDTH="20" VPOS="1931" HPOS="429"/>
							<String ID="string_200" HPOS="449" VPOS="1932" WIDTH="77" HEIGHT="32" WC="0.96" CONTENT="från"/><SP WIDTH="18" VPOS="1932" HPOS="526"/>
							<String ID="string_201" HPOS="544" VPOS="1933" WIDTH="60" HEIGHT="32" WC="0.96" CONTENT="och"/><SP WIDTH="18" VPOS="1933" HPOS="604"/>
							<String ID="string_202" HPOS="622" VPOS="1933" WIDTH="74" HEIGHT="33" WC="0.96" CONTENT="med"/><SP WIDTH="20" VPOS="1933" HPOS="696"/>
							<String ID="string_203" HPOS="716" VPOS="1933" WIDTH="61" HEIGHT="32" WC="0.96" CONTENT="den"/><SP WIDTH="21" VPOS="1933" HPOS="777"/>
							<String ID="string_204" HPOS="798" VPOS="1935" WIDTH="40" HEIGHT="30" WC="0.96" CONTENT="14"/><SP WIDTH="19" VPOS="1935" HPOS="838"/>
							<String ID="string_205" HPOS="857" VPOS="1933" WIDTH="133" HEIGHT="38" WC="0.96" CONTENT="januari"/><SP WIDTH="22" VPOS="1933" HPOS="990"/>
							<String ID="string_206" HPOS="1012" VPOS="1935" WIDTH="83" HEIGHT="32" WC="0.96" CONTENT="1927"/><SP WIDTH="19" VPOS="1935" HPOS="1095"/>
							<String ID="string_207" HPOS="1114" VPOS="1934" WIDTH="55" HEIGHT="32" WC="0.95" CONTENT="till"/><SP WIDTH="17" VPOS="1934" HPOS="1169"/>
							<String ID="string_208" HPOS="1186" VPOS="1934" WIDTH="61" HEIGHT="33" WC="0.96" CONTENT="och"/><SP WIDTH="18" VPOS="1934" HPOS="1247"/>
							<String ID="string_209" HPOS="1265" VPOS="1936" WIDTH="74" HEIGHT="32" WC="0.96" CONTENT="med"/><SP WIDTH="17" VPOS="1936" HPOS="1339"/>
							<String ID="string_210" HPOS="1356" VPOS="1935" WIDTH="60" HEIGHT="33" WC="0.96" CONTENT="den"/><SP WIDTH="21" VPOS="1935" HPOS="1416"/>
							<String ID="string_211" HPOS="1437" VPOS="1937" WIDTH="20" HEIGHT="30" WC="0.96" CONTENT="4"/><SP WIDTH="17" VPOS="1937" HPOS="1457"/>
							<String ID="string_212" HPOS="1474" VPOS="1935" WIDTH="131" HEIGHT="39" WC="0.96" CONTENT="januari"/>
						</TextLine>
						<TextLine ID="line_27" HPOS="103" VPOS="1983" WIDTH="96" HEIGHT="32">
							<String ID="string_213" HPOS="103" VPOS="1983" WIDTH="96" HEIGHT="32" WC="0.95" CONTENT="1928."/>
						</TextLine>
					</TextBlock>
					<TextBlock ID="block_14" HPOS="101" VPOS="2031" WIDTH="1505" HEIGHT="84">
						<TextLine ID="line_28" HPOS="146" VPOS="2031" WIDTH="1460" HEIGHT="43">
							<String ID="string_214" HPOS="146" VPOS="2031" WIDTH="175" HEIGHT="39" WC="0.96" CONTENT="Därjämte"/><SP WIDTH="21" VPOS="2031" HPOS="321"/>
							<String ID="string_215" HPOS="342" VPOS="2033" WIDTH="87" HEIGHT="32" WC="0.96" CONTENT="hava"/><SP WIDTH="20" VPOS="2033" HPOS="429"/>
							<String ID="string_216" HPOS="449" VPOS="2034" WIDTH="43" HEIGHT="38" WC="0.96" CONTENT="på"/><SP WIDTH="20" VPOS="2034" HPOS="492"/>
							<String ID="string_217" HPOS="512" VPOS="2034" WIDTH="112" HEIGHT="32" WC="0.95" CONTENT="därom"/><SP WIDTH="23" VPOS="2034" HPOS="624"/>
							<String ID="string_218" HPOS="647" VPOS="2034" WIDTH="139" HEIGHT="33" WC="0.96" CONTENT="särskilt"/><SP WIDTH="19" VPOS="2034" HPOS="786"/>
							<String ID="string_219" HPOS="805" VPOS="2034" WIDTH="118" HEIGHT="39" WC="0.96" CONTENT="gjorda"/><SP WIDTH="22" VPOS="2034" HPOS="923"/>
							<String ID="string_220" HPOS="945" VPOS="2035" WIDTH="295" HEIGHT="39" WC="0.96" CONTENT="framställningar"/><SP WIDTH="18" VPOS="2035" HPOS="1240"/>
							<String ID="string_221" HPOS="1258" VPOS="2036" WIDTH="55" HEIGHT="32" WC="0.96" CONTENT="till"/><SP WIDTH="19" VPOS="2036" HPOS="1313"/>
							<String ID="string_222" HPOS="1332" VPOS="2036" WIDTH="164" HEIGHT="33" WC="0.92" CONTENT="utskottet"/><SP WIDTH="20" VPOS="2036" HPOS="1496"/>
							<String ID="string_223" HPOS="1516" VPOS="2042" WIDTH="90" HEIGHT="27" WC="0.90" CONTENT="över-"/>
						</TextLine>
						<TextLine ID="line_29" HPOS="101" VPOS="2083" WIDTH="145" HEIGHT="32">
							<String ID="string_224" HPOS="101" VPOS="2083" WIDTH="145" HEIGHT="32" WC="0.96" CONTENT="lämnats"/>
						</TextLine>
					</TextBlock>
					<TextBlock ID="block_15" HPOS="102" VPOS="2133" WIDTH="1505" HEIGHT="192">
						<TextLine ID="line_30" HPOS="147" VPOS="2133" WIDTH="1459" HEIGHT="42">
							<String ID="string_225" HPOS="147" VPOS="2133" WIDTH="72" HEIGHT="33" WC="0.96" CONTENT="dels"/><SP WIDTH="24" VPOS="2133" HPOS="219"/>
							<String ID="string_226" HPOS="243" VPOS="2133" WIDTH="124" HEIGHT="39" WC="0.96" CONTENT="utdrag"/><SP WIDTH="25" VPOS="2133" HPOS="367"/>
							<String ID="string_227" HPOS="392" VPOS="2146" WIDTH="43" HEIGHT="20" WC="0.96" CONTENT="av"/><SP WIDTH="25" VPOS="2146" HPOS="435"/>
							<String ID="string_228" HPOS="460" VPOS="2134" WIDTH="55" HEIGHT="33" WC="0.96" CONTENT="det"/><SP WIDTH="26" VPOS="2134" HPOS="515"/>
							<String ID="string_229" HPOS="541" VPOS="2140" WIDTH="77" HEIGHT="27" WC="0.93" CONTENT="över"/><SP WIDTH="24" VPOS="2140" HPOS="618"/>
							<String ID="string_230" HPOS="642" VPOS="2135" WIDTH="295" HEIGHT="33" WC="0.92" CONTENT="försvarsärenden"/><SP WIDTH="25" VPOS="2135" HPOS="937"/>
							<String ID="string_231" HPOS="962" VPOS="2136" WIDTH="12" HEIGHT="32" WC="0.96" CONTENT="i"/><SP WIDTH="27" VPOS="2136" HPOS="974"/>
							<String ID="string_232" HPOS="1001" VPOS="2137" WIDTH="183" HEIGHT="32" WC="0.96" CONTENT="statsrådet"/><SP WIDTH="27" VPOS="2137" HPOS="1184"/>
							<String ID="string_233" HPOS="1211" VPOS="2137" WIDTH="60" HEIGHT="32" WC="0.96" CONTENT="den"/><SP WIDTH="27" VPOS="2137" HPOS="1271"/>
							<String ID="string_234" HPOS="1298" VPOS="2138" WIDTH="39" HEIGHT="32" WC="0.96" CONTENT="27"/><SP WIDTH="26" VPOS="2138" HPOS="1337"/>
							<String ID="string_235" HPOS="1363" VPOS="2138" WIDTH="133" HEIGHT="37" WC="0.96" CONTENT="januari"/><SP WIDTH="26" VPOS="2138" HPOS="1496"/>
							<String ID="string_236" HPOS="1522" VPOS="2139" WIDTH="84" HEIGHT="32" WC="0.96" CONTENT="1928"/>
						</TextLine>
						<TextLine ID="line_31" HPOS="104" VPOS="2183" WIDTH="1503" HEIGHT="43">
							<String ID="string_237" HPOS="104" VPOS="2183" WIDTH="96" HEIGHT="33" WC="0.96" CONTENT="förda"/><SP WIDTH="20" VPOS="2183" HPOS="200"/>
							<String ID="string_238" HPOS="220" VPOS="2184" WIDTH="177" HEIGHT="40" WC="0.96" CONTENT="protokoll,"/><SP WIDTH="19" VPOS="2184" HPOS="397"/>
							<String ID="string_239" HPOS="416" VPOS="2185" WIDTH="11" HEIGHT="32" WC="0.96" CONTENT="i"/><SP WIDTH="18" VPOS="2185" HPOS="427"/>
							<String ID="string_240" HPOS="445" VPOS="2185" WIDTH="66" HEIGHT="33" WC="0.96" CONTENT="vad"/><SP WIDTH="20" VPOS="2185" HPOS="511"/>
							<String ID="string_241" HPOS="531" VPOS="2186" WIDTH="55" HEIGHT="32" WC="0.96" CONTENT="det"/><SP WIDTH="19" VPOS="2186" HPOS="586"/>
							<String ID="string_242" HPOS="605" VPOS="2186" WIDTH="106" HEIGHT="39" WC="0.93" CONTENT="angår"/><SP WIDTH="21" VPOS="2186" HPOS="711"/>
							<String ID="string_243" HPOS="732" VPOS="2186" WIDTH="325" HEIGHT="38" WC="0.91" CONTENT="regementsläkaren"/><SP WIDTH="21" VPOS="2186" HPOS="1057"/>
							<String ID="string_244" HPOS="1078" VPOS="2187" WIDTH="39" HEIGHT="34" WC="0.81" CONTENT="O."/><SP WIDTH="20" VPOS="2187" HPOS="1117"/>
							<String ID="string_245" HPOS="1137" VPOS="2187" WIDTH="43" HEIGHT="34" WC="0.90" CONTENT="A."/><SP WIDTH="19" VPOS="2187" HPOS="1180"/>
							<String ID="string_246" HPOS="1199" VPOS="2188" WIDTH="41" HEIGHT="33" WC="0.62" CONTENT="E."/><SP WIDTH="20" VPOS="2188" HPOS="1240"/>
							<String ID="string_247" HPOS="1260" VPOS="2187" WIDTH="210" HEIGHT="39" WC="0.93" CONTENT="Strömbergs"/><SP WIDTH="20" VPOS="2187" HPOS="1470"/>
							<String ID="string_248" HPOS="1490" VPOS="2189" WIDTH="117" HEIGHT="32" WC="0.92" CONTENT="ansök-"/>
						</TextLine>
						<TextLine ID="line_32" HPOS="102" VPOS="2234" WIDTH="1504" HEIGHT="44">
							<String ID="string_249" HPOS="102" VPOS="2234" WIDTH="81" HEIGHT="39" WC="0.95" CONTENT="ning"/><SP WIDTH="24" VPOS="2234" HPOS="183"/>
							<String ID="string_250" HPOS="207" VPOS="2246" WIDTH="50" HEIGHT="21" WC="0.96" CONTENT="om"/><SP WIDTH="28" VPOS="2246" HPOS="257"/>
							<String ID="string_251" HPOS="285" VPOS="2235" WIDTH="191" HEIGHT="39" WC="0.85" CONTENT="överföring"/><SP WIDTH="25" VPOS="2235" HPOS="476"/>
							<String ID="string_252" HPOS="501" VPOS="2236" WIDTH="55" HEIGHT="32" WC="0.93" CONTENT="till"/><SP WIDTH="25" VPOS="2236" HPOS="556"/>
							<String ID="string_253" HPOS="581" VPOS="2237" WIDTH="258" HEIGHT="38" WC="0.91" CONTENT="övergångsstat"/><SP WIDTH="24" VPOS="2237" HPOS="839"/>
							<String ID="string_254" HPOS="863" VPOS="2237" WIDTH="61" HEIGHT="32" WC="0.92" CONTENT="och"/><SP WIDTH="23" VPOS="2237" HPOS="924"/>
							<String ID="string_255" HPOS="947" VPOS="2237" WIDTH="238" HEIGHT="39" WC="0.92" CONTENT="gratifikation"/><SP WIDTH="24" VPOS="2237" HPOS="1185"/>
							<String ID="string_256" HPOS="1209" VPOS="2238" WIDTH="55" HEIGHT="32" WC="0.96" CONTENT="till"/><SP WIDTH="24" VPOS="2238" HPOS="1264"/>
							<String ID="string_257" HPOS="1288" VPOS="2239" WIDTH="88" HEIGHT="32" WC="0.93" CONTENT="förre"/><SP WIDTH="25" VPOS="2239" HPOS="1376"/>
							<String ID="string_258" HPOS="1401" VPOS="2239" WIDTH="205" HEIGHT="39" WC="0.92" CONTENT="värnliktige"/>
						</TextLine>
						<TextLine ID="line_33" HPOS="104" VPOS="2285" WIDTH="278" HEIGHT="40">
							<String ID="string_259" HPOS="104" VPOS="2285" WIDTH="40" HEIGHT="32" WC="0.89" CONTENT="E."/><SP WIDTH="23" VPOS="2285" HPOS="144"/>
							<String ID="string_260" HPOS="167" VPOS="2285" WIDTH="42" HEIGHT="34" WC="0.89" CONTENT="V."/><SP WIDTH="21" VPOS="2285" HPOS="209"/>
							<String ID="string_261" HPOS="230" VPOS="2285" WIDTH="152" HEIGHT="40" WC="0.96" CONTENT="Nilsson;"/>
						</TextLine>
					</TextBlock>
					<TextBlock ID="block_16" HPOS="104" VPOS="2334" WIDTH="1504" HEIGHT="146">
						<TextLine ID="line_34" HPOS="147" VPOS="2334" WIDTH="1461" HEIGHT="40">
							<String ID="string_262" HPOS="147" VPOS="2334" WIDTH="71" HEIGHT="33" WC="0.96" CONTENT="dels"/><SP WIDTH="22" VPOS="2334" HPOS="218"/>
							<String ID="string_263" HPOS="240" VPOS="2335" WIDTH="124" HEIGHT="39" WC="0.96" CONTENT="utdrag"/><SP WIDTH="23" VPOS="2335" HPOS="364"/>
							<String ID="string_264" HPOS="387" VPOS="2348" WIDTH="42" HEIGHT="20" WC="0.96" CONTENT="av"/><SP WIDTH="25" VPOS="2348" HPOS="429"/>
							<String ID="string_265" HPOS="454" VPOS="2337" WIDTH="56" HEIGHT="32" WC="0.96" CONTENT="det"/><SP WIDTH="22" VPOS="2337" HPOS="510"/>
							<String ID="string_266" HPOS="532" VPOS="2342" WIDTH="76" HEIGHT="27" WC="0.93" CONTENT="över"/><SP WIDTH="24" VPOS="2342" HPOS="608"/>
							<String ID="string_267" HPOS="632" VPOS="2338" WIDTH="296" HEIGHT="33" WC="0.92" CONTENT="försvarsärenden"/><SP WIDTH="24" VPOS="2338" HPOS="928"/>
							<String ID="string_268" HPOS="952" VPOS="2339" WIDTH="11" HEIGHT="32" WC="0.96" CONTENT="i"/><SP WIDTH="24" VPOS="2339" HPOS="963"/>
							<String ID="string_269" HPOS="987" VPOS="2340" WIDTH="184" HEIGHT="32" WC="0.96" CONTENT="statsrådet"/><SP WIDTH="24" VPOS="2340" HPOS="1171"/>
							<String ID="string_270" HPOS="1195" VPOS="2340" WIDTH="60" HEIGHT="32" WC="0.96" CONTENT="den"/><SP WIDTH="26" VPOS="2340" HPOS="1255"/>
							<String ID="string_271" HPOS="1281" VPOS="2342" WIDTH="39" HEIGHT="30" WC="0.96" CONTENT="17"/><SP WIDTH="27" VPOS="2342" HPOS="1320"/>
							<String ID="string_272" HPOS="1347" VPOS="2340" WIDTH="150" HEIGHT="33" WC="0.96" CONTENT="februari"/><SP WIDTH="27" VPOS="2340" HPOS="1497"/>
							<String ID="string_273" HPOS="1524" VPOS="2341" WIDTH="84" HEIGHT="32" WC="0.96" CONTENT="1928"/>
						</TextLine>
						<TextLine ID="line_35" HPOS="104" VPOS="2386" WIDTH="1503" HEIGHT="45">
							<String ID="string_274" HPOS="104" VPOS="2386" WIDTH="97" HEIGHT="33" WC="0.96" CONTENT="förda"/><SP WIDTH="22" VPOS="2386" HPOS="201"/>
							<String ID="string_275" HPOS="223" VPOS="2387" WIDTH="177" HEIGHT="39" WC="0.96" CONTENT="protokoll,"/><SP WIDTH="21" VPOS="2387" HPOS="400"/>
							<String ID="string_276" HPOS="421" VPOS="2388" WIDTH="12" HEIGHT="32" WC="0.96" CONTENT="i"/><SP WIDTH="20" VPOS="2388" HPOS="433"/>
							<String ID="string_277" HPOS="453" VPOS="2389" WIDTH="64" HEIGHT="32" WC="0.96" CONTENT="vad"/><SP WIDTH="22" VPOS="2389" HPOS="517"/>
							<String ID="string_278" HPOS="539" VPOS="2389" WIDTH="55" HEIGHT="32" WC="0.97" CONTENT="det"/><SP WIDTH="22" VPOS="2389" HPOS="594"/>
							<String ID="string_279" HPOS="616" VPOS="2390" WIDTH="106" HEIGHT="37" WC="0.93" CONTENT="angår"/><SP WIDTH="21" VPOS="2390" HPOS="722"/>
							<String ID="string_280" HPOS="743" VPOS="2390" WIDTH="229" HEIGHT="38" WC="0.91" CONTENT="värnpliktige"/><SP WIDTH="22" VPOS="2390" HPOS="972"/>
							<String ID="string_281" HPOS="994" VPOS="2390" WIDTH="37" HEIGHT="33" WC="0.91" CONTENT="P."/><SP WIDTH="24" VPOS="2390" HPOS="1031"/>
							<String ID="string_282" HPOS="1055" VPOS="2391" WIDTH="41" HEIGHT="33" WC="0.91" CONTENT="E."/><SP WIDTH="24" VPOS="2391" HPOS="1096"/>
							<String ID="string_283" HPOS="1120" VPOS="2391" WIDTH="204" HEIGHT="39" WC="0.96" CONTENT="Blomqvists"/><SP WIDTH="23" VPOS="2391" HPOS="1324"/>
							<String ID="string_284" HPOS="1347" VPOS="2392" WIDTH="188" HEIGHT="39" WC="0.96" CONTENT="ansökning"/><SP WIDTH="21" VPOS="2392" HPOS="1535"/>
							<String ID="string_285" HPOS="1556" VPOS="2404" WIDTH="51" HEIGHT="21" WC="0.96" CONTENT="om"/>
						</TextLine>
						<TextLine ID="line_36" HPOS="105" VPOS="2438" WIDTH="807" HEIGHT="42">
							<String ID="string_286" HPOS="105" VPOS="2438" WIDTH="188" HEIGHT="33" WC="0.91" CONTENT="frikallelse"/><SP WIDTH="24" VPOS="2438" HPOS="293"/>
							<String ID="string_287" HPOS="317" VPOS="2439" WIDTH="76" HEIGHT="32" WC="0.96" CONTENT="från"/><SP WIDTH="31" VPOS="2439" HPOS="393"/>
							<String ID="string_288" HPOS="424" VPOS="2440" WIDTH="232" HEIGHT="38" WC="0.96" CONTENT="värnpliktens"/><SP WIDTH="28" VPOS="2440" HPOS="656"/>
							<String ID="string_289" HPOS="684" VPOS="2440" WIDTH="228" HEIGHT="40" WC="0.96" CONTENT="fullgörande;"/>
						</TextLine>
					</TextBlock>
				</ComposedBlock>
				<ComposedBlock ID="cblock_4" HPOS="142" VPOS="2510" WIDTH="1420" HEIGHT="35">
					<TextBlock ID="block_17" HPOS="142" VPOS="2510" WIDTH="1420" HEIGHT="35">
						<TextLine ID="line_37" HPOS="142" VPOS="2510" WIDTH="1420" HEIGHT="35">
							<String ID="string_290" HPOS="142" VPOS="2510" WIDTH="119" HEIGHT="33" WC="0.93" CONTENT="Bihang"/><SP WIDTH="24" VPOS="2510" HPOS="261"/>
							<String ID="string_291" HPOS="285" VPOS="2510" WIDTH="46" HEIGHT="29" WC="0.96" CONTENT="till"/><SP WIDTH="20" VPOS="2510" HPOS="331"/>
							<String ID="string_292" HPOS="351" VPOS="2511" WIDTH="174" HEIGHT="34" WC="0.96" CONTENT="riksdagens"/><SP WIDTH="19" VPOS="2511" HPOS="525"/>
							<String ID="string_293" HPOS="544" VPOS="2512" WIDTH="144" HEIGHT="33" WC="0.96" CONTENT="protokoll"/><SP WIDTH="24" VPOS="2512" HPOS="688"/>
							<String ID="string_294" HPOS="712" VPOS="2514" WIDTH="90" HEIGHT="27" WC="0.92" CONTENT="1928."/><SP WIDTH="46" VPOS="2514" HPOS="802"/>
							<String ID="string_295" HPOS="848" VPOS="2515" WIDTH="17" HEIGHT="26" WC="0.13" CONTENT="ö"/><SP WIDTH="24" VPOS="2515" HPOS="865"/>
							<String ID="string_296" HPOS="889" VPOS="2513" WIDTH="84" HEIGHT="28" WC="0.93" CONTENT="saml."/><SP WIDTH="47" VPOS="2513" HPOS="973"/>
							<String ID="string_297" HPOS="1020" VPOS="2516" WIDTH="37" HEIGHT="26" WC="0.90" CONTENT="15"/><SP WIDTH="26" VPOS="2516" HPOS="1057"/>
							<String ID="string_298" HPOS="1083" VPOS="2513" WIDTH="76" HEIGHT="32" WC="0.90" CONTENT="häft."/><SP WIDTH="45" VPOS="2513" HPOS="1159"/>
							<String ID="string_299" HPOS="1204" VPOS="2510" WIDTH="58" HEIGHT="34" WC="0.96" CONTENT="(Nr"/><SP WIDTH="23" VPOS="2510" HPOS="1262"/>
							<String ID="string_300" HPOS="1285" VPOS="2511" WIDTH="63" HEIGHT="32" WC="0.93" CONTENT="20)"/><SP WIDTH="203" VPOS="2511" HPOS="1348"/>
							<String ID="string_301" HPOS="1551" VPOS="2513" WIDTH="11" HEIGHT="29" WC="0.96" CONTENT="1"/>
						</TextLine>
					</TextBlock>
				</ComposedBlock>
			</PrintSpace>
		</Page>
	</Layout>
</alto>
