1860 2820
250 135 40 31 70
642 136 413 32 Konstitulionsutskottets
1077 140 159 29 memorial
1256 140 49 29 Nr
1326 143 46 27 20.

299 221 69 31 Till
386 221 247 39 exportlandets
651 223 244 33 vederbörande
912 224 236 38 myndigheter
1165 225 172 33 inlämnad
1357 227 60 31 och
1436 238 42 20 av
1497 228 165 32 desamma
1677 229 79 37 god-

253 263 91 33 känd
367 264 326 38 exportdeklaration
722 266 54 31 må
798 266 170 32 användas
992 267 12 31 i
1028 266 113 33 stället
1167 268 54 31 för
1245 268 114 32 licens.

298 305 50 33 De
373 307 97 37 Höga
493 306 326 39 Fördragsslutande
842 307 162 34 Parterna
1029 309 155 32 förbinda
1208 310 53 37 sig
1284 310 126 37 jämväl
1432 312 11 31 i
1468 313 159 32 avseende
1652 313 20 31 å
1696 325 59 20 un-

254 348 58 32 der
341 349 95 31 deras
466 349 210 38 överhöghet,
706 350 227 39 jurisdiktion,
964 351 189 38 protektion
1184 352 81 32 eller
1293 354 137 32 mandat
1459 354 105 39 ställt,
1594 356 88 31 inom
1716 356 39 32 de

252 389 169 32 särskilda
447 401 139 20 zonerna
612 390 134 39 beläget
772 392 132 32 område
930 397 52 28 att
1007 393 74 33 icke
1109 394 110 32 tillåta
1244 395 124 38 import
1392 396 55 32 till
1473 396 119 33 sådant
1619 398 134 32 område

252 444 43 20 av
319 433 62 31 här
406 445 83 20 ovan
515 434 221 32 omförmälda
762 434 152 38 artiklar,
942 436 37 31 så
1007 436 105 31 framt
1137 436 73 32 icke
1236 437 279 38 importtillstånd
1541 439 142 33 lämnats
1712 452 43 19 av

251 474 245 33 vederbörande
522 476 172 32 områdens
721 477 244 38 myndigheter.
1016 478 269 37 Ifrågavarande
1312 480 143 32 artiklar
1482 481 53 31 må
1562 481 117 32 endast
1705 482 48 31 in-

253 517 91 32 föras
366 517 53 32 till
439 518 87 31 inom
548 518 38 32 de
610 519 169 32 särskilda
800 531 138 20 zonerna
960 520 133 38 beläget
1114 521 133 32 område
1269 526 77 27 över
1366 523 126 32 sådana
1513 523 138 32 hamnar
1673 524 81 32 eller

251 559 105 32 andra
380 563 98 34 orter,
502 572 68 20 som
592 561 54 31 för
668 561 190 33 ändamålet
881 563 53 30 må
956 562 86 32 hava
1065 563 148 37 angivits
1237 575 42 20 av
1302 564 278 38 myndigheterna
1603 567 11 30 i
1639 566 113 32 veder-

251 601 144 32 börande
418 606 76 31 stat,
517 602 122 39 koloni,
661 603 208 38 protektorat
891 604 80 32 eller
992 605 282 33 mandatområde.

895 705 137 33 Artikel
1052 707 53 31 14.

291 761 50 32 De
367 762 99 37 Höga
493 762 326 38 Fördragsslutande
844 763 162 33 Parterna
1039 765 155 32 förbinda
1219 766 53 37 sig
1299 770 51 28 att
1374 767 73 32 icke
1473 767 123 38 bevilja
1621 772 132 34 export-

254 804 140 32 licenser
424 804 80 32 eller
535 805 177 37 godkänna
744 806 12 31 i
787 806 121 32 artikel
941 808 39 31 13
1013 808 221 32 omförmälda
1268 809 374 39 exportdeklarationer,
1676 811 74 32 med

249 846 129 32 mindre
399 847 38 31 de
458 847 172 32 försäkrat
650 848 53 37 sig
725 848 124 38 därom,
871 852 49 29 att
942 849 105 32 under
1068 850 245 33 nedanstående
1334 851 143 38 punkter
1499 864 19 19 a
1541 852 60 32 och
1622 853 20 30 b
1665 857 87 28 samt

250 888 114 38 ifråga
393 901 51 20 om
466 889 53 32 till
542 889 234 39 kategorierna
800 891 18 31 I
839 891 59 32 och
921 892 38 31 II
981 892 145 32 hörande
1148 892 145 32 artiklar
1317 894 38 32 de
1377 895 12 30 i
1413 893 187 33 artiklarna
1624 896 29 36 2,
1678 896 29 37 3,
1733 896 20 30 4

249 931 61 31 och
331 932 17 31 5
370 932 162 37 stadgade
550 932 124 32 villkor
693 933 188 38 uppfyllts;

295 972 36 39 a)
356 977 52 29 att
429 975 56 32 vid
504 978 117 34 export
641 975 55 32 till
716 975 105 33 under
841 976 107 38 någon
970 988 42 20 av
1036 977 38 32 de
1097 977 98 38 Höga
1223 977 326 38 Fördragsslutande
1572 978 179 33 Parternas

249 1017 215 37 suveränitet,
488 1017 227 39 jurisdiktion,
741 1018 188 38 protektion
955 1019 80 32 eller
1059 1020 137 32 mandat
1221 1020 96 32 ställt
1342 1021 132 31 område
1499 1033 41 19 av
1571 1021 11 31 i
1606 1021 145 32 licensen

248 1058 81 32 eller
346 1059 370 38 exportdeklarationen
733 1061 156 37 avsedda,
906 1061 54 32 till
978 1061 234 38 kategorierna
1232 1062 28 38 I,
1279 1063 38 30 II
1335 1063 60 31 och
1413 1063 52 31 IV
1482 1063 144 32 hörande
1645 1063 105 32 artik-

248 1100 61 38 lar,
335 1106 157 33 exporten
517 1106 80 33 äger
620 1114 72 19 rum
719 1103 53 31 för
796 1103 150 38 legitima
972 1104 156 31 ändamål
1154 1105 60 31 och
1240 1107 52 29 att
1316 1105 253 37 importlandets
1596 1106 153 37 myndig-

249 1143 94 32 heter
362 1144 175 38 samtycka
558 1144 53 32 till
631 1145 175 37 importen.
849 1146 224 32 Beträffande
1094 1150 117 34 export
1232 1159 42 19 av
1298 1147 54 32 till
1373 1147 153 38 kategori
1552 1148 32 31 V
1606 1149 145 31 hörande

248 1185 146 32 artiklar
417 1190 37 27 är
476 1186 183 33 emellertid
682 1187 186 39 tillfyllest,
892 1191 51 29 att
965 1188 101 38 kopia
1090 1201 41 19 av
1155 1189 145 32 licensen
1326 1189 80 33 eller
1430 1190 320 38 exportdeklaratio-

247 1239 62 19 nen
334 1227 168 33 tillställts
527 1229 104 38 sagda
656 1229 244 39 myndigheter,
925 1230 101 32 innan
1052 1235 156 34 exporten
1236 1235 59 34 ägt
1328 1244 86 25 rum;

294 1268 36 39 b)
358 1274 52 28 att
432 1271 57 32 vid
512 1276 117 33 export
651 1272 55 32 till
727 1273 143 38 område,
894 1285 68 20 som
984 1274 73 31 icke
1080 1279 38 27 är
1141 1274 95 32 ställt
1259 1275 106 32 under
1387 1275 109 37 någon
1520 1287 42 20 av
1586 1275 39 32 de
1650 1275 99 38 Höga

246 1310 327 39 Fördragsslutande
597 1312 180 34 Parternas
807 1315 213 38 suveränitet,
1044 1316 228 38 jurisdiktion,
1296 1317 188 38 protektion
1509 1317 80 32 eller
1611 1318 139 32 mandat

247 1366 44 20 av
311 1355 55 31 till
386 1355 233 38 kategorierna
641 1357 29 37 I,
692 1357 49 37 II,
764 1357 52 31 IV
836 1358 58 31 och
917 1358 32 31 V
970 1358 146 32 hörande
1136 1359 155 33 artiklar.
1316 1363 158 34 exporten
1497 1364 79 33 äger
1600 1372 70 19 rum
1696 1360 54 32 för

247 1397 151 37 legitima
419 1398 165 33 ändamål.

888 1459 137 32 Artikel
1045 1461 53 30 15.

293 1515 50 33 De
369 1517 98 37 Höga
491 1517 327 39 Fördragsslutande
843 1518 160 33 Parterna
1031 1519 154 32 förbinda
1211 1520 54 37 sig
1296 1524 50 28 att
1373 1521 145 31 förutom
1545 1521 38 32 de
1608 1522 11 31 i
1644 1522 106 31 artik-

249 1558 92 32 larne
363 1560 18 30 6
404 1559 59 32 och
486 1561 18 30 9
526 1560 221 32 omförmälda
768 1561 193 38 översikter,
984 1562 161 32 avseende
1168 1562 54 32 till
1244 1562 234 38 kategorierna
1502 1563 27 38 I,
1554 1563 38 32 IT
1615 1564 59 31 och
1698 1564 52 31 IV

247 1600 146 33 hörande
414 1601 153 38 artiklar,
590 1602 245 39 offentliggöra
857 1615 38 20 en
916 1604 148 31 översikt
1085 1616 42 19 av
1149 1608 157 34 exporten
1334 1605 53 32 till
1408 1606 88 31 inom
1520 1606 38 32 de
1581 1606 168 32 särskilda

247 1654 142 20 zonerna
413 1643 141 38 belägna
580 1645 154 32 områden
760 1657 43 20 av
827 1645 53 32 till
906 1646 154 38 kategori
1084 1646 32 31 V
1141 1647 145 32 hörande
1313 1647 153 32 artiklar.
1515 1647 117 32 Denna
1658 1653 90 27 över-

248 1685 68 32 sikt
341 1685 88 32 skall
455 1686 262 38 offentliggöras
743 1688 88 31 inom
856 1699 125 21 samma
1006 1689 187 32 tidsfrister
1221 1689 60 32 och
1306 1689 74 32 med
1414 1689 171 32 enahanda
1612 1690 136 32 mellan-

247 1738 72 20 rum
340 1739 69 20 som
430 1728 38 32 de
487 1728 12 32 i
519 1729 122 32 artikel
662 1730 29 37 6,
712 1729 133 39 stycket
866 1731 28 36 1,
915 1730 221 32 omförmälda
1158 1731 185 32 översikter
1364 1735 86 28 samt
1472 1732 36 31 så
1529 1732 64 31 vitt
1614 1731 133 38 möjligt

246 1769 168 32 innehålla
438 1782 124 20 samma
582 1771 177 38 uppgifter
781 1783 67 21 som
875 1772 105 32 dessa.

891 1948 136 32 Artikel
1046 1950 53 30 27.

291 2004 50 32 De
364 2005 99 37 Höga
486 2005 327 38 Fördragsslutande
834 2006 160 32 Parterna
1020 2008 280 33 överenskomma.
1324 2012 50 28 att
1398 2009 37 32 de
1460 2009 10 31 i
1495 2009 185 32 artiklarna
1707 2011 40 31 16

245 2047 87 31 -—-26
368 2047 59 32 och
455 2048 12 31 i
494 2048 105 32 denna
626 2048 218 33 konventions
873 2049 113 38 bilaga
1015 2049 38 32 II
1081 2050 139 37 intagna
1250 2050 259 35 bestämmelser,
1539 2051 92 32 vilka
1660 2052 85 32 före-

247 2088 114 32 skriva
386 2093 47 28 ett
456 2090 139 32 särskilt
617 2090 273 39 kontrollsystem
914 2092 87 31 inom
1028 2092 39 32 de
1092 2092 165 32 särskilda
1285 2105 150 23 zonerna,
1461 2093 73 32 icke
1558 2095 53 30 må
1636 2094 111 32 tolkas

246 2131 108 31 såsom
377 2131 215 33 medförande
614 2133 230 37 förpliktelser
867 2134 52 31 för
942 2134 103 32 sådan
1069 2135 76 36 Hög
1169 2135 326 38 Fördragsslutande
1519 2136 91 34 Part.
1633 2136 114 32 vilken

244 2172 73 32 icke
340 2178 81 32 äger
443 2174 132 32 område
597 2175 105 32 under
725 2176 51 31 sin
800 2176 209 38 överhöghet,
1039 2176 228 39 jurisdiktion,
1291 2177 190 38 protektion
1505 2178 80 32 eller
1609 2179 137 31 mandat

244 2216 88 31 inom
353 2216 81 32 eller
452 2216 11 31 i
485 2217 53 31 det
559 2217 207 32 omedelbara
787 2218 227 38 grannskapet
1034 2231 43 19 av
1098 2219 39 32 de
1157 2219 168 33 särskilda
1348 2232 150 20 zonerna.
1520 2224 50 28 att
1591 2221 154 37 tillämpa

243 2257 12 30 i
280 2258 105 36 sagda
409 2257 246 34 bestämmelser
679 2260 220 32 omförmälda
923 2264 137 35 system.
1107 2261 42 38 Ej
1174 2261 105 32 heller
1302 2262 157 32 innebära
1485 2262 95 33 dessa
1604 2262 140 33 bestäm-

244 2299 120 33 melser
390 2300 53 31 för
469 2301 103 31 sådan
599 2301 81 32 Part
705 2314 123 20 ansvar
854 2303 52 31 för
933 2306 177 35 systemets
1138 2304 270 36 genomförande.
1458 2305 51 32 De
1539 2305 96 37 Höga
1665 2306 78 31 För-

243 2341 258 38 dragsslutande
522 2342 161 34 Parterna
706 2344 93 32 skola
824 2345 82 32 dock
928 2346 100 31 ställa
1051 2346 53 38 sig
1125 2346 53 32 till
1205 2346 226 33 efterrättelse
1453 2347 291 33 bestämmelserna

243 2384 12 30 i
276 2383 187 33 artiklarna
488 2386 50 37 22,
563 2386 40 31 23
625 2386 60 32 och
708 2387 40 31 25
773 2388 138 31 rörande
934 2388 38 32 de
995 2388 134 38 villkor,
1151 2388 105 32 under
1279 2389 94 31 vilka
1396 2389 254 38 infödingarnas
1675 2390 69 31 far-

243 2429 63 34 tyg
330 2426 105 32 under
460 2428 62 32 500
548 2431 55 28 ton
632 2427 183 41 (nettoton)
846 2431 52 31 må
931 2430 126 31 erhålla
1085 2430 266 39 bemyndigande
1379 2434 50 28 att
1456 2432 73 31 föra
1560 2432 76 37 Hög
1664 2432 80 31 För-

246 2467 258 38 dragsslutande
525 2469 98 33 Parts
646 2470 131 39 flagga.
