1854 2786
242 153 40 30 44
635 157 120 30 Första
779 156 238 37 lagutskottets
1042 155 178 31 utlåtande
1243 165 42 20 nr
1310 154 48 30 41.

244 238 132 39 gående
400 238 153 29 militära
578 237 71 29 mål
674 237 111 29 under
809 236 78 39 krig
911 235 82 30 eller
1017 235 375 40 beredskapstillstånd
1417 235 99 29 torde
1540 235 57 30 det
1621 235 91 39 ligga
1736 234 11 29 i

246 289 127 30 sakens
400 290 115 32 natur,
545 290 51 29 att
625 287 240 30 domstolarna
895 286 97 30 skola
1021 293 90 32 noga
1140 286 324 40 uppmärksamma,
1494 287 51 28 att
1573 285 88 30 intet
1690 284 58 30 må

244 340 122 29 kunna
395 347 120 31 genom
545 338 226 39 rättegången
798 338 143 29 komma
968 336 53 31 till
1048 336 222 30 främmande
1298 336 117 29 makts
1443 336 200 29 kännedom
1673 344 74 21 som

244 390 63 30 bör
325 389 244 39 hemlighållas
587 389 80 29 med
686 388 136 39 hänsyn
841 388 53 29 till
913 388 108 29 rikets
1041 387 173 30 säkerhet.
1234 387 13 29 I
1266 387 95 29 detta
1379 386 63 30 fall
1461 386 68 29 blir
1548 385 103 31 alltså
1669 385 80 29 kra-

245 443 55 28 vet
323 440 45 39 på
390 440 224 38 försiktighet
638 439 156 30 starkare
818 439 45 29 än
886 438 182 38 någonsin.
1093 436 26 30 Å
1143 437 110 30 andra
1277 436 100 30 sidan
1400 437 112 29 måste
1535 436 212 32 observeras,

247 494 50 27 att
317 491 154 30 militära
491 490 71 30 mål
584 490 111 29 under
716 489 148 39 krigstid
885 489 122 29 kunna
1027 488 92 30 bliva
1140 489 125 38 ytterst
1286 486 267 40 betydelsefulla
1574 495 42 21 ur
1639 486 110 29 andra

247 542 233 39 synpunkter;
500 541 149 30 sålunda
665 541 71 29 kan
751 540 40 39 ju
808 540 11 29 i
835 539 119 39 dylika
970 539 63 29 fall
1050 538 128 30 tänkas
1195 539 50 28 att
1262 538 67 29 den
1346 537 195 39 anklagade
1558 537 120 30 dömes
1696 535 52 30 till

246 592 123 28 döden.
394 591 13 28 I
433 591 132 29 sådana
589 590 64 29 fall
676 589 110 30 måste
811 588 367 38 offentlighetskravet
1203 587 156 40 skärpas.
1384 586 113 30 Alltså
1519 586 73 30 kan
1616 586 57 30 det
1698 586 54 29 för

244 642 196 29 domstolen
458 641 92 29 bliva
569 640 126 39 frågan
715 648 56 21 om
790 648 44 20 en
854 638 194 39 avvägning
1066 637 130 30 mellan
1215 637 94 30 olika
1327 637 184 29 intressen.
1531 636 65 30 Det
1615 637 52 29 till
1688 636 62 29 sist

244 692 196 38 avgörande
459 691 71 29 kan
548 691 78 29 icke
646 691 107 38 gärna
771 690 93 29 bliva
884 690 107 28 annat
1011 689 45 29 än
1074 688 185 39 hänsynen
1277 688 52 29 till
1348 687 110 30 rikets
1479 687 172 30 säkerhet.
1672 686 79 30 Men

247 744 94 30 vilka
362 744 63 29 fall
446 744 122 29 kunna
591 745 144 37 antagas
757 742 230 34 förekomma,
1010 741 62 29 där
1095 740 246 39 rättegångens
1363 738 223 39 offentlighet
1609 738 66 29 blir
1697 736 52 32 till

248 795 110 29 skada
384 794 54 30 för
464 794 234 39 krigsföretag
724 793 82 30 eller
832 792 53 30 till
911 801 80 20 men
1017 791 55 30 för
1098 790 260 39 krigsmaktens
1386 789 173 34 säkerhet,
1586 791 86 27 utan
1699 789 50 29 att

247 855 83 20 man
352 845 178 39 samtidigt
552 845 73 29 kan
647 845 81 38 göra
751 843 169 39 gällande,
943 844 50 28 att
1015 841 126 30 sådant
1163 841 62 30 fall
1248 840 193 39 föreligger,
1465 849 75 20 som
1563 839 153 30 förutses
1738 838 11 29 i

247 896 18 29 5
284 896 80 39 kap.
386 896 14 29 1
423 894 15 37 $
459 892 350 42 rättegångsbalken?
828 893 104 30 Detta
949 893 64 29 har
1031 892 76 30 icke
1126 891 45 40 på
1189 891 105 39 något
1314 891 68 29 sätt
1400 889 192 40 klargjorts
1612 889 64 30 och
1696 898 54 30 sy-

247 956 61 20 nes
327 947 77 29 icke
423 946 108 29 heller
550 946 123 29 kunna
693 944 191 39 klargöras.

291 997 78 30 Med
387 997 138 39 hänsyn
542 996 55 30 till
614 996 67 30 vad
701 995 148 30 sålunda
867 994 136 29 anförts
1023 1001 103 31 synes
1145 992 71 39 mig
1235 992 67 29 den
1321 991 199 39 föreslagna
1539 989 209 41 paragrafen

248 1048 166 39 antingen
440 1057 82 20 vara
549 1046 129 39 onödig
703 1045 82 30 eller
811 1046 116 38 öppna
954 1044 140 30 okända
1120 1042 222 40 möjligheter
1368 1042 56 29 för
1449 1040 301 38 inskränkningar

245 1098 11 28 i
278 1097 182 39 principen
483 1105 57 20 om
564 1095 241 39 rättegångars
827 1093 233 38 offentlighet.
1085 1092 65 39 Jag
1172 1091 55 30 får
1250 1091 120 30 därför
1392 1091 99 39 yrka,
1516 1092 50 28 att
1590 1097 162 33 paragra-

248 1150 59 29 fen
326 1149 110 30 måtte
453 1148 83 39 utgå
555 1157 42 20 ur
617 1147 234 39 lagförslaget.

442 2463 185 29 Stockholm
648 2462 84 28 1948.
751 2461 112 35 Kungl.
881 2459 244 36 Boktryckeriet
1141 2459 34 27 P.
1193 2459 33 27 A.
1244 2458 150 28 Norstedt
1412 2458 24 27 &
1454 2457 110 28 Söner.

954 2516 98 21 481952
