1902 2854
1595 206 12 10 ”

294 192 118 32 Första
438 195 201 32 kammarens
664 197 115 32 första
804 198 168 41 tillfälliga
999 201 129 31 wtskollts
1151 202 164 32 utlåtande
1340 201 52 34 Nr
1417 209 27 26 6.
1593 217 19 19 5

129 288 41 19 av
190 279 100 34 läsår,
313 289 72 22 som
407 282 135 40 utlöper
564 284 110 30 under
697 285 51 29 det
774 286 216 35 kalenderår,
1010 288 77 29 med
1111 289 104 30 vilket
1238 290 178 41 lärjunges
1440 292 172 31 skolålder

128 323 146 39 upphör.

173 367 128 31 Genom
321 369 94 31 detta
434 370 117 41 tillägg
572 372 48 30 till
643 372 15 36 $
679 373 40 29 48
737 374 149 30 erhålles
904 375 74 38 just
997 376 63 30 den
1083 377 134 30 klarhet
1238 379 62 29 och
1321 379 291 42 ändamålsenlig-

129 411 56 30 het
204 412 43 39 på
268 413 207 30 hithörande
496 415 151 35 område,
670 426 71 20 som
765 427 41 20 av
826 419 258 31 motionärerna
1107 421 143 39 åsyftas,
1273 423 61 29 och
1358 424 250 39 överstyrelsen

129 455 127 30 tillåter
278 457 55 39 sig
359 457 119 30 därför
505 459 193 35 hemställa,
725 463 50 28 alt
801 463 180 34 utskottet,
1006 464 12 28 i
1045 465 187 39 anledning
1260 475 41 20 av
1330 468 131 29 motion
1491 478 40 19 nr
1563 470 47 33 14,

127 499 105 30 måtte
254 500 126 30 föreslå
402 501 185 40 riksdagen
609 505 49 28 att
680 504 9 28 i
713 505 165 30 skrivelse
900 507 50 28 till
974 507 191 39 Konungen
1190 510 138 29 anhålla
1352 520 54 20 om
1431 513 146 38 ändring
1601 514 7 28 i

126 543 157 37 gällande
307 544 294 40 folkskolestadga
625 547 41 39 på
691 548 66 30 sätt
780 549 62 28 här
864 559 88 19 ovan
974 551 157 38 angivits.

170 622 196 31 Stockholm
390 625 65 29 den
480 626 36 28 13
538 626 152 30 februari
716 628 92 29 1925.

740 708 97 31 AUG.
858 709 127 31 FALK.

170 782 150 40 Gottfrid
340 785 203 39 Björkman.

1295 831 65 29 Per
1384 832 177 39 Westling.

138 2619 109 35 Bikang
266 2622 42 27 till
326 2622 157 35 riksdagens
497 2627 135 33 protokoll
651 2629 78 26 1925.
769 2631 35 25 12
823 2630 77 27 saml.
940 2633 15 25 1
974 2633 58 26 avd.
1073 2634 16 26 4
1108 2633 69 34 häft.
1215 2636 54 32 (Nr
1289 2638 36 31 6)

1539 2641 17 26 [Ce
