<?xml version="1.0" encoding="UTF-8"?>
<alto xmlns="http://www.loc.gov/standards/alto/ns-v3#" xmlns:xlink="http://www.w3.org/1999/xlink" xmlns:xsi="http://www.w3.org/2001/XMLSchema-instance" xsi:schemaLocation="http://www.loc.gov/standards/alto/ns-v3# http://www.loc.gov/alto/v3/alto-3-0.xsd">
	<Description>
		<MeasurementUnit>pixel</MeasurementUnit>
		<sourceImageInformation>
			<fileName>/tmp/tess_gyye8ma2_input.PNG</fileName>
		</sourceImageInformation>
		<OCRProcessing ID="OCR_0">
			<ocrProcessingStep>
				<processingSoftware>
					<softwareName>tesseract 5.3.0</softwareName>
				</processingSoftware>
			</ocrProcessingStep>
		</OCRProcessing>
	</Description>
	<Layout>
		<Page WIDTH="1868" HEIGHT="2768" PHYSICAL_IMG_NR="0" ID="page_0">
			<PrintSpace HPOS="0" VPOS="0" WIDTH="1868" HEIGHT="2768">
				<ComposedBlock ID="cblock_0" HPOS="459" VPOS="135" WIDTH="1107" HEIGHT="42">
					<TextBlock ID="block_0" HPOS="459" VPOS="135" WIDTH="1107" HEIGHT="42">
						<TextLine ID="line_0" HPOS="459" VPOS="135" WIDTH="1107" HEIGHT="42">
							<String ID="string_0" HPOS="459" VPOS="144" WIDTH="278" HEIGHT="33" WC="0.92" CONTENT="Statsutskottets"/><SP WIDTH="15" VPOS="144" HPOS="737"/>
							<String ID="string_1" HPOS="752" VPOS="140" WIDTH="174" HEIGHT="33" WC="0.95" CONTENT="utlåtande"/><SP WIDTH="16" VPOS="140" HPOS="926"/>
							<String ID="string_2" HPOS="942" VPOS="150" WIDTH="40" HEIGHT="20" WC="0.96" CONTENT="nr"/><SP WIDTH="16" VPOS="150" HPOS="982"/>
							<String ID="string_3" HPOS="998" VPOS="141" WIDTH="38" HEIGHT="27" WC="0.96" CONTENT="66"/><SP WIDTH="17" VPOS="141" HPOS="1036"/>
							<String ID="string_4" HPOS="1053" VPOS="137" WIDTH="36" HEIGHT="31" WC="0.96" CONTENT="år"/><SP WIDTH="16" VPOS="137" HPOS="1089"/>
							<String ID="string_5" HPOS="1105" VPOS="137" WIDTH="80" HEIGHT="30" WC="0.96" CONTENT="1965"/><SP WIDTH="365" VPOS="137" HPOS="1185"/>
							<String ID="string_6" HPOS="1550" VPOS="135" WIDTH="16" HEIGHT="27" WC="0.83" CONTENT="7"/>
						</TextLine>
					</TextBlock>
				</ComposedBlock>
				<ComposedBlock ID="cblock_1" HPOS="81" VPOS="210" WIDTH="1501" HEIGHT="1118">
					<TextBlock ID="block_1" HPOS="81" VPOS="210" WIDTH="1501" HEIGHT="1118">
						<TextLine ID="line_1" HPOS="81" VPOS="210" WIDTH="1491" HEIGHT="59">
							<String ID="string_7" HPOS="81" VPOS="229" WIDTH="325" HEIGHT="40" WC="0.91" CONTENT="förutsättningslösa"/><SP WIDTH="18" VPOS="229" HPOS="406"/>
							<String ID="string_8" HPOS="424" VPOS="225" WIDTH="218" HEIGHT="39" WC="0.96" CONTENT="utredningen"/><SP WIDTH="18" VPOS="225" HPOS="642"/>
							<String ID="string_9" HPOS="660" VPOS="222" WIDTH="139" HEIGHT="33" WC="0.96" CONTENT="rörande"/><SP WIDTH="17" VPOS="222" HPOS="799"/>
							<String ID="string_10" HPOS="816" VPOS="217" WIDTH="338" HEIGHT="35" WC="0.92" CONTENT="läroboksnämndens"/><SP WIDTH="18" VPOS="217" HPOS="1154"/>
							<String ID="string_11" HPOS="1172" VPOS="212" WIDTH="212" HEIGHT="33" WC="0.96" CONTENT="verksamhet"/><SP WIDTH="16" VPOS="212" HPOS="1384"/>
							<String ID="string_12" HPOS="1400" VPOS="210" WIDTH="62" HEIGHT="32" WC="0.93" CONTENT="och"/><SP WIDTH="17" VPOS="210" HPOS="1462"/>
							<String ID="string_13" HPOS="1479" VPOS="218" WIDTH="93" HEIGHT="30" WC="0.91" CONTENT="orga-"/>
						</TextLine>
						<TextLine ID="line_2" HPOS="82" VPOS="261" WIDTH="1490" HEIGHT="61">
							<String ID="string_14" HPOS="82" VPOS="284" WIDTH="144" HEIGHT="32" WC="0.92" CONTENT="nisation"/><SP WIDTH="15" VPOS="284" HPOS="226"/>
							<String ID="string_15" HPOS="241" VPOS="282" WIDTH="197" HEIGHT="40" WC="0.95" CONTENT="skyndsamt"/><SP WIDTH="16" VPOS="282" HPOS="438"/>
							<String ID="string_16" HPOS="454" VPOS="280" WIDTH="152" HEIGHT="38" WC="0.95" CONTENT="företogs,"/><SP WIDTH="17" VPOS="280" HPOS="606"/>
							<String ID="string_17" HPOS="623" VPOS="278" WIDTH="37" HEIGHT="31" WC="0.96" CONTENT="så"/><SP WIDTH="16" VPOS="278" HPOS="660"/>
							<String ID="string_18" HPOS="676" VPOS="280" WIDTH="53" HEIGHT="28" WC="0.96" CONTENT="att"/><SP WIDTH="16" VPOS="280" HPOS="729"/>
							<String ID="string_19" HPOS="745" VPOS="286" WIDTH="40" HEIGHT="20" WC="0.96" CONTENT="en"/><SP WIDTH="17" VPOS="286" HPOS="785"/>
							<String ID="string_20" HPOS="802" VPOS="275" WIDTH="55" HEIGHT="31" WC="0.96" CONTENT="väl"/><SP WIDTH="16" VPOS="275" HPOS="857"/>
							<String ID="string_21" HPOS="873" VPOS="271" WIDTH="150" HEIGHT="41" WC="0.93" CONTENT="utbyggd"/><SP WIDTH="18" VPOS="271" HPOS="1023"/>
							<String ID="string_22" HPOS="1041" VPOS="263" WIDTH="439" HEIGHT="47" WC="0.91" CONTENT="granskningsorganisation"/><SP WIDTH="15" VPOS="263" HPOS="1480"/>
							<String ID="string_23" HPOS="1495" VPOS="261" WIDTH="77" HEIGHT="32" WC="0.96" CONTENT="stod"/>
						</TextLine>
						<TextLine ID="line_3" HPOS="83" VPOS="315" WIDTH="1491" HEIGHT="55">
							<String ID="string_24" HPOS="83" VPOS="339" WIDTH="79" HEIGHT="31" WC="0.96" CONTENT="redo"/><SP WIDTH="17" VPOS="339" HPOS="162"/>
							<String ID="string_25" HPOS="179" VPOS="341" WIDTH="53" HEIGHT="28" WC="0.96" CONTENT="att"/><SP WIDTH="16" VPOS="341" HPOS="232"/>
							<String ID="string_26" HPOS="248" VPOS="336" WIDTH="96" HEIGHT="32" WC="0.96" CONTENT="träda"/><SP WIDTH="18" VPOS="336" HPOS="344"/>
							<String ID="string_27" HPOS="362" VPOS="335" WIDTH="9" HEIGHT="31" WC="0.96" CONTENT="i"/><SP WIDTH="17" VPOS="335" HPOS="371"/>
							<String ID="string_28" HPOS="388" VPOS="333" WIDTH="212" HEIGHT="32" WC="0.96" CONTENT="verksamhet"/><SP WIDTH="17" VPOS="333" HPOS="600"/>
							<String ID="string_29" HPOS="617" VPOS="331" WIDTH="10" HEIGHT="31" WC="0.96" CONTENT="i"/><SP WIDTH="16" VPOS="331" HPOS="627"/>
							<String ID="string_30" HPOS="643" VPOS="331" WIDTH="37" HEIGHT="31" WC="0.96" CONTENT="så"/><SP WIDTH="17" VPOS="331" HPOS="680"/>
							<String ID="string_31" HPOS="697" VPOS="332" WIDTH="80" HEIGHT="29" WC="0.96" CONTENT="nära"/><SP WIDTH="16" VPOS="332" HPOS="777"/>
							<String ID="string_32" HPOS="793" VPOS="326" WIDTH="191" HEIGHT="39" WC="0.96" CONTENT="anslutning"/><SP WIDTH="17" VPOS="326" HPOS="984"/>
							<String ID="string_33" HPOS="1001" VPOS="335" WIDTH="70" HEIGHT="20" WC="0.96" CONTENT="som"/><SP WIDTH="17" VPOS="335" HPOS="1071"/>
							<String ID="string_34" HPOS="1088" VPOS="321" WIDTH="130" HEIGHT="40" WC="0.95" CONTENT="möjligt"/><SP WIDTH="17" VPOS="321" HPOS="1218"/>
							<String ID="string_35" HPOS="1235" VPOS="320" WIDTH="49" HEIGHT="32" WC="0.96" CONTENT="till"/><SP WIDTH="17" VPOS="320" HPOS="1284"/>
							<String ID="string_36" HPOS="1301" VPOS="315" WIDTH="273" HEIGHT="44" WC="0.96" CONTENT="genomförandet"/>
						</TextLine>
						<TextLine ID="line_4" HPOS="83" VPOS="369" WIDTH="1490" HEIGHT="60">
							<String ID="string_37" HPOS="83" VPOS="403" WIDTH="43" HEIGHT="21" WC="0.96" CONTENT="av"/><SP WIDTH="24" VPOS="403" HPOS="126"/>
							<String ID="string_38" HPOS="150" VPOS="392" WIDTH="59" HEIGHT="31" WC="0.96" CONTENT="det"/><SP WIDTH="22" VPOS="392" HPOS="209"/>
							<String ID="string_39" HPOS="231" VPOS="401" WIDTH="66" HEIGHT="28" WC="0.96" CONTENT="nya"/><SP WIDTH="23" VPOS="401" HPOS="297"/>
							<String ID="string_40" HPOS="320" VPOS="386" WIDTH="185" HEIGHT="42" WC="0.96" CONTENT="gymnasiet"/><SP WIDTH="23" VPOS="386" HPOS="505"/>
							<String ID="string_41" HPOS="528" VPOS="386" WIDTH="61" HEIGHT="31" WC="0.97" CONTENT="och"/><SP WIDTH="25" VPOS="386" HPOS="589"/>
							<String ID="string_42" HPOS="614" VPOS="382" WIDTH="237" HEIGHT="41" WC="0.96" CONTENT="utbyggnaden"/><SP WIDTH="22" VPOS="382" HPOS="851"/>
							<String ID="string_43" HPOS="873" VPOS="391" WIDTH="43" HEIGHT="21" WC="0.96" CONTENT="av"/><SP WIDTH="24" VPOS="391" HPOS="916"/>
							<String ID="string_44" HPOS="940" VPOS="373" WIDTH="443" HEIGHT="42" WC="0.89" CONTENT="fackskoleorganisationen."/><SP WIDTH="24" VPOS="373" HPOS="1383"/>
							<String ID="string_45" HPOS="1407" VPOS="369" WIDTH="166" HEIGHT="33" WC="0.96" CONTENT="Särskilda"/>
						</TextLine>
						<TextLine ID="line_5" HPOS="83" VPOS="422" WIDTH="1491" HEIGHT="59">
							<String ID="string_46" HPOS="83" VPOS="445" WIDTH="179" HEIGHT="36" WC="0.95" CONTENT="utskottet,"/><SP WIDTH="21" VPOS="445" HPOS="262"/>
							<String ID="string_47" HPOS="283" VPOS="453" WIDTH="70" HEIGHT="21" WC="0.96" CONTENT="som"/><SP WIDTH="23" VPOS="453" HPOS="353"/>
							<String ID="string_48" HPOS="376" VPOS="441" WIDTH="85" HEIGHT="32" WC="0.96" CONTENT="hade"/><SP WIDTH="23" VPOS="441" HPOS="461"/>
							<String ID="string_49" HPOS="484" VPOS="444" WIDTH="52" HEIGHT="27" WC="0.96" CONTENT="att"/><SP WIDTH="21" VPOS="444" HPOS="536"/>
							<String ID="string_50" HPOS="557" VPOS="437" WIDTH="166" HEIGHT="33" WC="0.96" CONTENT="behandla"/><SP WIDTH="22" VPOS="437" HPOS="723"/>
							<String ID="string_51" HPOS="745" VPOS="432" WIDTH="246" HEIGHT="43" WC="0.93" CONTENT="propositionen"/><SP WIDTH="24" VPOS="432" HPOS="991"/>
							<String ID="string_52" HPOS="1015" VPOS="431" WIDTH="175" HEIGHT="35" WC="0.92" CONTENT="1964:171,"/><SP WIDTH="22" VPOS="431" HPOS="1190"/>
							<String ID="string_53" HPOS="1212" VPOS="425" WIDTH="185" HEIGHT="34" WC="0.96" CONTENT="förklarade"/><SP WIDTH="21" VPOS="425" HPOS="1397"/>
							<String ID="string_54" HPOS="1418" VPOS="423" WIDTH="48" HEIGHT="40" WC="0.96" CONTENT="sig"/><SP WIDTH="23" VPOS="423" HPOS="1466"/>
							<String ID="string_55" HPOS="1489" VPOS="422" WIDTH="85" HEIGHT="31" WC="0.95" CONTENT="intet"/>
						</TextLine>
						<TextLine ID="line_6" HPOS="83" VPOS="476" WIDTH="1491" HEIGHT="55">
							<String ID="string_56" HPOS="83" VPOS="499" WIDTH="44" HEIGHT="31" WC="0.96" CONTENT="ha"/><SP WIDTH="17" VPOS="499" HPOS="127"/>
							<String ID="string_57" HPOS="144" VPOS="502" WIDTH="54" HEIGHT="28" WC="0.96" CONTENT="att"/><SP WIDTH="17" VPOS="502" HPOS="198"/>
							<String ID="string_58" HPOS="215" VPOS="496" WIDTH="104" HEIGHT="32" WC="0.96" CONTENT="erinra"/><SP WIDTH="17" VPOS="496" HPOS="319"/>
							<String ID="string_59" HPOS="336" VPOS="499" WIDTH="73" HEIGHT="27" WC="0.97" CONTENT="mot"/><SP WIDTH="17" VPOS="499" HPOS="409"/>
							<String ID="string_60" HPOS="426" VPOS="494" WIDTH="66" HEIGHT="31" WC="0.93" CONTENT="vad"/><SP WIDTH="18" VPOS="494" HPOS="492"/>
							<String ID="string_61" HPOS="510" VPOS="488" WIDTH="365" HEIGHT="43" WC="0.90" CONTENT="departementschefen"/><SP WIDTH="19" VPOS="488" HPOS="875"/>
							<String ID="string_62" HPOS="894" VPOS="487" WIDTH="9" HEIGHT="31" WC="0.96" CONTENT="i"/><SP WIDTH="18" VPOS="487" HPOS="903"/>
							<String ID="string_63" HPOS="921" VPOS="485" WIDTH="145" HEIGHT="32" WC="0.96" CONTENT="nämnda"/><SP WIDTH="18" VPOS="485" HPOS="1066"/>
							<String ID="string_64" HPOS="1084" VPOS="481" WIDTH="204" HEIGHT="42" WC="0.96" CONTENT="proposition"/><SP WIDTH="18" VPOS="481" HPOS="1288"/>
							<String ID="string_65" HPOS="1306" VPOS="479" WIDTH="111" HEIGHT="32" WC="0.96" CONTENT="anfört"/><SP WIDTH="17" VPOS="479" HPOS="1417"/>
							<String ID="string_66" HPOS="1434" VPOS="476" WIDTH="140" HEIGHT="32" WC="0.96" CONTENT="rörande"/>
						</TextLine>
						<TextLine ID="line_7" HPOS="83" VPOS="530" WIDTH="1491" HEIGHT="60">
							<String ID="string_67" HPOS="83" VPOS="548" WIDTH="396" HEIGHT="42" WC="0.91" CONTENT="läroboksgranskningen"/><SP WIDTH="21" VPOS="548" HPOS="479"/>
							<String ID="string_68" HPOS="500" VPOS="546" WIDTH="10" HEIGHT="31" WC="0.96" CONTENT="i"/><SP WIDTH="20" VPOS="546" HPOS="510"/>
							<String ID="string_69" HPOS="530" VPOS="545" WIDTH="172" HEIGHT="33" WC="0.96" CONTENT="avvaktan"/><SP WIDTH="20" VPOS="545" HPOS="702"/>
							<String ID="string_70" HPOS="722" VPOS="543" WIDTH="43" HEIGHT="39" WC="0.96" CONTENT="på"/><SP WIDTH="20" VPOS="543" HPOS="765"/>
							<String ID="string_71" HPOS="785" VPOS="541" WIDTH="175" HEIGHT="32" WC="0.96" CONTENT="resultatet"/><SP WIDTH="19" VPOS="541" HPOS="960"/>
							<String ID="string_72" HPOS="979" VPOS="550" WIDTH="42" HEIGHT="20" WC="0.96" CONTENT="av"/><SP WIDTH="20" VPOS="550" HPOS="1021"/>
							<String ID="string_73" HPOS="1041" VPOS="538" WIDTH="65" HEIGHT="31" WC="0.96" CONTENT="den"/><SP WIDTH="20" VPOS="538" HPOS="1106"/>
							<String ID="string_74" HPOS="1126" VPOS="533" WIDTH="200" HEIGHT="34" WC="0.96" CONTENT="kommande"/><SP WIDTH="20" VPOS="533" HPOS="1326"/>
							<String ID="string_75" HPOS="1346" VPOS="530" WIDTH="228" HEIGHT="39" WC="0.96" CONTENT="utredningen."/>
						</TextLine>
						<TextLine ID="line_8" HPOS="126" VPOS="584" WIDTH="1448" HEIGHT="56">
							<String ID="string_76" HPOS="126" VPOS="605" WIDTH="18" HEIGHT="32" WC="0.96" CONTENT="I"/><SP WIDTH="17" VPOS="605" HPOS="144"/>
							<String ID="string_77" HPOS="161" VPOS="605" WIDTH="95" HEIGHT="31" WC="0.96" CONTENT="detta"/><SP WIDTH="18" VPOS="605" HPOS="256"/>
							<String ID="string_78" HPOS="274" VPOS="601" WIDTH="239" HEIGHT="39" WC="0.96" CONTENT="sammanhang"/><SP WIDTH="17" VPOS="601" HPOS="513"/>
							<String ID="string_79" HPOS="530" VPOS="599" WIDTH="57" HEIGHT="31" WC="0.96" CONTENT="vill"/><SP WIDTH="18" VPOS="599" HPOS="587"/>
							<String ID="string_80" HPOS="605" VPOS="596" WIDTH="254" HEIGHT="33" WC="0.96" CONTENT="statsutskottet"/><SP WIDTH="17" VPOS="596" HPOS="859"/>
							<String ID="string_81" HPOS="876" VPOS="592" WIDTH="142" HEIGHT="36" WC="0.96" CONTENT="anmäla,"/><SP WIDTH="18" VPOS="592" HPOS="1018"/>
							<String ID="string_82" HPOS="1036" VPOS="595" WIDTH="52" HEIGHT="27" WC="0.96" CONTENT="att"/><SP WIDTH="19" VPOS="595" HPOS="1088"/>
							<String ID="string_83" HPOS="1107" VPOS="589" WIDTH="167" HEIGHT="32" WC="0.96" CONTENT="utskottet"/><SP WIDTH="18" VPOS="589" HPOS="1274"/>
							<String ID="string_84" HPOS="1292" VPOS="585" WIDTH="113" HEIGHT="32" WC="0.96" CONTENT="erfarit"/><SP WIDTH="17" VPOS="585" HPOS="1405"/>
							<String ID="string_85" HPOS="1422" VPOS="588" WIDTH="53" HEIGHT="28" WC="0.93" CONTENT="att"/><SP WIDTH="17" VPOS="588" HPOS="1475"/>
							<String ID="string_86" HPOS="1492" VPOS="584" WIDTH="82" HEIGHT="30" WC="0.90" CONTENT="läro-"/>
						</TextLine>
						<TextLine ID="line_9" HPOS="84" VPOS="636" WIDTH="1492" HEIGHT="55">
							<String ID="string_87" HPOS="84" VPOS="657" WIDTH="252" HEIGHT="33" WC="0.92" CONTENT="boksnämnden"/><SP WIDTH="20" VPOS="657" HPOS="336"/>
							<String ID="string_88" HPOS="356" VPOS="674" WIDTH="43" HEIGHT="5" WC="0.91" CONTENT="—"/><SP WIDTH="19" VPOS="674" HPOS="399"/>
							<String ID="string_89" HPOS="418" VPOS="654" WIDTH="145" HEIGHT="31" WC="0.96" CONTENT="förutom"/><SP WIDTH="22" VPOS="654" HPOS="563"/>
							<String ID="string_90" HPOS="585" VPOS="648" WIDTH="263" HEIGHT="43" WC="0.95" CONTENT="genomsnittligt"/><SP WIDTH="20" VPOS="648" HPOS="848"/>
							<String ID="string_91" HPOS="868" VPOS="658" WIDTH="39" HEIGHT="20" WC="0.96" CONTENT="ca"/><SP WIDTH="22" VPOS="658" HPOS="907"/>
							<String ID="string_92" HPOS="929" VPOS="649" WIDTH="59" HEIGHT="29" WC="0.96" CONTENT="330"/><SP WIDTH="21" VPOS="649" HPOS="988"/>
							<String ID="string_93" HPOS="1009" VPOS="644" WIDTH="144" HEIGHT="32" WC="0.96" CONTENT="ärenden"/><SP WIDTH="21" VPOS="644" HPOS="1153"/>
							<String ID="string_94" HPOS="1174" VPOS="641" WIDTH="139" HEIGHT="32" WC="0.96" CONTENT="rörande"/><SP WIDTH="21" VPOS="641" HPOS="1313"/>
							<String ID="string_95" HPOS="1334" VPOS="636" WIDTH="242" HEIGHT="42" WC="0.96" CONTENT="prishöjningar"/>
						</TextLine>
						<TextLine ID="line_10" HPOS="84" VPOS="691" WIDTH="1488" HEIGHT="60">
							<String ID="string_96" HPOS="84" VPOS="712" WIDTH="44" HEIGHT="39" WC="0.96" CONTENT="på"/><SP WIDTH="19" VPOS="712" HPOS="128"/>
							<String ID="string_97" HPOS="147" VPOS="710" WIDTH="191" HEIGHT="33" WC="0.93" CONTENT="läroböcker"/><SP WIDTH="19" VPOS="710" HPOS="338"/>
							<String ID="string_98" HPOS="357" VPOS="727" WIDTH="42" HEIGHT="5" WC="0.91" CONTENT="—"/><SP WIDTH="19" VPOS="727" HPOS="399"/>
							<String ID="string_99" HPOS="418" VPOS="707" WIDTH="105" HEIGHT="32" WC="0.96" CONTENT="under"/><SP WIDTH="20" VPOS="707" HPOS="523"/>
							<String ID="string_100" HPOS="543" VPOS="704" WIDTH="205" HEIGHT="40" WC="0.92" CONTENT="budgetåren"/><SP WIDTH="23" VPOS="704" HPOS="748"/>
							<String ID="string_101" HPOS="771" VPOS="700" WIDTH="143" HEIGHT="37" WC="0.91" CONTENT="1962/63"/><SP WIDTH="21" VPOS="700" HPOS="914"/>
							<String ID="string_102" HPOS="935" VPOS="699" WIDTH="62" HEIGHT="32" WC="0.96" CONTENT="och"/><SP WIDTH="22" VPOS="699" HPOS="997"/>
							<String ID="string_103" HPOS="1019" VPOS="697" WIDTH="143" HEIGHT="35" WC="0.92" CONTENT="1963/64"/><SP WIDTH="21" VPOS="697" HPOS="1162"/>
							<String ID="string_104" HPOS="1183" VPOS="694" WIDTH="74" HEIGHT="32" WC="0.96" CONTENT="haft"/><SP WIDTH="21" VPOS="694" HPOS="1257"/>
							<String ID="string_105" HPOS="1278" VPOS="697" WIDTH="53" HEIGHT="28" WC="0.96" CONTENT="att"/><SP WIDTH="21" VPOS="697" HPOS="1331"/>
							<String ID="string_106" HPOS="1352" VPOS="691" WIDTH="140" HEIGHT="41" WC="0.95" CONTENT="granska"/><SP WIDTH="21" VPOS="691" HPOS="1492"/>
							<String ID="string_107" HPOS="1513" VPOS="692" WIDTH="59" HEIGHT="29" WC="0.95" CONTENT="361"/>
						</TextLine>
						<TextLine ID="line_11" HPOS="86" VPOS="748" WIDTH="1490" HEIGHT="57">
							<String ID="string_108" HPOS="86" VPOS="764" WIDTH="186" HEIGHT="41" WC="0.96" CONTENT="respektive"/><SP WIDTH="19" VPOS="764" HPOS="272"/>
							<String ID="string_109" HPOS="291" VPOS="766" WIDTH="60" HEIGHT="29" WC="0.96" CONTENT="369"/><SP WIDTH="19" VPOS="766" HPOS="351"/>
							<String ID="string_110" HPOS="370" VPOS="773" WIDTH="67" HEIGHT="28" WC="0.96" CONTENT="nya"/><SP WIDTH="17" VPOS="773" HPOS="437"/>
							<String ID="string_111" HPOS="454" VPOS="758" WIDTH="201" HEIGHT="34" WC="0.96" CONTENT="läroböcker."/><SP WIDTH="19" VPOS="758" HPOS="655"/>
							<String ID="string_112" HPOS="674" VPOS="756" WIDTH="114" HEIGHT="32" WC="0.96" CONTENT="Under"/><SP WIDTH="17" VPOS="756" HPOS="788"/>
							<String ID="string_113" HPOS="805" VPOS="764" WIDTH="128" HEIGHT="22" WC="0.96" CONTENT="samma"/><SP WIDTH="19" VPOS="764" HPOS="933"/>
							<String ID="string_114" HPOS="952" VPOS="753" WIDTH="37" HEIGHT="31" WC="0.96" CONTENT="år"/><SP WIDTH="18" VPOS="753" HPOS="989"/>
							<String ID="string_115" HPOS="1007" VPOS="749" WIDTH="199" HEIGHT="42" WC="0.96" CONTENT="granskades"/><SP WIDTH="19" VPOS="749" HPOS="1206"/>
							<String ID="string_116" HPOS="1225" VPOS="748" WIDTH="168" HEIGHT="31" WC="0.93" CONTENT="dessutom"/><SP WIDTH="20" VPOS="748" HPOS="1393"/>
							<String ID="string_117" HPOS="1413" VPOS="752" WIDTH="163" HEIGHT="23" WC="0.92" CONTENT="samman-"/>
						</TextLine>
						<TextLine ID="line_12" HPOS="86" VPOS="795" WIDTH="1490" HEIGHT="64">
							<String ID="string_118" HPOS="86" VPOS="820" WIDTH="70" HEIGHT="39" WC="0.96" CONTENT="lagt"/><SP WIDTH="15" VPOS="820" HPOS="156"/>
							<String ID="string_119" HPOS="171" VPOS="821" WIDTH="60" HEIGHT="29" WC="0.96" CONTENT="622"/><SP WIDTH="14" VPOS="821" HPOS="231"/>
							<String ID="string_120" HPOS="245" VPOS="817" WIDTH="89" HEIGHT="32" WC="0.96" CONTENT="äldre"/><SP WIDTH="15" VPOS="817" HPOS="334"/>
							<String ID="string_121" HPOS="349" VPOS="814" WIDTH="190" HEIGHT="33" WC="0.96" CONTENT="läroböcker"/><SP WIDTH="14" VPOS="814" HPOS="539"/>
							<String ID="string_122" HPOS="553" VPOS="812" WIDTH="51" HEIGHT="32" WC="0.96" CONTENT="för"/><SP WIDTH="14" VPOS="812" HPOS="604"/>
							<String ID="string_123" HPOS="618" VPOS="809" WIDTH="165" HEIGHT="33" WC="0.95" CONTENT="eventuell"/><SP WIDTH="14" VPOS="809" HPOS="783"/>
							<String ID="string_124" HPOS="797" VPOS="805" WIDTH="214" HEIGHT="40" WC="0.96" CONTENT="användning"/><SP WIDTH="15" VPOS="805" HPOS="1011"/>
							<String ID="string_125" HPOS="1026" VPOS="804" WIDTH="10" HEIGHT="31" WC="0.96" CONTENT="i"/><SP WIDTH="15" VPOS="804" HPOS="1036"/>
							<String ID="string_126" HPOS="1051" VPOS="801" WIDTH="232" HEIGHT="43" WC="0.94" CONTENT="grundskolan."/><SP WIDTH="16" VPOS="801" HPOS="1283"/>
							<String ID="string_127" HPOS="1299" VPOS="799" WIDTH="77" HEIGHT="32" WC="0.96" CONTENT="Som"/><SP WIDTH="15" VPOS="799" HPOS="1376"/>
							<String ID="string_128" HPOS="1391" VPOS="795" WIDTH="185" HEIGHT="42" WC="0.96" CONTENT="jämförelse"/>
						</TextLine>
						<TextLine ID="line_13" HPOS="87" VPOS="850" WIDTH="1489" HEIGHT="54">
							<String ID="string_129" HPOS="87" VPOS="873" WIDTH="67" HEIGHT="31" WC="0.96" CONTENT="kan"/><SP WIDTH="20" VPOS="873" HPOS="154"/>
							<String ID="string_130" HPOS="174" VPOS="874" WIDTH="138" HEIGHT="29" WC="0.96" CONTENT="nämnas"/><SP WIDTH="21" VPOS="874" HPOS="312"/>
							<String ID="string_131" HPOS="333" VPOS="873" WIDTH="52" HEIGHT="27" WC="0.96" CONTENT="att"/><SP WIDTH="20" VPOS="873" HPOS="385"/>
							<String ID="string_132" HPOS="405" VPOS="867" WIDTH="127" HEIGHT="33" WC="0.95" CONTENT="antalet"/><SP WIDTH="20" VPOS="867" HPOS="532"/>
							<String ID="string_133" HPOS="552" VPOS="876" WIDTH="42" HEIGHT="21" WC="0.96" CONTENT="av"/><SP WIDTH="21" VPOS="876" HPOS="594"/>
							<String ID="string_134" HPOS="615" VPOS="863" WIDTH="167" HEIGHT="32" WC="0.96" CONTENT="nämnden"/><SP WIDTH="21" VPOS="863" HPOS="782"/>
							<String ID="string_135" HPOS="803" VPOS="859" WIDTH="183" HEIGHT="43" WC="0.96" CONTENT="granskade"/><SP WIDTH="20" VPOS="859" HPOS="986"/>
							<String ID="string_136" HPOS="1006" VPOS="855" WIDTH="191" HEIGHT="34" WC="0.96" CONTENT="läroböcker"/><SP WIDTH="18" VPOS="855" HPOS="1197"/>
							<String ID="string_137" HPOS="1215" VPOS="852" WIDTH="198" HEIGHT="40" WC="0.93" CONTENT="budgetåret"/><SP WIDTH="22" VPOS="852" HPOS="1413"/>
							<String ID="string_138" HPOS="1435" VPOS="850" WIDTH="141" HEIGHT="36" WC="0.88" CONTENT="1953/54"/>
						</TextLine>
						<TextLine ID="line_14" HPOS="88" VPOS="903" WIDTH="1490" HEIGHT="62">
							<String ID="string_139" HPOS="88" VPOS="924" WIDTH="144" HEIGHT="41" WC="0.96" CONTENT="uppgick"/><SP WIDTH="15" VPOS="924" HPOS="232"/>
							<String ID="string_140" HPOS="247" VPOS="923" WIDTH="49" HEIGHT="32" WC="0.96" CONTENT="till"/><SP WIDTH="16" VPOS="923" HPOS="296"/>
							<String ID="string_141" HPOS="312" VPOS="921" WIDTH="220" HEIGHT="38" WC="0.96" CONTENT="sammanlagt"/><SP WIDTH="17" VPOS="921" HPOS="532"/>
							<String ID="string_142" HPOS="549" VPOS="921" WIDTH="69" HEIGHT="29" WC="0.96" CONTENT="190."/><SP WIDTH="16" VPOS="921" HPOS="618"/>
							<String ID="string_143" HPOS="634" VPOS="917" WIDTH="115" HEIGHT="32" WC="0.96" CONTENT="Såsom"/><SP WIDTH="16" VPOS="917" HPOS="749"/>
							<String ID="string_144" HPOS="765" VPOS="915" WIDTH="153" HEIGHT="31" WC="0.96" CONTENT="siffrorna"/><SP WIDTH="15" VPOS="915" HPOS="918"/>
							<String ID="string_145" HPOS="933" VPOS="911" WIDTH="142" HEIGHT="39" WC="0.96" CONTENT="antyder"/><SP WIDTH="15" VPOS="911" HPOS="1075"/>
							<String ID="string_146" HPOS="1090" VPOS="908" WIDTH="129" HEIGHT="33" WC="0.96" CONTENT="medför"/><SP WIDTH="14" VPOS="908" HPOS="1219"/>
							<String ID="string_147" HPOS="1233" VPOS="907" WIDTH="102" HEIGHT="31" WC="0.93" CONTENT="redan"/><SP WIDTH="16" VPOS="907" HPOS="1335"/>
							<String ID="string_148" HPOS="1351" VPOS="903" WIDTH="227" HEIGHT="42" WC="0.92" CONTENT="genomföran-"/>
						</TextLine>
						<TextLine ID="line_15" HPOS="88" VPOS="956" WIDTH="1491" HEIGHT="61">
							<String ID="string_149" HPOS="88" VPOS="980" WIDTH="58" HEIGHT="30" WC="0.96" CONTENT="det"/><SP WIDTH="21" VPOS="980" HPOS="146"/>
							<String ID="string_150" HPOS="167" VPOS="989" WIDTH="43" HEIGHT="21" WC="0.96" CONTENT="av"/><SP WIDTH="23" VPOS="989" HPOS="210"/>
							<String ID="string_151" HPOS="233" VPOS="975" WIDTH="221" HEIGHT="42" WC="0.96" CONTENT="grundskolan"/><SP WIDTH="22" VPOS="975" HPOS="454"/>
							<String ID="string_152" HPOS="476" VPOS="970" WIDTH="236" HEIGHT="40" WC="0.96" CONTENT="otvivelaktigt"/><SP WIDTH="21" VPOS="970" HPOS="712"/>
							<String ID="string_153" HPOS="733" VPOS="968" WIDTH="108" HEIGHT="32" WC="0.96" CONTENT="behov"/><SP WIDTH="23" VPOS="968" HPOS="841"/>
							<String ID="string_154" HPOS="864" VPOS="978" WIDTH="43" HEIGHT="20" WC="0.95" CONTENT="av"/><SP WIDTH="23" VPOS="978" HPOS="907"/>
							<String ID="string_155" HPOS="930" VPOS="977" WIDTH="40" HEIGHT="20" WC="0.95" CONTENT="en"/><SP WIDTH="22" VPOS="977" HPOS="970"/>
							<String ID="string_156" HPOS="992" VPOS="962" WIDTH="219" HEIGHT="41" WC="0.96" CONTENT="omprövning"/><SP WIDTH="22" VPOS="962" HPOS="1211"/>
							<String ID="string_157" HPOS="1233" VPOS="971" WIDTH="42" HEIGHT="21" WC="0.93" CONTENT="av"/><SP WIDTH="23" VPOS="971" HPOS="1275"/>
							<String ID="string_158" HPOS="1298" VPOS="956" WIDTH="281" HEIGHT="43" WC="0.92" CONTENT="granskningsför-"/>
						</TextLine>
						<TextLine ID="line_16" HPOS="87" VPOS="1009" WIDTH="1491" HEIGHT="55">
							<String ID="string_159" HPOS="87" VPOS="1031" WIDTH="164" HEIGHT="33" WC="0.92" CONTENT="farandet."/><SP WIDTH="18" VPOS="1031" HPOS="251"/>
							<String ID="string_160" HPOS="269" VPOS="1029" WIDTH="55" HEIGHT="31" WC="0.96" CONTENT="Då"/><SP WIDTH="18" VPOS="1029" HPOS="324"/>
							<String ID="string_161" HPOS="342" VPOS="1029" WIDTH="94" HEIGHT="31" WC="0.96" CONTENT="detta"/><SP WIDTH="18" VPOS="1029" HPOS="436"/>
							<String ID="string_162" HPOS="454" VPOS="1026" WIDTH="108" HEIGHT="32" WC="0.96" CONTENT="behov"/><SP WIDTH="19" VPOS="1026" HPOS="562"/>
							<String ID="string_163" HPOS="581" VPOS="1024" WIDTH="96" HEIGHT="31" WC="0.96" CONTENT="torde"/><SP WIDTH="18" VPOS="1024" HPOS="677"/>
							<String ID="string_164" HPOS="695" VPOS="1023" WIDTH="134" HEIGHT="30" WC="0.96" CONTENT="komma"/><SP WIDTH="19" VPOS="1023" HPOS="829"/>
							<String ID="string_165" HPOS="848" VPOS="1024" WIDTH="53" HEIGHT="28" WC="0.96" CONTENT="att"/><SP WIDTH="18" VPOS="1024" HPOS="901"/>
							<String ID="string_166" HPOS="919" VPOS="1021" WIDTH="212" HEIGHT="30" WC="0.96" CONTENT="accentueras"/><SP WIDTH="20" VPOS="1021" HPOS="1131"/>
							<String ID="string_167" HPOS="1151" VPOS="1013" WIDTH="190" HEIGHT="41" WC="0.96" CONTENT="ytterligare"/><SP WIDTH="18" VPOS="1013" HPOS="1341"/>
							<String ID="string_168" HPOS="1359" VPOS="1011" WIDTH="56" HEIGHT="31" WC="0.93" CONTENT="vid"/><SP WIDTH="20" VPOS="1011" HPOS="1415"/>
							<String ID="string_169" HPOS="1435" VPOS="1009" WIDTH="143" HEIGHT="32" WC="0.92" CONTENT="införan-"/>
						</TextLine>
						<TextLine ID="line_17" HPOS="88" VPOS="1062" WIDTH="1490" HEIGHT="59">
							<String ID="string_170" HPOS="88" VPOS="1086" WIDTH="58" HEIGHT="31" WC="0.96" CONTENT="det"/><SP WIDTH="16" VPOS="1086" HPOS="146"/>
							<String ID="string_171" HPOS="162" VPOS="1095" WIDTH="43" HEIGHT="21" WC="0.96" CONTENT="av"/><SP WIDTH="17" VPOS="1095" HPOS="205"/>
							<String ID="string_172" HPOS="222" VPOS="1084" WIDTH="57" HEIGHT="31" WC="0.96" CONTENT="det"/><SP WIDTH="15" VPOS="1084" HPOS="279"/>
							<String ID="string_173" HPOS="294" VPOS="1093" WIDTH="67" HEIGHT="28" WC="0.96" CONTENT="nya"/><SP WIDTH="17" VPOS="1093" HPOS="361"/>
							<String ID="string_174" HPOS="378" VPOS="1079" WIDTH="185" HEIGHT="42" WC="0.96" CONTENT="gymnasiet"/><SP WIDTH="16" VPOS="1079" HPOS="563"/>
							<String ID="string_175" HPOS="579" VPOS="1077" WIDTH="62" HEIGHT="32" WC="0.96" CONTENT="och"/><SP WIDTH="16" VPOS="1077" HPOS="641"/>
							<String ID="string_176" HPOS="657" VPOS="1074" WIDTH="239" HEIGHT="41" WC="0.96" CONTENT="utbyggnaden"/><SP WIDTH="16" VPOS="1074" HPOS="896"/>
							<String ID="string_177" HPOS="912" VPOS="1083" WIDTH="43" HEIGHT="21" WC="0.96" CONTENT="av"/><SP WIDTH="16" VPOS="1083" HPOS="955"/>
							<String ID="string_178" HPOS="971" VPOS="1070" WIDTH="193" HEIGHT="32" WC="0.92" CONTENT="fackskolan"/><SP WIDTH="16" VPOS="1070" HPOS="1164"/>
							<String ID="string_179" HPOS="1180" VPOS="1068" WIDTH="122" HEIGHT="31" WC="0.96" CONTENT="räknar"/><SP WIDTH="16" VPOS="1068" HPOS="1302"/>
							<String ID="string_180" HPOS="1318" VPOS="1065" WIDTH="167" HEIGHT="32" WC="0.96" CONTENT="utskottet"/><SP WIDTH="17" VPOS="1065" HPOS="1485"/>
							<String ID="string_181" HPOS="1502" VPOS="1062" WIDTH="76" HEIGHT="31" WC="0.96" CONTENT="med"/>
						</TextLine>
						<TextLine ID="line_18" HPOS="90" VPOS="1114" WIDTH="1490" HEIGHT="59">
							<String ID="string_182" HPOS="90" VPOS="1143" WIDTH="54" HEIGHT="28" WC="0.96" CONTENT="att"/><SP WIDTH="19" VPOS="1143" HPOS="144"/>
							<String ID="string_183" HPOS="163" VPOS="1139" WIDTH="64" HEIGHT="31" WC="0.93" CONTENT="den"/><SP WIDTH="20" VPOS="1139" HPOS="227"/>
							<String ID="string_184" HPOS="247" VPOS="1133" WIDTH="324" HEIGHT="40" WC="0.90" CONTENT="förutsättningslösa"/><SP WIDTH="21" VPOS="1133" HPOS="571"/>
							<String ID="string_185" HPOS="592" VPOS="1129" WIDTH="186" HEIGHT="39" WC="0.96" CONTENT="utredning,"/><SP WIDTH="20" VPOS="1129" HPOS="778"/>
							<String ID="string_186" HPOS="798" VPOS="1138" WIDTH="71" HEIGHT="21" WC="0.93" CONTENT="som"/><SP WIDTH="20" VPOS="1138" HPOS="869"/>
							<String ID="string_187" HPOS="889" VPOS="1124" WIDTH="174" HEIGHT="41" WC="0.91" CONTENT="påkallats,"/><SP WIDTH="21" VPOS="1124" HPOS="1063"/>
							<String ID="string_188" HPOS="1084" VPOS="1125" WIDTH="129" HEIGHT="28" WC="0.96" CONTENT="snarast"/><SP WIDTH="20" VPOS="1125" HPOS="1213"/>
							<String ID="string_189" HPOS="1233" VPOS="1121" WIDTH="149" HEIGHT="30" WC="0.91" CONTENT="kommer"/><SP WIDTH="19" VPOS="1121" HPOS="1382"/>
							<String ID="string_190" HPOS="1401" VPOS="1116" WIDTH="50" HEIGHT="32" WC="0.96" CONTENT="till"/><SP WIDTH="19" VPOS="1116" HPOS="1451"/>
							<String ID="string_191" HPOS="1470" VPOS="1114" WIDTH="110" HEIGHT="32" WC="0.96" CONTENT="stånd."/>
						</TextLine>
						<TextLine ID="line_19" HPOS="132" VPOS="1175" WIDTH="1179" HEIGHT="52">
							<String ID="string_192" HPOS="132" VPOS="1191" WIDTH="115" HEIGHT="33" WC="0.96" CONTENT="Under"/><SP WIDTH="16" VPOS="1191" HPOS="247"/>
							<String ID="string_193" HPOS="263" VPOS="1187" WIDTH="208" HEIGHT="40" WC="0.96" CONTENT="åberopande"/><SP WIDTH="16" VPOS="1187" HPOS="471"/>
							<String ID="string_194" HPOS="487" VPOS="1197" WIDTH="43" HEIGHT="21" WC="0.96" CONTENT="av"/><SP WIDTH="17" VPOS="1197" HPOS="530"/>
							<String ID="string_195" HPOS="547" VPOS="1184" WIDTH="66" HEIGHT="32" WC="0.96" CONTENT="vad"/><SP WIDTH="17" VPOS="1184" HPOS="613"/>
							<String ID="string_196" HPOS="630" VPOS="1182" WIDTH="139" HEIGHT="33" WC="0.96" CONTENT="sålunda"/><SP WIDTH="17" VPOS="1182" HPOS="769"/>
							<String ID="string_197" HPOS="786" VPOS="1180" WIDTH="127" HEIGHT="33" WC="0.96" CONTENT="anförts"/><SP WIDTH="16" VPOS="1180" HPOS="913"/>
							<String ID="string_198" HPOS="929" VPOS="1176" WIDTH="188" HEIGHT="34" WC="0.95" CONTENT="hemställer"/><SP WIDTH="17" VPOS="1176" HPOS="1117"/>
							<String ID="string_199" HPOS="1134" VPOS="1175" WIDTH="177" HEIGHT="35" WC="0.95" CONTENT="utskottet,"/>
						</TextLine>
						<TextLine ID="line_20" HPOS="452" VPOS="1220" WIDTH="1130" HEIGHT="57">
							<String ID="string_200" HPOS="452" VPOS="1244" WIDTH="52" HEIGHT="27" WC="0.96" CONTENT="att"/><SP WIDTH="16" VPOS="1244" HPOS="504"/>
							<String ID="string_201" HPOS="520" VPOS="1238" WIDTH="174" HEIGHT="39" WC="0.96" CONTENT="riksdagen"/><SP WIDTH="17" VPOS="1238" HPOS="694"/>
							<String ID="string_202" HPOS="711" VPOS="1235" WIDTH="54" HEIGHT="32" WC="0.96" CONTENT="må"/><SP WIDTH="16" VPOS="1235" HPOS="765"/>
							<String ID="string_203" HPOS="781" VPOS="1234" WIDTH="50" HEIGHT="32" WC="0.93" CONTENT="till"/><SP WIDTH="16" VPOS="1234" HPOS="831"/>
							<String ID="string_204" HPOS="847" VPOS="1228" WIDTH="339" HEIGHT="36" WC="0.91" CONTENT="Läroboksnämnden"/><SP WIDTH="16" VPOS="1228" HPOS="1186"/>
							<String ID="string_205" HPOS="1202" VPOS="1228" WIDTH="50" HEIGHT="30" WC="0.96" CONTENT="för"/><SP WIDTH="15" VPOS="1228" HPOS="1252"/>
							<String ID="string_206" HPOS="1267" VPOS="1224" WIDTH="199" HEIGHT="41" WC="0.93" CONTENT="budgetåret"/><SP WIDTH="15" VPOS="1224" HPOS="1466"/>
							<String ID="string_207" HPOS="1481" VPOS="1220" WIDTH="101" HEIGHT="37" WC="0.92" CONTENT="1965/"/>
						</TextLine>
						<TextLine ID="line_21" HPOS="412" VPOS="1282" WIDTH="767" HEIGHT="46">
							<String ID="string_208" HPOS="412" VPOS="1297" WIDTH="39" HEIGHT="28" WC="0.96" CONTENT="66"/><SP WIDTH="15" VPOS="1297" HPOS="451"/>
							<String ID="string_209" HPOS="466" VPOS="1292" WIDTH="114" HEIGHT="33" WC="0.96" CONTENT="anvisa"/><SP WIDTH="16" VPOS="1292" HPOS="580"/>
							<String ID="string_210" HPOS="596" VPOS="1295" WIDTH="50" HEIGHT="27" WC="0.93" CONTENT="ett"/><SP WIDTH="15" VPOS="1295" HPOS="646"/>
							<String ID="string_211" HPOS="661" VPOS="1287" WIDTH="251" HEIGHT="41" WC="0.91" CONTENT="förslagsanslag"/><SP WIDTH="14" VPOS="1287" HPOS="912"/>
							<String ID="string_212" HPOS="926" VPOS="1296" WIDTH="42" HEIGHT="21" WC="0.96" CONTENT="av"/><SP WIDTH="16" VPOS="1296" HPOS="968"/>
							<String ID="string_213" HPOS="984" VPOS="1287" WIDTH="59" HEIGHT="28" WC="0.96" CONTENT="300"/><SP WIDTH="13" VPOS="1287" HPOS="1043"/>
							<String ID="string_214" HPOS="1056" VPOS="1286" WIDTH="60" HEIGHT="28" WC="0.96" CONTENT="000"/><SP WIDTH="15" VPOS="1286" HPOS="1116"/>
							<String ID="string_215" HPOS="1131" VPOS="1282" WIDTH="48" HEIGHT="31" WC="0.96" CONTENT="kr."/>
						</TextLine>
					</TextBlock>
				</ComposedBlock>
				<ComposedBlock ID="cblock_2" HPOS="94" VPOS="1381" WIDTH="1493" HEIGHT="267">
					<TextBlock ID="block_2" HPOS="94" VPOS="1381" WIDTH="1491" HEIGHT="165">
						<TextLine ID="line_22" HPOS="135" VPOS="1381" WIDTH="1450" HEIGHT="63">
							<String ID="string_216" HPOS="135" VPOS="1404" WIDTH="65" HEIGHT="40" WC="0.87" CONTENT="7:0)"/><SP WIDTH="23" VPOS="1404" HPOS="200"/>
							<String ID="string_217" HPOS="223" VPOS="1403" WIDTH="132" HEIGHT="38" WC="0.96" CONTENT="Bidrag"/><SP WIDTH="19" VPOS="1403" HPOS="355"/>
							<String ID="string_218" HPOS="374" VPOS="1401" WIDTH="54" HEIGHT="31" WC="0.96" CONTENT="till"/><SP WIDTH="20" VPOS="1401" HPOS="428"/>
							<String ID="string_219" HPOS="448" VPOS="1396" WIDTH="264" HEIGHT="35" WC="0.95" CONTENT="skolbibliotek."/><SP WIDTH="23" VPOS="1396" HPOS="712"/>
							<String ID="string_220" HPOS="735" VPOS="1395" WIDTH="17" HEIGHT="31" WC="0.95" CONTENT="I"/><SP WIDTH="21" VPOS="1395" HPOS="752"/>
							<String ID="string_221" HPOS="773" VPOS="1393" WIDTH="144" HEIGHT="39" WC="0.95" CONTENT="enlighet"/><SP WIDTH="20" VPOS="1393" HPOS="917"/>
							<String ID="string_222" HPOS="937" VPOS="1390" WIDTH="76" HEIGHT="32" WC="0.96" CONTENT="med"/><SP WIDTH="20" VPOS="1390" HPOS="1013"/>
							<String ID="string_223" HPOS="1033" VPOS="1388" WIDTH="124" HEIGHT="40" WC="0.96" CONTENT="Kungl."/><SP WIDTH="20" VPOS="1388" HPOS="1157"/>
							<String ID="string_224" HPOS="1177" VPOS="1386" WIDTH="120" HEIGHT="39" WC="0.96" CONTENT="Maj:ts"/><SP WIDTH="22" VPOS="1386" HPOS="1297"/>
							<String ID="string_225" HPOS="1319" VPOS="1384" WIDTH="120" HEIGHT="39" WC="0.95" CONTENT="förslag"/><SP WIDTH="21" VPOS="1384" HPOS="1439"/>
							<String ID="string_226" HPOS="1460" VPOS="1381" WIDTH="125" HEIGHT="40" WC="0.96" CONTENT="(punkt"/>
						</TextLine>
						<TextLine ID="line_23" HPOS="94" VPOS="1434" WIDTH="1491" HEIGHT="61">
							<String ID="string_227" HPOS="94" VPOS="1459" WIDTH="33" HEIGHT="30" WC="0.93" CONTENT="D"/><SP WIDTH="14" VPOS="1459" HPOS="127"/>
							<String ID="string_228" HPOS="141" VPOS="1461" WIDTH="29" HEIGHT="34" WC="0.92" CONTENT="7,"/><SP WIDTH="17" VPOS="1461" HPOS="170"/>
							<String ID="string_229" HPOS="187" VPOS="1468" WIDTH="26" HEIGHT="20" WC="0.92" CONTENT="s."/><SP WIDTH="18" VPOS="1468" HPOS="213"/>
							<String ID="string_230" HPOS="231" VPOS="1459" WIDTH="60" HEIGHT="29" WC="0.96" CONTENT="206"/><SP WIDTH="19" VPOS="1459" HPOS="291"/>
							<String ID="string_231" HPOS="310" VPOS="1454" WIDTH="60" HEIGHT="32" WC="0.96" CONTENT="och"/><SP WIDTH="19" VPOS="1454" HPOS="370"/>
							<String ID="string_232" HPOS="389" VPOS="1452" WIDTH="87" HEIGHT="40" WC="0.96" CONTENT="207),"/><SP WIDTH="18" VPOS="1452" HPOS="476"/>
							<String ID="string_233" HPOS="494" VPOS="1451" WIDTH="104" HEIGHT="32" WC="0.96" CONTENT="vilket"/><SP WIDTH="18" VPOS="1451" HPOS="598"/>
							<String ID="string_234" HPOS="616" VPOS="1448" WIDTH="138" HEIGHT="32" WC="0.92" CONTENT="innebär"/><SP WIDTH="17" VPOS="1448" HPOS="754"/>
							<String ID="string_235" HPOS="771" VPOS="1445" WIDTH="181" HEIGHT="34" WC="0.91" CONTENT="anvisande"/><SP WIDTH="18" VPOS="1445" HPOS="952"/>
							<String ID="string_236" HPOS="970" VPOS="1454" WIDTH="43" HEIGHT="21" WC="0.96" CONTENT="av"/><SP WIDTH="18" VPOS="1454" HPOS="1013"/>
							<String ID="string_237" HPOS="1031" VPOS="1452" WIDTH="128" HEIGHT="21" WC="0.94" CONTENT="samma"/><SP WIDTH="18" VPOS="1452" HPOS="1159"/>
							<String ID="string_238" HPOS="1177" VPOS="1437" WIDTH="251" HEIGHT="41" WC="0.92" CONTENT="anslagsbelopp"/><SP WIDTH="16" VPOS="1437" HPOS="1428"/>
							<String ID="string_239" HPOS="1444" VPOS="1446" WIDTH="72" HEIGHT="20" WC="0.96" CONTENT="som"/><SP WIDTH="18" VPOS="1446" HPOS="1516"/>
							<String ID="string_240" HPOS="1534" VPOS="1434" WIDTH="51" HEIGHT="31" WC="0.96" CONTENT="för"/>
						</TextLine>
						<TextLine ID="line_24" HPOS="95" VPOS="1500" WIDTH="822" HEIGHT="46">
							<String ID="string_241" HPOS="95" VPOS="1509" WIDTH="223" HEIGHT="34" WC="0.96" CONTENT="innevarande"/><SP WIDTH="19" VPOS="1509" HPOS="318"/>
							<String ID="string_242" HPOS="337" VPOS="1505" WIDTH="172" HEIGHT="41" WC="0.96" CONTENT="budgetår,"/><SP WIDTH="20" VPOS="1505" HPOS="509"/>
							<String ID="string_243" HPOS="529" VPOS="1502" WIDTH="190" HEIGHT="33" WC="0.96" CONTENT="hemställer"/><SP WIDTH="20" VPOS="1502" HPOS="719"/>
							<String ID="string_244" HPOS="739" VPOS="1500" WIDTH="178" HEIGHT="35" WC="0.96" CONTENT="utskottet,"/>
						</TextLine>
					</TextBlock>
					<TextBlock ID="block_3" HPOS="418" VPOS="1540" WIDTH="1169" HEIGHT="108">
						<TextLine ID="line_25" HPOS="456" VPOS="1540" WIDTH="1131" HEIGHT="55">
							<String ID="string_245" HPOS="456" VPOS="1562" WIDTH="53" HEIGHT="28" WC="0.96" CONTENT="att"/><SP WIDTH="18" VPOS="1562" HPOS="509"/>
							<String ID="string_246" HPOS="527" VPOS="1556" WIDTH="175" HEIGHT="39" WC="0.95" CONTENT="riksdagen"/><SP WIDTH="18" VPOS="1556" HPOS="702"/>
							<String ID="string_247" HPOS="720" VPOS="1554" WIDTH="55" HEIGHT="31" WC="0.95" CONTENT="må"/><SP WIDTH="19" VPOS="1554" HPOS="775"/>
							<String ID="string_248" HPOS="794" VPOS="1552" WIDTH="49" HEIGHT="32" WC="0.95" CONTENT="till"/><SP WIDTH="19" VPOS="1552" HPOS="843"/>
							<String ID="string_249" HPOS="862" VPOS="1551" WIDTH="123" HEIGHT="38" WC="0.96" CONTENT="Bidrag"/><SP WIDTH="18" VPOS="1551" HPOS="985"/>
							<String ID="string_250" HPOS="1003" VPOS="1548" WIDTH="49" HEIGHT="31" WC="0.95" CONTENT="till"/><SP WIDTH="17" VPOS="1548" HPOS="1052"/>
							<String ID="string_251" HPOS="1069" VPOS="1544" WIDTH="234" HEIGHT="35" WC="0.96" CONTENT="skolbibliotek"/><SP WIDTH="17" VPOS="1544" HPOS="1303"/>
							<String ID="string_252" HPOS="1320" VPOS="1543" WIDTH="51" HEIGHT="32" WC="0.96" CONTENT="för"/><SP WIDTH="17" VPOS="1543" HPOS="1371"/>
							<String ID="string_253" HPOS="1388" VPOS="1540" WIDTH="199" HEIGHT="41" WC="0.96" CONTENT="budgetåret"/>
						</TextLine>
						<TextLine ID="line_26" HPOS="418" VPOS="1598" WIDTH="892" HEIGHT="50">
							<String ID="string_254" HPOS="418" VPOS="1612" WIDTH="141" HEIGHT="36" WC="0.46" CONTENT="1965/66"/><SP WIDTH="19" VPOS="1612" HPOS="559"/>
							<String ID="string_255" HPOS="578" VPOS="1609" WIDTH="116" HEIGHT="32" WC="0.96" CONTENT="anvisa"/><SP WIDTH="19" VPOS="1609" HPOS="694"/>
							<String ID="string_256" HPOS="713" VPOS="1611" WIDTH="50" HEIGHT="28" WC="0.93" CONTENT="ett"/><SP WIDTH="17" VPOS="1611" HPOS="763"/>
							<String ID="string_257" HPOS="780" VPOS="1603" WIDTH="251" HEIGHT="41" WC="0.92" CONTENT="förslagsanslag"/><SP WIDTH="18" VPOS="1603" HPOS="1031"/>
							<String ID="string_258" HPOS="1049" VPOS="1613" WIDTH="42" HEIGHT="20" WC="0.96" CONTENT="av"/><SP WIDTH="20" VPOS="1613" HPOS="1091"/>
							<String ID="string_259" HPOS="1111" VPOS="1603" WIDTH="59" HEIGHT="28" WC="0.95" CONTENT="200"/><SP WIDTH="13" VPOS="1603" HPOS="1170"/>
							<String ID="string_260" HPOS="1183" VPOS="1602" WIDTH="60" HEIGHT="28" WC="0.95" CONTENT="000"/><SP WIDTH="19" VPOS="1602" HPOS="1243"/>
							<String ID="string_261" HPOS="1262" VPOS="1598" WIDTH="48" HEIGHT="31" WC="0.96" CONTENT="kr."/>
						</TextLine>
					</TextBlock>
				</ComposedBlock>
				<ComposedBlock ID="cblock_3" HPOS="97" VPOS="1695" WIDTH="1493" HEIGHT="269">
					<TextBlock ID="block_4" HPOS="97" VPOS="1695" WIDTH="1491" HEIGHT="171">
						<TextLine ID="line_27" HPOS="138" VPOS="1695" WIDTH="1450" HEIGHT="67">
							<String ID="string_262" HPOS="138" VPOS="1722" WIDTH="67" HEIGHT="40" WC="0.88" CONTENT="8:0)"/><SP WIDTH="19" VPOS="1722" HPOS="205"/>
							<String ID="string_263" HPOS="224" VPOS="1721" WIDTH="132" HEIGHT="39" WC="0.96" CONTENT="Bidrag"/><SP WIDTH="15" VPOS="1721" HPOS="356"/>
							<String ID="string_264" HPOS="371" VPOS="1719" WIDTH="55" HEIGHT="32" WC="0.96" CONTENT="till"/><SP WIDTH="16" VPOS="1719" HPOS="426"/>
							<String ID="string_265" HPOS="442" VPOS="1718" WIDTH="159" HEIGHT="38" WC="0.96" CONTENT="Sveriges"/><SP WIDTH="17" VPOS="1718" HPOS="601"/>
							<String ID="string_266" HPOS="618" VPOS="1715" WIDTH="134" HEIGHT="31" WC="0.96" CONTENT="elevers"/><SP WIDTH="17" VPOS="1715" HPOS="752"/>
							<String ID="string_267" HPOS="769" VPOS="1710" WIDTH="388" HEIGHT="40" WC="0.90" CONTENT="centralorganisation."/><SP WIDTH="18" VPOS="1710" HPOS="1157"/>
							<String ID="string_268" HPOS="1175" VPOS="1706" WIDTH="18" HEIGHT="31" WC="0.96" CONTENT="I"/><SP WIDTH="19" VPOS="1706" HPOS="1193"/>
							<String ID="string_269" HPOS="1212" VPOS="1704" WIDTH="144" HEIGHT="40" WC="0.96" CONTENT="enlighet"/><SP WIDTH="15" VPOS="1704" HPOS="1356"/>
							<String ID="string_270" HPOS="1371" VPOS="1702" WIDTH="76" HEIGHT="32" WC="0.96" CONTENT="med"/><SP WIDTH="17" VPOS="1702" HPOS="1447"/>
							<String ID="string_271" HPOS="1464" VPOS="1695" WIDTH="124" HEIGHT="50" WC="0.96" CONTENT="Kungl."/>
						</TextLine>
						<TextLine ID="line_28" HPOS="97" VPOS="1755" WIDTH="1491" HEIGHT="60">
							<String ID="string_272" HPOS="97" VPOS="1775" WIDTH="122" HEIGHT="40" WC="0.93" CONTENT="Maj:ts"/><SP WIDTH="18" VPOS="1775" HPOS="219"/>
							<String ID="string_273" HPOS="237" VPOS="1774" WIDTH="119" HEIGHT="38" WC="0.96" CONTENT="förslag"/><SP WIDTH="20" VPOS="1774" HPOS="356"/>
							<String ID="string_274" HPOS="376" VPOS="1771" WIDTH="123" HEIGHT="40" WC="0.92" CONTENT="(punkt"/><SP WIDTH="18" VPOS="1771" HPOS="499"/>
							<String ID="string_275" HPOS="517" VPOS="1770" WIDTH="33" HEIGHT="31" WC="0.92" CONTENT="D"/><SP WIDTH="13" VPOS="1770" HPOS="550"/>
							<String ID="string_276" HPOS="563" VPOS="1772" WIDTH="29" HEIGHT="34" WC="0.91" CONTENT="8,"/><SP WIDTH="18" VPOS="1772" HPOS="592"/>
							<String ID="string_277" HPOS="610" VPOS="1779" WIDTH="26" HEIGHT="21" WC="0.92" CONTENT="s."/><SP WIDTH="18" VPOS="1779" HPOS="636"/>
							<String ID="string_278" HPOS="654" VPOS="1767" WIDTH="88" HEIGHT="40" WC="0.93" CONTENT="207),"/><SP WIDTH="18" VPOS="1767" HPOS="742"/>
							<String ID="string_279" HPOS="760" VPOS="1765" WIDTH="104" HEIGHT="32" WC="0.96" CONTENT="vilket"/><SP WIDTH="19" VPOS="1765" HPOS="864"/>
							<String ID="string_280" HPOS="883" VPOS="1762" WIDTH="136" HEIGHT="33" WC="0.95" CONTENT="innebär"/><SP WIDTH="18" VPOS="1762" HPOS="1019"/>
							<String ID="string_281" HPOS="1037" VPOS="1772" WIDTH="41" HEIGHT="21" WC="0.91" CONTENT="en"/><SP WIDTH="18" VPOS="1772" HPOS="1078"/>
							<String ID="string_282" HPOS="1096" VPOS="1756" WIDTH="268" HEIGHT="42" WC="0.91" CONTENT="anslagshöjning"/><SP WIDTH="17" VPOS="1756" HPOS="1364"/>
							<String ID="string_283" HPOS="1381" VPOS="1755" WIDTH="77" HEIGHT="32" WC="0.96" CONTENT="med"/><SP WIDTH="19" VPOS="1755" HPOS="1458"/>
							<String ID="string_284" HPOS="1477" VPOS="1757" WIDTH="39" HEIGHT="28" WC="0.96" CONTENT="30"/><SP WIDTH="12" VPOS="1757" HPOS="1516"/>
							<String ID="string_285" HPOS="1528" VPOS="1756" WIDTH="60" HEIGHT="29" WC="0.96" CONTENT="000"/>
						</TextLine>
						<TextLine ID="line_29" HPOS="99" VPOS="1824" WIDTH="459" HEIGHT="42">
							<String ID="string_286" HPOS="99" VPOS="1830" WIDTH="59" HEIGHT="36" WC="0.91" CONTENT="kr.,"/><SP WIDTH="18" VPOS="1830" HPOS="158"/>
							<String ID="string_287" HPOS="176" VPOS="1827" WIDTH="187" HEIGHT="32" WC="0.96" CONTENT="hemställer"/><SP WIDTH="18" VPOS="1827" HPOS="363"/>
							<String ID="string_288" HPOS="381" VPOS="1824" WIDTH="177" HEIGHT="36" WC="0.96" CONTENT="utskottet,"/>
						</TextLine>
					</TextBlock>
					<TextBlock ID="block_5" HPOS="420" VPOS="1860" WIDTH="1170" HEIGHT="104">
						<TextLine ID="line_30" HPOS="460" VPOS="1860" WIDTH="1130" HEIGHT="53">
							<String ID="string_289" HPOS="460" VPOS="1880" WIDTH="53" HEIGHT="27" WC="0.96" CONTENT="att"/><SP WIDTH="16" VPOS="1880" HPOS="513"/>
							<String ID="string_290" HPOS="529" VPOS="1874" WIDTH="175" HEIGHT="39" WC="0.96" CONTENT="riksdagen"/><SP WIDTH="18" VPOS="1874" HPOS="704"/>
							<String ID="string_291" HPOS="722" VPOS="1872" WIDTH="54" HEIGHT="31" WC="0.96" CONTENT="må"/><SP WIDTH="17" VPOS="1872" HPOS="776"/>
							<String ID="string_292" HPOS="793" VPOS="1871" WIDTH="50" HEIGHT="31" WC="0.95" CONTENT="till"/><SP WIDTH="17" VPOS="1871" HPOS="843"/>
							<String ID="string_293" HPOS="860" VPOS="1869" WIDTH="123" HEIGHT="38" WC="0.96" CONTENT="Bidrag"/><SP WIDTH="18" VPOS="1869" HPOS="983"/>
							<String ID="string_294" HPOS="1001" VPOS="1867" WIDTH="49" HEIGHT="31" WC="0.96" CONTENT="till"/><SP WIDTH="16" VPOS="1867" HPOS="1050"/>
							<String ID="string_295" HPOS="1066" VPOS="1865" WIDTH="149" HEIGHT="38" WC="0.96" CONTENT="Sveriges"/><SP WIDTH="18" VPOS="1865" HPOS="1215"/>
							<String ID="string_296" HPOS="1233" VPOS="1863" WIDTH="122" HEIGHT="31" WC="0.96" CONTENT="elevers"/><SP WIDTH="17" VPOS="1863" HPOS="1355"/>
							<String ID="string_297" HPOS="1372" VPOS="1860" WIDTH="218" HEIGHT="38" WC="0.92" CONTENT="centralorga-"/>
						</TextLine>
						<TextLine ID="line_31" HPOS="420" VPOS="1912" WIDTH="1170" HEIGHT="52">
							<String ID="string_298" HPOS="420" VPOS="1928" WIDTH="144" HEIGHT="32" WC="0.90" CONTENT="nisation"/><SP WIDTH="17" VPOS="1928" HPOS="564"/>
							<String ID="string_299" HPOS="581" VPOS="1927" WIDTH="51" HEIGHT="31" WC="0.96" CONTENT="för"/><SP WIDTH="16" VPOS="1927" HPOS="632"/>
							<String ID="string_300" HPOS="648" VPOS="1924" WIDTH="199" HEIGHT="40" WC="0.93" CONTENT="budgetåret"/><SP WIDTH="19" VPOS="1924" HPOS="847"/>
							<String ID="string_301" HPOS="866" VPOS="1921" WIDTH="141" HEIGHT="36" WC="0.92" CONTENT="1965/66"/><SP WIDTH="18" VPOS="1921" HPOS="1007"/>
							<String ID="string_302" HPOS="1025" VPOS="1918" WIDTH="115" HEIGHT="33" WC="0.96" CONTENT="anvisa"/><SP WIDTH="18" VPOS="1918" HPOS="1140"/>
							<String ID="string_303" HPOS="1158" VPOS="1922" WIDTH="50" HEIGHT="26" WC="0.97" CONTENT="ett"/><SP WIDTH="17" VPOS="1922" HPOS="1208"/>
							<String ID="string_304" HPOS="1225" VPOS="1916" WIDTH="113" HEIGHT="39" WC="0.96" CONTENT="anslag"/><SP WIDTH="16" VPOS="1916" HPOS="1338"/>
							<String ID="string_305" HPOS="1354" VPOS="1925" WIDTH="43" HEIGHT="21" WC="0.96" CONTENT="av"/><SP WIDTH="18" VPOS="1925" HPOS="1397"/>
							<String ID="string_306" HPOS="1415" VPOS="1916" WIDTH="39" HEIGHT="29" WC="0.96" CONTENT="50"/><SP WIDTH="12" VPOS="1916" HPOS="1454"/>
							<String ID="string_307" HPOS="1466" VPOS="1916" WIDTH="59" HEIGHT="28" WC="0.95" CONTENT="000"/><SP WIDTH="17" VPOS="1916" HPOS="1525"/>
							<String ID="string_308" HPOS="1542" VPOS="1912" WIDTH="48" HEIGHT="31" WC="0.96" CONTENT="kr."/>
						</TextLine>
					</TextBlock>
				</ComposedBlock>
				<ComposedBlock ID="cblock_4" HPOS="503" VPOS="2086" WIDTH="684" HEIGHT="52">
					<TextBlock ID="block_6" HPOS="503" VPOS="2086" WIDTH="684" HEIGHT="52">
						<TextLine ID="line_32" HPOS="503" VPOS="2086" WIDTH="684" HEIGHT="52">
							<String ID="string_309" HPOS="503" VPOS="2092" WIDTH="273" HEIGHT="46" WC="0.93" CONTENT="Pedagogiskt"/><SP WIDTH="19" VPOS="2092" HPOS="776"/>
							<String ID="string_310" HPOS="795" VPOS="2086" WIDTH="392" HEIGHT="45" WC="0.87" CONTENT="utvecklingsarbete"/>
						</TextLine>
					</TextBlock>
				</ComposedBlock>
				<ComposedBlock ID="cblock_5" HPOS="104" VPOS="2186" WIDTH="1493" HEIGHT="319">
					<TextBlock ID="block_7" HPOS="104" VPOS="2186" WIDTH="1493" HEIGHT="319">
						<TextLine ID="line_33" HPOS="144" VPOS="2186" WIDTH="1452" HEIGHT="60">
							<String ID="string_311" HPOS="144" VPOS="2206" WIDTH="67" HEIGHT="40" WC="0.92" CONTENT="9:0)"/><SP WIDTH="24" VPOS="2206" HPOS="211"/>
							<String ID="string_312" HPOS="235" VPOS="2206" WIDTH="137" HEIGHT="31" WC="0.93" CONTENT="Statens"/><SP WIDTH="32" VPOS="2206" HPOS="372"/>
							<String ID="string_313" HPOS="404" VPOS="2200" WIDTH="246" HEIGHT="34" WC="0.91" CONTENT="försöksskola"/><SP WIDTH="32" VPOS="2200" HPOS="650"/>
							<String ID="string_314" HPOS="682" VPOS="2200" WIDTH="13" HEIGHT="29" WC="0.96" CONTENT="i"/><SP WIDTH="31" VPOS="2200" HPOS="695"/>
							<String ID="string_315" HPOS="726" VPOS="2197" WIDTH="219" HEIGHT="39" WC="0.96" CONTENT="Linköping:"/><SP WIDTH="47" VPOS="2197" HPOS="945"/>
							<String ID="string_316" HPOS="992" VPOS="2193" WIDTH="227" HEIGHT="38" WC="0.90" CONTENT="Avlöningar."/><SP WIDTH="46" VPOS="2193" HPOS="1219"/>
							<String ID="string_317" HPOS="1265" VPOS="2189" WIDTH="123" HEIGHT="39" WC="0.93" CONTENT="Kungl."/><SP WIDTH="23" VPOS="2189" HPOS="1388"/>
							<String ID="string_318" HPOS="1411" VPOS="2187" WIDTH="104" HEIGHT="38" WC="0.96" CONTENT="Maj:t"/><SP WIDTH="21" VPOS="2187" HPOS="1515"/>
							<String ID="string_319" HPOS="1536" VPOS="2186" WIDTH="60" HEIGHT="31" WC="0.96" CONTENT="har"/>
						</TextLine>
						<TextLine ID="line_34" HPOS="105" VPOS="2240" WIDTH="1490" HEIGHT="61">
							<String ID="string_320" HPOS="105" VPOS="2259" WIDTH="124" HEIGHT="42" WC="0.93" CONTENT="(punkt"/><SP WIDTH="20" VPOS="2259" HPOS="229"/>
							<String ID="string_321" HPOS="249" VPOS="2258" WIDTH="73" HEIGHT="35" WC="0.85" CONTENT="D9,"/><SP WIDTH="20" VPOS="2258" HPOS="322"/>
							<String ID="string_322" HPOS="342" VPOS="2267" WIDTH="24" HEIGHT="20" WC="0.90" CONTENT="s."/><SP WIDTH="20" VPOS="2267" HPOS="366"/>
							<String ID="string_323" HPOS="386" VPOS="2259" WIDTH="61" HEIGHT="28" WC="0.96" CONTENT="208"/><SP WIDTH="19" VPOS="2259" HPOS="447"/>
							<String ID="string_324" HPOS="466" VPOS="2254" WIDTH="61" HEIGHT="31" WC="0.96" CONTENT="och"/><SP WIDTH="20" VPOS="2254" HPOS="527"/>
							<String ID="string_325" HPOS="547" VPOS="2254" WIDTH="75" HEIGHT="39" WC="0.96" CONTENT="209)"/><SP WIDTH="23" VPOS="2254" HPOS="622"/>
							<String ID="string_326" HPOS="645" VPOS="2250" WIDTH="166" HEIGHT="39" WC="0.95" CONTENT="föreslagit"/><SP WIDTH="19" VPOS="2250" HPOS="811"/>
							<String ID="string_327" HPOS="830" VPOS="2248" WIDTH="175" HEIGHT="39" WC="0.96" CONTENT="riksdagen"/><SP WIDTH="19" VPOS="2248" HPOS="1005"/>
							<String ID="string_328" HPOS="1024" VPOS="2249" WIDTH="54" HEIGHT="28" WC="0.96" CONTENT="att"/><SP WIDTH="19" VPOS="2249" HPOS="1078"/>
							<String ID="string_329" HPOS="1097" VPOS="2245" WIDTH="68" HEIGHT="30" WC="0.96" CONTENT="dels"/><SP WIDTH="20" VPOS="2245" HPOS="1165"/>
							<String ID="string_330" HPOS="1185" VPOS="2243" WIDTH="176" HEIGHT="40" WC="0.96" CONTENT="godkänna"/><SP WIDTH="20" VPOS="2243" HPOS="1361"/>
							<String ID="string_331" HPOS="1381" VPOS="2251" WIDTH="42" HEIGHT="21" WC="0.93" CONTENT="av"/><SP WIDTH="21" VPOS="2251" HPOS="1423"/>
							<String ID="string_332" HPOS="1444" VPOS="2240" WIDTH="151" HEIGHT="38" WC="0.92" CONTENT="departe-"/>
						</TextLine>
						<TextLine ID="line_35" HPOS="104" VPOS="2290" WIDTH="1492" HEIGHT="58">
							<String ID="string_333" HPOS="104" VPOS="2310" WIDTH="225" HEIGHT="35" WC="0.91" CONTENT="mentschefen"/><SP WIDTH="18" VPOS="2310" HPOS="329"/>
							<String ID="string_334" HPOS="347" VPOS="2308" WIDTH="141" HEIGHT="40" WC="0.93" CONTENT="angiven"/><SP WIDTH="18" VPOS="2308" HPOS="488"/>
							<String ID="string_335" HPOS="506" VPOS="2305" WIDTH="243" HEIGHT="38" WC="0.91" CONTENT="avlöningsstat"/><SP WIDTH="17" VPOS="2305" HPOS="749"/>
							<String ID="string_336" HPOS="766" VPOS="2303" WIDTH="50" HEIGHT="30" WC="0.96" CONTENT="för"/><SP WIDTH="19" VPOS="2303" HPOS="816"/>
							<String ID="string_337" HPOS="835" VPOS="2304" WIDTH="127" HEIGHT="28" WC="0.96" CONTENT="statens"/><SP WIDTH="18" VPOS="2304" HPOS="962"/>
							<String ID="string_338" HPOS="980" VPOS="2297" WIDTH="221" HEIGHT="32" WC="0.92" CONTENT="försöksskola"/><SP WIDTH="19" VPOS="2297" HPOS="1201"/>
							<String ID="string_339" HPOS="1220" VPOS="2295" WIDTH="9" HEIGHT="31" WC="0.96" CONTENT="i"/><SP WIDTH="18" VPOS="2295" HPOS="1229"/>
							<String ID="string_340" HPOS="1247" VPOS="2293" WIDTH="195" HEIGHT="39" WC="0.96" CONTENT="Linköping,"/><SP WIDTH="19" VPOS="2293" HPOS="1442"/>
							<String ID="string_341" HPOS="1461" VPOS="2296" WIDTH="53" HEIGHT="27" WC="0.93" CONTENT="att"/><SP WIDTH="18" VPOS="2296" HPOS="1514"/>
							<String ID="string_342" HPOS="1532" VPOS="2290" WIDTH="64" HEIGHT="31" WC="0.92" CONTENT="till-"/>
						</TextLine>
						<TextLine ID="line_36" HPOS="104" VPOS="2342" WIDTH="1493" HEIGHT="62">
							<String ID="string_343" HPOS="104" VPOS="2368" WIDTH="129" HEIGHT="36" WC="0.92" CONTENT="lämpas"/><SP WIDTH="19" VPOS="2368" HPOS="233"/>
							<String ID="string_344" HPOS="252" VPOS="2364" WIDTH="65" HEIGHT="30" WC="0.96" CONTENT="tills"/><SP WIDTH="20" VPOS="2364" HPOS="317"/>
							<String ID="string_345" HPOS="337" VPOS="2362" WIDTH="112" HEIGHT="30" WC="0.96" CONTENT="vidare"/><SP WIDTH="19" VPOS="2362" HPOS="449"/>
							<String ID="string_346" HPOS="468" VPOS="2360" WIDTH="39" HEIGHT="30" WC="0.93" CONTENT="fr."/><SP WIDTH="20" VPOS="2360" HPOS="507"/>
							<String ID="string_347" HPOS="527" VPOS="2370" WIDTH="29" HEIGHT="20" WC="0.91" CONTENT="o."/><SP WIDTH="20" VPOS="2370" HPOS="556"/>
							<String ID="string_348" HPOS="576" VPOS="2369" WIDTH="43" HEIGHT="20" WC="0.89" CONTENT="m."/><SP WIDTH="20" VPOS="2369" HPOS="619"/>
							<String ID="string_349" HPOS="639" VPOS="2355" WIDTH="199" HEIGHT="40" WC="0.94" CONTENT="budgetåret"/><SP WIDTH="22" VPOS="2355" HPOS="838"/>
							<String ID="string_350" HPOS="860" VPOS="2353" WIDTH="152" HEIGHT="35" WC="0.92" CONTENT="1965/66,"/><SP WIDTH="21" VPOS="2353" HPOS="1012"/>
							<String ID="string_351" HPOS="1033" VPOS="2351" WIDTH="69" HEIGHT="30" WC="0.95" CONTENT="dels"/><SP WIDTH="19" VPOS="2351" HPOS="1102"/>
							<String ID="string_352" HPOS="1121" VPOS="2349" WIDTH="49" HEIGHT="31" WC="0.96" CONTENT="till"/><SP WIDTH="21" VPOS="2349" HPOS="1170"/>
							<String ID="string_353" HPOS="1191" VPOS="2348" WIDTH="134" HEIGHT="32" WC="0.93" CONTENT="Statens"/><SP WIDTH="20" VPOS="2348" HPOS="1325"/>
							<String ID="string_354" HPOS="1345" VPOS="2344" WIDTH="219" HEIGHT="33" WC="0.92" CONTENT="försöksskola"/><SP WIDTH="23" VPOS="2344" HPOS="1564"/>
							<String ID="string_355" HPOS="1587" VPOS="2342" WIDTH="10" HEIGHT="31" WC="0.96" CONTENT="i"/>
						</TextLine>
						<TextLine ID="line_37" HPOS="106" VPOS="2398" WIDTH="1490" HEIGHT="58">
							<String ID="string_356" HPOS="106" VPOS="2417" WIDTH="197" HEIGHT="39" WC="0.93" CONTENT="Linköping:"/><SP WIDTH="29" VPOS="2417" HPOS="303"/>
							<String ID="string_357" HPOS="332" VPOS="2413" WIDTH="203" HEIGHT="39" WC="0.92" CONTENT="Avlöningar"/><SP WIDTH="29" VPOS="2413" HPOS="535"/>
							<String ID="string_358" HPOS="564" VPOS="2411" WIDTH="51" HEIGHT="31" WC="0.96" CONTENT="för"/><SP WIDTH="29" VPOS="2411" HPOS="615"/>
							<String ID="string_359" HPOS="644" VPOS="2408" WIDTH="198" HEIGHT="40" WC="0.95" CONTENT="budgetåret"/><SP WIDTH="32" VPOS="2408" HPOS="842"/>
							<String ID="string_360" HPOS="874" VPOS="2405" WIDTH="143" HEIGHT="36" WC="0.91" CONTENT="1965/66"/><SP WIDTH="30" VPOS="2405" HPOS="1017"/>
							<String ID="string_361" HPOS="1047" VPOS="2402" WIDTH="115" HEIGHT="32" WC="0.96" CONTENT="anvisa"/><SP WIDTH="31" VPOS="2402" HPOS="1162"/>
							<String ID="string_362" HPOS="1193" VPOS="2405" WIDTH="50" HEIGHT="27" WC="0.93" CONTENT="ett"/><SP WIDTH="29" VPOS="2405" HPOS="1243"/>
							<String ID="string_363" HPOS="1272" VPOS="2398" WIDTH="252" HEIGHT="40" WC="0.90" CONTENT="förslagsanslag"/><SP WIDTH="29" VPOS="2398" HPOS="1524"/>
							<String ID="string_364" HPOS="1553" VPOS="2406" WIDTH="43" HEIGHT="21" WC="0.96" CONTENT="av"/>
						</TextLine>
						<TextLine ID="line_38" HPOS="108" VPOS="2469" WIDTH="231" HEIGHT="36">
							<String ID="string_365" HPOS="108" VPOS="2475" WIDTH="91" HEIGHT="30" WC="0.88" CONTENT="1914"/><SP WIDTH="12" VPOS="2475" HPOS="199"/>
							<String ID="string_366" HPOS="211" VPOS="2474" WIDTH="60" HEIGHT="28" WC="0.95" CONTENT="000"/><SP WIDTH="20" VPOS="2474" HPOS="271"/>
							<String ID="string_367" HPOS="291" VPOS="2469" WIDTH="48" HEIGHT="31" WC="0.95" CONTENT="kr."/>
						</TextLine>
					</TextBlock>
				</ComposedBlock>
			</PrintSpace>
		</Page>
	</Layout>
</alto>
