1928 2852
589 178 102 28 Andra
715 177 195 37 lagutskottets
933 175 146 29 utlåtande
1101 175 48 27 Nr
1170 171 50 31 31.
1641 168 16 30 7

834 496 60 41 Nr
926 496 60 40 31.

559 602 126 28 Ankom
709 601 49 28 till
782 599 189 36 riksdagens
995 597 104 28 kansli
1123 597 59 28 den
1209 597 16 27 2
1249 596 64 36 maj
1342 595 78 28 1930
1444 594 41 28 kl.
1513 594 34 27 11
1573 593 21 28 f.
1620 602 40 18 m.

474 694 194 37 Utlåtande
696 693 14 35 i
736 692 194 47 anledning
960 703 44 23 av
1032 689 133 49 Kungl.
1197 688 128 48 Maj:ts
1343 687 225 48 proposition
1596 698 65 23 an-

567 746 137 49 gående
736 743 266 50 godkännande
1039 754 44 23 av
1115 741 96 36 vissa
1239 739 204 48 ändringar
1471 738 13 35 i
1512 738 67 36 den
1607 737 54 35 in-

570 796 245 38 ternationella
846 793 427 50 luftfartskonventionen.

211 903 132 32 Genom
368 913 41 21 en
434 901 67 32 den
526 901 38 31 12
587 910 90 21 mars
703 898 81 32 1930
807 897 52 32 till
879 896 185 41 riksdagen
1088 893 178 33 avlämnad
1288 892 229 43 proposition,
1534 903 41 20 nr
1593 891 69 38 186,

157 954 112 31 vilken
303 953 178 32 hänvisats
513 951 53 32 till
598 949 190 43 lagutskott
822 948 64 32 och
919 946 206 33 behandlats
1152 956 40 21 av
1215 944 106 32 andra
1343 943 234 42 lagutskottet,
1602 941 62 32 har

157 1005 126 41 Kungl.
318 1004 107 41 Maj:t,
461 1002 109 32 under
603 1000 218 42 åberopande
855 1010 40 20 av
929 997 262 42 propositionen
1225 995 109 41 bilagt
1356 993 123 42 utdrag
1502 1004 40 20 av
1565 994 98 31 stats-

157 1054 291 42 rådsprotokollet
481 1053 52 31 för
565 1048 467 35 kommunikationsärenden
1066 1047 52 32 för
1151 1046 66 32 den
1241 1046 39 31 28
1303 1044 150 32 februari
1477 1044 82 31 1930
1581 1043 83 32 före-

159 1106 101 42 slagit
281 1105 186 41 riksdagen
491 1105 49 30 att
570 1102 181 42 godkänna
773 1101 42 31 de
838 1100 12 31 i
874 1097 379 43 statsrådsprotokollet
1276 1095 233 38 omförmälda,
1534 1105 41 20 av
1597 1093 67 32 den

158 1156 279 32 internationella
469 1151 424 35 luftfartskommissionen
926 1148 181 33 beslutade
1140 1147 228 41 ändringarna
1400 1146 13 31 i
1443 1145 65 32 den
1531 1145 11 31 i
1566 1144 98 31 Paris

160 1208 73 47 den
250 1207 39 31 13
312 1206 146 32 oktober
482 1205 80 31 1919
585 1202 277 33 undertecknade
886 1198 417 34 luftfartskonventionen.

212 1257 249 41 Ändringarna,
497 1266 73 21 som
597 1265 80 21 avse
700 1253 185 32 artiklarna
908 1252 28 38 3,
961 1252 28 37 5,
1015 1251 27 39 7,
1067 1250 48 39 15,
1139 1250 50 38 34,
1213 1249 49 38 37,
1286 1248 51 39 40,
1360 1249 39 30 41
1425 1247 64 32 och
1511 1247 41 31 42
1577 1247 88 31 samt

159 1308 273 33 konventionens
456 1304 341 39 slutbestämmelser,
821 1305 59 30 äro
903 1301 166 43 följande:

357 1429 190 38 (Nuvarande
570 1426 125 39 lydelse.)

943 1398 57 38 (Av
1023 1396 353 38 luftfartskommissionen
1398 1394 128 30 beslutad
1549 1394 115 29 ändrad

1235 1437 124 37 lydelse.)

819 1506 133 33 Artikel
975 1507 28 30 3.

213 1573 53 31 En
290 1583 58 21 var
370 1583 41 20 av
434 1571 42 32 de
499 1567 317 44 fördragsslutande
833 1568 63 30 sta-

162 1618 96 30 terna
274 1617 36 29 är
325 1613 196 41 berättigad
537 1615 50 29 att
602 1623 40 21 av
658 1611 148 31 militära
823 1609 73 32 skäl

161 1658 83 32 eller
277 1668 40 20 av
350 1657 136 41 hänsyn
512 1655 53 32 till
588 1654 127 31 allmän
739 1652 158 32 säkerhet

161 1699 159 42 förbjuda
353 1699 185 40 luftfartyg,
573 1693 324 35 hemmahörande
874 1689 25 56 i

161 1753 112 20 annan
307 1739 318 43 fördragsslutande
660 1740 77 36 stat,
761 1739 50 29 att
836 1737 61 30 fär-

162 1785 61 31 das
240 1786 80 29 över
335 1783 92 32 vissa
444 1782 162 32 områden
621 1781 94 31 inom
733 1780 61 32 sitt
805 1778 93 33 terri-

162 1827 125 31 torium
320 1825 59 32 vid
412 1827 141 39 äventyr
580 1835 40 20 av
643 1823 12 31 i
679 1825 130 30 statens
832 1822 66 40 lag-

163 1869 157 40 stiftning
343 1868 149 31 bestämt
516 1867 96 31 straff
635 1867 88 30 samt
743 1864 78 32 med
836 1865 63 31 för-

161 1911 114 31 behåll
298 1912 50 29 att
374 1910 12 31 i
414 1910 94 31 detta
529 1908 197 32 hänseende
748 1908 74 30 icke
845 1909 55 29 nå-

162 1964 66 30 gon
252 1952 185 31 åtskillnad
460 1951 86 31 skall
563 1952 100 40 göras
679 1950 123 31 mellan
819 1949 81 31 dess

164 2007 86 29 egna
277 1994 64 32 och
364 1993 66 32 den
454 1993 106 31 andra
581 1991 319 42 fördragsslutande

163 2039 131 30 statens
317 2036 133 42 privata
473 2035 185 42 luftfartyg.

216 2122 17 30 I
268 2123 36 29 så
337 2120 59 32 fall
420 2120 96 32 skola
538 2120 91 41 läget
652 2119 63 32 och
740 2118 161 32 utsträck-

165 2164 125 41 ningen
314 2175 40 19 av
378 2163 42 31 de
443 2162 184 41 förbjudna
651 2161 183 31 områdena
856 2163 45 39 på

163 2206 146 31 förhand
346 2205 255 41 offentliggöras
640 2204 64 31 och
748 2203 152 42 delgivas

165 2248 115 41 övriga
302 2246 317 43 fördragsslutande
644 2248 114 29 stater.

985 1564 54 31 En
1062 1574 58 21 var
1143 1574 39 20 av
1206 1562 41 32 de
1270 1560 317 43 fördragsslutande
1604 1562 64 30 sta-

933 1609 97 30 terna
1052 1608 37 29 är
1103 1604 192 42 berättigad
1312 1606 50 29 att
1378 1615 40 20 av
1434 1603 148 32 militära
1594 1603 74 31 skäl

934 1650 83 31 eller
1049 1660 40 20 av
1122 1648 133 41 hänsyn
1285 1647 52 31 till
1361 1646 125 32 allmän
1510 1645 159 32 säkerhet

933 1691 159 42 förbjuda
1120 1690 186 41 luftfartyg,
1342 1688 289 32 hemmahörande
1658 1687 12 31 i

935 1745 112 21 annan
1085 1731 316 43 fördragsslutande
1436 1732 76 37 stat,
1537 1732 50 30 att
1608 1730 61 31 fär-

935 1777 62 31 das
1013 1778 80 29 över
1107 1775 93 32 vissa
1216 1774 162 32 områden
1395 1773 94 32 inom
1504 1773 61 31 sitt
1577 1772 93 32 terri-

935 1819 135 38 torium,
1105 1817 58 33 vid
1196 1818 142 40 äventyr
1360 1827 40 20 av
1423 1816 42 31 de
1488 1815 180 42 påföljder,

935 1862 89 30 vilka
1061 1860 138 41 stadgas
1232 1859 12 31 i
1278 1860 132 30 statens
1444 1857 224 41 lagstiftning,

937 1905 88 30 samt
1047 1903 78 31 med
1147 1901 168 32 förbehåll
1337 1902 50 30 att
1408 1900 12 31 i
1443 1900 94 31 detta
1552 1900 119 31 hänse-

937 1945 86 32 ende
1046 1945 73 31 icke
1139 1946 111 39 någon
1266 1942 185 33 åtskillnad
1468 1942 86 31 skall
1570 1943 100 40 göras

937 1987 123 32 mellan
1092 1987 79 31 dess
1195 1997 85 30 egna
1303 1985 64 32 och
1390 1984 66 32 den
1480 1984 106 31 andra
1608 1984 63 31 för-

937 2028 262 43 dragsslutande
1244 2029 132 30 statens
1420 2026 133 41 privata
1596 2026 75 31 luft-

937 2073 119 40 fartyg.

994 2114 50 32 En
1077 2125 57 21 var
1162 2124 40 21 av
1225 2114 38 30 de
1277 2111 309 42 fördragsslutande
1608 2113 64 29 sta-

939 2160 89 29 terna
1056 2158 51 30 må
1129 2155 234 40 undantagsvis
1385 2154 54 31 och
1455 2153 60 40 för
1538 2155 49 30 att
1611 2154 61 31 till-

935 2200 112 40 godose
1080 2199 59 31 den
1172 2198 164 31 allmänna
1357 2195 185 33 säkerheten
1566 2195 106 32 tillåta

937 2242 71 31 dess
1040 2252 81 29 egna
1154 2239 179 41 luftfartyg
1368 2241 49 29 att
1443 2238 124 40 färdas
1600 2240 72 29 över

937 2284 142 30 nämnda
1094 2282 183 40 förbjudna
1300 2281 159 31 områden.

990 2326 107 40 Läget
1134 2324 63 31 och
1235 2322 281 41 utsträckningen
1554 2333 40 19 av
1629 2321 42 31 de

935 2366 184 42 förbjudna
1141 2365 184 32 områdena
1347 2364 89 32 skola
1456 2365 44 39 på
1526 2363 146 31 förhand

937 2408 254 42 offentliggöras
1226 2406 73 38 och,
1324 2406 112 31 liksom
1463 2406 37 31 de
1525 2405 147 32 tillstånd

935 2462 64 21 som
1033 2449 235 41 undantagsvis
1300 2448 174 32 meddelats
1506 2447 70 32 med
1601 2448 71 31 stöd

937 2505 39 20 av
1005 2493 196 40 föregående
1236 2493 143 36 moment,
1414 2489 151 42 delgivas
1603 2489 67 32 alla
