1868 2788
264 123 18 28 2
646 121 122 29 Första
794 119 246 40 lagutskottets
1066 118 179 30 utlåtande
1269 126 44 21 nr
1337 117 51 31 18.

268 205 53 29 för
344 206 93 29 detta
459 204 99 39 höjes
581 204 52 30 till
656 204 78 38 fyra
757 204 48 29 år.
829 203 305 39 Straffskärpning
1158 202 154 29 inträder
1336 200 191 32 emellertid
1549 201 56 29 för
1628 201 56 29 det
1707 200 61 30 fall

268 257 49 28 att
342 255 127 30 brottet
495 255 146 29 innebar
667 254 75 30 fara
768 254 54 29 för
848 254 105 29 rikets
979 252 404 40 självbestämningsrätt
1409 251 81 30 eller
1515 253 78 28 dess
1622 251 146 39 fredliga

269 306 219 29 förhållande
506 306 51 29 till
577 306 220 29 främmande
816 305 106 29 makt.
942 304 236 31 Straffskalan
1198 305 168 38 upptager
1385 303 54 29 för
1458 303 94 29 detta
1572 303 61 29 fall
1652 303 118 29 straff-

268 357 116 29 arbete
407 357 9 27 i
441 357 88 38 lägst
552 358 47 27 ett
624 356 64 28 och
712 356 101 37 högst
838 364 57 20 sex
921 354 47 30 år.
993 354 67 30 Om
1083 354 90 29 riket
1197 363 60 20 var
1280 354 10 28 i
1316 352 87 40 krig,
1427 353 100 39 höjes
1553 352 140 30 straffet
1716 352 51 30 till

269 406 223 30 straffarbete
511 406 9 28 i
540 406 88 39 lägst
648 406 76 38 fyra
743 406 64 28 och
825 406 100 38 högst
943 405 47 30 tio
1011 405 37 29 år
1067 405 81 30 eller
1168 404 43 39 på
1229 404 127 30 livstid.

310 459 144 29 Straffet
481 459 53 29 för
562 458 152 40 spioneri
740 459 63 28 har
831 460 85 27 satts
943 458 50 29 till
1023 457 223 30 straffarbete
1273 457 10 28 i
1311 457 100 38 högst
1439 465 58 20 sex
1523 456 38 29 år
1588 457 92 35 eller,
1707 457 62 28 där

263 508 128 30 brottet
416 518 59 20 var
500 508 109 39 ringa,
636 507 164 40 fängelse.
827 508 57 29 Att
911 507 153 39 fängelse
1090 506 185 40 medtagits
1301 507 10 29 i
1337 506 232 30 straffskalan
1596 516 174 20 samman-

264 559 132 38 hänger
418 560 78 29 med
519 561 49 27 att
591 559 67 34 det,
681 559 10 29 i
714 558 228 30 betraktande
964 568 41 20 av
1029 560 50 27 att
1101 557 19 29 4
1145 556 14 36 $
1185 557 167 29 omfattar
1375 558 87 28 även
1485 557 187 39 gärningar
1694 566 75 19 som

265 609 60 30 ske
346 611 78 28 med
445 610 147 29 allenast
613 608 152 31 indirekt
786 609 81 29 eller
888 609 185 29 eventuellt
1094 608 126 40 uppsåt
1242 609 49 28 att
1312 607 216 40 tillhandagå
1550 607 219 29 främmande

265 660 107 34 makt,
396 660 63 30 har
480 661 132 28 ansetts
635 659 167 30 önskvärt
824 661 49 28 att
895 660 10 28 i
927 659 62 29 fall
1009 660 65 29 där
1097 658 102 30 faran
1219 667 60 21 var
1301 658 100 39 ringa
1423 658 120 29 kunna
1566 659 125 28 stanna
1713 657 57 30 vid

265 710 154 30 nämnda
441 709 170 30 straffart.
634 710 67 29 För
722 718 104 31 grova
846 710 60 29 fall
928 719 41 20 av
991 708 153 39 spioneri
1165 710 38 28 är
1223 709 17 28 5
1264 707 15 36 8
1303 709 138 29 avsedd.
1464 707 121 30 Denna
1607 708 163 39 paragraf

265 762 170 37 upptager
456 770 41 20 en
519 760 234 30 strafflatitud
774 769 41 20 av
837 758 223 31 straffarbete
1081 759 79 29 från
1181 759 63 29 och
1266 760 79 28 med
1367 759 78 37 fyra
1465 758 52 29 till
1539 758 64 29 och
1624 758 78 29 med
1723 757 48 30 tio

265 809 37 31 år
327 810 82 29 eller
433 810 44 39 på
501 810 126 30 livstid.
654 810 66 30 För
744 810 163 39 obehörig
930 809 198 40 befattning
1151 810 78 29 med
1253 809 129 39 hemlig
1406 808 138 39 uppgift
1569 809 39 29 är
1632 808 139 30 straffet

272 860 105 29 minst
400 859 108 39 lägsta
530 860 205 29 bötesstraff
757 860 63 28 och
842 860 99 37 högst
964 858 223 30 straffarbete
1209 858 9 28 i
1241 858 56 29 två
1319 858 38 29 år
1378 858 91 33 eller,
1492 866 56 20 om
1570 857 90 30 riket
1681 866 59 20 var
1763 857 9 28 i

266 910 86 39 krig,
376 911 100 39 högst
500 910 223 31 straffarbete
745 912 10 28 i
779 911 78 38 fyra
878 911 47 29 år.
950 910 145 30 Straffet
1118 910 55 30 för
1194 909 218 31 vårdslöshet
1435 910 78 29 med
1535 909 130 39 hemlig
1687 918 85 30 upp-

267 961 63 39 gift
355 963 38 28 är
417 961 153 39 fängelse
595 962 81 29 eller
700 961 96 30 böter
820 971 79 19 men
922 961 79 35 kan,
1027 970 56 20 om
1108 961 89 29 riket
1221 970 61 20 var
1305 961 9 28 i
1340 960 86 39 krig,
1450 960 102 39 höjas
1577 959 52 29 till
1653 959 119 30 straff-

266 1011 117 30 arbete
404 1012 9 28 i
435 1011 100 39 högst
556 1012 57 29 två
634 1012 48 30 år.

311 1061 194 31 Straffbara
545 1062 44 39 på
628 1061 266 30 försöksstadiet
934 1062 60 29 äro
1032 1060 251 39 högförräderi,
1312 1061 168 29 trolöshet
1507 1060 11 29 i
1547 1060 225 39 förhandling

266 1113 79 29 med
365 1111 221 31 främmande
606 1112 108 34 makt,
736 1112 161 39 spioneri,
918 1114 97 37 grovt
1036 1112 151 39 spioneri
1208 1111 64 29 och
1293 1111 163 39 obehörig
1476 1110 197 40 befattning
1694 1111 77 29 med

266 1162 129 40 hemlig
423 1162 147 39 uppgift.
599 1162 80 30 Som
706 1162 120 30 försök
852 1163 51 29 till
930 1161 252 40 högförräderi,
1208 1162 169 29 trolöshet
1404 1161 9 29 i
1441 1161 227 39 förhandling
1694 1161 79 29 med

267 1212 221 30 främmande
508 1213 97 29 makt
626 1213 82 29 eller
729 1214 95 38 grovt
846 1212 149 40 spioneri
1017 1213 69 29 kan
1107 1222 82 20 vara
1209 1222 40 19 av
1270 1212 222 38 synnerligen
1512 1211 105 39 farlig
1635 1211 137 29 beskaf-

268 1263 129 34 fenhet,
427 1264 64 29 har
518 1262 58 30 vid
601 1263 125 29 försök
753 1263 51 29 till
835 1263 122 29 sådant
985 1263 93 29 brott
1106 1263 149 39 öppnats
1284 1262 183 39 möjlighet
1496 1264 50 27 att
1575 1261 115 30 såsom
1719 1262 53 29 för

267 1313 56 29 det
343 1312 218 30 fullbordade
580 1313 128 29 brottet
727 1314 103 29 döma
848 1312 51 30 till
920 1312 223 29 straffarbete
1162 1312 43 39 på
1225 1312 127 29 livstid.
1372 1311 259 40 Högförräderi,
1651 1312 122 29 trolös-

266 1363 57 29 het
349 1363 10 29 i
384 1362 227 40 förhandling
635 1364 78 29 med
738 1362 219 30 främmande
983 1363 108 34 makt,
1118 1362 151 39 spioneri
1294 1363 64 28 och
1384 1362 96 39 grovt
1506 1362 153 39 spioneri
1684 1363 89 29 samt

267 1413 165 40 obehörig
450 1413 198 40 befattning
667 1415 77 29 med
765 1413 128 39 hemlig
912 1413 138 39 uppgift
1070 1413 121 29 kunna
1211 1413 105 29 också
1337 1413 144 29 straffas
1502 1412 43 40 på
1567 1412 206 30 förberedel-

268 1463 174 30 sestadiet.
462 1464 47 29 På
527 1465 114 36 grund
659 1473 41 20 av
718 1464 150 29 särskild
886 1463 244 29 bestämmelse
1148 1462 11 29 i
1180 1463 35 28 11
1239 1462 15 35 $
1275 1463 89 29 skall
1384 1463 189 39 stämpling
1591 1463 63 29 här
1673 1472 100 21 anses

267 1512 117 31 såsom
407 1512 241 31 förberedelse.
673 1513 115 40 Enligt
811 1514 153 30 nämnda
986 1514 165 39 paragraf
1174 1512 265 40 straffbelägges
1463 1513 164 39 slutligen
1651 1521 122 31 genom

267 1563 211 41 hänvisning
496 1563 53 30 till
569 1564 18 30 3
608 1565 79 38 kap.
707 1564 266 29 underlåtenhet
993 1565 50 28 att
1062 1563 135 40 avslöja
1216 1564 251 38 högförräderi,
1487 1564 169 29 trolöshet
1675 1564 10 28 i
1705 1563 68 30 för-

266 1614 169 40 handling
456 1616 78 28 med
556 1613 258 30 främmmande
834 1614 106 33 makt,
960 1614 155 39 spioneri
1136 1614 81 29 eller
1239 1615 97 37 grovt
1358 1614 161 38 spioneri.

313 1664 145 30 Straffet
481 1665 53 29 för
557 1664 161 29 oaktsam
741 1664 210 29 medverkan
975 1664 51 29 till
1049 1664 252 38 högförräderi,
1324 1664 169 29 trolöshet
1515 1664 10 28 i
1549 1664 226 39 förhandling

267 1715 79 29 med
370 1714 221 30 främmande
615 1714 108 35 makt,
748 1712 151 40 spioneri
923 1714 81 29 eller
1029 1716 98 37 grovt
1152 1713 151 40 spioneri
1327 1714 65 30 har
1415 1714 54 29 för
1493 1713 202 31 normalfall
1718 1714 56 30 be-

269 1766 124 29 stämts
414 1766 51 29 till
487 1765 155 39 fängelse
664 1765 80 29 eller
765 1765 106 29 böter.
894 1764 64 29 Om
980 1765 90 29 riket
1091 1774 61 19 var
1173 1765 9 28 i
1203 1765 86 38 krig,
1311 1766 37 27 är
1370 1764 139 30 straffet
1532 1765 101 38 högst
1655 1765 118 29 straff-

268 1816 117 29 arbete
405 1816 9 28 i
434 1815 55 30 två
509 1816 47 29 år.

312 1864 66 32 Till
406 1864 418 31 straffbestämmelserna
850 1866 9 28 i
886 1864 18 29 8
932 1864 77 40 kap.
1038 1864 155 30 ansluter
1221 1865 50 40 sig
1298 1866 47 28 ett
1373 1865 190 38 stadgande
1590 1865 10 28 i
1628 1865 38 29 27
1695 1865 78 39 kap.

271 1916 38 29 16
333 1915 27 36 3.
390 1916 5 28 I
417 1917 66 28 den
504 1915 82 29 mån
607 1917 57 28 det
686 1917 76 28 med
784 1915 136 38 hänsyn
942 1915 50 29 till
1015 1915 185 39 krigsfara,
1222 1916 73 29 vari
1316 1915 90 29 riket
1428 1915 160 29 befinner
1610 1916 60 38 sig,
1693 1916 80 28 eller

268 1966 110 30 andra
401 1976 40 19 av
463 1966 76 39 krig
561 1965 205 30 föranledda
788 1966 292 38 utomordentliga
1102 1965 245 30 förhållanden
1369 1964 115 31 finnes
1506 1965 166 40 påkallat,
1695 1967 79 38 äger

269 2016 177 39 nämligen
469 2016 106 39 enligt
599 2016 114 30 denna
738 2016 164 38 paragraf
927 2015 194 40 Konungen
1147 2015 176 34 förordna,
1349 2017 50 28 att
1424 2016 75 33 vad,
1525 2016 107 30 bland
1657 2018 116 31 annat,

268 2066 10 29 i
299 2066 19 29 8
339 2066 79 40 kap.
440 2067 139 39 stadgas
601 2066 54 30 för
676 2066 55 30 det
752 2066 60 29 fall
833 2068 50 28 att
904 2065 88 30 riket
1013 2067 37 29 är
1071 2066 10 29 i
1103 2066 76 39 krig
1198 2066 131 37 jämväl
1351 2066 89 29 skall
1461 2066 9 29 i
1493 2066 205 40 tillämpliga
1718 2067 56 29 de-

269 2116 51 31 lar
340 2117 91 39 gälla
448 2116 222 30 beträffande
689 2116 92 29 brott
801 2124 73 21 som
895 2116 138 30 förövas
1054 2116 111 29 under
1185 2125 117 20 annan
1322 2115 60 30 tid.

313 2192 267 29 Bestämmelser
600 2201 56 20 om
677 2191 193 29 dödsstraff
890 2190 192 31 återfinnas
1104 2191 8 29 i
1133 2191 97 38 lagen
1251 2191 65 29 den
1337 2191 41 28 30
1395 2192 80 38 juni
1495 2191 84 29 1948
1599 2201 53 19 om
1674 2192 101 29 döds-

270 2240 105 40 straff
396 2243 10 28 i
429 2241 89 31 vissa
538 2242 65 39 fall
624 2242 43 29 då
689 2241 88 29 riket
798 2241 39 29 är
858 2242 10 28 i
890 2240 85 39 krig.
998 2241 117 40 Enligt
1137 2241 113 29 denna
1272 2241 69 30 kan
1364 2242 66 29 den
1453 2251 84 25 som,
1560 2242 44 30 då
1625 2243 90 28 riket
1737 2244 37 28 är

269 2292 11 29 i
298 2292 87 39 krig,
406 2293 59 38 gör
485 2293 50 38 sig
555 2292 137 39 skyldig
711 2292 51 29 till
782 2301 130 30 uppror
931 2292 81 29 eller
1032 2291 121 29 försök
1173 2291 116 29 därtill
1309 2292 83 29 eller
1410 2291 103 40 begår
1532 2293 103 33 brott,
1656 2302 117 20 varom

270 2342 165 30 förmäles
457 2343 10 29 i
490 2342 28 35 8,
542 2342 40 29 26
606 2342 82 29 eller
711 2341 38 29 27
773 2343 78 38 kap.
876 2341 216 39 strafflagen,
1116 2342 115 28 därest
1255 2341 222 31 straffarbete
1500 2342 44 40 på
1568 2343 116 30 livstid
1707 2344 68 29 kan

271 2393 87 39 följa
377 2393 19 29 å
414 2393 137 33 brottet,
571 2392 122 30 dömas
712 2390 53 30 till
784 2391 202 30 dödsstraff.
1006 2391 71 29 Har
1098 2391 88 29 riket
1206 2392 147 29 kommit
1372 2392 10 29 i
1402 2392 77 40 krig
1497 2393 64 29 och
1580 2393 65 30 har
1663 2393 112 39 någon

269 2450 124 30 genom
414 2442 145 40 gärning
580 2452 74 20 som
676 2451 81 29 nyss
779 2444 92 36 sagts
891 2441 212 37 väsentligen
1125 2441 148 40 bidragit
1294 2442 50 29 till
1367 2441 257 32 framkallande
1645 2453 41 20 av
1707 2443 68 29 kri-
