1882 2840
313 154 41 29 38
484 156 109 28 Första
619 155 200 29 kammarens
852 154 125 31 första
1001 158 154 34 tillfälliga
1183 158 134 27 utskotts
1345 159 158 27 utlåtande
1529 159 44 27 Nr
1600 160 26 26 9.

1637 301 61 29 Bil.
1722 301 29 29 9.

460 390 197 33 Yttrande
681 402 51 21 av
757 391 252 33 akademiskt
1034 392 161 33 bildade
1220 393 195 32 kvinnors
1440 393 198 42 förening.

437 484 65 30 Till
524 484 109 36 första
654 484 223 31 kammarens
897 485 109 38 första
1028 486 172 38 tillfälliga
1223 487 140 29 utskott.

346 562 94 31 Efter
466 564 176 30 anmodan
667 568 49 27 att
741 565 181 30 inkomma
945 566 80 30 med
1049 567 160 37 yttrande
1233 567 80 30 med
1336 567 187 39 anledning
1549 577 42 20 av
1615 568 41 29 hr
1681 567 114 30 Anton

303 607 194 31 Pettersons
526 618 44 20 m.
602 609 35 30 fl.
668 610 135 30 motion
832 610 10 29 i
872 610 83 30 1:23
986 610 178 39 angående
1198 611 87 30 »viss
1316 612 185 38 utredning
1531 612 147 30 rörande
1710 612 86 38 gifta

302 652 165 30 kvinnors
488 653 210 40 anställning
720 654 11 29 i
753 655 115 38 statlig
888 655 80 30 eller
988 655 205 30 kommunal
1213 656 124 38 tjänst»
1362 659 89 27 samt
1476 657 165 29 »rörande
1661 656 135 39 möjlig-

304 696 140 31 heterna
474 700 50 27 att
553 705 123 31 genom
705 699 149 29 särskild
879 699 368 40 förtidspensionering
1275 701 80 29 eller
1381 700 45 39 på
1454 704 108 26 annat
1590 702 66 29 sätt
1683 700 115 31 förmå

305 742 41 29 de
376 741 84 38 gifta
490 741 197 31 kvinnorna
718 746 50 27 att
798 743 180 30 frånträda
1008 744 75 30 sina
1113 745 176 37 tjänster»,
1320 744 54 31 får
1403 745 227 30 Akademiskt
1661 746 137 29 bildade

303 784 165 32 kvinnors
489 786 159 40 förening
671 788 147 30 härmed
840 788 187 30 framhålla
1049 788 155 39 följande
1226 790 224 38 synpunkter.

348 829 135 39 Frågan
516 840 58 20 om
607 831 63 38 gift
703 832 149 30 kvinnas
888 833 192 38 statstjänst
1112 834 64 29 har
1208 835 111 29 under
1351 835 42 29 de
1426 838 135 26 senaste
1593 834 83 30 åren
1709 834 88 30 flera

301 873 126 40 gånger
455 875 175 39 upptagits
657 876 51 30 till
733 877 213 39 behandling
972 878 11 29 i
1008 878 195 39 riksdagen.
1244 879 50 29 De
1320 878 140 39 förslag,
1488 889 75 20 som
1589 880 120 29 väckts
1738 889 58 20 om

302 919 127 30 förbud
456 919 55 31 för
538 920 63 38 gift
628 921 130 30 kvinna
785 925 50 26 att
861 922 127 30 inneha
1015 923 231 38 statstjänster
1272 924 81 29 eller
1379 927 49 26 att
1456 924 80 29 med
1563 924 94 30 olika
1684 924 114 29 medel

302 962 186 32 framkalla
511 973 42 21 en
577 964 139 40 frivillig
740 965 135 40 avgång
897 967 46 29 ha
967 967 90 29 dock
1080 967 94 38 varje
1197 967 90 39 gång
1310 968 172 38 avslagits.
1518 968 66 30 Vid
1607 969 100 29 dessa
1731 968 65 30 till-

302 1007 106 31 fällen
427 1009 64 30 har
512 1009 203 39 föreningen
736 1010 11 29 i
768 1011 192 30 samarbete
979 1012 80 29 med
1078 1012 110 29 andra
1208 1012 407 39 kvinnoorganisationer
1634 1013 164 30 framfört

301 1053 41 29 de
370 1053 84 36 skäl,
482 1063 76 20 som
585 1055 69 29 tala
681 1058 73 26 mot
781 1055 118 38 dylika
926 1054 167 40 åtgärder.
1134 1055 52 31 Då
1212 1066 48 20 nu
1286 1057 10 29 i
1324 1056 194 40 åberopade
1544 1057 133 30 motion
1703 1056 92 39 ånyo

302 1095 210 40 framläggas
543 1097 128 40 förslag
698 1099 11 29 i
737 1099 165 30 liknande
931 1099 163 39 riktning,
1123 1100 60 30 vill
1211 1101 204 39 föreningen
1444 1102 145 29 härmed
1619 1102 10 29 i
1659 1102 137 29 korthet

301 1141 112 30 erinra
443 1152 59 20 om
532 1143 41 30 de
602 1142 182 40 viktigaste
813 1145 303 29 konsekvenserna
1145 1154 42 20 av
1217 1145 132 30 sådana
1378 1145 168 39 åtgärder.
1589 1146 207 39 Visserligen

301 1185 45 30 ha
366 1186 258 31 motionärerna
645 1188 11 29 i
679 1188 56 30 sitt
758 1188 137 39 slutliga
917 1189 129 38 förslag
1066 1207 44 3 -—
1135 1189 151 39 tydligen
1307 1191 80 29 med
1407 1191 138 37 hänsyn
1566 1191 51 29 till
1637 1191 158 38 behörig-

300 1229 176 39 hetslagen
499 1249 44 3 —
566 1232 121 30 endast
713 1232 105 30 siktat
842 1232 43 40 på
909 1242 42 21 en
975 1233 140 39 frivillig
1140 1233 135 40 avgång
1300 1234 80 30 från
1404 1235 42 29 de
1470 1235 86 38 gifta
1580 1235 215 30 kvinnornas

300 1274 84 36 sida,
408 1285 80 20 men
511 1275 67 31 den
601 1277 178 30 allmänna
802 1278 189 30 tendensen
1015 1278 10 29 i
1049 1278 178 30 motionen
1250 1280 65 29 och
1339 1279 272 39 formuleringen
1635 1289 43 20 av
1702 1280 92 29 detta

301 1318 225 39 slutyrkande
546 1321 98 37 tyder
665 1321 45 39 på
732 1325 50 27 att
803 1332 83 20 man
907 1331 98 21 avser
1028 1322 129 32 sådana
1181 1322 169 40 åtgärder,
1374 1333 75 20 som
1470 1324 10 29 i
1501 1324 177 30 realiteten
1700 1324 94 30 inne-

300 1364 83 30 bära
400 1367 46 27 ett
467 1364 104 40 tvång
590 1365 54 31 för
662 1367 100 29 dessa
780 1370 50 26 att
846 1367 117 29 lämna
984 1367 74 30 sina
1076 1368 136 38 platser.

344 1408 123 31 Vidare
494 1409 60 30 vill
579 1409 205 40 föreningen
810 1411 196 36 framhålla,
1033 1415 50 26 att
1109 1415 46 27 ett
1181 1413 180 29 uttalande
1385 1412 80 30 från
1490 1413 203 39 riksdagens
1720 1413 75 30 sida

299 1453 147 30 rörande
476 1454 280 31 önskvärdheten
787 1465 43 20 av
860 1459 49 26 att
940 1457 42 29 de
1012 1456 86 39 gifta
1128 1457 196 30 kvinnorna
1355 1467 73 20 mer
1458 1458 82 30 eller
1569 1459 135 29 mindre
1735 1458 58 29 fri-

300 1496 107 39 villigt
437 1498 183 38 avlägsnas
651 1498 79 31 från
760 1500 75 29 sina
866 1500 143 38 tjänster
1038 1504 85 26 utan
1153 1501 103 30 tvivel
1287 1502 158 30 kommer
1475 1506 50 26 att
1554 1503 78 29 leda
1663 1503 50 29 till
1744 1505 50 27 att

298 1540 207 32 kommuner
531 1544 66 28 och
622 1544 158 30 enskilda
805 1544 142 39 företag,
975 1545 92 30 vilka
1094 1546 10 29 i
1131 1546 93 30 detta
1251 1547 197 29 hänseende
1473 1548 60 29 äro
1561 1548 164 29 obundna
1751 1556 43 21 av

299 1585 159 38 gällande
487 1587 226 40 lagstiftning,
745 1589 11 29 i
787 1592 70 27 stor
887 1590 240 39 utsträckning
1157 1590 140 39 vidtaga
1327 1591 165 30 liknande
1523 1591 159 39 åtgärder
1712 1592 82 30 eller

298 1630 111 31 direkt
429 1633 181 38 utestänga
630 1633 41 30 de
693 1633 87 38 gifta
800 1634 205 30 kvinnorna.
1041 1634 63 30 Det
1125 1635 63 30 har
1210 1635 118 30 därför
1349 1639 95 35 synts
1464 1636 205 39 föreningen
1690 1644 102 31 ange-

297 1675 89 38 läget
410 1679 50 27 att
484 1676 64 30 här
572 1677 111 30 erinra
710 1687 58 20 om
794 1679 42 29 de
861 1678 127 30 sociala
1013 1680 66 28 och
1105 1680 227 30 ekonomiska
1357 1681 266 35 konsekvenser,
1649 1691 76 20 som
1751 1690 41 21 en

297 1719 95 38 dylik
415 1721 198 39 utveckling
637 1722 110 30 skulle
769 1722 167 31 medföra.

342 1764 46 30 Ur
412 1766 106 29 social
544 1767 177 37 synpunkt
748 1768 37 28 är
809 1767 56 30 det
889 1768 44 29 bl.
960 1777 29 20 a.
1017 1771 49 27 att
1089 1768 130 36 befara,
1245 1772 50 27 att
1319 1779 57 20 om
1401 1770 42 29 de
1468 1769 85 39 gifta
1577 1770 215 30 kvinnornas

296 1807 217 40 möjligheter
535 1810 51 30 till
609 1810 275 32 förvärvsarbete
905 1812 196 38 ytterligare
1123 1814 197 38 begränsas,
1344 1815 157 29 kommer
1525 1815 94 29 detta
1641 1818 50 26 att
1714 1815 77 29 leda

297 1853 50 29 till
368 1862 42 21 en
434 1854 150 39 stegring
607 1864 42 20 av
671 1856 130 30 antalet
823 1866 24 20 s.
870 1857 32 29 k.
926 1856 67 30 fria
1015 1857 237 30 förbindelser.
1288 1858 244 30 Erfarenheter
1554 1858 79 30 från
1656 1859 135 39 privata

296 1896 141 40 företag,
457 1908 76 21 som
550 1899 156 39 tillämpa
723 1901 42 29 de
782 1910 43 20 av
841 1901 256 30 motionärerna
1114 1902 186 30 förordade
1316 1903 211 35 metoderna,
1545 1904 90 38 peka
1652 1904 139 38 mycket

296 1941 147 32 bestämt
461 1943 11 29 i
491 1944 114 30 denna
624 1944 164 39 riktning.
820 1946 64 29 Det
901 1945 183 39 föreligger
1102 1946 131 31 således
1254 1950 92 27 stora
1363 1947 110 30 risker
1490 1948 55 30 för
1563 1951 49 27 att
1631 1948 160 39 åtgärder

295 1986 10 29 i
326 1996 41 20 av
385 1986 257 32 motionärerna
660 1989 196 39 föreslagen
873 1990 154 39 riktning
1046 1991 110 30 skulle
1176 1992 105 29 verka
1302 1992 285 38 undergrävande
1606 1993 45 37 på
1671 1993 119 29 äkten-

296 2030 119 38 skapet
447 2041 75 21 som
555 2032 215 40 samhällelig
804 2034 205 38 institution,
1039 2035 105 30 vilket
1175 2046 42 20 ur
1249 2036 127 30 sociala
1408 2038 216 37 synpunkter
1656 2037 31 39 ej
1720 2038 70 29 kan

295 2084 99 21 anses
420 2076 175 31 önskvärt.
634 2078 53 29 En
713 2077 111 31 sådan
848 2080 198 38 utveckling
1071 2079 110 31 måste
1206 2081 45 29 bl.
1278 2090 29 20 a.
1336 2081 76 30 leda
1437 2082 51 29 till
1513 2085 49 26 att
1587 2082 111 30 sänka
1722 2082 68 30 den

294 2119 94 36 förut
416 2120 78 40 låga
522 2123 211 37 nativiteten,
764 2123 138 30 särskilt
930 2124 63 30 hos
1023 2125 327 39 samhällsgrupper,
1380 2135 75 21 som
1483 2136 42 20 ur
1552 2126 237 39 befolknings-

295 2166 177 37 synpunkt
499 2165 44 39 på
570 2168 111 36 grund
707 2176 43 21 av
778 2168 53 29 sin
858 2169 176 38 duglighet
1059 2169 110 30 måste
1196 2179 101 21 anses
1323 2180 83 20 vara
1431 2171 204 29 värdefulla.
1664 2171 126 30 Vidare

296 2209 124 38 skapas
451 2210 45 39 på
526 2211 93 30 detta
651 2212 66 29 sätt
747 2222 43 20 en
822 2213 119 30 socialt
970 2214 135 29 mindre
1135 2215 67 37 god
1233 2215 163 38 ställning
1427 2215 54 30 för
1511 2216 42 29 de
1583 2216 96 35 barn,
1714 2226 75 19 som

293 2252 100 31 födas
419 2254 96 30 inom
542 2255 96 30 dessa
664 2256 77 30 icke
767 2257 222 38 legaliserade
1014 2258 237 31 förbindelser.

338 2297 46 29 Ur
412 2298 206 32 ekonomisk
646 2301 178 37 synpunkt
852 2311 99 21 anses
979 2303 145 29 allmänt
1151 2303 125 39 frågan
1303 2313 57 20 om
1390 2304 41 30 de
1460 2304 84 39 gifta
1574 2305 214 30 kvinnornas

292 2340 275 34 förvärvsarbete
587 2344 123 31 främst
732 2346 86 30 böra
841 2355 51 21 ses
918 2347 5 29 i
944 2348 170 29 samband
1134 2349 80 29 med
1235 2348 446 40 arbetslöshetsproblemet.
1716 2349 71 29 Mo-

293 2385 196 32 tionärerna
513 2389 46 29 ha
584 2389 105 30 också
714 2391 139 29 särskilt
876 2391 193 30 framhållit
1093 2392 67 29 den
1186 2396 92 26 stora
1303 2393 235 36 arbetslöshet,
1566 2394 114 29 vilken
1705 2394 23 29 f.
1754 2403 33 19 n.

296 2430 129 39 >griper
448 2432 162 40 omkring
635 2434 49 38 sig
708 2434 10 29 i
743 2439 96 26 snart
863 2438 73 35 sagt
959 2436 68 30 alla
1052 2437 292 38 samhällslager>,
1369 2446 75 21 som
1466 2439 109 29 motiv
1600 2438 54 30 för
1678 2438 42 30 de
1745 2447 42 20 av

292 2474 78 30 dem
391 2475 196 40 föreslagna
609 2476 217 40 åtgärderna.
863 2479 62 30 Det
948 2489 100 29 synes
1072 2481 190 30 emellertid
1284 2481 204 39 föreningen
1511 2486 120 35 ytterst
1653 2482 133 39 proble-
