1880 2848
245 174 111 29 Första
383 175 199 27 kammarens
610 170 130 32 första
765 173 155 35 tillfälliga
948 173 133 27 utskotts
1109 172 159 28 utlåtande
1295 172 44 28 Nr
1366 173 26 26 9.
1532 169 38 29 17

80 257 81 30 eller
179 266 118 21 annan
317 256 220 39 anställning.
570 252 95 33 Även
685 265 58 20 om
764 263 43 22 en
827 253 110 31 sådan
956 253 194 39 anordning
1172 253 111 30 skulle
1303 252 159 31 medföra
1483 252 91 30 vissa

81 309 209 40 svårigheter
316 319 42 21 ur
383 309 304 39 arbetssynpunkt,
712 308 97 30 torde
833 307 182 39 uppslaget
1039 307 90 30 dock
1153 307 87 29 böra
1263 307 161 29 närmare
1449 305 124 31 under-

82 364 112 30 sökas.
223 359 94 35 Även
335 363 97 30 torde
449 363 66 30 den
534 362 9 30 i
560 362 177 30 motionen
754 361 45 30 II:
816 362 61 29 146
895 360 195 30 framförda
1107 360 140 35 tanken,
1266 362 50 28 att
1334 359 138 30 särskilt
1490 358 84 40 gifta

80 417 149 30 kvinnor
249 417 112 30 skulle
379 416 175 39 medgivas
574 417 68 29 rätt
662 418 49 27 att
729 414 37 31 få
787 414 52 31 sin
859 413 445 40 tjänstgöringsskyldighet
1321 412 185 31 inskränkt
1524 412 52 30 till

82 470 199 40 förslagsvis
307 469 134 31 hälften
467 469 79 30 med
572 468 245 31 motsvarande
842 468 130 39 avdrag
997 467 20 30 å
1044 465 418 41 avlöningsförmånerna,
1490 467 86 29 böra

83 525 339 38 uppmärksammas.
455 522 137 31 Jämväl
623 522 116 39 övriga
770 522 11 29 i
811 521 229 44 förevarande
1071 520 89 39 syfte
1191 520 196 30 framförda
1418 520 156 39 uppslag,

83 577 206 39 exempelvis
313 577 59 30 det
395 577 11 29 i
428 576 177 30 motionen
629 575 45 30 II:
689 576 41 29 29
755 575 197 39 framlagda
974 577 50 27 att
1048 582 124 31 genom
1197 574 148 30 särskild
1369 574 207 39 förtidspen-

84 631 171 39 sionering
277 631 86 30 söka
383 629 115 31 förmå
518 629 85 39 gifta
623 629 178 39 kvinnliga
822 628 344 39 befattningshavare
1186 630 50 27 att
1255 627 154 40 frivilligt
1429 627 87 40 avgå
1536 636 40 21 ur

85 684 115 38 tjänst,
222 684 97 30 torde
336 684 86 30 böra
440 684 160 30 närmare
619 683 225 30 undersökas.

128 745 14 30 I
173 744 179 31 motionen
384 745 44 29 II:
445 745 62 30 368
538 745 64 29 har
634 744 118 30 vidare
782 742 200 40 ifrågasatts
1015 742 172 39 sänkning
1219 752 43 20 av
1293 741 286 40 pensionsåldern

82 798 90 37 eller,
200 808 58 20 om
286 798 94 30 detta
407 798 110 30 skulle
544 798 100 29 ställa
673 797 50 39 sig
748 797 55 30 för
829 797 180 35 kostsamt,
1037 796 370 39 förtidspensionering
1434 796 11 29 i
1472 796 108 29 större

84 851 211 40 omfatining
320 861 42 21 av
386 851 220 38 tjänstemän,
633 860 74 21 som
732 850 66 31 fått
825 850 52 30 sin
903 849 274 39 arbetsförmåga
1202 850 136 29 nedsatt
1363 857 124 31 genom
1511 849 69 30 för-

85 906 128 38 svagad
238 905 109 30 hälsa.
387 905 77 30 Med
490 904 187 39 anledning
702 904 108 30 härav
837 904 60 29 vill
922 904 166 30 utskottet
1114 903 123 36 erinra,
1263 906 49 27 att
1339 903 52 30 till
1416 903 166 30 utskottet

85 958 89 31 hade
197 958 80 30 från
301 958 126 39 början
451 958 177 30 hänvisats
653 959 86 28 även
764 957 179 30 motionen
968 957 45 30 II:
1031 958 59 29 147
1118 956 179 39 angående
1320 957 196 29 beredande
1540 966 42 20 av

86 1012 68 30 rätt
183 1012 51 29 till
264 1011 369 39 förtidspensionering
664 1020 42 21 av
737 1010 344 39 befattningshavare
1112 1010 11 29 i
1154 1011 131 29 allmän
1316 1010 107 38 tjänst
1452 1010 11 29 i
1494 1009 89 39 syfte

88 1069 50 27 att
157 1066 202 39 därigenom
379 1066 125 29 bereda
522 1065 181 38 möjlighet
723 1064 51 30 till
793 1065 116 29 arbete
928 1063 35 31 åt
982 1071 93 31 unga
1093 1064 199 29 arbetslösa.
1312 1063 181 30 Liknande
1513 1063 68 30 för-

87 1118 72 39 slag
179 1128 80 20 men
279 1119 215 38 begränsade
513 1119 51 29 till
583 1121 50 27 att
652 1127 81 21 avse
751 1118 122 30 endast
893 1116 350 31 småskollärarinnor
1261 1117 91 30 hava
1373 1116 179 30 framförts
1572 1115 11 29 i

87 1171 41 31 de
147 1171 51 31 till
216 1171 286 31 bankoutskottet
521 1171 219 31 remitterade
759 1171 219 30 motionerna
997 1172 44 29 II:
1057 1172 63 29 263
1140 1171 66 30 och
1227 1171 44 29 II:
1286 1171 74 30 439.
1383 1170 201 30 Sedermera

87 1225 63 30 har
177 1224 124 40 Kungl.
329 1225 101 39 Maj:t
455 1233 124 30 genom
605 1234 43 21 en
674 1225 67 30 den
768 1226 18 29 2
815 1234 93 21 mars
936 1225 82 30 1934
1046 1224 219 39 dagtecknad
1290 1223 225 40 proposition,
1542 1232 42 20 nr

88 1278 73 36 222,
187 1278 54 31 för
264 1277 186 40 riksdagen
473 1278 165 39 framlagt
661 1278 129 39 förslag
815 1278 61 36 till,
902 1278 108 30 bland
1033 1280 117 33 annat,
1175 1278 208 38 reglemente
1406 1275 179 40 angående

87 1331 274 39 tjänstepension
397 1331 54 31 för
485 1331 221 39 tjänstemän,
743 1332 209 30 tillhörande
988 1332 67 29 den
1092 1331 101 30 civila
1230 1330 353 39 statsförvaltningen.

90 1384 114 40 Enligt
227 1386 37 29 17
286 1383 20 41 8
327 1385 10 29 i
356 1385 154 30 nämnda
528 1385 337 39 reglementsförslag
884 1384 58 31 må
961 1385 220 39 tjänsteman,
1202 1394 75 21 som
1297 1384 140 39 tidigast
1456 1384 71 30 fem
1547 1382 38 31 år

91 1439 75 30 före
201 1437 224 41 uppnåendet
452 1447 42 20 av
520 1437 287 40 pensionsåldern
832 1438 155 38 frivilligt
1014 1436 106 40 avgår
1146 1447 41 20 ur
1214 1437 117 39 tjänst,
1358 1437 110 30 under
1494 1437 91 29 vissa

90 1487 289 41 förutsättningar
409 1491 176 38 medgivas
614 1492 68 29 rätt
711 1491 52 30 till
793 1491 281 39 förtidspension.
1118 1490 177 39 Förslaget
1325 1491 145 30 innebär
1499 1491 87 29 även

90 1542 10 29 i
122 1545 83 28 stort
225 1546 64 27 sett
308 1553 43 20 en
370 1544 131 30 allmän
521 1544 173 39 sänkning
714 1553 43 21 av
777 1543 295 40 pensionsåldern.
1106 1543 114 31 Sedan
1239 1544 115 29 denna
1373 1543 214 40 proposition

91 1594 54 31 för
163 1595 252 32 förberedande
436 1597 212 39 behandling
668 1597 178 30 hänvisats
866 1597 52 29 till
935 1597 296 35 bankoutskottet,
1252 1597 203 30 meddelade
1475 1596 112 38 fjärde

92 1647 171 40 tillfälliga
290 1650 175 36 utskottet,
492 1650 10 29 i
528 1650 134 38 avgivet
686 1649 191 37 memorial,
904 1660 41 20 nr
969 1651 29 35 3,
1024 1653 50 27 att
1098 1651 167 29 utskottet
1290 1650 55 30 för
1371 1650 52 30 sin
1449 1650 55 30 del
1528 1659 59 20 an-

94 1700 88 40 såge,
215 1706 49 27 att
296 1703 67 30 den
395 1703 51 30 till
478 1704 166 29 utskottet
674 1703 191 30 hänvisade
896 1703 178 30 motionen
1106 1703 44 30 II:
1169 1704 58 29 147
1262 1703 187 39 lämpligen
1481 1703 107 30 borde

92 1753 191 32 behandlas
307 1764 42 22 av
373 1765 133 21 samma
530 1757 141 35 utskott,
696 1766 75 21 som
793 1757 90 30 hade
907 1759 49 40 att
977 1757 175 30 behandla
1176 1766 89 20 ovan
1289 1757 154 29 nämnda
1465 1765 123 30 propo-

94 1807 102 31 sition
224 1818 40 20 nr
294 1809 63 30 222
388 1813 89 26 samt
505 1809 170 31 motioner
703 1810 45 30 IL:
763 1810 64 30 263
855 1810 66 30 och
949 1810 133 30 II:439.
1122 1809 173 30 Utskottet
1324 1810 119 29 anhöll
1470 1809 119 30 därför

94 1863 49 27 att
169 1860 36 31 få
230 1862 51 30 till
308 1862 110 30 andra
445 1862 205 30 kammaren
675 1862 192 30 återlämna
894 1862 177 30 motionen
1098 1863 45 29 II:
1161 1864 71 34 147,
1261 1862 117 30 vilken
1404 1862 185 30 framställ-

96 1913 82 39 ning
208 1913 117 31 bifölls
355 1924 42 20 av
426 1915 215 36 kammaren,
672 1915 148 30 varefter
852 1916 87 29 även
967 1916 115 29 denna
1111 1915 133 30 motion
1273 1915 236 30 remitterades
1539 1915 51 30 till

94 1965 295 32 bankoutskottet.
426 1966 141 40 Förslag
591 1977 43 20 av
657 1967 11 30 i
691 1971 85 26 stort
799 1971 64 27 sett
887 1977 134 20 samma
1044 1968 170 30 innebörd
1236 1968 66 30 och
1324 1968 89 38 syfte
1437 1977 75 21 som
1534 1968 56 29 det

96 2027 47 22 nu
168 2018 238 38 förevarande,
433 2020 10 29 i
469 2020 177 30 motionen
672 2020 45 30 11:
732 2021 64 30 368
821 2020 195 31 framförda
1041 2021 165 38 förslaget
1232 2022 158 29 kommer
1416 2020 101 31 alltså
1542 2023 49 28 att

97 2072 10 29 i
137 2075 106 27 annat
274 2072 255 40 sammanhang
558 2074 231 30 underställas
819 2073 203 39 riksdagens
1050 2074 180 39 prövning.
1273 2074 65 30 Vid
1369 2073 124 31 sådant
1523 2074 68 30 för-

97 2123 163 33 hållande
280 2126 64 30 har
365 2126 166 30 utskottet
552 2129 112 28 ansett
686 2126 50 39 sig
757 2126 56 31 för
833 2126 53 30 sin
907 2127 55 30 del
983 2127 76 30 icke
1078 2127 85 30 böra
1184 2128 82 38 göra
1287 2130 107 27 annat
1414 2127 178 30 uttalande

97 2177 11 29 i
135 2178 113 30 denna
275 2177 99 41 fråga
404 2180 44 29 än
475 2182 49 27 att
551 2180 67 29 den
643 2180 199 38 beredning,
872 2179 34 30 åt
933 2179 115 30 vilken
1075 2181 71 28 kan
1172 2181 143 29 komma
1342 2183 50 27 att
1418 2180 174 30 anförtros

98 2230 66 29 den
188 2240 42 20 av
254 2231 167 30 utskottet
446 2231 10 30 i
481 2232 187 39 anledning
692 2242 42 20 av
760 2233 42 29 de
828 2232 235 39 föreliggande
1088 2233 218 30 motionerna
1330 2233 186 30 förordade
1540 2236 51 27 ut-

98 2282 199 39 redningen,
315 2284 63 29 bör
395 2293 81 20 vara
493 2284 229 30 oförhindrad
738 2288 50 26 att
803 2285 51 29 till
870 2285 212 38 behandling
1099 2288 151 36 upptaga
1266 2287 87 28 även
1368 2286 64 29 här
1446 2286 146 29 berörda

101 2334 179 38 spörsmål,
301 2335 114 31 därest
435 2337 65 29 och
519 2337 11 29 i
550 2337 67 30 den
638 2336 82 30 mån
742 2336 276 37 förhållandena,
1041 2338 106 29 sedan
1166 2338 186 39 riksdagen
1373 2338 221 30 slutbehand-

100 2386 47 31 lat
170 2388 41 29 de
232 2387 118 39 övriga
371 2388 217 31 motionerna
610 2389 10 30 i
643 2391 125 35 ämnet,
791 2389 37 31 så
847 2389 150 40 påkalla.

145 2445 13 29 I
188 2453 134 22 samma
354 2445 141 35 motion,
529 2447 44 29 11:
591 2447 71 35 368,
694 2447 64 30 har
788 2447 160 39 slutligen
978 2446 165 40 påyrkats
1173 2448 185 38 utredning
1388 2457 41 20 av
1459 2448 134 38 möjlig-

100 2497 140 31 heterna
259 2501 49 27 att
327 2498 112 30 lindra
458 2500 65 29 den
543 2500 202 30 nuvarande
763 2503 92 27 stora
875 2501 270 29 arbetslöshelen
1162 2501 108 29 bland
1288 2501 132 30 landets
1440 2501 152 38 ungdom

143 2560 119 34 Bihang
285 2561 46 26 till
355 2561 181 34 riksdagens
560 2562 156 35 protokoll
741 2563 84 27 1934.
864 2563 34 26 12
922 2563 87 27 saml.
1035 2564 13 25 1
1073 2563 68 27 avd.
1176 2563 44 27 Nr
1244 2564 26 27 9.
1576 2561 18 28 2
