1884 2848
261 164 108 27 Första
395 163 199 27 kammarens
625 157 127 31 första
776 158 154 35 tillfälliga
958 157 133 27 utskotts
1119 154 159 28 utlåtande
1304 153 44 28 Nr
1375 154 26 26 9.
1544 149 40 28 41

92 247 48 28 att
165 245 56 29 del
247 244 76 30 icke
348 244 119 38 längre
492 243 117 29 kunde
634 242 172 29 tolereras.
834 240 49 29 De
909 238 145 30 anförde
1081 236 126 35 vidare,
1238 238 67 26 »att
1329 235 57 29 det
1412 232 100 31 råder
1538 234 45 28 ett

91 290 139 38 mycket
255 289 144 29 allmänt
422 287 128 30 utbrett
573 285 166 39 missnöje
763 285 80 29 med
868 284 92 29 detta
985 282 37 30 så
1046 281 137 31 kallade
1208 274 374 55 dubbeltjänstsystem,

92 342 73 21 som
187 335 60 36 gör
265 332 56 30 det
339 331 136 38 möjligt
493 330 54 30 för
565 330 90 30 vissa
674 329 152 38 familjer
845 331 49 26 att
912 328 75 29 leva
1004 327 11 29 i
1034 325 157 30 överflöd
1208 324 66 30 och
1292 323 79 29 med
1389 322 131 30 dubbla
1537 329 50 20 in-

93 379 162 34 komster,
279 378 63 30 när
364 377 110 30 andra
495 375 75 31 icke
591 385 58 20 ens
672 376 119 29 kunna
814 373 96 39 tjäna
932 372 50 30 till
1003 371 121 30 brödet
1146 370 54 30 för
1223 370 142 37 dagen>.

138 422 121 31 Såsom
282 422 154 38 exempel
459 420 46 40 på
528 423 46 27 ett
597 419 223 39 upprörande
843 417 61 30 fall
927 426 42 21 av
997 415 272 38 »dubbeltjänst»
1298 412 148 35 anföres,
1471 414 48 27 att
1543 420 42 39 en

91 467 56 30 väl
171 466 118 30 betald
311 465 193 38 statstjänst
528 462 202 41 uppehålles
754 472 42 20 av
820 462 149 29 hustrun
993 460 51 30 till
1068 469 42 20 en
1133 468 94 25 man,
1252 467 74 20 som
1349 457 64 29 har
1436 465 43 20 en
1503 454 86 39 årlig

92 512 153 30 inkomst
268 521 42 20 av
332 510 96 31 cirka
450 511 116 29 20000
588 510 138 29 kronor.
752 508 66 30 Om
840 516 82 21 man
944 509 151 35 antager,
1118 508 48 27 att
1187 505 166 29 hustruns
1375 501 211 31 årsinkomst

93 558 38 29 är
154 556 97 31 cirka
274 557 19 29 3
307 556 63 29 000
394 556 138 33 kronor,
556 553 104 30 vilket
684 553 96 30 torde
803 555 173 27 motsvara
1000 551 67 30 den
1089 547 279 42 genomsnittliga
1389 546 197 30 inkomsien

93 601 55 31 för
170 600 180 39 kvinnliga
372 599 266 35 statsanställda,
660 597 67 31 blir
749 596 175 39 familjens
947 595 211 31 årsinkomst
1180 593 146 31 sålunda
1348 591 96 31 cirka
1467 592 41 29 23
1522 591 63 29 000

94 647 139 29 kronor.
255 644 52 31 Då
328 645 56 30 det
404 643 189 31 emellertid
612 643 94 30 finns
729 641 303 39 statstjänstemän,
1056 649 74 21 som
1152 639 109 38 själva
1282 636 130 40 årligen
1433 635 153 39 förtjäna

96 691 40 29 23
150 691 64 29 000
245 690 128 30 kronor
403 689 80 30 eller
512 697 105 27 mera,
645 690 87 27 utan
761 690 48 27 att
838 687 92 29 detta
959 685 188 30 betraktats
1178 683 114 30 såsom
1320 681 157 31 överflöd
1506 681 80 29 eller

95 734 97 31 blivit
209 733 147 32 föremål
373 733 54 31 för
445 734 60 29 hrr
522 732 227 30 motionärers
768 739 162 30 angrepp,
950 731 119 28 kunna
1085 729 34 29 vi
1137 728 76 30 icke
1230 726 109 31 förstå
1355 727 56 29 det
1427 726 158 29 klander-

95 780 107 30 värda
225 778 12 30 i
258 783 48 26 att
327 788 82 20 man
431 779 66 29 och
518 778 122 29 hustru
662 785 125 30 genom
810 775 107 30 bådas
940 774 220 31 verksamhet
1181 771 175 31 förskaffa
1379 770 49 39 sig
1451 780 44 20 en
1517 769 69 30 års-

95 823 164 37 inkomst,
286 832 74 21 som
386 821 185 39 överstiger
599 822 118 29 20000
746 821 138 29 kronor.
911 838 43 4 —
981 818 66 31 Vill
1073 827 82 21 man
1183 817 134 30 fördela
1348 816 146 30 »arbets-
1522 815 65 29 och

95 867 420 39 inkomstmöjligheterna
542 866 10 30 i
580 865 182 31 samhället
790 864 37 31 så
854 864 134 31 rältvist
1016 873 73 20 som
1117 862 167 39 möjligt>,
1313 862 62 29 bör
1401 869 84 21 man
1513 859 75 30 icke

95 913 170 38 begränsa
291 912 50 38 sig
367 911 50 31 till
443 912 43 29 de
512 910 84 39 gifta
623 910 213 30 kvinnornas
863 909 284 30 förvärvsarbete.
1176 926 44 4 —
1246 906 124 31 Varför
1396 906 47 29 ha
1468 906 120 29 herrar

95 955 211 30 motionärer
330 955 30 39 ej
385 954 118 31 funnit
526 953 104 40 något
654 954 90 30 orätt
768 954 11 29 i
803 956 49 27 att
875 953 140 30 avlönat
1038 952 116 30 arbete
1177 952 81 29 över
1281 950 120 30 huvud
1424 952 93 35 taget
1539 947 54 30 får

97 1001 190 31 innehavas
305 1011 42 20 av
364 1010 163 30 personer
544 1019 44 3 —
605 1001 83 29 män
707 999 95 31 såväl
821 1008 74 21 som
914 997 147 31 kvinnor
1079 1016 45 4 —
1140 996 94 30 vilka
1252 996 109 38 själva
1379 995 81 30 eller
1478 994 110 30 vilkas

96 1047 115 34 maka,
233 1046 103 29 make
356 1046 81 29 eller
458 1045 171 30 föräldrar
651 1045 45 29 ha
718 1043 38 31 så
777 1047 70 26 stor
867 1043 250 38 förmögenhet,
1140 1044 48 27 att
1208 1040 158 39 familjen
1388 1039 201 39 därigenom

97 1091 72 29 kan
185 1099 99 21 anses
301 1090 173 38 försörjd?
492 1109 44 3 —
552 1089 74 30 Och
641 1088 118 30 varför
777 1088 30 38 ej
824 1088 311 38 uppmärksamma
1152 1087 88 29 även
1256 1086 42 29 de
1313 1085 71 35 fall,
1403 1085 63 29 där
1482 1083 107 39 ogifta

97 1144 164 29 personer
276 1138 84 26 utan
376 1133 320 39 försöriningsplikt
710 1134 159 38 uppbära
884 1132 69 30 lika
970 1135 91 27 stora
1076 1130 257 31 löneförmåner
1351 1139 74 20 som
1442 1128 147 39 familje-

98 1179 210 39 försörjare?

143 1224 75 30 Vad
248 1223 117 30 vidare
394 1222 169 31 beträffar
593 1223 55 29 det
678 1222 11 30 i
716 1222 178 30 motionen
924 1221 149 30 anförda
1101 1221 171 38 exemplet
1300 1228 57 21 om
1386 1219 68 30 den
1484 1217 107 40 ogifta

98 1268 212 35 lärarinnan,
338 1267 116 31 vilken
482 1267 83 39 tagit
591 1266 210 39 anställning
831 1276 74 20 som
936 1265 180 40 »>»jungfru>
1149 1265 64 30 hos
1242 1274 43 20 en
1313 1264 63 39 gift
1403 1263 186 34 lärarinna,

98 1322 74 21 som
196 1312 180 31 bibehållit
399 1312 53 31 sin
477 1312 114 38 tjänst,
616 1311 36 31 få
677 1312 34 30 vi
734 1310 197 36 framhålla,
958 1314 48 27 att
1030 1311 92 30 detta
1146 1310 31 38 ej
1202 1310 82 30 ökat
1309 1309 279 34 arbetslösheten,

98 1360 89 27 samt
213 1360 50 27 att
288 1357 33 30 vi
348 1357 98 30 finna
473 1357 56 30 det
555 1356 135 30 mindre
717 1356 231 39 upprörande,
976 1365 57 20 om
1061 1365 42 20 en
1129 1363 71 30 ung
1225 1354 162 39 nybliven
1413 1353 177 30 lärarinna

99 1403 107 37 ägnar
236 1401 50 39 sig
316 1401 34 30 åt
379 1400 324 40 hushållsgöromål,
735 1402 44 29 än
809 1403 48 28 att
887 1410 42 20 en
959 1401 103 34 äldre,
1094 1409 96 20 mera
1220 1399 136 30 erfaren
1387 1398 109 30 sådan
1524 1397 66 30 blir

97 1446 140 38 nödgad
260 1445 124 30 därtill.
409 1445 96 30 Båda
528 1446 88 29 hava
641 1445 37 38 ju
702 1455 135 20 samma
860 1445 206 38 utbildning,
1092 1445 67 29 och
1182 1444 86 29 efier
1292 1443 137 38 vanliga
1453 1442 137 31 beford-

98 1489 269 40 ringsprinciper
392 1490 72 35 bör,
490 1490 79 29 med
593 1489 10 30 i
627 1489 110 39 övrigt
761 1490 71 29 lika
857 1490 212 37 kompetens,
1094 1489 67 29 den
1186 1488 95 30 äldre
1305 1489 89 28 hava
1418 1487 173 30 företräde

99 1535 51 30 till
171 1535 106 38 tjänst
298 1534 148 30 framför
468 1535 66 29 den
556 1542 115 30 yngre.

144 1579 257 30 Motionärerna
426 1579 109 30 uttala
561 1579 67 29 den
654 1578 196 35 förmodan,
878 1581 48 27 att
953 1588 42 20 en
1023 1577 202 39 avveckling
1253 1586 40 21 av
1324 1576 266 39 »dubbeltjänst-

100 1627 180 35 systemet»
314 1624 109 29 skulle
451 1623 126 38 betyda
605 1622 127 39 många
761 1632 69 29 nya
860 1622 239 38 anställnings-
1130 1623 66 29 och
1225 1621 365 39 försörjningsmöjlig-

99 1668 95 30 heter
216 1668 55 30 för
293 1669 42 29 de
354 1678 48 20 nu
424 1668 196 30 arbetslösa.
644 1667 116 39 Enligt
781 1667 220 39 föreningens
1023 1666 89 31 åsikt
1135 1668 140 29 komme
1296 1667 41 29 de
1359 1676 42 20 av
1423 1666 168 30 motionä-

99 1721 101 21 rerna
222 1712 197 39 föreslagna
440 1712 205 38 åtgärderna
666 1712 189 38 ingalunda
878 1716 47 26 att
946 1713 104 29 verka
1072 1712 145 35 därhän,
1240 1712 81 29 enär
1343 1711 10 29 i
1375 1712 42 29 de
1437 1710 71 36 fali,
1530 1711 62 29 där

101 1757 148 30 hustrun
279 1758 64 29 har
374 1757 284 35 förvärvsarbete,
691 1758 150 29 avlönad
870 1757 96 38 hjälp
998 1756 110 31 måste
1137 1756 124 30 anlitas
1292 1756 54 30 för
1377 1756 174 38 sysslorna
1582 1754 10 30 i

100 1801 162 30 hemmet.
290 1801 57 30 Ett
372 1801 129 30 förbud
527 1801 54 30 för
607 1801 62 38 gift
695 1801 130 30 kvinna
852 1804 48 27 att
926 1801 129 30 inneha
1082 1801 191 38 statstjänst
1300 1801 109 29 skulle
1435 1800 157 30 medföra

100 1848 45 27 ett
169 1846 219 30 avskedande
411 1855 42 20 av
474 1846 154 30 nämnda
650 1846 180 38 hemhjälp
853 1847 65 29 och
940 1846 11 30 i
972 1847 111 29 stället
1104 1847 68 28 öka
1196 1845 270 30 arbetslösheten
1486 1845 107 29 bland

100 1889 273 31 hembiträdena.
396 1890 48 30 Ur
466 1889 104 30 social
590 1891 177 37 synpunkt
787 1891 97 29 torde
904 1891 56 29 det
981 1891 88 29 dock
1092 1899 83 21 vara
1197 1889 168 39 likgiltigt,
1387 1899 58 20 om
1466 1890 126 29 arbets-

100 1934 156 29 lösheten
277 1934 151 30 drabbar
449 1934 66 30 den
535 1943 64 21 ena
619 1935 81 30 eller
722 1935 66 29 den
809 1935 109 29 andra
938 1935 270 37 yrkesgruppen.
1231 1934 40 29 Vi
1292 1934 183 29 föruisätta
1496 1935 96 28 näm-

101 1976 100 40 ligen,
231 1978 56 29 det
315 1978 130 29 varken
472 1978 258 30 motionärerna
758 1979 81 29 eller
866 1979 266 29 statsmakterna
1161 1978 202 30 eflersträva
1391 1981 48 27 att
1467 1987 42 20 av
1537 1987 55 20 av-

101 2022 153 30 skedade
275 2021 84 39 gifta
384 2022 147 30 kvinnor
556 2023 108 38 skapa
689 2032 42 20 en
756 2023 154 38 kategori
933 2023 179 30 drönande
1135 2022 259 39 hemparasiter.

146 2066 57 30 Ett
225 2066 128 30 förbud
374 2066 54 30 för
450 2066 84 38 gifta
556 2066 147 31 kvinnor
726 2070 49 27 att
795 2067 128 30 inneha
944 2067 191 38 statstjänst
1158 2068 111 29 skulle
1291 2071 82 26 utan
1393 2067 104 30 tvivel
1517 2067 74 30 föra

99 2110 79 28 med
193 2109 60 38 sig,
270 2112 49 26 att
334 2110 9 29 i
361 2110 41 29 de
413 2111 138 36 mycket
569 2111 122 29 talrika
705 2110 73 36 fall,
793 2111 62 29 där
871 2112 192 38 äktenskap
1079 2112 122 29 endast
1216 2112 134 29 kunnat
1365 2110 97 39 ingås
1475 2119 123 29 genom

102 2157 48 27 att
176 2155 91 30 båda
293 2156 170 29 makarna
491 2156 89 29 hava
607 2156 286 36 förvärvsarbete,
921 2157 98 29 dessa
1046 2157 69 29 helt
1143 2157 114 29 enkelt
1285 2157 138 29 komme
1451 2159 48 27 alt
1525 2156 69 30 låta

102 2199 151 30 formellt
280 2199 101 38 skilja
406 2199 59 38 sig,
491 2200 54 29 för
571 2203 48 26 att
643 2199 184 31 såmedelst
852 2200 204 39 möjliggöra
1081 2201 54 29 för
1161 2201 66 29 den
1253 2200 176 39 kvinnliga
1455 2202 137 28 kontra-

102 2243 126 29 henten
250 2247 48 26 att
318 2243 136 30 behålla
476 2243 52 30 sin
549 2244 113 38 tjänst.
684 2245 175 29 Förbudet
879 2245 139 29 komme
1039 2244 147 30 sålunda
1207 2249 48 26 att
1275 2246 104 28 verka
1400 2245 194 30 hindrande

102 2287 55 29 för
185 2288 66 28 den
278 2288 108 37 legala
414 2288 336 38 familjebildningen
778 2292 89 26 samt
895 2289 176 29 stimulera
1098 2289 51 30 till
1177 2290 43 30 de
1247 2289 37 30 så
1312 2290 136 29 kallade
1478 2290 115 29 Stock-

102 2331 371 38 holmsäktenskapens
502 2332 207 37 utbredning
737 2333 106 29 bland
873 2333 58 29 allt
961 2333 85 29 flera
1075 2333 327 38 samhällsgrupper.
1433 2333 160 30 Vådorna

101 2373 108 29 härav
233 2373 88 39 ligga
345 2375 8 28 i
376 2375 112 37 öppen
512 2375 74 37 dag.
612 2375 73 29 Och
711 2383 67 30 nog
801 2376 62 29 bör
885 2376 55 29 det
964 2376 55 29 väl
1042 2385 82 20 vara
1147 2379 47 27 ett
1216 2376 311 31 samhiällsintresse
1551 2380 48 26 att

103 2420 195 29 underlätta
321 2420 413 38 äktenskapsbildningen
765 2440 3 2 —
823 2420 74 30 icke
922 2424 48 27 att
993 2429 122 30 genom
1140 2421 136 38 statliga
1301 2421 157 38 åtgärder
1484 2422 111 30 direkt

103 2463 126 30 hindra
249 2464 80 29 eller
348 2463 157 31 försvåra
526 2465 212 29 densamma.

149 2507 254 31 Motionärerna
427 2518 102 28 synas
551 2509 42 29 ha
617 2509 142 29 blundat
785 2509 53 30 för
860 2510 41 28 de
923 2509 106 30 fakta.
1052 2513 44 26 att
1122 2509 60 37 gift
1207 2509 128 30 kvinna
1357 2510 103 37 enligt
1483 2511 52 38 lag
1558 2513 37 27 är
