1880 2846
268 136 109 28 Första
402 134 201 27 kammarens
631 126 129 33 första
784 126 155 35 tillfälliga
967 123 133 28 utskotts
1128 119 158 30 utlåtande
1311 118 45 28 Nr
1382 118 27 27 9.
1547 112 39 29 21

97 216 213 40 expeditörer
338 213 101 40 åtaga
467 213 50 39 sig
545 211 108 31 redan
681 219 48 21 nu
757 205 216 39 beredvilligt
1001 201 230 42 tjänstgöring
1259 208 73 22 mer
1360 199 45 29 än
1434 197 42 30 de
1504 195 87 31 före-

98 262 139 30 skrivna
263 263 50 28 tre
336 258 215 31 månaderna
576 266 58 21 om
659 254 83 31 året.
780 252 80 31 Men
885 251 94 30 detta
1005 250 38 29 är
1067 246 190 40 ingalunda
1283 244 98 30 fallet
1406 241 81 31 med
1513 240 78 31 alla.

98 306 93 31 Från
218 304 300 40 tjänstemännens
545 301 75 31 sida
648 300 65 30 har
739 297 121 32 väckts
889 295 130 38 förslag
1049 302 58 21 om
1135 294 50 28 att
1212 291 68 29 den
1307 288 52 31 till
1385 287 207 38 reservpost-

101 350 261 40 expeditörerna
386 347 67 31 'vid
487 344 230 41 tjänstgöring
751 340 173 41 utgående
958 337 235 38 ersättningen
1226 334 112 30 skulle
1370 331 111 39 höjas,
1504 328 87 32 'var-

98 396 137 39 igenom
266 394 111 31 skulle
406 392 134 35 vinnas,
570 389 108 31 bland
706 390 117 33 annat,
854 386 67 30 den
949 383 167 34 fördelen,
1147 383 50 28 att
1225 374 368 43 reservpostexpeditö-

98 450 101 22 rerna
231 441 11 30 i
274 440 107 29 större
412 435 211 39 omfattning
656 435 45 29 än
734 432 54 31 för
819 428 218 33 närvarande
1068 426 122 31 ställde
1223 424 50 39 sig
1303 422 52 31 till
1385 419 209 40 förfogande

97 485 56 32 för
175 483 229 40 tjänstgöring
426 482 111 30 under
560 480 42 30 de
622 476 238 41 tidsperioder,
882 473 46 32 då
949 471 279 33 vikariebehovet
1250 470 37 29 är
1309 468 112 30 störst.

144 530 47 31 Ur
223 530 67 30 den
322 537 48 21 nu
400 527 134 38 belysta
566 523 224 40 synpunkten
821 520 112 30 skulle
965 519 57 29 det
1052 513 273 43 uppenbarligen
1357 520 84 21 vara
1472 519 42 21 av
1547 510 48 29 ett

97 574 86 31 visst
204 574 104 32 värde
329 572 54 31 för
403 570 207 41 postverket,
631 569 115 30 därest
765 564 180 39 kvinnliga
964 560 311 42 postexpeditörers
1296 553 299 41 avskedstagande

97 618 81 32 från
203 618 152 39 tjänsten
381 616 65 30 och
473 613 173 40 övergång
671 612 52 30 till
748 608 225 34 reservkåren
997 607 119 30 kunde
1141 604 45 40 på
1213 606 47 28 ett
1287 602 80 31 eller
1393 602 108 28 annat
1528 599 67 29 sätt

99 663 205 35 stimuleras,
330 661 110 30 under
465 660 58 30 det
548 662 49 27 att
623 656 214 41 postverkets
862 654 144 30 intresse
1031 661 43 20 av
1100 653 49 27 att
1173 649 91 30 hava
1289 646 67 40 god
1380 643 144 40 tillgång
1550 641 45 41 på

100 707 294 39 vikariepersonal
422 705 111 30 skulle
560 702 198 32 motverkas
785 709 43 21 av
855 701 47 28 ett
930 700 127 36 system
1084 695 80 31 med
1192 690 296 40 avskedspremier
1516 688 81 30 eller

100 753 112 39 dylikt
237 754 86 28 utan
349 749 107 40 några
483 747 233 40 förpliktelser
742 745 118 30 vidare
887 744 174 38 gentemot
1088 739 117 31 verket
1231 736 80 31 från
1340 736 67 30 den
1435 732 160 32 avskeds-

101 797 166 39 tagandes
290 796 84 30 sida.

145 842 125 30 Vidare
297 840 97 31 torde
421 839 86 30 böra
534 835 215 36 framhållas,
780 836 59 33 att,
869 832 46 31 då
943 841 42 21 en
1012 830 64 40 gift
1103 827 156 38 kvinnlig
1286 826 211 39 tjänsteman
1525 821 72 30 helt

101 886 166 39 naturligt
297 885 76 30 icke
401 884 72 30 kan
504 883 103 38 flytta
636 882 66 29 hur
734 889 75 21 som
838 878 100 34 helst,
969 885 81 21 men
1081 883 43 21 en
1155 872 38 31 så
1225 875 70 27 stor
1325 869 165 39 rörlighet
1521 876 75 21 som

101 931 135 39 möjligt
259 931 38 30 är
320 927 275 39 ändamålsenlig
618 926 79 30 med
719 924 106 30 tanke
848 921 45 41 på
916 920 223 41 personalens
1163 918 100 29 bästa
1284 913 231 40 utnyttjande,
1541 911 57 30 det

102 976 76 31 icke
199 976 71 30 kan
292 983 100 21 anses
414 973 55 30 för
492 972 152 39 tjänsten
665 969 153 39 lyckligt,
842 970 50 27 att
913 976 43 21 en
978 966 61 29 allt
1061 964 54 30 för
1136 966 69 27 stor
1228 962 143 39 procent
1391 968 43 20 av
1456 957 141 39 tjänste-

103 1021 152 30 männen
277 1020 137 37 utgöres
436 1027 43 21 av
504 1016 86 40 gifta
612 1015 159 30 kvinnor.

148 1065 72 30 Mot
244 1074 43 21 en
312 1062 185 39 utredning
523 1062 11 29 i
559 1060 196 31 motionens
782 1056 89 41 syfte
897 1057 72 28 kan
996 1049 384 45 generalpoststyrelsen
1406 1047 76 30 icke
1507 1046 89 28 hava

104 1109 104 39 något
233 1112 50 27 att
308 1107 122 30 erinra.

150 1188 201 31 Stockholm
373 1187 67 30 den
465 1188 39 29 10
526 1195 94 21 mars
644 1184 93 30 1931.

441 1266 169 39 Kungl.
648 1258 604 46 generalpoststyrelsen.

718 1343 133 32 Anders
877 1336 100 36 Örne.

146 1431 39 31 K.
205 1431 37 31 A.
264 1430 213 30 Carstensen.
1267 1413 93 33 /Carl
1387 1414 166 37 Norgren.
