1926 2848
507 158 395 37 Jordbruksutskottets
924 155 188 33 utlåtande
1135 153 51 32 Nr
1211 154 51 30 22.
1578 147 18 41 d

818 498 59 39 Nr
905 498 64 40 22.

620 619 113 24 Ankom
752 618 44 23 till
817 616 165 31 riksdagens
1001 614 92 24 kansli
1116 613 53 23 den
1192 612 29 23 17
1243 618 75 17 mars
1341 610 66 24 1930
1427 609 38 24 kl.
1487 609 28 23 11
1538 609 74 22 fm.

248 717 193 31 Utlåtande
464 716 13 30 i
500 713 191 35 anledning
727 721 44 21 av
807 709 131 36 Kungl.
963 707 123 37 Maj:ts
1120 705 223 37 proposition
1375 702 180 37 angående
1579 701 73 36 för-

443 765 287 38 säljningspriset
755 763 58 35 för
837 771 43 21 en
904 760 171 37 fastighet
1099 760 96 29 inom
1219 755 265 36 Malmköpings
1505 753 145 37 köping.

1426 807 64 36 (2:a
1514 805 92 38 avd.)

179 926 17 30 I
230 935 41 21 en
306 924 57 31 till
393 923 184 35 riksdagen
600 920 65 31 den
688 920 42 30 14
755 917 155 32 februari
936 916 83 31 1930
1043 915 150 34 avlåten,
1218 913 55 30 till
1297 910 354 38 jordbruksutskottet

136 977 171 32 hänvisad
340 975 220 38 proposition,
593 983 43 20 nr
660 972 51 35 98,
735 971 65 30 har
822 969 134 36 Kungl.
980 968 102 36 Maj:t
1104 966 109 31 under
1236 963 213 37 åberopande
1472 973 44 20 av
1539 962 112 36 bilagt

135 1030 126 36 utdrag
285 1039 45 21 av
353 1024 371 38 statsrådsprotokollet
747 1025 82 29 över
853 1019 303 34 försvarsärenden
1172 1018 53 31 för
1240 1026 135 22 samma
1390 1016 67 36 dag
1473 1014 178 36 föreslagit

136 1083 185 35 riksdagen
356 1080 172 36 medgiva,
562 1080 52 29 att
648 1074 140 42 tomten)
812 1085 42 20 nr
878 1075 42 29 24
944 1073 111 35 enligt
1079 1071 83 31 1831
1187 1072 56 29 års
1267 1069 216 35 beteckning,
1508 1067 143 36 belägen

136 1135 96 31 inom
255 1133 259 35 Malmköpings
537 1130 140 36 köping,
701 1128 78 31 med
803 1127 84 30 därå
909 1125 182 35 befintliga
1114 1121 202 39 byggnader
1339 1122 59 30 må
1421 1120 159 36 försäljas
1595 1118 57 31 till

136 1187 66 31 den
229 1185 205 32 nuvarande
456 1183 223 37 hyresgästen
702 1180 112 36 Helga
838 1177 231 32 Reutermark
1092 1176 83 31 eller
1198 1174 129 31 hennes
1351 1172 301 31 rättsinnehavare

138 1240 55 30 för
226 1249 43 21 en
302 1236 232 38 köpeskilling
569 1245 46 20 av
650 1233 118 36 10,800
803 1232 127 30 kronor
965 1229 61 31 och
1050 1229 12 30 i
1085 1228 114 35 övrigt
1222 1226 111 36 enligt
1356 1225 41 31 de
1420 1235 43 20 av
1488 1224 84 31 1926
1597 1224 56 30 års

138 1292 140 35 riksdag
302 1289 175 32 bestämda
501 1288 171 31 villkoren
697 1286 53 30 för
774 1283 227 37 fastighetens
1025 1280 219 37 försäljning.

145 1375 2 2 —
182 1342 223 33 Beträffande
427 1340 232 35 utredningen
674 1339 12 30 i
703 1336 140 33 ärendet
867 1336 129 30 tillåter
1019 1334 53 36 sig
1093 1333 166 31 utskottet
1275 1330 147 32 hänvisa
1439 1330 55 30 till
1512 1328 141 32 berörda

139 1394 346 37 statsrådsprotokoll.

184 1501 52 30 Då
271 1499 166 31 utskottet
471 1497 73 31 icke
578 1496 64 30 har
676 1495 105 34 något
808 1493 51 30 att
883 1491 116 30 erinra
1022 1491 71 29 mot
1116 1487 317 35 framställningen,
1457 1485 196 31 hemställer

141 1554 175 32 utskottet,

587 1627 51 29 att
672 1623 185 36 riksdagen
891 1622 56 30 må
982 1620 124 30 bifalla
1130 1618 131 36 Kungl.
1286 1617 119 36 Maj:ts
1428 1615 226 32 förevarande

544 1677 219 37 proposition.

187 1786 200 32 Stockholm
411 1784 64 31 den
500 1783 40 30 14
566 1791 92 21 mars
683 1779 94 31 1930.

594 1884 50 30 På
666 1880 371 39 jordbruksutskottets
1060 1881 148 33 vägnar:

699 1985 35 32 C.
760 1985 33 31 J.
818 1981 280 34 JOHANSSON.

194 2260 195 25 Närvarande:
409 2266 27 16 se
456 2255 145 27 utlåtande
622 2264 32 16 nr
675 2257 39 23 18.

1707 1490 139 23 Utskottet.
