1894 2796
564 161 250 27 Statsutskottets
835 160 159 28 utlåtande
1015 169 37 18 nr
1075 161 63 26 196.
1576 160 19 29 5

150 242 49 29 Av
220 241 56 31 det
300 251 90 21 ovan
413 241 151 31 anförda
584 240 167 40 framgår,
774 240 116 31 såsom
912 242 87 29 även
1023 240 10 31 i
1054 240 221 31 motionerna
1297 239 225 36 framhållits,
1546 242 49 28 att

107 294 125 31 genom
257 286 69 31 den
352 286 213 31 verkställda
592 286 195 39 ändringen
813 295 43 21 av
880 285 515 40 prisombudsorganisationen
1420 284 53 31 till
1497 285 98 29 kom-

106 340 172 21 munerna
299 331 222 39 överflyttats
542 331 91 31 vissa
655 330 307 40 arbetsuppgifter,
987 340 75 21 som
1083 330 147 39 tidigare
1251 329 108 31 åvilat
1380 329 215 39 kristidssty-

107 376 153 30 relserna
282 376 66 30 och
371 375 102 31 alltså
494 376 180 30 bekostats
696 385 42 21 av
761 375 211 30 statsmedel.
1006 374 48 31 På
1078 375 114 39 grund
1213 375 111 30 härav
1347 383 104 30 synas
1473 373 122 31 visser-

107 421 92 39 ligen
221 420 92 31 vissa
336 421 77 30 skäl
435 421 122 30 kunna
581 421 70 30 tala
675 420 65 36 för,
765 423 50 27 att
838 420 44 30 de
905 420 82 30 med
1010 420 114 30 denna
1151 419 251 39 överflyttning
1426 418 169 31 förenade

107 466 314 30 merkostnaderna
439 465 56 31 för
512 466 260 30 kommunerna
789 466 88 29 även
896 465 111 30 skulle
1025 464 172 31 bestridas
1216 474 42 20 av
1277 464 212 30 statsmedel.
1520 463 75 30 Den

106 511 117 29 lokala
242 510 276 39 priskontrollen
538 510 99 30 torde
658 510 195 30 emellertid
872 510 11 30 i
902 509 112 31 första
1033 510 98 29 hand
1150 508 36 31 få
1206 518 101 21 anses
1329 518 83 21 vara
1433 508 52 30 till
1505 515 90 32 gagn

106 555 57 30 för
190 555 41 30 de
260 555 160 30 enskilda
448 555 278 30 medlemmarna
754 554 10 30 i
793 554 262 31 vederbörande
1083 554 181 30 kommun.
1297 553 114 39 Sagda
1441 552 156 31 kontroll

107 600 98 30 torde
226 599 101 31 alltså
348 600 11 29 i
380 600 70 39 hög
471 600 86 38 grad
577 609 84 21 vara
681 602 53 28 att
753 600 163 30 betrakta
939 608 74 21 som
1036 608 41 21 en
1101 599 208 30 kommunal
1330 597 264 39 angelägenhet.

107 645 13 29 I
145 644 95 40 varje
265 644 62 31 fall
351 654 104 20 anser
478 644 279 30 kommissionen
781 644 59 30 det
862 644 123 30 kunna
1008 643 224 39 ifrågasättas
1255 652 58 21 om
1336 643 172 30 kommun
1531 642 65 29 bör

107 689 132 30 erhålla
257 689 108 39 högre
382 689 123 39 bidrag
524 698 42 21 av
586 689 202 30 statsmedel
806 688 52 30 till
876 688 238 30 kostnaderna
1133 688 57 29 för
1208 687 253 39 prisombuden
1479 687 45 30 än
1543 686 53 30 till

106 734 110 30 andra
238 734 201 35 kostnader,
463 743 75 21 som
562 733 178 30 erfordras
761 733 57 30 för
839 732 238 39 fullgörandet
1099 742 43 20 av
1163 731 298 31 kristidsnämnds
1486 731 109 30 admi-

106 778 183 31 nistrativa
313 778 233 30 verksamhet.
582 777 245 31 Kostnaderna
850 778 57 29 för
930 777 252 39 prisombuden
1205 776 153 31 hänföra
1380 776 51 39 sig
1455 775 10 30 i
1488 775 108 30 minst

106 823 71 31 lika
198 823 69 39 hög
289 823 85 39 grad
395 832 76 21 som
494 823 100 30 dessa
616 823 111 30 andra
747 822 193 30 kostnader
960 822 53 30 till
1035 821 132 31 sådana
1188 821 308 39 arbetsuppgifter,
1519 829 76 21 som

107 868 106 39 enligt
232 868 149 30 berörda
400 868 57 39 lag
477 869 61 29 äro
558 870 50 28 att
628 877 84 20 anse
734 877 75 20 som
828 867 232 30 kommunala
1078 866 379 38 krisangelägenheter.
1491 865 104 30 Kom-

106 912 191 31 missionen
318 922 102 21 anser
441 912 50 39 sig
511 911 133 31 således
664 912 57 30 för
740 911 221 31 närvarande
980 911 76 30 icke
1077 911 45 30 ha
1142 910 189 39 anledning
1350 913 51 27 att
1419 909 176 39 tillstyrka

106 957 115 39 någon
242 957 150 39 ändring
411 967 42 21 av
473 967 48 20 nu
541 957 161 39 gällande
721 957 265 29 bestämmelser
1005 955 180 39 angående
1206 954 211 39 statsbidrag
1437 954 51 30 till
1508 954 86 30 kris-

106 1002 308 30 tidsnämndernas
442 1002 233 30 verksamhet.

149 1101 175 30 Utskottet
349 1100 65 30 har
439 1102 114 28 ansett
578 1100 50 38 sig
652 1099 87 31 böra
765 1099 175 39 tillstyrka
963 1098 102 30 bifall
1091 1098 51 31 till
1168 1097 124 39 Kungl.
1321 1097 119 39 Maj:ts
1466 1096 126 40 ifråga-

105 1154 153 31 varande
277 1154 141 39 förslag.

149 1208 75 31 Vad
248 1207 173 31 beträffar
444 1208 60 30 det
530 1207 10 30 i
565 1206 223 31 motionerna
816 1207 83 29 1:86
927 1206 66 30 och
1023 1206 43 29 II:
1083 1206 58 29 131
1170 1205 223 31 framställda
1421 1204 173 39 yrkandet

105 1262 64 30 har
193 1262 169 30 utskottet
387 1261 76 31 icke
489 1261 119 30 funnit
632 1260 210 39 tillräckliga
868 1260 76 30 skäl
968 1259 170 39 föreligga
1164 1259 56 30 för
1244 1262 47 27 ett
1316 1258 209 30 biträdande
1551 1267 43 21 av

105 1316 204 30 detsamma.
341 1315 177 30 Utskottet
536 1314 60 31 vill
614 1314 194 31 emeHertid
827 1314 10 29 i
857 1314 96 30 detta
972 1313 255 38 sammanhang
1247 1311 201 36 framhålla,
1468 1314 50 27 att
1537 1311 57 30 det

105 1369 90 30 hade
214 1369 90 30 varit
323 1368 189 31 värdefullt
529 1378 60 20 om
608 1367 263 31 vederbörande
892 1368 212 29 kommuner
1122 1367 129 29 beretts
1271 1365 138 31 tillfälle
1432 1368 50 27 att
1501 1367 92 36 yttra

105 1422 51 40 sig
182 1422 180 39 angående
389 1420 524 41 prisombudsorganisationen,
942 1420 108 30 innan
1075 1420 118 29 denna
1217 1418 81 31 från
1326 1419 66 30 och
1417 1418 82 30 med
1527 1418 66 30 den

108 1477 13 29 1
151 1476 183 31 december
364 1476 84 29 1946
475 1474 336 40 omorganiserades.

149 1529 117 31 Under
290 1529 224 39 åberopande
536 1538 42 21 av
601 1528 67 30 vad
692 1527 146 31 sålunda
861 1526 137 31 anförts
1019 1525 56 31 får
1097 1526 168 30 utskottet
1287 1524 197 36 hemställa,

459 1639 50 27 att
537 1635 187 39 riksdagen
752 1634 67 36 må,
848 1635 81 30 med
954 1634 101 30 bifall
1083 1634 52 30 till
1162 1634 124 39 Kungl.
1316 1633 118 39 Maj:ts
1460 1633 134 38 förslag

415 1692 90 28 samt
527 1689 82 30 med
631 1689 119 39 avslag
773 1688 20 31 å
816 1688 223 31 motionerna
1065 1688 83 30 1:86
1172 1687 65 30 och
1262 1688 44 29 II:
1324 1687 72 35 131,

458 1742 31 39 a)
520 1743 186 39 godkänna
729 1752 43 21 av
793 1741 378 40 departementschefen
1194 1741 150 39 angivna
1369 1740 148 39 grunder
1540 1740 55 30 för

415 1796 207 39 statsbidrag
646 1795 52 31 till
726 1795 376 31 kristidsnämndernas
1129 1794 186 31 kostnader
1342 1794 53 30 för
1426 1794 83 29 1946
1539 1792 54 31 års

414 1849 385 40 skördeuppskattning,

458 1902 33 39 b)
520 1903 53 30 till
590 1902 126 39 Bidrag
737 1903 50 29 till
805 1902 375 30 kristidsnämndernas
1200 1902 219 30 verksamhet
1437 1902 55 30 för
1509 1901 84 31 bud-

414 1955 127 40 getåret
569 1950 139 42 1947/18
734 1956 108 30 under
866 1955 82 31 elfte
973 1955 217 30 huvudtiteln
1215 1955 120 30 anvisa
1360 1958 46 27 ett
1432 1955 160 39 förslags-

414 2009 119 40 anslag
558 2019 42 21 av
626 2010 13 29 1
656 2009 64 30 900
734 2010 63 29 000
821 2009 136 30 kronor.

150 2117 202 30 Stockholm
378 2117 67 29 den
473 2117 36 29 17
535 2116 75 38 juni
638 2116 92 30 1947.

592 2213 48 31 På
667 2214 267 30 statsutskottets
961 2214 141 38 vägnar:

649 2285 29 29 J.
707 2285 36 29 B.
773 2284 271 30 JOHANSSON.

1632 1105 149 24 Utskottet.
