2230 2624
187 270 135 30 Departe-

420 176 21 31 4
900 174 281 32 Bankoutskottets
1202 173 167 32 utlåtande
1392 184 42 21 nr
1458 174 52 31 16.

480 254 55 35 På
563 256 77 32 sätt
664 252 378 48 järnvägsstyrelsen
1071 251 220 46 framhållit,
1320 251 69 36 har
1417 256 126 32 staten
1562 251 118 48 ingen
1700 249 222 50 skyldighet
1943 254 55 32 att

149 304 207 25 mentschefen.
376 305 102 36 hålla
506 304 127 36 änkan
661 303 273 48 Frankenberg
961 302 196 37 skadeslös
1186 303 59 36 för
1273 303 186 36 förlusten
1488 316 46 23 av
1563 303 71 36 den
1664 302 174 50 pension,
1866 314 131 23 varom

195 1346 135 24 Utskottet.

376 357 77 35 hon
482 368 138 36 genom
652 368 187 23 mannens
869 354 236 37 förvållande
1133 357 85 45 gått
1248 354 123 36 miste.
1428 354 225 36 Emellertid
1682 354 69 36 har
1778 352 219 48 riksdagen,

376 411 125 33 såsom
549 421 47 22 av
642 407 62 36 det
746 419 98 23 ovan
886 405 161 38 anförda
1090 405 181 49 framgår,
1302 409 89 33 åren
1422 407 98 35 1913
1552 406 69 35 och
1653 407 99 34 1914
1781 405 12 36 i
1822 406 64 33 två
1915 400 85 39 full-

375 459 164 49 komligt
580 458 204 37 liktartade
822 458 65 36 fall
915 457 160 49 beviljat
1102 457 209 37 understöd
1341 460 38 33 åt
1407 457 172 36 änkorna
1607 456 96 36 efter
1731 459 65 33 två
1824 455 176 37 stations-

373 511 243 49 inspektorer
654 510 64 36 vid
761 515 143 31 statens
941 510 224 48 järnvägar.
1235 509 58 35 Då
1322 508 237 37 beträffande
1587 507 248 51 förevarande
1864 506 136 37 ansök-

376 563 97 47 ning
515 575 147 23 samma
703 563 130 34 starka
862 561 282 49 billighetsskäl
1173 582 50 5 —
1252 573 185 23 mannens
1467 560 229 48 långvariga
1725 558 235 48 anställning
1988 558 13 35 i

377 619 144 31 statens
545 614 232 48 järnvägars
806 613 119 48 tjänst
954 618 99 31 samt
1081 612 146 36 änkans
1258 612 213 48 sjuklighet
1500 612 71 35 och
1600 611 201 47 oförmåga
1831 616 53 30 att
1912 609 89 36 med

377 666 129 36 arbete
549 665 164 48 försörja
755 664 60 48 sig
846 686 44 4 —
922 677 79 23 som
1037 665 12 34 i
1079 664 46 36 de
1153 664 259 48 nyssnämnda
1440 664 114 35 fallen
1582 663 75 36 tala
1686 662 59 36 för
1772 660 230 38 understöds

377 717 231 48 beviljande,
652 729 109 23 anser
797 717 82 48 jag,
928 722 54 30 att
1011 715 125 36 änkan
1164 715 295 48 Frankenbergs
1505 715 168 35 ansökan
1702 727 60 23 om
1792 711 210 38 understöd

379 769 70 36 bör
490 769 117 35 vinna
650 769 198 35 avseende.
917 768 158 35 Erinras
1117 770 61 33 må
1219 767 145 47 därvid,
1394 773 55 29 att
1477 772 54 30 ett
1560 766 107 36 bifall
1695 765 57 36 till
1782 765 220 36 densamma

379 820 85 36 icke
506 819 109 37 torde
657 819 170 36 medföra
856 822 120 46 några
1005 818 226 48 vittgående
1260 818 287 37 konsekvenser
1575 818 60 35 för
1663 817 218 45 framtiden,
1912 820 90 32 enär

380 884 142 36 genom
544 872 252 46 reglementet
823 871 60 36 för
915 876 146 31 statens
1084 870 322 49 järnvägstrafiks
1435 870 114 36 änke-
1579 869 69 36 och
1664 869 238 49 pupillkassa
1929 867 75 36 den

382 925 20 34 6
433 922 215 50 september
687 924 97 34 1872
815 922 186 48 stadgats,
1033 927 54 31 att
1115 936 46 22 en
1189 936 79 32 var,
1299 935 82 23 som
1410 921 167 36 därefter
1605 921 182 36 anställes
1816 920 12 35 i
1857 925 145 30 statens

376 974 324 49 järnvägstrafiks
743 974 187 35 ordinarie
971 974 131 46 tjänst,
1147 973 97 35 skall
1287 986 92 23 vara
1421 972 177 48 delägare
1640 972 12 35 i
1680 970 168 37 nämnda
1876 970 125 36 kassa.

382 1026 56 36 De
484 1026 181 36 liknande
711 1026 79 46 fall,
838 1037 81 24 som
968 1024 204 36 framdeles
1215 1025 130 35 kunna
1387 1024 166 46 inträffa,
1596 1023 106 36 torde
1745 1022 128 36 därför
1900 1021 104 36 bliva

383 1078 177 49 ytterligt
587 1077 49 36 få.
1020 1083 2 2 |

513 1129 81 35 Mot
635 1127 199 37 storleken
865 1141 46 23 av
940 1128 63 36 det
1032 1141 47 22 av
1102 1127 379 49 järnvägsstyrelsen
1510 1127 219 47 föreslagna
1756 1124 243 37 understöds-

381 1181 191 48 beloppet,
615 1183 91 33 varå
733 1179 330 48 krigstidstillägg
1091 1180 11 35 i
1131 1179 132 48 vanlig
1304 1179 166 48 ordning
1497 1178 108 36 torde
1634 1178 154 36 komma
1817 1182 55 31 att
1895 1178 106 46 utgå,

382 1233 69 35 har
475 1233 71 47 jag
574 1232 94 36 intet
696 1237 54 30 att
778 1231 160 36 erinra.»

517 1334 86 37 Med
641 1334 150 49 hänsyn
834 1334 57 36 till
932 1334 298 48 Frankenbergs
1273 1334 229 48 långvariga
1546 1332 237 48 anställning
1818 1333 12 34 1
1863 1336 144 31 statens

381 1389 231 48 järnvägars
667 1386 120 49 tjänst
829 1399 113 36 synes
986 1387 64 35 det
1092 1400 91 22 vara
1228 1386 139 48 billigt,
1412 1391 54 29 att
1508 1384 140 48 änkan,
1696 1397 82 23 som
1821 1388 40 31 är
1902 1383 105 48 sjuk-

386 1440 55 47 lig
482 1439 73 36 och
597 1438 225 48 oförmögen
861 1443 54 30 att
956 1438 86 36 med
1084 1437 129 36 arbete
1251 1436 162 47 försörja
1442 1436 71 48 sig,
1544 1436 172 36 kommer
1743 1436 12 35 i
1785 1434 223 49 åtnjutande

387 1505 47 22 av
476 1493 119 43 något
635 1489 205 36 understöd
884 1503 47 22 av
973 1489 222 35 statsmedel
1224 1489 72 34 och
1325 1487 119 47 torde,
1473 1488 13 34 i
1515 1488 378 35 överensstämmelse
1922 1485 86 36 med

387 1543 74 35 vad
489 1543 13 35 i
529 1541 188 37 likartade
746 1540 66 36 fall
841 1540 101 36 förut
971 1540 198 47 beslutats,
1199 1540 126 35 änkan
1354 1539 275 47 Frankenberg
1648 1538 92 36 böra
1761 1537 247 37 tillerkännas

388 1607 145 23 samma
579 1593 151 48 belopp,
774 1605 81 23 som
896 1592 124 36 skulle
1050 1592 97 36 hava
1175 1591 220 36 tillkommit
1423 1591 138 46 henne,
1592 1591 125 34 därest
1746 1603 166 22 mannen
1944 1588 65 36 vid

388 1646 59 35 gin
490 1645 74 36 död
606 1644 101 35 varit
744 1644 177 48 delägare
949 1644 12 35 i
991 1649 145 30 statens
1160 1642 322 50 järnvägstrafiks
1511 1641 115 36 änke-
1655 1641 74 36 och
1759 1641 249 48 pupillkassa.

388 1697 134 47 Enligt
564 1696 74 35 vad
680 1695 11 35 i
737 1695 287 48 propositionen
1070 1695 206 46 meddelas,
1315 1698 115 44 utgör
1465 1693 106 36 detta
1599 1693 138 48 belopp
1770 1694 71 35 156
1872 1692 138 36 kronor

389 1761 61 23 om
480 1751 90 33 året.
1030 1766 3 4 e

511 1816 196 37 Utskottet
736 1816 219 36 hemställer
984 1816 123 46 alltså,

927 1906 57 31 att
999 1902 208 47 riksdagen
1231 1903 61 33 må
1311 1900 194 48 medgiva,
1523 1906 60 30 att
1598 1899 57 36 till
1675 1899 101 36 förre
1797 1898 215 36 banvakten

797 1953 66 36 vid
892 1959 147 30 statens
1063 1954 212 48 järnvägar
1305 1951 39 37 OC.
1379 1951 45 37 G.
1457 1951 295 47 Frankenbergs
1782 1949 98 37 änka
1899 1950 114 35 Anna

798 2004 198 37 Charlotta
1020 2004 280 48 Frankenberg
1327 2006 61 34 må
1417 2017 46 22 av
1491 2002 239 37 trafikmedel
1750 2001 186 37 utbetalas
1956 2006 57 30 ett

798 2057 115 48 årligt
950 2056 211 36 understöd
1205 2069 47 22 av
1295 2061 55 31 ett
1378 2055 148 36 hundra
1557 2055 204 36 femtiosex
1789 2053 140 36 kronor
1958 2057 56 31 att

795 2111 95 45 utgå
920 2109 84 35 från
1034 2108 71 36 och
1134 2107 85 36 med
1249 2108 74 35 den
1354 2109 18 33 1
1399 2107 154 48 januari
1585 2107 96 35 1919
1703 2105 12 36 i
1736 2105 169 48 enlighet
1926 2104 87 36 med

796 2159 45 36 de
884 2159 182 48 grunder,
1111 2172 82 23 som
1235 2159 12 35 i
1289 2158 21 50 &
1354 2161 19 33 7
1418 2172 47 22 av
1503 2158 252 49 reglementet
1783 2156 58 36 för
1869 2162 146 30 statens

792 2211 319 48 järnvägstrafiks
1140 2211 114 36 änke-
1284 2210 70 36 och
1384 2210 236 49 pupillkassa
1649 2209 74 36 den
1754 2209 20 34 6
1801 2207 214 49 september

801 2264 95 34 1872
940 2263 173 48 stadgats
1158 2262 162 36 rörande
1361 2261 205 50 pensioner
1603 2264 36 32 åt
1668 2260 120 36 änkor
1816 2260 96 36 efter
1940 2259 76 36 del-

798 2320 116 43 ägare
942 2314 13 36 1
983 2314 169 36 nämnda
1180 2314 125 36 kassa.
