<?xml version="1.0" encoding="UTF-8"?>
<alto xmlns="http://www.loc.gov/standards/alto/ns-v3#" xmlns:xlink="http://www.w3.org/1999/xlink" xmlns:xsi="http://www.w3.org/2001/XMLSchema-instance" xsi:schemaLocation="http://www.loc.gov/standards/alto/ns-v3# http://www.loc.gov/alto/v3/alto-3-0.xsd">
	<Description>
		<MeasurementUnit>pixel</MeasurementUnit>
		<sourceImageInformation>
			<fileName>/tmp/tess_8ccilr2d_input.PNG</fileName>
		</sourceImageInformation>
		<OCRProcessing ID="OCR_0">
			<ocrProcessingStep>
				<processingSoftware>
					<softwareName>tesseract 5.3.0</softwareName>
				</processingSoftware>
			</ocrProcessingStep>
		</OCRProcessing>
	</Description>
	<Layout>
		<Page WIDTH="2124" HEIGHT="2659" PHYSICAL_IMG_NR="0" ID="page_0">
			<PrintSpace HPOS="0" VPOS="0" WIDTH="2124" HEIGHT="2659">
				<ComposedBlock ID="cblock_0" HPOS="309" VPOS="200" WIDTH="1106" HEIGHT="42">
					<TextBlock ID="block_0" HPOS="309" VPOS="200" WIDTH="1106" HEIGHT="42">
						<TextLine ID="line_0" HPOS="309" VPOS="200" WIDTH="1106" HEIGHT="42">
							<String ID="string_0" HPOS="309" VPOS="201" WIDTH="38" HEIGHT="29" WC="0.96" CONTENT="28"/><SP WIDTH="466" VPOS="201" HPOS="347"/>
							<String ID="string_1" HPOS="813" VPOS="200" WIDTH="249" HEIGHT="42" WC="0.81" CONTENT="Lag-Utskottets"/><SP WIDTH="26" VPOS="200" HPOS="1062"/>
							<String ID="string_2" HPOS="1088" VPOS="200" WIDTH="162" HEIGHT="33" WC="0.94" CONTENT="Utlåtande"/><SP WIDTH="22" VPOS="200" HPOS="1250"/>
							<String ID="string_3" HPOS="1272" VPOS="200" WIDTH="66" HEIGHT="33" WC="0.95" CONTENT="N:o"/><SP WIDTH="22" VPOS="200" HPOS="1338"/>
							<String ID="string_4" HPOS="1360" VPOS="203" WIDTH="55" HEIGHT="30" WC="0.96" CONTENT="55."/>
						</TextLine>
					</TextBlock>
				</ComposedBlock>
				<ComposedBlock ID="cblock_1" HPOS="1024" VPOS="437" WIDTH="168" HEIGHT="49">
					<TextBlock ID="block_1" HPOS="1024" VPOS="437" WIDTH="168" HEIGHT="49">
						<TextLine ID="line_1" HPOS="1024" VPOS="437" WIDTH="168" HEIGHT="49">
							<String ID="string_5" HPOS="1024" VPOS="440" WIDTH="22" HEIGHT="34" WC="0.95" CONTENT="4"/><SP WIDTH="37" VPOS="440" HPOS="1046"/>
							<String ID="string_6" HPOS="1083" VPOS="437" WIDTH="109" HEIGHT="49" WC="0.95" CONTENT="Kap."/>
						</TextLine>
					</TextBlock>
				</ComposedBlock>
				<ComposedBlock ID="cblock_2" HPOS="835" VPOS="589" WIDTH="546" HEIGHT="50">
					<TextBlock ID="block_2" HPOS="835" VPOS="589" WIDTH="546" HEIGHT="50">
						<TextLine ID="line_2" HPOS="835" VPOS="589" WIDTH="546" HEIGHT="50">
							<String ID="string_7" HPOS="835" VPOS="589" WIDTH="546" HEIGHT="50" WC="0.91" CONTENT="Ordningsstadganden."/>
						</TextLine>
					</TextBlock>
				</ComposedBlock>
				<ComposedBlock ID="cblock_3" HPOS="1064" VPOS="710" WIDTH="104" HEIGHT="47">
					<TextBlock ID="block_3" HPOS="1064" VPOS="710" WIDTH="104" HEIGHT="47">
						<TextLine ID="line_3" HPOS="1064" VPOS="710" WIDTH="104" HEIGHT="47">
							<String ID="string_8" HPOS="1064" VPOS="715" WIDTH="45" HEIGHT="33" WC="0.90" CONTENT="33"/><SP WIDTH="29" VPOS="715" HPOS="1109"/>
							<String ID="string_9" HPOS="1138" VPOS="710" WIDTH="30" HEIGHT="47" WC="0.88" CONTENT="$."/>
						</TextLine>
					</TextBlock>
				</ComposedBlock>
				<ComposedBlock ID="cblock_4" HPOS="307" VPOS="795" WIDTH="1607" HEIGHT="348">
					<TextBlock ID="block_4" HPOS="307" VPOS="795" WIDTH="1607" HEIGHT="206">
						<TextLine ID="line_4" HPOS="407" VPOS="795" WIDTH="1507" HEIGHT="50">
							<String ID="string_10" HPOS="407" VPOS="795" WIDTH="399" HEIGHT="50" WC="0.92" CONTENT="Bergverksstyrelsen"/><SP WIDTH="42" VPOS="795" HPOS="806"/>
							<String ID="string_11" HPOS="848" VPOS="810" WIDTH="90" HEIGHT="35" WC="0.96" CONTENT="eger"/><SP WIDTH="40" VPOS="810" HPOS="938"/>
							<String ID="string_12" HPOS="978" VPOS="803" WIDTH="55" HEIGHT="30" WC="0.95" CONTENT="att"/><SP WIDTH="41" VPOS="803" HPOS="1033"/>
							<String ID="string_13" HPOS="1074" VPOS="796" WIDTH="106" HEIGHT="37" WC="0.96" CONTENT="öfver"/><SP WIDTH="32" VPOS="796" HPOS="1180"/>
							<String ID="string_14" HPOS="1212" VPOS="797" WIDTH="130" HEIGHT="37" WC="0.96" CONTENT="arbete"/><SP WIDTH="29" VPOS="797" HPOS="1342"/>
							<String ID="string_15" HPOS="1371" VPOS="797" WIDTH="58" HEIGHT="37" WC="0.93" CONTENT="för"/><SP WIDTH="29" VPOS="797" HPOS="1429"/>
							<String ID="string_16" HPOS="1458" VPOS="797" WIDTH="264" HEIGHT="37" WC="0.91" CONTENT="eftersökande"/><SP WIDTH="30" VPOS="797" HPOS="1722"/>
							<String ID="string_17" HPOS="1752" VPOS="799" WIDTH="70" HEIGHT="35" WC="0.93" CONTENT="och"/><SP WIDTH="29" VPOS="799" HPOS="1822"/>
							<String ID="string_18" HPOS="1851" VPOS="799" WIDTH="63" HEIGHT="35" WC="0.91" CONTENT="be-"/>
						</TextLine>
						<TextLine ID="line_5" HPOS="308" VPOS="847" WIDTH="1606" HEIGHT="51">
							<String ID="string_19" HPOS="308" VPOS="847" WIDTH="206" HEIGHT="36" WC="0.96" CONTENT="arbetande"/><SP WIDTH="42" VPOS="847" HPOS="514"/>
							<String ID="string_20" HPOS="556" VPOS="847" WIDTH="40" HEIGHT="36" WC="0.96" CONTENT="af"/><SP WIDTH="36" VPOS="847" HPOS="596"/>
							<String ID="string_21" HPOS="632" VPOS="849" WIDTH="148" HEIGHT="35" WC="0.93" CONTENT="stenkol"/><SP WIDTH="42" VPOS="849" HPOS="780"/>
							<String ID="string_22" HPOS="822" VPOS="848" WIDTH="130" HEIGHT="37" WC="0.92" CONTENT="utöfva"/><SP WIDTH="41" VPOS="848" HPOS="952"/>
							<String ID="string_23" HPOS="993" VPOS="848" WIDTH="116" HEIGHT="36" WC="0.96" CONTENT="sådan"/><SP WIDTH="40" VPOS="848" HPOS="1109"/>
							<String ID="string_24" HPOS="1149" VPOS="849" WIDTH="143" HEIGHT="47" WC="0.93" CONTENT="tillsyn,"/><SP WIDTH="29" VPOS="849" HPOS="1292"/>
							<String ID="string_25" HPOS="1321" VPOS="854" WIDTH="56" HEIGHT="31" WC="0.96" CONTENT="att"/><SP WIDTH="28" VPOS="854" HPOS="1377"/>
							<String ID="string_26" HPOS="1405" VPOS="849" WIDTH="115" HEIGHT="48" WC="0.96" CONTENT="nödig"/><SP WIDTH="28" VPOS="849" HPOS="1520"/>
							<String ID="string_27" HPOS="1548" VPOS="850" WIDTH="180" HEIGHT="48" WC="0.93" CONTENT="trygghet"/><SP WIDTH="28" VPOS="850" HPOS="1728"/>
							<String ID="string_28" HPOS="1756" VPOS="850" WIDTH="158" HEIGHT="36" WC="0.93" CONTENT="beredes"/>
						</TextLine>
						<TextLine ID="line_6" HPOS="308" VPOS="898" WIDTH="1606" HEIGHT="52">
							<String ID="string_29" HPOS="308" VPOS="898" WIDTH="362" HEIGHT="49" WC="0.91" CONTENT="arbetsmanskapet,"/><SP WIDTH="30" VPOS="898" HPOS="670"/>
							<String ID="string_30" HPOS="700" VPOS="900" WIDTH="69" HEIGHT="36" WC="0.96" CONTENT="och"/><SP WIDTH="31" VPOS="900" HPOS="769"/>
							<String ID="string_31" HPOS="800" VPOS="906" WIDTH="55" HEIGHT="31" WC="0.96" CONTENT="att"/><SP WIDTH="27" VPOS="906" HPOS="855"/>
							<String ID="string_32" HPOS="882" VPOS="900" WIDTH="83" HEIGHT="36" WC="0.96" CONTENT="icke"/><SP WIDTH="28" VPOS="900" HPOS="965"/>
							<String ID="string_33" HPOS="993" VPOS="912" WIDTH="139" HEIGHT="36" WC="0.96" CONTENT="genom"/><SP WIDTH="29" VPOS="912" HPOS="1132"/>
							<String ID="string_34" HPOS="1161" VPOS="905" WIDTH="115" HEIGHT="31" WC="0.96" CONTENT="sättet"/><SP WIDTH="29" VPOS="905" HPOS="1276"/>
							<String ID="string_35" HPOS="1305" VPOS="899" WIDTH="57" HEIGHT="37" WC="0.96" CONTENT="för"/><SP WIDTH="28" VPOS="899" HPOS="1362"/>
							<String ID="string_36" HPOS="1390" VPOS="900" WIDTH="166" HEIGHT="37" WC="0.93" CONTENT="arbetets"/><SP WIDTH="29" VPOS="900" HPOS="1556"/>
							<String ID="string_37" HPOS="1585" VPOS="900" WIDTH="197" HEIGHT="37" WC="0.91" CONTENT="drifvande"/><SP WIDTH="29" VPOS="900" HPOS="1782"/>
							<String ID="string_38" HPOS="1811" VPOS="901" WIDTH="103" HEIGHT="49" WC="0.92" CONTENT="gruf-"/>
						</TextLine>
						<TextLine ID="line_7" HPOS="307" VPOS="949" WIDTH="1605" HEIGHT="52">
							<String ID="string_39" HPOS="307" VPOS="963" WIDTH="91" HEIGHT="23" WC="0.91" CONTENT="vans"/><SP WIDTH="28" VPOS="963" HPOS="398"/>
							<String ID="string_40" HPOS="426" VPOS="949" WIDTH="178" HEIGHT="37" WC="0.96" CONTENT="framtida"/><SP WIDTH="28" VPOS="949" HPOS="604"/>
							<String ID="string_41" HPOS="632" VPOS="950" WIDTH="157" HEIGHT="37" WC="0.93" CONTENT="bestånd"/><SP WIDTH="30" VPOS="950" HPOS="789"/>
							<String ID="string_42" HPOS="819" VPOS="954" WIDTH="214" HEIGHT="46" WC="0.92" CONTENT="äfventyras"/><SP WIDTH="29" VPOS="954" HPOS="1033"/>
							<String ID="string_43" HPOS="1062" VPOS="952" WIDTH="92" HEIGHT="35" WC="0.96" CONTENT="eller"/><SP WIDTH="28" VPOS="952" HPOS="1154"/>
							<String ID="string_44" HPOS="1182" VPOS="951" WIDTH="79" HEIGHT="36" WC="0.96" CONTENT="fara"/><SP WIDTH="27" VPOS="951" HPOS="1261"/>
							<String ID="string_45" HPOS="1288" VPOS="950" WIDTH="59" HEIGHT="37" WC="0.97" CONTENT="för"/><SP WIDTH="28" VPOS="950" HPOS="1347"/>
							<String ID="string_46" HPOS="1375" VPOS="965" WIDTH="141" HEIGHT="23" WC="0.96" CONTENT="annans"/><SP WIDTH="20" VPOS="965" HPOS="1516"/>
							<String ID="string_47" HPOS="1536" VPOS="953" WIDTH="186" HEIGHT="46" WC="0.95" CONTENT="egendom"/><SP WIDTH="21" VPOS="953" HPOS="1722"/>
							<String ID="string_48" HPOS="1743" VPOS="957" WIDTH="169" HEIGHT="44" WC="0.96" CONTENT="uppstår."/>
						</TextLine>
					</TextBlock>
					<TextBlock ID="block_5" HPOS="307" VPOS="1001" WIDTH="1606" HEIGHT="142">
						<TextLine ID="line_8" HPOS="407" VPOS="1001" WIDTH="1505" HEIGHT="51">
							<String ID="string_49" HPOS="407" VPOS="1001" WIDTH="95" HEIGHT="44" WC="0.96" CONTENT="Den,"/><SP WIDTH="29" VPOS="1001" HPOS="502"/>
							<String ID="string_50" HPOS="531" VPOS="1014" WIDTH="80" HEIGHT="23" WC="0.96" CONTENT="som"/><SP WIDTH="38" VPOS="1014" HPOS="611"/>
							<String ID="string_51" HPOS="649" VPOS="1002" WIDTH="81" HEIGHT="35" WC="0.96" CONTENT="icke"/><SP WIDTH="30" VPOS="1002" HPOS="730"/>
							<String ID="string_52" HPOS="760" VPOS="1003" WIDTH="131" HEIGHT="36" WC="0.96" CONTENT="ställer"/><SP WIDTH="28" VPOS="1003" HPOS="891"/>
							<String ID="string_53" HPOS="919" VPOS="1003" WIDTH="57" HEIGHT="47" WC="0.96" CONTENT="sig"/><SP WIDTH="26" VPOS="1003" HPOS="976"/>
							<String ID="string_54" HPOS="1002" VPOS="1003" WIDTH="58" HEIGHT="35" WC="0.92" CONTENT="till"/><SP WIDTH="29" VPOS="1003" HPOS="1060"/>
							<String ID="string_55" HPOS="1089" VPOS="1001" WIDTH="254" HEIGHT="38" WC="0.92" CONTENT="efterrättelse"/><SP WIDTH="28" VPOS="1001" HPOS="1343"/>
							<String ID="string_56" HPOS="1371" VPOS="1002" WIDTH="205" HEIGHT="49" WC="0.96" CONTENT="föreskrift,"/><SP WIDTH="29" VPOS="1002" HPOS="1576"/>
							<String ID="string_57" HPOS="1605" VPOS="1017" WIDTH="81" HEIGHT="22" WC="0.96" CONTENT="som"/><SP WIDTH="28" VPOS="1017" HPOS="1686"/>
							<String ID="string_58" HPOS="1714" VPOS="1007" WIDTH="48" HEIGHT="45" WC="0.96" CONTENT="på"/><SP WIDTH="27" VPOS="1007" HPOS="1762"/>
							<String ID="string_59" HPOS="1789" VPOS="1005" WIDTH="123" HEIGHT="47" WC="0.96" CONTENT="grund"/>
						</TextLine>
						<TextLine ID="line_9" HPOS="308" VPOS="1052" WIDTH="1605" HEIGHT="51">
							<String ID="string_60" HPOS="308" VPOS="1052" WIDTH="39" HEIGHT="36" WC="0.96" CONTENT="af"/><SP WIDTH="30" VPOS="1052" HPOS="347"/>
							<String ID="string_61" HPOS="377" VPOS="1052" WIDTH="124" HEIGHT="36" WC="0.96" CONTENT="denna"/><SP WIDTH="40" VPOS="1052" HPOS="501"/>
							<String ID="string_62" HPOS="541" VPOS="1053" WIDTH="180" HEIGHT="47" WC="0.96" CONTENT="paragraf"/><SP WIDTH="37" VPOS="1053" HPOS="721"/>
							<String ID="string_63" HPOS="758" VPOS="1053" WIDTH="40" HEIGHT="36" WC="0.93" CONTENT="af"/><SP WIDTH="32" VPOS="1053" HPOS="798"/>
							<String ID="string_64" HPOS="830" VPOS="1053" WIDTH="408" HEIGHT="50" WC="0.92" CONTENT="bergsöfverstyrelsen"/><SP WIDTH="38" VPOS="1053" HPOS="1238"/>
							<String ID="string_65" HPOS="1276" VPOS="1054" WIDTH="92" HEIGHT="36" WC="0.96" CONTENT="eller"/><SP WIDTH="28" VPOS="1054" HPOS="1368"/>
							<String ID="string_66" HPOS="1396" VPOS="1055" WIDTH="284" HEIGHT="48" WC="0.95" CONTENT="bergmästaren"/><SP WIDTH="28" VPOS="1055" HPOS="1680"/>
							<String ID="string_67" HPOS="1708" VPOS="1055" WIDTH="205" HEIGHT="46" WC="0.96" CONTENT="meddelas,"/>
						</TextLine>
						<TextLine ID="line_10" HPOS="307" VPOS="1102" WIDTH="1605" HEIGHT="41">
							<String ID="string_68" HPOS="307" VPOS="1102" WIDTH="149" HEIGHT="38" WC="0.90" CONTENT="straffes"/><SP WIDTH="41" VPOS="1102" HPOS="456"/>
							<String ID="string_69" HPOS="497" VPOS="1104" WIDTH="85" HEIGHT="36" WC="0.96" CONTENT="med"/><SP WIDTH="42" VPOS="1104" HPOS="582"/>
							<String ID="string_70" HPOS="624" VPOS="1104" WIDTH="107" HEIGHT="37" WC="0.96" CONTENT="böter"/><SP WIDTH="40" VPOS="1104" HPOS="731"/>
							<String ID="string_71" HPOS="771" VPOS="1104" WIDTH="83" HEIGHT="37" WC="0.96" CONTENT="från"/><SP WIDTH="30" VPOS="1104" HPOS="854"/>
							<String ID="string_72" HPOS="884" VPOS="1105" WIDTH="70" HEIGHT="36" WC="0.96" CONTENT="och"/><SP WIDTH="31" VPOS="1105" HPOS="954"/>
							<String ID="string_73" HPOS="985" VPOS="1105" WIDTH="84" HEIGHT="36" WC="0.96" CONTENT="med"/><SP WIDTH="29" VPOS="1105" HPOS="1069"/>
							<String ID="string_74" HPOS="1098" VPOS="1106" WIDTH="53" HEIGHT="35" WC="0.96" CONTENT="tio"/><SP WIDTH="29" VPOS="1106" HPOS="1151"/>
							<String ID="string_75" HPOS="1180" VPOS="1105" WIDTH="59" HEIGHT="36" WC="0.95" CONTENT="till"/><SP WIDTH="29" VPOS="1105" HPOS="1239"/>
							<String ID="string_76" HPOS="1268" VPOS="1106" WIDTH="69" HEIGHT="35" WC="0.95" CONTENT="och"/><SP WIDTH="32" VPOS="1106" HPOS="1337"/>
							<String ID="string_77" HPOS="1369" VPOS="1106" WIDTH="83" HEIGHT="36" WC="0.96" CONTENT="med"/><SP WIDTH="29" VPOS="1106" HPOS="1452"/>
							<String ID="string_78" HPOS="1481" VPOS="1106" WIDTH="74" HEIGHT="36" WC="0.96" CONTENT="fem"/><SP WIDTH="29" VPOS="1106" HPOS="1555"/>
							<String ID="string_79" HPOS="1584" VPOS="1107" WIDTH="148" HEIGHT="36" WC="0.96" CONTENT="hundra"/><SP WIDTH="28" VPOS="1107" HPOS="1732"/>
							<String ID="string_80" HPOS="1760" VPOS="1108" WIDTH="152" HEIGHT="35" WC="0.96" CONTENT="kronor."/>
						</TextLine>
					</TextBlock>
				</ComposedBlock>
				<ComposedBlock ID="cblock_5" HPOS="1062" VPOS="1221" WIDTH="104" HEIGHT="49">
					<TextBlock ID="block_6" HPOS="1062" VPOS="1221" WIDTH="104" HEIGHT="49">
						<TextLine ID="line_11" HPOS="1062" VPOS="1221" WIDTH="104" HEIGHT="49">
							<String ID="string_81" HPOS="1062" VPOS="1226" WIDTH="46" HEIGHT="35" WC="0.92" CONTENT="34"/><SP WIDTH="28" VPOS="1226" HPOS="1108"/>
							<String ID="string_82" HPOS="1136" VPOS="1221" WIDTH="30" HEIGHT="49" WC="0.89" CONTENT="$."/>
						</TextLine>
					</TextBlock>
				</ComposedBlock>
				<ComposedBlock ID="cblock_6" HPOS="307" VPOS="1307" WIDTH="1605" HEIGHT="204">
					<TextBlock ID="block_7" HPOS="307" VPOS="1307" WIDTH="1605" HEIGHT="204">
						<TextLine ID="line_12" HPOS="408" VPOS="1307" WIDTH="1504" HEIGHT="51">
							<String ID="string_83" HPOS="408" VPOS="1307" WIDTH="187" HEIGHT="38" WC="0.91" CONTENT="Särskildt"/><SP WIDTH="28" VPOS="1307" HPOS="595"/>
							<String ID="string_84" HPOS="623" VPOS="1309" WIDTH="95" HEIGHT="35" WC="0.96" CONTENT="skall"/><SP WIDTH="27" VPOS="1309" HPOS="718"/>
							<String ID="string_85" HPOS="745" VPOS="1308" WIDTH="63" HEIGHT="37" WC="0.93" CONTENT="vid"/><SP WIDTH="28" VPOS="1308" HPOS="808"/>
							<String ID="string_86" HPOS="836" VPOS="1308" WIDTH="273" HEIGHT="50" WC="0.91" CONTENT="grufbrytning"/><SP WIDTH="28" VPOS="1308" HPOS="1109"/>
							<String ID="string_87" HPOS="1137" VPOS="1309" WIDTH="198" HEIGHT="48" WC="0.96" CONTENT="iakttagas,"/><SP WIDTH="30" VPOS="1309" HPOS="1335"/>
							<String ID="string_88" HPOS="1365" VPOS="1315" WIDTH="56" HEIGHT="31" WC="0.96" CONTENT="att"/><SP WIDTH="27" VPOS="1315" HPOS="1421"/>
							<String ID="string_89" HPOS="1448" VPOS="1310" WIDTH="255" HEIGHT="48" WC="0.96" CONTENT="inrättningar"/><SP WIDTH="27" VPOS="1310" HPOS="1703"/>
							<String ID="string_90" HPOS="1730" VPOS="1309" WIDTH="59" HEIGHT="38" WC="0.93" CONTENT="för"/><SP WIDTH="36" VPOS="1309" HPOS="1789"/>
							<String ID="string_91" HPOS="1825" VPOS="1324" WIDTH="87" HEIGHT="23" WC="0.92" CONTENT="van-"/>
						</TextLine>
						<TextLine ID="line_13" HPOS="307" VPOS="1359" WIDTH="1604" HEIGHT="50">
							<String ID="string_92" HPOS="307" VPOS="1359" WIDTH="111" HEIGHT="47" WC="0.90" CONTENT="dring"/><SP WIDTH="41" VPOS="1359" HPOS="418"/>
							<String ID="string_93" HPOS="459" VPOS="1372" WIDTH="77" HEIGHT="35" WC="0.96" CONTENT="upp"/><SP WIDTH="42" VPOS="1372" HPOS="536"/>
							<String ID="string_94" HPOS="578" VPOS="1361" WIDTH="70" HEIGHT="34" WC="0.96" CONTENT="och"/><SP WIDTH="29" VPOS="1361" HPOS="648"/>
							<String ID="string_95" HPOS="677" VPOS="1360" WIDTH="74" HEIGHT="35" WC="0.96" CONTENT="ned"/><SP WIDTH="28" VPOS="1360" HPOS="751"/>
							<String ID="string_96" HPOS="779" VPOS="1361" WIDTH="12" HEIGHT="34" WC="0.93" CONTENT="i"/><SP WIDTH="28" VPOS="1361" HPOS="791"/>
							<String ID="string_97" HPOS="819" VPOS="1360" WIDTH="162" HEIGHT="45" WC="0.92" CONTENT="grufvan"/><SP WIDTH="28" VPOS="1360" HPOS="981"/>
							<String ID="string_98" HPOS="1009" VPOS="1367" WIDTH="97" HEIGHT="29" WC="0.92" CONTENT="samt"/><SP WIDTH="29" VPOS="1367" HPOS="1106"/>
							<String ID="string_99" HPOS="1135" VPOS="1361" WIDTH="373" HEIGHT="48" WC="0.92" CONTENT="uppfordringslinor"/><SP WIDTH="29" VPOS="1361" HPOS="1508"/>
							<String ID="string_100" HPOS="1537" VPOS="1361" WIDTH="194" HEIGHT="37" WC="0.96" CONTENT="äfvensom"/><SP WIDTH="29" VPOS="1361" HPOS="1731"/>
							<String ID="string_101" HPOS="1760" VPOS="1363" WIDTH="46" HEIGHT="35" WC="0.92" CONTENT="de"/><SP WIDTH="29" VPOS="1363" HPOS="1806"/>
							<String ID="string_102" HPOS="1835" VPOS="1376" WIDTH="76" HEIGHT="23" WC="0.91" CONTENT="ma-"/>
						</TextLine>
						<TextLine ID="line_14" HPOS="307" VPOS="1410" WIDTH="1605" HEIGHT="49">
							<String ID="string_103" HPOS="307" VPOS="1410" WIDTH="139" HEIGHT="44" WC="0.96" CONTENT="skiner,"/><SP WIDTH="43" VPOS="1410" HPOS="446"/>
							<String ID="string_104" HPOS="489" VPOS="1411" WIDTH="126" HEIGHT="35" WC="0.96" CONTENT="hvilka"/><SP WIDTH="40" VPOS="1411" HPOS="615"/>
							<String ID="string_105" HPOS="655" VPOS="1410" WIDTH="59" HEIGHT="36" WC="0.93" CONTENT="för"/><SP WIDTH="32" VPOS="1410" HPOS="714"/>
							<String ID="string_106" HPOS="746" VPOS="1411" WIDTH="232" HEIGHT="48" WC="0.90" CONTENT="grufdriften"/><SP WIDTH="28" VPOS="1411" HPOS="978"/>
							<String ID="string_107" HPOS="1006" VPOS="1411" WIDTH="202" HEIGHT="45" WC="0.96" CONTENT="användas,"/><SP WIDTH="31" VPOS="1411" HPOS="1208"/>
							<String ID="string_108" HPOS="1239" VPOS="1412" WIDTH="241" HEIGHT="36" WC="0.95" CONTENT="underhållas"/><SP WIDTH="28" VPOS="1412" HPOS="1480"/>
							<String ID="string_109" HPOS="1508" VPOS="1413" WIDTH="12" HEIGHT="35" WC="0.93" CONTENT="i"/><SP WIDTH="27" VPOS="1413" HPOS="1520"/>
							<String ID="string_110" HPOS="1547" VPOS="1412" WIDTH="135" HEIGHT="37" WC="0.96" CONTENT="sådant"/><SP WIDTH="28" VPOS="1412" HPOS="1682"/>
							<String ID="string_111" HPOS="1710" VPOS="1413" WIDTH="117" HEIGHT="45" WC="0.96" CONTENT="skick,"/><SP WIDTH="29" VPOS="1413" HPOS="1827"/>
							<String ID="string_112" HPOS="1856" VPOS="1420" WIDTH="56" HEIGHT="30" WC="0.96" CONTENT="att"/>
						</TextLine>
						<TextLine ID="line_15" HPOS="307" VPOS="1461" WIDTH="1240" HEIGHT="50">
							<String ID="string_113" HPOS="307" VPOS="1461" WIDTH="313" HEIGHT="48" WC="0.96" CONTENT="olyckshändelse"/><SP WIDTH="29" VPOS="1461" HPOS="620"/>
							<String ID="string_114" HPOS="649" VPOS="1475" WIDTH="137" HEIGHT="35" WC="0.93" CONTENT="genom"/><SP WIDTH="29" VPOS="1475" HPOS="786"/>
							<String ID="string_115" HPOS="815" VPOS="1462" WIDTH="273" HEIGHT="48" WC="0.91" CONTENT="bristfällighet"/><SP WIDTH="27" VPOS="1462" HPOS="1088"/>
							<String ID="string_116" HPOS="1115" VPOS="1463" WIDTH="91" HEIGHT="36" WC="0.92" CONTENT="derå"/><SP WIDTH="29" VPOS="1463" HPOS="1206"/>
							<String ID="string_117" HPOS="1235" VPOS="1464" WIDTH="32" HEIGHT="47" WC="0.96" CONTENT="ej"/><SP WIDTH="30" VPOS="1464" HPOS="1267"/>
							<String ID="string_118" HPOS="1297" VPOS="1467" WIDTH="60" HEIGHT="32" WC="0.96" CONTENT="må"/><SP WIDTH="29" VPOS="1467" HPOS="1357"/>
							<String ID="string_119" HPOS="1386" VPOS="1462" WIDTH="161" HEIGHT="38" WC="0.96" CONTENT="inträffa."/>
						</TextLine>
					</TextBlock>
				</ComposedBlock>
				<ComposedBlock ID="cblock_7" HPOS="1061" VPOS="1579" WIDTH="106" HEIGHT="49">
					<TextBlock ID="block_8" HPOS="1061" VPOS="1579" WIDTH="106" HEIGHT="49">
						<TextLine ID="line_16" HPOS="1061" VPOS="1579" WIDTH="106" HEIGHT="49">
							<String ID="string_120" HPOS="1061" VPOS="1583" WIDTH="46" HEIGHT="35" WC="0.91" CONTENT="35"/><SP WIDTH="29" VPOS="1583" HPOS="1107"/>
							<String ID="string_121" HPOS="1136" VPOS="1579" WIDTH="31" HEIGHT="49" WC="0.77" CONTENT="$."/>
						</TextLine>
					</TextBlock>
				</ComposedBlock>
				<ComposedBlock ID="cblock_8" HPOS="307" VPOS="1664" WIDTH="1603" HEIGHT="194">
					<TextBlock ID="block_9" HPOS="307" VPOS="1664" WIDTH="1603" HEIGHT="194">
						<TextLine ID="line_17" HPOS="407" VPOS="1664" WIDTH="1503" HEIGHT="54">
							<String ID="string_122" HPOS="407" VPOS="1664" WIDTH="100" HEIGHT="36" WC="0.94" CONTENT="Utan"/><SP WIDTH="41" VPOS="1664" HPOS="507"/>
							<String ID="string_123" HPOS="548" VPOS="1665" WIDTH="170" HEIGHT="36" WC="0.94" CONTENT="tillstånd"/><SP WIDTH="42" VPOS="1665" HPOS="718"/>
							<String ID="string_124" HPOS="760" VPOS="1666" WIDTH="40" HEIGHT="36" WC="0.96" CONTENT="af"/><SP WIDTH="38" VPOS="1666" HPOS="800"/>
							<String ID="string_125" HPOS="838" VPOS="1667" WIDTH="282" HEIGHT="48" WC="0.95" CONTENT="bergmästaren"/><SP WIDTH="38" VPOS="1667" HPOS="1120"/>
							<String ID="string_126" HPOS="1158" VPOS="1671" WIDTH="59" HEIGHT="32" WC="0.95" CONTENT="må"/><SP WIDTH="41" VPOS="1671" HPOS="1217"/>
							<String ID="string_127" HPOS="1258" VPOS="1668" WIDTH="82" HEIGHT="35" WC="0.96" CONTENT="icke"/><SP WIDTH="33" VPOS="1668" HPOS="1340"/>
							<String ID="string_128" HPOS="1373" VPOS="1668" WIDTH="132" HEIGHT="36" WC="0.96" CONTENT="schakt"/><SP WIDTH="28" VPOS="1668" HPOS="1505"/>
							<String ID="string_129" HPOS="1533" VPOS="1668" WIDTH="92" HEIGHT="35" WC="0.92" CONTENT="eller"/><SP WIDTH="27" VPOS="1668" HPOS="1625"/>
							<String ID="string_130" HPOS="1652" VPOS="1668" WIDTH="258" HEIGHT="50" WC="0.92" CONTENT="gruföppning"/>
						</TextLine>
						<TextLine ID="line_18" HPOS="308" VPOS="1714" WIDTH="1599" HEIGHT="54">
							<String ID="string_131" HPOS="308" VPOS="1714" WIDTH="199" HEIGHT="50" WC="0.91" CONTENT="igenfyllas"/><SP WIDTH="42" VPOS="1714" HPOS="507"/>
							<String ID="string_132" HPOS="549" VPOS="1717" WIDTH="92" HEIGHT="35" WC="0.95" CONTENT="eller"/><SP WIDTH="41" VPOS="1717" HPOS="641"/>
							<String ID="string_133" HPOS="682" VPOS="1717" WIDTH="45" HEIGHT="35" WC="0.96" CONTENT="de"/><SP WIDTH="29" VPOS="1717" HPOS="727"/>
							<String ID="string_134" HPOS="756" VPOS="1719" WIDTH="11" HEIGHT="33" WC="0.93" CONTENT="i"/><SP WIDTH="28" VPOS="1719" HPOS="767"/>
							<String ID="string_135" HPOS="795" VPOS="1718" WIDTH="162" HEIGHT="47" WC="0.93" CONTENT="grufvan"/><SP WIDTH="41" VPOS="1718" HPOS="957"/>
							<String ID="string_136" HPOS="998" VPOS="1718" WIDTH="208" HEIGHT="48" WC="0.95" CONTENT="befintliga,"/><SP WIDTH="40" VPOS="1718" HPOS="1206"/>
							<String ID="string_137" HPOS="1246" VPOS="1718" WIDTH="59" HEIGHT="36" WC="0.96" CONTENT="för"/><SP WIDTH="41" VPOS="1718" HPOS="1305"/>
							<String ID="string_138" HPOS="1346" VPOS="1719" WIDTH="85" HEIGHT="36" WC="0.96" CONTENT="dess"/><SP WIDTH="36" VPOS="1719" HPOS="1431"/>
							<String ID="string_139" HPOS="1467" VPOS="1719" WIDTH="130" HEIGHT="49" WC="0.96" CONTENT="styrka"/><SP WIDTH="41" VPOS="1719" HPOS="1597"/>
							<String ID="string_140" HPOS="1638" VPOS="1720" WIDTH="70" HEIGHT="35" WC="0.94" CONTENT="och"/><SP WIDTH="44" VPOS="1720" HPOS="1708"/>
							<String ID="string_141" HPOS="1752" VPOS="1721" WIDTH="155" HEIGHT="35" WC="0.94" CONTENT="bestånd"/>
						</TextLine>
						<TextLine ID="line_19" HPOS="307" VPOS="1767" WIDTH="1603" HEIGHT="53">
							<String ID="string_142" HPOS="307" VPOS="1767" WIDTH="138" HEIGHT="48" WC="0.95" CONTENT="nödiga"/><SP WIDTH="41" VPOS="1767" HPOS="445"/>
							<String ID="string_143" HPOS="486" VPOS="1767" WIDTH="220" HEIGHT="48" WC="0.96" CONTENT="byggnader"/><SP WIDTH="40" VPOS="1767" HPOS="706"/>
							<String ID="string_144" HPOS="746" VPOS="1768" WIDTH="134" HEIGHT="37" WC="0.96" CONTENT="skadas"/><SP WIDTH="32" VPOS="1768" HPOS="880"/>
							<String ID="string_145" HPOS="912" VPOS="1769" WIDTH="91" HEIGHT="35" WC="0.95" CONTENT="eller"/><SP WIDTH="28" VPOS="1769" HPOS="1003"/>
							<String ID="string_146" HPOS="1031" VPOS="1768" WIDTH="192" HEIGHT="37" WC="0.95" CONTENT="förstöras."/><SP WIDTH="55" VPOS="1768" HPOS="1223"/>
							<String ID="string_147" HPOS="1278" VPOS="1770" WIDTH="82" HEIGHT="36" WC="0.93" CONTENT="Den"/><SP WIDTH="29" VPOS="1770" HPOS="1360"/>
							<String ID="string_148" HPOS="1389" VPOS="1771" WIDTH="173" HEIGHT="35" WC="0.92" CONTENT="häremot"/><SP WIDTH="28" VPOS="1771" HPOS="1562"/>
							<String ID="string_149" HPOS="1590" VPOS="1770" WIDTH="144" HEIGHT="50" WC="0.93" CONTENT="bryter,"/><SP WIDTH="28" VPOS="1770" HPOS="1734"/>
							<String ID="string_150" HPOS="1762" VPOS="1771" WIDTH="148" HEIGHT="37" WC="0.90" CONTENT="straffes"/>
						</TextLine>
						<TextLine ID="line_20" HPOS="308" VPOS="1818" WIDTH="1391" HEIGHT="40">
							<String ID="string_151" HPOS="308" VPOS="1818" WIDTH="84" HEIGHT="35" WC="0.96" CONTENT="med"/><SP WIDTH="30" VPOS="1818" HPOS="392"/>
							<String ID="string_152" HPOS="422" VPOS="1818" WIDTH="110" HEIGHT="36" WC="0.96" CONTENT="böter"/><SP WIDTH="27" VPOS="1818" HPOS="532"/>
							<String ID="string_153" HPOS="559" VPOS="1819" WIDTH="82" HEIGHT="35" WC="0.96" CONTENT="från"/><SP WIDTH="30" VPOS="1819" HPOS="641"/>
							<String ID="string_154" HPOS="671" VPOS="1820" WIDTH="70" HEIGHT="35" WC="0.96" CONTENT="och"/><SP WIDTH="30" VPOS="1820" HPOS="741"/>
							<String ID="string_155" HPOS="771" VPOS="1820" WIDTH="85" HEIGHT="35" WC="0.96" CONTENT="med"/><SP WIDTH="28" VPOS="1820" HPOS="856"/>
							<String ID="string_156" HPOS="884" VPOS="1820" WIDTH="54" HEIGHT="35" WC="0.96" CONTENT="tio"/><SP WIDTH="29" VPOS="1820" HPOS="938"/>
							<String ID="string_157" HPOS="967" VPOS="1820" WIDTH="59" HEIGHT="36" WC="0.96" CONTENT="till"/><SP WIDTH="28" VPOS="1820" HPOS="1026"/>
							<String ID="string_158" HPOS="1054" VPOS="1820" WIDTH="70" HEIGHT="36" WC="0.96" CONTENT="och"/><SP WIDTH="30" VPOS="1820" HPOS="1124"/>
							<String ID="string_159" HPOS="1154" VPOS="1821" WIDTH="84" HEIGHT="35" WC="0.96" CONTENT="med"/><SP WIDTH="29" VPOS="1821" HPOS="1238"/>
							<String ID="string_160" HPOS="1267" VPOS="1821" WIDTH="76" HEIGHT="35" WC="0.96" CONTENT="fem"/><SP WIDTH="29" VPOS="1821" HPOS="1343"/>
							<String ID="string_161" HPOS="1372" VPOS="1821" WIDTH="148" HEIGHT="36" WC="0.96" CONTENT="hundra"/><SP WIDTH="27" VPOS="1821" HPOS="1520"/>
							<String ID="string_162" HPOS="1547" VPOS="1822" WIDTH="152" HEIGHT="36" WC="0.96" CONTENT="kronor."/>
						</TextLine>
					</TextBlock>
				</ComposedBlock>
				<ComposedBlock ID="cblock_9" HPOS="1061" VPOS="1936" WIDTH="103" HEIGHT="49">
					<TextBlock ID="block_10" HPOS="1061" VPOS="1936" WIDTH="103" HEIGHT="49">
						<TextLine ID="line_21" HPOS="1061" VPOS="1936" WIDTH="103" HEIGHT="49">
							<String ID="string_163" HPOS="1061" VPOS="1941" WIDTH="45" HEIGHT="35" WC="0.92" CONTENT="36"/><SP WIDTH="29" VPOS="1941" HPOS="1106"/>
							<String ID="string_164" HPOS="1135" VPOS="1936" WIDTH="29" HEIGHT="49" WC="0.85" CONTENT="$."/>
						</TextLine>
					</TextBlock>
				</ComposedBlock>
				<ComposedBlock ID="cblock_10" HPOS="306" VPOS="2021" WIDTH="1605" HEIGHT="311">
					<TextBlock ID="block_11" HPOS="306" VPOS="2021" WIDTH="1605" HEIGHT="311">
						<TextLine ID="line_22" HPOS="407" VPOS="2021" WIDTH="1504" HEIGHT="53">
							<String ID="string_165" HPOS="407" VPOS="2021" WIDTH="138" HEIGHT="37" WC="0.96" CONTENT="Finner"/><SP WIDTH="40" VPOS="2021" HPOS="545"/>
							<String ID="string_166" HPOS="585" VPOS="2022" WIDTH="286" HEIGHT="48" WC="0.92" CONTENT="bergmästaren"/><SP WIDTH="40" VPOS="2022" HPOS="871"/>
							<String ID="string_167" HPOS="911" VPOS="2023" WIDTH="146" HEIGHT="49" WC="0.85" CONTENT="nödigt,"/><SP WIDTH="33" VPOS="2023" HPOS="1057"/>
							<String ID="string_168" HPOS="1090" VPOS="2029" WIDTH="56" HEIGHT="31" WC="0.96" CONTENT="att"/><SP WIDTH="26" VPOS="2029" HPOS="1146"/>
							<String ID="string_169" HPOS="1172" VPOS="2025" WIDTH="12" HEIGHT="35" WC="0.93" CONTENT="i"/><SP WIDTH="29" VPOS="2025" HPOS="1184"/>
							<String ID="string_170" HPOS="1213" VPOS="2024" WIDTH="306" HEIGHT="49" WC="0.91" CONTENT="stenkolsgrufva"/><SP WIDTH="28" VPOS="2024" HPOS="1519"/>
							<String ID="string_171" HPOS="1547" VPOS="2026" WIDTH="140" HEIGHT="36" WC="0.96" CONTENT="anstalt"/><SP WIDTH="26" VPOS="2026" HPOS="1687"/>
							<String ID="string_172" HPOS="1713" VPOS="2033" WIDTH="111" HEIGHT="41" WC="0.95" CONTENT="göres"/><SP WIDTH="28" VPOS="2033" HPOS="1824"/>
							<String ID="string_173" HPOS="1852" VPOS="2028" WIDTH="59" HEIGHT="35" WC="0.95" CONTENT="till"/>
						</TextLine>
						<TextLine ID="line_23" HPOS="307" VPOS="2073" WIDTH="1604" HEIGHT="54">
							<String ID="string_174" HPOS="307" VPOS="2074" WIDTH="180" HEIGHT="48" WC="0.96" CONTENT="trygghet"/><SP WIDTH="40" VPOS="2074" HPOS="487"/>
							<String ID="string_175" HPOS="527" VPOS="2073" WIDTH="59" HEIGHT="36" WC="0.91" CONTENT="för"/><SP WIDTH="36" VPOS="2073" HPOS="586"/>
							<String ID="string_176" HPOS="622" VPOS="2074" WIDTH="352" HEIGHT="49" WC="0.91" CONTENT="arbetsmanskapet"/><SP WIDTH="34" VPOS="2074" HPOS="974"/>
							<String ID="string_177" HPOS="1008" VPOS="2076" WIDTH="91" HEIGHT="35" WC="0.95" CONTENT="eller"/><SP WIDTH="27" VPOS="2076" HPOS="1099"/>
							<String ID="string_178" HPOS="1126" VPOS="2076" WIDTH="58" HEIGHT="36" WC="0.96" CONTENT="till"/><SP WIDTH="28" VPOS="2076" HPOS="1184"/>
							<String ID="string_179" HPOS="1212" VPOS="2075" WIDTH="310" HEIGHT="38" WC="0.96" CONTENT="förekommande"/><SP WIDTH="29" VPOS="2075" HPOS="1522"/>
							<String ID="string_180" HPOS="1551" VPOS="2078" WIDTH="38" HEIGHT="34" WC="0.96" CONTENT="af"/><SP WIDTH="24" VPOS="2078" HPOS="1589"/>
							<String ID="string_181" HPOS="1613" VPOS="2077" WIDTH="80" HEIGHT="36" WC="0.96" CONTENT="fara"/><SP WIDTH="27" VPOS="2077" HPOS="1693"/>
							<String ID="string_182" HPOS="1720" VPOS="2077" WIDTH="59" HEIGHT="37" WC="0.93" CONTENT="för"/><SP WIDTH="27" VPOS="2077" HPOS="1779"/>
							<String ID="string_183" HPOS="1806" VPOS="2078" WIDTH="105" HEIGHT="49" WC="0.92" CONTENT="gruf-"/>
						</TextLine>
						<TextLine ID="line_24" HPOS="306" VPOS="2124" WIDTH="1602" HEIGHT="53">
							<String ID="string_184" HPOS="306" VPOS="2138" WIDTH="91" HEIGHT="22" WC="0.91" CONTENT="vans"/><SP WIDTH="41" VPOS="2138" HPOS="397"/>
							<String ID="string_185" HPOS="438" VPOS="2124" WIDTH="176" HEIGHT="36" WC="0.96" CONTENT="framtida"/><SP WIDTH="41" VPOS="2124" HPOS="614"/>
							<String ID="string_186" HPOS="655" VPOS="2125" WIDTH="159" HEIGHT="36" WC="0.94" CONTENT="bestånd"/><SP WIDTH="42" VPOS="2125" HPOS="814"/>
							<String ID="string_187" HPOS="856" VPOS="2127" WIDTH="93" HEIGHT="34" WC="0.94" CONTENT="eller"/><SP WIDTH="39" VPOS="2127" HPOS="949"/>
							<String ID="string_188" HPOS="988" VPOS="2125" WIDTH="59" HEIGHT="37" WC="0.96" CONTENT="för"/><SP WIDTH="40" VPOS="2125" HPOS="1047"/>
							<String ID="string_189" HPOS="1087" VPOS="2140" WIDTH="142" HEIGHT="23" WC="0.96" CONTENT="annans"/><SP WIDTH="42" VPOS="2140" HPOS="1229"/>
							<String ID="string_190" HPOS="1271" VPOS="2128" WIDTH="197" HEIGHT="48" WC="0.93" CONTENT="egendom,"/><SP WIDTH="43" VPOS="2128" HPOS="1468"/>
							<String ID="string_191" HPOS="1511" VPOS="2141" WIDTH="67" HEIGHT="35" WC="0.92" CONTENT="ege"/><SP WIDTH="46" VPOS="2141" HPOS="1578"/>
							<String ID="string_192" HPOS="1624" VPOS="2128" WIDTH="284" HEIGHT="49" WC="0.95" CONTENT="bergmästaren"/>
						</TextLine>
						<TextLine ID="line_25" HPOS="307" VPOS="2175" WIDTH="1601" HEIGHT="49">
							<String ID="string_193" HPOS="307" VPOS="2175" WIDTH="196" HEIGHT="49" WC="0.93" CONTENT="förelägga"/><SP WIDTH="29" VPOS="2175" HPOS="503"/>
							<String ID="string_194" HPOS="532" VPOS="2176" WIDTH="516" HEIGHT="37" WC="0.91" CONTENT="koncessionsinnehafvaren"/><SP WIDTH="28" VPOS="2176" HPOS="1048"/>
							<String ID="string_195" HPOS="1076" VPOS="2183" WIDTH="56" HEIGHT="31" WC="0.96" CONTENT="att"/><SP WIDTH="27" VPOS="2183" HPOS="1132"/>
							<String ID="string_196" HPOS="1159" VPOS="2179" WIDTH="101" HEIGHT="35" WC="0.94" CONTENT="inom"/><SP WIDTH="29" VPOS="2179" HPOS="1260"/>
							<String ID="string_197" HPOS="1289" VPOS="2179" WIDTH="75" HEIGHT="36" WC="0.94" CONTENT="viss"/><SP WIDTH="28" VPOS="2179" HPOS="1364"/>
							<String ID="string_198" HPOS="1392" VPOS="2179" WIDTH="56" HEIGHT="35" WC="0.96" CONTENT="tid"/><SP WIDTH="32" VPOS="2179" HPOS="1448"/>
							<String ID="string_199" HPOS="1480" VPOS="2179" WIDTH="111" HEIGHT="36" WC="0.96" CONTENT="hafva"/><SP WIDTH="41" VPOS="2179" HPOS="1591"/>
							<String ID="string_200" HPOS="1632" VPOS="2179" WIDTH="122" HEIGHT="37" WC="0.96" CONTENT="utfört"/><SP WIDTH="40" VPOS="2179" HPOS="1754"/>
							<String ID="string_201" HPOS="1794" VPOS="2181" WIDTH="114" HEIGHT="36" WC="0.96" CONTENT="sådan"/>
						</TextLine>
						<TextLine ID="line_26" HPOS="306" VPOS="2227" WIDTH="1602" HEIGHT="53">
							<String ID="string_202" HPOS="306" VPOS="2227" WIDTH="139" HEIGHT="36" WC="0.95" CONTENT="anstalt"/><SP WIDTH="40" VPOS="2227" HPOS="445"/>
							<String ID="string_203" HPOS="485" VPOS="2227" WIDTH="64" HEIGHT="35" WC="0.93" CONTENT="vid"/><SP WIDTH="42" VPOS="2227" HPOS="549"/>
							<String ID="string_204" HPOS="591" VPOS="2227" WIDTH="185" HEIGHT="49" WC="0.90" CONTENT="äfventyr,"/><SP WIDTH="42" VPOS="2227" HPOS="776"/>
							<String ID="string_205" HPOS="818" VPOS="2228" WIDTH="167" HEIGHT="36" WC="0.96" CONTENT="förutom"/><SP WIDTH="28" VPOS="2228" HPOS="985"/>
							<String ID="string_206" HPOS="1013" VPOS="2242" WIDTH="134" HEIGHT="23" WC="0.96" CONTENT="ansvar"/><SP WIDTH="27" VPOS="2242" HPOS="1147"/>
							<String ID="string_207" HPOS="1174" VPOS="2230" WIDTH="119" HEIGHT="47" WC="0.95" CONTENT="enligt"/><SP WIDTH="28" VPOS="2230" HPOS="1293"/>
							<String ID="string_208" HPOS="1321" VPOS="2232" WIDTH="45" HEIGHT="34" WC="0.93" CONTENT="33"/><SP WIDTH="30" VPOS="2232" HPOS="1366"/>
							<String ID="string_209" HPOS="1396" VPOS="2227" WIDTH="30" HEIGHT="48" WC="0.92" CONTENT="$,"/><SP WIDTH="29" VPOS="2227" HPOS="1426"/>
							<String ID="string_210" HPOS="1455" VPOS="2236" WIDTH="67" HEIGHT="39" WC="0.96" CONTENT="att,"/><SP WIDTH="29" VPOS="2236" HPOS="1522"/>
							<String ID="string_211" HPOS="1551" VPOS="2230" WIDTH="97" HEIGHT="36" WC="0.93" CONTENT="efter"/><SP WIDTH="29" VPOS="2230" HPOS="1648"/>
							<String ID="string_212" HPOS="1677" VPOS="2232" WIDTH="231" HEIGHT="48" WC="0.90" CONTENT="omständig-"/>
						</TextLine>
						<TextLine ID="line_27" HPOS="308" VPOS="2278" WIDTH="1601" HEIGHT="54">
							<String ID="string_213" HPOS="308" VPOS="2278" WIDTH="167" HEIGHT="44" WC="0.96" CONTENT="heterna,"/><SP WIDTH="29" VPOS="2278" HPOS="475"/>
							<String ID="string_214" HPOS="504" VPOS="2278" WIDTH="64" HEIGHT="36" WC="0.93" CONTENT="det"/><SP WIDTH="28" VPOS="2278" HPOS="568"/>
							<String ID="string_215" HPOS="596" VPOS="2278" WIDTH="226" HEIGHT="37" WC="0.92" CONTENT="föreskrifna"/><SP WIDTH="28" VPOS="2278" HPOS="822"/>
							<String ID="string_216" HPOS="850" VPOS="2280" WIDTH="148" HEIGHT="36" WC="0.93" CONTENT="arbetet"/><SP WIDTH="27" VPOS="2280" HPOS="998"/>
							<String ID="string_217" HPOS="1025" VPOS="2280" WIDTH="136" HEIGHT="36" WC="0.91" CONTENT="varder"/><SP WIDTH="28" VPOS="2280" HPOS="1161"/>
							<String ID="string_218" HPOS="1189" VPOS="2284" WIDTH="47" HEIGHT="45" WC="0.96" CONTENT="på"/><SP WIDTH="28" VPOS="2284" HPOS="1236"/>
							<String ID="string_219" HPOS="1264" VPOS="2281" WIDTH="93" HEIGHT="35" WC="0.96" CONTENT="hans"/><SP WIDTH="28" VPOS="2281" HPOS="1357"/>
							<String ID="string_220" HPOS="1385" VPOS="2281" WIDTH="210" HEIGHT="37" WC="0.96" CONTENT="bekostnad"/><SP WIDTH="28" VPOS="2281" HPOS="1595"/>
							<String ID="string_221" HPOS="1623" VPOS="2295" WIDTH="137" HEIGHT="36" WC="0.90" CONTENT="genom"/><SP WIDTH="43" VPOS="2295" HPOS="1760"/>
							<String ID="string_222" HPOS="1803" VPOS="2283" WIDTH="106" HEIGHT="49" WC="0.83" CONTENT="berg-"/>
						</TextLine>
					</TextBlock>
				</ComposedBlock>
			</PrintSpace>
		</Page>
	</Layout>
</alto>
