2117 2657
320 202 17 28 8
826 197 247 41 Lag-Utskottets
1100 196 161 31 Utlåtande
1284 195 65 32 N:o
1372 197 54 30 55.

321 285 102 31 emot
462 279 75 36 kan
579 291 90 23 vara
707 277 40 37 af
771 278 163 49 mycken
962 277 85 48 vigt
1073 276 58 36 för
1154 275 372 51 jernvägstrafikens
1555 273 199 50 trygghet,
1783 273 70 36 och
1884 272 47 36 då

321 344 145 24 samma
506 330 83 37 skäl
631 330 108 37 torde
781 343 74 35 ega
891 328 183 50 giltighet
1109 328 11 36 i
1158 328 181 37 afseende
1373 331 20 32 å
1420 326 126 48 kanal,
1575 326 68 36 har
1670 325 199 37 Utskottet
1896 324 32 49 ej

320 383 131 36 tvekat
488 388 54 31 att
577 385 37 33 åt
650 381 232 49 stadgandet
909 380 106 49 gifva
1044 380 74 37 den
1146 379 168 37 ändrade
1343 379 161 49 lydelse,
1533 383 54 31 att
1615 377 192 37 afståndet
1834 376 98 37 skall

320 435 139 36 räknas
487 434 83 36 från
599 433 172 37 området
797 432 58 37 för
878 433 216 49 jernvägen
1122 431 93 37 eller
1242 431 175 37 kanalen.

1074 554 45 35 14
1147 549 29 49 $.

422 641 57 36 Då
507 641 65 36 det
600 652 115 36 synes
745 652 91 23 vara
856 638 49 38 af
928 639 95 47 vigt,
1053 642 54 33 att
1134 637 186 49 stängsel,
1350 650 82 23 som
1461 636 122 48 enligt
1610 638 23 34 4
1661 648 110 24 mom.
1791 634 41 37 af
1849 631 82 49 14
1913 627 21 65 $

322 691 98 36 skall
457 691 120 35 hållas
614 691 115 46 kring
763 690 64 36 det
854 690 58 34 för
940 690 130 35 arbete
1099 689 11 34 i
1140 689 125 46 dagen
1293 688 159 47 utlagda
1481 687 172 36 området
1681 692 40 30 är
1750 686 40 36 af
1814 686 119 36 sådan

321 741 277 48 beskaffenhet,
628 754 80 24 som
739 740 10 36 i
779 738 470 50 stängsel-förordningen
1278 743 174 32 närmare
1482 737 189 49 angifves,
1700 737 71 36 och
1801 736 47 36 då
1876 749 56 22 er-

322 795 224 36 farenheten
588 793 111 44 visat,
741 792 185 36 särskildt
965 791 66 36 vid
1072 790 175 37 enskilda
1278 788 487 51 jernvägsanläggningar,
1795 793 55 31 att
1876 792 58 31 ut-

321 845 170 49 trycklig
519 844 151 37 erinran
698 843 132 36 härom
859 843 33 49 ej
923 846 41 32 är
986 842 206 48 obehöflig,
1212 842 69 35 har
1300 841 197 37 Utskottet
1515 841 201 47 föreslagit
1735 839 198 36 införande

323 898 40 35 af
399 897 74 36 den
514 895 284 47 bestämmelse,
840 900 54 31 att
933 893 293 49 ifrågavarande
1264 892 173 49 stängsel
1474 892 98 36 skall
1600 904 91 23 vara
1720 890 41 37 af
1784 889 149 49 laggild

323 947 275 38 beskaffenhet.

1080 1049 44 34 16
1153 1044 30 49 $.

425 1153 56 35 De
509 1151 12 36 i
551 1153 43 34 16
624 1149 18 48 $
671 1151 226 36 meddelade
924 1149 291 37 bestämmelser
1235 1148 80 37 afse
1336 1153 54 31 att
1409 1146 151 49 skydda
1579 1146 105 36 vissa
1706 1145 229 50 byggnader

325 1204 71 36 och
428 1203 145 49 platser
601 1208 78 30 mot
707 1202 120 36 skada
856 1202 92 35 eller
975 1200 211 47 förstöring
1213 1200 12 35 i
1252 1199 94 49 följd
1376 1198 40 36 af
1439 1198 220 47 grufarbete
1688 1197 122 36 under
1833 1196 99 49 jord.

324 1256 68 46 Då,
429 1257 49 46 på
515 1258 75 31 sätt
623 1252 411 37 stenkolsindustriens
1063 1251 186 36 målsmän
1277 1249 216 46 framhållit,
1523 1249 45 35 de
1598 1247 335 48 inskränkningar,

325 1320 83 23 som
445 1306 11 35 i
494 1305 136 36 sådant
666 1304 100 49 syfte
802 1309 115 43 göras
952 1303 10 35 i
991 1300 550 39 koncessionsinnehafvarens
1570 1304 75 31 rätt
1673 1304 54 31 att
1754 1298 181 37 bearbeta

327 1358 46 36 de
409 1357 102 35 inom
548 1356 65 36 det
639 1355 183 49 upplåtna
851 1354 171 37 området
1050 1353 198 48 befintliga
1276 1351 227 47 mineralier,
1534 1350 106 36 alltid
1668 1354 121 32 måste
1818 1349 118 36 blifva

325 1408 150 48 ganska
514 1406 218 48 hinderliga
768 1406 57 36 för
862 1405 184 49 grufvans
1084 1403 196 37 ordnande
1309 1403 71 36 och
1409 1402 167 37 arbetets
1606 1400 330 47 ändamålsenliga

326 1458 265 46 bedrifvande,
633 1462 91 32 enär
765 1457 147 36 arbetet
948 1456 120 36 under
1091 1455 87 49 jord
1207 1457 48 46 på
1283 1459 121 31 större
1434 1453 173 36 sträckor
1635 1454 120 34 måste
1784 1451 152 36 komma

326 1516 55 31 att
409 1509 173 48 afbrytas
612 1514 99 31 samt
737 1513 85 32 rent
855 1508 40 36 af
914 1507 256 48 omöjliggöra
1189 1505 181 49 grufdrift
1389 1504 121 37 under
1537 1508 72 32 tätt
1627 1502 212 50 bebyggda
1858 1515 78 23 om-

326 1561 130 47 råden,
494 1572 112 24 anser
640 1559 199 38 Utskottet
875 1558 65 37 det
975 1570 90 23 vara
1098 1556 40 37 af
1162 1556 199 49 synnerlig
1390 1556 94 47 vigt,
1513 1560 54 30 att
1594 1554 114 36 dessa
1735 1554 201 35 inskränk-

327 1612 138 48 ningar
502 1611 84 36 icke
623 1615 115 44 göras
776 1615 134 42 större,
939 1614 47 31 än
1016 1608 64 37 det
1109 1609 85 35 med
1224 1608 86 36 dem
1339 1606 160 37 afsedda
1528 1605 216 37 ändamålet
1771 1604 165 37 ovilkor-

328 1664 104 48 ligen
461 1662 163 36 kräfver.

428 1713 74 37 Vid
532 1713 73 36 den
634 1712 254 48 granskning,
917 1724 81 23 som
1028 1710 197 37 Utskottet
1252 1709 11 36 i
1290 1709 137 36 sådant
1446 1707 221 37 hänseende
1688 1706 249 37 underkastat

329 1764 342 37 bestämmelserna
707 1763 10 35 i
753 1762 253 37 förevarande
1042 1761 190 49 paragraf,
1269 1760 68 37 har
1364 1759 197 38 Utskottet
1590 1757 160 37 kommit
1776 1757 57 36 till
1862 1757 73 36 den

329 1816 112 48 åsigt,
483 1820 54 31 att
576 1814 167 37 nämnda
777 1813 291 37 bestämmelser
1102 1812 11 35 i
1141 1812 104 36 vissa
1274 1811 105 36 delar
1408 1815 64 31 äro
1501 1823 103 22 mera
1632 1814 47 31 än
1708 1809 137 47 nödigt
1871 1809 66 35 be-

328 1867 197 48 tungande
563 1866 70 36 och
666 1865 228 36 hämmande
922 1864 58 36 för
1007 1863 225 46 industrien,
1262 1865 47 46 på
1337 1874 144 24 samma
1508 1863 106 45 gång
1641 1873 82 23 som
1752 1859 186 48 ofantliga

330 1917 230 49 qvantiteter
588 1916 150 36 stenkol
767 1915 224 48 derigenom
1021 1913 220 49 onödigtvis
1271 1913 145 36 lemnas
1445 1911 203 37 värdelösa
1674 1910 11 36 i
1715 1924 46 22 en
1785 1910 153 36 relativt

330 1969 170 36 särdeles
541 1967 113 48 fattig
693 1966 280 37 kolformation.
1028 1965 197 37 Utskottet
1261 1965 68 35 har
1366 1964 47 35 då
1446 1963 11 35 i
1486 1963 158 36 främsta
1671 1967 164 30 rummet
1863 1961 76 35 fäst

330 2020 62 48 sig
431 2019 65 36 vid
537 2018 262 36 likställandet
838 2017 54 36 uti
933 2016 291 48 ifrågavarande
1262 2014 180 37 afseende
1479 2013 41 37 af
1549 2013 241 47 boningshus
1820 2014 20 34 å
1868 2025 70 23 ena

331 2071 109 37 sidan
469 2076 99 31 samt
595 2069 119 37 andra
741 2069 65 36 vid
834 2068 95 49 gård
957 2067 188 49 uppförda
1175 2065 251 50 åbyggnader
1461 2064 197 37 äfvensom
1695 2063 242 49 tomtplatser

331 2123 71 36 och
429 2121 228 48 trädgårdar
685 2123 21 33 å
733 2120 118 36 andra
879 2119 121 37 sidan.
1055 2119 66 36 Att
1149 2118 147 36 arbetet
1322 2121 91 32 utan
1432 2114 312 38 vederbörandes
1764 2113 173 37 tillstånd

331 2173 33 49 ej
407 2172 56 37 får
504 2171 143 37 drifvas
688 2171 122 36 under
852 2170 239 48 boningshus
1134 2169 71 36 och
1246 2174 54 30 ett
1335 2168 98 35 visst
1469 2166 154 36 område
1651 2165 116 47 kring
1795 2165 142 36 sådana

330 2224 242 49 byggnader,
606 2235 111 24 anser
744 2222 209 43 Utskottet,
989 2220 86 36 med
1107 2221 151 47 hänsyn
1285 2219 58 36 till
1372 2219 63 35 det
1463 2217 152 47 obehag
1644 2216 72 37 och
1744 2216 74 37 den
1846 2215 90 47 fara,

332 2276 136 35 sådant
508 2274 229 36 åtminstone
778 2273 75 36 kan
892 2272 136 36 tänkas
1070 2271 171 36 medföra
1280 2270 58 36 för
1373 2270 133 36 husets
1543 2268 193 45 invånare,
1772 2280 89 23 vara
1890 2279 47 23 en
