2120 2654
310 209 38 27 20

481 285 125 49 Kongl.
636 285 127 49 Maj:ts
784 285 165 50 förslag:

1064 1111 41 32 17

364 1210 94 38 Sker
478 1214 19 33 å
525 1210 166 44 område,
721 1211 115 35 hvarå
864 1211 223 35 koncession

315 1262 221 44 meddelats,
583 1263 216 47 inmutning
840 1261 40 36 af
918 1262 171 34 mineral-

313 1313 213 49 fyndighet,
556 1326 78 22 som
659 1313 117 48 enligt
795 1312 291 49 grufvestadgan

316 1366 70 34 den
410 1367 43 34 16
475 1364 70 47 Maj
570 1366 94 34 1884
690 1372 40 27 är
751 1364 126 35 dertill
899 1364 191 47 upplåten,

317 1417 92 34 eller
429 1416 190 35 meddelas
640 1416 223 35 koncession
883 1418 20 32 å
924 1415 164 42 område,

315 1480 79 23 som
436 1466 103 36 förut
581 1474 40 28 är
662 1466 58 35 för
761 1480 121 22 annan
919 1466 171 36 mineral-

315 1517 201 49 fyndighet
550 1525 44 27 än
624 1518 146 35 stenkol
801 1517 202 43 inmutadt,
1032 1520 59 32 må

317 1569 129 35 arbete
465 1568 59 35 för
544 1567 266 50 fyndighetens
826 1568 264 36 eftersökande

317 1620 69 35 och
428 1619 267 43 bearbetande,
742 1632 79 22 som
867 1619 223 35 verkställes

317 1674 48 44 på
393 1671 122 47 grund
546 1670 37 36 af
609 1670 94 36 först
725 1684 149 22 vunnen
895 1671 197 44 rättighet,

317 1722 83 35 icke
430 1722 153 35 hindras
612 1722 93 35 eller
734 1722 221 47 uppehållas
980 1720 39 37 af
1035 1735 54 21 ar-

318 1774 86 34 bete
448 1776 47 44 på
529 1772 122 48 grund
688 1772 39 36 af
756 1773 215 47 inmutning
1000 1773 92 35 eller

318 1824 234 43 koncession,
588 1836 80 23 som
701 1836 130 23 senare
859 1824 231 35 tillkommit.

319 1875 165 47 Uppstår
514 1876 10 33 i
553 1875 104 35 detta
685 1874 63 35 fall
779 1875 90 35 tvist
898 1887 59 23 om
978 1880 114 30 sättet

318 1925 58 36 för
405 1925 197 36 drifvande
632 1925 40 36 af
694 1926 45 35 de
760 1926 184 35 särskilda
964 1926 126 47 slagen

319 1976 36 36 af
384 1977 141 45 arbete,
564 1977 206 35 bestämme
807 1977 283 47 bergmästaren

318 2028 10 35 1
359 2034 119 38 orten,
516 2028 98 35 huru
653 2028 178 35 arbetena
868 2029 106 34 skola
1008 2028 84 35 ord-

319 2092 77 31 nas,
425 2082 40 32 så
493 2085 55 29 att
576 2078 242 36 innehafvare
847 2079 40 35 af
911 2080 103 35 äldre
1037 2080 54 34 in-

319 2131 175 46 mutning
522 2130 93 35 eller
643 2131 220 34 koncession
890 2131 68 34 kan
981 2130 112 35 ända-

320 2181 214 47 målsenligt
574 2180 122 36 drifva
737 2182 65 35 sitt
843 2181 127 36 arbete
1008 2181 82 35 med

320 2233 135 34 minsta
484 2231 148 49 förfång
658 2231 60 36 för
738 2232 71 35 den
831 2245 130 23 senare
981 2238 111 30 rätts-

320 2282 279 36 innehafvaren.

814 203 244 43 Lag-Utskottets
1084 203 161 31 Utlåtande
1268 202 62 33 N:o
1353 204 54 30 55.

1334 284 187 36 Utskottets
1541 284 167 49 förslag:

1189 352 33 46 ec)
1248 353 219 50 grufarbete,
1516 365 75 25 som
1640 353 176 50 bedrifves
1860 354 57 48 på

1138 406 142 35 mindre
1317 406 88 48 djup
1443 411 47 30 än
1523 405 113 36 trettio
1665 412 108 30 meter
1801 408 115 34 under

1129 456 189 49 jordytan,
1349 457 61 35 må
1443 463 88 29 utan
1571 456 176 43 tillstånd,
1788 469 75 23 som
1903 457 13 35 i

1139 510 46 36 13
1211 507 27 46 $
1265 509 19 34 I
1312 521 105 24 mom.
1446 512 95 44 sägs,
1577 507 73 37 icke
1684 507 57 37 ske
1781 507 135 38 lodrätt

1138 561 117 35 under
1295 567 46 28 ett
1380 560 148 35 område
1563 560 13 34 i
1610 561 114 47 dagen
1753 561 81 34 med
1861 567 55 28 ut-

1138 611 207 49 sträckning
1373 610 44 50 af
1434 610 141 50 femton
1604 617 108 30 meter
1731 611 95 48 från
1851 611 64 36 nå-

1135 677 70 33 gon
1232 663 62 36 vid
1319 663 96 47 gård
1447 662 175 49 uppförd,
1660 663 54 36 till
1750 663 165 48 bonings-

1138 714 66 35 hus
1245 714 33 48 ej
1318 715 131 46 afsedd
1483 714 189 47 dbyggnad
1704 714 83 35 eller
1814 720 101 29 tomt-

1134 765 100 48 plats
1262 765 83 36 eller
1373 765 190 48 trädgård.

1189 816 113 36 Hvad
1329 817 13 35 1
1370 817 118 35 denna
1512 816 191 49 paragraf
1734 822 43 30 är
1817 817 98 35 stad-

1135 869 89 47 gadt
1252 880 55 23 om
1328 868 125 36 hinder
1475 874 71 29 mot
1565 868 115 35 arbete
1699 868 115 35 under
1825 867 90 49 jord

1139 932 84 23 vare
1264 919 73 36 icke
1373 919 182 49 gällande,
1594 932 56 22 om
1678 919 140 36 hindret
1846 919 69 36 till-

1139 970 145 36 kommat
1296 970 88 49 efter
1393 970 521 37 koncesstonensmeddelande.

1136 1104 30 49 $.

1160 1224 5 5 :
1193 1209 94 36 Sker
1312 1212 20 33 å
1350 1208 168 45 område,
1548 1208 116 36 hvarå
1692 1208 224 36 koncession

1143 1260 221 43 meddelats,
1410 1260 215 48 inmutning
1666 1259 40 36 af
1743 1260 173 35 mineral-

1142 1311 210 49 fyndighet,
1378 1324 78 23 som
1483 1312 118 47 enligt
1620 1310 296 49 grufvestadgan

1145 1364 71 34 den
1248 1365 43 33 16
1312 1362 70 48 Maj
1406 1364 96 35 1884
1523 1370 40 27 är
1584 1362 127 35 dertill
1732 1362 184 48 lofgifven,

1144 1415 90 34 eller
1254 1414 192 35 meddelas
1466 1414 223 35 koncession
1711 1416 20 32 å
1751 1414 166 41 område,

1144 1478 78 23 som
1265 1465 102 36 förut
1409 1472 39 28 är
1488 1464 57 36 för
1586 1477 122 23 annan
1745 1465 173 35 mineral-

1144 1516 201 49 fyndighet
1375 1524 46 27 än
1451 1517 148 34 stenkol
1628 1516 201 47 inmutadt,
1859 1519 59 32 må

1145 1568 128 35 arbete
1293 1566 58 36 för
1372 1567 267 47 fyndighetens
1655 1566 262 37 eftersökande

1145 1619 69 35 och
1261 1618 268 44 bearbetande,
1575 1631 79 22 som
1695 1618 222 35 verkställes

1147 1673 46 44 på
1220 1669 122 48 grund
1373 1668 40 36 af
1437 1669 95 36 först
1552 1683 151 21 vunnen
1722 1669 194 47 rättighet,

1145 1721 81 35 icke
1256 1720 152 35 hindras
1437 1721 91 35 eller
1557 1720 222 48 uppehållas
1808 1719 39 36 af
1863 1733 54 22 ar-

1145 1772 85 35 bete
1271 1775 47 44 på
1358 1771 124 49 grund
1517 1771 38 35 af
1582 1772 216 47 inmutning
1826 1770 92 37 eller

1146 1823 233 43 koncession,
1417 1836 78 21 som
1531 1835 130 23 senare
1690 1823 228 35 tillkommit.

1144 1873 165 49 Uppstår
1337 1874 9 34 i
1377 1874 105 35 detta
1510 1873 64 36 fall
1603 1874 91 35 tvist
1722 1887 60 22 om
1803 1880 116 29 sättet

1146 1924 57 36 för
1231 1924 197 36 drifvande
1456 1924 40 36 af
1521 1925 45 35 de
1587 1925 184 36 särskilda
1790 1925 127 47 slagen

1145 1975 39 36 af
1222 1976 140 42 arbete,
1401 1976 206 36 bestämme
1636 1976 282 48 bergmästaren

1145 2028 10 34 i
1193 2033 120 37 orten,
1353 2027 97 36 huru
1488 2028 180 35 arbetena
1700 2028 106 35 skola
1834 2027 85 35 ord-

1146 2092 74 33 nas,
1250 2082 39 31 så
1317 2084 55 29 att
1401 2077 241 37 innehafvare
1671 2077 40 37 af
1736 2078 104 36 äldre
1866 2079 54 35 in-

1147 2130 174 46 mutning
1349 2130 91 35 eller
1468 2130 222 35 koncession
1716 2130 70 35 kan
1807 2129 112 36 ända-

1145 2181 216 47 målsenligt
1401 2180 121 36 drifva
1562 2181 67 35 sitt
1669 2180 129 36 arbete
1834 2180 85 36 med

1147 2232 135 34 minsta
1309 2230 151 48 förfång
1487 2231 58 36 för
1565 2232 72 35 den
1658 2245 130 22 senare
1808 2237 110 30 rätts-

1147 2281 282 37 innehafvaren.
