2178 2624
679 179 345 33 Jordbruksutskottets
1049 178 161 33 utlåtande
1233 178 51 32 Nr
1307 179 51 32 66.
1761 178 18 30 9

227 261 140 37 skottet
396 260 66 36 har
493 264 54 32 att
575 259 148 48 beakta,
753 259 83 37 icke
863 257 198 38 underlåta
1096 264 53 30 att
1178 257 196 37 framhålla
1407 256 329 50 angelägenheten
1765 270 57 34 av,

227 318 68 43 att,
333 313 2 36 i
364 312 181 37 samband
575 311 84 37 med
685 317 53 31 ett
767 310 123 38 beslut
931 324 61 23 om
1021 309 457 50 bostadsproduktionens
1508 308 316 50 understödjande

225 365 103 37 inom
358 365 187 46 städerna,
574 364 124 37 beslut
730 363 143 50 jämväl
915 363 116 36 fattas
1073 375 61 24 om
1168 361 206 48 utredning
1400 362 12 36 i
1441 361 72 37 och
1541 361 58 37 för
1631 361 193 48 åtgärders

226 417 230 49 vidtagande
498 417 55 36 till
592 416 221 50 ytterligare
855 414 259 49 befrämjande
1143 428 47 23 av
1219 413 373 50 egnahemsrörelsen
1621 416 47 46 på
1697 413 126 36 lands-

226 470 166 49 bygden.

357 521 78 48 Att,
476 524 123 34 såsom
637 521 233 36 motionären
901 519 207 49 föreslagit,
1138 519 58 36 för
1224 517 409 50 egnahemsväsendets
1661 517 162 36 befräm-

222 574 117 48 jande
367 573 126 37 lämna
521 572 409 50 egnahemsbyggarna
959 571 145 37 direkta
1132 570 205 36 understöd
1357 569 12 36 i
1388 569 215 50 penningar
1621 575 91 30 utan
1732 572 93 33 åter-

227 625 451 50 betalningsskyldighet,
720 625 73 35 kan
827 624 187 37 utskottet
1042 623 225 48 visserligen
1295 622 81 36 icke
1404 622 59 36 för
1491 622 58 35 sin
1578 621 58 37 del
1666 621 158 36 förorda.

229 679 176 36 Däremot
447 690 109 24 anser
598 677 184 36 utskottet
823 676 62 37 det
926 676 93 37 böra
1047 680 108 44 tagas
1184 674 121 37 under
1333 673 277 49 övervägande,
1640 673 186 36 huruvida

228 731 83 36 icke
352 730 225 36 räntefrihet
622 729 118 36 under
784 729 75 36 viss
906 728 54 36 tid
1003 727 90 37 eller
1129 727 77 36 viss
1243 726 249 48 nedsättning
1534 739 45 23 av
1606 726 220 36 låneräntan

230 783 121 36 skulle
378 782 130 36 kunna
535 782 147 36 lämnas
711 780 395 50 egnahemsbyggare,
1135 792 81 23 som
1253 778 85 36 med
1366 777 206 37 understöd
1600 777 82 36 från
1712 790 115 36 egna-

228 834 338 37 hemslånefonden
608 833 100 37 bilda
736 846 74 36 nya
839 845 97 36 egna
964 832 86 36 hem
1080 834 20 33 å
1129 830 229 49 obebyggda
1386 830 70 36 och
1485 829 78 37 helt
1591 829 89 37 eller
1708 829 117 36 delvis

228 886 237 51 ouppodlade
494 886 230 48 lägenheter,
755 889 97 32 samt
880 883 186 37 huruvida
1093 883 82 37 icke
1202 882 179 37 räntefria
1409 882 62 36 lån
1499 881 59 37 för
1581 880 245 38 anskaffande

229 952 47 23 av
305 938 140 50 nödiga
474 938 228 36 inventarier
729 936 70 37 och
835 936 165 49 redskap
1030 936 120 36 skulle
1178 935 130 36 kunna
1335 933 145 37 lämnas
1510 934 97 47 dem,
1641 946 80 24 som
1741 932 86 37 med

229 991 204 37 understöd
472 990 83 36 från
584 989 255 49 nyssberörda
867 988 90 37 fond
988 988 194 37 förvärvat
1210 986 59 49 sig
1296 986 222 48 lägenheter
1559 986 11 36 1
1613 985 122 37 avsikt
1774 989 53 32 att

229 1043 90 37 därå
347 1042 153 37 bedriva
523 1041 195 50 jordbruk.

359 1148 81 36 Vad
482 1146 181 49 slutligen
699 1146 176 37 beträffar
903 1145 72 37 den
1005 1158 46 23 av
1079 1143 236 36 motionären
1343 1142 214 48 föreslagna
1586 1146 142 32 statens
1757 1140 71 37 fria

229 1199 221 37 fiskerifond
491 1198 66 36 vill
590 1199 183 35 utskottet
802 1198 93 36 först
923 1197 131 45 uttala,
1085 1201 54 30 att
1167 1199 94 31 även
1290 1194 120 48 enligt
1438 1193 205 36 utskottets
1672 1192 156 48 mening

229 1257 41 31 är
312 1252 135 48 frågan
485 1264 60 23 om
575 1250 70 36 den
675 1249 276 49 självständiga
979 1246 432 48 fiskarebefolkningens
1439 1244 215 37 bevarande
1682 1258 46 22 av
1758 1244 71 36 den

229 1309 138 32 största
408 1302 207 49 betydelse.
671 1300 221 37 Emellertid
930 1300 56 36 får
1019 1298 186 37 utskottet
1234 1298 96 36 fästa
1357 1296 382 50 uppmärksamheten
1768 1298 58 46 på,

230 1361 66 42 att,
334 1356 2 36 i
365 1355 71 37 den
465 1354 58 38 del
552 1353 124 38 behov
705 1367 47 23 av
781 1350 304 39 statsunderstöd
1114 1351 11 35 i
1154 1350 101 36 detta
1284 1348 184 38 avseende
1489 1348 217 49 föreligger,
1728 1347 100 37 detta

229 1409 11 36 i
261 1408 78 37 viss
359 1410 83 34 mån
465 1406 106 37 torde
591 1406 126 48 kunna
736 1405 224 49 tillgodoses
981 1404 83 36 från
1084 1402 143 37 fonden
1245 1402 58 36 för
1318 1400 333 48 fiskerinäringens
1667 1399 161 38 befräm-

226 1460 127 50 jande.
384 1459 98 37 Från
503 1472 51 22 nu
575 1458 67 37 sist
657 1457 159 37 berörda
833 1456 89 37 fond
937 1456 201 46 utlämnas,
1155 1456 122 35 såsom
1295 1453 152 47 bekant,
1463 1451 291 38 låneunderstöd
1771 1451 58 36 för

231 1511 245 38 anskaffande
506 1524 46 23 av
581 1509 222 38 fiskarbåtar
822 1509 68 37 och
911 1508 236 48 fiskredskap
1169 1512 98 31 samt
1288 1506 57 36 för
1365 1504 239 49 anläggande
1624 1518 46 22 av
1690 1508 139 33 smärre

229 1564 256 47 inrättningar
505 1562 57 37 för
581 1561 334 49 tillgodogörande
936 1560 70 37 och
1028 1559 190 48 förädling
1238 1572 45 22 av
1302 1557 130 37 fiskets
1447 1556 217 50 produkter.
1696 1555 132 37 Såsom

229 1616 185 36 utskottet
445 1615 11 36 i
485 1614 65 37 sitt
578 1614 192 36 utlåtande
800 1627 44 22 nr
873 1615 45 34 37
950 1617 96 32 även
1074 1611 149 45 erinrat,
1253 1610 67 36 har
1348 1608 385 50 lantbruksstyrelsen
1761 1608 69 35 hos

229 1667 142 49 Kungl.
400 1666 107 49 Maj:t
536 1667 104 48 gjort
667 1664 282 49 framställning
977 1677 60 23 om
1067 1676 47 23 en
1134 1662 162 49 höjning
1315 1675 46 23 av
1382 1660 372 37 fiskerilånefondens
1775 1662 55 33 år-

230 1720 78 47 liga
324 1718 332 49 utlåningsbelopp
672 1739 49 4 —
736 1717 117 36 vilket
866 1717 58 35 för
939 1715 232 37 närvarande
1184 1716 113 46 utgår
1313 1712 82 37 med
1415 1713 201 46 1,100,000
1631 1712 199 35 kronor
1801 1708 32 63 —

230 1772 56 35 till
316 1771 204 47 2,100,000
548 1769 150 37 kronor.
754 1769 132 36 Denna
914 1767 285 47 framställning
1227 1765 127 36 inkom
1384 1763 207 38 emellertid
1612 1763 56 36 till
1688 1762 141 49 Kungl.

232 1823 109 49 Maj:t
383 1822 95 36 efter
518 1821 265 49 avfattningen
813 1834 45 23 av
887 1818 257 37 innevarande
1173 1820 59 33 års
1260 1816 234 50 proposition
1524 1815 194 48 angående
1747 1827 84 35 reg-

230 1875 171 48 leringen
435 1887 46 22 av
509 1873 211 48 utgifterna
747 1873 60 36 för
834 1870 291 51 kapitalökning
1158 1869 118 36 under
1304 1867 137 37 nionde
1471 1866 252 48 huvudtiteln,
1753 1865 79 37 däri

232 1930 119 46 något
391 1926 143 48 förslag
569 1924 230 38 beträffande
827 1922 357 38 fiskerilånefonden
1213 1922 11 35 i
1252 1934 50 23 nu
1330 1918 288 51 ifrågavarande
1647 1917 185 38 avseende

231 1979 31 49 ej
294 1978 232 37 framställts.
565 1978 16 35 I
601 1991 90 35 nyss
711 1976 157 37 berörda
887 1975 194 36 utlåtande
1101 1975 69 35 har
1189 1973 183 36 utskottet
1392 1971 208 38 emellertid
1620 1970 135 37 uttalat
1774 1969 58 37 sin

233 2029 244 48 förvissning,
499 2034 54 30 att
572 2027 405 48 lantbruksstyrelsens
1000 2025 280 47 framställning
1299 2024 93 36 skall
1408 2023 152 36 komma
1576 2027 54 31 att
1645 2027 187 43 upptagas

232 2081 57 36 till
318 2081 192 48 prövning
537 2080 12 35 i
578 2079 181 37 samband
783 2079 85 35 med
889 2077 266 36 utarbetandet
1175 2089 46 22 av
1238 2073 594 50 kapitalökningspropositionen

234 2133 54 36 till
318 2130 311 38 nästkommande
659 2133 58 34 års
745 2129 166 48 riksdag.

238 2350 128 42 Bihang
390 2349 47 32 till
461 2348 185 42 riksdagens
665 2346 156 43 protokoll
847 2346 93 32 1920.
972 2345 36 31 10
1032 2344 87 32 saml.
1166 2344 44 31 26
1233 2341 78 42 häft.
1347 2341 65 41 (Nr
1436 2341 66 36 66.)
1773 2339 18 33 2
