2204 2626
416 177 18 30 8
829 172 347 33 Jordbruksutskottets
1199 170 165 32 utlåtande
1387 169 52 32 Nr
1462 170 51 31 66.

373 254 143 48 Kungl.
560 253 109 49 Maj:t
710 252 185 48 därjämte
936 256 73 43 äga
1051 255 76 31 rätt
1163 254 55 32 att
1246 249 58 36 för
1332 246 294 50 ifrågavarande
1655 244 174 37 ändamål
1857 244 127 36 lämna

374 306 147 36 direkta
562 304 233 48 statsbidrag
836 310 91 29 utan
969 300 524 49 återbetalningsskyldighet
1530 298 86 36 med
1647 297 114 48 högst
1790 298 47 34 20
1870 300 31 33 2
1937 309 46 22 av

376 358 72 36 den
475 357 216 37 beräknade
719 354 433 51 byggnadskostnaden,
1182 353 79 36 häri
1291 354 32 46 ej
1355 352 177 35 inräknat
1561 349 240 50 tomtvärdet.

503 409 143 48 Kungl.
682 408 125 49 Maj:ts
836 420 51 23 nu
917 406 160 37 berörda
1105 404 238 50 proposition
1372 404 69 35 har
1469 408 109 44 synts
1606 401 186 37 utskottet
1819 413 90 23 vara
1938 413 47 23 av

373 462 72 36 den
487 466 141 31 största
669 458 195 50 betydelse
901 458 146 49 jämväl
1091 458 57 35 för
1175 457 135 48 frågan
1339 469 61 23 om
1429 453 286 50 landsbygdens
1745 451 237 48 avfolkning.

502 512 198 37 Utskottet
720 512 65 35 vill
806 511 55 36 till
884 515 176 31 närmare
1081 509 208 49 belysning
1309 508 117 35 härav
1446 507 96 36 först
1562 507 125 35 erinra
1708 518 58 22 om
1789 506 121 45 några
1924 508 61 31 ut-

372 565 192 46 talanden,
603 577 81 23 som
716 564 81 35 från
827 562 318 37 statsmakternas
1173 560 82 36 sida
1283 560 123 48 gjorts
1436 557 231 38 beträffande
1695 556 74 36 den
1797 554 187 37 statssub-

372 617 155 37 vention
570 616 58 36 för
669 614 238 50 uppförande
951 627 46 23 av
1035 612 227 37 bostadshus
1291 611 86 36 med
1407 609 316 49 smålägenheter,
1753 620 81 24 som
1863 606 122 37 under

374 669 184 36 kristiden
588 673 67 43 ägt
685 681 95 22 rum.
837 666 58 36 Då
925 665 141 48 Kungl.
1097 664 126 48 Maj:ts
1252 663 212 36 sedermera
1492 662 56 36 till
1580 663 96 34 1917
1709 663 60 33 års
1797 658 189 46 riksdag
1962 654 25 66 i

374 721 103 36 detta
519 725 110 31 ämne
660 719 149 37 avlåtna
837 718 238 49 proposition
1105 730 44 22 nr
1178 717 48 35 34
1255 715 170 36 förekom
1454 714 12 36 i
1494 712 203 38 statsrådet
1725 710 168 37 uttalade
1922 709 64 37 då-

374 772 164 37 varande
581 772 135 36 chefen
759 771 59 36 för
848 768 510 50 jordbruksdepartementet
1386 766 12 35 i
1426 771 53 31 ett
1507 764 157 37 särskilt
1693 761 208 38 anförande
1930 762 56 36 till

374 823 427 49 statsrådsprotokollet,
844 821 116 36 bland
1004 826 128 39 annat,
1176 825 52 30 att
1255 819 12 35 i
1296 818 70 36 och
1402 818 58 36 för
1489 817 62 48 sig
1579 821 130 43 syntes
1738 815 140 36 honom
1908 818 78 32 sär-

375 876 121 37 skilda
539 876 178 47 åtgärder
759 875 82 35 från
884 879 144 30 statens
1057 872 82 36 sida
1167 871 57 36 för
1252 868 341 38 åstadkommande
1623 881 46 23 av
1700 866 286 48 bostadslägen-

377 928 105 36 heter
509 927 11 36 i
550 927 176 36 städerna
754 925 150 49 ägnade
934 930 54 31 att
1015 924 120 36 väcka
1163 922 321 48 betänkligheter,
1521 921 4 35 i
1555 920 72 36 den
1656 921 87 34 mån
1763 918 222 48 därigenom

376 993 45 23 en
450 979 83 36 icke
563 977 188 38 önskvärd
780 976 227 50 inflyttning
1027 976 83 35 från
1132 973 266 50 landsbygden
1418 973 55 36 till
1494 971 177 38 städerna
1692 969 293 37 underlättades.

378 1032 85 35 Med
492 1030 210 48 anledning
730 1043 47 22 av
805 1029 73 35 vad
907 1029 133 35 chefen
1071 1027 59 35 för
1154 1025 512 50 jordbruksdepartementet
1686 1020 158 37 sålunda
1864 1020 124 36 anfört

378 1081 234 38 beträffande
654 1082 108 35 faran
804 1080 70 46 för,
919 1085 53 30 att
1014 1077 292 50 ifrågavarande
1335 1075 177 49 åtgärder
1545 1074 122 36 skulle
1696 1072 215 37 underlätta
1940 1085 46 23 en

375 1135 85 36 icke
497 1133 193 37 önskvärd
720 1132 224 49 inflyttning
972 1131 85 35 från
1086 1128 265 49 landsbygden
1381 1127 58 36 till
1468 1126 189 45 städerna,
1688 1124 176 36 framhöll
1891 1124 97 36 riks-

377 1187 122 48 dagen
529 1185 11 36 i
570 1186 57 35 sin
670 1184 182 36 skrivelse
881 1183 12 35 i
922 1187 139 41 ämnet,
1106 1187 54 30 att
1201 1180 206 48 riksdagen
1449 1179 55 35 till
1533 1178 93 35 fullo
1656 1176 131 36 delade
1816 1175 172 37 bemälde

378 1236 388 52 departementschefs
826 1234 252 49 uppfattning
1132 1245 60 23 om
1250 1231 62 36 det
1368 1231 58 36 för
1480 1229 129 37 landet
1664 1228 174 47 skadliga
1883 1228 12 35 i
1935 1232 54 31 ett

378 1290 123 49 dylikt
532 1288 160 37 resultat
722 1301 45 23 av
797 1284 536 45 understödsverksamheten,
1363 1295 86 23 men
1478 1287 54 30 att
1560 1280 207 48 riksdagen
1795 1279 115 36 likväl
1938 1301 50 4 —

378 1342 120 36 under
543 1339 196 37 uttalande
785 1352 46 23 av
877 1339 59 35 sin
980 1338 213 44 förväntan,
1242 1340 55 31 att
1339 1348 86 22 man
1453 1333 63 36 vid
1547 1333 70 36 den
1648 1338 175 30 närmare
1852 1331 136 35 anord-

379 1394 141 48 ningen
552 1406 47 22 av
628 1392 122 36 denna
780 1389 238 38 verksamhet
1046 1388 12 36 i
1087 1388 215 49 möjligaste
1331 1388 88 34 mån
1447 1385 164 47 tillsåge,
1642 1389 55 30 att
1715 1383 275 48 inflyttningen

380 1446 57 36 till
465 1445 181 37 städerna
682 1443 82 37 icke
792 1442 225 48 härigenom
1047 1440 154 36 särskilt
1228 1437 301 50 uppmuntrades
1559 1458 50 4 —
1638 1441 138 37 ansett,
1807 1440 67 39 att,
1903 1433 87 37 med

379 1498 151 49 hänsyn
559 1496 57 36 till
646 1496 45 36 de
718 1494 165 37 rådande
912 1492 273 50 exceptionella
1213 1490 297 44 förhållandena,
1540 1493 52 31 ett
1612 1486 132 37 försök
1764 1486 58 36 till
1841 1485 149 36 ökande

379 1552 49 45 på
457 1549 158 47 angivet
644 1552 75 32 sätt
747 1560 46 23 av
821 1543 501 52 byggnadsverksamheten
1350 1541 12 36 i
1390 1541 65 36 allt
1485 1540 64 36 fall
1577 1538 70 38 och
1677 1544 91 30 utan
1790 1537 134 37 hinder
1944 1551 46 22 av

379 1600 160 37 berörda
578 1600 180 47 farhågor
786 1598 118 36 borde
933 1602 125 43 göras.
1116 1594 84 38 Med
1232 1594 150 49 hänsyn
1410 1593 57 36 till
1496 1591 72 37 vad
1597 1590 207 48 riksdagen
1832 1589 159 37 sålunda

381 1651 206 37 framhållit
628 1651 128 47 intogs
784 1650 11 35 i
825 1649 72 36 den
940 1648 214 37 sedermera
1183 1647 12 36 i
1224 1652 128 30 ämnet
1397 1643 198 37 utfärdade
1641 1641 257 49 kungörelsen
1943 1654 47 24 en

380 1703 266 38 bestämmelse
675 1716 47 22 av
750 1700 178 46 innehåll,
959 1706 54 30 att
1042 1698 236 48 statsbidrag
1306 1698 58 35 för
1392 1694 291 51 ifrågavarande
1712 1693 175 37 ändamål
1906 1693 83 36 icke

379 1757 103 47 finge
523 1758 94 45 utgå
645 1755 12 35 i
686 1754 78 46 fall,
807 1754 47 35 då
896 1766 46 23 en
981 1765 46 23 av
1057 1750 284 37 förhållandena
1370 1749 32 48 ej
1434 1747 267 48 ovillkorligen
1730 1745 175 49 påkallad
1934 1745 56 35 in-

382 1808 185 49 flyttving
595 1807 84 35 från
708 1804 265 50 landsbygden
1003 1803 222 48 därigenom
1253 1801 127 36 kunde
1409 1799 207 37 befordras.

511 1859 137 36 Därest
676 1871 49 23 nu
753 1857 207 46 riksdagen
988 1856 12 35 i
1029 1854 171 48 enlighet
1228 1853 86 36 med
1343 1852 139 48 Kungl.
1512 1851 130 47 Maj:ts
1664 1849 143 48 förslag
1826 1848 167 37 beslutar

380 1911 234 36 inrättandet
659 1923 45 23 av
747 1922 46 23 en
827 1914 144 30 statens
1000 1904 339 39 bostadslånefond
1368 1904 56 35 för
1454 1902 260 49 befrämjande
1743 1914 47 23 av
1819 1900 172 36 bostads-

380 1962 283 51 produktionen
693 1961 101 36 inom
825 1960 126 36 städer
979 1959 70 36 och
1078 1956 290 38 stadsliknande
1397 1954 221 45 samhällen,
1648 1952 108 37 torde
1784 1952 128 48 enligt
1933 1957 59 30 ut-

381 2015 161 36 skottets
572 2014 157 47 mening
749 2011 273 49 obestridligen
1042 2010 79 36 viss
1142 2009 81 36 fara
1241 2009 189 47 föreligga
1452 2007 68 45 för,
1542 2010 53 31 att
1615 2004 272 49 inflyttningen
1909 2003 84 36 från

380 2066 270 49 landsbygden
692 2065 56 36 till
790 2064 176 36 städerna
994 2063 12 35 i
1035 2062 96 48 följd
1161 2061 116 36 därav
1305 2060 95 36 skall
1429 2065 90 42 taga
1548 2057 100 36 ökad
1679 2057 83 35 fart.
1819 2056 73 36 Det
1917 2055 76 36 till-

381 2119 172 36 kommer
581 2118 83 36 icke
696 2116 188 36 utskottet
912 2121 56 30 att
995 2119 100 45 yttra
1137 2114 61 47 sig
1239 2117 89 31 över
1368 2111 142 47 Kungl.
1541 2109 129 49 Maj:ts
1699 2107 294 49 ifrågavarande

382 2169 247 50 proposition.
685 2168 193 37 Utskottet
920 2179 110 24 anser
1078 2166 63 47 sig
1182 2164 96 37 dock
1314 2164 94 36 böra
1448 2162 132 45 uttala,
1625 2165 54 31 att
1722 2160 185 36 utskottet
1936 2158 56 37 till

382 2222 92 36 fullo
520 2220 194 49 behjärtar
755 2220 45 36 de
842 2217 341 49 omständigheter,
1226 2229 79 23 som
1355 2214 180 37 föranlett
1572 2212 87 36 dess
1689 2210 302 50 framläggande.

383 2273 88 36 Men
514 2272 187 37 utskottet
729 2272 75 36 kan
832 2272 12 35 i
873 2271 103 36 detta
1018 2268 292 48 sammanhang,
1353 2280 45 23 ur
1437 2266 46 36 de
1525 2263 251 51 synpunkter,
1816 2275 82 24 som
1935 2266 58 37 ut-
