2265 2769
672 230 408 30 Konstitutions-Ttskottets
1115 229 162 30 Utlåtande
1305 230 55 28 N:o
1384 231 26 25 6.
1780 231 17 25 >

247 322 76 23 som
351 309 240 49 eftertryckta,
623 310 50 36 då
696 309 42 36 de
758 309 13 36 1?
790 309 120 36 andra
928 307 99 50 Dag-

249 362 84 36 blad
360 362 155 50 införas,
543 363 44 36 så
613 362 87 37 vida
728 362 57 36 det
804 361 117 37 tillika
940 375 93 35 upp-

244 415 130 49 gifves,
417 416 104 49 ifrån
561 415 131 37 hvilket
729 415 174 49 Dagblad
941 427 92 36 upp-

246 474 120 30 satsen
395 472 43 32 är
467 469 153 35 hemtad.

352 554 213 37 Stockholm
595 555 69 36 den
695 557 21 33 4
746 555 97 36 Mars
874 556 106 34 1873.

1046 449 2 7 I

1046 457 2 11 I

1046 472 2 7 i

813 642 52 35 På
892 641 208 36 Utskottets
1130 648 151 41 vägnar:

759 728 60 35 Th.
854 727 132 37 Munck
1014 729 46 48 af
1082 728 252 36 Rosenschöld.

976 1062 78 39 N:o
1086 1063 35 36 6.

765 1234 79 29 Ank.
871 1234 44 29 till
943 1234 107 29 Riksd.
1076 1234 105 29 Kansli
1206 1234 57 29 den
1289 1234 18 29 4
1332 1234 81 29 Mars
1439 1233 89 36 1873,
1555 1233 41 29 kl.
1624 1232 37 29 12
1686 1232 93 29 midd.

449 1336 280 37 Konstitutions-
747 1332 193 59 Utskottets
961 1338 202 42 Utlåtande,
1194 1339 80 35 med
1303 1338 197 48 anledning
1528 1338 46 49 af
1590 1337 102 36 väckt
1711 1336 130 37 motwon

648 1419 56 23 om
732 1407 126 49 tillägg
887 1408 13 35 i
927 1407 25 36 3
978 1407 28 47 $
1034 1408 13 35 i
1078 1406 537 51 Tryckfrihets-förordningen.

354 1517 125 36 Under
520 1517 192 47 förmälan,
755 1520 178 35 hurusom
975 1520 62 35 det
1069 1523 115 33 måste
1217 1520 83 36 leda
1332 1520 55 35 till
1421 1519 220 36 förvillande
1669 1518 40 36 af
1732 1524 110 30 rätts-

248 1570 222 48 begreppen,
502 1571 122 36 derest
650 1571 111 45 brott,
805 1572 157 48 belagda
1002 1573 82 35 med
1127 1571 115 46 straff,
1278 1572 46 36 då
1352 1572 44 36 de
1424 1572 63 36 ske
1515 1584 133 36 genom
1676 1572 51 35 tal
1755 1572 89 35 eller

248 1621 218 46 handskrift,
498 1623 125 36 kunna
651 1623 204 46 ostraffadt,
886 1624 130 49 oblygt
1043 1625 122 48 begås,
1196 1625 47 36 då
1271 1625 45 36 de
1343 1624 161 37 föröfvas
1524 1637 133 35 genom
1677 1624 63 36 det
1758 1624 86 36 vida

248 1675 274 35 verksammare
551 1676 67 35 och
646 1676 208 48 skadligare
888 1677 146 44 medlet,
1072 1676 186 49 offentligt
1284 1678 118 47 tryck,
1433 1682 95 30 samt
1556 1682 54 30 att
1637 1681 53 31 ett
1718 1689 125 23 exem-

248 1728 60 46 pel
336 1727 113 48 härpå
476 1735 49 36 är,
557 1728 210 45 huruledes,
802 1729 153 36 oaktadt
989 1728 63 37 det
1083 1730 63 35 vid
1179 1728 172 50 äfventyr
1379 1728 38 37 af
1444 1729 95 35 ända
1565 1729 56 35 till
1652 1730 72 34 750
1753 1728 91 36 R:dr

248 1779 106 36 böter
395 1779 68 36 och
504 1780 247 37 konfiskation
787 1789 41 28 är
860 1781 189 48 förbjudet
1076 1795 134 36 genom
1238 1782 133 48 Kongl.
1402 1781 278 48 Förordningen
1709 1780 40 36 af
1774 1781 69 36 den

249 1834 44 33 21
325 1832 97 36 Mars
454 1834 98 34 1844
581 1838 55 31 att
664 1834 174 47 »utbjuda
865 1835 89 35 eller
982 1834 139 49 afyttra
1148 1836 111 35 lotter
1286 1835 56 36 till
1369 1835 223 48 penningars
1615 1834 89 36 eller
1723 1847 120 22 annan

247 1885 54 35 lös
343 1885 88 35 eller
472 1884 72 37 fast
585 1886 200 47 egendoms
826 1887 252 36 bortlottande
1115 1888 99 35 inom
1247 1888 89 35 eller
1363 1893 104 30 utom
1494 1887 122 43 riket»,
1647 1890 134 45 många
1809 1886 39 36 af

247 1939 89 33 våra
363 1937 190 48 tidningar
581 1938 94 35 dock
703 1944 130 31 nästan
862 1939 172 48 dagligen
1062 1940 184 35 innehålla
1274 1953 182 22 annonser
1484 1952 60 22 om
1571 1939 175 45 lotterier,
1778 1940 66 35 har

249 1989 97 36 Herr
380 1989 52 36 N.
463 1989 36 37 S.
530 2002 69 23 von
626 1990 100 36 Koch
755 1992 11 34 i
796 1992 139 35 motion
964 1992 69 36 N:o
1065 1994 56 43 12,
1152 1993 109 36 väckt
1288 1993 11 34 i
1326 1992 130 36 Första
1484 1992 232 44 Kammaren,
1747 1990 97 38 före-

247 2042 118 47 slagit,
397 2047 54 30 att
479 2041 563 51 Tryckfrihets-förordningens
1072 2047 20 33 3
1122 2044 18 48 $
1169 2045 157 35 erhåller
1353 2050 53 30 ett
1433 2050 85 43 nytt
1537 2049 164 31 moment
1720 2043 39 37 af
1774 2044 69 36 föl-

243 2093 113 48 jande
384 2094 158 48 lydelse:

353 2148 83 34 14:0
477 2146 134 45 »Brott,
655 2160 78 23 som
773 2161 134 35 genom
948 2149 125 48 tryckt
1105 2147 108 37 skrift
1246 2149 111 48 begås
1391 2149 67 35 och
1490 2148 57 36 för
1580 2149 139 35 hvilket
1752 2149 44 47 ej,
1832 2149 10 34 i

248 2198 120 36 denna
395 2199 72 48 lag,
498 2199 173 36 särskildt
700 2213 132 24 ansvar
859 2201 117 35 finnes
1004 2206 125 39 utsatt,
1159 2200 193 37 bestraffes
1381 2202 115 47 enligt
1523 2201 135 35 allmän
1682 2201 72 48 lag,
1775 2201 68 36 och

246 2250 154 37 skriften
429 2251 258 36 konfiskeras.»

349 2303 72 36 Det
448 2304 205 48 stadgande
681 2305 227 35 motionären
942 2304 189 50 föreslagit
1164 2311 54 31 att
1250 2309 120 33 såsom
1398 2311 53 31 ett
1478 2306 173 36 särskildt
1679 2312 164 30 moment

245 2355 137 37 införas
423 2357 10 34 i
476 2355 559 51 Tryckfrihets-förordningens
1065 2360 20 34 3
1123 2357 18 49 $
1174 2366 39 28 är
1247 2359 167 35 hemtadt
1441 2357 79 37 från
1551 2358 290 37 Konstitutions-
