2212 2642
675 185 231 43 Lagutskottets
933 185 169 32 Utlåtande
1124 184 63 31 N:o
1209 185 52 30 30.
1692 181 38 31 21

165 277 130 37 sådant
335 281 81 39 sätt,
458 280 54 31 att
540 275 61 36 det
628 278 47 45 på
702 274 350 37 verldsmarknaden
1080 274 71 35 kan
1179 273 149 46 betinga
1355 276 52 31 ett
1434 269 341 37 tillfredsställande

167 328 86 48 pris.
307 327 186 36 Utskottet
520 340 106 22 anser
653 325 152 37 sålunda
831 324 39 36 af
894 330 132 31 största
1054 326 90 46 vigt,
1173 329 53 30 att
1254 323 126 49 dylika
1406 321 166 47 slagthus
1600 319 114 37 blifva
1737 323 39 32 så

166 379 74 36 fort
279 379 62 35 ske
378 379 68 34 kan
479 377 193 36 inrättade.
727 377 70 35 Det
823 376 103 35 torde
954 377 113 34 likväl
1095 376 124 35 kunna
1247 374 222 42 förutsättas,
1499 377 54 31 att
1580 377 54 30 ett
1661 372 115 46 slagt-

167 431 67 34 hus
274 429 39 36 af
349 429 112 36 sådan
502 433 67 39 art,
613 428 83 36 med
736 427 71 36 den
838 427 136 36 storlek
1006 427 69 36 och
1103 427 214 44 utrustning
1343 424 61 36 det
1432 426 115 33 måste
1574 422 108 36 hafva
1709 421 65 35 och

168 480 80 36 med
291 480 70 36 den
401 480 144 46 ojemna
585 478 179 43 tillförsel,
806 491 79 23 som
923 478 65 36 der
1020 478 72 35 kan
1118 477 190 42 beräknas,
1336 475 78 35 icke
1444 475 70 35 kan
1544 473 232 36 underhållas

167 532 66 35 och
274 530 162 36 förränta
476 529 449 47 anläggningskostnaden
965 528 131 36 endast
1136 527 82 36 med
1246 527 44 35 de
1317 525 161 47 afgifter,
1507 538 77 22 som
1613 524 163 46 skäligen

167 583 126 35 kunna
332 582 174 47 påläggas
533 580 62 36 det
620 579 58 36 för
705 585 131 42 export
863 578 149 37 afsedda
1040 580 118 34 köttet
1185 578 67 35 och
1280 578 116 34 köttet
1423 575 94 36 efter
1544 575 44 35 de
1616 575 161 42 kreatur,

168 647 78 23 som
274 632 59 36 för
360 632 245 46 förbrukning
633 632 98 35 inom
760 630 124 36 landet
911 631 126 34 kunna
1063 634 89 31 utan
1179 627 233 49 lagstadgadt
1439 629 114 44 tvång
1580 625 114 36 varda
1713 624 65 35 der

168 683 173 46 slagtade.
395 683 16 35 I
451 682 70 36 den
562 685 85 33 mån
685 680 241 48 erforderliga
967 680 132 48 bidrag
1125 679 124 36 härför
1275 679 32 47 ej
1337 679 122 34 kunna
1488 677 155 35 erhållas
1671 674 38 37 af
1734 675 44 35 de

168 736 229 41 kommuner,
426 733 64 35 der
518 733 165 47 slagthus
710 732 155 35 inrättas
892 732 90 36 eller
1008 730 40 37 af
1073 731 165 36 enskilda
1261 729 58 37 för
1336 728 183 48 företaget
1537 726 241 37 intresserade

169 798 183 36 personer,
391 783 414 48 hushållningssällskap
838 783 86 35 eller
952 782 115 36 andra
1093 781 289 48 korporationer,
1410 781 95 34 lärer
1532 778 103 43 dock,
1664 778 116 44 enligt

168 837 197 35 utskottets
392 836 104 45 åsigt,
524 834 150 47 frågans
702 839 98 30 stora
827 834 79 46 vigt
933 833 57 35 för
1016 833 143 36 landets
1179 832 182 48 jordbruk
1380 831 58 34 väl
1458 831 124 34 kunna
1600 828 176 43 försvara,

167 893 56 30 att
250 886 212 37 statsmedel
488 885 61 36 för
575 885 208 35 ändamålet
811 884 195 36 användas.

302 937 172 35 Deremot
515 937 71 34 kan
626 936 179 35 utskottet
845 934 80 36 icke
966 934 199 49 tillstyrka,
1207 938 54 30 att
1300 931 240 46 erforderliga
1573 930 118 35 medel
1723 928 56 36 för

168 988 231 48 slagthusens
438 987 224 46 anläggning
701 986 67 36 och
809 985 192 36 underhåll
1027 984 153 36 beredas
1207 996 132 34 genom
1367 981 192 36 införande
1587 980 39 36 af
1651 979 129 37 sådant

168 1041 112 44 slagt-
314 1039 67 35 och
413 1038 435 47 köttbesigtningstvång,
878 1048 78 24 som
984 1036 272 35 motionärerna
1283 1033 201 45 ifrågasatt.
1539 1031 240 37 Bestämmel-

168 1103 105 24 serna
313 1090 124 35 härom
477 1089 117 36 skulle
634 1088 109 35 hårdt
782 1086 108 37 träffa
930 1085 108 38 äfven
1080 1086 145 44 sådana,
1255 1098 77 23 som
1360 1083 38 37 af
1423 1089 176 43 exporten
1627 1082 32 47 ej
1688 1081 93 36 hade

169 1145 112 41 något
306 1142 166 41 intresse,
502 1139 66 36 och
596 1139 71 35 den
693 1138 118 36 fördel
838 1138 13 35 i
879 1138 154 36 sanitärt
1060 1138 67 35 och
1154 1136 212 49 hygieniskt
1392 1134 217 43 hänseende,
1630 1146 77 23 som
1727 1137 53 31 ett

169 1192 123 49 dylikt
330 1195 113 42 tvång
475 1191 116 35 skulle
624 1189 175 43 medföra,
828 1202 106 23 anser
961 1189 180 35 utskottet
1168 1188 30 47 ej
1228 1200 85 23 vara
1340 1186 39 36 af
1402 1186 70 35 den
1500 1184 198 49 betydelse,
1727 1188 54 30 att

171 1243 178 35 utskottet
388 1245 46 44 på
468 1241 113 36 sådan
608 1241 123 45 grund
759 1241 71 34 kan
856 1239 150 36 förorda
1033 1239 222 36 detsammas
1282 1236 203 36 införande.
1541 1236 78 35 Den
1646 1234 135 48 ifråga-

169 1293 118 36 stälda
313 1292 340 46 köttbesigtningen
681 1290 110 36 hafva
818 1290 44 35 de
889 1290 271 48 myndigheter,
1190 1302 77 23 som
1294 1292 117 44 yttrat
1438 1288 57 45 sig
1521 1287 13 35 i
1563 1290 133 39 ämnet,
1717 1298 64 22 an-

170 1349 71 31 sett
268 1344 162 46 skäligen
458 1341 375 43 otillfredsställande,
863 1341 67 35 och
958 1345 53 31 att
1034 1340 121 36 införa
1174 1340 209 46 slagttvång
1402 1343 88 30 utan
1510 1337 170 45 förening
1700 1335 81 35 med

171 1394 425 46 köttbesigtningstvång
628 1394 107 42 lärer,
769 1392 115 47 enligt
911 1392 96 35 hvad
1034 1391 163 46 framgår
1226 1389 40 35 af
1289 1389 70 36 den
1386 1388 112 37 ofvan
1525 1387 168 36 lemnade
1723 1391 58 30 ut-

171 1445 215 46 redningen,
427 1444 30 47 ej
501 1444 125 35 kunna
667 1442 174 37 förordas.
896 1443 15 35 I
939 1447 82 30 rent
1049 1441 211 50 hygieniskt
1288 1441 67 34 och
1384 1440 154 35 sanitärt
1565 1436 216 44 hänseende,

171 1495 172 37 särskildt
383 1493 227 37 beträffande
651 1493 276 37 motarbetande
969 1492 39 36 af
1045 1493 283 35 tuberkulosens
1361 1490 205 49 spridning,
1595 1488 104 36 torde
1727 1487 56 36 för

172 1547 112 46 öfrigt
324 1546 114 35 andra
478 1545 170 46 åtgärder
681 1553 45 27 än
759 1544 44 35 de
831 1558 50 22 nu
908 1543 211 48 föreslagna
1142 1543 158 46 förtjena
1326 1543 103 45 långt
1458 1546 116 31 större
1602 1538 179 36 afseende.

171 1597 47 36 Så
258 1605 40 27 är
337 1602 26 30 t.
405 1609 57 22 ex.
503 1595 247 37 förhållandet
790 1595 81 36 med
904 1595 278 47 undersökning
1210 1592 39 36 af
1274 1593 56 35 till
1356 1592 219 46 försäljning
1603 1589 178 48 utbjuden

172 1648 124 46 mjölk.
352 1647 188 36 Utskottet
567 1647 65 35 vill
661 1646 203 36 emellertid
892 1646 31 46 ej
953 1646 174 42 bestrida,
1156 1650 54 29 att
1237 1644 44 35 de
1308 1643 216 48 ifrågasatta
1551 1641 232 36 bestämmel-

172 1711 106 23 serna
318 1698 115 35 skulle
474 1698 12 34 i
524 1697 119 35 afsedt
683 1696 97 49 syfte
821 1696 163 35 medföra
1018 1696 185 45 åtskilliga
1229 1694 168 43 fördelar,
1428 1706 83 22 men
1540 1704 105 23 anser
1672 1691 111 35 likväl

173 1748 106 36 deraf
315 1748 160 47 följande
515 1748 234 47 olägenheter
788 1760 86 22 vara
915 1750 39 32 så
995 1745 219 50 betydande,
1257 1750 53 29 att
1342 1745 179 34 utskottet
1548 1743 31 46 ej
1609 1743 70 33 kan
1707 1741 76 34 till-

173 1800 126 48 styrka
327 1798 124 49 dylika
479 1798 236 46 stadganden.
770 1798 61 34 Ett
858 1797 121 36 beslut
1006 1796 39 36 af
1070 1810 45 22 en
1143 1797 176 34 kommun
1342 1808 59 23 om
1421 1793 191 37 införande
1632 1792 38 35 af
1685 1792 97 34 kött-

174 1850 343 46 besigtningstvång
558 1849 116 35 skulle
715 1849 182 45 nemligen
939 1847 164 36 medföra
1144 1852 98 30 stora
1270 1846 226 47 svårigheter
1523 1844 56 35 för
1606 1843 70 36 den
1704 1855 80 22 om-

172 1900 175 47 gifvande
374 1899 376 47 landtbefolkningen,
780 1912 76 22 som
885 1898 92 36 hade
1005 1904 54 29 att
1086 1897 148 46 försälja
1262 1898 78 35 sina
1366 1896 208 48 produkter
1597 1895 11 34 i
1627 1892 158 37 berörda

175 1953 176 33 kommun
391 1951 66 34 och
500 1951 145 34 hvilken
679 1949 215 47 befolkning”
926 1949 31 46 ej
992 1962 63 23 ens
1083 1949 117 35 skulle
1227 1947 109 36 hafva
1362 1946 144 37 tillfälle
1535 1951 53 30 att
1614 1945 12 35 i
1653 1943 131 48 frågan

175 2003 56 44 sig
264 2006 110 43 yttra.
428 2000 74 35 Vid
530 2006 76 30 stor
633 2000 170 35 tillförsel
831 1999 39 36 af
895 2001 80 34 kött
1001 2000 105 35 torde
1134 1999 31 46 ej
1196 1999 114 35 sällan
1339 2003 134 30 väntan
1502 2000 47 44 på
1576 1995 209 46 besigtning

176 2053 123 47 kunna
341 2050 164 36 medföra
545 2051 184 46 svårighet
769 2056 54 29 att
861 2049 39 36 få
939 2050 117 35 köttet
1084 2048 95 36 såldt
1206 2049 66 35 och
1301 2049 135 34 kanske
1464 2047 108 35 äfven
1599 2044 186 37 föranleda

176 2102 220 44 försämring
438 2101 40 34 af
514 2113 123 28 varan,
679 2101 128 34 liksom
837 2112 77 22 mer
948 2107 45 27 än
1027 2099 184 35 sannolikt
1242 2098 104 35 torde
1380 2111 97 29 vara,
1507 2103 53 29 att
1588 2095 197 48 afgifterna

175 2152 57 35 för
272 2151 257 47 besigtningen
558 2151 115 34 skulle
701 2151 11 33 i
741 2151 55 34 sin
825 2153 82 32 mån
937 2150 110 34 verka
1074 2149 56 35 till
1160 2149 211 45 minskning
1398 2147 40 35 af
1462 2147 70 35 den
1560 2146 224 44 behållning,

176 2216 77 21 som
295 2202 153 45 säljaren
489 2201 121 35 kunde
651 2201 56 35 för
747 2202 116 33 köttet
903 2200 187 35 beräknat.
1145 2199 135 35 Härtill
1321 2199 163 34 kommer
1517 2198 69 35 den
1616 2197 38 35 af
1678 2196 107 35 alla
1765 2192 23 59 i

178 2257 123 31 ämnet
341 2251 114 35 hörda
496 2251 256 48 myndigheter
785 2250 185 46 medgifna
1002 2250 231 46 svårigheten
1261 2254 54 30 att
1343 2253 44 43 på
1414 2254 53 30 ett
1494 2248 87 35 fullt
1607 2246 177 37 tillfreds-
