1895 2831
281 191 18 30 6
645 193 107 30 Första
767 193 213 38 lagutskottets
994 194 161 31 utlåtande
1170 206 36 19 nr
1222 195 35 30 17
1272 195 34 31 år
1323 196 78 30 1969

321 273 189 40 Spörsmålet
528 285 52 19 om
600 275 240 39 tillgodoseende
860 287 38 19 av
917 287 43 19 nu
979 276 238 40 ifrågavarande
1237 288 101 29 grupp
1357 288 112 29 genom
1489 278 191 39 civilrättslig
1699 279 64 38 lag-

279 328 141 40 stiftning
438 329 67 37 har,
525 340 65 19 som
611 329 137 40 framgår
768 341 39 19 av
826 331 61 29 vad
907 341 81 19 ovan
1008 331 168 40 upptagits,
1196 332 72 30 med
1289 332 170 40 anledning
1478 343 39 19 av
1536 332 154 31 motioner
1710 333 51 29 be-

279 383 144 30 handlats
441 383 53 30 vid
516 384 76 29 1964
610 384 58 29 och
692 385 74 29 1966
786 384 47 30 års
851 385 166 39 riksdagar.
1037 385 159 31 Utskottet
1215 386 57 30 har
1291 386 110 30 därvid
1420 386 10 30 i
1449 397 38 19 av
1505 386 162 40 riksdagen
1687 387 75 39 god-

278 437 103 29 kända
406 437 185 30 utlåtanden
615 438 103 29 funnit
742 438 209 30 motionernas
976 439 75 39 syfte
1075 440 192 39 synnerligen
1291 440 250 39 behjärtansvärt
1564 451 73 19 men
1662 447 100 23 ansett

278 497 45 24 att
342 491 173 39 problemet
534 491 65 30 icke
618 492 96 30 borde
735 492 76 30 lösas
830 492 315 40 lagstiftningsvägen.
1167 494 62 29 Till
1250 494 68 30 stöd
1337 494 109 30 härför
1464 494 58 30 har
1541 494 40 30 bl.
1596 505 26 19 a.
1645 495 117 29 anförts

279 552 45 23 att
344 545 239 31 förhållandena
602 546 61 30 kan
682 557 75 19 vara
777 546 32 30 så
828 547 81 30 olika
929 547 10 29 i
958 547 98 30 skilda
1075 547 54 30 fall
1150 554 45 24 att
1215 548 38 30 de
1273 548 155 40 knappast
1446 550 35 28 är
1501 549 121 39 ägnade
1642 549 49 29 för
1709 559 52 20 en-

278 599 97 40 hetlig
400 600 152 39 reglering
577 602 146 28 ävensom
750 607 45 23 att
821 601 240 39 möjligheterna
1086 601 45 30 till
1157 601 71 31 tvist
1254 602 28 39 ej
1309 602 42 39 på
1377 602 95 39 något
1498 603 177 39 avgörande
1701 605 60 27 sätt

278 654 95 30 skulle
397 655 164 39 begränsas
585 665 112 29 genom
722 656 61 29 den
807 655 174 40 föreslagna
1005 656 241 39 lagstiftningen.

319 709 160 29 Utskottet
499 709 59 29 har
579 709 65 30 icke
667 709 103 30 funnit
793 710 168 39 anledning
983 716 45 24 att
1050 709 110 40 frångå
1182 710 45 30 sin
1250 710 130 40 tidigare
1402 711 205 39 uppfattning
1628 712 134 29 rörande

278 763 84 29 dessa
388 763 157 39 spörsmål.
570 763 70 30 Den
664 774 39 19 av
725 763 233 31 motionärerna
981 764 173 39 föreslagna
1178 766 102 28 rätten
1304 764 45 30 till
1373 765 183 39 gottgörelse
1580 776 39 19 ur
1641 765 120 30 kvarlå-

279 817 169 39 tenskapen
471 817 95 30 skulle
590 817 48 30 för
661 817 100 40 övrigt
784 818 10 29 i
816 824 44 24 ett
882 818 121 39 mycket
1027 824 75 24 stort
1125 819 85 29 antal
1235 819 54 29 fall
1312 830 76 19 vara
1411 830 38 19 av
1473 819 73 39 föga
1569 820 104 29 värde.
1698 820 62 29 Det

277 870 98 29 måste
396 870 92 29 också
509 871 126 28 beaktas
658 877 46 22 att
726 872 181 37 problemen
929 872 50 28 för
999 872 238 37 ifrågavarande
1260 873 139 37 kategori
1421 873 171 37 ingalunda
1616 873 88 28 alltid
1728 875 34 26 är

278 934 37 19 av
336 923 179 30 ekonomisk
536 930 101 23 natur.
659 924 48 29 De
729 924 144 39 åtgärder
893 935 65 19 som
979 923 138 41 påkallas
1137 925 71 37 kan,
1231 935 65 20 som
1317 925 238 39 socialpolitiska
1576 925 185 30 kommittén

277 979 144 28 närmare
443 978 157 29 utvecklat
622 978 9 29 i
654 978 88 39 fråga
764 989 52 19 om
839 979 301 37 hemmadöttrarna,
1164 990 69 19 avse
1257 979 310 39 arbetsanskaffning,
1592 980 169 29 medicinsk

276 1031 78 30 vård
373 1032 60 29 och
453 1031 200 40 behandling,
675 1031 179 31 arbetsvård
875 1032 72 30 eller
968 1043 105 19 annan
1093 1032 81 30 form
1195 1044 38 18 av
1254 1032 241 40 rehabilitering,
1516 1033 154 39 personlig
1691 1033 69 30 råd-

277 1085 127 39 givning
426 1085 74 30 eller
522 1085 129 30 allmänt
674 1086 142 30 kurativa
840 1086 135 30 insatser.
1000 1086 176 39 Lösningen
1201 1097 38 19 av
1263 1087 86 29 dessa
1371 1086 67 30 ofta
1462 1087 172 39 trängande
1659 1087 101 39 hjälp-

276 1139 102 30 behov
399 1139 61 29 kan
481 1139 115 30 således
618 1140 86 29 sökas
725 1139 41 40 på
786 1140 82 29 olika
888 1142 105 37 vägar.
1015 1140 120 30 Därvid
1155 1141 57 29 bör
1233 1141 9 28 i
1264 1140 136 39 enlighet
1420 1141 73 29 med
1514 1141 62 29 vad
1598 1141 162 39 riksdagen

276 1193 10 29 i
307 1193 98 30 andra
427 1193 227 39 sammanhang
674 1193 113 30 uttalat
808 1193 8 29 i
837 1193 96 30 första
953 1193 86 31 hand
1060 1196 111 37 prövas
1193 1195 38 29 de
1251 1194 198 39 möjligheter
1469 1205 65 19 som
1557 1195 203 29 arbetsmark-

277 1246 228 40 nadspolitiken
527 1247 154 39 erbjuder.
704 1247 159 30 Utskottet
885 1247 52 30 vill
959 1247 164 40 härvidlag
1144 1247 102 30 erinra
1266 1258 52 19 om
1340 1254 43 23 ett
1405 1259 39 18 av
1464 1248 117 39 Kungl.
1606 1248 98 39 Maj:t
1727 1248 34 29 år

280 1301 75 29 1963
377 1300 141 30 utfärdat
539 1301 134 29 cirkulär
695 1301 43 29 till
761 1301 291 30 socialnämnderna
1072 1302 59 29 och
1154 1302 452 39 arbetsförmedlingsorganen,
1630 1303 56 29 där
1709 1303 51 29 det

276 1354 196 39 understryks
494 1354 105 29 vikten
622 1365 38 18 av
684 1361 44 22 att
753 1355 139 28 nämnda
914 1355 217 38 myndigheter
1153 1355 98 29 aktivt
1274 1355 184 29 medverkar
1480 1356 49 28 för
1552 1362 45 23 att
1620 1356 79 29 bistå
1722 1357 38 28 de

276 1407 61 30 s.k.
358 1408 300 36 hemmadöttrarna,
679 1408 118 29 särskilt
817 1408 9 29 i
846 1408 53 29 fall
920 1408 41 29 då
980 1408 88 30 deras
1087 1408 205 40 vårduppgift
1311 1409 161 29 bortfaller
1491 1409 45 30 till
1556 1409 79 39 följd
1656 1420 38 19 av
1715 1415 46 24 att

276 1461 61 29 den
363 1461 138 30 vårdade
528 1472 150 28 personen
706 1461 78 30 intas
812 1462 41 38 på
878 1461 252 40 vårdinrättning
1156 1462 73 30 eller
1256 1462 126 30 avlider.
1410 1463 247 29 Verksamheten
1685 1462 75 31 skall

275 1526 69 18 avse
370 1514 117 30 sådana
512 1514 145 40 åtgärder
681 1526 65 19 som
772 1515 188 39 förmedling
985 1527 37 18 av
1049 1516 299 39 arbetsanställning,
1374 1516 295 39 vidareutbildning,
1695 1527 66 19 om-

276 1568 142 40 skolning
439 1568 59 30 och
523 1568 178 31 arbetsvård
725 1569 9 29 i
757 1569 82 29 olika
863 1569 123 30 former.
1012 1569 14 29 I
1052 1569 178 39 anslutning
1253 1569 105 30 härtill
1381 1569 61 30 kan
1466 1571 79 29 även
1569 1570 115 30 erinras
1707 1580 52 20 om

276 1628 45 24 att
339 1623 185 38 statsbidrag
541 1624 94 28 sedan
653 1623 97 38 några
769 1623 33 29 år
820 1623 129 29 tillbaka
965 1623 91 38 utgår
1074 1623 45 29 till
1138 1624 60 28 den
1217 1623 114 30 sociala
1348 1623 213 40 hemhjälpen,
1580 1623 96 40 något
1694 1634 66 19 som

275 1676 192 29 underlättat
487 1676 48 29 för
554 1677 227 28 kommunerna
801 1682 45 23 att
866 1676 106 29 lämna
992 1676 170 39 ersättning
1181 1676 32 30 åt
1232 1676 132 30 vårdare
1384 1677 9 29 i
1413 1677 109 30 enskilt
1542 1678 72 29 hem
1635 1688 39 19 av
1694 1677 65 30 åld-

275 1730 104 38 ringar
403 1730 72 29 eller
498 1730 253 39 handikappade.
778 1731 12 27 I
817 1730 258 39 sammanhanget
1100 1731 56 28 bör
1179 1730 93 30 också
1295 1731 132 29 nämnas
1451 1736 45 24 att
1520 1730 239 40 ifrågavarande

275 1794 115 28 grupps
417 1784 296 38 trygghetsproblem
738 1784 52 29 vid
818 1783 199 30 arbetslöshet
1044 1785 111 38 prövas
1182 1794 39 19 av
1247 1784 61 29 den
1334 1783 35 30 år
1398 1784 76 30 1966
1501 1784 128 30 tillsatta
1654 1785 104 29 utred-

275 1837 114 38 ningen
410 1848 51 18 om
481 1837 132 29 kontant
632 1838 67 28 stöd
720 1837 52 29 vid
793 1837 200 29 arbetslöshet
1019 1837 350 39 (KSA-utredningen).

316 1891 244 38 Avslutningsvis
584 1890 52 30 må
660 1891 143 38 upplysas
827 1897 46 23 att
896 1891 163 38 riksdagen
1082 1891 9 29 i
1117 1891 169 39 anledning
1310 1902 39 18 av
1372 1891 163 37 motioner,
1560 1891 199 30 remitterade

275 1945 45 29 till
343 1945 98 29 andra
463 1944 209 39 lagutskottet,
695 1955 105 18 senare
823 1944 9 29 i
855 1944 34 29 år
910 1944 141 29 kommer
1073 1950 45 24 att
1139 1946 98 37 pröva
1259 1944 159 39 yrkanden
1439 1955 53 19 om
1514 1946 62 29 rätt
1598 1945 45 30 till
1666 1945 92 30 änke-

274 1998 128 39 pension
423 1998 49 29 för
492 1998 299 29 hemmadöttrarna.

315 2054 111 29 Under
445 2054 186 39 hänvisning
650 2054 44 30 till
716 2055 51 29 det
788 2055 133 29 anförda
940 2054 49 30 får
1008 2055 147 29 utskottet
1175 2055 173 36 hemställa,

634 2114 44 23 att
692 2108 205 29 förevarande
911 2108 163 36 motioner,
1091 2108 90 29 1:748
1195 2109 60 28 och
1270 2109 119 36 1I1:854,
1404 2108 66 30 icke
1484 2108 97 30 måtte
1596 2109 162 29 föranleda

592 2161 103 39 någon
715 2162 175 38 riksdagens
910 2161 118 39 åtgärd.

314 2277 180 29 Stockholm
516 2278 60 28 den
600 2278 31 28 11
655 2288 81 19 mars
760 2279 75 28 1969

756 2388 42 29 På
812 2388 95 29 första
921 2389 213 38 lagutskottets
1147 2391 130 36 vägnar:

775 2498 106 29 ERIK
904 2498 354 30 ALEXANDERSON
