1896 2784
440 150 390 31 Jordbruksutskottets
853 151 181 32 utlåtande
1055 162 42 21 nr
1117 154 19 30 9
1157 153 41 30 år
1220 154 82 30 1957
1605 156 19 30 7

117 233 210 40 föregående
346 234 192 40 föreslagit,
556 237 50 28 att
624 244 44 21 av
683 237 51 29 ett
753 235 121 40 anslag
893 236 45 40 på
961 237 39 30 15
1021 237 163 40 miljoner
1204 238 129 30 kronor
1354 239 113 30 skulle
1487 240 137 30 huvud-

116 284 100 30 delen
238 284 83 30 eller
344 285 71 34 12,5
439 285 165 40 miljoner
625 286 132 29 kronor
778 286 174 31 avräknas
974 289 74 28 mot
1068 288 436 32 automobilskattemedel.
1527 291 95 30 Sam-

118 335 102 39 tidigt
238 335 112 30 skulle
367 335 414 40 bidragsverksamheten
798 337 199 30 utsträckas
1015 338 52 30 till
1083 339 265 40 vägbyggnader
1365 341 88 29 även
1472 341 19 29 å
1510 342 111 29 andra

118 386 127 38 skogar
267 387 45 28 än
331 386 78 30 dem
432 395 77 21 som
531 387 71 29 står
624 387 112 30 under
758 387 296 40 skogsstyrelsens
1076 390 155 39 uppsikt.
1255 390 70 30 Mot
1348 392 270 40 användningen

118 444 42 21 av
183 436 280 30 bilskattemedel
489 437 53 30 till
566 438 230 30 förevarande
821 439 165 30 ändamål
1012 439 63 30 har
1101 440 82 40 inga
1210 441 303 31 remissinstanser
1537 444 83 29 vånt

116 487 51 39 sig
196 487 11 29 i
236 488 146 39 princip.
414 488 258 30 Statskontoret
701 489 224 39 ifrågasätter
956 490 89 29 dock
1075 500 57 20 om
1162 491 77 30 icke
1269 492 78 29 med
1378 493 241 40 avräkningen

117 537 106 30 borde
242 539 101 29 anstå
362 539 50 29 till
430 539 80 29 dess
532 539 80 31 1953
632 540 57 29 års
708 540 300 40 trafikutredning
1027 542 141 30 slutfört
1188 543 60 29 sitt
1266 543 126 30 arbete.
1413 544 95 29 Även
1528 545 92 29 läns-

118 589 171 38 styrelsen
305 590 11 28 i
331 590 201 29 Jämtlands
549 590 58 30 län
624 599 113 26 anser,
756 592 50 28 att
824 591 125 40 frågan
966 592 77 29 icke
1061 592 61 30 bör
1139 594 146 42 avgöras
1302 594 11 29 i
1330 594 95 30 detta
1443 603 176 22 samman-

116 639 103 40 hang.
238 640 312 39 Domänstyrelsen
569 641 158 29 däremot
747 650 111 27 anser,
878 644 51 27 att
950 643 156 39 anslaget
1124 643 10 29 i
1154 644 56 29 sin
1228 644 116 30 helhet
1362 645 63 30 bör
1444 646 175 29 avräknas

116 691 72 28 mot
213 690 317 31 bilskattemedlen.
556 692 13 29 I
594 692 172 29 samband
791 692 145 30 härmed
961 693 99 30 torde
1084 694 58 39 jag
1167 695 89 29 även
1280 695 36 29 få
1342 695 117 30 erinra
1485 705 57 21 om
1568 698 51 28 att

116 741 252 29 statskontoret
388 742 10 28 i
420 741 61 30 sitt
499 742 162 38 yttrande
682 742 253 40 inledningsvis
957 744 184 39 ifrågasatt
1160 745 251 40 lämpligheten
1432 755 41 22 av
1495 748 50 28 att
1566 748 55 28 ut-

116 791 141 30 sträcka
280 792 329 40 bidragsgivningen
636 793 52 29 till
714 802 69 31 nya
810 793 342 42 skogsägargrupper
1179 804 81 21 men
1285 798 50 27 att
1361 796 257 31 ämbetsverket

116 842 142 29 stannat
281 843 57 29 vid
362 844 51 28 att
436 852 85 20 anse
545 844 253 39 utvidgningen
819 844 84 30 böra
926 845 144 30 komma
1094 846 51 30 till
1171 846 103 29 stånd
1299 847 78 29 med
1402 847 138 40 hänsyn
1565 848 53 30 till

114 892 324 31 bilskattemedlens
459 894 225 40 användning
704 895 56 29 för
780 895 209 30 ändamålet.
1011 897 12 28 I
1044 896 132 30 olikhet
1196 897 78 29 med
1296 898 233 39 utredningen
1550 899 68 30 för-

116 951 122 21 menar
257 944 261 35 statskontoret,
537 946 50 28 att
604 945 243 39 budgetmedel
866 946 53 29 till
935 946 269 40 vägbyggnader
1223 948 21 29 å
1261 949 130 29 statens
1411 949 127 39 skogar
1555 949 66 30 bör

114 993 116 30 direkt
256 995 173 29 avräknas
456 996 74 28 mot
555 995 304 30 bilskattemedlen
886 997 66 29 och
978 998 51 28 att
1055 998 101 32 alltså
1183 998 105 39 ingen
1315 999 152 29 särskild
1494 1000 54 29 del
1575 1009 42 20 av

114 1044 330 40 skogsväganslaget
465 1045 90 30 skall
579 1047 180 29 användas
781 1047 51 29 till
854 1047 96 30 detta
972 1048 173 31 ändamål.

157 1095 49 31 På
225 1096 42 30 de
288 1096 75 30 skäl
382 1096 234 41 utredningen
636 1098 120 30 anfört
775 1098 64 30 och
860 1107 77 21 som
957 1099 151 35 flertalet
1128 1100 304 31 remissinstanser
1454 1103 164 39 godtagit,

114 1145 70 29 kan
202 1145 61 40 jag
285 1146 186 39 tillstyrka,
492 1148 51 28 att
563 1147 280 31 bilskattemedel
864 1150 96 38 tages
981 1149 12 29 i
1015 1149 153 40 anspråk
1189 1150 56 30 för
1266 1151 116 39 statlig
1404 1151 214 40 bidragsgiv-

114 1196 85 39 ning
224 1196 54 30 till
304 1197 327 39 skogsbilvägarnas
658 1198 210 40 utbyggnad.
895 1199 66 39 Jag
988 1199 96 30 delar
1110 1200 113 30 likaså
1251 1201 66 29 den
1344 1202 273 40 uppfattningen

114 1247 50 29 att
183 1247 133 29 statens
335 1248 163 39 samtliga
517 1248 143 39 utgifter
678 1249 55 29 för
752 1249 338 40 skogsvägväsendet
1109 1251 89 30 dock
1216 1251 76 30 icke
1310 1252 62 29 bör
1391 1252 165 31 bekostas
1575 1262 41 21 av

114 1296 120 40 dylika
251 1298 121 30 medel.
392 1298 54 29 En
464 1299 71 29 viss
555 1299 53 30 del
628 1308 43 21 av
689 1299 103 30 dessa
812 1300 144 39 utgifter
973 1301 64 29 bör
1053 1302 88 29 även
1160 1302 11 29 i
1190 1302 274 40 fortsättningen
1482 1304 131 30 belasta

111 1347 67 29 den
198 1348 178 30 allmänna
395 1349 177 39 budgeten
590 1350 197 39 respektive
807 1351 260 29 vederbörande
1087 1352 225 30 driftsstater.
1327 1354 80 29 Som
1427 1354 60 39 jag
1508 1355 107 29 redan

113 1398 196 30 framhållit
330 1399 186 39 föreligger
537 1400 192 30 emellertid
750 1401 77 29 icke
849 1401 109 39 några
979 1402 227 30 användbara
1227 1403 235 41 beräkningar
1485 1414 43 22 av
1548 1406 69 28 hur

113 1449 95 28 stora
227 1449 124 39 belopp
373 1458 75 22 som
467 1450 64 29 bör
551 1450 134 30 belasta
704 1451 470 31 automobilskattemedlens
1198 1454 269 40 specialbudget.
1490 1455 125 30 Därtill

112 1498 170 36 kommer,
306 1501 49 28 att
379 1500 253 40 utredningens
656 1502 133 39 förslag
811 1503 50 28 att
885 1503 164 29 använda
1073 1512 43 20 en
1140 1503 54 30 del
1219 1513 43 21 av
1285 1504 329 40 skogsväganslaget

112 1548 51 30 till
186 1549 42 30 de
251 1550 138 39 statliga
412 1550 65 30 och
501 1551 246 30 ecklesiastika
771 1552 173 39 skogarna
968 1553 184 39 onekligen
1175 1554 71 29 kan
1269 1554 76 30 leda
1368 1555 54 29 till
1446 1556 169 39 synnerli-

113 1606 64 32 gen
198 1600 161 39 känsliga
381 1601 65 29 och
468 1602 192 39 grannlaga
683 1603 222 38 avgöranden
927 1603 97 30 såväl
1045 1604 54 30 för
1121 1604 126 40 Kungl.
1271 1605 104 39 Maj:t
1397 1615 76 20 som
1497 1607 122 39 skogs-

112 1651 182 38 styrelsen.
319 1651 74 30 Med
417 1652 140 39 hänsyn
578 1653 52 29 till
653 1653 103 29 dessa
780 1654 246 30 förhållanden
1049 1655 63 29 har
1133 1655 60 39 jag
1216 1656 88 29 efter
1325 1656 172 39 ingående
1520 1657 95 29 över-

112 1701 182 38 väganden
318 1702 150 30 kommit
493 1703 53 29 till
570 1703 67 29 den
662 1704 273 39 uppfattningen
960 1706 51 28 att
1035 1705 11 29 i
1070 1707 76 28 vart
1173 1706 61 29 fall
1260 1707 69 29 tills
1354 1707 120 29 vidare
1500 1708 114 38 någon

113 1752 172 40 utökning
305 1761 41 20 av
370 1753 40 29 de
433 1753 358 40 bidragsberättigade
815 1755 242 39 kategorierna
1080 1756 75 29 icke
1178 1756 63 30 bör
1264 1757 69 30 ske.
1357 1758 13 29 I
1394 1757 90 39 följd
1507 1758 107 29 därav

112 1801 61 30 bör
193 1802 332 40 skogsväganslaget
543 1805 85 28 även
647 1805 10 28 i
677 1805 275 40 fortsättningen
972 1806 122 29 enbart
1113 1816 81 20 avse
1213 1807 266 39 vägbyggnader
1498 1808 19 29 å
1536 1808 78 29 sko-

111 1859 61 31 gar
192 1853 11 28 i
224 1853 136 29 enskild
382 1854 74 38 ägo.

156 1903 196 39 Utgifterna
373 1904 54 29 för
450 1905 211 39 skogsvägar
682 1906 19 30 å
722 1907 131 29 statens
875 1907 128 39 skogar
1024 1907 125 30 liksom
1170 1907 19 31 å
1210 1908 41 30 de
1272 1908 243 31 ecklesiastika
1538 1909 78 30 sko-

112 1960 107 30 garna
242 1954 111 29 skulle
375 1954 150 30 sålunda
547 1956 10 29 i
578 1955 273 40 fortsättningen
873 1957 35 29 få
929 1958 122 29 täckas
1069 1957 42 40 på
1133 1967 136 22 samma
1292 1960 67 29 sätt
1381 1968 75 20 som
1478 1959 136 31 hittills.

111 2003 47 29 De
174 2004 189 28 kostnader
378 2013 75 21 som
469 2004 11 29 i
495 2005 151 38 enlighet
662 2005 147 29 härmed
825 2006 153 39 alltjämt
994 2007 159 29 kommer
1170 2009 50 27 att
1235 2008 132 29 belasta
1384 2008 67 30 den
1468 2009 144 29 allmän-

112 2062 43 21 na
177 2054 173 38 budgeten
371 2055 65 28 och
458 2055 260 30 vederbörande
741 2056 214 30 driftsstater
977 2067 81 20 men
1079 2058 106 38 enligt
1209 2059 250 39 utredningens
1483 2060 129 38 förslag

111 2104 76 29 bort
208 2105 119 28 täckas
347 2106 35 27 in
402 2106 113 28 under
534 2106 328 40 skogsväganslaget
882 2109 196 28 motsvarar
1096 2108 108 29 minst
1225 2108 67 29 den
1311 2109 53 29 del
1383 2118 43 20 av
1445 2110 166 38 anslaget,

112 2162 74 21 som
210 2155 232 39 utredningen
463 2157 115 27 ansett
599 2156 75 30 icke
696 2157 85 29 böra
802 2158 174 28 avräknas
998 2160 72 27 mot
1090 2158 315 30 bilskattemedlen.
1429 2160 76 29 Med
1528 2160 85 29 hän-

113 2213 63 30 syn
195 2205 118 30 härtill
331 2206 63 29 har
412 2206 60 38 jag
491 2206 116 30 funnit
627 2208 71 38 mig
716 2208 83 29 böra
819 2208 152 35 förorda,
991 2211 51 27 att
1060 2210 64 29 den
1143 2210 119 38 övriga
1281 2211 333 39 medelsanvisning-

110 2261 41 21 en
173 2254 51 28 till
247 2254 377 39 skogsvägbyggandet,
647 2257 32 30 d.
701 2266 29 19 v.
755 2266 25 19 s.
804 2256 65 29 den
892 2266 76 19 som
992 2258 60 37 går
1073 2259 80 28 över
1178 2258 339 39 skogsväganslaget,
1541 2260 70 28 helt

113 2304 87 30 skall
222 2305 120 30 täckas
363 2315 41 20 av
425 2306 290 31 bilskattemedel.

154 2354 208 29 Nuvarande
380 2355 296 40 skogsväganslag
693 2357 175 29 användes
887 2358 87 28 även
992 2357 54 29 för
1064 2357 365 40 bidragsverksamhet
1448 2359 52 29 till
1518 2359 94 30 flott-

112 2404 282 39 ledsbyggnader,
420 2406 303 40 skogshärbärgen
748 2408 62 29 och
836 2407 177 31 liknande.
1038 2408 50 30 Då
1112 2409 236 30 kostnaderna
1372 2411 55 29 för
1451 2420 42 20 en
1518 2411 95 39 dylik

111 2455 366 38 bidragsverksamhet
505 2456 75 31 icke
609 2457 161 39 rimligen
799 2458 68 30 kan
896 2459 122 29 täckas
1047 2468 41 20 av
1114 2459 289 39 bilskattemedel,
1434 2470 103 30 synes
1565 2463 49 29 ett
