2232 2630
931 169 252 32 Statsutskottets
1207 170 165 32 utlåtande
1398 172 50 31 Nr
1472 174 29 30 7.

938 248 37 49 b)
1003 248 205 48 godkänna
1235 271 49 5 —
1316 273 44 5 —
1393 275 43 4 —

937 304 53 32 all
1016 322 51 5 —
1093 321 51 5 —
1171 322 49 5 —

938 355 52 32 all
1017 373 49 4 —
1097 373 43 5 —
1172 374 49 4 —
1829 375 2 2 i

935 407 52 32 att
1015 424 47 4 —
1091 425 49 4 —
1164 404 373 48 generaldirektören
1557 406 70 37 och
1647 407 192 49 byråchef,
1861 407 140 49 Kungl.

805 455 108 50 Maj:t
940 476 48 5 —
1017 476 49 5 —

934 511 53 33 all
1014 529 48 4 —
1091 530 49 5 —
1169 513 52 32 att
1251 531 40 4 —
1328 532 37 4 —
1394 515 53 32 att
1488 531 28 6 —
1546 534 30 4 —
1604 516 53 32 att
1691 533 33 5 —
1752 534 34 4 —
1814 517 53 32 att
1901 533 34 6 —
1963 535 41 4 —

806 564 53 32 all
887 582 48 3 —
963 580 49 5 —
1041 563 54 32 att
1121 581 50 6 —
1200 582 50 5 —
1277 566 53 32 alt
1357 583 50 5 —
1437 584 46 5 —
1512 567 54 32 att

910 615 53 31 att
990 632 49 4 —
1067 632 49 4 —
1146 618 190 41 semester,
1378 614 367 47 generaldirektören
1788 615 69 36 och
1895 615 110 49 byrå-

805 662 177 36 cheferna
1010 667 97 30 samt
1134 684 49 4 —
1211 685 49 4 —

936 717 53 33 att
1017 735 47 4 —
1093 736 49 4 —
1171 719 53 33 att
1251 737 48 5 —
1326 738 45 4 —
1394 720 53 33 att
1466 739 49 4 —
1536 739 48 5 —
1605 722 52 33 all
1676 740 48 4 —
1745 741 48 3 —
1814 723 54 33 att
1886 741 49 4 —
1955 741 49 4 —

807 772 98 31 samt
932 770 52 32 all
1011 788 49 4 —
1088 788 50 4 —

938 817 33 48 c)
1000 817 164 37 förklara

937 873 53 32 all
1016 890 50 4 —
1094 891 49 4 —
1172 890 48 6 —
1250 876 97 30 samt

936 924 51 33 att
1020 941 40 3 —--
1092 943 49 4 —
1170 943 50 4 —

937 972 37 49 d)
1005 972 55 37 till
1088 996 48 4 —
1165 995 48 4 —
1239 996 49 3 —
1330 988 46 22 av
1419 976 164 47 514,600
1622 976 139 37 kronor
1798 999 49 4 —
1880 1001 42 3 —
1953 999 49 4 —

1010 1021 134 58 OS
1328 1048 41 4 —
1397 1026 184 38 ändamål.
