2232 2628
428 153 42 30 24

904 156 250 33 Statsutskottets
1177 157 164 32 utlåtande
1364 159 52 31 Nr
1439 160 29 30 7.

912 232 38 50 b)
978 234 204 49 godkänna
1224 235 167 49 följande
1433 236 138 37 villkor
1607 238 70 36 och
1706 239 283 38 bestämmelser

783 285 59 36 för
872 285 222 49 åtnjutande
1124 300 45 23 av
1196 287 45 37 de
1261 288 11 36 i
1293 300 143 25 samma
1456 295 75 30 stat
1551 295 197 44 upptagna
1768 291 220 50 avlönings-

784 337 200 48 förmåner,
1013 338 212 49 nämligen:

913 394 51 31 att
1004 390 230 37 innehavare
1264 404 46 23 av
1338 392 187 36 ordinarie
1553 393 118 47 tjänst
1699 393 12 36 i
1739 399 149 42 patent-
1917 396 71 35 och

781 440 408 49 registreringsverket
1232 441 96 37 skall
1368 456 90 23 vara
1500 444 257 37 underkastad
1800 445 74 36 den
1906 446 81 37 vid-

782 492 210 37 sträcktare
1039 492 508 53 tjänstgöringsskyldighet
1593 496 91 37 eller
1723 497 208 50 jämkning
1975 498 13 37 i

782 545 242 48 åligganden,
1055 558 80 24 som
1163 545 64 37 vid
1256 560 46 23 en
1331 548 184 48 möjligen
1539 548 224 37 inträdande
1783 550 204 37 förändrad

782 597 260 47 organisation
1071 610 47 22 av
1142 597 279 38 ämbetsverket
1441 599 90 37 eller
1550 600 86 36 dess
1656 600 186 37 särskilda
1862 602 124 36 avdel-

781 648 139 47 ningar
961 648 90 36 eller
1092 648 108 48 eljest
1240 649 12 35 i
1294 649 205 37 allmänhet
1540 651 76 35 kan
1658 651 119 36 varda
1811 653 175 48 stadgad,

781 704 97 30 samt
897 698 11 36 i
929 699 134 36 sådant
1090 699 227 48 hänseende,
1342 705 180 32 ävensom
1543 701 126 37 därest
1688 702 297 38 ämbetsverkets

782 749 185 49 ställning
993 750 103 37 inom
1126 751 382 50 statsförvaltningen
1537 756 40 34 så
1602 753 207 48 förändras,
1830 759 56 32 att
1905 754 80 38 det-

782 814 143 24 samma
962 803 34 48 ej
1027 803 133 48 längre
1187 803 76 36 kan
1291 807 124 33 såsom
1444 805 271 48 självständigt
1744 806 241 37 ämbetsverk

781 866 120 33 anses,
932 853 89 36 eller
1048 854 126 36 därest
1203 854 101 36 vissa
1331 855 290 47 ifrågavarande
1650 856 240 37 ämbetsverk
1909 858 75 36 till-

780 904 168 36 hörande
975 905 172 47 göromål
1172 906 219 48 överflyttas
1412 906 57 36 till
1489 913 113 30 annat
1623 907 251 48 ämbetsverk,
1895 922 89 23 vara

780 955 140 49 pliktig
961 961 64 41 att,
1064 956 85 37 med
1182 956 262 38 bibehållande
1474 971 46 24 av
1549 959 72 36 den
1649 959 235 50 tjänstegrad
1913 960 71 37 och

780 1006 73 37 den
895 1007 182 50 avlöning
1118 1008 75 37 han
1234 1009 171 48 innehar,
1448 1010 95 37 efter
1583 1024 53 37 ny
1665 1011 90 37 eller
1782 1011 202 38 förändrad

781 1059 291 49 arbetsordning
1118 1060 111 37 sköta
1275 1062 46 36 de
1365 1061 85 37 med
1498 1062 263 50 befattningen
1804 1064 179 37 förenade

780 1111 172 46 göromål
981 1112 101 46 eller,
1112 1112 94 35 efter
1234 1112 144 48 Kungl.
1410 1113 127 48 Maj:ts
1563 1114 264 47 förordnande,
1848 1116 135 47 tjänst-

779 1166 95 42 göra
915 1162 12 35 i
968 1162 61 35 det
1071 1163 104 46 verk,
1218 1163 55 36 till
1315 1164 116 35 vilket
1472 1166 221 46 göromålen
1728 1166 253 45 överlämnas;

781 1212 181 37 skolande
990 1213 377 49 befattningshavare
1386 1215 12 35 i
1417 1220 149 43 patent-
1596 1216 70 37 och
1694 1217 289 48 registrerings-

779 1264 131 37 verket
952 1264 194 49 slutligen,
1185 1265 181 38 likaledes
1395 1267 86 37 med
1509 1267 263 38 bibehållande
1801 1282 46 23 av
1874 1282 108 37 nyss-

779 1316 165 37 nämnda
985 1317 202 48 förmåner,
1220 1332 90 22 vara
1342 1319 256 37 underkastad
1628 1325 64 41 att,
1722 1325 68 32 när
1817 1320 98 37 helst
1943 1324 40 34 så

781 1380 45 23 av
859 1368 140 48 Kungl.
1029 1368 108 49 Maj:t
1164 1374 140 43 prövas
1333 1370 187 49 lämpligt,
1550 1371 189 49 förflyttas
1767 1371 57 36 till
1856 1385 126 23 annan

778 1418 160 50 lämplig
978 1420 219 49 befattning
1238 1421 101 35 inom
1383 1421 73 36 den
1489 1423 167 35 centrala
1683 1422 296 50 förvaltningen;

908 1475 53 32 att
990 1471 83 36 med
1089 1471 188 37 ordinarie
1291 1472 217 50 befattning
1522 1473 12 36 i
1549 1478 149 44 patent-
1714 1474 71 37 och
1800 1475 180 48 registre-

777 1522 243 48 ringsverket
1047 1523 82 36 icke
1158 1526 60 34 må
1247 1524 149 37 förenas
1417 1538 125 23 annan
1563 1525 118 50 tjänst
1701 1529 20 33 å
1739 1526 129 48 rikets,
1885 1527 96 37 riks-

778 1573 145 49 dagens
951 1575 91 37 eller
1070 1575 201 37 kommuns
1301 1581 93 41 stat;

908 1630 53 32 att
998 1627 84 35 med
1121 1627 186 37 ordinarie
1341 1628 217 49 befattning
1585 1630 11 35 i
1625 1629 166 37 nämnda
1818 1630 163 37 ämbets-

777 1676 93 36 verk
913 1677 32 48 ej
990 1677 116 37 heller
1147 1681 62 33 må
1248 1679 149 36 förenas
1438 1692 88 24 vare
1561 1681 62 47 sig
1651 1680 177 49 uppdrag
1856 1684 121 34 såsom

777 1728 227 37 ordförande
1032 1729 89 36 eller
1148 1729 166 37 ledamot
1341 1731 12 35 i
1379 1732 158 47 styrelse
1557 1732 60 36 för
1637 1732 90 36 verk
1746 1732 89 37 eller
1853 1732 126 49 bolag,

777 1792 81 23 som
903 1784 41 31 är
985 1781 85 36 med
1111 1781 142 48 Kungl.
1284 1782 126 48 Maj:ts
1439 1782 122 50 oktroj
1593 1783 134 36 försett
1755 1783 90 36 eller
1872 1784 109 37 blivit

777 1833 124 33 såsom
945 1831 215 49 aktiebolag
1201 1833 235 48 registrerat,
1479 1834 91 36 eller
1610 1834 219 49 befattning
1857 1838 122 33 såsom

777 1882 231 48 tjänsteman
1036 1884 11 35 i
1067 1883 134 36 sådant
1219 1884 94 36 verk
1332 1884 90 37 eller
1441 1884 114 49 bolag
1575 1885 89 37 eller
1683 1899 126 23 annan
1824 1887 157 48 tjänste-

776 1932 217 51 befattning
1034 1948 47 23 av
1122 1935 72 36 vad
1237 1935 84 48 slag
1362 1949 80 23 som
1479 1937 109 48 helst,
1619 1940 40 33 så
1687 1937 115 37 framt
1830 1939 47 48 ej,
1906 1939 74 36 vad

776 1988 119 45 angår
935 1986 385 49 generaldirektören,
1362 1987 187 50 byråchef
1586 1989 91 37 eller
1705 1989 274 50 byrådirektör,

775 2037 144 48 Kungl.
962 2038 109 49 Maj:t
1113 2038 81 48 och,
1237 2039 73 36 vad
1353 2043 119 45 angår
1512 2041 232 36 innehavare
1781 2055 46 22 av
1855 2055 125 25 annan

775 2088 228 50 befattning,
1037 2095 148 44 patent-
1220 2090 70 37 och
1320 2092 419 49 registreringsverket,
1768 2096 102 46 uppå
1898 2093 82 37 där-

776 2152 61 24 om
866 2140 113 49 gjord
1008 2141 285 50 framställning
1320 2143 71 36 och
1419 2144 97 36 efter
1543 2145 206 48 prövning,
1772 2149 55 32 att
1846 2145 134 49 ifråga-

777 2192 166 37 varande
984 2193 176 49 uppdrag
1201 2194 89 36 eller
1324 2195 360 49 tjänstebefattning
1719 2197 31 48 ej
1782 2199 61 33 må
1870 2209 110 24 anses

778 2242 157 38 inverka
977 2244 207 50 hinderligt
1226 2245 58 37 för
1312 2246 309 50 tjänstgöringen
1650 2247 12 36 i
1690 2248 289 48 ämbetsverket,
