2244 2638
726 207 265 34 Statsutskottets
1018 204 175 34 Utlåtande
1216 203 62 33 N:o
1297 204 29 32 2.
1775 199 18 30 3

223 299 56 35 till
306 298 139 35 hvilket
473 297 134 34 embete
631 295 132 45 jemväl
787 294 55 44 sju
869 293 39 35 af
933 292 277 36 hufvudstadens
1232 300 95 25 mera
1359 286 237 38 framstående
1624 284 209 42 arkitekter,

225 349 91 35 efter
344 348 184 41 anmodan,
557 347 11 34 i
595 349 118 32 ämnet
739 345 144 44 afgifvit
908 344 178 44 yttrande.

361 396 371 38 Ståthållareembetet
772 397 89 33 hade
897 395 153 34 derefter
1077 394 11 34 i
1116 392 185 36 skrifvelse
1328 391 54 34 till
1406 386 428 39 riksmarskalksembetet

225 451 39 35 af
303 451 65 34 den
411 452 20 32 5
472 459 93 24 mars
604 447 235 44 nyssnämnda
879 444 41 36 år
956 443 159 44 anhållit,
1144 447 54 31 att
1221 443 224 34 sistbemälda
1473 441 134 34 embete
1635 436 109 37 måtte
1771 437 62 34 hos

226 501 131 44 Kongl.
399 500 109 44 Maj:t
547 502 87 41 göra
670 497 260 43 framställning
970 506 54 24 om
1048 493 267 45 framläggande
1342 492 54 35 för
1423 491 204 43 Riksdagen
1651 489 39 35 af
1714 497 119 35 propo-

225 552 104 35 sition
358 562 53 24 om
439 550 211 44 beviljande,
680 549 53 34 för
759 547 242 44 restaurering
1029 546 39 34 af
1093 545 221 35 Stockholms
1341 544 100 34 slotts
1468 542 163 43 samtliga
1655 539 140 35 fasader
1823 538 9 34 i

227 603 155 44 enlighet
423 602 76 34 med
540 604 52 31 ett
631 600 39 34 af
703 596 362 38 ståthållareembetet
1105 597 10 33 i
1143 605 130 25 samma
1301 594 185 35 skrifvelse
1514 590 160 46 angifvet
1702 590 132 42 förslag

227 658 91 30 samt
357 653 95 34 förut
493 649 238 45 omförmälda,
766 650 39 34 af
829 648 329 36 slottsintendenten
1185 645 196 45 uppgjorda
1405 642 339 43 arbetsbeskrifning
1770 640 64 34 och

227 703 422 43 kostnadsberäkningar,
678 701 38 35 af
741 704 51 31 ett
820 703 100 32 extra
948 700 124 42 anslag
1099 696 20 36 å
1149 698 158 42 557,000
1335 696 140 41 kronor,
1504 698 54 31 att
1584 690 86 47 utgå
1698 691 134 44 ärligen

226 755 78 35 med
349 756 158 42 100,000
551 754 131 34 kronor
721 752 112 35 under
872 751 69 34 fem
977 747 41 38 år
1045 752 90 31 samt
1162 745 40 37 år
1233 748 93 34 1902
1354 746 77 35 med
1459 743 212 45 återstoden,
1701 743 133 43 57,000

229 807 140 34 kronor.

329 856 54 35 Af
394 855 227 35 förenämnda
636 854 53 34 till
704 853 144 35 ärendet
862 852 155 35 hörande
1032 850 211 43 handlingar
1256 848 209 44 framginge,
1481 847 109 43 enligt
1606 845 93 35 hvad
1714 845 121 43 depar-

228 906 274 36 tementschefen
542 905 121 35 vidare
699 903 186 42 meddelar,
927 906 54 31 att
1029 902 11 34 i
1080 899 100 45 fråga
1223 910 51 23 om
1303 899 166 34 behofvet
1496 897 39 35 af
1560 907 41 24 en
1630 896 205 43 fullständig

232 958 241 43 restaurering
514 956 38 34 af
589 956 137 33 slottets
758 954 141 34 fasader
926 954 64 34 och
1016 950 306 44 nödvändigheten
1350 949 39 34 af
1413 950 65 33 den
1506 948 116 44 gamla
1650 950 142 40 putsens
1815 944 20 36 å

231 1012 204 41 murytorna
476 1006 234 44 borttagande
750 1005 64 35 och
841 1004 202 35 ersättande
1071 1003 76 34 med
1176 1011 47 33 ny
1249 1004 80 40 puts
1357 1000 124 34 endast
1509 1009 41 24 en
1574 997 140 44 mening
1741 996 95 45 gjort

230 1060 54 44 sig
323 1059 174 44 gällande,
536 1068 77 24 men
654 1059 54 32 att
748 1056 154 34 deremot
935 1055 94 34 olika
1070 1051 132 46 åsigter
1237 1051 149 35 uttalats
1414 1050 74 34 dels
1515 1050 11 34 i
1554 1047 103 45 fråga
1686 1058 53 24 om
1767 1048 66 34 den

230 1111 168 44 rigtning,
439 1110 11 33 i
487 1109 143 34 hvilken
670 1108 124 43 färgen
821 1104 21 37 å
869 1107 64 33 den
963 1115 69 34 nya
1060 1108 124 40 putsen
1212 1102 106 35 borde
1342 1099 122 43 hållas,
1495 1101 63 35 och
1586 1100 73 34 dels
1685 1099 150 34 rörande

231 1161 221 44 lämpligaste
493 1158 257 44 behandlingen
786 1158 39 34 af
855 1157 42 34 de
925 1157 97 34 delar
1048 1155 81 35 utaf
1153 1152 378 44 sandstenspartierna,
1560 1151 134 42 hvilka,
1723 1147 111 37 såsom

231 1223 73 24 mer
344 1212 85 34 eller
468 1210 134 34 mindre
639 1209 186 42 oskadade,
854 1208 116 34 kunde
998 1203 203 37 bibehållas.
1255 1203 174 35 Flertalet
1456 1202 39 34 af
1519 1203 65 33 den
1613 1201 222 43 sakkunniga

230 1263 191 34 nämndens
460 1261 192 34 ledamöter
691 1259 179 35 äfvensom
912 1256 329 36 slottsintendenten
1277 1254 89 34 hade
1408 1256 128 40 ansett,
1579 1255 54 30 att
1672 1252 65 33 den
1765 1261 70 34 nya

232 1317 125 40 putsen
397 1312 106 34 borde
539 1310 116 45 gifvas
695 1320 41 24 en
776 1309 69 44 ljus
872 1308 153 43 färgton,
1053 1305 165 35 liknande
1246 1305 65 34 den
1339 1302 20 36 å
1387 1304 41 34 de
1455 1304 108 33 redan
1591 1302 245 34 restaurerade

232 1363 283 44 fasadpartierna
556 1361 174 41 använda,
772 1363 90 31 samt
889 1362 55 31 att
970 1358 151 34 nämnda
1149 1356 98 34 delar
1274 1355 39 34 af
1337 1352 365 45 sandstenspartierna
1730 1352 106 34 borde

232 1425 122 34 genom
395 1413 184 43 borstning
603 1412 95 41 eller,
727 1411 61 34 der
815 1411 97 33 detta
940 1408 121 36 visade
1089 1408 53 43 sig
1168 1406 78 35 icke
1273 1406 54 34 till
1354 1405 131 43 fyllest,
1514 1414 123 34 genom
1664 1404 173 43 renhugg-

233 1466 85 43 ning
357 1464 130 35 befrias
532 1461 78 36 från
651 1459 83 37 derå
767 1461 159 43 befintlig
953 1459 159 45 oljefärg.
1167 1456 54 35 En
1251 1456 39 35 af
1314 1456 191 34 nämndens
1531 1455 203 41 ledamöter,
1763 1464 73 34 pro-

231 1516 111 35 fessor
368 1514 201 44 Kronberg,
598 1517 90 31 samt
714 1513 42 33 de
782 1512 12 34 i
821 1511 146 35 ärendet
994 1509 109 35 hörda
1130 1508 55 45 sju
1213 1507 244 35 arkitekterna
1482 1506 89 34 hade
1599 1505 154 34 deremot
1781 1515 57 24 an-

233 1570 81 39 sett,
343 1570 53 30 att
424 1566 64 33 den
517 1575 70 33 nya
615 1564 122 43 färgen
766 1560 19 36 å
813 1566 123 40 putsen
965 1559 38 36 så
1029 1560 79 34 litet
1135 1569 71 24 som
1233 1557 137 45 möjligt
1392 1557 106 34 borde
1526 1556 121 35 afvika
1675 1553 76 37 från
1772 1556 64 34 den

235 1617 224 35 nuvarandes
487 1615 223 35 totalverkan
739 1616 90 31 samt
848 1616 55 31 att
922 1611 192 45 oljefärgen
1134 1607 44 46 på
1198 1609 209 34 sandstenen
1426 1608 77 34 icke
1522 1608 106 34 borde
1652 1606 186 44 aflägsnas,

234 1672 86 31 utan
349 1670 121 31 stenen
500 1666 121 34 endast
651 1664 179 44 försigtigt
857 1666 170 39 rengöras
1049 1661 146 34 medelst
1221 1661 139 33 borstar
1387 1658 62 34 och
1477 1661 135 32 vatten.

368 1715 370 36 Ståthållareembetet
770 1714 90 34 hade
887 1713 11 34 i
926 1713 52 33 sin
1007 1710 226 35 omförmälda
1262 1709 183 34 skrifvelse
1473 1709 53 33 till
1554 1707 285 35 riksmarskalks-

232 1768 162 42 embetet,
438 1767 76 34 med
556 1764 250 44 hufvudsaklig
846 1762 204 42 anslutning
1091 1761 53 34 till
1183 1760 171 34 flertalets
1393 1759 10 34 i
1432 1759 174 34 nämnden
1634 1758 62 34 och
1725 1757 113 35 slotts-

232 1818 245 35 intendentens
506 1817 9 33 i
543 1819 117 31 ämnet
686 1815 159 34 uttalade
873 1812 144 45 åsigter,
1046 1811 182 43 föreslagit
1255 1809 153 45 följande
1437 1809 264 43 förfaringssätt
1721 1808 56 34 vid
1798 1819 41 23 en

233 1869 180 35 blifvande
441 1865 276 44 iståndsättning
745 1865 38 34 af
808 1866 138 33 slottets
974 1862 153 35 fasader:

372 1917 65 47 1:0)
480 1921 50 31 att
570 1918 46 33 all
656 1920 159 39 murputs
855 1915 113 34 skulle
996 1913 204 43 nedhuggas
1227 1911 64 35 och
1319 1913 152 31 ersättas
1498 1909 78 34 med
1603 1919 48 33 ny
1678 1908 38 35 af
1741 1909 100 34 bästa

233 1968 244 36 beskaffenhet
518 1969 62 34 och
613 1967 128 34 tillsatt
767 1967 76 33 med
872 1966 129 41 färger,
1031 1974 69 23 som
1129 1963 186 34 framdeles
1343 1961 112 34 skulle
1482 1961 222 41 bestämmas,
1732 1960 110 33 under

236 2021 70 34 alla
334 2018 243 35 förhållanden
604 2018 12 34 i
643 2028 41 23 en
712 2017 68 43 ljus
807 2017 158 43 färgton;

368 2068 68 46 2:0)
479 2072 50 30 att
568 2069 47 33 all
656 2067 133 34 skadad
831 2066 165 34 sandsten
1037 2064 112 33 skulle
1191 2066 152 31 ersättas
1383 2061 77 34 med
1488 2071 47 33 ny
1562 2064 88 38 sten,
1679 2060 76 33 med
1783 2070 60 24 un-

235 2121 134 42 dantag
402 2119 39 34 af
465 2116 121 44 sådan,
616 2128 70 23 som
715 2117 179 33 företedde
922 2115 133 33 mindre
1084 2114 138 40 brister,
1251 2112 120 34 hvilka
1399 2115 87 30 utan
1515 2111 185 43 olägenhet
1728 2110 115 33 kunde

236 2180 201 33 repareras;

373 2218 68 46 3:0)
483 2221 51 31 att
574 2218 70 33 alla
684 2217 39 34 af
754 2216 79 44 jern
861 2216 85 34 eller
973 2211 74 46 plåt
1074 2212 141 35 utförda
1242 2211 284 44 byggnadsdelar
1554 2210 111 34 skulle
1694 2212 151 31 ersättas

237 2270 76 35 med
341 2269 109 35 andra
479 2270 39 33 af
543 2272 93 40 sten;
