2238 2628
473 200 18 28 6
955 201 264 34 Statsutskottets
1247 204 174 33 Utlåtande
1445 205 63 32 N:o
1529 208 28 29 2.

432 275 205 44 förfogande
677 275 108 36 måtte
825 279 54 34 till
918 281 156 34 arbetets
1106 282 85 34 drift
1223 282 54 35 för
1305 282 125 44 hvarje
1458 283 39 34 af
1521 281 85 37 åren
1639 286 246 34 1898—1902
1913 286 122 34 ställas

433 329 50 31 ett
509 327 124 43 belopp
661 328 39 33 af
728 330 155 40 100,000
912 331 138 35 kronor.

563 376 18 35 I
621 378 183 35 skrifvelse
845 381 54 33 till
938 380 130 46 Kongl.
1103 382 109 44 Maj:t
1244 384 65 33 den
1339 385 45 33 23
1414 386 186 33 november
1632 388 93 33 1896
1754 386 89 34 hade
1871 386 163 34 riksmar-

431 428 272 34 skalksembetet
744 430 174 35 förklarat
950 433 53 43 sig
1035 433 54 34 för
1121 434 50 33 sin
1201 434 54 34 del
1283 432 44 45 på
1354 435 58 34 det
1440 439 177 31 varmaste
1645 437 184 35 instämma
1856 437 11 34 i
1895 438 63 33 och
1986 437 46 34 bi-

431 479 100 33 träda
573 479 93 34 hvad
708 478 358 39 ståthållareembetet
1106 484 12 34 i
1151 484 76 34 dess
1259 485 63 34 sist
1357 486 224 34 omförmälda
1610 488 185 34 skrifvelse
1824 488 117 34 anfört
1969 488 63 34 och

431 529 176 42 hemstält,
636 530 225 44 hvarigenom
891 533 65 34 den
984 534 193 34 förnämsta
1204 535 11 33 i
1235 536 258 34 hufvudstaden
1513 537 181 44 befintliga
1714 539 175 43 byggnad,
1909 538 123 45 börjad

431 577 40 36 är
505 581 95 33 1690
633 581 63 33 och
724 579 145 38 sålunda
897 584 100 34 öfver
1025 586 71 34 200
1124 583 41 36 år
1191 587 151 42 gammal
1370 591 90 30 samt
1487 588 54 34 till
1568 591 113 32 större
1708 590 99 33 delen
1835 590 197 34 fullbordad

429 640 123 33 genom
580 632 150 33 svenska
758 632 128 35 folkets
914 634 249 45 offervillighet
1190 637 111 34 under
1326 637 117 44 flydda
1472 639 289 43 bekymmerfulla
1790 641 101 42 tider,
1921 642 111 33 skulle

429 680 120 34 kunna
577 680 54 35 för
658 682 187 36 framtiden
873 685 10 33 i
911 686 141 44 värdigt
1080 686 99 35 skick
1208 688 159 34 bevaras.

563 730 181 37 Häröfver
769 734 90 34 hade
887 736 452 36 öfverintendentsembetet
1363 739 64 34 den
1457 741 19 32 3
1506 740 156 34 sistlidne
1691 741 179 34 december
1889 742 143 44 afgifvit

429 781 197 35 infordradt
665 781 193 47 utlåtande,
892 786 116 34 deruti
1040 789 152 33 embetet
1220 789 143 43 erinrat,
1392 790 163 34 hurusom
1584 789 79 36 från
1691 792 238 43 sakkunniges
1957 794 74 34 sida

428 831 77 34 icke
544 842 75 24 mer
658 838 44 29 än
743 845 40 23 en
817 837 139 43 mening
988 837 95 44 gjort
1117 839 53 43 sig
1201 840 163 43 gällande
1391 840 219 35 beträffande
1638 842 64 34 den
1732 840 137 50 frågan,
1898 848 54 30 att
1980 849 51 30 ett

428 892 144 25 numera
613 881 39 37 så
683 886 84 41 godt
799 896 70 24 som
899 888 179 44 oafvisligt
1106 889 85 34 kraf
1214 888 44 45 på
1286 901 42 23 en
1354 894 97 40 yttre
1478 892 242 44 restaurering
1746 893 39 34 af
1811 892 220 37 Stockholms

428 930 136 47 åldriga
598 935 254 45 konungaborg
879 936 166 46 förelåge,
1074 939 55 35 för
1156 944 54 30 att
1237 941 125 34 hindra
1391 942 96 33 detta
1516 940 80 36 vårt
1624 944 100 33 lands
1751 944 145 34 främsta
1924 946 107 44 bygg-

427 984 176 35 nadsverk
643 983 77 36 från
763 991 51 30 ett
854 989 75 33 med
970 989 124 44 hvarje
1142 991 150 43 uppskof
1328 992 64 34 allt
1419 1003 73 23 mer
1519 992 152 36 hotande
1698 994 134 45 förfall;
1861 996 58 34 det
1946 1006 84 25 vore

428 1034 149 35 allenast
619 1036 11 33 i
671 1034 100 46 fråga
812 1048 52 23 om
907 1042 108 31 sättet
1056 1040 54 34 för
1138 1043 419 46 restaureringsarbetets
1589 1044 198 44 utförande,
1822 1056 68 24 som
1920 1046 11 34 i
1960 1048 70 33 viss

426 1082 79 36 mån
546 1086 113 34 skilda
700 1084 132 46 åsigter
870 1093 110 39 yppat
1012 1091 63 43 sig.
1131 1084 463 44 Öfverintendentsembetet
1628 1095 89 35 hade
1745 1097 192 34 emellertid
1964 1098 65 34 för-

426 1135 119 34 klarat
578 1137 53 43 sig
658 1137 77 34 icke
763 1139 107 34 tveka
899 1143 54 31 att
979 1140 53 34 för
1059 1141 53 34 sin
1141 1143 54 33 del
1223 1143 204 43 obetingadt
1455 1144 138 34 förorda
1622 1146 65 33 den
1715 1147 137 44 lösning
1879 1147 39 34 af
1943 1148 86 35 före-

424 1187 156 33 varande
621 1188 265 42 betydelsefulla
928 1191 372 45 restaureringsfråga,
1343 1204 70 23 som
1455 1195 237 35 innefattades
1724 1197 9 33 i
1767 1197 41 33 de
1842 1202 118 30 senast
1994 1200 37 33 af

426 1234 358 38 ståthållareembetet
825 1237 21 37 å
887 1239 221 37 Stockholms
1141 1244 83 33 slott
1251 1243 197 44 framlagda
1476 1245 132 44 förslag
1636 1247 131 34 härför.
1821 1246 113 36 Dessa
1963 1249 66 35 för-

425 1287 94 43 slags
547 1288 170 34 tillkomst
744 1290 89 34 hade
861 1292 173 43 nemligen
1063 1292 172 45 föregåtts
1262 1295 39 33 af
1323 1295 40 33 de
1383 1299 88 30 mest
1490 1300 292 40 samvetsgranna
1802 1298 227 45 forskningar

425 1337 62 34 och
516 1338 39 34 af
578 1340 212 42 upprepade,
819 1342 75 33 med
923 1343 203 44 obestridlig
1153 1344 107 44 insigt
1288 1346 63 33 och
1379 1346 109 43 pietet
1506 1348 205 34 verkstälda
1731 1344 295 54 försöksarbeten,

423 1398 83 32 som,
548 1389 90 34 efter
678 1393 55 31 att
773 1391 107 34 hafva
913 1393 251 35 underkastats
1191 1395 151 35 kontroll
1371 1397 63 34 och
1461 1398 213 34 bedömande
1703 1399 39 34 af
1766 1401 167 33 särskildt
1961 1402 65 34 till-

423 1438 138 35 kallade
589 1450 176 33 personer,
794 1442 140 35 hvilkas
962 1442 234 37 framstående
1223 1446 246 45 fackkunskap
1497 1446 109 37 måste
1626 1449 168 35 tillmätas
1813 1451 65 34 den
1898 1455 127 32 största

424 1489 188 43 betydelse,
646 1491 179 35 tillvunnit
858 1494 53 43 sig
942 1494 101 34 deras
1074 1496 163 43 gillande.
1292 1496 18 35 I
1337 1498 234 35 betraktande
1599 1500 107 34 häraf
1730 1501 63 34 och
1821 1499 43 37 då
1892 1506 50 30 ett
1969 1513 57 33 ge-

422 1540 225 35 nomförande
676 1542 39 33 af
738 1543 40 33 de
807 1553 46 24 nu
880 1544 199 45 föreslagna
1107 1543 213 47 åtgärderna
1349 1548 54 35 till
1430 1549 282 35 förekommande
1741 1551 39 34 af
1804 1556 53 30 att
1886 1552 140 36 Tessins

421 1600 124 33 genom
573 1591 233 36 fosterländsk
834 1594 248 45 offervillighet
1110 1598 110 33 under
1246 1598 119 42 flydda
1393 1597 107 36 hårda
1530 1601 91 33 tider
1645 1600 218 36 fullbordade
1882 1606 142 32 mäster-

422 1641 88 33 verk
550 1642 113 34 skulle
695 1643 53 34 till
779 1644 85 44 följd
898 1645 39 34 af
961 1645 203 36 uraktlåten
1193 1646 87 36 vård
1307 1647 46 45 gå
1381 1660 39 24 en
1451 1651 147 34 omsider
1625 1651 168 35 ohämbar
1819 1652 206 46 undergång

421 1691 54 34 till
502 1695 110 31 mötes
639 1693 77 34 icke
744 1699 118 38 syntes
890 1696 452 38 öfverintendentsembetet
1371 1711 87 24 vara
1485 1701 137 44 möjligt
1648 1705 87 31 utan
1759 1701 209 45 påkallande
1988 1705 38 34 af

421 1743 150 33 svenska
605 1744 129 34 folkets
761 1745 156 44 kraftiga
946 1748 225 40 medverkan,
1201 1750 86 34 hade
1316 1752 151 33 embetet
1495 1752 115 34 funnit
1638 1753 53 43 sig
1719 1754 83 34 böra
1829 1755 193 43 tillstyrka,

421 1792 58 34 det
507 1794 138 33 täcktes
673 1793 129 46 Kongl.
832 1795 119 45 Maj:t,
981 1799 75 33 med
1084 1799 99 34 bifall
1212 1800 53 34 till
1293 1801 93 34 hvad
1413 1802 427 37 riksmarskalksembetet
1867 1806 11 33 i
1905 1809 118 32 ämnet

420 1842 176 42 hemstält,
626 1843 127 36 föreslå
781 1846 237 36 innevarande
1045 1846 58 37 års
1130 1849 159 45 Riksdag
1316 1855 54 30 att
1397 1853 53 33 till
1469 1856 96 40 yttre
1584 1855 243 44 restaurering
1845 1856 39 34 af
1901 1855 121 36 Stock-

419 1892 109 35 holms
568 1895 95 43 slott,
696 1896 10 33 i
741 1896 250 46 hufvudsaklig
1025 1900 359 36 öfverensstämmelse
1417 1904 75 33 med
1520 1903 238 44 förenämnda,
1787 1916 121 33 genom
1937 1905 83 37 ståt-

419 1942 306 38 hållareembetets
753 1946 136 46 försorg
917 1951 210 41 upprättade
1156 1951 142 45 förslag,
1327 1953 130 45 bevilja
1486 1955 230 44 erforderliga
1743 1957 122 43 medel,
1885 1958 134 43 hvilka,

419 1994 109 44 enligt
556 1998 169 33 embetets
752 1995 103 46 åsigt,
884 1999 186 45 lämpligen
1098 2002 129 42 kunde,
1255 2001 44 45 på
1327 2007 70 31 sätt
1423 2004 132 44 jemväl
1575 2006 211 44 föreslagits,
1806 2006 86 46 utgå
1910 2009 111 34 under

417 2044 67 34 fem
513 2043 50 44 år,
592 2048 154 33 räknadt
773 2046 78 37 från
880 2050 62 34 och
971 2052 74 33 med
1075 2049 40 37 år
1146 2055 105 40 1898,
1280 2055 75 33 med
1385 2065 41 24 en
1455 2056 162 34 femtedel
1645 2056 55 35 för
1727 2058 124 43 hvarje
1879 2057 49 36 år.

550 2095 280 38 Vidkommande
859 2101 58 33 det
944 2102 133 43 belopp,
1107 2113 71 24 som
1207 2104 53 33 för
1286 2103 273 46 ifrågavarande
1587 2107 163 35 ändamål
1777 2110 105 33 borde
1902 2110 115 43 äskas,

417 2155 82 25 vore
539 2149 177 34 storleken
756 2149 39 34 af
831 2150 190 36 detsamma
1063 2154 200 43 naturligen
1298 2156 172 34 beroende
1502 2154 44 45 på
1577 2157 308 45 tillförlitligheten
1913 2160 40 34 af
1976 2161 42 33 de

415 2196 418 46 kostnadsberäkningar,
875 2212 69 23 som
978 2203 117 34 blifvit
1128 2205 10 33 i
1167 2205 145 34 ärendet
1339 2206 213 44 förebragta.
1607 2207 17 34 I
1652 2206 101 46 fråga
1782 2210 118 34 härom
1930 2211 88 34 hade

415 2246 452 40 öfverintendentsembetet
908 2253 173 36 vitsordat
1121 2255 42 34 de
1202 2256 12 33 i
1245 2257 108 43 sagda
1386 2258 239 45 beräkningar
1653 2258 292 47 förekommande,
1973 2259 45 46 på
