2244 2614
210 510 97 22 Försök
326 510 58 22 med

248 545 106 22 teknisk

237 580 127 21 materiel.

239 621 120 46 [144.]

212 1336 174 27 Anskaffning

225 1377 31 15 av
277 1371 99 21 chiffer-

232 1406 136 25 apparater

254 1445 34 15 m.
307 1446 34 15 m.

244 1481 118 46 [145.]

214 1809 173 27 Anskaffning

207 1851 30 14 av
258 1842 136 23 avstånds-

227 1879 145 26 mätnings-

215 1914 167 21 instrument.

243 1954 118 47 [146.]

418 213 40 30 72
938 209 257 32 Statsutskottets
1217 208 168 32 utlåtande
1406 208 54 31 Nr
1481 210 29 29 4.

922 298 56 33 att
1012 293 211 49 riksdagen
1258 296 60 34 må
1355 292 60 37 till
1455 292 190 37 underhåll
1677 305 43 23 av
1741 292 282 50 flygmaterielen

818 346 61 37 för
918 346 229 48 budgetåret
1190 347 253 35 1923—1924
1477 344 131 37 anvisa
1637 348 54 33 ett
1718 349 106 32 extra
1852 356 171 25 reserva-

818 398 237 48 tionsanslag
1083 410 48 24 av
1160 398 163 46 587,000
1352 397 151 36 kronor.

523 500 124 48 140:0)
688 501 143 49 Kungl.
873 501 107 48 Maj:t
1016 500 70 36 har
1122 500 200 49 föreslagit
1358 499 203 49 riksdagen
1599 497 136 50 (punkt
1766 498 86 49 144)
1882 503 54 32 att
1963 498 58 36 till

418 554 132 37 försök
577 553 88 37 med
692 553 154 36 teknisk
873 552 169 37 materiel
1071 552 60 36 för
1159 552 226 49 budgetåret
1416 552 254 36 1923—1924
1691 550 131 37 anvisa
1842 555 53 31 ett
1914 555 109 32 extra

418 605 395 49 reservationsanslag
841 618 46 23 av
918 606 135 46 75,000
1082 604 151 36 kronor.

519 657 267 48 Utredningen
827 657 13 35 i
881 656 157 37 ärendet
1079 656 204 36 återfinnes
1327 658 20 34 å
1388 654 67 37 sid.
1500 656 204 35 347—349
1734 667 46 24 av
1810 653 211 50 åberopade

419 708 432 50 statsrådsprotokollet.

521 812 74 37 Till
636 812 130 37 försök
807 811 86 37 med
934 810 155 37 teknisk
1126 809 169 37 materiel
1323 814 42 31 är
1393 810 58 35 för
1478 809 107 36 tiden
1616 811 18 34 1
1660 808 254 50 januari—30
1937 808 84 50 juni

421 866 97 35 1923
548 864 149 37 anvisat
725 869 54 31 ett
807 863 394 47 reservationsanslag
1229 875 47 22 av
1305 862 138 47 50,000
1472 861 155 36 kronor.

520 916 211 47 Utskottet,
761 928 80 24 som
870 915 97 48 tagit
995 914 59 36 del
1083 927 48 23 av
1160 914 45 36 de
1234 914 58 35 till
1321 913 158 37 ärendet
1502 912 171 37 hörande
1692 911 240 49 handlingar,
1953 912 70 36 har

418 968 83 37 icke:
529 968 127 36 funnit
684 967 211 48 anledning
921 966 57 37 till
1006 966 153 37 erinran
1187 971 78 31 mot
1292 965 144 49 Kungl.
1465 964 129 49 Maj:ts
1623 964 155 48 förslag,
1807 964 128 36 varför
1961 969 60 31 ut-

419 1020 145 37 skottet
590 1020 60 36 får
678 1018 208 49 hemställa,

921 1126 54 31 att
1003 1120 209 49 riksdagen
1240 1123 60 33 må
1318 1119 57 37 till
1387 1120 127 49 försök
1533 1121 79 35 med
1633 1119 131 36 teknisk
1781 1119 160 36 materiel
1961 1118 60 37 för

819 1173 222 49 budgetåret
1085 1174 255 35 1923—1924
1377 1171 131 37 anvisa
1535 1176 56 32 ett
1619 1176 104 31 extra
1751 1170 270 38 reservations-

819 1225 134 48 anslag
981 1238 46 23 av
1059 1226 136 46 75,000
1223 1224 149 36 kronor.

526 1328 125 50 141:0)
680 1329 18 36 I
725 1328 170 49 enlighet
922 1328 84 37 med
1035 1327 144 49 Kungl.
1208 1327 128 49 Maj:ts
1365 1326 145 48 förslag
1537 1325 137 50 (punkt
1695 1325 85 50 145)
1799 1325 222 37 hemställer

420 1381 199 48 utskottet,

924 1436 56 32 att
1019 1431 209 48 riksdagen
1268 1433 61 34 må
1369 1429 190 49 medgiva,
1598 1434 54 32 att
1688 1442 47 24 av
1762 1429 258 49 uppkommen

821 1482 224 49 behållning
1073 1486 21 33 å
1122 1483 65 36 det
1215 1495 46 23 av
1292 1484 97 34 1919
1419 1485 59 33 års
1505 1481 160 49 riksdag
1691 1481 61 36 för
1779 1481 243 49 anskaffning

821 1547 47 24 av
896 1548 47 23 en
970 1533 284 38 lastautomobil
1280 1534 61 36 för
1368 1534 154 35 flottans
1551 1547 92 22 varv
1670 1532 12 36 1
1712 1532 220 37 Stockholm
1961 1533 60 35 för

821 1589 40 34 år
904 1588 96 34 1920
1028 1585 191 49 beviljade
1248 1590 108 31 extra
1382 1584 396 49 reservationsanslag
1805 1597 48 24 av
1880 1586 140 46 43,000

819 1638 140 36 kronor
999 1641 60 33 må
1099 1638 61 36 för
1187 1637 242 49 anskaffning
1457 1650 47 24 av
1532 1636 333 50 chifferapparater
1893 1650 46 23 m.
1970 1650 48 22 m.

820 1690 191 36 användas
1039 1694 56 32 ett
1122 1688 139 50 belopp
1290 1702 47 23 av
1364 1688 117 50 högst
1511 1690 138 46 11,250
1678 1688 152 37 kronor.

527 1792 125 50 142:o)
693 1792 89 38 Med
810 1792 268 50 tillstyrkande
1107 1805 47 24 av
1181 1792 142 48 Kungl.
1354 1791 126 50 Maj:ts
1510 1791 146 48 förslag
1684 1790 134 49 (punkt
1849 1790 85 49 146)
1962 1791 59 36 får

421 1846 201 47 utskottet,
652 1858 82 24 som
762 1844 98 49 tagit
888 1844 61 38 del
977 1858 47 23 av
1044 1844 46 36 de
1109 1843 59 38 till
1187 1844 156 36 ärendet
1362 1843 168 37 hörande
1550 1843 239 49 handlingar,
1809 1842 210 47 hemställa,

924 1951 54 32 att
1017 1947 208 48 riksdagen
1267 1949 60 34 må
1369 1946 188 49 medgiva,
1586 1951 56 32 att
1669 1946 258 49 uppkommen
1954 1946 65 36 be-

820 1999 172 49 hållning
1017 2002 20 33 å
1061 1999 64 36 det
1149 2012 47 23 av
1223 2000 96 35 1919
1346 2000 59 34 års
1429 1999 158 48 riksdag
1614 1998 59 36 för
1702 1998 243 48 anskaffning
1973 2011 47 24 av

821 2063 48 24 en
900 2050 285 37 lastautomobil
1213 2050 58 37 för
1298 2050 155 37 flottans
1481 2064 94 23 varv
1602 2050 13 36 i
1643 2049 221 38 Stockholm
1893 2050 60 36 för
1981 2053 40 33 år

823 2104 98 35 1920
949 2102 191 49 beviljade
1164 2108 105 31 extra
1291 2101 396 50 reservationsanslag
1711 2116 44 22 av
1775 2103 140 46 43,000
1934 2102 85 36 kro-

820 2168 70 23 nor
917 2157 71 44 må,
1016 2155 58 36 till
1103 2155 73 36 den
1204 2153 60 38 del
1292 2154 220 37 densamma
1538 2154 83 37 icke
1645 2154 221 49 disponeras
1882 2154 57 36 för
1954 2167 65 23 an-

821 2206 191 49 skaffning
1044 2219 47 23 av
1120 2206 329 49 chifferapparater
1476 2220 48 22 m.
1551 2220 62 33 m.,
1648 2206 191 36 användas
1868 2205 59 37 för
1954 2218 64 24 an-

822 2258 192 49 skaffning
1051 2272 48 23 av
1133 2258 613 49 avståndsmätningsinstrument.
