2256 2622
702 198 253 33 Statsutskottets
977 199 166 32 utlåtande
1170 199 48 30 Nr
1241 201 27 29 4.
1743 199 40 29 23

289 284 206 48 Utskottet,
525 298 77 23 som
633 285 84 36 icke
746 285 81 36 haft
855 288 116 45 något
1000 289 54 33 att
1083 285 125 36 erinra
1237 289 78 32 mot
1343 284 71 36 vad
1439 283 140 50 Kungl.
1601 283 105 49 Maj:t
1725 286 58 33 så-

186 336 113 37 lunda
329 337 208 49 föreslagit,
567 337 55 36 får
651 337 213 36 betäffande
893 337 63 36 det
985 337 186 37 ordinarie
1201 336 176 48 anslaget
1405 335 210 47 hemställa,

703 445 55 31 att
799 440 205 48 riksdagen
1039 443 60 33 må
1125 440 12 36 i
1165 440 204 37 riksstaten
1398 444 169 44 upptaga
1596 439 187 36 ordinarie

599 492 435 48 reservationsanslaget
1084 492 55 35 till
1191 491 346 46 skrivmaterialier,
1585 503 196 36 expenser,

599 542 162 48 bränsle,
791 543 81 48 lyse
903 557 45 22 m.
980 557 47 21 m.
1058 543 84 36 med
1174 544 165 45 306,814
1369 543 152 35 kronor.

291 672 100 48 28:0)
425 671 128 38 Under
581 671 233 49 hänvisning
843 671 56 36 till
928 671 71 36 vad
1019 671 184 36 utskottet
1224 671 121 36 under
1364 675 168 33 närmast
1552 669 230 50 föregående

187 724 119 50 punkt
336 723 109 37 anför
471 723 219 37 hemställer
719 723 196 48 utskottet,

702 833 53 30 att
797 826 205 49 riksdagen
1044 829 60 34 må
1144 826 57 36 till
1236 827 249 49 förstärkning
1527 839 44 23 av
1600 825 182 37 ordinarie

598 879 393 48 reservationsanslaget
1015 879 55 35 till
1088 878 325 47 skrivmaterialier,
1434 890 175 36 expenser,
1630 878 151 46 bränsle,

599 931 72 47 lyse
698 944 45 22 m.
773 944 44 22 m.
848 930 59 36 för
935 929 226 49 budgetåret
1179 930 255 36 1923—1924
1453 929 131 37 anvisa
1605 934 52 32 ett
1678 935 105 30 extra

599 982 134 48 anslag
761 995 47 24 av
839 982 161 47 302,686
1030 981 152 37 kronor.

290 1110 102 50 29:0)
420 1111 141 49 Kungl.
603 1110 107 49 Maj:t
750 1111 68 36 har
845 1111 199 48 föreslagit
1072 1110 209 50 riksdagen
1311 1110 135 49 (punkt
1474 1109 62 49 29)
1566 1115 54 32 att
1646 1110 12 36 i
1686 1110 96 37 riks-

188 1169 121 32 staten
338 1169 170 44 upptaga
536 1163 189 37 ordinarie
753 1163 429 49 reservationsanslaget
1211 1163 55 36 till
1295 1162 333 38 skrivmaterialier
1656 1176 46 23 m.
1733 1176 48 22 m.

188 1215 61 38 vid
278 1215 327 50 truppförbanden
632 1215 87 37 med
750 1216 163 47 163,250
942 1215 151 37 kronor.

289 1267 264 49 Utredningen
593 1267 12 36 i
647 1267 157 36 ärendet
846 1267 200 36 återfinnes
1075 1270 19 33 å
1124 1267 66 36 sid.
1238 1268 200 36 111—113
1481 1279 46 24 av
1568 1266 215 49 åberopade

186 1319 429 51 statsrådsprotokollet.

291 1422 199 38 Ordinarie
518 1422 430 49 reservationsanslaget
975 1421 57 37 till
1060 1421 332 38 skrivmaterialier
1420 1435 46 23 m.
1486 1435 47 23 m.
1563 1421 63 37 vid
1653 1426 130 45 trupp-

186 1475 212 38 förbanden
438 1488 68 24 var
546 1475 12 36 i
585 1474 208 37 riksstaten
823 1474 59 37 för
910 1477 40 34 år
980 1476 97 35 1922
1106 1479 188 44 upptaget
1323 1474 85 36 med
1439 1475 162 45 163,250
1629 1473 152 37 kronor.

185 1527 72 37 Till
298 1527 264 49 förstärkning
603 1541 46 22 av
677 1526 105 38 detta
810 1527 135 49 anslag
973 1526 177 37 anvisade
1179 1525 182 38 nästlidet
1389 1529 60 34 års
1478 1526 157 49 riksdag
1662 1528 21 34 å
1710 1525 73 37 till-

186 1580 192 48 läggsstat
405 1579 58 37 för
491 1592 143 24 samma
662 1581 40 34 år
730 1583 56 32 ett
814 1578 135 49 anslag
975 1591 47 25 av
1050 1579 165 48 228,610
1244 1579 151 36 kronor.

289 1631 18 37 I
335 1631 206 37 riksstaten
569 1631 58 37 för
654 1631 103 37 tiden
792 1633 17 34 1
836 1631 251 49 januari—30
1111 1630 85 50 juni
1228 1632 96 35 1923
1354 1636 41 31 är
1423 1630 65 37 det
1512 1629 185 38 ordinarie
1718 1642 65 24 an-

186 1684 124 49 slaget
327 1688 188 45 upptaget
533 1683 84 37 med
640 1684 137 44 81,625
798 1683 140 37 kronor
958 1683 69 36 vch
1047 1682 455 49 förstärkningsanslaget
1517 1681 86 38 med
1621 1683 162 46 114,300

186 1736 151 37 kronor.

288 1787 143 50 Kungl.
474 1788 107 48 Maj:t
621 1787 68 37 har
731 1800 48 23 nu
808 1786 119 38 under
956 1787 63 37 det
1048 1786 189 37 ordinarie
1267 1787 174 49 anslaget
1470 1785 59 38 för
1556 1786 227 49 budgetåret

190 1841 253 36 1923—1924
484 1840 109 36 äskat
634 1844 55 32 ett
729 1839 140 50 belopp
898 1852 47 24 av
976 1840 162 46 163,250
1168 1839 142 36 kronor
1338 1839 69 36 och
1435 1838 57 37 till
1520 1837 264 50 förstärkning

186 1905 48 24 av
262 1905 143 23 samma
432 1892 135 48 anslag
595 1896 55 32 ett
678 1891 138 50 belopp
845 1904 47 24 av
921 1892 162 47 211,413
1113 1891 152 36 kronor.

289 1944 81 36 Mot
400 1944 137 49 Kungl.
567 1944 127 48 Maj:ts
721 1943 289 48 ifrågavarande
1039 1942 350 50 anslagsäskanden
1408 1942 68 37 har
1494 1942 187 38 utskottet
1699 1941 84 38 icke

187 1995 126 38 funnit
341 1996 207 49 anledning
575 1995 57 37 till
661 1995 161 37 erinran.

292 2047 191 39 Utskottet
511 2048 56 37 får
595 2047 234 38 beträffande
858 2047 63 37 det
950 2047 187 37 ordinarie
1165 2047 176 50 anslaget
1369 2046 208 49 hemställa,

689 2155 55 32 att
784 2150 208 50 riksdagen
1021 2153 60 34 må
1107 2150 12 36 i
1159 2150 206 37 riksstaten
1398 2155 170 45 upptaga
1597 2149 186 38 ordinarie

586 2203 432 48 reservationsanslaget
1066 2202 59 37 till
1171 2202 336 38 skrivmaterialier
1548 2216 47 24 m.
1633 2215 47 24 m.
1718 2201 64 37 vid

586 2255 325 50 truppförbanden
941 2254 84 38 med
1058 2255 162 48 163,250
1249 2254 151 37 kronor.

1810 681 188 27 Förstärkning

1821 721 31 16 av
1873 722 109 22 expens-

1838 751 126 27 anslaget.

1861 791 92 46 [28.]

1814 1122 181 22 Skrivmateri-

1820 1157 63 21 alier
1902 1162 33 17 m.
1955 1163 33 15 m.

1831 1192 41 21 vid
1892 1192 84 26 trupp-

1830 1226 149 22 förbanden.

1860 1266 93 47 [29.]
