2252 2614
300 1625 110 28 Expens-

291 1660 126 27 anslaget.

312 1701 93 46 [27.]

471 234 39 31 22
969 230 258 32 Statsutskottets
1249 228 167 33 utlåtande
1438 229 53 31 Nr
1514 231 27 28 4.

473 319 163 46 500,000
674 317 139 36 kronor
851 316 35 37 få
923 328 110 24 anses
1062 314 101 38 bliva
1190 313 201 49 tillfyllest.
1448 312 241 38 Beträffande
1718 312 193 50 anslagets
1940 311 126 50 dispo-

471 369 166 38 nerande
678 382 116 36 synes
832 367 139 49 Kungl.
1000 367 107 50 Maj:t
1135 366 91 37 böra
1255 366 130 36 härom
1414 365 169 37 meddela
1611 365 138 47 beslut,
1779 365 114 36 sedan
1922 365 145 48 förslag

471 422 205 36 inhämtats
705 421 85 36 från
818 419 366 50 skytteförbundens
1214 418 263 49 överstyrelse.

574 472 143 50 Kungl.
759 471 127 50 Maj:ts
920 471 143 49 förslag
1089 470 11 37 i
1129 470 109 48 fråga
1267 483 61 23 om
1357 468 287 51 dyrtidstillägg
1672 471 37 34 åt
1737 468 76 37 viss
1841 469 178 48 personal
2046 471 20 34 å

472 524 365 51 skytteförbundens
879 522 274 51 överstyrelses
1187 522 217 50 expedition
1433 534 112 24 anser
1573 521 59 49 sig
1659 520 187 37 utskottet
1874 520 93 37 böra
1996 519 71 38 till-

473 577 142 50 styrka.

575 628 196 38 Utskottet
798 627 220 38 hemställer
1045 626 121 48 alltså,

987 735 55 33 att
1069 730 207 49 riksdagen
1304 732 59 34 må

986 782 34 50 a)
1059 782 12 37 i
1112 782 209 48 anledning
1349 794 46 24 av
1424 780 89 37 herr
1540 780 41 37 E.
1611 780 41 37 B.
1682 779 242 37 Anderssons
1952 792 47 24 m.
2030 779 35 37 £.

883 835 70 37 och
994 835 86 36 herr
1119 834 42 37 B.
1191 833 234 49 Holmgrens
1462 846 47 23 m.
1538 832 35 36 fl.
1605 831 186 37 motioner
1818 831 57 37 till
1907 830 66 38 det
1994 832 73 49 fri-

882 887 127 49 villiga
1037 887 292 48 skytteväsendets
1358 885 247 50 befrämjande
1633 884 58 36 för
1719 883 228 49 budgetåret
1970 885 96 34 1923

882 940 153 35 —1924
1063 938 130 37 anvisa
1222 943 55 31 ett
1300 942 105 32 extra
1422 934 395 50 reservationsanslag
1834 949 47 23 av
1902 936 165 46 500,000

882 992 141 36 kronor
1063 995 55 32 att
1158 989 166 37 fördelas
1357 1002 47 24 av
1440 987 142 51 Kungl.
1613 988 107 49 Maj:t
1758 987 95 37 efter
1880 986 188 38 inhämtat

884 1043 143 48 förslag
1055 1042 84 37 från
1167 1041 365 50 skytteförbundens
1560 1039 267 50 överstyrelse.

986 1094 38 49 b)
1065 1094 11 36 i
1117 1094 208 49 anledning
1366 1107 45 23 av
1449 1092 141 49 Kungl.
1625 1092 128 48 Maj:ts
1790 1090 146 50 förslag
1964 1089 103 38 med-

883 1146 99 49 giva,
1026 1151 54 32 att
1119 1145 58 37 till
1206 1145 75 37 den
1308 1145 63 37 vid
1400 1143 364 51 skytteförbundens
1792 1143 275 49 överstyrelses

885 1198 216 50 expedition
1145 1197 190 43 anställda
1375 1196 236 51 personalen,
1655 1196 88 36 med
1784 1195 198 48 undantag
2023 1208 45 23 av

886 1250 363 47 kassaförvaltaren,
1293 1252 59 34 må
1393 1249 82 36 från
1516 1247 233 50 förefintliga
1788 1247 282 37 reservationer

884 1302 121 37 under
1034 1307 106 31 extra
1168 1302 172 48 anslaget
1367 1300 56 37 till
1452 1301 62 36 det
1533 1300 182 49 frivilliga
1734 1299 335 50 skytteväsendets

886 1354 259 49 befrämjande
1186 1354 121 36 under
1348 1356 39 33 år
1422 1354 96 35 1923
1556 1352 189 37 utbetalas
1786 1350 283 50 dyrtidstillägg

884 1406 123 49 enligt
1034 1406 46 36 de
1108 1405 180 49 grunder,
1318 1418 79 24 som
1426 1405 58 36 för
1512 1417 142 24 samma
1682 1407 42 33 år
1743 1408 64 32 äro
1828 1403 91 37 eller
1938 1403 131 36 kunna

885 1458 118 37 varda
1040 1458 198 37 bestämda
1279 1457 12 36 i
1323 1457 110 49 fråga
1462 1469 60 24 om
1551 1455 288 50 dyrtidstillägg
1867 1458 38 34 åt
1933 1454 135 38 befatt-

886 1510 257 49 ningshavare
1171 1510 12 36 i
1212 1514 145 32 statens
1384 1508 129 49 tjänst.

581 1612 98 49 27:0)
722 1613 142 48 Kungl.
906 1612 108 49 Maj:t
1041 1612 68 37 har
1136 1611 199 50 föreslagit
1362 1610 206 50 riksdagen
1596 1610 136 50 (punkt
1762 1610 61 49 27)
1853 1614 55 33 att
1934 1609 13 38 i
1974 1610 95 37 riks-

476 1670 125 33 staten
641 1669 171 45 upptaga
852 1664 186 38 ordinarie
1079 1663 436 49 reservationsanslaget
1546 1662 55 37 till
1631 1661 347 48 skrivmaterialier,
2008 1674 62 25 ex-

475 1731 149 36 penser,
652 1716 165 48 bränsle,
845 1718 81 47 lyse
954 1730 47 23 m.
1032 1730 46 23 m.
1109 1716 85 37 med
1224 1717 165 46 306,814
1416 1715 150 37 kronor.

577 1768 241 38 Beträffande
858 1768 255 49 utredningen
1152 1768 13 36 i
1206 1768 158 36 ärendet
1404 1767 58 37 får
1502 1767 185 36 utskottet
1728 1766 157 37 hänvisa
1913 1765 58 37 till
2000 1765 69 38 sid.

479 1822 202 36 104—110
709 1834 47 24 av
785 1820 214 50 åberopade
1028 1819 432 50 statsrådsprotokollet.

579 1924 189 49 Anslaget
807 1937 66 23 var
901 1923 11 37 i
940 1923 206 37 riksstaten
1184 1923 59 37 för
1272 1925 39 34 år
1341 1924 96 35 1922
1467 1926 181 46 upptaget
1677 1921 85 37 med
1791 1923 164 46 306,414
1984 1922 85 37 kro-

476 1990 80 24 nor.
612 1976 72 37 Till
713 1975 264 50 förstärkning
1004 1989 46 23 av
1078 1975 105 37 detta
1212 1973 135 51 anslag
1374 1974 180 37 anvisade
1581 1973 182 37 nästlidet
1791 1976 59 34 års
1872 1973 159 50 riksdag
2050 1976 20 34 å

476 2029 237 48 tilläggsstat
742 2028 58 37 för
828 2041 141 24 samma
998 2030 40 34 år
1066 2032 54 32 ett
1147 2027 135 48 anslag
1310 2040 46 23 av
1386 2028 163 46 214,180
1577 2026 152 36 kronor.

579 2080 73 37 För
680 2079 105 37 tiden
816 2082 17 34 1
860 2079 253 50 januari—30
1135 2079 85 49 juni
1252 2081 95 34 1923
1378 2083 40 31 är
1446 2078 63 37 det
1536 2077 187 38 ordinarie
1753 2077 173 49 anslaget
1945 2077 12 37 i
1976 2077 94 37 riks-

477 2138 125 32 staten
633 2137 185 44 upptaget
858 2132 86 37 med
989 2132 158 48 153,407
1192 2131 141 36 kronor
1373 2130 71 37 och
1485 2129 459 49 förstärkningsanslaget
1985 2129 85 37 med

478 2185 164 47 203,300
672 2184 150 36 kronor.

581 2235 143 50 Kungl.
753 2235 108 49 Maj:t
888 2235 69 37 har
985 2248 48 23 nu
1062 2234 235 37 beträffande
1325 2234 225 49 budgetåret
1580 2235 251 35 1923—1924
1861 2233 209 49 föreslagit,

478 2294 55 31 att
559 2288 63 37 det
650 2287 187 38 ordinarie
866 2287 173 50 anslaget
1067 2289 114 35 måtte
1210 2292 187 44 upptagas
1426 2286 84 37 med
1540 2287 164 47 306,814
1732 2285 138 37 kronor
1899 2285 71 37 och
1998 2285 74 37 för-

479 2339 394 50 stärkningsanslaget
902 2340 86 36 med
1017 2340 162 46 302,686
1209 2338 154 37 kronor.
