2126 2612
363 155 19 33 2
765 154 208 44 Bevillnings-
984 156 162 34 Utskottets
1172 156 170 34 Memorial
1370 156 62 34 N:o
1462 160 47 31 14.

452 241 111 46 »Den,
593 254 70 23 som
690 242 139 35 bifaller
856 242 129 45 Kongl.
1014 243 136 45 Maj:ts,
1179 243 39 35 af
1242 242 124 36 Andra
1394 244 215 36 Kammaren
1637 246 183 44 godkända
1849 246 65 35 för-
1939 248 2 3 '

313 295 86 44 slag,
441 297 53 32 att
534 295 151 35 artikeln
728 295 151 35 sulläder
919 295 63 35 och
1021 295 236 35 bindsulläder
1296 299 90 32 samt
1420 297 250 44 hvitgarfvade
1700 295 213 49 (alumerade)

311 347 178 35 äfvensom
518 348 183 34 sämskade
728 348 112 33 hudar
868 348 61 34 och
958 348 102 34 skinn
1088 348 89 34 skall
1204 359 86 24 vara
1319 349 236 34 underkastad
1585 360 41 24 en
1655 351 139 33 tullsats
1814 350 39 34 af
1872 352 43 33 15

311 402 59 31 öre
396 409 63 33 per
485 399 183 44 kilogram,
695 401 116 32 röstar

444 603 91 45 Den,
565 605 58 34 det
650 604 30 45 ej
710 605 72 43 vill,
811 607 131 32 röstar:

1070 704 87 46 Nej;

443 807 138 35 Vinner
620 808 82 45 Nej,
731 809 66 34 har
824 808 214 45 Riksdagen,
1066 809 11 33 i
1104 810 112 33 likhet
1243 810 77 33 med
1347 808 128 34 Första
1502 807 228 45 Kammaren,
1759 809 154 43 beslutit,

312 861 53 32 att
392 857 273 47 ifrågavarande
694 860 127 34 artikel
851 861 88 33 skall
968 861 108 44 draga
1106 871 40 24 en
1175 861 139 34 tullsats
1342 860 39 34 af
1407 862 46 32 24
1481 863 57 31 öre
1565 870 63 34 per
1654 860 203 44 kilogram.»

1081 1050 66 34 2:0.

442 1168 18 34 I
502 1170 95 32 25:te
638 1168 155 43 punkten
835 1167 228 35 afhandlades
1096 1177 41 24 en
1166 1167 38 34 af
1228 1165 96 36 Herr
1351 1165 89 36 Jöns
1467 1165 173 35 Pehrsson
1668 1166 90 34 inom
1786 1164 127 36 Första

310 1219 216 35 Kammaren
566 1219 109 35 väckt
714 1219 140 44 motion,
897 1221 54 32 att
983 1219 113 33 malen
1125 1218 105 44 krita,
1259 1228 71 24 som
1358 1218 39 34 af
1420 1216 129 45 Kongl.
1579 1216 109 45 Maj:t
1715 1216 200 45 föreslagits

309 1271 98 34 skola
448 1270 218 35 fortfarande
707 1268 138 46 åtnjuta
887 1270 186 43 tullfrihet,
1107 1270 111 33 skulle
1246 1267 135 36 åsättas
1409 1279 42 24 en
1478 1268 210 34 införseltull
1716 1268 39 34 af
1782 1270 45 33 50
1856 1272 59 30 öre

308 1333 62 32 per
401 1324 68 32 100
498 1321 172 44 kilogram
699 1322 84 33 eller
810 1320 213 35 derutöfver.

441 1372 188 36 Utskottet
655 1372 202 43 hemstälde,
887 1374 53 32 att
968 1372 111 34 denna
1109 1370 128 35 motion
1265 1371 111 34 skulle
1403 1371 132 34 lemnas
1562 1373 86 32 utan
1676 1370 173 35 afseende.

440 1422 109 36 Hvad
575 1422 188 36 Utskottet
791 1420 145 37 sålunda
964 1423 175 43 hemstält,
1168 1422 65 34 har
1260 1421 124 34 Andra
1413 1421 216 35 Kammaren
1656 1421 140 43 bifallit,
1812 1422 103 34 hvar-

308 1478 91 31 emot
438 1474 128 35 Första
605 1474 227 43 Kammaren,
874 1475 77 33 med
991 1473 114 44 afslag
1144 1471 20 36 å
1198 1473 204 34 Utskottets
1429 1473 219 42 hemställan,
1677 1472 154 43 beslutit,
1861 1474 54 32 att

307 1527 114 33 malen
449 1526 84 34 eller
559 1526 167 33 slammad
753 1525 95 34 krita
876 1525 89 34 skall
993 1522 134 36 åsättas
1156 1535 41 23 en
1225 1524 65 34 tull
1318 1523 38 35 af
1380 1526 59 38 0,5
1469 1527 58 31 öre
1554 1523 55 35 för
1639 1525 17 32 1
1687 1523 183 43 kilogram.

441 1576 71 35 För
557 1574 144 46 frågans
746 1576 191 44 afgörande
976 1586 122 33 genom
1139 1585 197 34 gemensam
1380 1575 215 44 omröstning
1633 1572 56 37 får
1728 1573 188 36 Utskottet

306 1625 128 37 föreslå
460 1627 154 45 följande
642 1627 410 44 voteringsproposition:

446 1677 112 45 »Den,
588 1689 82 33 som,
693 1678 11 33 i
737 1679 113 33 likhet
876 1678 77 34 med
980 1677 123 34 Andra
1133 1677 227 43 Kammaren,
1389 1677 72 42 vill,
1491 1679 53 32 att
1570 1678 113 33 malen
1711 1676 95 34 krita
1833 1676 82 34 fort-

307 1730 145 34 farande
480 1730 90 33 skall
597 1740 88 25 vara
712 1729 122 43 tullfri,
862 1731 116 32 röstar

1078 1830 65 44 Ja,

441 1933 91 45 Den,
562 1934 58 35 det
648 1933 30 45 ej
708 1934 73 43 vill,
810 1936 116 32 röstar

1069 2034 88 44 Nej;

440 2136 139 36 Vinner
618 2136 68 36 Nej,
729 2137 65 35 har
827 2136 201 36 Riksdagen,
1070 2137 9 34 i
1108 2137 112 33 likhet
1246 2136 76 35 med
1350 2135 126 35 Första
1504 2134 215 36 Kammaren,
1763 2134 141 35 beslutit

673 2149 27 33 AR
959 2161 24 26 i)
1036 2167 5 12 ,
1726 2164 7 14 5
1902 2158 12 26 Lå

307 2191 54 32 att
400 2191 113 32 malen
556 2190 83 33 eller
680 2190 166 33 slammad
887 2189 92 34 krita
1023 2189 87 32 skall
1152 2185 135 36 åsättas
1323 2188 62 33 tull
1421 2187 75 33 med
1525 2190 59 39 0,5
1614 2190 57 30 öre
1700 2186 53 33 för
1789 2188 7 30 1
1831 2187 82 32 kilo-

305 2251 131 32 gram.»
