2200 2624
430 216 39 32 16
880 214 248 35 Statsutskottets
1157 213 167 34 Utlåtande
1346 216 60 30 N:o
1429 215 52 32 79.

385 293 210 50 prisbilligt
622 297 103 33 smör
753 293 58 37 för
839 299 55 32 att
922 293 199 50 samtidigt
1149 306 91 24 vara
1268 293 12 37 i
1309 292 112 38 stånd
1450 297 56 32 att
1534 291 73 38 öka
1635 291 74 37 den
1726 290 253 50 exporterade

387 345 254 49 qvantiteten,
670 345 158 37 hvilken
857 349 48 46 på
934 345 74 37 den
1038 345 186 50 engelska
1253 344 236 38 marknaden
1511 342 206 51 betingade
1737 341 242 51 väsentligen

386 398 122 48 högre
536 396 103 49 pris?

514 449 77 36 För
630 453 55 32 att
713 448 262 37 förbindelsen
1004 448 123 38 skulle
1155 449 131 36 kunna
1314 461 90 24 vara
1431 447 187 50 gagnelig
1645 446 59 37 för
1731 445 249 50 varuutbytet

386 501 197 37 fordrades
611 500 211 37 emellertid
850 500 85 37 icke
964 501 162 36 allenast
1153 500 343 50 regelbundenhet,
1516 504 90 32 utan
1627 498 112 37 äfven
1755 497 225 50 tillräckligt

386 558 80 32 täta
495 558 115 32 turer.
652 552 238 37 Motionären
920 565 92 24 vore
1040 552 125 37 derför
1192 553 85 36 icke
1293 551 149 38 belåten
1461 552 85 36 med
1563 550 190 37 komiténs
1769 549 210 48 uttalande,

387 610 55 31 att
483 610 104 31 turer
627 604 117 37 borde
787 604 190 37 anordnas
1018 604 137 36 »minst
1198 617 48 24 en
1289 606 105 47 gång
1422 603 13 37 i
1464 603 179 47 veckan»,
1685 601 71 37 och
1784 602 74 36 han
1887 614 92 24 vore

385 656 132 37 vidare
545 656 84 37 icke
656 656 154 37 belåten
839 656 85 37 med
953 661 56 31 att
1036 655 168 38 komitén
1224 655 301 50 approximativt
1545 653 165 49 anslagit
1730 653 117 37 linien
1865 653 113 37 hafva

386 713 55 32 ett
472 708 114 37 värde
613 708 58 37 för
698 707 167 38 handeln
895 708 42 37 af
961 709 139 46 75,000
1128 708 153 36 kronor.
1336 707 56 37 Då
1419 706 172 38 komitén
1619 705 85 38 icke
1732 705 167 50 grundat
1919 704 60 37 sin

387 759 101 50 åsigt
521 772 60 24 om
610 759 179 50 beloppet
816 763 48 45 på
892 759 187 49 framlaga
1107 759 270 50 beräkningar,
1406 759 90 37 ville
1521 759 75 36 han
1624 758 127 36 derför
1778 757 11 37 i
1818 757 63 37 det
1910 756 69 37 föl-

381 812 119 49 jande
530 811 92 37 söka
649 811 135 37 utreda
812 812 100 36 hvad
940 812 76 36 den
1044 811 158 37 kostade
1231 811 71 37 och
1332 811 87 36 dess
1448 810 209 50 betydelse.

515 863 57 37 De
599 863 136 48 siffror,
764 876 81 24 som
873 863 59 37 för
961 877 48 23 en
1039 862 361 50 sammanställning
1427 862 166 37 behöfde
1622 861 209 48 användas,
1851 860 128 37 kunde

388 915 87 37 med
517 915 178 37 afseende
737 918 49 46 på
826 915 232 49 utgifternas
1092 915 136 49 belopp
1258 917 118 46 något
1404 917 42 34 så
1474 918 69 33 när
1570 919 194 44 noggrant
1791 912 187 48 angifvas.

387 967 268 37 Inkomsterna
694 967 173 37 deremot
907 979 91 24 vore
1040 966 86 37 vida
1166 969 154 34 svårare
1360 971 57 32 att
1458 965 179 47 beräkna,
1681 979 88 23 men
1804 963 176 38 erinrade

388 1019 237 37 motionären
668 1018 147 48 dervid,
857 1024 55 31 att
953 1019 48 36 de
1042 1018 384 48 trafikberäkningar,
1457 1031 82 23 som
1570 1017 203 49 uppgiorts
1803 1016 56 37 för
1877 1016 104 49 jern-

387 1076 182 43 vägarne,
598 1071 12 36 i
626 1070 208 37 allmänhet
849 1070 101 37 visat
966 1069 62 50 sig
1043 1069 209 50 öfverstiga
1268 1069 364 49 förhoppningarna.
1662 1069 87 36 Han
1765 1067 216 38 tillskrefve

388 1123 105 37 detta
522 1122 242 37 uteslutande
792 1135 46 23 en
867 1120 466 38 kommunikationslinies
1362 1120 330 49 regelbundenhet
1721 1120 73 37 och
1822 1122 158 46 ansåge,

388 1180 54 31 att
471 1188 48 23 en
548 1174 84 37 fullt
659 1173 262 50 regelbunden
952 1173 155 36 båtlinie
1136 1173 85 37 med
1250 1177 79 32 täta
1357 1178 104 31 turer
1489 1172 118 37 borde
1628 1172 85 37 med
1729 1171 182 38 afseende
1932 1174 50 46 på

388 1227 185 36 trafikens
614 1226 153 36 tillväxt
804 1226 129 36 kunna
962 1237 115 24 anses
1105 1225 87 49 lyda
1222 1237 143 24 samma
1395 1224 119 49 lagar,
1543 1237 80 23 som
1652 1223 116 50 gälde
1797 1224 56 36 för
1876 1224 105 48 jern-

389 1283 181 44 vägarne.
625 1277 200 37 Saknades
853 1276 383 50 regelbundenheten
1265 1276 93 37 eller
1378 1289 89 24 vore
1488 1283 152 30 turerna
1655 1276 85 36 icke
1756 1274 226 48 tillräckligt

388 1335 80 32 täta
510 1330 93 37 eller
643 1342 60 24 om
737 1328 312 38 samtrafiksaftal
1076 1328 84 37 med
1184 1329 262 48 jernvägarne
1474 1327 121 38 skulle
1624 1327 153 49 saknas,
1805 1326 177 38 bortfölle

388 1381 247 50 naturligtvis
676 1381 113 37 äfven
831 1380 237 50 rättigheten
1108 1386 55 31 att
1203 1380 119 37 räkna
1358 1380 85 37 med
1472 1392 93 37 nyss
1594 1379 160 49 angifna
1782 1379 200 37 förutsätt-

389 1447 152 36 ningar.

520 1486 237 37 Motionären
798 1484 90 37 ville
930 1484 97 36 först
1068 1483 215 50 framlägga
1323 1483 176 49 kalkyler
1540 1483 107 37 öfver
1688 1482 208 49 utgifterna
1926 1481 57 37 för

390 1543 142 31 tvenne
560 1538 106 37 båtar
694 1536 87 37 med
805 1549 41 24 en
874 1542 62 30 tur
965 1535 13 37 i
1006 1535 187 38 hvardera
1222 1534 225 51 rigtningen
1477 1535 70 37 och
1565 1535 123 37 skulle
1705 1534 166 37 derefter
1886 1532 95 48 visa,

390 1589 157 37 hvartill
568 1588 228 38 'kostnaden
839 1588 123 37 skulle
1004 1588 151 36 komma
1197 1593 56 32 att
1286 1590 129 47 uppgå
1445 1587 60 36 för
1532 1592 56 31 att
1616 1587 144 37 erhålla
1788 1589 24 34 4
1840 1591 103 31 turer
1970 1585 12 36 i

390 1642 148 37 veckan
565 1642 12 35 i
605 1641 187 37 hvardera
820 1639 238 50 rigtningen.

522 1692 129 38 Skulle
694 1706 48 23 en
785 1698 60 30 tur
876 1692 13 36 i
921 1692 147 36 veckan
1108 1691 160 37 inrättas
1302 1690 13 36 i
1348 1690 187 37 hvardera
1576 1689 235 50 rigtningen,
1852 1688 130 37 kunde

391 1745 105 37 detta
537 1751 89 31 utan
655 1744 173 49 ringaste
857 1743 283 49 ansträngning
1166 1743 146 36 utföras
1341 1742 41 36 af
1406 1755 45 24 en
1483 1742 75 37 båt.
1612 1742 82 37 Den
1720 1741 117 37 andra
1865 1741 115 36 båten

391 1798 155 36 komme
574 1796 46 38 då
647 1802 56 31 att
730 1795 107 50 ligga
864 1795 13 37 i
905 1808 141 25 reserv.

1019 1950 336 49 Förutsättningar:

521 2054 157 38 Tvenne
720 2057 156 46 ångare,
918 2052 140 38 hvaraf
1085 2054 72 37 den
1186 2066 71 24 ena
1286 2053 122 37 skulle
1437 2052 165 49 fullgöra
1630 2066 46 24 en
1706 2057 61 31 tur
1794 2050 12 37 i
1834 2050 146 37 veckan

392 2106 12 37 i
437 2107 188 37 hvardera
671 2106 237 49 rigtningen,
956 2105 149 37 distans
1139 2108 73 35 200
1254 2105 335 47 latitud-minuter,
1631 2103 194 38 beräknad
1866 2102 114 37 fartid

396 2160 45 35 18
470 2159 163 45 timmar,
662 2158 199 50 fartygens
890 2158 164 36 kostnad
1082 2157 104 38 cirka
1215 2158 164 46 350,000
1408 2157 143 36 kronor
1577 2155 217 48 hvatrdera,
1815 2154 165 38 maskin-

393 2210 102 37 kraft
523 2212 74 35 900
625 2210 223 37 indikerade
876 2209 242 38 hästkrafter.
1173 2209 184 37 Befrielse
1386 2208 83 36 från
1498 2209 74 36 alla
1599 2207 156 49 afgifter
1773 2207 58 36 till
1851 2212 128 40 stater,

393 2263 227 36 kommuner
647 2261 93 38 eller
766 2262 171 38 hamnar.
