2211 2662
388 209 39 30 32
582 205 117 34 Andra
723 206 202 32 kammarens
940 205 149 40 fjärde
1114 204 171 43 tillfälliga
1311 204 135 33 utskotts
1469 204 167 32 utlåtande
1660 203 74 32 Nr5
1759 228 5 6 .

385 293 131 44 ningar
556 291 151 36 rörande
749 291 232 48 tvistefrågor
1022 290 132 36 mellan
1196 289 206 36 densamma
1429 289 76 35 och
1534 301 90 36 resp.
1656 287 216 50 myndighet
1897 286 85 36 eller

386 346 185 49 angående
613 359 71 36 nya
723 346 134 48 förslag
891 346 58 35 till
977 346 195 35 lönestater
1201 345 67 35 och
1296 343 397 50 tjänsteförhållanden.
1751 342 232 36 Motionären

386 402 65 35 vill
479 401 117 45 äfven,
628 403 54 33 att
705 401 211 48 personalen
945 400 61 36 vid
1035 400 101 36 dessa
1163 400 140 47 frågors
1333 398 193 46 afgörande
1550 419 50 4 —
1629 397 117 37 såvidt
1774 396 208 48 Riksdagen

387 457 85 35 eller
495 457 134 34 allmän
657 455 156 36 domstol
841 456 31 47 ej
903 455 223 48 handlägger
1154 454 82 35 dem
1266 475 50 5 —
1346 454 91 35 skall
1465 455 116 34 såsom
1600 453 73 34 lika
1689 451 202 48 berättigad
1910 450 71 36 del-

386 514 85 45 taga
514 511 55 35 uti
611 510 165 36 beslutet.
833 510 84 35 Den
950 510 246 35 konsekventa
1228 508 280 49 tillämpningen
1536 508 36 34 af
1601 507 117 35 denna
1746 506 238 49 uppfattning

386 566 98 36 leder
523 565 225 39 motionären
775 564 58 37 till
861 566 53 34 ett
942 564 186 36 uttalande
1158 577 59 22 om
1245 563 232 48 förliknings-
1506 563 67 35 och
1602 560 381 50 skiljedomsförfaran-

387 621 78 36 dets
495 620 244 36 användande.

495 676 71 34 För
594 676 54 33 att
675 674 99 35 bilda
801 675 56 45 sig
886 676 52 33 ett
967 673 165 35 omdöme
1161 672 184 46 angående
1374 672 61 34 det
1463 670 175 47 befogade
1654 671 54 34 uti
1725 670 118 34 denna
1861 669 123 35 tanke-

386 724 110 52 gång,
526 728 65 35 bör
619 727 61 36 det
708 727 132 35 erinras
869 739 58 23 om
956 729 54 33 att
1037 739 94 31 man,
1163 738 76 23 som
1271 725 226 35 motionären
1525 727 112 44 säger,
1665 723 84 35 »bör
1763 723 124 34 kunna
1901 734 84 23 vara

388 783 85 47 enig
510 795 70 32 om,
620 784 54 34 att
711 781 131 36 sådana
880 785 119 45 öppna
1036 780 194 36 konflikter
1268 793 77 22 som
1382 778 346 48 arbetsnedläggelse
1766 777 78 36 icke
1874 777 110 35 borde

388 837 157 35 behöfva
581 836 223 36 förekomma
841 836 101 35 inom
979 835 43 35 de
1065 835 180 44 områden,
1287 834 63 35 där
1386 835 117 34 staten
1542 835 37 32 är
1616 832 291 47 arbetsgifvare».
1965 831 19 34 I

384 893 106 48 fråga
527 904 59 22 om
623 890 226 36 statsdriften
888 893 37 32 är
954 890 60 35 det
1042 889 237 48 angelägnare
1303 892 46 31 än
1378 888 112 47 eljest,
1523 889 54 33 att
1604 886 276 36 verksamheten
1904 885 81 35 obe-

390 945 152 36 hindrad
584 945 148 47 fortgår.
789 945 68 35 Ett
898 944 131 35 förbud
1068 946 77 33 mot
1173 942 344 48 arbetsnedläggelse
1547 952 83 24 vore
1660 940 201 35 emellertid
1889 939 97 35 såväl

388 1000 169 48 omöjligt
589 1000 54 35 att
671 999 197 35 effektuera
896 1011 77 23 som
1002 998 190 48 olämpligt
1221 999 54 34 att
1302 996 155 45 utfärda,
1488 991 64 40 när
1566 993 211 50 personalen
1796 993 189 48 samtidigt

389 1054 205 36 förhindras
628 1056 54 33 att
718 1054 110 34 vinna
865 1053 112 47 gehör
1014 1053 56 34 för
1103 1052 61 35 det
1200 1051 223 47 berättigade
1456 1051 56 34 uti
1552 1049 43 36 de
1632 1049 91 44 kraf,
1756 1061 76 23 som
1862 1048 124 35 kunna

389 1108 185 36 föranleda
603 1120 44 23 en
676 1107 122 49 strejk.
834 1107 135 35 Medan
998 1107 43 34 de
1070 1105 161 37 enskilda
1256 1107 256 47 järnvägarnas
1540 1104 165 48 personal
1733 1106 83 45 äger
1844 1102 142 49 möjlig-

390 1165 64 33 het
495 1162 86 35 fullt
619 1162 191 46 tillgodose
853 1162 76 34 sina
971 1162 185 42 intressen,
1201 1160 113 35 skulle
1344 1160 99 34 detta
1471 1171 84 22 vara
1583 1157 301 47 statspersonalen
1917 1157 70 33 för-

390 1216 157 36 menadt.
604 1215 60 36 Fn
687 1216 116 35 bättre
832 1218 70 44 väg
930 1215 57 35 för
1014 1213 261 36 arbetsfredens
1303 1211 249 50 betryggande
1573 1215 45 32 än
1635 1211 62 35 det
1729 1211 119 35 nakna
1861 1209 126 48 strejk-

391 1270 170 36 förbudet
602 1282 105 36 synes
735 1270 76 47 mig
839 1282 83 22 vara
950 1269 79 44 den,
1061 1281 76 23 som
1165 1268 227 35 motionären
1419 1266 162 49 antyder,
1612 1266 68 34 och
1708 1277 77 23 som
1814 1264 93 36 afser
1935 1265 54 33 att

391 1326 42 34 så
469 1324 168 35 förbinda
673 1324 211 47 personalen
921 1323 61 35 vid
1020 1323 187 47 företaget,
1248 1323 54 34 att
1339 1321 127 48 själfva
1504 1320 174 35 behofvet
1715 1319 36 35 af
1785 1317 202 37 arbetsned-

390 1378 203 48 liggelsens
621 1378 233 48 begagnande
884 1378 213 35 försvinner.
1138 1376 98 35 Skall
1265 1376 99 35 detta
1392 1376 124 34 kunna
1545 1375 71 43 ske,
1647 1373 112 48 gäller
1779 1373 60 35 det
1868 1373 30 47 ej
1930 1385 58 22 en-

391 1433 81 36 dast
514 1434 55 34 att
608 1432 156 35 tillmäta
803 1431 212 49 personalen
1055 1431 95 47 goda
1177 1431 275 43 löneförmåner,
1483 1431 88 33 utan
1599 1429 106 34 äfven
1729 1429 54 34 att
1810 1427 73 35 låta
1911 1426 78 35 dess

391 1487 189 47 meningar
607 1487 12 34 i
648 1487 113 47 öfrigt
798 1487 111 34 vinna
933 1485 126 36 sådant
1087 1484 212 45 beaktande,
1330 1485 54 34 att
1412 1483 210 48 personalen
1651 1482 137 35 känner
1815 1482 55 45 sig
1898 1492 91 24 sam-

392 1542 97 43 hörig
526 1540 83 35 med
643 1541 188 46 företaget.
891 1540 76 35 Vill
1004 1552 84 22 man
1117 1540 122 47 uppnå
1268 1538 100 35 detta
1396 1538 104 48 syfte,
1531 1536 101 36 torde
1662 1548 44 23 en
1735 1536 71 35 viss
1834 1535 89 47 grad
1952 1534 37 35 af

392 1594 427 36 medbestämmanderätt
841 1594 79 35 icke
949 1594 124 34 kunna
1100 1593 217 35 frånkännas
1346 1592 221 48 personalen.
1602 1590 130 35 Denna
1752 1588 238 49 uppfattning

393 1661 106 36 synes
545 1649 48 34 ha
638 1649 93 34 varit
772 1648 221 47 vägledande
1040 1648 56 34 för
1138 1647 69 34 den
1245 1647 137 34 danska
1423 1643 471 48 förhandlingsordningens
1936 1644 54 32 ut-

393 1702 185 45 färdande,
618 1703 114 35 ehuru
770 1702 56 35 uti
863 1702 206 49 densamma
1107 1700 232 36 ministeriets
1366 1698 266 37 bestämmelser
1660 1698 13 35 1
1701 1697 68 35 alla
1798 1696 193 36 afseenden

394 1761 60 31 äro
493 1756 143 48 slutligt
664 1756 205 47 afgörande.
925 1756 113 34 Amnnu
1068 1757 52 33 ett
1148 1757 78 44 steg
1254 1754 55 35 uti
1338 1754 203 35 motionens
1568 1752 164 47 riktning
1760 1750 102 36 torde
1891 1750 99 35 inne-

394 1812 102 33 bäras
525 1811 55 34 uti
610 1812 53 33 ett
691 1823 64 34 par
783 1810 37 34 af
848 1810 43 34 de
921 1811 138 33 senaste
1081 1808 159 43 franska
1267 1808 242 47 lagförslagen
1538 1806 68 36 och
1635 1806 70 39 den
1733 1804 259 36 kanadensiska

394 1865 105 46 lagen
529 1865 37 34 af
600 1865 45 35 14
674 1877 94 22 mars
800 1864 112 35 1907.

503 1919 76 34 När
611 1930 84 23 man
722 1918 81 35 från
831 1931 50 21 nu
909 1917 149 47 angifna
1085 1915 225 49 principiella
1342 1914 227 48 ståndpunkt
1596 1913 90 36 skall
1714 1912 140 36 utbilda
1882 1912 110 47 lämp-

394 1973 74 46 liga
511 1973 132 34 former
685 1972 57 35 för
778 1971 337 47 förbandlingarnas
1153 1968 233 36 bedrifvande
1415 1969 67 34 och
1512 1968 128 46 afväga
1668 1966 136 48 graden
1832 1966 37 35 af
1896 1965 96 35 med-

396 2025 344 42 bestämmanderätt
777 2027 37 33 åt
848 2025 222 49 personalen,
1100 2023 197 36 framställa
1325 2024 55 46 sig
1409 2022 193 47 onekligen
1629 2020 205 50 betydande
1862 2020 130 47 svårig-

396 2081 113 44 heter,
549 2080 124 35 hvilka
710 2080 92 35 först
839 2080 164 35 efter'en
1030 2078 197 48 utredning
1255 2078 124 34 kunna
1409 2076 226 36 öfverskådas
1664 2077 69 34 och
1763 2074 227 47 undanröjas.

398 2134 75 35 Det
514 2147 104 35 synes
646 2135 76 46 mig
759 2134 120 35 därför
915 2133 78 35 icke
1031 2132 167 48 lämpligt
1236 2134 53 33 att
1327 2131 55 35 uti
1419 2130 164 36 ärendets
1617 2129 247 48 föreliggande
1892 2128 101 35 skick

397 2190 163 46 upptaga
588 2188 117 35 denna
733 2188 63 35 sak
824 2187 57 36 till
910 2186 344 49 detaljbehandling.
1303 2185 75 35 Det
1406 2186 59 34 må
1493 2196 83 24 vara
1604 2196 73 36 nog
1706 2185 54 34 att
1788 2183 206 35 konstatera

398 2243 173 34 behofvet
608 2243 37 34 af
673 2255 45 22 en
745 2242 216 47 fackmässig
989 2241 198 47 utredning
1215 2241 12 34 i
1256 2241 132 43 ämnet,
1420 2239 147 35 hvartill
1595 2238 180 35 utskottet
1803 2237 107 36 äfven
1937 2236 57 35 för

396 2297 58 34 sin
482 2296 58 35 del
568 2296 81 36 sökt
676 2296 119 35 lämna
823 2295 172 36 material.
