2219 2668
397 225 41 30 54
598 222 116 32 Andra
738 222 203 32 kammarens
957 220 148 40 fjärde
1131 219 171 44 tillfälliga
1325 222 136 31 utskotts
1484 221 169 32 utlåtande
1678 220 51 32 Nr
1754 222 28 29 8.

396 306 112 31 sådant
543 307 58 30 och
636 307 11 29 i
682 305 98 31 andra
811 306 86 30 hand
920 306 100 39 gifver
1044 306 131 31 rättvisa
1199 307 32 29 åt
1254 305 73 31 hela
1351 305 103 30 denna
1478 306 84 29 stora
1585 303 170 37 arbetskår,
1782 313 68 21 som
1875 303 113 30 enbart

396 353 122 30 arbetar
541 352 49 31 för
614 352 186 31 samhällets
824 351 134 32 bestånd
982 352 10 30 i
1016 352 49 31 sin
1090 351 118 31 helhet.

502 398 186 31 Stockholm
713 397 61 31 den
799 397 40 30 20
864 408 85 20 mars
976 397 93 30 1912.

760 482 60 29 För
843 480 153 40 ”Telegraf-
1022 480 58 31 och
1106 478 513 33 rikstelefonarbetareförbundet:

696 544 44 31 H.
766 543 145 32 Lunden.
1460 541 49 31 M.
1534 541 148 32 Jönsson.

681 608 47 32 W.
753 608 199 41 Höglander.
1445 605 39 32 G.
1509 604 196 42 Lundquist.

1809 757 126 43 Bilaga
1958 760 30 29 5.

1420 851 186 31 Stockholm
1630 850 61 31 den
1719 849 38 31 13
1782 860 85 21 mars
1894 849 93 31 1912.

617 943 65 32 Till
708 942 203 41 Biksdagens
936 941 118 32 Andra
1079 942 179 31 kammares
1274 940 116 42 fjärde
1415 940 159 41 tilfälliga
1596 940 129 38 utskott,

1402 994 187 33 Stockholm.

502 1081 178 31 Utskottets
704 1080 160 31 anmodan
889 1080 49 30 till
955 1090 50 20 oss
1022 1082 46 28 att
1091 1079 166 30 inkomma
1280 1078 75 31 med
1378 1078 147 40 yttrande
1549 1078 88 30 öfver
1660 1088 39 20 en
1724 1078 121 30 motion
1862 1078 33 29 af
1919 1078 71 29 herr

398 1127 149 39 Winberg
571 1137 42 20 m.
632 1127 30 29 fl.
688 1126 132 31 rörande
848 1124 357 41 förhandlingsordning
1229 1123 118 31 mellan
1371 1124 11 29 i
1406 1126 119 28 statens
1559 1123 256 31 administrativa
1837 1123 77 30 verk
1939 1133 50 20 an-

396 1172 116 30 ställda
535 1173 195 38 tjänstemän
755 1172 59 29 och
838 1172 141 29 arbetare
1014 1171 59 29 och
1110 1170 89 30 deras
1235 1170 247 37 organisationer
1506 1170 18 28 å
1548 1179 59 19 ena
1636 1171 84 28 samt
1753 1168 238 30 vederbörande

395 1217 93 31 verks
513 1217 148 40 styrelser
684 1217 59 30 och
772 1215 241 41 underlydande
1041 1214 272 40 förvaltningarna
1337 1215 18 29 å
1379 1213 98 31 andra
1502 1213 91 31 sidan
1618 1214 101 40 jämte
1742 1213 101 39 regler
1866 1213 50 30 för
1940 1213 49 30 be-

396 1262 155 40 handling
575 1263 33 29 af
632 1272 23 20 s.
682 1263 29 29 k.
738 1261 226 41 disciplinmål,
990 1261 41 29 ha
1055 1261 32 31 vi
1110 1261 177 29 remitterat
1310 1259 50 30 till
1385 1259 155 40 styrelsen
1563 1259 49 30 för
1629 1260 56 30 vår
1702 1258 62 31 afd.
1784 1258 39 30 92
1848 1258 142 32 Svenska

395 1307 733 41 Järnvägsbyggnadsarbetarefackföreningen,
1154 1305 131 31 hvilken
1313 1306 88 29 inom
1419 1305 46 39 sig
1488 1305 175 30 innesluter
1686 1304 55 31 vid
1765 1306 120 29 statens
1908 1305 81 39 järn-

393 1353 268 40 vägsbyggnader,
679 1353 106 30 kanal-
802 1353 59 30 och
886 1350 361 41 kraftverksbyggnader
1271 1350 158 31 anställda
1453 1350 218 40 organiserade
1688 1350 151 36 arbetare,
1858 1350 59 30 och
1934 1350 57 29 har

391 1398 141 31 nämnda
556 1398 131 40 styrelse
721 1398 126 39 afgifvit
870 1400 45 28 ett
938 1396 157 41 yttrande,
1122 1406 68 20 som
1223 1396 31 30 vi
1278 1396 50 29 till
1353 1395 63 30 alla
1439 1395 87 31 delar
1549 1395 79 40 vilja
1650 1396 175 29 instämma
1848 1395 57 36 uti,
1931 1395 59 30 och

393 1444 145 31 närsluta
561 1445 31 30 vi
617 1444 179 30 detsamma
820 1444 159 38 härjämte
1004 1443 10 29 i
1038 1441 177 31 vidimerad
1239 1441 137 30 afskrift.

1154 1523 74 29 För:

697 1578 144 31 Svenska
866 1578 87 30 Grof-
979 1578 58 29 och
1063 1575 467 32 Fabriksarbetareförbundets
1555 1576 132 39 styrelse

1080 1638 33 33 C.
1138 1639 34 32 J.
1199 1638 110 33 Söder.

393 1732 146 30 Afskrift.

1591 1774 122 40 Krylbo
1737 1773 60 33 den
1824 1773 40 40 ?/;
1896 1773 91 32 1912.

598 1864 66 43 Till
689 1864 144 31 Svenska
860 1864 93 40 Grof-
978 1864 54 31 och
1058 1864 474 40 Fabriksarbetareförbundet,

1248 1917 187 33 Stockholm.

495 2009 74 30 Med
592 2009 173 39 anledning
789 2009 32 30 af
845 2009 83 30 Eder
963 2010 165 30 skrifvelse
1152 2010 32 30 af
1208 2010 61 30 den
1295 2011 17 28 2
1337 2010 119 30 dennes
1491 2009 133 31 rörande
1653 2020 39 19 en
1716 2009 51 30 till
1793 2008 195 39 behandling

390 2055 10 29 i
436 2053 196 41 Riksdagens
670 2054 108 30 Andra
805 2055 180 30 kammares
1009 2055 103 40 fjärde
1137 2055 162 40 tillfälliga
1322 2055 124 31 utskott
1469 2054 215 40 föreliggande
1709 2054 122 30 motion
1856 2053 32 30 af
1916 2053 71 30 herr

391 2100 152 38 Winberg
566 2110 42 19 m.
634 2099 31 30 fl.
692 2110 52 20 om
769 2100 359 39 förhandlingsordning
1152 2103 83 28 samt
1259 2100 194 40 behandling
1477 2100 71 31 afs.
1567 2100 30 30 k.
1623 2099 218 41 disciplinmål
1864 2099 119 30 mellan

390 2147 120 28 statens
534 2144 263 32 affärsdrifvande
823 2145 74 31 verk
914 2147 18 28 å
949 2156 58 20 ena
1031 2146 59 30 och
1114 2146 71 30 dess
1202 2146 159 30 anställda
1385 2146 115 30 arbets-
1515 2146 66 35 .och
1598 2144 387 41 tjänstemannapersonal

390 2191 19 28 å
432 2189 99 30 andra
555 2190 99 37 sidan,
680 2190 33 30 få
736 2191 41 36 vi,
803 2190 97 31 sedan
924 2191 32 31 vi
980 2192 79 38 tagit
1083 2190 50 31 del
1158 2191 33 30 af
1215 2191 96 39 sagda
1344 2191 131 37 motion,
1500 2191 101 40 jämte
1625 2189 148 40 bifogade
1796 2188 189 32 utlåtanden

391 2235 59 30 och
475 2235 187 30 öfversikter
685 2246 43 21 m.
754 2246 42 19 m.
823 2236 111 29 anföra
956 2236 157 40 följande:

494 2280 40 30 Vi
558 2281 174 30 instämma
754 2280 77 31 fullt
854 2281 59 30 och
937 2281 67 30 helt
1027 2282 10 29 i
1061 2282 179 30 motionens
1265 2281 92 40 syfte,
1376 2280 40 31 då
1432 2281 31 31 vi
1479 2281 96 31 hafva
1587 2281 121 39 ganska
1732 2281 95 40 bittra
1851 2280 136 31 erfaren-

391 2326 89 31 heter
504 2326 32 29 af
565 2325 53 31 det
642 2326 155 39 tillstånd,
823 2336 68 20 som
915 2326 102 30 under
1040 2326 184 33 nuvarande
1251 2326 222 38 förhållanden
1497 2326 97 31 hafva
1617 2325 121 33 inträdt
1753 2326 59 30 och
1835 2328 58 28 när
1917 2335 67 22 som
