2206 2649
421 201 118 34 Andra
563 202 200 32 kammarens
780 199 149 41 fjärde
954 197 171 42 tillfälliga
1148 196 135 32 utskotts
1306 193 167 34 utlåtande
1496 192 53 32 Nr
1574 194 28 30 8.
1792 192 20 30 3

219 290 55 34 att
302 285 348 49 arbetsnedläggelse
679 284 78 36 icke
785 284 65 35 bör
877 283 38 35 få
943 281 222 37 förekomma
1183 280 99 35 inom
1303 280 134 34 statens
1456 276 98 36 verk.
1613 274 74 37 Vid
1709 274 101 35 1910

220 345 55 34 års
303 342 146 47 riksdag
477 341 136 47 förelåg
641 340 57 35 till
727 339 66 35 och
822 337 82 36 med
932 338 12 34 i
972 337 94 35 form
1095 336 36 34 af
1159 334 154 48 kunglig
1332 331 224 50 proposition
1576 330 134 48 förslag
1739 342 70 30 om,

220 399 55 34 att
303 395 346 48 arbetsnedläggelse
678 394 36 35 af
741 394 13 34 i
782 394 134 34 statens
943 393 113 46 tjänst
1076 389 174 36 anställda
1268 389 219 47 tjänstemän
1506 385 114 36 skulle
1641 384 170 48 beläggas

221 451 83 35 med
332 449 271 48 fängelsestraft.

328 505 90 34 Man
447 504 63 35 bör
538 504 123 34 kunna
690 515 83 22 vara
801 501 83 47 enig
913 513 68 31 om,
1008 501 54 33 att
1081 494 137 40 sådana
1232 500 119 45 öppna
1370 494 193 36 konflikter
1583 505 76 23 som
1679 493 132 34 arbets-

222 559 227 48 nedläggelse
490 558 78 35 icke
612 556 108 36 borde
762 556 155 35 behöfva
954 553 223 36 förekomma
1213 551 99 35 inom
1346 550 42 35 de
1418 547 300 43 arbetsområden,
1750 546 63 35 där

222 616 119 34 staten
383 617 36 31 är
455 612 265 47 arbetsgifvare.
777 610 75 34 Det
891 609 135 35 vittnar
1065 606 197 36 emellertid
1296 617 59 22 om
1383 604 64 35 allt
1475 604 110 34 annat
1614 604 44 32 än
1687 614 44 22 en
1760 601 51 34 in-

223 668 137 49 gående
403 666 203 36 kännedom
649 678 58 22 om
748 663 270 36 förhållandena
1059 663 46 46 på
1138 661 98 35 detta
1270 658 153 44 område,
1455 670 58 23 om
1541 669 85 22 man
1653 657 75 34 tror
1758 655 55 47 sig

224 723 123 34 kunna
388 722 74 34 lösa
504 734 44 22 en
580 722 38 33 så
650 732 79 36 pass
758 717 187 36 invecklad
974 717 100 46 fråga
1102 714 80 36 med
1212 713 131 37 sådana
1371 711 117 36 medel
1516 718 76 28 soni
1621 709 191 47 strafflags-

224 776 275 36 bestämmelser.

332 831 105 34 Först
478 828 109 36 sedan
628 841 83 22 man
753 826 138 49 lyckats
920 824 246 36 åstadkomma
1195 822 109 34 andra
1332 821 133 34 former
1493 819 67 35 och
1584 817 230 48 möjligheter

226 886 56 34 för
314 884 208 48 uppkomna
549 883 247 46 tvistigheters
824 879 144 36 lösande
996 880 47 47 på
1072 877 99 35 detta
1199 875 155 45 område,
1384 874 71 35 kan
1484 885 83 23 man
1595 871 135 45 fastslå,
1761 872 54 34 att

226 944 120 43 öppna
374 938 127 36 strider
529 941 60 31 äro
619 936 211 46 obehöfliga.

334 993 74 35 Det
440 995 37 32 är
509 991 115 48 enligt
652 990 76 35 min
755 989 148 46 mening
932 987 143 35 alldeles
1102 985 130 46 riktigt
1261 983 94 35 hvad
1383 982 92 47 prof.
1508 980 136 35 Steffen
1672 978 142 48 yttrade

225 1048 13 35 i
280 1048 126 34 Första
433 1047 203 34 kammaren
667 1044 114 35 under
808 1041 212 48 föregående
1048 1039 155 47 riksdag,
1233 1041 64 32 när
1321 1036 116 36 denna
1465 1035 101 47 fråga
1595 1033 137 46 förelåg
1759 1031 57 36 till

226 1101 232 47 behandling,
490 1100 45 35 då
562 1100 73 34 han
663 1098 96 36 sade:
797 1096 178 36 »Svenska
1003 1095 159 35 arbetare
1189 1094 72 34 låta
1289 1091 78 35 icke
1395 1091 13 34 i
1435 1088 157 48 längden
1617 1100 124 34 regera
1760 1087 56 46 sig

228 1155 200 49 despotiskt
469 1154 67 36 och
577 1153 83 36 med
688 1149 445 50 undantagslagstiftning.
1190 1147 56 35 De
1279 1145 126 36 kräfva
1447 1144 156 34 tvärtom
1645 1140 82 36 med
1770 1140 46 35 all

227 1212 73 34 rätt
328 1211 36 34 af
392 1211 128 42 staten,
551 1210 55 33 att
633 1207 69 35 den
730 1206 90 36 skall
847 1205 79 35 leda
953 1204 211 46 framsteget
1190 1203 48 46 på
1266 1198 260 37 arbetsaftalets
1550 1196 106 36 vitalt
1678 1194 139 47 viktiga

229 1264 143 36 område
416 1264 67 34 och
525 1262 208 48 därigenom
763 1281 48 4 —
841 1272 130 35 genom
1011 1259 54 34 att
1108 1256 111 36 ordna
1252 1253 244 37 arbetsaftalet
1523 1252 56 34 för
1608 1250 55 35 sin
1688 1249 57 34 del
1773 1250 44 46 på

230 1319 60 35 det
331 1320 93 33 mest
464 1317 193 47 tidsenliga
698 1316 72 34 sätt
799 1336 47 3 —
876 1313 149 46 bidraga
1063 1311 57 35 till
1162 1306 407 38 arbetsförhållandenas
1596 1303 221 46 förbättring

229 1374 108 34 äfven
364 1373 66 35 hos
455 1370 160 36 enskilda
645 1369 265 47 arbetsgifvare.
968 1367 112 34 Detta
1108 1368 38 32 är
1174 1363 96 36 hvad
1288 1375 84 22 man
1391 1361 83 35 kort
1492 1359 133 36 brukar
1643 1357 174 35 beteckna

229 1427 83 35 med
342 1425 229 43 önskemålet,
603 1426 54 34 att
685 1425 116 34 staten
829 1422 90 36 skall
947 1420 133 36 sträfva
1109 1419 89 35 efter
1218 1419 54 33 att
1291 1415 176 49 uppträda
1486 1426 76 23 som
1582 1425 45 22 en
1645 1413 173 33 mönster-

229 1481 290 47 arbetsgifvare.»
728 1495 2 3 i

337 1535 129 46 Enligt
506 1534 77 34 min
624 1533 147 46 mening
799 1532 111 34 måste
938 1528 208 47 Riksdagen
1174 1525 251 47 ovillkorligen
1453 1526 93 44 ägna
1574 1521 117 35 denna
1718 1519 101 48 fråga

231 1590 55 36 sin
326 1588 320 49 uppmärksamhet
686 1587 57 35 för
786 1588 53 33 att
871 1586 45 46 på
947 1583 167 48 lämpligt
1141 1583 72 34 sätt
1241 1579 111 36 ordna
1379 1575 242 38 förhållandet
1648 1574 132 34 mellan
1808 1572 12 35 i

231 1645 135 34 statens
394 1643 87 34 verk
510 1641 152 36 anställd
690 1640 164 48 personal
883 1640 67 34 och
978 1634 265 38 vederbörande
1272 1632 166 49 styrelser
1469 1630 67 36 och
1559 1628 262 45 förvaltningar

231 1697 150 36 rörande
419 1697 68 34 alla
528 1696 131 35 sådana
700 1695 130 46 frågor,
861 1706 76 22 som
980 1694 59 33 äro
1081 1690 36 35 af
1159 1689 69 35 den
1260 1689 65 43 art,
1356 1687 54 34 att
1438 1684 43 35 de
1509 1683 77 35 icke
1616 1682 140 47 afgöras
1785 1680 36 35 af

231 1751 209 47 Riksdagen
469 1750 84 35 eller
580 1750 145 34 komma
752 1748 114 35 under
895 1747 132 34 allmän
1055 1743 171 36 domstols
1254 1741 182 48 pröfning.

340 1804 229 36 Beträffande
598 1804 43 34 de
670 1801 290 47 anmärkningar,
986 1812 76 23 som
1082 1799 123 34 kunna
1223 1794 214 37 framställas
1455 1794 78 33 mot
1552 1791 42 35 de
1614 1788 207 37 nuvarande

234 1859 272 37 förhållandena
533 1860 47 47 på
608 1858 61 35 det
697 1857 154 43 område,
879 1856 61 35 där
969 1855 117 35 staten
1114 1856 37 32 är
1180 1849 266 49 arbetsgifvare,
1477 1845 114 36 skulle
1620 1844 62 35 det
1708 1843 115 35 blifva

234 1915 122 35 alltför
398 1913 190 48 vidlyftigt
628 1914 54 33 att
720 1912 64 34 här
812 1911 12 34 i
853 1910 107 46 detalj
996 1909 124 34 beröra
1148 1906 110 35 dessa.
1316 1904 124 46 Några
1468 1899 224 50 synpunkter
1720 1897 102 35 torde

234 1968 92 36 dock
355 1970 116 33 såsom
500 1967 160 48 exempel
689 1966 83 34 böra
799 1963 217 36 framhållas.

342 2021 108 36 Hvad
490 2021 45 35 då
574 2021 90 35 först
704 2019 166 36 beträffar
903 2016 304 48 aflöningsfrågan
1239 2014 57 35 för
1324 2012 70 35 den
1421 2011 13 34 i
1462 2011 135 34 statens
1623 2007 113 47 tjänst
1764 2018 58 22 an-

235 2076 129 36 ställda
397 2076 177 35 ordinarie
610 2073 220 49 personalen,
866 2074 37 33 så
931 2072 139 47 afgöres
1099 2070 127 42 denna,
1257 2080 76 22 som
1361 2065 143 43 bekant,
1536 2063 36 34 af
1599 2060 221 46 Riksdagen,

234 2130 144 36 hvadan
406 2142 84 22 man
516 2130 42 46 ju
586 2128 109 35 borde
724 2128 123 34 kunna
875 2128 88 44 utgå
990 2125 105 44 ifrån,
1127 2125 53 33 att
1208 2122 117 35 denna
1344 2120 100 45 fråga
1463 2117 144 48 pröfvas
1627 2115 68 35 och
1715 2113 109 36 hand-

234 2186 123 47 lägges
400 2186 46 45 på
484 2185 52 33 ett
577 2183 86 34 fullt
704 2181 179 48 objektivt
915 2180 67 35 och
1010 2174 329 40 tillfredsställande
1368 2174 81 41 sätt,
1481 2171 67 36 och
1575 2171 111 45 några
1715 2167 109 36 andra

238 2238 194 47 ändringar
460 2236 185 47 därvidlag
674 2235 123 35 kunna
824 2234 25 35 f.
880 2247 35 22 n.
946 2233 75 34 inte
1049 2231 151 48 påyrkas
1229 2233 45 32 än
1301 2226 265 37 bestämmelser
1591 2236 69 29 om,
1685 2224 55 33 att
1763 2221 62 36 vid

240 2291 253 37 ntarbetandet
534 2291 36 35 af
612 2290 42 36 de
693 2288 228 47 löneförslag,
965 2299 76 23 som
1070 2285 99 39 skola
1201 2283 199 46 föreläggas
1441 2278 140 48 Kungl,
1616 2276 109 48 Maj:t
1757 2275 66 36 och
