2207 2661
399 215 39 31 10
606 214 117 32 Andra
748 213 202 32 kammarens
967 212 148 41 fjärde
1140 210 171 42 tillfälliga
1334 209 133 33 utskotts
1490 207 169 34 utlåtande
1683 206 52 32 Nr
1759 207 29 30 8.

398 299 95 36 hålla
521 311 44 23 en
598 298 133 48 mängd
761 297 94 36 olika
883 297 87 45 skäl,
1002 297 67 35 och
1097 295 102 36 torde
1228 295 61 35 det
1318 294 119 35 därför
1465 305 83 23 vara
1576 290 166 50 lämpligt
1770 291 54 34 att
1852 289 11 35 i
1892 289 99 35 detta

397 354 258 47 sammanhang
683 354 144 35 bemöta
849 354 111 47 några
988 352 37 35 af
1053 351 91 36 dem.

504 409 87 35 Man
626 409 64 34 har
719 421 76 23 som
824 421 44 22 en
896 408 133 35 allmän
1057 406 147 48 mening
1233 404 208 44 framhållit,
1473 404 53 34 att
1554 403 113 48 syftet
1695 401 81 35 med
1805 400 43 35 de
1876 400 13 34 i
1917 411 72 23 mo-

397 465 124 35 tionen
560 464 200 47 föreslagna
800 462 212 49 åtgärderna
1054 461 114 36 skulle
1211 460 72 36 afse
1326 460 53 35 att
1416 459 11 34 i
1461 457 64 36 allt
1565 456 157 36 likställa
1749 453 242 38 förhållandet

398 520 131 35 mellan
566 521 118 33 staten
718 518 67 36 och
814 518 68 35 den
912 518 11 34 i
952 517 79 36 dess
1058 517 113 48 tjänst
1200 514 175 36 anställda
1403 512 209 49 personalen
1640 511 81 35 med
1751 509 160 37 enskilda
1940 521 50 22 ar-

398 575 216 47 betsgifvare
657 574 68 34 och
758 573 65 35 hos
857 572 80 36 dem
966 571 176 36 anställda
1170 570 170 45 arbetare,
1372 569 65 34 och
1468 567 100 36 detta
1596 566 114 36 skulle
1739 578 83 23 vara
1850 564 140 35 absolut

398 630 195 47 oförenligt
621 628 81 36 med
732 630 134 34 statens
895 640 25 23 s.
951 627 35 36 k.
1022 625 290 48 »öfverhöghet».
1370 623 110 36 Hvad
1510 621 167 37 beträffar
1701 621 112 35 första
1833 619 102 36 delen
1955 618 35 35 af

398 685 98 34 detta
538 684 202 47 påstående,
785 685 37 32 så
850 686 37 30 är
921 682 61 34 det
1014 681 224 45 fullkomligt
1271 679 161 45 oriktigt.
1496 677 100 33 Hade
1625 688 84 21 man
1738 676 108 33 afsett
1874 676 54 31 att
1957 674 35 32 få

397 736 272 37 förhållandena
696 736 61 34 vid
790 737 134 34 statens
952 734 86 36 verk
1067 732 224 48 fullkomligt
1319 731 150 48 analoga
1496 729 82 36 med
1607 728 91 45 dem,
1730 740 75 23 som
1834 726 85 36 råda
1946 727 46 48 på

398 792 61 36 det
501 792 160 35 enskilda
698 790 289 44 arbetsområdet,
1027 789 45 35 då
1099 788 91 36 hade
1218 800 85 23 man
1331 786 170 48 gifvetvis
1529 785 76 35 icke
1634 783 249 36 framkommit
1910 781 83 36 med

399 847 132 47 förslag
560 859 58 23 om
647 845 171 36 särskilda
846 844 164 48 åtgärder
1038 844 55 34 för
1122 845 133 33 statens
1283 841 96 44 verk,
1411 842 88 33 utan
1528 839 90 35 hade
1647 850 80 23 man
1761 837 45 35 då
1834 836 76 35 helt
1933 848 59 22 na-

397 901 140 49 turligt,
568 901 85 35 fullt
681 900 225 35 konsekvent
929 898 126 36 häfdat
1084 897 68 36 den
1180 895 295 50 uppfattningen,
1506 896 54 33 att
1588 893 69 35 den
1685 893 12 34 i
1732 893 134 35 statens
1880 892 114 47 tjänst

399 956 174 35 anställda
608 955 206 47 personalen
843 954 92 34 hade
964 955 63 41 att,
1065 953 6 34 i
1100 964 133 23 samma
1257 950 251 46 utsträckning
1536 961 76 22 som
1641 947 110 35 andra
1779 946 170 44 arbetare,
1981 945 11 33 i

399 1011 42 35 de
481 1010 74 45 fall,
596 1010 44 35 då
683 1009 69 35 den
786 1021 83 23 vore
898 1008 226 36 missbelåten
1155 1006 82 35 med
1266 1005 43 35 de
1338 1003 261 45 förhållanden,
1630 1001 114 36 under
1771 1000 124 36 hvilka
1924 999 69 35 den

399 1064 206 45 existerade,
648 1064 163 35 använda
844 1061 388 48 arbetsnedläggelsens
1266 1072 114 36 vapen
1410 1059 56 34 för
1495 1060 54 33 att
1576 1057 188 47 tillkämpa
1793 1056 55 46 sig
1876 1055 116 34 bättre

399 1119 139 45 villkor,
574 1131 82 23 men
687 1119 76 47 just
792 1117 119 36 därför
940 1118 54 34 att
1021 1129 84 22 man
1133 1115 77 35 icke
1239 1116 127 43 ansett,
1397 1114 54 34 att
1479 1110 272 37 förhållandena
1779 1113 59 32 äro
1869 1108 84 36 eller
1980 1108 13 35 i

399 1176 124 45 hvarje
551 1174 64 34 fall
643 1174 75 34 inte
749 1172 143 42 behöfva
919 1183 90 23 vara
1037 1170 86 35 fullt
1150 1169 160 46 analoga,
1342 1180 105 35 synes
1472 1167 60 34 det
1560 1166 90 34 både
1675 1166 75 45 mig
1775 1164 67 34 och
1862 1165 131 44 många

400 1228 110 35 andra
543 1227 128 47 nödigt
704 1228 54 33 att
790 1226 56 34 för
875 1226 134 34 statens
1047 1222 279 36 vidkommande
1355 1220 148 36 beträda
1532 1232 44 23 en
1605 1231 119 23 annan
1751 1221 70 43 väg
1849 1220 46 32 än
1924 1216 69 35 den

400 1295 82 22 man
525 1281 130 35 hittills
692 1280 107 47 slagit
840 1280 38 35 in
914 1281 55 46 på,
1005 1278 67 35 och
1104 1279 92 33 måst
1229 1277 52 35 slå
1322 1276 38 35 in
1388 1277 45 46 på
1461 1275 99 35 inom
1585 1273 60 36 det
1673 1271 162 37 enskilda
1863 1271 130 35 arbets-

400 1336 170 36 området.
630 1335 108 35 Hvad
781 1334 107 36 sedan
921 1335 110 45 angår
1058 1332 89 35 talet
1176 1344 58 23 om
1263 1332 53 33 att
1345 1343 44 22 en
1413 1329 100 47 dylik
1542 1327 202 47 anordning
1772 1326 78 35 icke
1880 1324 113 37 skulle

399 1403 84 23 vara
511 1390 154 47 förenlig
693 1389 82 34 med
805 1390 134 34 statens
968 1387 249 46 öfverhöghet,
1249 1387 37 33 så
1314 1386 111 33 måste
1456 1395 82 22 man
1566 1385 94 44 säga,
1692 1383 53 33 att
1774 1380 61 35 det
1863 1380 12 34 i
1895 1379 98 35 detta

400 1445 259 46 sammanhang
690 1443 123 35 verkar
836 1443 111 46 något
976 1440 256 48 egendomligt.
1291 1439 125 34 Staten
1444 1438 52 34 lär
1524 1437 58 35 väl
1610 1436 89 44 icke,
1725 1435 74 35 lika
1817 1434 82 35 litet
1918 1446 76 22 som

399 1502 120 46 någon
561 1498 150 45 enskild,
755 1498 12 34 i
804 1496 156 48 längden
989 1496 123 34 kunna
1140 1494 192 48 uppehålla
1360 1493 56 35 sin
1442 1492 239 46 öfverhöghet
1710 1489 126 36 endast
1863 1501 130 34 genom

400 1554 218 48 maktspråk,
663 1554 87 32 utan
788 1551 125 35 endast
955 1551 12 34 i
1009 1550 69 34 den
1120 1551 83 33 mån
1237 1548 66 35 den
1339 1548 90 34 låter
1461 1546 148 35 rättvisa
1638 1545 66 34 och
1733 1543 151 35 klokhet
1912 1554 83 23 vara

400 1606 296 51 grundläggande
732 1607 54 34 för
819 1606 76 34 sina
929 1604 214 47 handlingar
1170 1603 13 35 i
1211 1602 96 36 såväl
1336 1614 66 23 ena
1429 1613 77 23 som
1535 1599 110 36 andra
1673 1598 194 36 afseendet.
1924 1596 71 36 För

400 1663 111 47 öfrigt
555 1661 101 36 torde
698 1673 84 22 man
822 1661 64 34 här
913 1659 156 35 behöfva
1096 1660 112 45 något
1235 1660 161 31 närmare
1425 1659 86 44 göra
1538 1655 55 46 sig
1621 1653 84 36 reda
1731 1653 57 34 för
1815 1652 96 35 hvad
1939 1651 56 34 be-

400 1718 151 47 greppet
582 1719 111 32 staten
722 1715 11 34 i
776 1714 99 35 detta
914 1713 166 35 afseende
1109 1712 159 34 innebär.
1326 1711 182 34 kftersom
1538 1708 61 35 det
1628 1710 37 33 så
1695 1707 75 35 ofta
1798 1706 81 35 från
1907 1705 89 35 visst

401 1771 72 35 håll
511 1770 81 35 med
635 1769 109 35 sådan
786 1767 179 36 förkärlek
1004 1767 90 34 talas
1136 1779 58 22 om
1218 1767 135 33 statens
1382 1763 251 46 öfverhöghet,
1665 1763 37 33 så
1730 1761 71 34 kan
1830 1760 61 34 det
1914 1771 83 23 vara

400 1825 132 47 skäligt
571 1825 116 34 erinra
722 1836 69 31 om,
830 1824 53 32 att
911 1823 114 33 staten
1056 1821 13 33 i
1097 1820 98 35 detta
1224 1819 63 35 fall
1315 1819 258 47 representeras
1602 1816 36 34 af
1667 1828 45 22 en
1739 1814 61 36 hel
1828 1813 57 36 del
1913 1814 12 34 i
1954 1812 42 35 de

401 1880 95 34 olika
540 1879 130 34 verken
712 1876 174 36 anställda
925 1877 229 46 tjänstemän,
1191 1873 124 35 hvilka
1347 1872 172 47 gifvetvis
1547 1871 110 35 hafva
1685 1870 61 34 det
1774 1869 224 47 gemensamt

400 1933 82 35 med
511 1932 110 35 andra
649 1930 218 43 människor,
899 1932 54 32 att
982 1929 42 35 de
1054 1932 59 31 äro
1142 1929 12 33 i
1183 1940 74 22 mer
1278 1927 85 35 eller
1381 1926 139 34 mindre
1537 1924 87 48 grad
1645 1922 263 46 ofullkomliga,
1930 1921 67 34 och

401 1990 87 33 utan
531 1988 54 34 att
627 1986 12 34 i
681 1985 98 35 detta
822 1984 259 46 sammanhang
1121 1982 64 35 alls
1218 1982 88 47 vilja
1338 1981 102 35 kasta
1472 1981 120 45 någon
1622 1978 139 47 skugga
1789 1978 46 46 på
1863 1977 133 35 statens

401 2042 150 35 ämbets-
580 2041 67 34 och
675 2038 341 49 tjänstemannakår,
1048 2039 38 33 så
1117 2036 101 36 torde
1248 2035 60 35 det
1340 2034 57 36 väl
1426 2047 83 22 vara
1538 2032 237 46 obestridligt,
1807 2032 54 34 att
1888 2030 69 35 den
1984 2029 13 34 i

401 2097 102 46 fråga
532 2108 59 22 om
615 2094 183 35 förståelse
827 2093 55 34 för
911 2093 67 34 och
1007 2091 204 35 kännedom
1240 2103 59 22 om
1327 2089 252 35 företeelserna
1606 2088 46 47 på
1681 2086 61 35 det
1765 2087 81 33 rent
1870 2083 126 36 sociala

402 2149 163 36 området
592 2149 177 47 knappast
798 2148 69 34 kan
897 2150 101 43 sägas
1027 2147 54 34 stå
1109 2145 85 35 fullt
1222 2145 13 33 i
1262 2144 84 35 nivå
1375 2143 82 35 med
1485 2141 257 46 utvecklingen
1770 2140 12 34 i
1802 2139 196 35 allmänhet

402 2206 45 47 på
476 2204 99 35 detta
603 2202 155 36 område.
817 2201 83 35 Hur
928 2213 84 22 man
1042 2199 112 35 under
1183 2198 131 36 sådana
1333 2196 251 37 förhållanden
1604 2197 45 46 på
1669 2195 110 35 allvar
1798 2194 71 34 kan
1889 2192 109 36 häfda

402 2258 66 35 den
509 2258 296 48 uppfattningen,
850 2258 53 32 att
945 2255 100 34 dessa
1086 2266 178 35 personer,
1300 2252 120 35 därför
1448 2253 54 33 att
1530 2251 43 34 de
1602 2251 13 34 i
1643 2262 76 22 mer
1747 2249 83 34 eller
1858 2247 139 35 mindre

401 2313 87 47 grad
518 2313 123 33 kunna
669 2323 100 22 anses
797 2312 242 45 representera
1067 2310 128 43 staten,
1226 2307 99 35 skola
1353 2319 75 21 mer
1448 2309 45 32 än
1513 2305 110 35 andra
1642 2316 84 23 vara
1758 2302 167 36 skickade
1945 2303 54 33 att
