1872 2792
542 146 312 31 Bankoutskottets
872 147 180 30 utlåtande
1071 157 42 20 nr
1132 149 50 28 16.
1600 149 13 29 1

795 505 65 38 Nr
888 507 58 37 16.

337 610 185 30 Utlåtande
549 611 178 36 angående
757 611 190 30 verkställd
974 612 217 36 granskning
1217 621 41 21 av
1287 612 233 30 riksbankens
1549 613 64 29 och

515 664 354 37 riksgäldskontorets
890 665 146 37 styrelse
1057 666 62 29 och
1139 665 224 37 förvaltning.

168 771 117 36 Enligt
308 771 14 34 8
346 772 19 28 4
387 772 10 28 i
418 771 67 30 den
507 771 54 30 för
581 771 289 30 bankoutskottet
891 772 160 37 gällande
1073 773 260 29 instruktionen
1355 773 64 29 har
1441 773 172 29 utskottet

124 826 51 28 att
191 824 198 30 undersöka
406 825 65 29 och
488 825 151 37 granska
668 825 314 30 riksbankens
1040 826 157 30 tillstånd
1216 826 64 30 och
1298 826 92 30 huru
1409 826 204 30 densamma

125 878 96 37 styrd
239 878 64 30 och
322 878 174 30 förvaltad
514 879 108 34 blivit,
641 879 64 29 och
722 879 62 29 bör
801 879 172 30 utskottet
991 879 121 30 därvid
1130 880 78 29 med
1228 880 176 36 synnerlig
1425 880 188 37 uppmärk-

124 932 135 29 samhet
284 932 87 36 följa
396 932 41 30 de
463 932 239 37 fullmäktiges
727 932 169 37 åtgärder,
925 942 74 20 som
1025 942 79 20 avse
1128 933 199 30 metalliska
1353 933 148 29 kassans
1526 942 86 28 upp-

124 985 233 30 rätthållande
380 988 91 27 samt
495 986 343 37 myntutväxlingens
860 986 162 37 fortgång
1045 986 64 30 och
1131 987 156 29 bestånd.

167 1039 67 29 För
255 1039 279 36 granskningens
553 1039 258 30 verkställande
832 1039 64 30 har
916 1040 171 29 utskottet
1107 1040 86 36 tagit
1214 1040 54 29 del
1289 1049 42 21 av
1351 1039 73 30 dels
1446 1040 165 29 fullmäk-

123 1093 87 36 tiges
231 1093 9 28 i
262 1093 215 29 riksbanken
498 1093 178 29 allmänna
697 1093 64 29 och
783 1093 173 29 särskilda
978 1093 173 37 protokoll
1174 1095 89 27 samt
1286 1093 240 29 direktionens
1547 1093 64 29 och

123 1146 343 37 industristyrelsens
487 1146 173 37 protokoll
679 1147 164 29 ävensom
863 1146 174 37 protokoll
1058 1146 79 30 från
1157 1154 259 29 gemensamma
1437 1155 174 21 samman-

123 1200 122 29 träden
263 1200 78 29 med
362 1200 221 37 fullmäktige
603 1200 10 29 i
633 1200 215 29 riksbanken
867 1200 66 29 och
951 1200 10 29 i
982 1199 347 37 riksgäldskontoret,
1353 1200 160 36 samtliga
1533 1208 77 28 pro-

124 1254 107 29 tokoll
248 1254 54 28 för
319 1254 97 29 tiden
433 1253 80 30 från
529 1254 65 29 och
610 1253 79 30 med
707 1253 66 30 den
793 1253 37 30 10
848 1253 142 37 januari
1011 1253 92 35 1932,
1122 1253 90 29 intill
1230 1253 119 30 vilken
1367 1253 66 37 dag
1450 1262 160 21 ansvars-

123 1307 105 29 frihet
248 1307 162 37 beviljats
432 1307 55 29 för
508 1307 239 36 fullmäktiges
768 1307 9 29 i
799 1307 220 37 protokollen
1039 1307 216 29 antecknade
1276 1307 115 29 beslut
1412 1307 65 29 och
1497 1306 113 37 åtgär-

121 1361 70 34 der,
220 1361 64 29 och
311 1361 52 28 till
390 1360 127 36 början
543 1370 42 20 av
612 1360 234 29 innevarande
874 1360 57 30 års
959 1360 151 37 riksdag,
1138 1360 74 29 dels
1240 1360 67 30 den
1334 1369 43 20 av
1404 1360 205 36 riksdagens

121 1414 169 29 revisorer
309 1414 147 36 avgivna
476 1414 209 29 berättelsen
704 1422 55 20 om
779 1413 191 30 verkställd
992 1413 214 36 granskning
1227 1422 42 20 av
1289 1413 233 29 riksbankens
1542 1413 68 29 till-

121 1467 101 29 stånd
243 1467 64 29 och
329 1467 214 36 förvaltning
565 1467 110 29 under
696 1467 39 29 år
759 1467 91 33 1951,
874 1466 73 29 dels
970 1467 64 28 ock
1058 1466 238 36 fullmäktiges
1319 1466 78 29 med
1421 1466 189 29 utskottets

122 1520 180 30 memorial
323 1529 41 20 nr
387 1521 13 28 1
425 1520 52 30 till
498 1520 187 36 riksdagen
706 1520 244 29 överlämnade
971 1519 183 30 berättelse
1176 1519 178 36 angående
1377 1519 232 29 riksbankens

122 1574 168 34 tillstånd,
314 1574 128 29 rörelse
466 1574 65 29 och
555 1574 213 36 förvaltning
791 1573 111 29 under
925 1573 39 29 år
991 1573 91 34 1952,
1108 1573 163 29 ävensom
1296 1572 41 30 de
1362 1572 246 36 redogörelser,

122 1636 75 21 som
222 1636 42 21 av
289 1627 211 37 styrelserna
527 1627 54 29 för
606 1627 232 29 riksbankens
865 1626 333 37 avdelningskontor
1225 1626 151 28 lämnats
1405 1626 9 28 i
1441 1625 168 29 avseende

120 1682 19 28 å
161 1681 100 30 dessa
282 1681 144 30 kontors
448 1681 213 36 förvaltning
682 1680 111 30 under
814 1689 135 20 samma
969 1680 49 29 år.

166 1735 65 29 Vid
257 1735 261 36 granskningen
542 1735 63 29 har
631 1735 54 29 för
711 1735 168 29 utskottet
903 1736 90 29 varit
1020 1736 190 36 tillgänglig
1234 1736 132 36 jämväl
1391 1745 42 20 en
1459 1736 150 29 särskild

122 1788 216 36 redogörelse
371 1788 55 29 för
457 1788 268 29 verksamheten
756 1788 55 30 vid
845 1789 233 29 riksbankens
1111 1789 242 37 pappersbruk
1384 1789 57 29 vid
1474 1789 135 29 Tumba

122 1842 110 28 under
251 1841 38 29 år
311 1842 93 29 19352.

167 1895 12 28 I
209 1895 96 35 fråga
334 1903 57 20 om
420 1895 198 29 metalliska
648 1895 147 29 kassans
825 1896 175 36 ställning,
1031 1897 285 37 sedelutgivning,
1348 1899 50 28 in-
1427 1899 64 29 och
1522 1899 87 29 utlå-

121 1947 232 36 ningsrörelse
375 1948 164 29 ävensom
561 1948 96 36 övrig
678 1948 222 30 verksamhet
920 1949 57 29 vid
1000 1950 232 29 rikshankens
1253 1951 134 29 huvud-
1408 1952 65 29 och
1495 1952 114 29 avdel-

121 2001 231 36 ningskontor
379 2003 91 27 samt
496 2001 56 29 vid
582 2001 231 30 riksbankens
841 2002 243 37 pappersbruk
1111 2003 64 29 och
1205 2003 245 37 sedeltryckeri
1480 2004 129 30 tillåter

122 2054 50 36 sig
200 2054 170 29 utskottet
397 2056 51 27 att
477 2055 54 28 för
558 2064 42 19 en
628 2055 160 29 närmare
817 2055 198 30 kännedom
1043 2065 56 19 om
1128 2056 207 30 hithörande
1367 2057 242 30 förhållanden

122 2108 144 28 hänvisa
287 2108 52 29 till
360 2108 41 29 de
423 2108 244 36 redogörelser,
691 2117 73 20 som
785 2108 151 30 lämnats
958 2109 7 28 i
989 2109 40 29 de
1051 2109 211 34 berättelser,
1284 2110 94 29 vilka
1400 2111 146 35 avgivits
1567 2120 43 20 av

122 2161 204 36 riksdagens
346 2161 170 29 revisorer
534 2161 64 29 och
619 2161 219 36 fullmäktige
859 2161 8 28 i
888 2161 224 30 riksbanken.

165 2214 26 28 Å
212 2214 53 28 sin
286 2214 190 35 utlånings-
496 2214 63 28 och
578 2214 117 35 övriga
716 2214 126 29 rörelse
863 2215 110 28 under
992 2215 38 28 år
1053 2215 81 29 1952
1154 2215 63 28 har
1237 2216 214 28 riksbanken
1471 2216 138 29 erhållit

121 2275 42 19 en
183 2266 92 29 vinst
295 2276 41 19 av
356 2267 40 28 66
413 2267 62 28 295
491 2267 61 28 233
572 2266 130 29 kronor
722 2267 40 28 40
784 2267 67 28 öre.

167 2320 11 27 I
199 2319 168 29 avseende
388 2319 83 29 härå
494 2319 163 29 hänvisas
680 2319 49 29 till
751 2320 40 28 de
814 2319 246 36 specificerade
1082 2320 176 36 uppgifter
1279 2321 221 28 beträffande
1523 2321 86 28 riks-

121 2372 155 28 bankens
302 2372 106 28 vinst-
435 2372 64 29 och
527 2372 287 36 förlusträkning,
843 2381 74 19 som
947 2372 233 29 förekommer
1208 2373 5 28 i
1245 2373 238 36 fullmäktiges
1512 2383 96 26 nyss-

123 2425 161 34 nämnda,
310 2435 41 19 av
378 2425 169 29 utskottet
571 2425 77 29 med
677 2425 177 29 memorial
882 2435 41 19 nr
952 2426 10 27 1
995 2426 49 28 till
1072 2425 185 36 riksdagen
1283 2426 244 29 överlämnade
1554 2427 55 29 be-

122 2479 149 29 rättelse.

126 2586 5 16 !
158 2585 122 33 Bihang
300 2587 46 25 till
365 2586 187 31 riksdagens
570 2586 160 32 protokoll
750 2585 82 27 1953.
860 2586 8 24 8
887 2585 89 26 saml.
994 2585 45 26 Nr
1058 2585 44 27 16.
