1901 2828
294 188 187 31 Allmänna
508 187 398 42 beredningsutskottets
933 187 178 32 utlåtande
1136 197 43 20 nr
1203 188 40 30 30
1268 189 39 29 år
1334 187 82 31 1970
1583 191 11 30 1

781 489 64 40 Nr
878 490 53 40 30

315 593 184 30 Utlåtande
522 593 11 30 i
554 593 188 40 anledning
764 603 42 20 av
828 594 173 29 motioner
1024 603 55 20 om
1104 593 214 41 anställning
1341 603 42 20 av
1406 593 195 40 handikap-

512 648 69 39 pad
597 648 10 29 i
621 647 118 40 statlig
754 648 231 29 verksamhet.

160 756 13 29 I
192 755 41 31 de
251 756 234 39 likalydande,
504 756 52 30 till
575 756 179 30 allmänna
770 756 382 40 beredningsutskottet
1171 755 190 31 hänvisade
1382 755 218 30 motionerna

117 810 28 29 I:
161 809 63 31 964
239 820 42 20 av
295 810 80 29 herr
390 809 140 40 Kaijser
545 810 65 29 och
624 810 47 29 II:
687 809 83 30 1150
787 820 42 20 av
844 810 125 29 fröken
988 810 241 29 Wetterström
1247 810 65 30 och
1329 810 125 29 fröken
1471 809 129 39 Ljung-

116 863 81 40 berg
215 864 157 34 föreslås,
391 865 50 28 att
459 864 186 39 riksdagen
664 864 9 29 i
693 864 166 30 skrivelse
876 864 53 29 till
949 864 124 39 Kungl.
1093 864 105 36 Maj:t
1218 863 107 30 måtte
1345 863 185 30 hemställa
1550 864 51 28 att

115 918 482 39 arbetsmarknadsstyrelsen
619 918 81 29 eller
722 920 106 27 annat
849 917 159 40 lämpligt
1029 926 107 31 organ
1158 917 54 30 får
1234 918 9 29 i
1265 918 159 39 uppdrag
1446 919 50 28 att
1519 918 81 38 göra

115 982 42 19 en
179 973 263 38 undersökning
465 981 74 20 som
561 972 93 29 visar
676 971 9 29 i
708 972 117 29 vilken
847 972 244 39 utsträckning
1113 971 250 39 handikappad
1387 970 213 30 arbetskraft

116 1026 73 30 dels
212 1025 96 31 finns
331 1025 151 30 anställd
505 1026 95 29 inom
624 1025 66 30 den
714 1025 184 39 offentliga
922 1026 151 33 sektorn,
1098 1026 72 29 dels
1194 1025 70 29 kan
1289 1025 144 30 beredas
1459 1024 140 30 anställ-

115 1079 83 39 ning
222 1080 95 29 inom
341 1080 113 29 denna
478 1079 116 30 sektor
617 1081 89 28 samt
731 1079 72 29 dels
828 1080 77 28 sökt
930 1079 116 29 arbete
1070 1088 80 20 men
1173 1078 99 30 blivit
1296 1078 152 29 avvisad.
1474 1078 126 29 Vidare

114 1134 107 38 yrkas
247 1136 49 28 att
322 1134 125 38 Kungl.
472 1134 106 38 Maj:t
602 1133 45 39 på
672 1133 169 39 grundval
868 1142 41 20 av
935 1132 402 39 utredningsmaterialet
1363 1132 160 30 utfärdar
1550 1141 50 20 re-

115 1187 327 30 kommendationer
469 1187 81 29 eller
578 1186 280 40 förelägganden,
886 1195 74 21 som
986 1187 71 29 kan
1084 1195 101 21 anses
1214 1185 225 40 erforderliga
1468 1185 54 30 för
1550 1186 49 28 att

115 1241 270 39 handikappade
399 1241 11 28 i
425 1241 91 29 ökad
532 1240 244 39 utsträckning
791 1240 88 30 skall
894 1240 123 29 kunna
1030 1240 144 29 beredas
1190 1240 126 29 arbete.

159 1295 14 29 I
192 1294 220 30 motionerna
432 1294 120 30 anförs
571 1296 51 27 att
640 1294 33 30 vi
694 1295 10 28 i
723 1294 76 29 vårt
818 1293 156 30 tekniskt
995 1294 137 30 alltmer
1152 1293 258 39 komplicerade
1432 1293 169 30 samhälle

116 1350 129 29 utsätts
267 1348 55 30 för
344 1348 111 30 hårda
476 1348 270 40 påfrestningar.
771 1348 74 29 Den
867 1348 112 29 hårda
1003 1348 260 39 arbetspressen
1287 1347 153 31 försliter
1466 1346 135 31 männi-

118 1403 88 29 skan
222 1402 169 30 snabbare
407 1412 48 19 nu
471 1403 44 29 än
531 1402 156 39 tidigare,
704 1402 86 29 både
807 1403 10 29 i
833 1402 128 39 fysiskt
977 1402 65 29 och
1059 1401 161 39 psykiskt
1236 1401 179 30 avseende.
1433 1402 58 29 Ett
1509 1402 92 29 stän-

117 1457 72 39 digt
208 1456 135 30 ökande
362 1456 95 29 antal
475 1456 55 30 får
548 1456 44 39 på
611 1456 94 29 detta
725 1457 67 29 sätt
811 1455 213 40 handikapp,
1045 1455 93 30 vilka
1158 1454 136 31 medför
1314 1455 212 40 svårigheter
1547 1454 55 30 för

117 1511 78 29 dem
217 1512 49 28 att
286 1511 114 29 hävda
421 1510 51 39 sig
492 1511 11 29 i
523 1510 267 30 konkurrensen
811 1510 45 40 på
877 1509 345 30 arbetsmarknaden.
1245 1510 102 29 Detta
1368 1508 138 31 medför
1528 1509 75 30 ofta

117 1566 51 28 att
190 1565 40 29 de
254 1564 68 30 slås
345 1567 39 27 ut
407 1564 79 29 från
508 1564 66 30 den
596 1564 178 39 reguljära
797 1563 335 30 arbetsmarknaden
1156 1564 64 28 och
1244 1563 65 29 blir
1334 1563 191 30 hänvisade
1549 1563 52 29 till

118 1619 128 29 arbets-
263 1618 65 30 och
345 1618 203 30 socialvård.
567 1618 48 29 De
633 1617 287 39 handikappades
940 1617 168 30 situation
1125 1617 111 29 måste
1255 1617 220 39 fortlöpande
1496 1618 106 38 ägnas

118 1673 121 39 skärpt
261 1672 324 40 uppmärksamhet.
608 1672 102 29 Detta
731 1671 61 29 bör
815 1671 106 39 enligt
943 1671 259 29 motionärerna
1225 1671 71 30 inte
1320 1671 61 30 ske
1404 1671 121 30 enbart
1548 1679 54 31 ge-

118 1735 81 21 nom
222 1726 149 29 insatser
394 1726 10 29 i
425 1726 92 29 form
540 1735 42 20 av
604 1725 208 39 utbildning,
835 1725 131 29 arbets-
988 1725 65 29 och
1077 1724 202 35 socialvård,
1306 1725 85 29 utan
1415 1725 57 30 det
1496 1724 106 40 gäller

118 1781 87 28 även
229 1781 49 28 att
302 1780 81 38 göra
407 1779 295 39 arbetsplatserna
726 1778 194 39 anpassade
947 1778 49 29 till
1021 1778 41 29 de
1088 1778 159 30 enskilda
1271 1777 237 30 individernas
1533 1777 69 30 för-

118 1833 237 39 utsättningar
373 1833 64 29 och
452 1833 121 29 behov.
591 1832 267 39 Möjligheterna
875 1832 110 29 måste
1003 1832 67 29 öka
1087 1831 54 30 för
1160 1833 49 28 att
1227 1831 106 30 också
1350 1832 41 29 de
1409 1831 194 39 handikap-

118 1887 89 37 pade
228 1887 8 29 i
261 1887 109 30 större
391 1885 246 40 utsträckning
658 1886 88 29 skall
767 1886 122 29 kunna
912 1886 80 38 göra
1015 1895 42 19 en
1080 1885 229 30 arbetsinsats
1331 1886 10 28 i
1365 1885 57 30 det
1445 1885 158 29 normala

119 1940 209 30 arbetslivet.

164 1995 12 29 I
207 1994 234 30 strävandena
469 1995 50 28 att
549 2001 39 32 ge
618 1994 41 29 de
689 1992 269 40 handikappade
987 1993 113 29 bättre
1132 1992 338 40 arbetsmöjligheter
1502 2001 101 21 anser

119 2048 260 30 motionärerna
400 2048 49 29 att
471 2047 94 30 såväl
586 2046 231 39 landstingen,
838 2046 95 30 vilka
953 2046 64 29 har
1038 2046 285 30 huvudansvaret
1345 2046 54 30 för
1421 2046 182 40 lösningen

120 2111 42 21 av
186 2102 41 29 de
252 2101 289 40 handikappades
567 2100 166 40 problem,
761 2110 75 20 som
863 2102 114 28 staten
1002 2100 62 30 bör
1091 2099 174 40 uppträda
1292 2109 74 21 som
1394 2100 209 30 mönsterar-

118 2155 204 40 betsgivare.

164 2209 227 30 Beträffande
408 2209 253 39 motiveringen
677 2209 11 28 i
705 2208 110 39 övrigt
832 2208 98 30 torde
947 2208 37 29 få
1000 2208 164 29 hänvisas
1185 2207 49 30 till
1252 2208 132 29 motion
1403 2208 45 29 II:
1466 2208 92 29 1150.

577 2334 169 32 Gällande
760 2334 265 31 bestämmelser
1040 2345 46 19 m.
1100 2345 47 19 m.

165 2415 237 40 Riktlinjerna
424 2414 55 30 för
502 2414 218 30 anställande
744 2423 42 20 av
808 2413 270 40 handikappade
1101 2414 10 29 i
1136 2413 117 40 statlig
1276 2413 111 40 tjänst
1410 2414 127 39 bygger
1561 2414 44 39 på

120 2479 98 31 prop.
237 2469 96 30 1949:
350 2469 72 34 132,
437 2469 63 29 där
515 2469 57 29 det
586 2468 45 29 bl.
647 2477 28 20 a.
691 2463 194 43 framhålls.

164 2541 138 39 Frågan
322 2549 57 21 om
401 2542 50 28 att
472 2541 11 28 i
506 2538 252 31 samhällslivet
779 2538 219 39 tillvarataga
1021 2539 45 29 all
1089 2537 193 40 tillgänglig
1305 2538 214 31 arbetskraft
1542 2539 64 29 har

121 2600 122 22 0103530
333 2593 136 40 Bihang
484 2593 52 30 till
549 2592 206 40 riksdagens
769 2591 175 40 protokoll
960 2590 94 31 1970.
1072 2591 37 29 11
1125 2591 100 30 saml.
1239 2591 49 30 Nr
1301 2591 42 30 30
