1870 2782
273 204 17 29 6
632 201 287 30 Statsutskottets
941 199 178 30 utlåtande
1143 208 42 20 nr
1208 198 38 30 17
1268 199 39 29 år
1330 198 84 30 1959

323 285 395 41 Departementschefen
746 285 148 30 föreslår
921 284 119 30 vidare
1067 284 12 29 i
1107 282 203 40 anslutning
1338 282 52 30 till
1420 281 130 40 förslag
1579 291 42 20 av
1648 281 131 30 arbets-

280 336 365 40 marknadsstyrelsen
670 337 51 28 att
747 336 38 30 75
801 334 63 31 000
879 335 63 31 000
967 335 130 29 kronor
1123 333 138 31 anvisas
1286 333 46 39 på
1356 332 209 40 tilläggsstat
1591 332 112 30 under
1729 341 52 20 re-

279 386 352 39 servationsanslaget
648 385 364 39 Beredskapsarbeten
1029 384 45 41 på
1089 385 106 39 vägar
1212 383 65 30 och
1293 385 109 38 gator.
1420 382 218 31 Hemställan
1655 382 123 30 härom

278 438 100 38 göres
398 437 111 29 under
529 436 239 39 nästföljande
787 435 125 40 punkt.

323 487 239 39 Sammanlagt
587 487 112 29 skulle
724 486 144 30 därmed
895 486 111 29 under
1029 485 106 30 femte
1160 484 223 30 huvudtiteln
1408 484 62 30 269
1485 484 62 30 000
1563 484 61 30 000
1650 484 129 29 kronor

280 537 53 30 stå
362 537 53 30 till
445 536 206 40 förfogande
680 536 55 30 för
763 535 515 40 arbetsmarknadsreglerande
1307 534 162 40 åtgärder
1498 534 111 30 under
1638 534 141 29 inneva-

281 587 109 30 rande
413 587 178 40 budgetår.

323 688 186 30 Utskottet.
534 688 120 30 Såsom
678 688 44 30 bl.
747 697 29 21 a.
799 687 156 40 framgår
979 697 41 20 av
1043 687 66 30 den
1131 687 12 29 i
1167 685 457 40 statsverkspropositionen
1647 685 132 30 redovi-

278 738 82 30 sade
380 738 250 39 finansplanen
649 738 64 30 har
734 737 403 39 arbetsmarknadsläget
1156 736 294 40 nödvändiggjort
1472 745 42 20 en
1535 736 63 30 rad
1619 735 161 40 åtgärder

281 789 81 29 över
381 790 49 28 ett
448 789 91 29 brett
557 788 145 40 register
721 788 55 31 för
794 790 51 28 att
865 788 117 39 stödja
1002 787 322 40 sysselsättningen.

325 839 112 30 Dessa
455 839 160 39 åtgärder
632 839 75 36 har,
726 839 104 30 såvitt
848 847 48 22 nu
916 839 39 29 är
972 838 11 30 i
1002 838 109 39 fråga,
1130 838 189 30 beräknats
1337 837 160 30 medföra
1516 838 48 29 ett
1582 836 200 40 ytterligare

278 889 246 30 medelsbehov
549 888 55 31 för
627 889 237 30 innevarande
888 888 169 40 budgetår
1080 888 80 30 med
1184 888 37 30 71
1247 887 89 40 milj.
1361 888 130 29 kronor
1514 887 112 29 under
1650 887 130 30 arbets-

279 939 292 40 löshetsanslaget
598 939 66 30 och
691 939 80 29 med
801 939 38 30 75
869 938 89 40 milj.
986 939 131 29 kronor
1145 938 111 30 under
1285 938 158 39 anslaget
1470 937 52 30 till
1551 937 229 40 beredskaps-

282 990 144 30 arbeten
448 990 45 39 på
513 991 105 38 vägar
642 990 65 30 och
729 992 99 37 gator
849 990 85 30 eller
955 989 79 30 med
1057 989 148 39 tillhopa
1228 988 60 30 146
1312 988 89 40 milj.
1424 988 140 30 kronor.

327 1041 178 29 Utskottet
534 1040 193 40 tillstyrker
758 1040 80 29 med
868 1040 138 39 hänsyn
1036 1040 51 29 till
1118 1039 154 30 rådande
1303 1038 246 32 förhållanden
1579 1038 45 40 på
1653 1038 131 30 arbets-

280 1090 218 30 marknaden
522 1092 50 28 att
597 1090 57 30 det
678 1090 200 31 beräknade
901 1090 200 40 ytterligare
1125 1089 280 30 medelsbehovet
1430 1088 200 40 tillgodoses
1656 1097 124 31 genom

283 1141 122 40 anslag
424 1141 20 30 å
463 1140 219 41 tilläggsstat.

321 1191 178 30 Utskottet
519 1191 202 30 hemställer
741 1190 121 31 därför
882 1190 11 30 i
915 1190 229 31 förevarande
1165 1190 265 40 sammanhang,

635 1243 51 28 att
713 1241 189 40 riksdagen
930 1241 59 30 må
1016 1240 51 31 till
1095 1241 198 30 Kostnader
1319 1240 58 40 för
1403 1239 295 31 arbetslöshetens
1728 1239 55 30 be-

591 1291 199 40 kämpande
812 1301 46 20 m.
881 1301 46 20 m.
950 1292 19 30 å
991 1291 209 40 tilläggsstat
1222 1292 30 30 II
1274 1291 52 30 till
1348 1291 192 30 riksstaten
1563 1290 55 32 för
1640 1290 143 40 budget-

595 1342 75 30 året
703 1341 150 36 1958/59
887 1342 122 30 anvisa
1040 1343 49 28 ett
1120 1341 357 40 reservationsanslag
1513 1350 42 21 av
1589 1341 36 29 71
1643 1341 62 30 000
1721 1341 62 30 000

592 1393 140 29 kronor.

322 1585 78 36 2:0)
424 1586 355 36 Beredskapsarbeten
799 1587 43 35 på
863 1587 105 35 vägar
988 1586 64 30 och
1072 1588 107 34 gator.
1201 1587 13 29 I
1236 1585 153 40 enlighet
1409 1585 79 30 med
1509 1585 126 39 Kungl.
1657 1584 124 40 Maj:ts

280 1636 133 40 förslag
437 1636 129 39 (punkt
584 1636 30 34 2,
635 1646 25 21 s.
680 1636 36 35 6)
741 1636 65 30 och
826 1636 113 29 under
957 1636 211 39 hänvisning
1187 1636 51 30 till
1257 1636 67 29 vad
1345 1636 168 29 utskottet
1533 1635 117 30 anfört
1669 1635 112 29 under

280 1686 290 40 nästföregående
591 1686 114 39 punkt
726 1686 203 30 hemställer
950 1686 180 35 utskottet,
1318 1682 3 3 |

637 1738 50 27 att
703 1736 187 40 riksdagen
905 1736 59 30 må
979 1736 51 29 till
1047 1735 364 40 Beredskapsarbeten
1425 1736 45 40 på
1487 1736 103 39 vägar
1606 1736 63 29 och
1684 1737 100 38 galor

596 1786 20 30 å
642 1786 211 40 tilläggsstat
879 1787 30 29 II
935 1786 52 30 till
1014 1786 191 30 riksstaten
1232 1786 55 30 för
1311 1786 206 40 budgetåret
1548 1786 149 36 1958/59
1726 1796 59 20 an-

592 1837 75 30 visa
690 1839 48 28 ett
761 1837 358 40 reservationsanslag
1142 1846 42 21 av
1207 1837 38 30 75
1262 1837 62 30 000
1339 1837 62 31 000
1426 1837 139 34 kronor,
1591 1839 49 28 att
1664 1837 122 30 avräk-

595 1897 63 20 nas
677 1889 73 28 mot
768 1887 458 30 automobilskattemedlen.

328 2081 78 34 3:0)
435 2082 190 29 Kostnader
648 2082 57 30 för
729 2081 493 36 arbetsmarknadsstyrelsens
1245 2082 368 31 förrådsverksamhet.
1640 2082 12 29 I
1680 2080 106 40 enlig-

284 2131 58 30 het
361 2132 81 29 med
462 2132 124 39 Kungl.
607 2132 124 39 Maj:ts
752 2131 131 42 förslag
909 2131 129 40 (punkt
1058 2132 29 35 3,
1109 2141 24 21 s.
1155 2132 36 34 6)
1215 2132 202 29 hemställer
1437 2132 180 34 utskottet,

641 2184 51 28 att
718 2182 188 39 riksdagen
934 2182 58 30 må
1021 2182 49 29 till
1098 2182 198 29 Kostnader
1322 2182 56 39 för
1406 2182 382 39 arbetsmarknadssty-

591 2233 132 29 relsens
741 2232 366 40 förrådsverksamhet
1127 2233 19 29 å
1165 2232 210 40 tilläggsstat
1397 2234 29 28 II
1446 2232 51 30 till
1517 2233 190 29 riksstaten
1728 2232 54 29 för

591 2283 204 39 budgetåret
813 2283 150 36 1958/59
980 2283 121 30 anvisa
1116 2285 48 27 ett
1179 2283 356 39 reservationsanslag
1551 2292 42 20 av
1609 2283 17 29 2
1642 2282 62 31 000
1719 2282 62 31 000

589 2334 141 30 kronor.
