1896 2854
556 157 260 33 Statsutskottets
841 161 163 30 utlåtande
1030 163 49 29 Nr
1101 163 69 31 114.
1576 165 39 31 37

422 245 72 39 fall,
526 246 129 38 Kungl.
686 246 101 39 Maj:t
818 247 112 33 finner
960 249 327 39 omständigheterna
1318 251 118 33 sådant
1465 251 148 39 påkalla,

421 295 148 40 stadgas,
591 300 52 29 att
664 297 226 40 nyintagning
912 310 42 21 av
975 299 109 32 elever
1104 300 54 32 till
1181 301 108 32 första
1310 301 133 33 klassen
1465 301 72 34 icke
1560 303 55 31 må

420 351 64 34 äga
506 358 72 21 rum
599 347 106 33 under
724 347 125 34 läsåret
872 350 228 34 1931—1932.

158 437 191 34 Stockholm
376 439 61 33 den
464 440 41 32 30
530 440 89 39 april
645 441 95 32 1931.

607 540 51 34 På
676 542 267 34 statsutskottets
963 548 141 33 vägnar:

622 625 34 33 S.
679 626 43 33 H.
745 626 352 35 KVARNZELIUS.

185 969 63 29 Vid
269 969 198 29 förestående
487 970 130 29 ärendes
637 971 258 36 slutbehandling
915 973 85 29 inom
1021 974 155 29 utskottet
1195 974 80 30 hava
1297 976 156 28 närvarit:

144 1020 74 29 från
248 1020 152 29 första
428 1021 194 29 kammaren:
654 1021 110 30 herrar
782 1020 33 30 S.
835 1022 43 29 H.
899 1024 220 33 Kvarnzelius,
1140 1024 74 36 Olof
1236 1024 120 34 Olsson,
1377 1026 34 29 O.
1430 1026 178 34 Bergqvist,

107 1062 94 29 Oscar
222 1062 121 34 Olsson,
364 1062 32 29 C.
417 1064 27 28 I.
463 1063 156 35 Asplund,
638 1064 32 28 J.
692 1064 34 28 G.
747 1065 125 33 Walles,
893 1065 32 29 C.
950 1066 34 28 G.
1007 1067 35 28 V.
1064 1067 268 35 Hammarskjöld,
1353 1068 40 28 K.
1414 1068 37 28 E.
1472 1068 136 29 Anders-

104 1114 56 19 son
179 1105 9 28 i
209 1106 177 33 Eliantorp,
408 1106 33 29 O.
461 1105 36 29 A.
517 1106 148 35 Ernfors,
684 1107 36 28 A.
740 1107 126 33 Thelin,
885 1109 40 28 K.
945 1108 36 28 A.
1004 1109 43 28 W.
1069 1109 116 35 Björck
1205 1110 56 29 och
1280 1110 32 28 J.
1332 1110 147 33 Pålsson;

144 1155 74 29 från
254 1157 137 27 andra
423 1156 193 29 kammaren:
643 1157 109 29 herrar
775 1158 36 28 A.
836 1158 164 29 Anderson
1024 1160 9 28 i
1058 1160 145 34 Råstock,
1229 1160 36 28 A.
1292 1160 150 29 Wiklund
1466 1162 9 27 i
1500 1161 107 29 Bratt-

103 1197 77 34 fors,
200 1197 33 29 C.
251 1198 37 28 R.
307 1198 138 29 Jansson
465 1200 10 27 i
495 1199 114 35 Falun,
630 1199 32 29 S.
680 1200 178 34 Bengtsson
879 1202 9 27 i
908 1201 122 35 Norup,
1052 1201 34 29 G.
1107 1200 203 35 Strindlund,
1328 1203 37 28 E.
1387 1203 35 28 G.
1442 1203 37 29 E.
1498 1203 109 29 Eriks-

102 1249 57 19 son
175 1240 9 28 i
204 1239 189 36 Stockholm,
409 1240 32 29 J.
460 1242 148 34 Olofsson
624 1243 10 28 i
652 1243 167 34 Digernäs,
839 1243 34 29 O.
892 1244 179 29 Andersson
1089 1245 9 27 i
1119 1244 97 35 Höör,
1237 1245 34 29 O.
1289 1245 36 28 E.
1343 1245 36 28 F.
1398 1245 102 34 Järte,
1517 1247 36 27 P.
1573 1245 32 29 C.

102 1281 138 30 Jonsson
261 1284 9 27 i
293 1284 193 35 Eskilstuna,
507 1284 35 29 G.
562 1285 136 29 Persson
717 1286 10 28 i
749 1285 90 30 Falla
859 1286 55 29 och
933 1286 36 29 F.
991 1288 35 27 V.
1046 1285 169 31 Sandwall.

673 1572 350 36 Reservationer

147 1653 35 41 1)
202 1667 42 19 av
259 1655 116 32 herrar
389 1656 190 40 Bergqvist,
600 1657 136 40 Walles,
753 1657 130 41 Thelin,
901 1659 133 42 Björck,
1052 1660 187 39 Bengtsson
1255 1661 12 31 i
1284 1661 127 40 Norup,
1429 1662 99 33 Järte
1545 1663 60 32 och

99 1703 183 42 Sandwall,
302 1705 95 33 vilka
416 1709 119 37 ansett,
557 1710 52 29 att
627 1707 182 34 utskottets
830 1709 174 33 utlåtande
1024 1711 61 32 och
1106 1711 129 39 förslag
1254 1712 74 32 bort
1347 1712 86 33 hava
1456 1711 148 40 följande

100 1755 141 38 lydelse:

145 1820 17 16 »
167 1806 223 33 Beträffande
406 1807 107 39 själva
551 1828 22 3 —
600 1828 28 4 —
655 1829 32 3 —
713 1829 29 3 —
768 1830 37 3 —
821 1811 84 38 grad
921 1811 178 34 önskvärd.

143 1856 247 33 Detav——
417 1878 155 4 ———
590 1859 180 34 utskottets
791 1861 86 32 sida.

144 1907 127 39 Kungl.
289 1908 119 38 Maj:ts
452 1928 16 3 —
501 1928 25 3 —
556 1929 30 3 —
614 1929 29 3 —
669 1929 35 4 —
721 1911 197 39 riksdagens
935 1912 120 36 beslut,

142 1958 76 32 Vad
239 1958 41 32 då
321 1978 23 3 —
375 1979 31 2 —
435 1978 33 3 —
498 1979 30 3 —
558 1979 37 3 —
615 1960 153 33 lärokurs
789 1963 187 38 upptagits.

142 2008 67 32 Det
228 2020 98 27 synes
369 2028 20 4 —
420 2029 30 4 —
480 2029 32 3 —
540 2029 30 4 —
600 2030 38 4 —
657 2011 60 32 och
736 2011 54 33 IT:
804 2013 76 32 414.

142 2059 18 32 I
178 2059 100 39 fråga
321 2079 17 4 —
369 2080 28 3 —
426 2079 31 4 —
486 2079 30 4 —
540 2080 36 4 —
594 2061 102 38 högre
713 2062 115 34 siffra.

143 2108 115 33 Såsom
277 2110 364 39 departementschefen
674 2132 26 3 —
728 2133 30 2 —
789 2133 29 3 —
846 2133 33 3 —
904 2134 38 3 —
959 2115 10 31 i
988 2115 241 34 lärarbehovet.

142 2160 75 33 Med
233 2160 130 39 hänsyn
392 2181 31 3 —
439 2182 30 3 =
497 2182 27 3 =
558 2182 28 3 =
621 2182 42 3 —
682 2161 196 41 1931/1932.

142 2210 172 33 Utskottet
331 2223 96 21 anser
443 2231 43 3 —
502 2232 45 4 —
563 2221 49 15 —
624 2233 44 3 —
684 2232 44 4 —
745 2214 82 32 eller
844 2215 218 38 svårigheter.

141 2261 18 31 I
178 2261 100 38 fråga
319 2281 19 3 —
369 2282 28 3 —
427 2282 30 2 —
489 2282 28 3 —
542 2282 37 4 —
595 2264 60 31 och
673 2264 53 32 IT:
741 2266 75 32 426.

142 2311 74 32 Med
238 2312 130 38 hänsyn
392 2312 53 32 till
468 2313 38 32 de
528 2313 230 39 pedagogiska
781 2314 86 40 skäl,
892 2327 67 20 som
982 2316 11 31 i
1017 2316 60 32 och
1101 2317 53 31 för
1177 2316 52 38 sig
1251 2317 70 32 tala
1345 2317 54 32 för
1422 2318 60 32 den
1507 2317 94 39 lägre

96 2360 136 40 siffran,
251 2363 60 32 och
328 2362 125 38 jämväl
469 2363 74 32 med
559 2363 101 32 tanke
678 2365 43 38 på
739 2368 51 28 att
807 2364 196 34 lärokursen
1022 2365 193 39 föreslagits
1235 2366 93 33 skola
1346 2366 184 34 bibehållas
1550 2369 49 31 så-

96 2422 69 21 som
182 2412 143 39 tvåårig,
344 2424 97 22 anser
457 2413 54 39 sig
526 2413 166 33 utskottet
710 2414 78 33 böra
807 2415 133 33 biträda
959 2416 129 38 Kungl.
1107 2416 118 38 Maj:ts
1245 2417 140 38 förslag.
1427 2418 173 33 Utskottet

95 2461 180 39 avstyrker
292 2463 101 33 alltså
413 2463 208 33 sistnämnda
639 2465 57 31 två
716 2465 170 33 motioner.
