2248 2644
450 213 20 28 4
866 201 377 43 Bevillningsutskottets
1266 198 211 38 betänkande,
1502 198 50 30 Nr
1574 199 29 29 3.

410 298 81 37 icke
534 297 119 48 högre
696 292 299 39 skatteinkomst
1031 296 44 32 än
1111 292 78 45 22,7
1217 287 175 49 miljoner
1420 286 154 45 kronor,
1602 283 120 38 vilket
1749 281 141 50 belopp
1918 280 10 36 i
1958 279 64 38 be-

409 347 204 37 traktande
654 345 118 37 därav
810 349 55 31 att
905 343 65 35 det
1011 340 121 49 årliga
1159 339 183 48 beloppet
1367 351 45 23 av
1441 339 91 34 våra
1560 335 150 36 direkta
1733 333 71 37 och
1831 331 192 37 indirekta

411 399 147 35 skatter
599 401 115 42 utgör
754 394 104 37 cirka
899 394 72 34 270
1004 390 177 48 miljoner
1203 389 153 44 kronor,
1384 385 201 38 varibland
1610 390 97 30 även
1734 383 57 36 till
1819 382 79 36 viss
1926 380 98 48 grad

410 448 111 48 ingår
561 444 370 50 fastighetsskatter,
973 441 101 36 vilka
1107 439 147 36 drabba
1276 436 238 53 jordvärdet,
1542 434 175 49 tydligen
1746 432 175 48 omöjligt
1949 431 74 35 kan

412 498 118 38 förslå
558 501 54 32 att
640 500 143 33 ersätta
811 492 180 50 samtliga
1019 491 114 37 dessa
1161 489 157 37 skatter.
1352 490 109 34 Även
1491 499 60 24 om
1581 498 87 24 man
1697 482 123 38 skulle
1848 480 176 39 förmoda

414 555 54 31 att
497 562 46 23 en
571 546 220 50 betydande
820 542 244 50 felmarginal
1092 541 208 37 förefinnes
1327 539 11 36 i
1366 536 324 49 beräkningarna,
1719 534 82 37 visa
1821 533 114 36 dessa
1954 531 70 37 lik-

414 599 61 36 väl
504 597 291 38 ohållbarheten
824 609 46 28 av
898 595 74 35 den
1001 590 285 52 georgeistiska
1315 585 510 51 samhällsuppfattningens
1845 583 180 48 förhopp-

414 650 93 47 ning
536 654 55 30 att
618 649 163 44 samtliga
809 645 146 36 skatter
988 644 5 34 i
1023 641 202 38 huvudsak
1254 640 128 35 kunde
1409 637 192 37 bestridas
1626 635 86 37 med
1737 648 45 23 en
1801 632 224 50 jordvärde-

416 699 125 49 avgift
568 698 9 36 i
607 701 83 33 vårt
719 696 101 37 land.

515 749 89 37 Man
644 748 75 37 kan
760 746 84 37 icke
876 744 122 37 heller
1027 749 91 31 utan
1146 741 130 37 vidare
1304 739 172 49 godtaga
1503 735 230 52 påståendet
1761 739 56 31 att
1844 733 64 37 det
1934 745 92 24 vore

412 804 139 34 rättvist
583 804 56 32 att
673 810 140 37 genom
846 794 250 48 beskattning
1123 790 210 39 verkställa
1362 803 47 23 en
1436 787 231 47 fullständig
1694 783 235 50 indragning
1943 783 83 48 just

417 865 47 22 av
484 849 238 50 jordvärdet,
743 847 138 37 medan
902 845 119 36 andra
1040 842 223 37 nuvarande
1283 837 407 49 beskattningsobjekt
1710 835 122 37 skulle
1852 834 173 47 fritagas.

419 902 73 36 Det
531 900 100 36 finns
663 904 25 31 t.
719 911 57 23 ex.
807 895 232 50 näppeligen
1068 898 122 31 större
1219 891 81 36 skäl
1331 894 54 32 att
1413 889 230 48 beslagtaga
1667 884 226 38 småfolkets
1922 896 106 35 spar-

419 964 159 38 pengar,
607 949 121 37 sedan
756 948 47 36 de
831 946 179 48 nedlagts
1038 943 55 37 uti
1118 949 54 31 ett
1197 942 88 49 dyrt
1303 941 197 37 förvärvat
1518 950 123 37 »egna
1658 937 110 36 hem»
1787 940 47 32 än
1850 933 178 50 tidigare,

420 1003 48 37 då
496 1001 151 37 medlen
676 1012 92 24 voro
797 996 250 38 innestående
1072 995 11 36 i
1110 991 328 49 bankinrättning.
1481 990 84 36 Inte
1593 987 121 38 heller
1741 985 197 38 förefaller
1966 984 65 36 det

419 1052 178 50 lämpligt
626 1056 54 32 att
708 1051 77 36 låta
813 1055 24 30 t.
868 1061 56 23 ex.
955 1047 65 36 det
1048 1044 219 50 betydande
1296 1040 352 50 handelskapitalet
1677 1050 90 24 vara
1786 1036 140 37 befriat
1947 1035 82 36 från

421 1104 114 36 skatt.

521 1153 74 35 Det
623 1152 68 35 bör
720 1150 115 36 också
864 1148 145 36 erinras
1038 1159 61 23 om
1121 1149 55 32 att
1194 1155 159 25 numera
1373 1142 69 36 har
1462 1141 119 36 andra
1597 1139 71 37 och
1683 1138 125 36 bättre
1821 1135 210 49 tillfyllest-

422 1203 172 49 görande
622 1200 259 48 förklaringar
909 1196 163 38 rörande
1101 1195 209 37 orsakerna
1330 1192 58 37 till
1408 1190 266 38 arbetslönens
1695 1187 156 44 storlek,
1871 1184 162 50 kapital-

423 1259 157 31 räntans
613 1258 114 30 natur
760 1250 68 37 och
865 1248 194 37 krisernas
1083 1245 210 50 uppkomst
1321 1249 47 31 än
1397 1242 59 46 de,
1485 1241 103 37 vilka
1614 1240 154 36 komma
1795 1237 55 36 till
1881 1248 114 37 synes
2022 1234 12 36 i

423 1303 283 50 georgeistiska
736 1301 166 36 skrifter.
957 1299 75 36 Det
1059 1297 69 36 bör
1155 1294 124 38 tillika
1307 1292 236 46 framhållas,
1573 1295 55 32 att
1649 1290 64 36 det
1732 1294 40 31 är
1789 1285 248 51 synnerligen

424 1354 121 37 ovisst
582 1367 58 22 om
681 1351 228 48 jordräntan
950 1346 249 51 oupphörligt
1240 1344 130 49 stiger.
1424 1341 283 38 Erfarenheten
1739 1338 103 36 visar
1869 1336 169 37 fallande

429 1405 70 36 och
542 1403 179 48 stigande
763 1400 280 49 konjunkturer
1077 1396 108 37 såväl
1213 1395 11 36 i
1256 1395 111 48 fråga
1395 1407 60 23 om
1476 1389 300 52 jordbruksjord
1805 1401 81 23 som
1916 1386 124 49 bygg-

424 1453 238 49 nadsgrund,
690 1450 202 39 vattenfall
919 1449 72 38 och
1016 1445 198 40 malmfält.

528 1505 84 36 Den
653 1502 199 49 praktiska
890 1499 291 39 utförbarheten
1225 1510 45 23 av
1305 1495 65 37 det
1400 1504 138 27 »rena»
1569 1513 48 4 —
1647 1491 108 37 märk
1783 1489 74 47 väl,
1883 1500 85 25 rena
1992 1506 39 5 —

421 1556 246 48 jordvärdets
695 1553 234 48 indragning
957 1551 112 36 beror
1097 1549 115 37 också
1228 1561 45 22 av
1294 1545 251 49 möjligheten
1561 1548 55 32 att
1632 1540 178 49 särskilja
1825 1540 213 37 detsamma

426 1608 86 36 från
540 1605 202 37 resultatet
771 1617 45 22 av
844 1603 12 35 i
883 1601 235 49 fastigheten
1148 1598 159 47 nedlagt
1336 1596 131 37 arbete
1496 1594 70 37 och
1596 1591 154 51 kapital.
1805 1589 146 38 Hittills
1979 1601 61 35 sy-

428 1670 69 23 neg
526 1669 87 23 man
642 1655 83 36 icke
754 1654 49 36 ha
831 1652 149 49 lyckats
1005 1656 54 31 att
1086 1650 10 35 i
1127 1649 105 36 detta
1261 1647 193 36 avseende
1483 1644 165 50 uppvisa
1675 1641 234 48 taxeringar,
1937 1638 104 36 vilka

432 1708 131 35 kunna
603 1719 92 23 vara
737 1703 150 49 ägnade
922 1707 53 31 att
1018 1700 85 37 fullt
1130 1704 195 31 motsvara
1354 1697 46 36 de
1429 1697 93 36 krav
1552 1707 88 23 man
1669 1694 84 35 från
1782 1688 260 52 georgeistisk

432 1756 243 52 ståndpunkt
701 1755 168 36 behöver
897 1752 114 37 ställa
1038 1754 49 46 på
1115 1750 207 36 desamma.

532 1810 109 33 Även
684 1819 60 22 om
787 1817 88 23 man
909 1802 161 37 sålunda
1097 1801 123 35 finner
1249 1798 60 48 sig
1336 1798 93 36 böra
1458 1796 131 36 avvisa
1617 1792 271 50 georgeismen
1917 1792 126 34 såsom

431 1871 45 23 en
506 1860 49 46 på
583 1855 165 48 oriktiga
778 1853 322 47 förutsättningar
1128 1848 215 51 uppbyggd
1373 1843 416 48 samhällsåskådning,
1817 1853 88 24 vars
1925 1839 120 37 utför-

432 1908 135 36 barhet
608 1907 115 36 också
751 1905 75 36 kan
855 1903 122 37 starkt
1005 1900 201 47 betvivlas,
1235 1899 69 36 bör
1332 1898 64 36 det
1419 1896 117 37 likväl
1564 1895 174 44 betonas,
1767 1897 55 32 att
1849 1891 66 37 det
1942 1890 101 36 finus

432 1959 103 36 vissa
573 1956 268 50 grundtankar
885 1954 52 36 uti
973 1953 237 43 densamma,
1239 1949 102 36 vilka
1368 1948 95 37 böra
1491 1946 115 37 vinna
1633 1942 217 39 beaktande
1878 1940 72 38 och
1978 1945 65 32 äro

434 2023 46 23 av
508 2008 117 37 värde
654 2012 56 32 att
736 2005 256 47 tillvarataga.
1047 2003 56 37 De
1127 2002 91 48 ingå
1245 2000 117 37 också
1376 1999 55 36 uti
1443 1991 602 56 jordreformsträvanden
1913 1987 18 69 i
1948 1987 100 69 flera

434 2059 144 37 länder.
632 2057 122 37 Bland
784 2056 114 36 dessa
925 2053 268 50 grundtankar
1221 2051 68 36 bör
1318 2049 155 37 särskilt
1490 2048 167 45 anföras,
1676 2050 54 32 att
1746 2042 299 48 beskattningen

435 2109 55 36 uti
532 2113 142 32 största
715 2106 158 48 möjliga
906 2103 271 47 utsträckning
1209 2100 98 37 skall
1335 2099 77 37 vila
1439 2102 49 46 på
1515 2097 157 45 värden,
1699 2095 104 36 vilka
1826 2091 221 40 tillkommit

435 2165 93 30 utan
557 2164 165 43 ägarens
752 2155 223 50 åtgörande,
1001 2153 136 37 medan
1166 2152 170 36 inkomst
1364 2163 46 24 av
1437 2154 71 42 eget
1531 2147 130 38 arbete
1676 2145 116 37 gåvitt
1808 2143 148 48 möjligt
1971 2141 76 37 för-

437 2209 72 37 blir
538 2210 230 36 obeskattat.
824 2206 134 37 Denna
987 2203 148 52 princip
1165 2207 40 32 är
1233 2200 118 49 riktig
1379 2200 71 37 och
1474 2200 68 36 bör
1569 2198 12 36 i
1610 2196 49 37 all
1676 2195 210 50 synnerhet
1901 2192 147 38 hävdas

437 2261 11 37 i
487 2260 173 50 Sverige,
723 2258 68 37 där
831 2257 329 48 skattesystemet,
1202 2252 132 37 oaktat
1377 2250 157 38 särskilt
1571 2244 385 53 byggnadsgrunden
1993 2242 56 37 till
