2198 2638
719 221 221 30 Statsutskottets
968 218 151 31 Utlåtande
1141 218 55 29 N:o
1221 218 51 29 10.
1749 210 41 30 81

314 301 221 48 Visserligen
578 301 91 35 hade
712 300 131 49 Kongl.
883 299 100 48 Maj:t
1023 299 101 34 förut
1151 296 47 49 på
1225 294 259 49 föredragning
1512 291 40 38 af
1579 290 126 38 chefen
1735 290 57 37 för

205 355 406 48 finansdepartementet
652 355 148 35 beslutit
837 359 57 30 att
935 354 64 34 hos
1043 351 206 47 Riksdagen
1288 349 87 35 äska
1403 351 51 32 ett
1483 352 105 31 extra
1617 346 127 47 anslag
1768 344 25 36 å

203 409 210 36 riksstatens
454 408 128 48 sjunde
624 407 230 37 hufvudtitel
887 407 59 35 till
975 407 136 47 belopp
1140 404 41 36 af
1210 404 164 43 100,000
1403 402 135 35 kronor
1566 399 57 45 för
1651 405 54 29 att
1733 411 59 23 an-

204 462 137 36 vändas
368 463 60 34 till
456 462 166 48 åtgärder
649 462 20 39 i
689 460 95 49 syfte
812 466 56 31 att
896 459 131 48 främja
1057 459 190 47 lösningen
1276 456 41 35 af
1333 455 130 48 frågan
1479 452 183 50 angående
1678 454 114 46 lämp-

204 517 130 47 ligaste
362 521 109 30 sättet
496 521 56 30 att
581 515 244 48 tillgodogöra
854 514 70 36 den
952 515 12 34 i
992 513 144 35 landets
1173 512 214 35 torfmossar
1416 508 190 47 befintliga
1635 506 157 36 bränsle-

204 568 167 49 tillgång,
414 582 83 23 men
539 569 101 35 detta
681 566 320 50 oaktadt.ansåge
1022 561 396 53 departementschefen
1445 562 55 47 sig
1528 574 68 35 ega
1624 558 169 49 fullgoda

203 624 80 35 skäl
322 623 181 48 tillstyrka
542 622 132 49 Kongl.
703 622 102 48 Maj:t
834 628 54 30 att
911 621 139 48 jemväl
1079 619 22 36 å
1125 618 135 37 mionde
1289 615 255 43 hufvudtiteln
1573 615 132 46 begära
1734 626 58 23 an-

204 677 80 47 slag
312 675 59 37 för
399 676 222 49 vidtagande
650 674 40 37 af
715 689 51 22 nu
801 674 211 50 ifrågasatta
1041 672 205 48 anordning
1274 671 59 35 till
1362 668 251 49 befrämjande
1641 666 40 36 af
1706 665 87 37 torf-

200 730 226 40 industriens
454 730 214 48 utveckling
690 730 12 34 1
730 729 134 36 landet.

312 784 57 36 De
411 782 39 37 af
490 784 129 35 chefen
653 781 58 37 för
738 782 410 48 finansdepartementet
1175 778 55 35 uti
1259 778 91 35 hans
1378 775 198 37 anförande
1605 774 60 35 till
1692 779 101 31 stats-

201 837 310 49 rådsprotokollet
552 835 106 37 öfver
697 836 273 37 finansärenden
999 834 151 48 angifna
1174 831 173 49 åtgärder
1374 829 121 49 afsåge
1510 828 204 48 nemligen,
1738 826 54 38 så-

206 904 77 22 som
312 891 111 36 redan
452 890 161 48 antydts,
644 890 126 35 endast
797 889 164 37 torfvens
987 885 320 51 tillgodogörande
1336 886 114 34 såsom
1478 881 315 40 bränslematerial

204 945 67 35 och
318 957 88 23 vore
449 943 195 49 betingade
684 942 254 49 förnämligast
971 940 43 37 af
1048 939 326 49 angelägenheten,
1417 936 99 37 såväl
1545 948 46 23 ur
1619 935 174 36 national-

204 998 213 37 ekonomisk
458 997 191 48 synpunkt
691 1009 78 23 som
801 996 84 36 med
910 996 143 48 hänsyn
1081 994 61 36 till
1168 991 310 37 fäderneslandets
1506 989 154 43 försvar,
1689 986 107 38 deraf

205 1057 55 30 att
289 1052 128 35 landet
444 1051 143 49 gjordes
613 1051 14 36 i
655 1051 207 47 möjligaste
897 1048 113 37 måtto
1038 1045 204 40 oberoende
1273 1045 40 36 af
1340 1044 345 47 stenkolsimporten
1712 1040 83 38 från

205 1101 179 57 utlandet.
1455 1110 3 3 |
1575 1129 2 2 |

314 1158 71 36 Om
406 1172 2 2 :'
427 1157 204 37 emellertid
675 1158 67 34 ock
783 1155 201 50 torffrågan
1021 1164 99 28 ännu
1147 1156 79 35 icke
1255 1153 160 37 befunne
1444 1154 53 47 sig
1526 1151 46 49 på
1599 1164 44 23 en
1672 1149 37 38 så
1737 1153 57 33 ut-

207 1212 156 36 vecklad
405 1211 236 48 ståndpunkt,
684 1217 53 29 att
778 1210 83 36 vårt
888 1210 103 35 lands
1018 1210 138 47 rikliga
1183 1208 158 50 tillgång
1370 1206 46 50 på
1444 1205 314 38 bränslematerial
1787 1204 11 34 i

205 1264 260 37 torfmossarne
494 1264 123 36 kunde
646 1263 47 45 så,
721 1276 78 23 som
824 1264 160 46 önskligt
1011 1276 99 32 vore,
1138 1263 149 35 komma
1315 1260 202 37 industrien
1541 1259 73 36 .och
1634 1259 166 34 kommu-

206 1318 356 36 nikationsväsendet
589 1317 61 36 till
678 1317 106 48 godo,
809 1317 97 36 hade
935 1317 118 35 denna
1081 1315 103 49 fråga
1213 1316 128 41 likväl,
1369 1314 83 35 tack
1480 1325 87 24 vare
1589 1317 59 30 ett
1674 1311 125 48 mång-

206 1371 95 49 årigt
342 1372 124 35 arbete
495 1372 12 34 i
536 1371 98 36 olika
669 1371 138 43 länder,
834 1371 125 47 bragts
988 1370 147 43 derhän,
1163 1375 55 29 att
1246 1368 85 37 med
1359 1367 234 47 tillämpning
1621 1364 40 36 af
1687 1364 112 36 redan

207 1438 128 25 vunna
377 1424 246 37 erfarenheter
664 1437 43 22 en
736 1430 76 30 stor
841 1423 60 36 del
929 1422 38 37 af
988 1424 145 36 landets
1160 1423 132 35 talrika
1322 1434 135 23 mossar
1485 1420 119 36 skulle
1633 1419 125 35 kunna
1787 1419 12 33 i

207 1479 88 36 vida
339 1480 111 47 högre
492 1478 92 49 grad
627 1485 44 29 än
701 1478 134 35 hittills
863 1477 83 36 med
974 1476 117 37 fördel
1118 1476 266 49 tillgodogöras
1411 1475 77 35 icke
1518 1474 96 35 blott
1642 1471 56 36 för
1726 1472 73 35 till-

206 1533 181 48 verkning
428 1533 39 34 af
508 1530 196 38 bränntorf
742 1531 37 35 så
820 1532 59 34 väl
916 1531 57 36 till
1016 1523 185 44 husbehof
1239 1543 78 23 som
1319 1519 18 66 :'
1345 1528 73 36 för
1447 1526 286 49 tillgodoseende
1762 1525 40 35 af

206 1587 95 35 vissa
343 1586 156 35 trakters
527 1584 114 37 behof
674 1584 42 36 af
755 1585 156 43 bränsle,
945 1590 88 30 utan
1062 1585 108 34 äfven
1200 1582 57 37 för
1284 1581 277 39 framställande
1590 1581 38 36 af
1651 1578 148 37 torfströ

205 1640 69 35 och
304 1638 180 45 torfmull,
513 1639 130 35 hvilka
672 1637 95 37 båda
794 1638 226 35 sistnämnda
1049 1637 163 36 fabrikat
1245 1638 95 34 visat
1367 1636 58 47 sig
1453 1648 89 22 vara
1570 1635 57 36 för
1655 1632 143 48 många-

207 1693 121 35 handa
370 1691 170 37 ändamål
584 1691 238 36 användbara
864 1691 79 44 och,
974 1691 116 36 såsom
1120 1691 147 43 bekant,
1296 1688 172 38 särskildt
1494 1687 58 36 för
1572 1686 228 49 jordbruket

203 1746 153 48 spelade
396 1758 45 23 en
484 1744 207 50 betydande
733 1745 72 35 roll
843 1744 61 37 vid
933 1750 51 30 ett
1012 1744 174 38 rationelt
1213 1742 310 48 tillvaratagande
1546 1740 47 43 af.
1618 1740 181 35 kreaturs-

209 1799 234 48 spillningen.

314 1852 109 36 Huru
465 1850 156 50 mången
659 1851 247 48 jordbrukare
948 1848 93 37 hade
1084 1848 79 35 icke
1192 1845 46 50 på
1265 1847 78 35 sina
1372 1857 87 36 egor
1488 1857 44 22 en
1562 1844 90 35 eller
1672 1855 127 37 annan

207 1904 201 46 torfmosse,
448 1905 205 48 tillräcklig
690 1903 57 37 för
783 1903 68 36 att
884 1903 134 37 bereda
1064 1902 135 35 honom
1240 1898 90 49 sjelf
1368 1898 126 49 nödigt
1537 1897 144 36 bränsle
1710 1897 90 36 eller

208 1959 117 35 andra
354 1959 240 47 erforderliga
621 1957 280 49 torfprodukter
929 1962 93 30 samt
1050 1955 60 36 till
1139 1954 191 48 äfventyrs
1346 1951 103 43 äfven
1477 1949 185 51 medgifva
1681 1950 119 48 någon

210 2012 182 49 afyttring
428 2012 59 35 till
527 2011 125 44 andra,
693 2024 81 22 men
806 2023 76 23 som
906 2011 97 47 finge
1031 2010 101 47 ligga
1160 2008 77 35 helt
1260 2007 69 35 och
1357 2006 112 36 hållet
1497 2005 215 47 obegagnad
1741 2004 59 34 till

209 2064 92 48 följd
327 2064 41 36 af
393 2077 148 36 egarens
571 2064 90 35 brist
692 2064 44 47 på
764 2064 206 35 kännedom
1004 2063 77 34 dels
1110 2075 59 22 om
1196 2061 101 34 huru
1322 2059 209 36 torfmossar
1554 2058 41 35 af
1612 2058 96 35 olika
1724 2059 77 46 slag

210 2118 121 35 skulle
360 2119 125 34 kunna
514 2118 80 34 bäst
613 2117 272 48 tillgodogöras,
914 2116 76 35 dels
1018 2115 68 35 ock
1111 2128 59 21 om
1200 2113 122 36 derför
1351 2112 239 47 erforderliga
1619 2111 182 34 maskiner

210 2172 67 34 och
306 2172 297 35 arbetsmetoder.

318 2223 72 36 Om
420 2223 121 37 derför
570 2222 140 37 tillfälle
741 2223 121 36 kunde
892 2221 148 37 beredas
1069 2221 246 36 allmänheten
1345 2224 54 30 att
1426 2218 40 35 af
1492 2218 208 47 sakkunnig
1725 2230 76 34 per-

211 2290 62 23 son
318 2277 161 36 inhemta
521 2277 64 36 råd
628 2276 66 36 och
739 2276 267 48 upplysningar
1047 2275 53 34 uti
1136 2274 74 35 alla
1245 2271 243 37 torftekniska
1517 2271 133 48 frågor,
1679 2277 122 42 syntes

308 2340 62 28 Bih.
398 2340 43 28 till
465 2341 102 27 Riksd.
594 2340 80 28 Prot.
706 2341 89 27 1901.
846 2340 16 27 4
890 2339 87 28 Saml.
1033 2339 10 27 1
1072 2338 68 35 Afd.
1191 2339 40 27 10
1258 2337 84 35 Häöft.
1718 2333 37 29 11
