2198 2638
723 219 223 33 Statsutskottets
974 220 149 34 Utlåtande
1145 221 54 34 N:o
1226 223 49 30 10.
1753 222 42 36 89

207 295 101 39 tiken
350 309 34 23 se
426 297 204 48 tillämpade
673 299 41 36 de
756 301 104 44 läror,
904 301 41 39 de
987 302 37 38 af
1063 301 414 49 premieringsnämnden
1518 303 106 41 redan
1658 304 143 38 kunnat

207 349 170 37 inhemta.

315 404 98 36 Utan
453 405 124 36 tvifvel
619 407 107 35 borde
760 407 121 48 dylika
908 421 106 33 resor,
1046 409 111 36 under
1184 410 258 48 förutsättning
1470 413 54 37 att
1553 411 41 38 de
1623 412 175 48 företoges

208 458 112 35 under.
361 458 81 35 fullt
476 459 203 47 sakkunnig
706 461 158 48 ledning,
895 462 106 48 vidga
1030 463 151 45 blicken,
1214 464 109 37 väcka
1351 465 222 42 eftertanken
1602 467 65 35 och
1695 479 106 36 mana

207 511 56 35 till
305 514 54 34 att
400 512 12 34 i
454 516 81 43 eget
576 514 81 36 hem
698 515 164 48 tillämpa
903 516 94 36 hvad
1039 517 36 35 af
1113 517 59 40 det
1213 518 117 45 sedda,
1372 531 74 23 som
1491 519 181 42 befunnits
1700 520 100 44 efter-

207 564 245 48 följansvärdt.

315 619 135 47 Vigten
494 620 36 35 af
570 621 230 40 studieresors
842 624 229 39 anordnande
1111 624 53 36 för
1201 625 139 41 mindre
1372 626 234 52 jordbrukare
1635 640 82 25 vore
1746 628 54 37 för

208 672 110 47 öfrigt
346 673 111 38 redan
486 674 98 36 förut
612 676 43 47 på
683 675 84 41 flera
794 676 74 36 håll
896 677 99 40 inom
1022 677 122 41 landet
1171 679 137 40 insedd.
1365 680 156 42 Sålunda
1549 681 88 36 hade
1666 685 53 34 ett
1738 695 64 36 par

206 726 403 50 hushållningssällskap
650 729 53 35 för
745 730 97 36 detta
881 732 163 41 ändamål
1086 732 135 42 anvisat
1264 733 125 45 medel,
1427 735 64 37 och
1527 735 62 36 vid
1621 736 180 41 nästlidna

204 781 56 34 års
288 780 144 50 riksdag
459 782 92 36 hade
578 783 103 40 äfven
708 783 57 37 till
794 783 219 50 behandling
1033 786 227 42 förekommit
1288 787 97 48 fråga
1414 800 59 29 om
1502 788 126 49 bidrag
1647 790 36 35 af
1699 792 101 33 stats-

205 833 116 40 medel
349 834 52 40 för
429 835 131 39 sådana
588 836 224 42 studieresor.

313 888 64 35 Uti
407 901 44 22 en
479 889 99 41 inom
607 890 124 42 Andra
759 891 219 39 Kammaren
998 893 106 39 väckt
1122 893 139 39 motion
1276 893 91 41 hade
1385 896 186 46 nemligen
1585 896 214 49 föreslagits,

205 943 54 33 att
300 941 207 48 Riksdagen
549 943 113 42 skulle
702 944 55 36 för
784 945 198 38 beredande
1011 947 37 35 af
1072 947 137 39 tillfälle
1238 949 37 35 åt
1304 948 136 39 mindre
1466 948 235 48 jordbrukare
1731 951 67 38 och

203 995 353 46 jordbruksarbetare
599 1000 91 33 sart
731 998 101 38 deras
874 1012 121 24 vuxna
1029 1004 103 37 söner
1160 1004 53 32 att
1242 1000 114 43 under
1382 1002 204 49 sakkunnig
1614 1004 148 47 ledning
1789 1005 12 34 i

209 1048 184 36 Danmark
434 1049 145 36 studera
622 1051 59 40 det
709 1052 177 37 intensiva
911 1054 178 46 jordbruk
1113 1056 44 46 på
1186 1056 194 44 smålotter,
1411 1069 77 25 som
1517 1054 61 38 der
1605 1057 194 45 bedrefves,

205 1102 131 47 bevilja
377 1106 45 44 på
454 1106 98 35 extra
581 1107 81 41 stat,
692 1108 54 33 att
775 1108 87 45 utgå
890 1107 114 40 under
1032 1110 89 45 åren
1147 1109 272 43 1901—1904,
1448 1113 53 34 ett
1529 1111 272 50 förslagsanslag

205 1156 37 35 af
268 1157 142 43 30,000
440 1157 133 36 kronor
601 1161 89 33 samt
719 1159 101 39 deraf
845 1161 119 36 anvisa
992 1162 54 41 för
1073 1164 38 35 år
1131 1163 91 37 1901
1245 1166 53 32 ett
1317 1163 128 50 belopp
1465 1164 37 40 af
1522 1166 112 43 7,500
1655 1166 143 41 kronor.

313 1210 74 34 Vid
427 1209 244 41 beräknandet
710 1213 37 41 af
781 1213 65 40 det
883 1214 197 48 föreslagna
1121 1217 309 54 anslagsheloppet
1458 1219 91 40 hade
1578 1220 222 37 motionären

206 1265 121 45 utgått
369 1263 76 35 från
474 1264 69 35 den
585 1266 269 48 förutsättning,
883 1270 54 39 att
965 1267 260 38 vederbörande
1254 1270 404 50 hushållningssällskap
1686 1273 114 36 skulle

205 1316 148 36 bekosta
393 1317 311 49 jernvägsresorna
737 1320 12 34 i
782 1318 142 50 Sverige
953 1322 84 38 eller
1065 1322 66 35 ock
1159 1325 54 38 att
1241 1323 100 40 dessa
1369 1337 95 33 resor
1491 1325 113 43 skulle
1633 1325 33 36 få
1694 1323 106 59 göras

205 1370 56 34 för
290 1370 159 47 billigare
479 1371 82 47 pris,
591 1375 25 34 t.
646 1386 51 22 ex.
729 1385 134 24 samma
892 1375 70 47 pris
991 1387 77 29 som
1097 1376 52 39 för
1176 1373 244 60 truppbiljett,
1780 1416 3 11 |

312 1423 227 37 Motionären
569 1425 88 36 hade
685 1427 56 35 till
769 1428 80 35 stöd
878 1428 53 35 för
958 1428 55 42 sin
1042 1429 263 49 framställning
1333 1431 207 50 framhållit,
1555 1432 111 43 bland
1677 1437 121 40 annat,

204 1479 54 34 att
285 1477 12 34 i
325 1477 186 36 Danmark
541 1479 344 42 »husmandssaken»
915 1482 113 39 under
1057 1483 41 42 de
1133 1484 151 38 10—15
1316 1485 84 42 allra
1428 1489 137 40 senaste
1580 1488 83 40 åren
1679 1491 120 49 egent-

204 1531 96 46 ligen
330 1531 67 35 fått
424 1531 80 45 fart,
536 1534 66 33 och
631 1536 52 33 att
712 1547 42 29 en
784 1535 37 40 af
849 1536 41 34 de
920 1536 209 48 kraftigaste
1158 1538 253 48 häfstängerna
1430 1540 57 38 till
1506 1540 134 41 hennes
1656 1541 143 53 utveck-

204 1584 77 47 ling
308 1585 76 46 just
412 1585 92 36 varit
531 1586 385 44 »husmandsresorna».
1243 1618 4 5 s
1743 1620 40 26 fl

312 1638 402 47 Departementschefen
754 1644 130 46 ansåge
917 1643 55 47 sig
1005 1645 64 41 här
1096 1645 81 38 böra
1209 1649 201 42 omnämna,
1439 1649 53 43 att
1521 1647 133 41 danska
1682 1651 118 33 staten

204 1692 56 34 till
289 1691 100 35 dessa
417 1705 96 23 resor
542 1693 146 48 bidroge
718 1694 76 36 dels
824 1696 80 35 med
933 1698 121 47 anslag
1083 1699 65 34 och
1177 1699 74 36 dels
1280 1712 130 34 genom
1436 1703 54 40 att
1509 1704 129 33 ersätta
1658 1698 142 62 erlagda

206 1744 146 47 afgifter
379 1745 54 35 för
461 1747 285 46 personbiljetter
774 1750 20 33 å
823 1749 42 35 de
894 1749 134 37 danska
1056 1753 255 41 statsbanorna.
1714 1758 68 49 ie

312 1798 72 35 Det
426 1799 54 35 uti
522 1800 233 36 omförmälda
797 1803 138 36 motion
977 1804 126 35 väckta
1144 1805 142 48 förslag,
1322 1818 73 24 som
1432 1807 116 43 afsett,
1576 1810 54 40 att
1657 1799 141 72 tillfälle

206 1851 140 47 årligen
389 1852 114 35 skulle
547 1854 144 35 beredas
719 1858 53 32 ett
801 1856 164 36 sextiotal
994 1858 147 37 svenska
1170 1859 185 39 landtmän
1383 1863 53 33 att
1464 1861 158 48 företaga
1650 1874 35 24 en
1705 1884 4 30 |
1726 1862 74 53 resa

205 1905 52 34 till
290 1905 196 45 Danmark,
518 1907 88 36 hade
636 1910 196 35 emellertid
861 1910 76 36 icke
967 1912 131 35 vunnit
1125 1912 226 49 Riksdagens
1380 1914 110 43 bifall.

312 1959 66 35 Uti
406 1960 61 34 sitt
496 1960 12 34 i
536 1961 193 48 anledning
757 1963 37 34 af
820 1964 183 36 motionen
1032 1965 131 47 afgifna
1192 1967 182 40 utlåtande
1394 1967 91 38 hade
1502 1964 167 62 nemligen
1691 1972 108 50 gtats-

207 2012 186 44 utskottet,
439 2016 84 31 utan
568 2017 54 32 att
663 2016 83 49 vilja
775 2016 82 47 ingå
887 2018 10 33 i
926 2018 218 38 bedömande
1173 2020 37 40 af
1236 2021 174 36 huruvida
1437 2020 133 41 sådana
1598 2034 107 42 resor.
1726 2035 72 47 som

206 2065 41 34 de
290 2066 37 34 af
365 2066 222 35 motionären
630 2068 203 46 ifrågasatta
862 2070 192 48 lämpligen
1084 2072 108 35 borde
1223 2073 170 48 vidtagas,
1423 2076 116 34 såsom
1569 2075 51 36 sin
1651 2088 96 40 MED)

206 2118 209 44 framhållit,
446 2122 64 40 att,
555 2120 116 46 derest
713 2122 120 47 dylika
874 2135 96 23 resor
1014 2125 183 43 verkligen
1232 2126 108 35 borde
1370 2127 188 44 anordnas,
1589 2128 123 52 bidrag
1734 2126 64 52 till

207 2170 235 38 kostnaderna
472 2172 116 35 derför
617 2174 107 35 borde
755 2176 133 34 lemnas
917 2178 36 33 af
982 2178 460 49 hushållningssällskapen,
1467 2193 93 32 men,
1582 2182 216 52 åtminstone

206 2224 55 33 för
290 2226 228 44 närvarande,
549 2226 74 35 icke
653 2228 35 33 af
713 2229 217 44 statsmedel,
962 2231 139 35 hvarför
1130 2232 178 36 utskottet
1323 2233 207 45 hemstälde,
1547 2236 53 35 att
1615 2231 185 62 motipnen

206 2276 78 35 icke
314 2278 112 36 skulle
455 2280 53 34 till
540 2282 116 45 någon
685 2280 222 49 Riksdagens
935 2284 127 44 åtgärd
1089 2284 192 40 föranleda.
1682 2316 96 26 bu

301 2341 62 28 Bih.
391 2342 43 27 till
464 2343 95 28 Riksd.
591 2343 76 28 Prot.
700 2345 89 28 1901.
840 2347 16 26 4
885 2347 86 27 Saml.
1026 2349 12 25 1
1067 2348 67 34 Afd.
1189 2350 37 26 10
1255 2350 82 34 Häft.
1718 2351 36 29 12
