2156 2634
703 254 222 30 Statsutskottets
954 254 151 30 Utlåtande
1127 255 56 29 N:o
1208 256 52 28 10.
1737 254 39 30 11

182 333 155 49 utgifter
374 333 40 36 af
453 334 71 36 den
566 334 281 49 stadigvarande
899 341 67 37 art,
1008 334 154 35 hvarom
1197 334 73 44 här
1316 335 290 48 uppenbarligen
1654 335 123 35 skulle

182 386 116 37 blifva
325 387 117 49 fråga.

289 440 73 37 Vid
402 441 231 36 beräknande
676 440 40 36 af
756 419 69 57 den
864 440 209 50 förhöjning
1116 442 54 34 uti
1199 442 164 47 anslaget
1389 442 61 34 till
1480 441 298 50 undervisnings-

181 496 177 34 anstalter
386 494 57 36 för
467 495 182 48 jordbruk
678 496 69 34 och
763 495 423 47 landtmannanäringar,
1207 495 152 35 hvarom
1379 494 397 49 departementschefen

181 548 132 49 ansåge
354 547 274 49 framställning
669 549 58 34 till
766 548 207 47 Riksdagen
1003 549 85 35 böra
1116 555 116 40 göras,
1263 549 111 35 borde
1403 549 205 35 emellertid
1638 549 138 49 hänsyn

180 608 105 42 tagas
326 602 71 43 till,
436 608 55 29 att
531 601 58 36 för
622 600 245 37 omförmälda
895 601 171 36 ändamål
1094 600 230 37 erfordrades
1351 605 53 33 ett
1432 603 134 48 belopp
1595 601 39 37 af
1665 604 112 42 1,000

182 657 146 34 kronor.

289 708 189 49 Härjemte
522 709 89 36 hade
653 707 400 49 departementschefen
1095 709 201 49 anledning
1324 715 145 43 antaga,
1497 715 54 29 att
1579 710 99 35 inom
1707 710 69 35 den

181 770 186 29 närmaste
408 762 200 36 framtiden
650 762 103 49 fråga
798 762 148 35 komme
980 768 54 29 att
1061 763 133 47 uppstå
1222 776 60 22 om
1312 763 227 35 statsmedels
1568 764 209 47 beviljande

180 815 58 37 för
276 816 265 48 undervisning
569 817 13 34 i
608 815 344 47 trädgårdsskötsel;
995 816 67 35 och
1092 815 114 36 funne
1236 818 71 33 han
1337 816 105 48 högst
1471 817 216 48 beklagligt,
1716 830 60 22 om

182 870 72 35 han
298 871 121 34 skulle
462 870 137 47 nödgas
627 873 53 32 att
693 848 99 58 med
820 869 195 48 anledning
1044 868 39 36 af
1111 870 91 35 brist
1231 869 46 48 på
1305 845 119 76 medel
1453 869 164 50 afstyrka
1648 871 129 35 under-

180 924 81 35 stöd
290 924 57 34 för
376 923 111 44 detta,
517 923 115 48 enligt
661 923 90 35 hans
780 921 250 45 förmenande,
1059 924 235 47 synnerligen
1324 924 140 48 vigtiga
1493 923 182 36 ändamål.

288 953 199 60 Likaledes
509 975 183 50 förutsåge
721 975 413 49 departementschefen,
1165 983 53 29 att
1247 977 83 35 med
1365 978 411 47 mejerihandteringens

179 1031 212 35 nuvarande
435 1030 212 48 utveckling
674 1030 12 34 i
716 1030 125 35 landet
868 1031 217 48 ytterligare
1113 1031 170 48 åtgärder
1310 1029 57 37 för
1396 1031 305 48 undervisningen
1731 1031 46 49 på

179 1084 103 36 detta
310 1084 145 36 område
487 1085 144 34 komme
656 1090 55 29 att
740 1090 99 29 snart
866 1083 192 36 erfordras.

277 1137 83 45 Att,
405 1137 109 36 sedan
558 1143 280 43 statsmagterna
878 1138 94 35 visat
1001 1138 61 35 sitt
1091 1138 149 35 intresse
1268 1136 59 37 för
1352 1138 221 47 jordbruket
1601 1138 68 38 och
1698 1138 78 36 dess

179 1192 217 47 binäringar
437 1204 130 36 genom
609 1191 226 35 inrättandet
876 1190 42 36 af
944 1196 52 30 ett
1030 1191 170 35 särskildt
1220 1191 466 48 jordbruksdepartement,
1716 1205 60 22 an-

179 1244 156 48 språken
364 1245 45 47 på
437 1244 166 49 åtgärder
623 1245 59 35 till
703 1244 205 48 främjande
929 1244 41 35 af
982 1245 222 46 jordbruket
1224 1245 68 34 och
1312 1245 464 48 landtmannanäringarna

175 1299 142 47 jemväl
359 1299 145 34 komme
547 1304 53 29 att
641 1304 148 42 stegras,
833 1298 127 35 derom
1002 1298 121 35 kunde
1165 1296 135 37 tvifvel
1328 1299 79 34 icke
1436 1298 98 35 råda.
1594 1298 97 36 Utan
1721 1302 54 32 att

179 1351 134 49 Kongl.
356 1351 100 48 Maj:t
497 1352 61 35 till
587 1351 54 35 sin
671 1351 211 48 disposition
912 1351 93 35 hade
1034 1351 134 48 nödiga
1197 1351 120 35 medel
1346 1352 59 34 till
1435 1352 125 48 dylika
1589 1351 187 48 åtgärders

178 1405 222 49 vidtagande
438 1405 11 35 i
488 1405 43 35 de
573 1403 79 45 fall,
695 1404 65 36 der
797 1404 135 36 sådana
970 1403 131 37 funnes
1129 1404 250 48 erforderliga,
1415 1405 123 35 kunde
1567 1405 208 36 emellertid

174 1459 495 48 jordbruksdepartementet
696 1459 79 34 icke
804 1458 151 35 komma
985 1464 55 29 att
1069 1458 198 48 behörigen
1296 1457 94 50 fylla
1420 1459 53 35 sin
1505 1458 160 49 uppgift.

288 1512 72 35 Vid
402 1512 45 35 de
487 1511 262 49 förhöjningar,
777 1525 78 23 som
883 1511 21 35 å
932 1525 51 22 nu
1012 1510 277 50 ifrågavarande
1317 1512 60 35 två
1406 1513 127 48 anslag
1562 1512 113 36 borde
1704 1513 73 44 ske,

178 1579 88 22 vore
295 1565 122 36 derför
445 1566 68 35 ock
542 1566 205 48 angeläget,
778 1571 55 30 att
860 1564 302 50 förhöjningarna
1190 1566 192 35 tillmättes
1410 1565 47 45 så,
1482 1572 55 29 att
1555 1566 223 36 åtminstone

177 1619 114 49 något
332 1620 136 47 belopp
511 1618 130 36 funnes
683 1620 56 34 till
783 1619 132 48 Kongl.
959 1619 121 47 Maj:ts
1122 1618 211 49 disposition
1376 1618 57 37 för
1467 1626 54 28 att
1549 1626 98 29 möta
1676 1620 100 35 kom-

179 1673 134 35 mande
342 1672 92 36 kraf.
503 1671 71 50 iv

286 1725 249 44 Beräknande,
575 1731 54 29 att
670 1724 82 36 från
794 1726 163 46 anslaget
1004 1726 59 34 till
1108 1720 458 73 undervisningsanstalter
1594 1725 57 36 för
1677 1726 98 46 jord-

179 1779 99 36 bruk
320 1781 66 33 och
424 1779 411 46 landtmannanäringar
877 1778 117 35 borde
1035 1777 57 37 för
1134 1777 198 54 framtiden
1377 1778 88 48 utgå
1494 1779 76 35 dels
1599 1780 175 47 anslagen

178 1833 58 35 till
278 1832 253 48 mejeriskolor
568 1832 11 34 i
622 1808 241 59 Norrbottens
900 1833 61 33 län
1003 1832 66 34 och
1108 1832 62 35 vid
1205 1818 240 78 Åtvidaberg,
1473 1832 157 48 tillhopa
1661 1835 113 39 5,000

178 1886 148 44 kronor,
370 1886 78 35 dels
491 1885 61 36 det
594 1899 48 21 nu
672 1884 81 36 från
783 1886 166 47 anslaget
978 1886 57 34 till
1065 1884 251 48 befrämjande
1345 1887 11 33 i
1385 1885 203 36 allmänhet
1612 1885 41 35 af
1675 1886 100 47 jord-

179 1940 97 34 bruk
306 1915 68 59 och
403 1939 416 48 landtmannanäringar
848 1915 183 68 utgående
1060 1940 127 59 anslag
1215 1938 21 36 å
1267 1941 112 42 2,000
1401 1940 133 34 kronor
1554 1939 58 35 till
1633 1940 142 47 mejeri-

179 1994 140 34 elevers
362 1992 265 36 undervisande
661 1992 59 35 vid
751 1992 164 35 enskilda
947 1993 177 46 mejerier,
1153 1993 77 34 dels
1259 1967 67 61 ock
1356 1998 52 29 ett
1437 1992 129 48 bidrag
1594 1993 36 34 af
1663 1994 111 42 1,000

178 2046 136 35 kronor
342 2044 56 37 för
424 2045 217 35 utbildande
666 2046 40 34 af
733 2041 380 71 kontrollassistenter,
1144 2046 133 42 skulle,
1308 2044 55 45 då,
1384 2044 114 36 såsom
1518 2022 110 59 ofvan
1650 2047 122 58 visats,

178 2099 128 34 endast
336 2100 111 41 4,000
487 2098 136 35 kronor
650 2098 132 36 funnes
809 2097 21 35 å
858 2099 166 46 anslaget
1052 2074 225 71 disponibla,
1298 2111 44 22 en
1371 2098 198 46 ovilkorlig
1598 2099 137 46 ökning
1764 2099 12 33 i

179 2151 205 36 detsamma
425 2150 39 36 af
491 2153 113 40 4,000
647 2152 136 34 kronor
821 2164 50 21 nu
901 2150 190 35 erfordras.
1148 2150 56 36 Då
1245 2151 205 35 emellertid
1481 2151 213 35 härutöfver
1722 2157 53 29 ett

179 2205 134 47 belopp
354 2204 38 35 af
433 2205 110 34 minst
589 2206 113 42 5,000
734 2206 134 33 kronor
906 2210 121 41 syntes
1059 2205 85 34 böra
1179 2204 54 35 stå
1261 2205 57 34 till
1349 2204 132 47 Kongl.
1511 2204 117 47 Maj:ts
1658 2204 117 47 dispo-

178 2259 119 41 sition,
326 2257 129 46 ansåge
485 2256 400 49 departementschefen
915 2257 181 47 ökningen
1127 2258 11 33 i
1168 2258 100 34 detta
1297 2258 127 44 anslag
1457 2258 199 46 lämpligen
1689 2258 85 34 böra

179 2312 221 34 bestämmas
438 2312 58 33 till
537 2312 111 43 9,600
693 2312 146 41 kronor,
880 2311 235 45 hvarigenom
1157 2311 62 34 det
1254 2311 186 34 bestämda
1466 2311 161 45 anslaget
1657 2310 118 35 under
