2208 2636
398 221 62 31 112
934 225 224 31 Statsutskottets
1186 227 150 30 Utlåtande
1359 227 56 30 N:o
1440 229 49 28 10.

395 316 101 23 anses
523 304 218 36 fortfarande
771 317 82 23 vara
882 305 111 36 under
1020 306 204 48 utredning,
1253 318 104 24 anser
1385 306 175 36 utskottet
1588 307 116 34 beslut
1731 308 11 33 i
1770 311 114 37 ämne,
1911 319 74 23 som

395 356 100 36 berör
523 358 114 35 denna
665 358 111 47 fråga,
806 358 55 35 för
890 360 217 35 närvarande
1136 360 76 36 icke
1240 361 84 34 böra
1352 361 122 42 fattas,
1518 360 139 35 hvadan
1679 360 176 36 utskottet
1874 360 113 35 finner

394 411 54 47 sig
475 411 84 35 böra
586 411 161 48 afstyrka
775 411 60 36 det
863 412 11 34 i
903 413 183 35 motionen
1116 414 207 36 framstälda
1351 414 133 45 förslag
1512 426 59 23 om
1599 414 190 35 anvisande
1810 414 38 34 af
1868 414 118 35 medel

394 464 56 35 till
489 467 51 33 ett
579 465 130 35 hittills
736 465 36 35 af
805 465 206 48 Riksdagen
1044 465 189 49 opröfvadt
1260 467 176 44 ändamål,
1466 467 83 35 eller
1575 467 111 47 inköp
1714 468 36 35 af
1779 467 207 47 skogsmark

393 517 55 35 för
475 518 166 35 bildande
669 519 37 35 af
733 518 349 49 länsallmänningar.

498 572 111 35 Hvad
638 572 158 36 deremot
823 572 168 37 beträffar
1018 573 67 36 den
1115 574 57 36 del
1200 574 36 35 af
1261 574 198 43 motionen,
1488 585 78 24 som
1593 573 91 35 afser
1711 573 212 48 förhöjning
1950 575 37 34 af

392 624 159 49 anslaget
582 625 57 36 till
666 625 296 48 skogsodlingens
991 627 244 47 befrämjande
1264 627 115 36 under
1406 627 43 35 de
1472 627 117 35 vilkor
1618 627 66 35 och
1713 627 271 41 bestämmelser,

392 691 77 23 som
497 679 55 36 för
578 679 126 47 bidrag
731 680 80 34 från
840 679 98 36 detta
965 681 122 47 anslag
1115 681 128 36 hittills
1271 681 94 35 varit
1392 680 172 48 gällande,
1586 681 64 34 har
1670 679 177 37 utskottet
1866 681 122 35 funnit

392 732 94 36 hvad
531 733 221 36 motionären
793 733 12 35 1
846 733 126 36 sådant
1003 733 198 37 hänseende
1234 734 183 48 föreslagit
1443 734 98 47 gifva
1569 733 193 48 anledning
1790 734 56 35 till
1874 735 111 34 öfver-

392 786 169 47 vägande,
598 785 177 38 huruvida
802 786 79 36 icke
911 788 116 46 någon
1056 788 138 48 ökning
1221 788 37 36 af
1285 787 98 37 detta
1410 787 155 47 alltjemt
1593 787 108 36 sedan
1728 788 39 34 år
1797 788 102 34 1896
1930 788 57 36 be-

393 840 127 47 viljade
561 840 124 47 anslag
722 853 50 22 nu
809 839 193 49 lämpligen
1042 841 63 35 bör
1146 854 65 35 ega
1249 854 97 33 rum;
1394 842 65 34 och
1488 841 63 35 har
1579 841 176 36 utskottet
1782 842 12 34 i
1823 841 164 36 afseende

394 894 84 34 härå
504 893 188 44 inhemtat,
722 895 52 33 att
802 893 60 35 vid
890 894 67 35 den
985 894 205 49 fördelning
1217 895 36 35 af
1281 894 100 36 detta
1409 894 134 48 anslag,
1573 907 78 23 som
1676 895 55 35 för
1749 895 237 35 innevarande

392 945 39 37 år
458 947 91 35 skall
576 947 75 44 ske,
677 947 249 47 anmälningar
953 960 58 25 om
1038 948 127 48 bidrag
1196 948 153 36 derifrån
1383 948 165 36 omfattat
1567 950 53 34 ett
1635 948 132 48 belopp
1784 949 39 35 af
1844 949 142 43 67,600

392 1000 132 36 kronor
565 1001 68 35 och
673 1000 133 36 således
847 1001 229 47 öfverskjutit
1103 1002 61 35 det
1191 1002 52 35 för
1270 1001 203 36 ändamålet
1499 1002 176 46 beviljade
1706 1002 166 47 beloppet
1899 1002 82 35 med

395 1055 140 42 17,600
565 1054 142 35 kronor.
764 1054 85 35 Med
877 1055 163 36 afseende
1069 1056 83 35 härå
1181 1056 66 35 och
1275 1055 44 35 då
1347 1057 146 45 antagas
1520 1050 84 57 kan,
1630 1050 65 57 att
1713 1054 200 49 anspråken
1942 1056 43 46 på

393 1107 189 36 understöd
618 1108 80 35 från
738 1107 98 36 detta
876 1108 124 47 anslag
1036 1108 158 47 alltjemt
1221 1108 146 36 komma
1394 1110 54 33 att
1474 1108 97 42 ökas,
1602 1109 63 35 har
1693 1109 176 37 utskottet
1896 1111 90 33 trott

392 1161 55 48 sig
488 1161 83 35 böra
603 1161 128 36 föreslå
760 1161 179 47 anslagets
967 1162 151 47 höjande
1147 1161 57 36 till
1235 1162 142 44 70,000
1407 1162 131 35 kronor
1565 1162 82 36 med
1676 1162 245 36 bibehållande
1948 1163 38 34 af

392 1215 79 36 dess
498 1214 223 48 uppförande
746 1215 22 35 å
796 1217 100 33 extra
922 1216 82 34 stat.

490 1268 188 36 Utskottet
704 1268 205 36 hemställer
934 1268 117 36 alltså:

919 1373 34 50 a)
981 1376 54 35 att
1061 1374 216 48 Riksdagen,
1307 1376 45 46 på
1381 1375 116 47 grund
1523 1376 38 36 af
1590 1375 135 47 Kongl.
1755 1375 126 47 Maj:ts
1900 1376 84 36 före-

815 1428 170 48 liggande
1012 1429 263 47 framställning
1304 1429 66 35 och
1392 1428 79 36 herr
1491 1428 35 36 C.
1560 1429 40 35 P.
1635 1429 36 36 af
1690 1429 138 36 Buréns
1845 1430 137 35 motion

815 1483 13 35 i
855 1485 129 40 ämnet,
1013 1481 59 37 må
1098 1482 57 35 för
1175 1482 295 48 skogsodlingens
1487 1482 243 47 befrämjande
1745 1483 56 35 för
1819 1483 40 36 år
1881 1484 101 35 1902

816 1535 132 47 bevilja
987 1538 52 34 ett
1079 1539 101 33 extra
1220 1536 124 48 anslag
1377 1536 37 35 af
1445 1536 139 44 70,000
1614 1536 142 44 kronor,
1786 1538 55 34 att
1868 1537 116 36 ställas

813 1589 59 36 till
899 1589 135 47 Kongl.
1064 1589 128 47 Maj:ts
1217 1589 214 48 förfogande
1459 1589 55 36 för
1540 1591 56 34 att
1624 1590 13 34 i
1665 1591 81 35 mån
1776 1590 37 35 af
1829 1590 154 47 tillgång

813 1642 154 37 tilldelas
998 1642 183 48 landsting
1213 1643 66 35 och
1306 1641 417 49 hushållningssällskap,
1753 1656 75 23 som
1859 1644 123 35 under-

814 1696 118 47 stödja
972 1694 159 37 enskilde
1171 1696 225 48 skogsodlare
1423 1709 130 34 genom
1578 1696 341 37 tillhandahållande
1947 1699 37 34 af

814 1749 165 48 skogsfrö
1012 1750 65 35 och
1110 1750 141 47 plantor
1277 1750 56 35 till
1361 1750 120 47 billigt
1508 1750 71 47 pris
1608 1750 84 35 eller
1720 1750 198 36 beredande
1946 1751 38 35 af

817 1803 250 36 kostnadsfritt
1094 1803 135 36 biträde
1257 1803 60 37 vid
1344 1803 408 48 skogsodlingsarbeten,
1782 1803 92 36 dock
1902 1805 80 34 med

816 1856 117 36 vilkor
965 1859 53 33 att
1045 1857 214 47 statsbidrag
1286 1856 78 36 icke
1394 1858 57 33 må
1478 1856 55 35 till
1559 1858 114 46 något
1699 1857 58 36 län
1786 1859 88 45 utgå
1902 1858 80 35 med

815 1911 111 47 högre
965 1910 141 48 belopp,
1149 1913 45 34 än
1232 1910 92 36 hvad
1349 1910 182 47 landsting
1559 1911 68 35 och
1656 1911 325 47 hushållningssäll-

815 1964 89 48 skap
941 1964 236 35 tillsammans
1213 1964 82 35 eller
1337 1964 134 36 ettdera
1507 1964 39 35 af
1587 1964 82 36 dem
1696 1964 55 36 för
1777 1964 205 36 ändamålet

814 2017 162 48 anslagit,
1021 2018 30 47 ej
1096 2017 111 35 heller
1242 2017 56 36 till
1331 2018 110 47 högre
1473 2017 129 48 belopp
1631 2021 43 32 än
1705 2019 115 43 4,000
1850 2018 132 35 kronor

814 2069 56 37 för
909 2071 121 47 hvarje
1071 2070 356 48 landstingsområde,
1469 2070 184 37 äfvensom
1690 2073 53 34 att
1771 2072 90 35 efter
1889 2072 91 35 årets

815 2125 137 47 utgång
993 2124 220 48 redogörelse
1246 2125 99 36 öfver
1373 2123 166 37 anvisade
1566 2124 234 48 statsbidrags
1827 2125 152 35 använd-

815 2178 90 47 ning
932 2178 37 36 af
996 2176 260 38 vederbörande
1283 2178 154 47 afgifves
1465 2177 54 36 till
1548 2177 138 48 Kongl.
1713 2178 124 46 Maj:ts
1857 2178 120 36 befall-

815 2232 282 46 ningshafvande
1126 2231 12 35 i
1166 2231 110 46 länet;
1320 2234 94 33 samt
