2156 2634
387 199 39 30 10
904 199 223 29 Statsutskottets
1155 200 150 29 Utlåtande
1328 200 56 28 N:o
1410 201 50 27 10.

384 278 158 36 sökande
587 276 108 36 hafva
737 277 214 49 genomgått
979 278 254 35 landtmanna-
1261 279 91 35 eller
1380 278 326 35 landtbruksskola
1734 278 90 34 eller
1853 278 125 47 styrka

384 333 55 47 sig
479 330 108 36 hafva
630 331 255 36 motsvarande
928 332 216 48 kunskaper.
1202 332 183 36 Kurserna
1428 331 113 35 borde
1569 330 122 48 fortgå
1721 330 117 36 under
1866 331 112 35 minst

385 384 83 49 fyra
509 385 143 43 veckor;
696 385 67 35 och
806 384 112 36 borde
961 386 168 34 eleverna
1171 384 139 36 erhålla
1339 383 222 38 kostnadsfri
1590 384 273 47 undervisning,
1893 396 83 23 men

386 437 129 49 sjelfva
555 438 100 35 hålla
698 439 53 47 sig
793 438 83 36 med
905 439 81 34 kost
1014 439 67 35 och
1112 439 162 35 husrum.
1331 437 318 49 Undervisningen
1678 437 113 36 borde
1820 436 157 36 omfatta

385 492 335 47 nötboskapsafvel,
757 490 296 49 utfodringslära,
1092 491 355 49 fettundersökning,
1493 491 362 48 kontrollbokföring
1884 496 95 30 samt

385 544 196 37 inöfvande
610 544 41 36 af
676 546 44 34 de
749 545 161 43 arbeten,
941 559 76 21 som
1045 546 209 35 tillkomme
1283 546 430 35 kontrollassistenterna.

491 598 105 36 Hvad
644 598 252 36 anordnandet
941 598 40 36 af
1024 598 276 49 ifrågavarande
1346 599 130 35 kurser
1522 592 209 73 beträffade,
1778 597 37 35 så
1857 603 122 42 syntes

386 652 100 35 detta
529 653 86 35 böra
658 653 61 34 ske
763 665 133 32 genom
940 626 413 94 landtbruksstyrelsens
1383 651 141 48 försorg
1551 650 47 49 på
1626 651 62 35 det
1717 657 80 38 sätt,
1825 656 55 29 att
1908 654 70 45 sty-

387 706 117 35 relsen
546 706 82 35 med
667 699 269 42 vederbörande
976 706 61 35 vid
1066 705 118 36 såsom
1214 706 176 48 lämpliga
1418 704 159 36 ansedda
1606 679 255 60 Jandtmanna-
1889 705 90 34 eller

386 759 342 35 landtbruksskolor
774 760 90 34 eller
911 759 116 35 andra
1073 760 177 34 anstalter
1300 758 153 36 träffade
1500 757 370 36 öfverenskommelse
1918 770 60 22 om

386 812 254 49 mottagandet
679 814 11 33 i
733 813 67 35 och
841 811 57 37 för
942 813 261 47 undervisning
1245 814 116 47 enligt
1404 811 38 36 af
1482 812 402 47 landtbruksstyrelsen
1913 811 66 35 här

386 865 111 37 ofvan
542 864 174 49 angifven
757 867 86 47 plan
887 865 41 36 af
967 867 84 34 visst
1092 867 102 34 antal
1237 867 121 35 elever
1387 865 56 36 för
1472 865 214 47 utbildning
1713 865 59 34 till
1801 865 178 34 kontroll-

386 920 212 35 assistenter.
656 919 70 36 För
767 920 124 47 hvarje
934 920 87 35 kurs
1063 920 113 35 borde
1205 918 40 36 af
1270 919 211 36 statsmedel
1510 919 167 48 erläggas
1706 918 77 35 dels
1810 923 53 30 ett
1892 919 88 34 visst

387 973 182 35 bestämdt
611 973 148 48 belopp,
803 986 77 22 som
923 973 115 48 enligt
1080 973 417 48 landtbruksstyrelsens
1544 972 205 47 beräkning
1777 971 202 49 lämpligen

387 1027 123 34 kunde
552 1032 131 42 utgöra
726 1028 75 36 300
845 1027 145 43 kronor,
1032 1027 75 35 dels
1149 1027 67 35 ock
1246 1039 41 23 en
1318 1025 110 49 afgift
1457 1025 39 35 af
1523 1027 48 35 20
1601 1026 137 34 kronor
1765 1023 58 37 för
1852 1025 127 48 hvarje

387 1084 91 37 elev,
521 1092 77 23 som
639 1080 144 35 komme
825 1086 55 28 att
922 1055 146 73 deltaga
1105 1081 11 33 i
1159 1080 143 35 kursen.
1359 1080 114 34 Huru
1516 1083 92 31 stort
1637 1079 100 35 antal
1766 1079 214 42 assistenter,

387 1145 78 23 som
508 1133 122 35 kunde
675 1133 155 35 behöfva
860 1110 183 67 utbildas,
1062 1145 88 23 vore
1179 1131 172 66 gifvetvis
1379 1132 179 36 beroende
1586 1131 48 48 på
1662 1132 67 35 den
1757 1132 225 47 utveckling,

388 1185 527 49 kontrollföreningsväsendet
951 1163 121 58 kunde
1111 1188 100 33 inom
1252 1186 79 35 vårt
1374 1186 89 35 land
1505 1184 150 44 erhålla,
1684 1185 68 35 och
1781 1184 114 48 derpå
1922 1185 58 35 be-

387 1241 111 34 rodde
540 1240 154 35 sålunda
734 1239 115 44 äfven,
891 1240 96 35 huru
1028 1239 132 48 många
1205 1241 125 34 kurser
1359 1239 40 35 af
1424 1213 277 74 ifrågavarande
1732 1237 250 36 beskaffenhet

389 1293 123 36 kunde
550 1292 158 37 behöfva
750 1293 189 35 anordnas.
997 1291 71 37 Om
1110 1293 206 35 emellertid
1365 1294 112 43 1,000
1521 1293 136 34 kronor
1695 1290 40 36 af
1770 1291 211 36 statsmedel

389 1347 185 35 anvisades
603 1347 68 35 och
701 1347 60 35 det
788 1347 97 48 finge
915 1347 86 35 bero
1030 1346 46 49 på
1105 1347 359 47 omständigheterna
1492 1353 95 28 samt
1611 1345 370 36 öfverenskommelse

388 1401 13 33 i
442 1401 241 35 förevarande
724 1400 167 36 afseende
935 1400 82 35 med
1059 1400 272 35 vederbörande
1369 1400 98 34 inom
1510 1405 156 37 orterna,
1708 1399 97 35 huru
1849 1398 133 48 många

389 1454 128 35 kurser
558 1455 121 34 skulle
721 1454 178 35 anordnas
928 1454 67 35 och
1022 1454 123 35 elever
1173 1454 61 34 vid
1263 1454 184 35 desamma
1476 1458 163 43 antagas,
1670 1453 118 35 skulle
1818 1453 84 34 med
1930 1457 53 30 ett

390 1507 129 35 sädant
562 1508 134 46 belopp
739 1520 76 23 som
859 1507 45 35 de
947 1507 162 48 antydda
1152 1507 11 35 i
1197 1507 122 48 hvarje
1349 1506 169 35 händelse
1547 1511 52 30 ett
1629 1506 140 48 ganska
1797 1504 186 37 afsevärdt

390 1561 68 35 och
501 1559 56 36 för
595 1561 228 35 närvarande
860 1561 220 47 tillräckligt
1122 1561 100 34 antal
1264 1560 149 48 duglige
1454 1560 367 35 kontrollassistenter
1857 1559 126 35 kunna

391 1614 162 35 utbildas
593 1615 60 34 till
696 1627 96 35 gagn
834 1614 57 35 för
935 1613 417 49 kontrollföreningarna
1382 1614 68 35 och
1480 1613 149 35 dermed
1657 1612 56 36 för
1742 1613 151 35 svenska
1922 1612 62 35 bo-

389 1668 277 47 skapsskötseln.

497 1720 50 36 På
588 1721 120 47 grund
751 1720 39 36 af
826 1721 96 35 hvad
952 1720 152 36 sålunda
1134 1720 127 36 blifvit
1287 1720 148 36 anfördt
1464 1719 92 35 hade
1583 1719 399 49 landtbruksstyrelsen

391 1776 181 43 hemstält,
616 1779 54 30 att
712 1775 138 46 Kongl.
893 1774 101 47 Maj:t
1035 1774 113 35 måtte
1192 1775 105 35 ställa
1339 1775 59 34 till
1440 1774 194 48 styrelsens
1672 1772 218 48 förfogande
1932 1778 52 30 ett

390 1829 134 47 belopp
567 1827 38 35 af
645 1834 53 29 ett
732 1835 102 28 tusen
864 1829 136 34 kronor
1028 1826 54 36 för
1110 1827 235 36 anordnande
1374 1828 112 46 enligt
1514 1825 110 36 ofvan
1650 1825 149 49 angifna
1828 1827 89 47 plan
1946 1825 41 36 af

392 1881 411 47 undervisningskurser
845 1880 59 36 för
943 1881 217 35 utbildande
1203 1880 40 36 af
1282 1880 370 36 kontrollassistenter
1694 1886 93 29 samt
1834 1880 150 47 bemyn-

391 1935 87 48 diga
517 1936 175 47 styrelsen
736 1941 53 29 att
826 1934 188 48 angående
1044 1947 141 22 samma
1215 1935 126 34 kurser
1370 1935 12 34 i
1412 1933 266 48 hufvudsaklig
1706 1932 279 36 öfverensstäm-

392 1989 113 34 melse
533 1989 82 34 med
645 1988 112 46 sagda
785 1989 84 47 plan
901 1988 167 35 meddela
1097 1987 241 49 erforderliga
1366 1986 238 37 föreskrifter.

500 2041 76 35 Den
607 2041 40 35 af
674 2017 395 89 landtbruksstyrelsen
1099 2041 153 36 sålunda
1273 2041 128 49 gjorda
1423 2039 277 46 framställning
1716 2045 122 43 syntes
1857 2038 128 48 depar-

391 2094 284 37 tementschefen
707 2096 58 34 väl
795 2095 90 35 värd
914 2099 55 32 att
996 2095 111 36 vinna
1136 2094 117 43 bifall,
1289 2096 66 35 och
1390 2094 117 35 skulle
1541 2094 70 35 han
1632 2092 204 49 ingalunda
1856 2093 130 34 tvekat

393 2154 54 29 att
475 2148 184 49 tillstyrka
690 2149 130 48 Kongl.
854 2148 101 48 Maj:t
983 2154 54 30 att
1064 2149 59 34 till
1154 2149 193 47 styrelsens
1376 2145 214 50 förfogande
1620 2126 107 56 ställa
1748 2146 61 35 det
1828 2145 156 36 sålunda

392 2202 161 48 begärda
587 2202 185 47 beloppet,
805 2203 119 34 derest
954 2202 70 35 han
1053 2202 78 35 icke
1161 2208 115 29 ansett
1303 2201 197 47 olämpligt
1528 2206 65 38 att,
1622 2201 83 34 med
1735 2199 43 36 de
1811 2200 174 47 penning-

392 2256 132 43 medel,
566 2267 78 24 som
672 2267 51 23 nu
751 2256 100 36 stode
876 2255 490 48 jordbruksdepartementet
1394 2254 60 35 till
1483 2253 226 48 förfogande,
1738 2251 145 37 förorda
1911 2265 74 36 nya
