2194 2618
488 267 184 36 Utskottet
700 267 56 35 får
780 268 108 46 alltså
916 267 198 44 hemställa,

802 186 403 32 Konstitutionsutskottets
1228 186 168 32 utlåtande
1421 186 53 32 Nr
1498 189 52 29 57.

916 356 33 47 1)
980 358 54 33 att
1074 355 206 47 riksdagen,
1325 357 79 34 med
1436 356 200 49 förklaring
1663 363 54 32 att
1745 359 233 35 förevarande

807 410 124 46 kungl.
963 408 219 49 proposition
1200 408 81 35 icke
1309 408 140 37 kunnat
1477 423 44 22 av
1536 410 443 49 riksdagen
1735 404 20 59 i
1776 410 203 49 oförändrat

807 463 103 35 skick
938 468 160 41 antagas,
1129 464 110 33 måtte
1262 464 115 33 såsom
1402 463 142 36 vilande
1559 463 55 35 till
1629 465 123 36 vidare
1765 465 212 49 grundlags-

808 517 97 46 enlig
933 514 221 47 behandling
1182 518 130 44 antaga
1339 516 158 49 följande

1029 621 297 47 Förslag

1150 705 57 36 till

384 781 168 33 ändrad
586 781 162 39 lydelse
779 790 55 25 av
865 781 44 43 88
938 782 46 39 4,
1017 783 76 39 28,
1121 784 63 33 33
1210 783 82 34 och
1325 783 80 33 108
1435 780 400 41 regeringsformen
1861 784 119 34 samt

883 835 21 42 8
931 835 63 35 70
1021 836 458 41 riksdagsordningen.

596 924 202 32 Nuvarande
821 924 133 41 lydelse:

615 986 334 31 Regeringsformen.

727 1060 23 45 8
771 1038 43 71 4.

491 1132 205 45 Konungen
724 1136 85 41 äger
837 1133 52 33 att
916 1131 117 35 allena
1054 1134 97 45 styra

386 1184 95 35 riket
522 1186 44 45 på
603 1184 62 34 det
697 1187 83 41 sätt,
810 1184 117 35 denna
955 1184 197 47 regerings-

386 1237 90 36 form
486 1236 228 45 föreskriver;
723 1236 161 36 inhämte
894 1237 103 45 dock,
1007 1237 62 35 ide
1075 1238 75 44 fall,

385 1292 65 34 här
483 1290 195 36 nedanföre
706 1290 157 47 stadgas,
893 1291 260 35 underrättelse

386 1345 66 35 och
494 1344 63 34 råd
585 1356 43 23 av
659 1346 53 32 ett
741 1343 164 45 statsråd,
935 1343 120 36 vartill
1083 1345 70 34 Ko-

386 1410 148 34 nungen
553 1397 115 35 kallar
688 1397 65 35 och
774 1401 190 31 utnämner
979 1397 172 47 kunnige,

386 1451 152 44 erfarne,
573 1450 136 47 redlige
739 1451 65 34 och
832 1450 150 36 allmänt
1010 1451 141 44 aktade,

385 1504 146 36 infödde
573 1504 155 35 svenske
770 1509 82 29 män
893 1516 44 23 av
972 1504 70 35 den
1070 1517 85 23 rena

387 1557 229 47 evangeliska
643 1557 112 35 läran.
814 1557 42 47 Ej
887 1559 57 33 må
969 1557 102 35 fader
1090 1558 66 35 och

387 1624 64 22 son
492 1611 85 35 eller
619 1610 129 35 bröder
790 1613 45 43 på
870 1623 46 22 en
948 1612 96 45 gång
1070 1623 84 24 vara

386 1665 194 35 ledamöter
608 1676 44 23 av
681 1664 203 35 statsrådet.

716 1807 23 45 $g
771 1809 58 32 28.

495 1878 205 46 Konungen
733 1883 84 41 äger
844 1880 52 32 att
924 1877 12 35 i
965 1878 193 35 statsrådet

388 1934 175 33 utnämna
577 1931 65 35 och
658 1930 168 36 befordra
839 1929 148 36 infödde
1001 1930 154 36 svenske

389 1990 83 30 män
491 1984 56 35 till
568 1985 69 34 alla
656 1984 44 35 de
720 1984 166 35 ämbeten
905 1984 67 34 och
991 1984 161 48 tjänster,

388 2038 110 47 högre
539 2037 64 36 och
646 2038 110 46 lägre,
799 2036 98 36 vilka
926 2042 62 30 äro
1017 2049 42 23 av
1088 2037 69 35 den

388 2091 193 47 egenskap,
615 2093 56 33 att
705 2092 205 45 Konungen
945 2090 211 36 fullmakter

389 2145 86 37 därå
501 2144 177 44 utfärdar,
707 2143 93 37 dock
819 2144 85 35 böra
923 2144 233 36 vederböran-

388 2198 44 35 de
459 2198 97 35 förut
583 2198 82 36 med
688 2196 135 47 förslag
840 2196 94 36 hava
952 2196 202 44 inkommit,

388 2252 64 34 där
493 2251 133 35 sådana
666 2250 132 36 hittills
839 2253 61 44 ägt
937 2262 90 23 rum.
1087 2250 69 35 Till

1413 924 194 41 Föreslagen
1631 924 136 40 lydelse:

1411 987 332 31 Regeringsformen.

1552 1060 22 45 8
1603 1061 35 33 4.

1316 1132 204 45 Konungen
1535 1136 83 41 äger
1633 1132 54 33 att
1698 1129 117 36 allena
1825 1132 100 46 styra
1936 1129 45 36 ri-

1208 1184 64 36 ket
1299 1186 44 45 på
1369 1184 61 35 det
1450 1186 83 41 sätt,
1559 1184 117 34 denna
1703 1182 278 48 regeringsform

1207 1237 233 45 föreskriver;
1456 1237 160 35 inhämte
1631 1236 103 44 dock,
1747 1236 13 35 i
1771 1237 44 34 de
1829 1236 74 45 fall,
1915 1237 68 35 här

1208 1291 197 35 nedanföre
1438 1291 155 46 stadgas,
1622 1289 263 36 underrättelse
1916 1291 67 35 och

1208 1344 66 35 råd
1302 1356 43 24 av
1373 1347 52 33 ett
1452 1344 167 43 statsråd,
1641 1343 121 36 vartill
1777 1344 206 46 Konungen

1210 1397 115 35 kallar
1343 1397 64 35 och
1427 1401 191 31 utnämner
1637 1396 173 47 kunnige,
1828 1396 152 45 erfarne,

1209 1450 136 47 redlige
1387 1451 66 34 och
1481 1451 149 34 allmänt
1657 1450 144 43 aktade,
1834 1449 150 36 infödde

1211 1503 153 37 svenske
1387 1504 224 44 medborgare
1633 1515 43 24 av
1691 1503 70 35 den
1777 1515 86 23 rena
1877 1515 104 23 evan-

1211 1557 139 47 geliska
1368 1558 112 34 läran.
1516 1555 42 49 Ej
1576 1559 57 32 må
1649 1557 52 43 de,
1718 1568 73 23 som
1806 1561 62 31 äro
1882 1557 14 34 i
1910 1560 74 31 rätt

1208 1622 88 33 upp-
1342 1611 59 34 och
1437 1610 229 45 nedstigande
1707 1610 202 45 skyldskap,
1951 1611 35 42 €&

1209 1664 105 35 heller
1341 1664 125 44 syskon
1494 1663 83 35 eller
1605 1664 82 34 äkta
1715 1664 125 34 makar
1867 1665 45 44 på
1936 1675 47 23 en

1213 1719 96 45 gång
1349 1729 84 24 vara
1475 1717 195 35 ledamöter
1704 1729 44 23 av
1777 1717 203 35 statsrådet.

1543 1805 22 46 8
1596 1807 60 33 28.

1320 1875 203 48 Konungen
1557 1881 84 42 äger
1668 1879 54 32 att
1750 1875 13 35 i
1790 1876 194 35 statsrådet

1210 1933 175 33 utnämna
1399 1930 66 35 och
1480 1929 166 36 befordra
1665 1928 148 37 infödde
1827 1929 156 36 svenske

1212 1989 82 29 män
1322 1983 55 35 till
1406 1983 70 35 alla
1495 1983 44 35 de
1554 1983 165 35 ämbeten
1735 1983 66 35 och
1815 1983 166 48 tjänster,

1211 2037 110 46 högre
1361 2036 66 36 och
1468 2037 110 46 lägre,
1615 2035 99 37 vilka
1747 2041 62 30 äro
1837 2048 44 24 av
1910 2036 72 35 den

1211 2089 193 49 egenskap,
1447 2092 56 33 att
1540 2090 204 46 Konungen
1771 2088 212 37 fullmakter

1212 2144 87 35 därå
1312 2143 176 44 utfärdar,
1505 2143 91 35 dock
1611 2143 86 35 böra
1712 2142 269 36 vederbörande

1211 2196 98 36 förut
1328 2197 80 35 med
1427 2196 135 47 förslag
1579 2197 92 35 hava
1690 2195 203 45 inkommit,
1916 2196 65 34 där

1210 2251 135 34 sådana
1376 2249 131 36 hittills
1535 2254 62 42 ägt
1624 2262 91 23 rum.
1776 2250 204 47 Konungen
