1888 2848
284 180 19 28 6
768 183 229 28 Statsutskottets
1018 185 148 27 utlåtande
1190 185 47 27 Nr
1260 183 47 30 &3.

1616 339 68 33 Bul.
1709 343 29 28 1.

338 426 129 31 Mellan
496 427 128 42 Kungl.
650 428 96 42 Maj:t
776 429 65 32 och
870 429 139 40 kronan,
1034 432 19 29 å
1076 442 73 27 ena,
1174 433 88 30 samt
1285 432 218 32 Stockholms
1528 433 86 39 stad,
1639 435 19 29 å
1680 434 107 32 andra

285 468 109 38 sidan,
419 469 61 31 har
502 470 133 32 träffats
658 471 151 41 följande

871 565 330 42 Köpeavtal

998 643 58 42 81

337 690 127 41 Kungl.
488 691 100 41 Maj:t
623 692 63 31 och
720 692 130 32 kronan
885 694 156 41 försäljer
1074 694 141 32 härmed
1249 695 52 31 till
1337 696 219 32 Stockholms
1591 697 77 31 stad
1702 698 43 31 de
1775 698 11 31 i

279 732 173 32 kvarteret
486 733 239 43 Bondetorpet
757 735 135 32 mindre
921 738 19 29 å
971 736 213 32 Södermalm
1218 737 94 32 här
1297 728 22 57 i
1341 739 120 31 staden
1494 739 147 41 belägna
1672 740 115 41 fastig-

283 774 143 31 heterna
458 777 18 29 å
505 775 43 31 fri
583 776 64 31 och
682 788 82 30 egen
798 778 113 40 grund
944 789 40 20 nr
1018 779 70 37 1,3
1122 779 64 31 och
1223 780 19 30 5
1277 780 106 41 enligt
1417 781 82 31 1810
1532 783 54 29 års
1620 793 167 21 nummer-

285 816 155 42 ordning,
463 817 12 31 i
498 818 92 31 areal
612 818 242 33 innehållande
878 820 91 31 cirka
990 822 122 37 4,774.2
1139 821 258 40 kvadratmeter,
1422 825 88 29 samt
1533 823 43 31 de
1599 825 19 30 å
1641 824 64 31 ofri
1722 825 63 31 och

284 858 141 32 stadens
458 860 112 40 grund
604 860 144 42 belägna
780 862 247 41 fastigheterna
1056 863 11 31 i
1102 864 105 41 sagda
1240 864 134 32 kvarter
1407 877 40 19 nr
1479 866 19 30 2
1532 866 64 31 och
1629 867 21 30 4
1680 867 107 41 enligt

285 911 130 21 samma
440 903 313 42 nummerordning,
777 904 12 30 i
812 904 91 31 areal
925 904 243 33 innehållande
1195 906 91 31 cirka
1308 907 90 31 601.2
1417 907 259 40 kvadratmeter,
1694 912 92 28 emot

284 953 42 21 en
349 943 232 43 köpeskilling
604 956 40 20 av
667 945 290 33 trehundratusen
980 947 155 42 (300,000:
1150 948 50 41 —)
1222 948 134 33 kronor.

997 1024 21 42 8
1040 1025 28 30 2.

340 1071 121 32 Såsom
484 1071 240 43 tillträdesdag
746 1074 53 31 för
821 1074 43 31 de
888 1075 174 31 överlåtna
1084 1076 255 41 fastigheterna,
1356 1077 91 31 vilka
1469 1077 105 32 redan
1598 1078 187 32 innehavas

283 1124 40 20 av
347 1113 130 39 staden,
501 1114 88 31 skall
613 1126 101 20 anses
737 1115 66 32 den
828 1117 14 30 1
868 1117 63 40 juli
956 1118 88 31 1931.

996 1202 21 42 8
1040 1203 26 31 3.

335 1248 288 43 Köpeskillingen
648 1251 84 32 skall
755 1251 145 32 kontant
922 1253 118 40 gäldas
1064 1255 19 28 å
1106 1253 281 42 tillträdesdagen
1411 1255 66 31 den
1503 1256 14 30 1
1541 1255 64 41 juli
1631 1256 88 31 1931.

995 1337 72 41 84.

336 1384 128 32 Staden
499 1385 87 31 skall
618 1387 62 40 äga
710 1388 49 29 att
790 1387 121 31 enbart
938 1388 77 31 med
1039 1388 79 31 stöd
1142 1400 40 19 av
1205 1389 95 31 detta
1322 1390 99 37 avtal,
1446 1390 64 31 och
1534 1391 145 31 sålunda
1702 1394 82 29 utan

282 1428 50 29 att
362 1428 104 40 något
493 1427 140 32 särskilt
655 1428 171 42 köpebrev
851 1430 83 30 eller
957 1441 112 20 annan
1092 1430 195 42 ytterligare
1310 1431 258 43 köpehandling
1591 1444 40 20 av
1653 1434 131 31 kronan

282 1469 162 38 utfärdas,
470 1469 83 32 söka
585 1470 65 31 och
678 1471 127 31 erhålla
827 1471 123 41 lagfart
973 1474 18 29 å
1014 1472 66 31 den
1104 1473 88 31 fasta
1216 1473 176 41 egendom,
1417 1485 73 20 som
1516 1475 122 31 staden
1661 1486 123 31 genom

282 1510 96 32 detta
411 1511 88 31 avtal
532 1512 181 39 förvärvar,
739 1515 37 29 så
806 1515 96 29 snart
931 1515 126 31 avtalet
1082 1515 101 31 blivit
1205 1514 12 32 i
1241 1515 151 42 enlighet
1415 1516 78 31 med
1515 1517 66 31 vad
1604 1517 11 31 i
1638 1517 22 42 8
1683 1518 19 30 9
1724 1518 62 31 här

281 1552 114 32 nedan
429 1555 87 39 sägs,
540 1554 153 41 godkänt
724 1555 28 41 ej
784 1555 134 32 mindre
944 1557 53 31 för
1021 1557 140 31 stadens
1186 1557 54 31 del
1263 1568 40 21 av
1327 1558 311 42 stadsfullmäktige
1660 1571 123 30 genom

281 1594 125 39 beslut,
431 1606 73 21 som
535 1596 102 31 blivit
659 1597 11 31 i
693 1597 216 42 vederbörlig
937 1598 147 42 ordning
1109 1599 173 39 fastställt,
1307 1602 42 29 än
1373 1602 83 30 även
1480 1601 53 31 för
1554 1601 151 33 kronans
1729 1602 55 32 del

281 1648 40 20 av
343 1637 126 42 Kungl.
487 1638 99 42 Maj:t
610 1639 64 31 och
697 1639 192 42 riksdagen.

333 1679 143 32 Kronan
511 1681 88 31 skall
633 1681 262 33 tillhandahålla
928 1683 120 32 staden
1083 1683 42 31 de
1156 1683 122 39 kartor,
1302 1684 240 41 lagfartsbevis
1573 1686 65 31 och
1669 1686 116 42 övriga

281 1721 427 44 äganderättshandlingar
737 1726 161 30 ävensom
928 1725 538 43 brandförsäkringshandlingar,
1490 1727 92 32 vilka
1610 1729 79 30 röra
1715 1731 69 29 ute-

282 1764 159 32 slutande
464 1764 42 32 de
530 1766 176 31 överlåtna
727 1767 256 41 fastigheterna.

994 1835 71 42 ST

335 1882 129 32 Staden
498 1884 87 31 skall
620 1896 115 20 ensam
765 1885 191 32 vidkännas
989 1887 66 31 alla
1088 1886 186 32 kostnader
1305 1887 54 31 för
1389 1887 41 32 de
1461 1889 176 31 överlåtna
1669 1889 115 42 fastig-

280 1925 160 32 heternas
475 1927 198 41 avmätning
706 1929 160 30 ävensom
898 1929 66 30 alla
992 1929 187 31 kostnader
1201 1929 53 31 för
1277 1929 139 32 stadens
1439 1930 123 41 lagfart
1584 1933 19 29 å
1627 1931 42 32 de
1692 1934 90 30 över-

280 1967 94 31 låtna
396 1968 256 41 fastigheterna.

993 2012 21 43 8
1036 2014 28 30 6.

332 2060 142 32 Kronan
500 2057 205 45 garanterar,
729 2064 49 29 att
802 2062 41 32 de
868 2064 174 31 överlåtna
1065 2063 245 41 fastigheterna
1333 2064 73 32 icke
1429 2065 162 32 besväras
1614 2077 40 20 av
1677 2068 105 39 några

279 2102 244 42 inteckningar.

1047 2158 21 21 a

334 2195 129 32 Staden
487 2196 87 32 skall
597 2197 156 41 uppbära
776 2197 67 32 den
867 2198 211 41 avkastning,
1104 2199 73 31 däri
1201 2199 157 32 inräknat
1374 2200 180 42 utdelning
1570 2201 74 31 från
1660 2201 120 31 brand-

278 2238 303 41 försäkringsverk,
606 2239 74 31 från
704 2239 41 31 de
768 2240 175 32 överlåtna
972 2241 255 40 fastigheterna,
1252 2252 73 21 som
1356 2242 141 40 belöper
1519 2245 45 39 på
1586 2242 96 32 tiden
1706 2244 73 30 från

278 2280 65 31 och
377 2281 78 31 med
489 2280 66 32 den
581 2282 15 30 1
620 2281 64 41 juli
709 2283 88 36 1931,
823 2285 88 29 samt
945 2294 142 20 ansvara
1119 2284 53 30 för
1204 2284 264 40 fastigheternas
1499 2287 43 39 på
1573 2296 129 21 samma
1729 2286 50 31 tid

277 2322 194 42 belöpande
495 2323 130 31 skatter
648 2324 63 30 och
735 2335 112 20 onera.
1004 2366 4 2 |

997 2366 21 43 8
1040 2368 27 30 8.

330 2414 127 42 Kungl.
482 2415 99 41 Maj:t
605 2416 64 31 och
692 2416 129 31 kronan
845 2417 177 31 förbinder
1045 2417 52 42 sig
1121 2420 49 29 att
1193 2419 52 30 för
1268 2419 94 31 tiden
1386 2420 71 30 före
1481 2419 66 31 den
1573 2421 11 29 1
1610 2420 65 41 juli
1698 2421 77 30 1931

277 2456 75 32 icke
375 2459 72 29 mot
470 2458 121 31 staden
616 2460 82 40 göra
720 2459 157 41 gällande
901 2462 103 38 några
1027 2460 149 42 anspråk
1198 2461 10 30 i
1225 2460 85 43 följd
1326 2472 39 20 av
1378 2461 140 42 ägande-
1536 2462 81 31 eller
1634 2461 144 43 disposi-

277 2499 171 32 tionsrätt.
