2194 2624
418 151 20 30 4
850 148 347 33 Jordbruksutskottets
1219 146 167 33 utlåtande
1408 146 54 33 Nr
1482 148 32 31 2.

375 226 115 50 årligt
527 227 168 47 arrende,
733 240 82 24 som
852 227 229 37 bestämmes
1110 239 139 36 genom
1279 225 165 38 särskild
1472 225 281 50 uppskattning
1781 225 80 37 före
1889 238 95 38 upp-

373 279 180 37 låtelsens
582 279 266 49 medgivande.

187 379 132 57 Utskottet.
502 381 129 38 Under
658 396 45 23 en
732 382 96 49 följd
857 396 48 23 av
934 385 40 34 år
1002 382 69 36 har
1089 382 206 48 riksdagen
1316 381 140 37 bifallit
1475 394 47 23 av
1542 381 141 50 Kungl.
1705 381 111 48 Maj:t
1835 380 147 50 gjorda,

373 447 47 23 en
448 433 53 37 tid
530 448 48 22 av
607 439 53 32 ett
687 436 42 34 år
756 434 13 36 i
798 434 137 37 sänder
963 434 71 37 och
1063 440 128 30 senast
1218 433 100 37 intill
1338 433 104 36 tiden
1457 433 73 36 den
1553 435 18 34 1
1588 433 73 49 juli
1680 435 97 34 1919
1796 432 186 37 avseende

374 484 325 50 framställningar
727 499 47 23 av
803 485 200 37 enahanda
1030 485 166 37 innehåll
1224 498 81 24 som
1334 484 75 37 den
1437 484 306 49 ifrågavarande.

502 537 132 50 Enligt
653 537 73 36 vad
747 551 47 23 av
814 537 158 37 berörda
992 537 380 49 statsrådsprotokoll
1392 536 190 36 inhämtas
1600 536 69 36 har
1683 535 300 50 departements-

371 588 134 37 chefen
547 594 127 32 ansett
716 594 54 32 ett
810 588 179 38 liknande
1031 588 253 48 medgivande
1325 588 94 36 böra
1454 587 110 37 äskas
1593 587 70 37 hos
1691 587 206 49 riksdagen
1927 588 57 35 för

371 641 222 48 ytterligare
621 646 56 31 ett
705 643 41 34 år
774 641 91 36 eller
891 641 98 36 intill
1018 640 73 37 den
1123 643 17 34 1
1166 640 72 49 juli
1270 642 110 35 1920.

501 692 57 37 Då
585 693 187 36 utskottet
799 692 83 37 icke
910 692 125 37 funnit
1064 695 118 47 något
1209 698 55 31 att
1293 692 126 37 erinra
1442 697 80 31 mot
1542 691 124 37 denna
1685 691 298 49 framställning,

372 743 57 37 får
456 744 186 36 utskottet
670 744 214 48 hemställa,

904 853 54 32 att
976 847 208 49 riksdagen
1203 850 61 34 må
1285 847 130 37 bifalla
1435 847 141 50 Kungl.
1593 847 125 49 Maj:ts
1734 847 250 37 förevarande

774 900 248 49 proposition.

503 1003 222 37 Stockholm
755 1003 73 37 den
857 1006 49 35 30
929 1004 155 49 januari
1115 1005 108 36 1919.

837 1108 53 37 På
913 1107 414 51 jordbruksutskottets
1357 1113 160 44 vägnar:

940 1211 172 38 RAOUL
1141 1210 282 38 HAMILTON.

575 1574 222 28 Närvarande:
824 1573 104 27 Herrar
955 1582 85 25 greve
1068 1572 154 30 Hamilton,
1251 1571 174 36 Holmquist,
1454 1571 162 31 Hellström,
1645 1582 84 25 greve
1756 1572 228 32 Wachtmeister,

822 1616 114 27 friherre
964 1615 222 34 Silfverschiöld,
1210 1609 102 42 Öberg,
1336 1615 136 36 Sjöblom,
1502 1615 112 33 Olsson,
1633 1615 155 32 Sävström,
1809 1616 174 35 Magnusson

831 1660 54 28 och
904 1660 136 28 Eriesson
1059 1661 10 26 i
1089 1660 121 35 Arboga.
