2214 2724
386 282 18 29 4
516 275 112 32 Andra
656 271 205 31 Kammarens
891 259 175 42 Tillfälliga
1096 254 138 33 Utskotts
1262 250 81 42 (N:o
1370 247 30 40 1)
1434 240 168 35 Utlåtande
1628 236 66 32 N:o
1729 234 52 30 20.

341 366 53 35 väl
427 353 401 45 elementarläroverkets
858 359 71 24 som
960 342 207 38 folkskolans
1204 337 131 42 elever;
1381 332 38 35 så
1448 328 52 35 får
1524 323 190 42 Utskottet,
1747 317 45 45 på
1821 311 113 48 grund

341 420 36 35 af
403 416 90 37 hvad
526 425 41 24 nu
599 408 136 39 avfördt
766 405 123 41 blifvit,
925 397 253 43 vördsamligen
1207 389 139 43 föreslå,

664 550 49 31 att
756 543 91 35 Herr
893 534 213 40 Westerdals
1149 530 127 35 motion
1320 525 74 34 icke
1436 520 108 35 måtte
1581 515 51 35 till
1679 512 113 43 någon
1835 504 103 36 Riks-

668 602 129 42 dagens
827 593 122 47 åtgärd
979 587 188 39 föranleda.

563 719 195 38 Stockholm
788 716 64 34 den
886 715 18 32 5
938 709 97 45 April
1071 705 108 36 1878.

910 827 50 36 På
1002 823 196 37 Utskottets
1240 821 146 39 vägnar:

1034 949 36 38 A.
1103 946 30 38 J.
1166 942 100 51 Lyth.

952 1114 415 13 en

1035 1418 253 44 Reservation:

533 1637 36 36 af
603 1636 92 35 Herr
739 1631 42 36 A.
823 1628 48 36 W.
927 1621 197 39 MWesterdal:
1182 1617 205 36 "Utskottet
1429 1621 102 36 synes
1581 1608 76 35 icke
1701 1605 83 45 vilja
1825 1599 148 38 förneka

374 1697 119 43 vigten
536 1691 36 36 af
612 1690 41 34 de
696 1686 86 44 skäl,
813 1693 73 26 som
915 1681 9 34 i
954 1679 70 35 min
1069 1675 127 36 motion
1224 1670 117 37 blifvit
1387 1665 145 37 anförda
1574 1662 56 35 för
1674 1655 303 45 nödvändigheten

376 1747 108 46 deraf,
522 1750 51 31 att
602 1743 130 45 slöjden
762 1737 128 37 införes
919 1735 111 34 såsom
1058 1722 351 53 uppfostringsmedel
1446 1719 100 36 äfven
1576 1717 53 34 för
1659 1714 42 35 de
1730 1724 24 24 sg.
1787 1712 33 34 k.
1854 1709 125 35 bättre

376 1804 195 35 klassernas
600 1796 168 46 ungdom;
819 1801 77 24 men
925 1787 180 36 Utskottet
1146 1782 61 35 vill
1243 1778 106 36 likväl
1393 1776 76 34 icke
1511 1771 125 36 föreslå
1678 1765 202 44 Riksdagen
1925 1763 54 33 att

378 1862 83 40 taga
516 1855 108 43 något
666 1849 87 37 enda
802 1848 76 41 steg
926 1842 52 35 för
1021 1840 95 35 detta
1158 1835 85 36 måls
1285 1828 212 48 uppnående.
1558 1825 111 44 HEljest
1716 1820 134 35 brukar
1901 1816 75 36 den,

380 1923 75 25 som
485 1909 129 36 önskar
642 1904 116 42 målet,
791 1899 103 37 också
922 1896 84 45 vilja
1034 1892 143 36 medlen.

541 1954 362 52 Slöjdundervisnings
945 1947 181 37 införande
1155 1944 59 35 vid
1243 1933 397 44 elementarläroverken
1683 1928 113 37 skulle
1826 1923 157 38 medföra

383 2031 42 25 en
454 2030 45 33 ny
527 2014 118 47 utgift,
691 2016 99 40 säger
836 2006 181 36 Utskottet
1059 2000 54 36 till
1150 1996 75 38 stöd
1253 1994 54 37 för
1336 1994 62 35 sitt
1430 1985 235 50 afstyrkande.
1726 1983 44 35 Ja
1798 1980 66 44 väl,
1896 1981 85 32 utan

384 2067 349 53 penninguppoffring
776 2064 61 43 lär,
869 2062 11 33 i
910 2060 95 34 detta
1046 2054 59 37 fall
1134 2063 75 26 som
1237 2052 11 33 i
1278 2048 118 44 andra,
1428 2046 89 34 intet
1545 2043 117 34 kunna
1691 2038 133 35 vinnas.
1882 2030 103 37 Hade

385 2139 80 25 man
493 2127 128 44 ryggat
648 2121 53 36 för
744 2115 202 43 kostnaden,
992 2110 110 37 skulle
1144 2112 92 31 ännu
1266 2105 10 33 i
1306 2103 113 34 denna
1460 2098 67 44 dag
1570 2087 416 44 elementarläroverkens

387 2181 151 45 ungdom
566 2178 76 35 icke
670 2174 108 36 heller
806 2170 68 36 fått
902 2167 135 46 åtnjuta
1073 2159 251 43 undervisning
1352 2156 12 34 i
1392 2153 164 43 teckning
1586 2149 84 35 eller
1700 2145 119 43 öfning
1848 2143 12 34 i
1889 2150 98 36 gym-

389 2234 134 44 nastik;
553 2242 78 25 men
650 2228 126 37 önskar
805 2235 46 25 nu
879 2223 115 43 någon
1023 2219 99 35 dessa
1150 2220 141 30 ämnens
1320 2208 194 43 förvisning
1542 2204 79 36 från
1649 2201 173 42 skolorna,
1854 2196 56 35 för
1939 2195 53 34 att

392 2290 198 44 derigenom
619 2284 184 43 inbespara
832 2274 217 49 penningar?
1095 2272 85 43 Inga
1208 2266 111 37 medel
1346 2262 100 38 torde
1475 2271 84 26 vara
1600 2257 116 35 bättre
1745 2251 171 43 använda,
1948 2251 43 31 än

394 2345 40 36 de
469 2353 72 25 som
571 2339 113 36 anslås
714 2336 50 36 till
796 2345 40 24 en
865 2331 45 35 fri
942 2326 200 44 utveckling
1170 2323 37 36 af
1246 2322 64 35 den
1346 2314 227 50 uppväxande
1601 2310 212 45 ungdomens
1841 2298 146 56 krafter.
