1910 2830
265 167 128 34 Andra
414 169 227 33 kammarens
662 172 119 29 första
799 171 187 36 tillfälliga
1008 172 156 32 utskotts
1183 173 188 32 utlåtande
1391 174 51 31 Nr
1466 175 29 30 3.
1542 174 39 31 13

126 244 279 36 tyngdpunkten
429 244 89 33 böra
543 246 126 36 läggas
694 248 47 35 på
768 248 181 32 danandet
975 259 46 21 av
1048 249 163 36 fullgoda
1237 251 64 30 och
1328 252 296 31 motståndskraf-

129 287 74 36 viga
226 287 225 45 karaktärer,
476 298 43 21 en
545 288 155 39 uppgift,
725 300 75 22 som
825 291 125 31 skolan
976 291 97 32 delar
1098 293 64 30 och
1188 295 112 30 måste
1325 294 78 31 dela
1428 295 77 31 med
1532 295 92 30 hem-

125 339 88 23 men.
259 328 270 40 Överstyrelsen
551 332 115 33 håller
690 334 64 31 ock
779 334 85 37 före,
888 336 54 31 att
966 335 161 33 hemmen
1152 337 74 30 och'
1240 338 228 31 föräldrarna
1492 338 61 32 vid
1576 348 48 22 nu

126 375 238 32 förevarande
415 375 468 38 upplysningsverksamhet
915 379 96 31 hava
1041 389 43 21 en
1116 380 229 36 synnerligen
1375 381 250 35 betydelsefull

128 418 142 35 uppgift
292 420 54 30 att
368 419 102 37 fylla,
491 429 43 21 en
554 420 154 37 uppgift,
730 422 55 30 för
808 431 83 22 vars
912 422 144 32 lösande
1077 425 128 34 tyvärr
1225 424 12 30 i
1257 424 125 31 alltför
1403 425 129 31 talrika
1559 426 65 30 fall

126 461 223 36 tillräckliga
368 463 307 35 förutsättningar
695 464 140 31 saknas.
873 464 77 31 Den
968 466 477 38 upplysningsverksamhet,
1465 478 72 21 som
1558 469 66 30 här

125 513 113 28 avses,
266 506 100 30 torde
396 505 198 32 emellertid
625 506 138 31 erhålla
794 507 55 31 sin
881 508 197 35 ingalunda
1108 509 132 31 minsta
1271 510 177 36 betydelse
1478 511 74 35 just
1581 521 43 20 ur

123 546 69 31 den
218 548 230 35 synpunkten
472 551 55 28 att
555 549 67 31 den
646 549 72 31 kan
744 550 183 32 verksamt
952 551 150 34 bidraga
1126 553 55 29 att
1208 554 95 29 sätta
1329 553 165 32 blivande
1522 555 102 30 täder

124 590 66 31 och
210 591 146 31 mödrar
378 592 12 30 i
412 592 106 31 stånd
539 593 54 30 att
612 594 47 34 på
681 594 50 30 ett
754 593 117 32 bättre
893 596 72 30 sätt
986 594 290 32 omhänderhava
1299 606 42 21 en
1364 596 116 36 viktig
1503 596 54 32 del
1578 607 45 21 av

125 632 69 31 den
217 642 74 27 nya
315 633 271 35 generationens
612 635 148 32 fostran.

164 676 55 32 Då
244 678 59 31 det
327 677 114 34 gäller
465 680 54 29 att
542 680 166 30 närmare
732 680 201 31 undersöka
956 680 142 32 skolans
1123 681 303 36 förutsättningar
1451 683 63 30 och
1538 685 70 33 möj

123 717 155 36 ligheter
301 722 54 29 att
381 721 160 31 meddela
568 721 101 37 dylik
694 722 272 37 undervisning,
992 725 40 29 är
1057 724 57 30 det
1138 724 79 31 med
1243 724 140 36 hänsyn
1408 725 56 31 till
1489 727 137 30 ämnets

123 761 176 33 karaktär
322 763 212 38 uppenbart,
560 766 53 30 att
637 765 227 36 prövningen
887 768 112 31 måste
1022 767 132 32 utfalla
1179 768 224 35 väsentligen
1427 769 94 31 olika
1545 769 78 31 allt-

123 805 94 33 efter
236 808 43 31 de
301 808 119 31 skilda
441 807 279 34 skolformernas
740 809 186 36 uppgifter
949 811 63 30 och
1032 810 258 36 bildningsmål
1313 814 89 29 samt
1424 812 199 31 beskaffen-

123 848 105 34 heten
252 861 46 21 av
319 851 105 32 deras
447 850 345 37 lärjungematerial.
835 853 58 31 Nu
916 853 148 31 berörda
1088 855 303 35 omständigheter
1414 856 92 30 hava
1529 856 91 30 kom:

122 893 67 32 mit
212 894 58 31 till
291 895 118 31 starkt
429 896 148 35 uttryck
598 895 12 31 i
630 896 43 31 de
696 896 205 37 yttranden,
923 907 73 20 som
1019 897 83 31 från
1124 898 317 32 läroanstalternas
1464 899 76 31 sida
1563 909 58 20 av-

123 935 122 38 givits,
271 938 64 30 och
362 938 41 31 de
428 938 178 32 växlande
632 939 194 36 omdömen,
851 949 73 21 som
950 940 128 32 därvid
1104 941 151 32 uttalats
1280 942 12 29 i
1317 942 99 30 såväl
1443 947 66 25 den
1534 943 88 29 före-

123 978 170 36 liggande
316 980 260 36 huvudfrågan
598 991 74 21 som
694 982 133 31 talrika
849 982 299 36 detaljspörsmål.

165 1023 18 31 I
211 1024 58 31 det
297 1024 214 35 föregående
538 1025 65 30 har
631 1025 263 37 överstyrelsen
920 1026 79 31 sökt
1025 1027 398 35 sammanfattningsvis
1451 1028 172 35 redogöra

123 1066 56 32 för
207 1068 42 30 de
273 1067 296 37 betänkligheter,
595 1078 74 22 som
694 1070 12 30 i
733 1071 38 29 så
798 1069 73 31 rikt
897 1071 90 29 mått
1014 1070 113 35 gjorts
1154 1070 166 35 gällande
1345 1071 79 31 med
1450 1071 171 31 avseende

124 1112 47 33 på
197 1111 143 31 skolans
368 1111 218 31 medverkan
614 1112 12 30 i
654 1121 49 21 nu
733 1112 237 32 förevarande
998 1113 473 36 upplysningsverksamhet.
1520 1112 103 33 Över-

122 1153 177 36 styrelsen
323 1153 96 32 inser
445 1154 140 37 fullväl,
608 1157 54 29 att
687 1156 111 30 redan
822 1155 172 31 tillvaron
1019 1167 44 19 av
1089 1157 68 30 vitt
1182 1157 174 31 utbredda
1381 1158 241 35 betänklighe-

122 1197 55 29 ter
202 1197 84 31 från
312 1197 103 31 deras
440 1196 88 38 sida,
553 1198 98 31 vilka
677 1200 162 30 närmast
864 1199 97 31 skola
987 1200 290 30 omhänderhava
1303 1201 109 34 sagda
1438 1202 183 29 undervis-

122 1238 240 38 ningsarbete,
387 1241 115 31 måste
525 1251 90 20 vara
638 1241 120 35 ägnad
782 1243 53 30 att
859 1242 143 35 påkalla
1028 1252 43 21 en
1095 1243 147 31 särskilt
1268 1243 172 35 ingående
1465 1251 62 23 och
1552 1244 67 30 kri-

123 1282 72 31 tisk
216 1283 180 36 prövning
416 1294 45 20 av
484 1284 56 31 det
562 1283 248 36 föreliggande
831 1284 194 36 problemet
1045 1296 43 20 ur
1110 1285 95 31 olika
1226 1286 230 36 synpunkter.
1499 1286 81 31 Men
1602 1288 20 29 å

123 1327 116 31 andra
264 1326 104 32 sidan
392 1327 101 32 torde
517 1328 57 31 det
597 1328 66 30 ock
688 1328 106 36 gälla,
820 1329 64 36 att,
909 1338 56 21 om
988 1338 93 28 man,
1106 1331 115 29 såsom
1248 1330 257 35 överstyrelsen
1531 1339 91 21 ovan

124 1369 213 38 framhållit,
366 1373 40 28 är
435 1371 197 42 övertygad
659 1381 56 21 om
741 1371 374 36 upplysningsvägens
1141 1372 210 36 lämplighet
1378 1374 62 29 och
1467 1374 155 30 nödvän-

125 1413 133 36 dighet,
276 1414 47 31 då
342 1414 58 31 det
420 1414 112 35 gäller
551 1416 53 29 att
623 1416 37 30 åt
680 1415 188 31 samhället
888 1416 64 30 och
968 1416 79 30 dess
1066 1415 231 36 medborgare
1316 1416 125 31 bereda
1464 1418 48 29 ett
1532 1419 90 27 värn

123 1459 73 29 mot
220 1455 226 33 förstörande
467 1457 148 36 krafter,
638 1460 39 29 så
699 1468 84 22 vore
807 1458 57 31 det
887 1458 76 30 icke
985 1458 211 36 försvarligt
1219 1469 46 20 av
1287 1469 42 20 en
1352 1459 269 31 samhällsinsti-

122 1499 118 31 tution
263 1502 54 29 att
339 1501 238 34 undandraga
600 1500 56 36 sig
677 1500 50 31 all
749 1501 218 31 medverkan
988 1502 111 30 under
1123 1502 220 35 hänvisning
1364 1502 55 30 till
1442 1502 177 35 svårighe-

123 1544 55 30 ter
203 1542 85 32 eller
312 1543 279 37 vanskligheter,
616 1554 55 20 om
697 1544 64 30 och
787 1544 12 30 i
822 1544 70 31 den
916 1545 84 30 mån
1024 1554 41 21 en
1091 1547 165 28 närmare
1281 1545 266 35 undersökning
1573 1546 48 34 gi-

123 1595 62 21 ver
209 1586 63 31 vid
296 1586 151 37 handen,
472 1588 54 29 att
550 1597 42 20 en
617 1586 152 36 lämplig
793 1587 221 35 anpassning
1038 1598 44 20 av
1107 1585 303 38 undervisningen
1436 1585 83 33 eller
1543 1588 79 32 dess

122 1629 201 31 eventuella
347 1628 244 37 begränsning
614 1629 58 31 till
696 1630 97 31 vissa
816 1629 252 32 läroanstalter
1093 1630 84 31 eller
1200 1630 95 31 vissa
1322 1640 153 27 grupper
1499 1641 45 20 av
1570 1632 51 30 så-

119 1671 97 31 dana
235 1672 114 32 skulle
368 1672 197 32 förminska
582 1673 87 31 eller
687 1673 203 35 undanröja
907 1673 43 31 de
969 1673 233 36 svårigheter,
1221 1674 97 30 vilka
1337 1675 42 34 på
1400 1675 129 34 många
1548 1674 75 30 håll

122 1714 141 32 funnits
292 1717 132 35 utgöra
455 1715 50 32 ett
536 1715 152 32 allmänt
718 1716 128 31 hinder
878 1717 56 30 för
967 1717 356 31 samhällsintressets
1352 1717 168 36 behöriga
1552 1717 71 31 till-

121 1758 227 34 godoseende.

162 1844 70 32 För
252 1843 241 36 klargörande
513 1856 46 20 av
579 1846 41 31 de
642 1845 315 38 omständigheter,
978 1857 73 21 som
1073 1847 11 30 i
1104 1857 48 20 nu
1173 1846 148 32 berörda
1343 1848 170 31 avseende
1535 1848 82 30 kun:

121 1897 46 21 na
193 1890 68 30 öva
285 1888 207 37 inflytande
516 1890 43 35 på
582 1889 427 37 ståndpunktstagandet,
1035 1900 103 26 synes
1161 1891 60 30 det
1247 1901 45 19 av
1317 1891 76 30 vikt
1419 1893 52 28 att
1498 1891 56 31 till
1579 1901 42 20 en

122 1930 128 37 början
275 1934 123 33 uppnå
423 1942 42 20 en
490 1931 161 33 bestämd
679 1933 160 35 fixering
864 1944 45 19 av
934 1934 110 34 sagda
1070 1933 277 35 undervisnings
1373 1934 157 30 innehåll
1558 1934 62 30 och

121 1973 196 36 uppgifter.
361 1975 143 32 Härvid
529 1976 113 31 måste
668 1975 120 31 tillika
814 1976 343 36 uppmärksammas,
1186 1977 12 30 i
1224 1977 120 30 vilken
1371 1977 250 34 utsträckning

123 2017 57 31 det
204 2018 64 31 vid
292 2018 307 36 undervisningen
624 2018 335 35 ifrågakommande
984 2019 202 31 lärostoffet
1213 2021 108 30 redan
1346 2030 46 21 nu
1419 2020 60 31 vid
1506 2020 115 31 skilda

121 2059 256 34 läroanstalter
399 2060 156 33 beaktas.
599 2061 68 32 Det
689 2062 67 31 vill
779 2062 182 35 nämligen
986 2062 167 31 förefalla
1178 2063 268 36 överstyrelsen,
1470 2073 71 21 som
1567 2073 53 21 om

122 2104 12 30 i
156 2105 158 31 nämnda
336 2103 199 34 hänseende
559 2115 41 21 en
622 2105 73 32 viss
718 2105 162 32 oklarhet
902 2105 97 32 varit
1021 2106 158 32 rådande
1202 2106 108 31 bland
1332 2107 43 30 de
1397 2107 110 30 hörda
1532 2106 89 31 skol-

121 2147 310 37 myndigheterna,
456 2147 58 32 till
537 2150 118 33 någon
680 2148 55 32 del
759 2148 180 32 måhända
964 2151 89 28 även
1076 2149 62 31 hos
1164 2149 41 31 de
1230 2149 235 36 sakkunniga,
1489 2151 37 29 så
1551 2149 70 31 till-

122 2190 86 32 vida
228 2193 56 29 att
308 2191 102 31 dessa
433 2192 12 30 i
466 2191 126 31 alltför
615 2191 71 36 hög
709 2192 89 34 grad
821 2191 62 32 vid
906 2192 55 31 sin
983 2192 269 35 undersökning
1273 2192 81 31 låtit
1379 2193 55 35 sig
1456 2193 96 31 ledas
1575 2203 46 20 av

121 2233 294 36 undervisnings-
437 2235 66 31 och
527 2234 214 36 kursplaner
767 2235 65 31 och
857 2235 124 32 endast
1005 2236 11 30 i
1042 2235 139 32 mindre
1206 2235 253 36 utsträckning
1482 2236 141 31 kunnat

121 2278 89 35 utgå
235 2278 83 31 från
342 2277 325 36 undervisningens
691 2278 164 36 verkliga
880 2277 167 32 innehåll.

166 2320 58 31 Av
244 2322 61 31 det
327 2321 111 32 redan
460 2321 111 35 sagda
594 2321 173 37 framgår,
789 2323 54 30 att
864 2322 60 31 det
944 2321 226 32 omedelbara
1192 2322 110 36 syftet
1325 2323 76 31 med
1425 2323 40 31 de
1488 2322 133 36 ifråga-

121 2364 96 31 satta
239 2364 217 36 åtgärderna
479 2367 41 29 är
542 2367 54 29 att
618 2364 166 36 bibringa
807 2365 152 31 svenska
979 2365 232 35 medborgare
1233 2366 11 30 i
1268 2375 121 26 gemen
1413 2376 41 20 en
1476 2367 44 34 på
1544 2367 75 30 sak-

121 2406 75 36 liga
223 2407 187 37 uppgifter
438 2408 166 36 grundad
630 2408 230 36 vederhäftig
886 2408 65 31 och
977 2409 160 36 objektiv
1164 2409 163 36 kunskap
1355 2419 55 21 om
1440 2409 40 31 de
1509 2410 112 31 smitt-

122 2460 136 22 samma
277 2451 367 37 könssjukdomarnas
663 2453 119 35 natur,
803 2452 102 32 deras
925 2452 143 31 orsaker
1087 2452 64 31 och
1172 2452 130 36 följder
1324 2453 55 30 för
1398 2453 138 30 individ
1557 2452 63 31 och

121 2493 183 39 samhälle,
327 2496 168 30 ävensom
516 2496 55 30 att
593 2505 42 21 en
656 2495 104 37 dylik
782 2495 392 36 kunskapsmeddelelse
1197 2495 288 36 oundgängligen
1509 2496 111 31 måste

1655 1854 182 23 Sexualunder-

1672 1889 142 29 visningens

1661 1923 110 24 innehåll
1792 1924 44 23 och

1680 1959 132 28 uppgifter.
