1902 2826
279 153 39 31 18
675 156 109 28 Andra
808 156 226 35 lagutskottets
1056 155 167 29 utlåtande
1246 156 45 27 Nr
1310 156 50 28 45.

280 228 64 31 och
367 238 72 21 som
462 228 99 31 torde
585 229 287 30 överensstämma
895 228 76 31 med
996 227 102 41 eljest
1120 238 40 20 av
1185 227 262 32 statsmakterna
1470 226 197 41 tillämpade
1692 226 89 41 prin-

280 270 93 41 ciper
396 270 11 31 i
431 270 94 41 fråga
549 281 55 20 om
628 269 317 42 dyrortsgradering
968 270 92 31 inom
1084 269 377 41 sociallagstiftningen.

333 353 118 41 Enligt
471 353 157 41 gällande
648 353 258 32 bestämmelser
925 355 98 39 utgår
1042 353 70 32 viss
1135 353 55 32 del
1210 364 40 20 av
1272 351 336 43 familjepenningen,
1632 352 57 31 det
1710 352 70 31 s.k.

278 402 353 42 grundbeloppet,
651 405 78 29 utan
747 402 300 41 behovsprövning
1063 402 53 31 till
1135 402 66 31 den
1218 402 246 41 värnpliktiges
1482 401 121 31 hustru
1622 403 85 29 samt
1725 400 53 32 till

281 453 86 31 hans
384 453 82 31 barn
484 453 110 32 under
611 454 38 31 16
667 456 44 29 år.
740 453 212 31 Kommittén
970 454 152 37 föreslår,
1142 456 50 28 att
1208 453 274 41 grundbeloppet
1500 452 86 32 skall
1605 452 177 42 borttagas

281 503 64 31 och
367 503 142 31 sålunda
530 503 77 32 hela
630 503 325 42 familjepenningen
977 505 81 39 utgå
1079 504 87 31 efter
1186 503 309 42 behovsprövning.
1529 503 17 31 I
1569 503 53 31 sin
1644 503 137 31 motive-

281 553 77 42 ring
375 553 52 31 till
445 553 164 42 förslaget
627 564 53 21 om
698 553 291 42 grundbeloppets
1006 553 225 41 borttagande
1248 553 62 32 har
1328 553 200 32 kommittén
1547 553 112 31 anfört
1676 553 105 32 bland

281 605 114 29 annat:

335 669 284 43 Grundbeloppet
638 670 10 31 i
669 670 53 32 sin
741 670 194 32 nuvarande
955 670 211 41 utformning
1185 670 164 31 framkom
1371 672 149 29 närmast
1539 680 73 21 som
1632 681 41 20 en
1693 669 89 32 kom-

281 712 147 41 promiss
452 712 124 31 mellan
600 712 139 32 behovs-
763 712 63 32 och
850 712 303 41 löneprinciperna.
1188 713 113 31 Därav
1326 712 164 31 förklaras
1516 712 65 31 den
1605 712 71 31 inre
1701 715 81 28 mot-

282 754 160 41 sättning,
466 764 74 21 som
563 754 154 32 vidlåder
739 754 80 32 dess
842 754 248 32 konstruktion.
1125 753 30 32 Å
1179 765 63 20 ena
1265 754 99 32 sidan
1388 756 98 39 utgår
1508 753 274 42 grundbeloppet

282 798 82 29 utan
390 796 299 42 behovsprövning
714 807 76 20 men
817 798 19 29 å
861 796 103 32 andra
990 796 98 31 sidan
1114 796 207 32 tillkommer
1346 796 57 32 det
1429 796 122 31 endast
1576 796 208 41 värnpliktig

283 838 77 31 med
384 838 120 31 hustru
530 838 84 32 eller
638 838 227 41 minderåriga
888 838 83 31 barn
997 838 62 31 och
1085 840 98 39 utgår
1207 838 77 31 med
1309 838 104 41 högre
1438 837 128 42 belopp
1590 838 57 31 vid
1672 840 111 30 större

282 879 186 32 barnantal.
506 880 82 31 Som
613 880 11 31 i
648 883 103 29 annat
775 880 241 41 sammanhang
1040 880 86 32 skall
1151 882 152 30 närmare
1328 880 173 32 utvecklas
1527 880 143 31 föreslår
1694 880 89 31 kom-

283 921 121 32 mittén
428 933 41 20 en
492 933 46 30 ny
562 922 237 41 bidragsform,
826 922 66 31 den
916 922 68 32 s.k.
1009 922 265 38 hemortslönen,
1300 933 73 21 som
1397 922 11 31 i
1433 922 133 41 princip
1591 922 85 31 skall
1702 925 83 38 utgå

282 963 55 31 till
370 964 67 31 alla
467 964 229 41 värnpliktiga
728 975 73 20 som
835 963 157 42 fullgjort
1023 964 70 31 viss
1127 964 69 32 tids
1218 964 231 41 tjänstgöring
1471 964 63 31 och
1557 964 57 31 vid
1636 975 76 20 vars
1736 967 47 28 ut-

282 1006 157 31 mätande
460 1006 134 41 hänsyn
618 1006 119 31 endast
759 1008 96 39 tages
880 1006 52 31 till
954 1006 364 41 tjänstgöringstidens
1342 1006 111 41 längd.
1487 1006 18 31 I
1528 1006 254 32 hemortslönen

283 1047 171 32 förmenar
472 1048 53 41 sig
542 1048 199 31 kommittén
762 1048 143 31 sålunda
923 1048 42 31 ha
984 1049 114 30 funnit
1117 1050 48 30 ett
1183 1048 268 32 konsekventare
1471 1048 134 41 uttryck
1623 1048 54 31 för
1695 1048 89 32 löne-

283 1089 185 41 principen.
516 1090 78 31 Den
628 1090 198 31 normerade
862 1090 307 41 behovsprövning,
1207 1101 73 20 som
1316 1090 199 31 kommittén
1553 1090 143 31 föreslår
1732 1091 54 30 för

283 1131 351 41 familjemedlemmar
669 1132 107 41 enligt
811 1132 19 31 3
866 1131 21 42 8
921 1132 30 38 a)
993 1131 623 42 krigsfamiljebidragsförordningen,
1643 1132 143 31 innebär

284 1175 84 29 även
405 1184 41 20 en
481 1174 191 41 ersättning
707 1174 54 30 för
786 1173 281 42 grundbeloppet.
1106 1173 284 42 Grundbeloppet
1415 1174 98 31 torde
1539 1174 115 31 vidare
1680 1174 105 32 sakna

284 1215 153 41 praktisk
453 1215 178 41 betydelse
651 1216 61 31 och
730 1216 11 30 i
759 1216 92 31 vissa
869 1216 217 31 hänseenden
1104 1216 100 31 verka
1222 1217 167 30 orättvist.
1419 1216 54 31 Då
1490 1216 116 31 härtill
1624 1216 160 37 kommer,

284 1259 49 29 att
355 1257 274 42 grundbeloppet
649 1258 132 31 medför
804 1257 167 41 åtskilligt
993 1258 266 31 administrativt
1281 1257 188 32 merarbete
1492 1258 54 31 för
1567 1258 218 37 nämnderna,

283 1299 62 31 har
368 1299 200 31 kommittén
591 1299 149 31 beslutat
764 1299 128 31 föreslå
914 1301 49 29 att
986 1299 274 41 grundbeloppet
1283 1299 184 41 borttages.

336 1376 18 30 I
374 1375 92 41 fråga
486 1386 55 20 om
559 1375 202 40 yttrandena
781 1376 80 29 över
881 1374 161 41 förslaget
1062 1374 159 31 hänvisas
1242 1375 53 30 till
1316 1375 62 30 sid.
1401 1376 38 29 47
1461 1375 62 31 och
1542 1375 40 31 48
1602 1375 10 30 i
1632 1375 152 41 proposi-

283 1426 126 30 tionen.
443 1425 385 40 Departementschefen
851 1424 61 31 har
932 1425 123 30 anfört:

337 1492 231 31 Kommitténs
601 1492 136 40 förslag,
771 1494 49 29 att
853 1492 324 41 familjepenningen
1200 1492 122 31 liksom
1344 1493 125 31 hittills
1493 1492 110 32 skulle
1625 1492 160 41 graderas

285 1535 87 31 efter
408 1535 116 40 dyrort
559 1535 77 30 med
671 1534 217 41 tillämpning
913 1545 39 20 av
977 1534 379 41 folkpensioneringens
1383 1534 315 42 dyrortsindelning
1724 1534 62 31 har

283 1576 76 31 från
382 1578 102 39 några
507 1587 41 20 av
572 1576 41 31 de
637 1575 444 41 familjebidragsnämnder,
1106 1586 71 20 som
1202 1578 105 38 yttrat
1331 1576 61 40 sig,
1416 1577 86 29 mött
1525 1575 257 41 invändningar,

282 1629 78 20 men
382 1618 60 31 har
466 1629 40 19 av
531 1617 148 32 flertalet
702 1617 109 31 hörda
834 1617 236 41 myndigheter
1093 1617 61 31 och
1178 1617 438 41 familjebidragsnämnder
1638 1617 146 31 lämnats

283 1662 83 28 utan
388 1660 142 31 erinran.
566 1660 68 30 För
655 1670 83 30 egen
760 1659 56 31 del
838 1659 112 31 finner
971 1659 56 41 jag
1048 1658 122 31 liksom
1192 1659 210 37 kommittén,
1426 1661 49 29 att
1497 1659 117 31 skälen
1636 1659 53 31 för
1711 1658 73 41 dyr-

285 1702 254 41 ortsgradering
557 1713 40 20 av
614 1702 326 41 familjepenningen
958 1702 146 40 alltjämt
1122 1702 144 31 kvarstå.
1298 1702 53 31 En
1371 1702 104 31 sådan
1496 1702 180 41 gradering
1695 1703 90 30 över-

285 1745 223 30 ensstämmer
542 1744 54 30 för
630 1743 110 42 övrigt
773 1744 78 31 med
886 1744 100 41 eljest
1021 1743 196 42 tillämpade
1252 1744 171 41 principer
1458 1746 43 39 på
1535 1744 251 41 sociallagstift-

285 1785 145 42 ningens
446 1786 147 31 område.
620 1786 202 31 Emellertid
839 1785 210 42 tillgodoses,
1067 1788 112 30 såsom
1196 1797 40 19 av
1253 1786 57 31 det
1327 1786 152 41 följande
1496 1786 155 41 framgår,
1669 1786 116 32 önske-

288 1828 103 31 målet
407 1839 53 20 om
479 1839 41 20 en
539 1828 144 41 ändring
699 1828 178 41 härvidlag
894 1828 11 30 1
922 1828 70 31 viss
1009 1829 78 30 mån
1104 1838 121 31 genom
1243 1828 58 31 det
1318 1830 76 36 sätt,
1415 1830 43 39 på
1475 1828 107 32 vilket
1598 1828 187 41 höjningen

285 1880 41 20 av
358 1870 326 42 familjepenningen
716 1870 145 32 föreslås
894 1870 94 32 skola
1021 1870 68 32 ske.
1123 1870 66 41 Jag
1209 1870 191 41 tillstyrker
1420 1871 125 40 jämväl
1566 1870 219 32 kommitténs

285 1912 129 41 förslag
432 1923 52 20 om
505 1923 41 21 en
565 1912 195 42 ytterligare
780 1912 348 41 ortsdifferentiering
1146 1923 40 20 av
1206 1912 346 42 familjepenningens
1570 1912 135 42 belopp,
1726 1912 61 32 där

286 1954 127 42 Kungl.
432 1954 100 41 Maj:t
550 1955 12 30 i
580 1955 94 40 fråga
692 1965 53 20 om
765 1956 63 35 ort,
848 1965 72 20 som
938 1956 139 39 gränsar
1096 1954 52 31 till
1168 1957 52 28 ort
1239 1954 11 30 i
1268 1954 105 41 högre
1393 1957 193 38 ortsgrupp,
1607 1955 106 41 enligt
1731 1955 54 31 be-

286 1996 211 32 stämmelser
519 1997 11 30 i
552 1996 99 41 lagen
673 2007 54 20 om
749 1996 316 41 folkpensionering
1088 1996 164 41 medgivit
1274 1998 67 30 rätt
1362 1997 53 31 till
1438 1997 200 41 förhöjning
1659 2008 40 20 av
1721 1997 65 30 till-

286 2038 243 48 läggspension
554 2039 108 41 enligt
685 2039 147 31 nämnda
857 2038 62 41 lag.
955 2039 18 30 I
997 2039 121 31 sådant
1143 2038 59 31 fall
1227 2038 63 31 bör
1314 2040 83 30 även
1423 2039 107 41 enligt
1555 2039 69 30 min
1649 2039 138 41 mening

285 2080 327 42 familjepenningen
646 2081 34 31 få
712 2080 154 41 förhöjas
900 2082 43 39 på
976 2082 68 29 sätt
1077 2080 200 31 kommittén
1313 2080 185 41 föreslagit.
1534 2081 163 31 Däremot
1720 2081 65 31 kan

285 2123 58 41 jag
364 2123 71 32 icke
456 2123 172 41 tillstyrka
649 2123 41 31 de
711 2123 11 30 i
743 2122 92 31 vissa
856 2122 181 41 yttranden
1058 2122 187 41 framlagda
1266 2122 172 41 förslagen
1460 2133 54 20 om
1537 2122 186 42 stadgande
1746 2134 40 20 av

286 2167 69 29 rätt
377 2165 52 32 för
449 2165 127 41 Kungl.
601 2164 100 42 Maj:t
724 2164 83 32 eller
829 2165 71 31 viss
923 2164 116 41 statlig
1060 2164 200 41 myndighet
1283 2166 49 29 att
1355 2165 161 31 förordna
1539 2176 54 20 om
1615 2164 171 32 avvikelse

285 2207 76 31 från
384 2208 65 31 den
472 2208 54 30 för
549 2206 360 42 folkpensioneringen
932 2206 156 41 gällande
1112 2206 399 42 dyrortsgrupperingen.

339 2250 75 31 Vad
434 2250 149 31 därefter
602 2250 103 40 angår
724 2248 345 41 familjepenningens
1090 2248 265 42 maximibelopp
1376 2249 94 31 delar
1490 2249 57 41 jag
1567 2249 219 31 kommitténs

287 2292 229 41 uppfattning,
544 2294 49 28 att
620 2291 56 31 det
703 2293 36 29 är
765 2291 216 40 erforderligt
1008 2291 76 31 med
1112 2302 41 20 en
1180 2291 268 31 förhållandevis
1476 2294 72 28 stor
1575 2291 143 41 höjning
1746 2302 40 20 av

284 2333 346 42 familjepenningens
651 2333 126 41 belopp
799 2333 54 31 för
874 2333 121 31 hustru
1017 2333 53 31 för
1091 2334 50 30 att
1164 2332 197 41 därigenom
1383 2333 184 41 tillgodose
1590 2332 41 32 de
1654 2333 132 31 mindre

287 2375 201 41 familjerna,
508 2387 74 20 som
602 2375 106 41 enligt
726 2375 187 31 verkställd
932 2375 255 40 undersökning
1205 2374 89 32 visat
1315 2375 53 40 sig
1387 2386 78 20 vara
1485 2375 11 31 i
1517 2374 139 32 särskilt
1674 2374 112 32 behov

286 2429 41 20 av
348 2417 105 32 ökade
474 2418 129 40 bidrag.
638 2417 184 41 Samtidigt
842 2416 63 32 bör
926 2417 109 37 också,
1057 2419 112 30 såsom
1190 2417 200 31 kommittén
1413 2416 196 38 framhållit,
1631 2416 156 41 vidtagas
