1908 2836
552 165 108 28 Andra
685 165 226 36 lagutskottets
934 165 166 28 utlåtande
1123 165 44 28 Nr
1183 165 49 28 45.
1602 161 40 31 39

191 240 19 30 I
232 240 199 41 anslutning
454 240 54 31 till
532 240 320 32 statsrevisorernas
878 251 85 20 ovan
989 239 141 32 anförda
1155 239 175 31 uttalande
1355 239 61 31 har
1439 238 201 31 kommittén

141 283 157 40 upptagit
314 283 54 30 till
385 282 168 42 prövning
570 283 126 41 frågan,
715 283 11 31 1
742 283 115 31 vilken
875 282 205 41 omfattning
1097 281 184 32 retroaktiv
1298 281 212 31 hemortslön
1527 282 113 30 såsom

140 325 190 41 ersättning
353 325 52 31 för
427 326 223 31 semesterlön
673 326 83 32 eller
778 325 355 40 semesterersättning
1155 324 106 31 borde
1286 325 81 39 utgå
1389 323 54 31 till
1467 323 76 31 dem
1567 333 73 21 som

140 368 11 30 i
171 367 53 32 sin
245 368 100 31 civila
365 368 209 41 anställning
594 370 131 29 oavsett
745 367 166 41 fullgjord
932 367 126 31 militär
1078 366 229 42 tjänstgöring
1328 365 128 32 erhålla
1477 367 163 30 semester

141 410 81 31 eller
247 410 189 41 ersättning
459 410 126 31 härför.
622 410 17 31 I
664 410 134 41 princip
823 410 63 31 bör
911 410 143 38 givetvis
1081 409 355 39 semesterersättning
1461 407 73 33 icke
1561 409 80 38 utgå

140 451 53 32 till
213 453 208 41 värnpliktig
441 453 10 30 i
473 453 65 31 den
559 455 77 29 mån
656 453 66 31 han
743 453 11 31 i
776 453 54 31 sin
851 453 100 31 civila
972 452 207 40 anställning
1200 451 146 32 erhåller
1367 452 172 30 semester.
1572 450 68 31 Det

140 497 36 29 är
209 495 190 31 emellertid
433 495 72 32 icke
539 495 168 41 praktiskt
741 495 254 41 genomförbart
1030 496 49 30 att
1113 505 143 30 avpassa
1291 493 172 32 storleken
1498 504 40 20 av
1575 492 65 32 den

140 538 205 31 retroaktiva
365 538 254 31 hemortslönen
641 538 86 31 efter
748 538 65 31 den
835 539 163 30 semester
1019 537 82 31 eller
1122 536 190 40 ersättning
1333 536 124 37 därför,
1479 546 73 21 som
1575 535 65 31 den

139 580 227 41 värnpliktige
389 581 11 30 i
423 581 53 30 sin
499 580 101 32 civila
622 580 208 41 anställning
853 580 173 40 verkligen
1050 579 149 40 åtnjutit.
1234 578 82 32 Med
1338 578 134 40 hänsyn
1495 578 55 31 till
1574 577 66 32 den

141 623 128 31 olikhet
305 634 73 20 som
413 623 11 30 i
459 623 222 31 förevarande
717 623 168 31 avseende
921 622 98 31 råder
1044 622 92 31 såväl
1161 621 124 31 mellan
1311 620 91 32 olika
1426 620 214 31 kommunala

139 665 206 40 tjänstemän
363 676 71 20 som
451 665 124 31 mellan
591 665 11 31 i
620 665 133 31 enskild
770 665 107 40 tjänst
894 664 168 32 anställda
1078 664 61 31 har
1155 663 57 32 det
1229 663 30 41 ej
1278 663 108 31 heller
1403 663 86 31 varit
1506 662 134 41 möjligt

140 710 49 28 att
209 718 122 30 genom
352 719 41 20 en
414 708 123 30 allmän
559 708 92 40 regel
673 707 193 41 undantaga
887 707 145 31 nämnda
1054 717 148 30 grupper
1223 717 40 20 av
1285 705 169 31 anställda
1477 705 74 30 från
1574 706 66 29 rätt

140 750 53 31 till
212 750 184 31 retroaktiv
416 750 219 31 hemortslön.
667 750 213 31 Kommittén
900 749 61 31 har
980 761 40 19 av
1040 749 142 31 anförda
1202 748 74 32 skäl
1297 747 176 32 inskränkt
1494 747 146 31 nämnda

140 792 174 41 undantag
342 794 50 29 att
420 792 142 31 omfatta
591 792 121 32 endast
741 794 130 30 statens
902 792 205 40 tjänstemän
1136 793 86 29 samt
1252 790 92 32 vissa
1374 790 11 30 i
1415 789 58 32 det
1502 789 138 41 statliga

140 835 244 40 lönesystemet
410 835 188 31 inordnade
625 834 337 41 befattningshavare
989 834 11 31 i
1028 833 123 32 allmän
1179 833 115 40 tjänst.
1334 832 18 31 I
1380 832 65 31 den
1472 834 78 29 mån
1576 831 63 32 hos

139 877 199 31 kommuner
360 877 62 31 och
444 877 156 31 enskilda
622 877 230 41 arbetsgivare
876 876 168 32 anställda
1066 887 120 30 genom
1209 875 273 41 arbetsgivarens
1506 874 134 41 försorg

138 919 142 32 kommit
306 920 11 30 i
344 919 199 41 åtnjutande
571 931 40 20 av
637 930 258 30 gynnsammare
922 919 335 31 semesterförmåner
1284 919 39 29 än
1354 917 66 31 den
1447 916 193 41 föreslagna

139 962 206 31 retroaktiva
366 962 256 32 hemortslönen
644 962 150 37 innebär,
818 961 66 32 kan
908 961 56 32 det
987 961 72 31 icke
1083 972 98 20 anses
1206 960 147 40 oskäligt
1377 961 49 30 att
1450 959 65 31 den
1539 961 101 29 retro-

140 1004 111 32 aktiva
273 1004 255 32 hemortslönen
551 1004 170 42 uppbäres
744 1016 41 20 av
807 1004 238 41 arbetsgivare.
1080 1003 68 31 Det
1170 1002 97 32 torde
1290 1002 83 31 böra
1397 1001 177 32 ankomma
1597 1003 43 39 på

139 1047 384 41 tillsynsmyndigheten
546 1049 48 30 att
617 1047 111 31 lämna
750 1047 229 40 anvisningar,
1002 1046 88 31 huru
1113 1056 76 20 man
1212 1045 63 31 bör
1298 1044 128 31 förfara
1449 1044 114 31 därest
1587 1054 52 21 an-

139 1089 184 41 sökningar
346 1090 11 30 i
381 1089 92 32 detta
496 1089 90 41 syfte
609 1089 142 41 ingivas.

191 1165 68 31 Det
280 1165 66 31 kan
366 1165 13 30 i
401 1165 93 31 detta
515 1165 243 41 sammanhang
780 1165 129 31 erinras
933 1175 54 20 om
1009 1166 50 29 att
1082 1164 106 40 enligt
1211 1163 66 31 den
1301 1163 92 32 förut
1417 1162 223 31 omförmälda

140 1215 245 41 förordningen
405 1215 65 31 den
489 1216 19 30 6
526 1215 74 41 juni
622 1215 78 32 1941
726 1215 52 41 (nr
796 1215 74 41 337)
896 1226 54 20 om
969 1214 125 41 avdrag
1113 1216 18 29 å
1151 1213 90 32 skatt
1260 1215 44 40 på
1323 1213 110 41 grund
1453 1224 40 20 av
1513 1212 127 32 militär

139 1266 230 41 tjänstgöring
394 1266 107 31 under
526 1268 36 29 år
588 1266 79 31 1941
693 1266 238 41 värnpliktiga,
957 1276 73 21 som
1056 1265 106 31 under
1187 1266 37 29 år
1250 1264 81 31 1940
1357 1263 200 41 tjänstgjort
1582 1263 57 31 vid

137 1316 240 42 krigsmakten,
408 1316 74 31 med
511 1316 92 31 vissa
633 1316 144 41 angivna
806 1316 182 40 undantag,
1018 1314 84 42 ägde
1131 1313 131 41 åtnjuta
1291 1313 126 41 avdrag
1445 1315 19 29 å
1493 1312 77 32 dem
1596 1314 43 40 på

139 1367 109 41 grund
266 1379 40 20 av
324 1368 154 40 taxering
495 1369 36 29 år
551 1368 79 31 1941
650 1367 121 42 påförd
790 1367 118 41 statlig
926 1367 159 31 inkomst-
1104 1366 62 31 och
1185 1364 349 42 förmögenhetsskatt
1553 1366 86 30 samt

140 1418 182 31 värnskatt.
356 1418 80 31 Som
456 1418 145 41 tidigare
621 1418 131 31 anförts
772 1418 201 31 förutsättes
1000 1417 5 31 i
1024 1416 353 40 kommittéförslaget,
1399 1417 49 30 att
1469 1415 66 32 den
1557 1415 80 32 före-

139 1469 118 40 slagna
273 1469 255 31 hemortslönen
546 1468 86 32 skall
651 1469 52 30 för
720 1469 184 31 framtiden
922 1469 81 40 göra
1020 1467 138 32 särskilt
1175 1466 239 41 skatteavdrag
1432 1466 206 41 obehövligt.

139 1519 67 31 Det
238 1521 145 29 återstår
414 1519 190 31 emellertid
636 1521 49 29 att
718 1519 73 31 lösa
824 1519 118 40 frågan
964 1529 54 21 om
1040 1518 192 31 beredande
1256 1529 40 20 av
1319 1516 245 32 skattelättnad
1587 1517 53 30 för

139 1569 237 42 värnpliktiga,
400 1569 90 31 vilka
514 1569 156 42 fullgjort
694 1569 319 41 beredskapstjänst
1039 1569 107 31 under
1171 1570 36 29 år
1232 1568 80 31 1941
1339 1567 63 32 och
1428 1567 65 31 den
1519 1567 56 31 del
1599 1578 40 20 av

139 1623 36 28 år
200 1621 90 37 1942,
316 1631 73 20 som
414 1620 159 38 förflutit,
599 1620 103 31 innan
728 1620 164 40 förslaget
918 1630 54 20 om
997 1619 195 31 införandet
1217 1630 40 20 av
1283 1618 211 32 hemortslön
1519 1619 83 30 trätt
1628 1618 12 30 i

139 1671 98 31 kraft.
268 1671 18 30 I
306 1682 41 20 en
367 1671 65 31 den
451 1671 19 31 5
489 1682 89 20 mars
600 1671 79 31 1942
699 1670 143 42 avgiven
861 1670 225 41 promemoria
1105 1669 60 32 har
1185 1669 200 31 kommittén
1406 1668 158 41 framlagt
1584 1670 56 29 två

139 1722 203 31 alternativa
373 1722 128 41 förslag
532 1722 54 31 till
619 1722 137 41 lösning
787 1733 41 20 av
859 1721 145 31 berörda
1037 1720 176 42 spörsmål.
1247 1720 69 32 Det
1339 1731 62 20 ena
1424 1719 215 32 alternativet

139 1772 151 38 innebär,
312 1775 50 29 att
383 1772 287 41 familjebidraget
692 1773 53 31 till
765 1772 71 32 viss
859 1772 64 38 del,
945 1772 199 41 förslagsvis
1166 1782 42 21 en
1230 1770 177 42 tredjedel,
1431 1770 109 32 skulle
1562 1770 77 32 hän-

140 1824 91 31 föras
258 1823 55 32 till
340 1823 72 31 icke
441 1823 236 41 skattepliktig
704 1823 158 31 inkomst.

190 1880 68 33 Det
279 1881 105 31 andra
405 1892 40 20 av
465 1881 201 31 kommittén
690 1881 186 31 framförda
897 1880 200 32 alternativa
1119 1879 163 42 förslaget
1304 1879 53 31 till
1379 1890 41 20 en
1442 1878 137 41 lösning
1599 1889 40 20 av

138 1931 256 41 ifrågavarande
419 1931 168 41 spörsmål
611 1931 133 41 byggde
770 1932 43 40 på
838 1931 65 30 den
928 1941 40 20 av
991 1930 200 30 kommittén
1216 1929 195 41 föreslagna
1435 1928 204 31 retroaktiva

137 1981 264 31 hemortslönen.
430 1981 76 31 Den
522 1981 205 31 retroaktiva
743 1980 254 32 hemortslönen
1016 1980 109 31 skulle
1142 1979 106 41 enligt
1265 1978 218 32 kommitténs
1501 1978 137 41 förslag,

139 2031 52 31 för
213 2033 49 29 att
285 2033 121 39 utgöra
428 2031 259 41 kompensation
710 2031 124 40 jämväl
858 2031 53 30 för
934 2030 280 40 skatteavdraget,
1238 2028 99 41 höjas
1361 2028 53 31 till
1440 2027 199 42 förslagsvis

138 2081 131 32 hälften
288 2093 40 20 av
345 2081 264 32 hemortslönen.
638 2081 18 31 I
675 2081 52 31 sin
746 2080 203 42 motivering
967 2080 53 31 för
1037 2080 163 40 förslaget
1218 2079 61 31 har
1296 2078 200 32 kommittén
1514 2078 123 31 anfört:

181 2141 53 31 En
250 2140 95 41 dylik
359 2141 136 41 lösning
510 2152 40 20 av
564 2141 118 41 frågan
697 2141 109 31 skulle
822 2143 53 29 stå
890 2141 11 30 i
917 2140 63 31 full
995 2139 338 32 överensstämmelse
1349 2138 77 31 med
1441 2138 65 31 den
1522 2138 118 40 ifråga-

139 2184 88 29 satta
245 2182 274 31 hemortslönens
539 2182 89 41 syfte
648 2184 49 28 att
714 2182 104 30 bland
838 2184 102 29 annat
960 2182 118 40 utgöra
1097 2183 48 28 ett
1164 2180 121 40 bidrag
1303 2179 53 31 till
1376 2178 262 41 skatteutgifter.

139 2225 53 30 Då
230 2224 212 31 sistnämnda
481 2224 179 31 alternativ
690 2224 71 31 icke
790 2223 132 31 medför
950 2225 110 38 någon
1089 2222 149 41 egentlig
1266 2221 127 41 ökning
1421 2232 39 19 av
1490 2220 150 41 myndig-

138 2266 159 31 heternas
321 2265 219 31 arbetsbörda
566 2267 35 29 är
624 2265 57 31 det
704 2277 39 19 ur
765 2264 251 32 administrativ
1039 2263 172 41 synpunkt
1234 2263 133 40 avgjort
1390 2265 49 28 att
1462 2262 177 41 föredraga

139 2308 141 30 framför
300 2308 57 30 det
376 2307 144 40 tidigare
540 2307 185 30 framförda
744 2306 224 31 alternativet.
999 2306 68 30 Det
1085 2305 64 31 kan
1169 2305 190 31 emellertid
1379 2304 72 31 icke
1471 2303 167 37 förnekas,

140 2351 48 29 att
209 2351 84 29 även
313 2349 92 31 detta
425 2348 180 31 alternativ
624 2350 36 28 är
678 2348 154 31 behäftat
850 2348 76 30 med
947 2347 173 40 allvarliga
1139 2346 134 31 brister.

192 2390 216 41 Principiellt
424 2390 62 31 bör
503 2389 287 32 skattelättnaden
808 2390 54 29 för
879 2389 40 30 de
937 2388 168 31 inkallade
1122 2388 205 31 bestämmas
1345 2387 75 31 med
1438 2387 131 41 hänsyn
1586 2387 53 31 till

140 2432 91 31 såväl
258 2431 363 42 tjänstgöringstidens
647 2431 101 41 längd
774 2441 73 20 som
873 2430 260 31 skattebördans
1159 2429 136 31 storlek.
1333 2429 76 31 Den
1436 2429 204 31 retroaktiva

139 2474 255 33 hemortslönen
422 2473 109 32 skulle
558 2475 80 40 utgå
665 2473 75 32 med
768 2475 48 31 ett
842 2472 135 42 belopp,
1005 2482 73 21 som
1104 2471 194 32 bestämdes
1325 2471 76 32 med
1428 2471 131 42 hänsyn
1586 2471 52 31 till
