1904 2826
79 673 129 25 Utskottet.

265 159 41 31 24
683 165 110 29 Andra
817 166 225 37 lagutskottets
1065 168 166 29 utlåtande
1253 170 46 27 Nr
1314 170 48 28 45.

319 244 98 32 Efter
439 256 41 20 en
504 246 215 42 redogörelse
743 248 54 30 för
818 249 157 40 yttrande
999 249 11 31 i
1034 250 109 31 denna
1166 250 55 32 del
1249 251 272 42 (propositionen
1545 252 62 32 sid.
1632 253 52 41 55)
1713 264 54 21 an-

267 294 98 32 förde
387 295 388 42 departementschefen:

319 362 52 32 De
394 363 82 38 skäl,
500 374 74 21 som
596 364 57 32 vid
676 365 403 44 begravningsbidragets
1102 368 179 33 införande
1305 371 144 39 ansågos
1472 370 69 31 tala
1563 370 54 31 för
1640 373 50 29 att
1713 370 53 32 be-

267 406 123 39 gränsa
419 407 111 30 rätten
561 407 54 31 till
646 407 111 41 dylikt
787 408 121 42 bidrag
927 410 53 30 till
1001 412 50 29 att
1070 421 78 21 avse
1168 410 147 33 allenast
1334 412 11 30 i
1365 412 264 41 förordningens
1649 413 19 30 3
1688 412 21 41 8
1729 413 32 40 a)

266 447 146 31 nämnda
431 448 359 41 familjemedlemmar,
811 461 102 30 synas
932 451 70 41 mig
1021 451 146 42 alltjämt
1185 454 62 39 äga
1266 453 167 41 giltighet.
1465 454 50 31 På
1533 454 110 41 grund
1663 455 104 31 härav

267 487 66 32 kan
365 489 56 41 jag
451 489 73 32 icke
556 491 172 41 tillstyrka
749 492 13 31 i
783 492 92 32 vissa
895 494 182 40 yttranden
1099 494 212 32 framställda
1333 495 129 41 förslag
1483 506 55 20 om
1559 498 50 29 att
1629 496 137 42 begrav-

267 531 224 42 ningsbidrag
514 532 110 33 skulle
648 534 35 31 få
707 536 82 39 utgå
812 535 123 40 jämväl
959 536 55 31 för
1036 536 105 31 andra
1164 536 360 41 familjemedlemmar.
1560 537 76 32 Mot
1659 539 42 31 de
1726 550 40 20 av

266 572 201 33 kommittén
485 574 194 42 föreslagna
695 575 172 43 beloppen
885 577 53 31 för
955 577 350 43 begravningsbidrag
1321 579 61 31 har
1399 579 58 41 jag
1474 579 87 32 intet
1578 582 50 29 att
1645 581 120 31 erinra.

320 674 186 39 Utskottet,
544 687 72 21 som
652 676 190 42 tillstyrker
877 677 41 31 de
955 677 193 42 föreslagna
1172 678 228 42 höjningarna
1425 690 40 20 av
1491 679 276 42 begravningsbi-

268 725 135 42 dragets
422 725 136 42 belopp,
578 726 61 31 har
659 727 30 40 ej
710 726 109 32 heller
838 727 11 30 i
869 727 110 41 övrigt
998 730 111 39 någon
1130 728 134 32 erinran
1284 731 49 29 att
1353 731 80 39 göra
1452 732 71 29 mot
1543 730 65 31 den
1628 731 139 31 utform-

266 776 84 41 ning
372 776 92 31 detta
487 776 121 41 bidrag
631 776 145 32 erhållit.

264 883 34 34 e)
317 883 436 33 Krigsfamiljebidragens
772 884 237 27 bestridande.

317 935 128 31 Härom
484 935 138 42 stadgas
659 936 12 30 i
708 936 38 31 19
782 935 21 42 &
838 935 622 44 krigsfamiljebidragsförordningen,
1486 941 51 30 att
1561 939 206 31 statsverket

264 987 143 30 ersätter
439 985 79 32 hela
552 986 345 42 familjepenningens
931 988 237 42 grundbelopp
1203 991 88 29 samt
1315 1000 40 20 av
1379 990 298 42 näringsbidraget
1702 991 65 31 vad

264 1035 203 33 kommunen
507 1036 110 32 skulle
655 1037 44 31 ha
737 1037 125 41 utgivit
900 1040 81 29 utan
1019 1038 309 43 behovsprövning,
1368 1040 115 32 därest
1522 1040 156 42 bidraget
1719 1044 48 28 ut-

264 1086 109 41 gjorts
400 1097 40 20 av
459 1087 291 42 familjepenning.
779 1088 216 32 Kommunen
1024 1091 79 39 äger
1131 1090 165 40 därjämte
1326 1101 40 20 av
1384 1092 112 30 staten
1525 1091 129 31 erhålla
1682 1094 85 38 gott-

265 1136 133 42 görelse
417 1137 54 31 för
489 1137 58 31 nio
568 1138 169 31 tiondelar
757 1149 40 21 av
817 1138 66 32 den
902 1139 55 31 del
977 1150 41 20 av
1039 1139 296 42 familjebidraget,
1357 1151 73 21 som
1450 1141 73 31 icke
1544 1141 10 31 i
1576 1141 54 32 sin
1650 1141 118 32 helhet

265 1189 144 30 ersättes
430 1198 41 20 av
492 1188 208 38 statsmedel,
723 1188 87 32 dock
831 1191 49 29 att
901 1190 65 30 vad
989 1189 215 32 Stockholms
1228 1191 77 30 stad
1327 1191 124 40 utgivit
1473 1191 53 31 till
1549 1192 217 41 värnpliktig,

265 1249 73 20 som
356 1240 36 29 är
408 1238 115 32 bosatt
541 1240 93 30 utom
652 1238 96 38 riket,
767 1239 11 30 i
797 1239 53 31 sin
867 1239 117 32 helhet
1003 1240 85 31 skall
1106 1240 192 40 återgäldas
1317 1251 39 20 av
1375 1243 121 29 staten.
1526 1242 54 31 Då
1599 1242 169 31 särskilda

265 1289 73 31 skäl
360 1288 115 32 därtill
496 1288 185 39 föranleda,
704 1291 54 29 må
779 1289 194 41 Konungen
995 1290 154 41 medgiva
1169 1290 106 41 högre
1298 1291 209 42 statsbidrag
1529 1293 42 30 än
1594 1303 46 20 nu
1663 1294 103 39 sagts.

318 1339 231 31 Kommitténs
575 1339 128 41 förslag
728 1339 143 31 innebär
896 1340 12 30 i
934 1340 94 31 detta
1053 1340 203 38 hänseende,
1285 1343 49 29 att
1360 1341 327 42 familjepenningen
1715 1342 54 31 för

265 1389 358 42 familjemedlemmar,
645 1400 73 21 som
739 1401 98 20 avses
858 1390 11 31 i
890 1390 18 31 3
929 1389 21 42 8
970 1391 31 40 a)
1027 1390 622 44 krigsfamiljebidragsförordningen,
1673 1394 96 30 även-

265 1451 73 20 som
356 1440 385 41 begravningsbidraget
759 1440 73 32 helt
850 1440 95 32 skola
963 1443 81 38 utgå
1062 1452 40 20 av
1121 1442 209 37 statsmedel,
1351 1444 48 29 att
1419 1442 58 32 det
1496 1443 271 41 näringsbidrag,

266 1501 73 20 som
360 1490 144 41 beviljas
526 1490 54 30 för
599 1490 183 41 näringens
805 1490 158 31 fortsatta
984 1490 170 38 drivande,
1177 1490 87 31 skall
1285 1491 78 31 med
1383 1491 40 31 95
1444 1494 140 39 procent
1605 1492 162 31 bekostas

265 1551 41 20 av
328 1542 119 36 staten,
470 1543 51 29 att
541 1540 301 42 bostadsbidraget
864 1541 160 32 bekostas
1047 1553 39 20 av
1108 1544 111 29 staten
1242 1542 54 31 till
1320 1543 40 31 90
1382 1546 141 38 procent
1545 1546 88 29 samt
1655 1545 50 30 att
1727 1555 41 20 av

266 1591 326 41 familjepenningen
624 1594 12 30 i
669 1591 105 31 andra
806 1591 59 31 fall
899 1593 42 29 än
974 1603 83 30 nyss
1089 1594 102 39 sagts,
1225 1593 297 42 näringsbidraget
1545 1594 54 31 för
1621 1594 147 32 rörelses

265 1641 291 42 återupptagande
590 1641 86 32 efter
708 1641 292 42 tjänstgöringens
1035 1642 68 31 slut
1126 1643 62 30 och
1212 1643 236 41 sjukbidraget
1472 1646 112 29 staten
1608 1644 162 32 bekostar

265 1692 41 31 80
321 1694 150 39 procent;
490 1691 86 32 dock
592 1694 48 29 att
656 1692 64 31 vad
738 1691 217 32 Stockholms
972 1692 77 32 stad
1065 1693 123 40 utgivit
1204 1693 54 31 till
1275 1694 216 41 värnpliktig,
1509 1705 73 21 som
1601 1696 36 30 är
1653 1694 116 32 bosatt

266 1744 96 29 utom
382 1742 96 37 riket,
500 1741 87 32 skall
608 1742 11 30 i
640 1742 54 31 sin
715 1742 117 31 helhet
853 1742 191 41 återgäldas
1065 1754 40 20 av
1127 1745 121 30 staten.

319 1792 113 32 Sedan
448 1792 201 32 kommittén
668 1792 126 32 erinrat
812 1803 54 20 om
883 1794 50 30 att
949 1793 92 32 vissa
1058 1793 436 41 familjebidragsnämnder
1511 1795 123 31 uttalat
1652 1795 117 31 önske-

266 1843 65 31 mål
354 1854 53 20 om
428 1845 50 30 att
499 1843 302 31 bestämmelserna
821 1845 103 29 måtte
946 1844 123 31 ändras
1091 1844 137 37 därhän,
1252 1847 49 29 att
1323 1845 205 32 statsverket
1550 1846 141 31 svarade
1715 1846 55 30 för

265 1893 229 31 kostnaderna
513 1894 54 30 för
586 1893 296 42 familjebidraget,
903 1894 61 31 har
982 1894 199 32 kommittén
1201 1895 116 31 vidare
1338 1896 123 31 anfört:

318 1951 118 42 Enligt
453 1951 220 33 kommitténs
691 1952 138 41 mening
846 1953 69 31 tala
934 1953 234 42 otvivelaktigt
1187 1953 114 32 starka
1320 1954 214 42 principiella
1553 1954 74 32 skäl
1647 1955 52 31 för
1719 1957 50 29 att

265 1994 289 41 familjebidraget
574 1994 72 32 helt
666 1994 161 32 bekostas
849 2006 41 20 av
911 1995 207 38 statsmedel,
1142 1998 80 29 enär
1244 1996 289 42 familjebidraget
1554 1997 215 41 väsentligen

265 2038 38 29 är
322 2038 49 29 att
390 2047 80 20 anse
491 2047 73 20 som
584 2047 41 21 en
646 2035 104 42 utgift
770 2037 54 31 för
844 2037 315 32 försvarsändamål.
1192 2037 30 32 Å
1243 2038 106 31 andra
1369 2038 99 32 sidan
1488 2041 107 29 måste
1616 2039 151 37 beaktas,

266 2080 51 29 att
345 2078 11 30 i
385 2078 62 31 och
476 2078 78 31 med
583 2080 49 30 att
660 2078 316 32 beslutanderätten
1005 2080 142 31 rörande
1177 2080 290 41 familjebidraget
1495 2081 273 41 huvudsakligen

265 2120 171 31 anförtros
456 2122 34 29 åt
509 2120 215 31 kommunala
744 2120 245 41 myndigheter,
1010 2121 241 32 kommunerna
1272 2122 268 42 uppenbarligen
1561 2123 73 32 icke
1655 2123 114 32 kunna

264 2162 74 31 helt
354 2162 127 31 befrias
500 2162 75 31 från
593 2164 49 29 att
660 2162 135 41 deltaga
813 2163 11 30 i
842 2162 228 34 kostnaderna
1088 2164 52 31 för
1158 2164 165 40 bidraget.
1354 2164 129 32 Härför
1501 2165 87 31 talar
1607 2167 84 30 även
1711 2165 58 31 det

265 2204 239 38 förhållandet,
542 2206 49 29 att
628 2204 289 42 familjebidraget
952 2205 12 31 i
1002 2205 72 32 icke
1099 2206 97 41 ringa
1222 2206 84 41 grad
1332 2206 149 32 minskar
1506 2207 263 32 kommunernas

266 2245 398 41 fattigvårdskostnader.

318 2287 69 32 Vid
407 2287 254 33 bestämmande
684 2299 40 20 av
745 2288 260 33 kommunernas
1028 2289 100 32 andel
1149 2289 11 31 i
1183 2289 289 43 familjebidraget
1492 2291 64 31 bör
1578 2291 191 32 emellertid

266 2329 108 42 enligt
393 2329 219 33 kommitténs
634 2330 137 41 mening
792 2330 71 32 viss
885 2331 274 41 differentiering
1180 2332 216 40 genomföras
1418 2333 77 31 med
1517 2333 133 41 hänsyn
1672 2334 98 30 fram-

267 2372 54 31 för
339 2371 61 32 allt
419 2371 54 31 till
491 2372 261 31 kommunernas
772 2372 179 41 möjlighet
970 2374 51 29 att
1039 2372 92 31 inom
1150 2372 41 33 de
1211 2374 149 39 gränser,
1381 2373 287 42 författningarna
1687 2385 81 30 upp-

267 2414 112 41 draga,
400 2414 170 32 fastställa
590 2416 110 30 rätten
721 2415 53 31 till
796 2415 120 41 bidrag
936 2416 63 31 och
1019 2415 173 42 bidragets
1213 2416 136 42 belopp.
1382 2417 146 41 Hänsyn
1548 2418 62 31 har
1630 2417 105 32 redan
1758 2418 11 31 i
