2224 2616
171 1327 141 32 Utredning
327 1335 45 16 an-

180 1361 98 32 gående
295 1363 70 23 verk-

189 1397 134 31 ningarna
341 1397 10 24 i

192 1431 69 25 vissa
279 1439 70 17 avse-

203 1467 83 24 enden
305 1475 32 16 av

184 1501 169 33 fattigvårds-

229 1536 83 33 lagen.

443 160 18 30 4
855 160 127 35 Andra
999 162 254 38 lagutskottets
1270 163 188 34 utlåtande
1474 165 54 33 Nr
1550 165 29 31 4.

399 237 200 49 tillrådligt
640 244 98 31 samt
779 239 133 37 därvid
954 239 121 37 tillika
1117 240 216 49 framhållit,
1376 247 55 31 att
1457 243 12 35 i
1497 242 46 37 de
1572 242 77 48 fall,
1679 243 45 36 då
1752 243 244 49 fattigvårds-

399 290 228 49 styrelserna
669 290 196 50 verkligen
907 304 89 24 vore
1037 292 176 49 benägna
1254 293 58 37 för
1353 294 188 49 godvillig
1581 295 228 49 uppgörelse
1837 309 48 22 av
1913 295 83 37 sina

397 341 350 48 mellanhavanden,
790 343 63 37 det
895 343 102 36 alltid
1039 344 107 36 stode
1188 344 71 37 den
1301 346 109 36 sökta
1451 346 230 37 kommunen
1709 351 113 45 öppet
1850 351 55 32 att
1932 347 62 37 vid

398 392 212 38 delfåendet
629 407 48 23 av
696 394 263 49 ansökningen
979 395 68 37 hos
1066 395 142 50 Kungl.
1229 397 125 49 Maj:ts
1372 397 404 50 befallningshavande
1792 401 47 46 på
1854 399 141 49 grund-

397 444 109 38 valen
539 458 47 24 av
615 445 71 37 den
715 452 90 30 utav
834 447 193 36 sökanden
1055 447 218 50 förebragta
1301 449 256 50 utredningen
1585 450 179 49 medgiva
1792 451 63 36 det
1883 451 111 36 fram-

397 496 134 37 ställda
572 497 202 50 anspråket
814 499 70 36 och
925 498 222 49 därigenom
1186 500 212 51 förebygga
1427 506 53 32 ett
1508 501 221 49 obehövligt
1756 505 239 47 rättegångs-

397 548 228 38 förfarande.

524 600 75 37 Vid
630 601 216 37 avlåtandet
875 615 46 23 av
949 603 285 49 propositionen
1263 603 10 37 i
1295 608 126 34 ämnet
1441 605 58 36 till
1522 607 98 35 1918
1643 608 60 35 års
1723 607 160 48 lagtima
1903 607 93 36 riks-

396 651 76 49 dag
512 652 196 38 framhölls
751 666 45 23 av
823 653 283 38 vederbörande
1135 655 381 50 departementschef,
1547 670 81 24 som
1658 671 45 23 av
1732 662 173 33 närmare
1933 671 62 24 an-

396 703 115 49 givna
539 704 82 36 skäl
651 705 213 37 förklarade
892 705 62 49 sig
980 706 82 36 icke
1092 706 84 38 dela
1196 707 44 37 de
1260 708 238 37 framkomna
1518 708 358 50 betänkligheterna
1895 717 100 30 emot

395 755 63 37 det
485 755 217 50 föreslagna
728 757 475 48 anmaningsförfarandet,
1232 765 55 31 att
1314 773 136 36 genom
1482 767 54 30 att
1564 761 37 36 få
1627 761 55 36 till
1702 762 109 36 stånd
1832 775 47 23 en
1901 762 93 37 före-

395 807 145 48 gående
582 808 272 50 skriftväxling
890 809 136 37 mellan
1053 810 281 38 vederbörande
1364 812 405 50 fattigvårdsstyrelser
1797 813 108 38 bleve
1934 814 61 36 det

395 859 151 49 möjligt
575 865 55 31 att
658 860 167 37 undvika
853 874 46 23 en
929 861 58 37 del
1015 875 208 36 processer,
1252 863 70 37 och
1350 863 12 36 i
1391 864 44 37 de
1463 865 77 47 fall,
1569 865 47 35 då
1644 865 88 36 tvist
1760 865 148 37 ändock
1932 879 62 23 an-

394 910 317 50 hängiggjordes,
752 925 148 24 vunnes
930 916 20 33 å
978 919 52 31 ett
1072 914 164 49 tidigare
1276 915 162 37 stadium
1482 930 44 23 av
1556 929 200 36 processen
1787 917 208 49 utredning

394 975 47 23 av
468 962 204 50 åtskilliga,
702 966 47 46 på
776 964 136 37 sakens
940 964 236 39 bedömande
1200 966 230 38 inverkande
1450 968 339 49 omständigheter,
1810 969 185 47 varjämte

394 1013 421 50 departementschefen
858 1016 210 37 förklarade
1110 1018 61 48 sig
1207 1018 100 36 finna
1336 1018 63 37 det
1427 1020 224 49 uppenbart,
1681 1025 54 31 att
1764 1020 45 37 de
1837 1020 159 37 sålunda

393 1066 167 48 angivna
588 1066 215 37 fördelarna
832 1068 31 48 ej
895 1068 106 36 stode
1029 1073 56 31 att
1113 1069 116 37 vinna
1256 1070 83 36 med
1366 1071 146 37 mindre
1532 1071 319 49 skriftväxlingen
1871 1075 122 34 såsom

392 1118 103 48 regel
523 1118 154 49 gjordes
705 1118 260 49 obligatorisk.

522 1170 72 36 Vid
623 1170 268 49 lagförslagets
919 1172 191 49 prövning
1138 1186 45 23 av
1210 1173 206 49 riksdagen
1444 1174 155 49 gjordes
1627 1175 11 36 i
1667 1189 51 22 nu
1744 1176 249 38 förevarande

394 1220 58 38 del
481 1234 46 24 av
555 1222 185 50 förslaget
767 1222 117 49 ingen
914 1223 125 50 saklig
1067 1224 163 49 ändring
1257 1239 46 22 av
1332 1226 220 37 detsamma.

520 1325 131 38 Under
692 1326 250 37 sistförflutna
983 1330 40 33 år
1064 1327 69 36 har
1173 1332 47 45 på
1261 1329 164 37 initiativ
1454 1344 46 22 av
1529 1335 146 33 statens
1705 1332 286 49 fattigvårdsin-

392 1376 153 50 spektör
586 1378 259 37 föranstaltats
887 1392 61 23 om
989 1393 46 22 en
1076 1380 204 49 utredning
1321 1382 195 48 angående
1544 1383 281 49 verkningarna
1852 1384 13 36 i
1894 1384 98 37 vissa

392 1428 213 37 avseenden
634 1442 47 23 av
709 1429 72 37 den
809 1444 76 35 nya
913 1431 532 50 fattigvårdslagstiftningen.
1501 1433 131 38 Under
1660 1436 149 36 erinran
1839 1442 54 30 att
1921 1436 71 37 den

390 1494 75 35 nya
502 1480 357 49 fattigvårdslagen,
889 1482 114 36 såvitt
1031 1483 63 35 det
1125 1483 122 37 kunde
1276 1484 190 48 bedömas,
1495 1485 82 37 icke
1606 1492 131 43 syntes
1765 1487 99 37 hava
1892 1488 100 37 med-

391 1532 72 36 fört
492 1532 200 37 förväntad
722 1533 221 46 minskning
971 1547 45 23 av
1045 1534 433 50 fattigvårdstvisternas
1507 1538 114 48 antal,
1644 1544 90 31 utan
1753 1545 55 31 att
1827 1544 176 32 tvärtom

392 1583 82 36 från
502 1584 193 48 åtskilliga
723 1584 72 36 håll
827 1586 123 48 gjorts
978 1586 186 48 gällande,
1194 1592 55 32 att
1276 1589 142 36 antalet
1446 1590 141 36 sådana
1607 1590 130 37 tvister
1756 1591 120 37 skulle
1896 1592 96 36 hava

392 1635 119 46 ökats,
551 1634 132 38 därvid
725 1636 96 37 dock
861 1638 122 36 tillika
1018 1638 209 49 uppgivits,
1257 1646 55 30 att
1340 1640 183 37 tvisterna
1551 1642 12 35 i
1593 1641 205 38 allmänhet
1826 1656 91 24 voro
1946 1657 46 23 av

390 1687 146 36 mindre
578 1687 196 37 invecklad
816 1689 72 36 och
924 1689 222 37 tidsödande
1174 1690 260 38 beskaffenhet
1462 1698 47 31 än
1538 1694 201 48 tillförene,
1768 1695 223 37 hemställde

390 1739 191 48 nämligen
624 1745 143 31 statens
810 1740 427 51 fattigvårdsinspektör
1263 1744 12 35 i
1304 1743 181 37 skrivelse
1524 1745 55 36 till
1608 1745 134 37 chefen
1770 1747 60 36 för
1859 1747 131 36 social-

389 1790 298 50 departementet
715 1791 71 37 den
816 1794 21 33 3
867 1792 95 48 april
993 1795 110 45 1922,
1133 1800 54 30 att
1216 1795 82 36 från
1325 1795 314 50 länsstyrelserna
1667 1800 114 34 måtte
1801 1798 188 37 inhämtas

389 1842 101 37 vissa
518 1843 198 49 uppgifter
739 1843 12 36 i
778 1843 160 37 berörda
957 1844 224 38 hänseende.
1229 1846 422 50 Departementschefen
1672 1848 214 38 infordrade
1906 1851 83 35 med

390 1894 209 49 anledning
640 1895 113 36 därav
795 1895 83 36 från
919 1895 313 51 länsstyrelserna
1267 1898 45 37 de
1340 1898 165 50 begärda
1533 1901 332 48 upplysningarna
1893 1908 97 30 samt

389 1945 161 37 beredde
592 1946 123 37 tillika
743 1948 166 36 nämnda
938 1948 270 49 myndigheter
1235 1950 145 37 tillfälle
1409 1956 52 31 att
1497 1952 4 36 i
1530 1953 184 36 samband
1743 1953 154 37 därmed
1927 1966 62 24 av-

387 1997 92 48 giva
507 1997 62 37 det
596 1999 189 48 yttrande,
814 1999 124 37 vartill
967 2000 193 37 desamma
1188 2001 125 38 kunde
1341 2003 103 36 finna
1472 2004 219 48 anledning.

519 2049 57 37 Av
619 2050 45 36 de
703 2051 216 48 yttranden,
963 2065 80 23 som
1077 2053 84 36 med
1190 2054 206 49 anledning
1423 2068 48 23 av
1499 2056 246 37 förenämnda
1773 2057 133 36 remiss
1934 2057 54 36 in-

388 2100 158 37 kommit
573 2101 59 37 till
661 2102 426 50 socialdepartementet,
1118 2104 179 49 framgår,
1328 2112 54 30 att
1410 2107 142 37 antalet
1580 2108 68 36 hos
1677 2109 311 48 länsstyrelserna

388 2152 334 50 anhängiggjorda
751 2154 303 49 fattigvårdsmål
1083 2156 201 50 undergått
1312 2171 46 23 en
1387 2158 171 50 betydlig
1577 2159 147 48 ökning
1743 2160 96 36 efter
1857 2160 131 36 ikraft-

387 2204 197 37 trädandet
613 2218 48 23 av
689 2206 70 36 den
788 2220 76 34 nya
893 2207 354 49 fattigvårdslagen,
1268 2209 11 36 i
1300 2209 62 37 det
1387 2215 64 42 att,
1472 2211 136 36 medan
1628 2211 129 48 dylika
1776 2212 72 36 mål
1870 2211 117 37 under

387 2261 53 31 ett
458 2261 83 32 vart
561 2270 47 23 av
630 2260 87 34 åren
740 2259 95 35 1917
859 2259 70 36 och
952 2261 97 35 1918
1071 2260 321 50 anhängiggjorts
1413 2262 55 36 till
1489 2267 53 32 ett
1562 2263 103 36 antal
1682 2276 45 23 av
1743 2263 102 37 cirka
1861 2264 123 46 6,970,
