1916 2854
265 206 38 29 12
701 211 103 29 Första
826 212 201 34 lagutskottets
1049 214 151 29 utlåtande
1222 215 43 27 Nr
1290 218 47 26 13.

269 288 132 38 trycket
421 289 84 32 »den
526 289 150 33 avlidnes
696 294 166 31 närmaste
882 293 161 39 anhöriga
1062 294 79 33 eller
1162 295 49 38 de,
1232 307 69 21 som
1322 296 95 38 eljest
1439 296 93 34 stodo
1553 298 61 33 den
1637 301 131 32 avlidne

269 343 101 27 nära»
389 339 86 33 skall
492 340 139 38 utbytas
650 345 66 29 mot
733 342 83 32 »den
834 343 147 33 avlidnes
1000 348 165 30 närmaste
1185 346 257 34 efterlevande».

313 439 167 34 Utskottet
499 441 91 33 delar
609 443 61 32 den
688 444 12 31 i
717 444 93 33 såväl
828 446 244 37 propositionen
1090 459 66 20 som
1174 447 202 33 motionerna
1393 449 149 33 uttalade
1560 450 210 38 uppfattnin-

267 502 73 27 gen,
359 495 49 28 att
426 492 60 32 den
506 493 149 32 avlidnes
674 494 124 32 önskan
818 495 57 32 bör
894 508 81 20 vara
993 497 203 38 principiellt
1216 499 187 37 avgörande
1422 499 11 31 i
1453 500 100 38 fråga
1573 512 50 20 om
1644 501 125 32 formen

269 540 52 32 för
337 541 256 40 begravningen.
619 543 117 34 Denna
752 545 170 38 synpunkt
938 546 64 33 blir
1018 547 105 39 enligt
1138 548 181 32 utskottets
1337 549 132 40 mening
1486 550 73 33 icke
1575 551 11 31 i
1604 551 166 32 önskvärd

265 592 232 40 utsträckning
523 593 228 41 tillgodosedd,
782 607 50 21 om
860 608 75 20 man
963 597 168 39 medgiver
1159 598 206 40 begravning
1394 603 80 29 utan
1503 601 228 40 Jordfästning
1757 603 11 31 i

267 642 140 33 svenska
425 643 151 38 kyrkans
594 644 139 40 ordning
750 646 114 33 endast
882 647 11 32 i
910 647 123 33 sådana
1052 648 72 39 fall,
1143 649 58 32 där
1218 649 60 32 den
1298 649 130 33 avlidne
1446 650 112 33 därom
1577 652 193 39 skriftligen

265 692 181 34 förordnat.

305 738 35 36 Å
361 743 100 33 andra
484 744 94 32 sidan
598 745 72 32 tala
688 745 193 35 hithörande
901 748 132 38 frågors
1056 749 184 40 grannlaga
1261 754 98 29 natur
1380 755 83 28 emot
1483 756 50 28 att
1555 753 106 38 regler
1682 754 85 31 med-

265 793 101 39 delas,
383 794 92 33 vilka
491 795 101 33 ställa
608 796 241 34 vederbörande
866 802 171 34 prästman
1054 800 89 32 inför
1161 801 284 38 nödvändigheten
1464 804 49 31 att
1531 803 82 32 söka
1630 804 137 31 särskilt

265 847 118 29 utröna
400 844 59 33 den
477 846 149 32 avlidnes
643 847 152 39 verkliga
810 848 94 39 vilja.
922 848 95 33 Hans
1034 850 165 39 prövning
1215 851 58 32 bör
1290 851 214 40 följaktligen
1521 864 82 22 vara
1621 865 41 20 av
1680 858 88 28 över-

264 895 148 38 vägande
430 896 129 32 formell
578 900 109 29 natur.

308 944 102 34 Detta
431 946 91 38 syfte
542 947 126 38 vinnes,
689 959 50 20 om
760 960 86 27 man,
868 950 42 37 på
931 953 66 29 sätt
1020 951 201 38 föreslagits,
1249 952 6 31 i
1277 952 125 33 sådana
1422 953 73 39 fall,
1518 954 60 32 där
1599 954 167 39 skriftligt

267 996 217 32 förordnande
502 997 28 38 ej
549 997 189 39 föreligger,
756 998 83 33 låter
857 1000 52 32 det
927 1000 174 33 ankomma
1117 1002 42 37 på
1178 1001 250 41 framställning
1444 1004 77 32 från
1541 1005 61 32 den
1622 1005 145 32 avlidnes

265 1050 175 35 närmaste,
466 1047 166 33 huruvida
658 1048 204 40 begravning
886 1053 81 29 utan
992 1051 229 39 jordfästning
1247 1053 11 31 i
1284 1053 139 33 svenska
1449 1054 153 38 kyrkans
1629 1055 141 38 ordning

266 1096 87 32 skall
376 1101 63 34 äga
461 1109 84 21 rum.
589 1097 106 34 Deras
718 1099 180 33 kännedom
920 1112 49 20 om
992 1101 59 32 och
1073 1102 101 37 pietet
1200 1103 52 32 för
1276 1103 59 32 den
1357 1104 147 33 avlidnes
1527 1105 128 32 önskan
1676 1105 59 33 bör
1757 1106 11 31 i

264 1147 88 39 regel
371 1151 119 35 utgöra
505 1148 188 40 tillräcklig
709 1151 132 37 garanti
859 1152 52 31 för
928 1155 49 29 att
994 1151 83 32 hans
1093 1152 83 39 vilja
1193 1153 30 37 ej
1241 1153 87 32 skall
1346 1154 208 33 åsidosättas.
1595 1155 171 33 Tänkbart

265 1202 37 27 är
316 1197 152 40 givetvis,
485 1202 48 29 att
549 1200 107 38 någon
672 1201 90 38 gång
775 1201 184 33 missriktat
976 1202 147 39 religiöst
1140 1203 48 32 nit
1204 1203 79 33 eller
1298 1204 103 32 andra
1416 1205 100 32 motiv
1533 1206 107 32 skulle
1655 1206 111 32 kunna

265 1247 170 34 föranleda
457 1249 72 32 dem
553 1253 49 29 att
624 1250 11 32 i
657 1251 83 32 strid
762 1255 66 28 mot
851 1252 61 32 den
933 1252 150 33 avlidnes
1104 1253 83 39 vilja
1208 1254 122 38 begära
1352 1254 206 40 begravning
1579 1260 81 28 utan
1682 1257 84 37 jord-

264 1299 153 38 fästning
438 1299 11 32 i
470 1300 141 32 svenska
631 1300 150 38 kyrkans
801 1302 148 39 ordning.
991 1302 54 33 Då
1065 1303 181 33 emellertid
1268 1305 11 31 i
1301 1305 124 32 sådana
1446 1306 73 38 fall,
1542 1306 95 33 vilka
1658 1307 109 32 säker-

263 1348 90 39 ligen
371 1349 129 33 komma
519 1353 49 29 att
585 1350 91 33 bliva
695 1351 173 40 sällsynta,
887 1353 29 38 ej
935 1365 55 21 ens
1010 1353 142 39 pieteten
1172 1358 66 29 mot
1257 1355 60 32 den
1337 1356 130 32 avlidne
1485 1356 129 33 kunnat
1635 1357 131 32 avhålla

264 1398 71 33 dem
359 1399 75 32 från
456 1403 49 29 att
525 1400 125 33 handla
670 1402 12 32 i
702 1402 83 32 strid
807 1406 66 29 mot
896 1403 82 33 hans
1001 1404 211 39 önskningar,
1234 1405 87 32 lärer
1342 1406 28 38 ej
1393 1406 101 33 heller
1516 1407 61 32 den
1602 1407 165 33 särskilda

263 1450 142 38 garanti,
430 1462 66 20 som
520 1451 242 33 motionärerna
785 1453 73 32 sökt
881 1454 11 31 i
917 1465 38 20 en
979 1454 38 32 de
1041 1454 221 33 efterlevande
1288 1456 179 33 avfordrad
1493 1457 199 39 förklaring,
1717 1462 49 28 att

264 1499 93 33 deras
382 1501 146 33 ansökan
552 1502 69 32 står
646 1502 11 31 i
680 1504 319 33 överensstämmelse
1023 1505 73 32 med
1120 1505 58 32 den
1203 1505 149 34 avlidnes
1376 1507 93 39 vilja,
1496 1519 82 21 vara
1603 1520 41 20 av
1667 1508 99 38 något

264 1553 104 30 större
389 1551 112 32 värde.
546 1551 61 33 Ett
630 1552 158 33 effektivt
813 1553 109 38 skydd
945 1566 97 26 synes
1066 1555 53 32 för
1142 1555 123 33 sådana
1289 1556 64 32 fall
1377 1557 114 32 endast
1512 1557 114 33 kunna
1648 1559 117 31 vinnas

263 1612 116 27 genom
404 1605 45 29 ett
475 1602 60 32 den
561 1602 148 32 avlidnes
737 1602 175 40 skriftliga
937 1604 218 33 förordnande
1182 1617 48 20 om
1256 1606 140 39 kyrklig
1420 1607 238 40 jordfästning.
1706 1608 58 32 Ut-

262 1651 123 33 skottet
402 1652 146 32 ansluter
566 1653 54 39 sig
636 1652 213 40 följaktligen
866 1655 11 31 i
895 1654 217 33 förevarande
1131 1656 155 32 avseende
1304 1656 54 32 till
1376 1658 254 38 propositionen,
1650 1658 115 33 därvid

262 1702 172 39 utskottet,
450 1703 43 38 på
511 1715 42 20 av
572 1703 355 38 departementschefen
947 1705 140 32 anförda
1107 1705 82 38 skäl,
1207 1706 125 38 jämväl
1353 1708 54 31 får
1426 1708 131 32 förorda
1576 1709 61 32 den
1658 1710 107 31 iermi-

262 1752 120 39 nologi,
403 1765 66 20 som
489 1753 11 32 i
518 1754 243 38 propositionen
779 1754 136 33 kommit
933 1755 54 32 till
1007 1756 212 39 användning
1237 1757 56 32 vid
1312 1757 244 34 bestämmande
1575 1771 41 20 av
1635 1759 130 34 kretsen

262 1814 41 21 av
324 1803 37 33 de
379 1815 163 28 personer,
563 1815 67 21 som
651 1804 92 33 skola
763 1809 62 34 äga
846 1809 48 29 att
913 1810 82 34 göra
1013 1806 249 40 framställning
1282 1819 50 20 om
1352 1808 206 40 begravning
1576 1813 83 29 utan
1679 1810 85 38 jord-

262 1853 153 39 fästning
434 1854 11 32 i
465 1854 139 33 svenska
624 1854 151 39 kyrkans
796 1856 149 38 ordning.

305 1903 76 33 Vad
395 1904 112 33 vidare
521 1906 105 37 angår
639 1906 255 32 motionärernas
911 1906 137 39 förslag,
1064 1911 49 29 att
1126 1908 11 31 i
1151 1908 95 38 lagen
1262 1908 108 33 skulle
1383 1913 148 35 utsägas,
1546 1914 49 29 att
1611 1923 38 20 en
1664 1911 99 31 fram-

262 1955 162 38 ställning
449 1955 76 32 från
552 1955 61 33 den
639 1955 147 33 avlidnes
813 1960 164 30 närmaste
1003 1969 50 20 om
1080 1958 101 32 sådan
1206 1958 205 40 begravning
1436 1959 88 33 skall
1550 1965 65 34 äga
1639 1962 124 31 vitsord

261 2005 126 38 endast,
405 2017 49 20 om
472 2006 71 32 icke
560 2007 107 37 någon
686 2018 41 20 av
746 2007 71 32 dem
837 2007 142 33 däremot
998 2008 152 38 inlägger
1167 2020 154 27 gensaga,
1339 2010 90 32 torde
1446 2010 201 39 lagrummet
1667 2012 96 32 redan

262 2055 103 39 enligt
390 2055 69 33 dess
483 2068 41 20 av
545 2056 129 39 Kungl.
697 2056 101 39 Maj:t
821 2057 189 39 föreslagna
1032 2058 126 38 lydelse
1179 2059 86 32 hava
1289 2059 103 33 denna
1414 2060 166 39 innebörd,
1603 2062 108 32 vadan
1735 2062 29 38 ej

260 2105 103 33 heller
378 2106 12 32 i
409 2107 104 32 denna
529 2106 52 33 del
599 2108 108 37 någon
725 2107 142 40 ändring
884 2120 96 26 synes
998 2120 82 21 vara
1096 2109 204 39 erforderlig.

305 2205 19 32 I
338 2206 38 32 de
390 2207 166 38 motioner,
570 2219 68 21 som
654 2208 117 32 väckts
785 2220 41 20 av
838 2209 114 32 herrar
965 2209 179 38 Bergqvist
1159 2210 57 32 och
1229 2210 162 32 Pehrsson
1405 2222 42 21 m.
1463 2211 50 39 fl.,
1529 2212 61 31 har
1605 2212 157 38 slutligen

261 2255 191 40 föreslagits
472 2261 45 28 ett
536 2257 125 40 tillägg
679 2258 54 33 till
753 2259 18 31 8
792 2257 19 39 $
831 2270 40 21 av
889 2259 145 33 innehåll
1055 2263 59 35 att,
1136 2260 40 32 då
1194 2260 57 33 hos
1272 2260 242 34 vederbörande
1534 2265 94 34 präst
1663 2261 100 33 fram-

261 2306 162 39 ställning
440 2312 93 34 göres
550 2311 49 30 att
617 2308 205 40 begravning
839 2310 53 32 må
909 2314 64 34 äga
991 2322 73 20 rum
1082 2314 81 28 utan
1180 2311 225 39 jordfästning
1422 2312 11 31 i
1452 2312 142 32 svenska
1613 2312 149 38 kyrkans

261 2357 148 39 ordning,
433 2358 48 32 tid
502 2358 54 38 för
578 2358 242 39 begravningen
844 2360 86 32 skall
951 2361 35 31 så
1008 2360 207 40 bestämmas,
1238 2365 48 29 att
1307 2361 72 33 icke
1400 2362 150 38 kyrkans
1572 2362 191 39 gudstjänst

260 2407 79 32 eller
358 2419 106 21 annan
482 2408 141 40 kyrklig
643 2409 204 40 förrättning
866 2410 101 32 därav
985 2410 68 33 kan
1071 2411 129 33 komma
1219 2416 49 28 att
1288 2415 118 29 störas.

304 2456 118 35 Denna
440 2459 97 38 fråga
554 2459 61 32 har
633 2459 127 33 berörts
778 2460 11 32 i
808 2461 250 39 propositionen,
1079 2461 115 33 därvid
1213 2461 355 40 departementschefen
1591 2464 126 31 anfört:
