2116 2647
680 193 266 43 Lag-Utskottets
975 193 173 34 Utlåtande
1171 194 61 33 N:o
1253 197 50 31 24.
1740 197 16 28 7

195 282 152 36 Finland
388 283 63 34 och
491 282 62 35 sitt
593 284 122 33 arbete
755 283 62 34 der
855 282 167 45 utgifver,
1064 283 64 35 och
1164 285 54 33 att
1245 283 241 44 stadgandena
1512 283 12 34 i
1551 282 247 46 förordningen

194 336 120 33 kunna
354 334 110 35 delvis
505 335 84 33 eller
615 334 12 34 i
655 334 101 34 deras
788 334 129 44 helhet,
945 335 110 33 under
1081 335 116 34 vilkor
1224 334 39 34 af
1287 334 256 44 ömsesidighet,
1572 334 39 34 af
1634 334 163 45 kejsaren

194 387 63 33 och
296 385 212 35 storfursten
548 385 176 34 förklaras
763 385 208 44 tillämpliga
1008 385 132 45 jemväl
1166 383 45 46 på
1237 386 107 34 alster
1371 384 40 36 af
1434 385 187 35 författare
1649 385 11 35 i
1688 386 109 34 andra

194 439 123 41 stater,
346 437 78 33 med
450 436 123 34 hvilka
601 436 144 44 fördrag
772 436 11 33 i
810 434 125 36 sådant
961 440 100 30 ämne
1089 436 157 34 afslutas.
1288 435 174 36 Utkastet
1487 437 55 33 till
1567 447 47 23 nu
1634 437 163 43 gällande

192 488 126 35 norska
358 488 60 43 lag
457 487 154 34 innehöll
651 487 65 34 ock
756 487 193 44 stadgande
990 497 53 24 om
1071 488 112 43 skydd
1210 489 71 32 mot
1308 486 258 45 öfversättning
1592 488 110 34 under
1729 487 68 35 fem

192 537 50 46 är,
285 539 112 34 ehuru
437 539 98 34 detta
574 539 146 34 uteslöts
760 539 59 34 vid
859 539 65 33 den
965 538 142 44 slutliga
1134 539 228 43 granskning,
1396 538 169 44 förslaget
1591 539 204 44 undergick,

192 591 108 33 innan
342 590 59 34 det
440 590 188 34 framlades
668 589 54 35 för
763 588 230 45 Storthinget.
1048 589 123 45 Enligt
1202 591 105 33 norsk
1334 589 225 45 lagstiftning
1585 593 40 31 är
1651 588 146 37 sålunda

193 662 46 2 -—
268 642 151 33 likasom
448 641 110 43 enligt
585 641 110 34 dansk
723 661 46 3 —
797 643 74 31 rätt
890 640 55 34 till
964 640 245 45 efterföljande
1230 640 257 45 öfversättning
1513 640 56 35 fri.
1613 638 47 37 Så
1678 645 40 30 är
1732 642 66 33 ock

188 689 235 38 förhållandet
449 692 11 33 i
488 691 148 45 Sverige,
665 691 189 43 Brasilien,
886 691 97 43 Chili,
1012 691 153 35 Förenta
1192 691 163 35 Staterna
1382 692 64 34 och
1475 691 188 45 Rysslanml.

321 742 72 35 Det
432 747 40 30 är
510 753 48 24 nu
599 743 192 34 emellertid
830 742 123 45 gifvet,
982 745 54 32 att
1063 745 51 32 ett
1141 743 113 43 skydd
1281 743 11 34 i
1318 743 159 34 inhemsk
1503 743 60 44 lag
1588 745 72 32 mot
1687 743 110 36 öfver-

194 795 159 43 sättning
392 791 55 37 får
487 794 52 34 sin
579 794 178 44 egentliga
784 794 177 43 betydelse
989 794 88 34 först
1103 804 123 34 genom
1253 795 58 33 det
1337 795 205 42 rättsskydd
1568 794 92 34 inom
1688 795 110 34 andra

194 848 123 41 stater,
358 845 137 35 hvilket
536 855 43 24 en
619 855 105 34 egare
763 845 54 33 till
858 844 115 43 skrift,
1014 855 71 24 som
1125 842 145 37 sålunda
1297 845 153 43 skyddas
1477 844 40 35 af
1540 845 159 34 inhemsk
1726 846 70 44 lag,

194 873 165 68 möjligen
386 896 71 34 kan
484 895 193 36 förvärfva.

327 946 55 34 En
422 947 248 34 internationel
705 949 73 32 rätt
804 947 11 33 i
842 921 103 69 fråga
973 957 53 23 om
1052 947 265 34 internationelt
1344 947 112 43 skydd
1482 946 54 35 för
1563 947 161 34 litterära
1752 948 45 34 al-

193 1001 71 31 ster
303 998 70 33 kan
401 998 184 35 utvecklas
611 995 45 46 på
683 1000 123 32 trenne
833 1000 126 41 vägar:
990 1007 122 34 genom
1139 997 152 35 inhemsk
1319 997 73 44 lags
1419 998 224 34 erkännande
1671 997 39 35 af
1746 1001 51 32 ut-

192 1049 162 43 ländings
393 1051 84 41 rätt,
518 1059 86 24 vare
632 1049 53 43 sig
712 1048 129 35 absolut
868 1049 83 33 eller
978 1049 111 33 under
1115 1048 108 35 vilkor
1249 1047 42 43 af
1314 1048 220 45 reciprocitet,
1564 1049 84 34 eller
1674 1059 122 33 genom

192 1097 125 37 säadant
358 1100 225 34 erkännande
624 1120 46 3 -—
698 1099 200 43 ömsesidigt
924 1098 173 35 bindande
1125 1120 37 2 —
1199 1109 122 34 genom
1349 1099 279 35 internationella
1655 1100 141 35 konven-

193 1151 117 34 tioner.

328 1200 102 36 Efter
457 1199 246 46 mäångahanda
729 1201 369 44 meningsbrytningar
1124 1201 64 34 och
1215 1200 89 35 efter
1332 1203 53 32 att
1411 1200 266 35 redan
1528 1195 22 54 i
1562 1200 115 35 ämnet
1690 1200 109 35 hafva

194 1251 123 48 (1851)
359 1253 148 34 afslutat
547 1252 213 36 konvention
799 1252 77 34 med
911 1251 164 45 England
1102 1252 110 34 beslöt
1238 1251 201 35 Frankrike
1467 1254 52 32 att
1546 1249 89 37 inslå
1662 1249 44 46 på
1734 1252 65 34 den

194 1303 109 35 första
343 1303 39 34 af
419 1304 100 34 dessa
560 1307 112 41 vägar
712 1304 63 33 och
815 1303 158 34 lemnade
1005 1313 121 34 genom
1162 1303 66 34 den
1268 1306 94 31 ännu
1389 1300 187 37 bestående
1603 1304 104 43 lagen
1735 1303 65 34 den

194 1356 45 33 28
280 1353 100 36 Mars
424 1356 94 33 1852
558 1355 188 34 utländska
787 1354 144 34 skrifter
970 1365 130 23 samma
1128 1354 112 44 skydd
1267 1364 70 24 som
1365 1353 177 35 inhemska
1574 1356 85 32 utan
1686 1354 115 35 vilkor

194 1405 39 35 af
270 1400 233 49 reciprocitet,
546 1406 123 34 endast
707 1406 78 33 med
824 1405 126 43 vilkor,
978 1405 78 34 icke
1083 1405 54 34 för
1165 1405 150 43 skyddet
1341 1405 11 33 i
1380 1405 62 34 och
1470 1405 54 34 för
1551 1405 62 44 sig,
1642 1415 78 24 men
1747 1405 54 34 för

193 1459 74 32 rätt
295 1460 54 30 att
376 1457 111 34 anlita
515 1457 157 43 domstol,
700 1456 218 35 beträffande
946 1457 41 33 de
1015 1467 65 23 ena
1108 1457 99 34 såväl
1234 1466 70 24 som
1332 1456 41 33 de
1401 1456 122 43 andra,
1544 1458 54 32 att
1613 1455 61 35 två
1690 1466 110 24 exem-

193 1508 77 43 plar
297 1508 112 33 skulle
436 1518 88 24 vara
552 1508 191 34 aflemnade
770 1507 51 34 uti
848 1507 364 34 nationalbiblioteket
1239 1507 11 34 i
1276 1506 111 35 Paris.

328 1557 60 35 Nu
416 1558 120 35 visade
563 1558 64 44 sig,
655 1559 91 33 huru
774 1558 346 34 otillfredsställande
1147 1558 11 33 i
1185 1557 265 44 tillämpningen
1478 1557 64 34 den
1563 1559 114 33 andra
1696 1558 106 35 ofvan

194 1609 157 43 antydda
390 1613 167 40 utvägen,
595 1611 54 32 att
688 1609 11 33 i
725 1608 153 35 inhemsk
906 1608 216 45 lagstiftning
1148 1608 115 34 införa
1291 1608 112 43 skydd
1429 1611 67 31 mot
1524 1608 105 34 vilkor
1656 1608 45 43 af
1721 1609 80 34 reci-

188 1660 157 44 procitet,
387 1660 183 44 verkligen
611 1663 50 32 är.
715 1659 124 34 Ihuru
877 1660 53 33 uti
958 1660 65 33 den
1054 1659 200 44 preussiska
1280 1660 104 43 lagen
1412 1659 39 34 af
1479 1660 40 32 11
1550 1658 77 35 Juli
1658 1661 92 33 1837
1780 1658 22 45 8

196 1712 45 33 38
284 1710 155 35 förefans
467 1721 42 24 en
536 1711 139 34 klausul
703 1721 53 24 om
784 1711 129 34 allmän
939 1710 233 44 likställighet
1199 1709 39 35 af
1262 1710 41 34 de
1331 1710 91 34 inom
1449 1709 215 35 främmande
1692 1713 111 32 stater

194 1762 140 43 utgifna
362 1762 146 34 skrifter
534 1762 78 34 med
638 1761 200 44 preussiska
866 1762 53 33 till
947 1762 59 33 det
1024 1759 150 46 omfång,
1197 1772 68 23 som
1282 1761 199 43 preussiska
1496 1761 144 34 skrifter
1656 1762 146 43 skydda-

195 1813 60 34 des
295 1812 38 34 af
361 1813 66 34 den
454 1812 215 35 främmande
697 1815 135 32 statens
858 1813 102 43 lagar
989 1810 37 47 (s.
1056 1812 34 34 k.
1119 1812 160 34 materiel
1305 1811 246 47 reciprocitet),
1577 1812 136 34 nekade
1739 1812 63 34 lik-

195 1864 71 42 väl,
295 1863 105 34 äfven
429 1863 90 34 efter
546 1863 211 34 utfärdande
785 1863 39 34 af
852 1864 93 33 1852
974 1862 57 35 års
1049 1863 146 34 franska
1214 1864 70 42 lag,
1301 1863 41 34 de
1356 1862 199 44 preussiska
1571 1863 232 34 domstolarne

195 1914 223 44 reciprocitet
445 1912 79 37 från
551 1914 192 35 Preussens
770 1914 86 43 sida,
877 1917 85 31 enär
989 1914 64 34 den
1081 1913 146 35 franska
1253 1913 270 44 lagstiftningen
1550 1911 110 37 såsom
1687 1914 117 35 vilkor

196 1965 55 34 för
291 1968 54 31 att
385 1965 77 35 föra
503 1966 98 34 talan
629 1965 110 44 enligt
766 1966 103 43 lagen
896 1965 60 34 vid
983 1965 123 34 fransk
1135 1965 145 34 domstol
1307 1964 163 34 fordrade
1497 1962 231 46 förutgående
1755 1964 48 35 af-

195 2017 183 33 lemnande
418 2017 39 33 af
494 2014 274 46 ifrågavarande
809 2016 105 34 skrift
954 2016 52 34 uti
1045 2013 62 37 två
1148 2016 177 43 exemplar
1363 2016 12 33 i
1402 2015 402 35 nationalbiblioteket
1787 2009 21 56 i

197 2065 112 44 Paris,
349 2077 79 24 men
468 2067 177 43 preussisk
685 2069 73 32 rätt
798 2067 77 34 icke
908 2067 115 33 kände
1050 2064 115 46 någon
1192 2067 246 33 motsvarande
1466 2066 226 44 förpligtelse.
1747 2064 57 36 Då

195 2117 60 35 vid
296 2118 66 33 den
389 2118 195 34 materiella
612 2117 267 44 reciprociteten
907 2117 112 34 likhet
1045 2117 144 35 kräfves
1216 2118 126 33 mellan
1368 2117 188 34 ländernas
1581 2117 224 44 lagstiftning

195 2169 78 33 med
313 2168 163 35 afseende
517 2168 105 35 äfven
662 2166 21 36 å
716 2169 256 43 betingelserna
1001 2169 62 33 och
1090 2168 341 44 förutsättningarne
1458 2168 54 34 för
1539 2169 160 43 skyddet,
1727 2178 78 24 men

195 2219 93 34 olika
329 2220 139 34 länders
507 2220 102 43 lagar
646 2220 222 43 synnerligen
896 2219 11 33 i
934 2220 151 33 nämnda
1113 2219 197 34 hänseende
1337 2220 105 42 pläga
1469 2219 111 34 förete
1608 2219 197 45 skiljaktig-
