2184 2576
69 1434 72 32 Ang.
161 1432 118 34 pension

97 1468 47 32 för
163 1468 88 25 kame-

86 1511 118 17 reraren
224 1502 35 26 K.

93 1537 172 26 Westerhult.

333 220 18 30 6
749 214 104 33 Stats-
862 213 169 33 Utskottets
1061 212 175 33 Utlåtande
1260 213 62 31 N:o
1346 213 41 30 153
1412 223 29 20 a.

288 299 132 49 tjenst,
464 295 131 38 blifvit
634 293 187 38 utnämnd
865 293 77 36 den
984 295 23 34 4
1051 292 211 38 December
1300 293 99 35 1860
1428 290 60 37 till
1511 290 235 49 justitieråd,
1777 291 74 36 den
1880 292 23 34 4

289 349 75 49 Maj
410 350 100 34 1874
550 346 60 38 till
646 345 432 50 justitiestatsminister
1120 345 71 36 och
1234 344 74 36 den
1358 344 46 35 14
1447 343 76 48 Maj
1571 343 97 34 1875
1717 345 100 45 ånyo
1846 342 58 36 till

289 399 233 52 justitieråd,
565 404 102 31 samt
708 402 56 32 att
807 396 125 49 enligt
960 396 182 49 gällande
1173 395 240 37 föreskrifter
1435 393 236 50 justitieråd,
1701 406 82 23 som
1813 407 92 36 upp-

289 456 86 33 nått
405 452 47 36 65
482 450 196 37 lefnadsår
706 450 72 37 och
808 451 49 34 40
887 451 41 33 år
955 448 179 36 innehaft
1162 446 241 50 anställning
1430 447 11 35 i
1473 451 150 31 statens
1645 445 130 48 tjenst,
1794 446 108 47 egde,

291 504 131 37 derest
451 503 76 36 han
556 515 93 24 vore
679 501 57 37 till
765 501 139 37 helsan
933 500 221 48 försvagad,
1185 504 68 42 att,
1283 498 97 36 efter
1417 497 162 37 erhållet
1608 496 149 48 afsked,
1788 496 117 36 undfå

291 560 21 33 å
340 556 195 36 allmänna
577 553 392 49 indragningsstaten
999 565 48 23 en
1076 551 98 48 årlig
1202 550 163 49 pension
1396 550 41 36 af
1462 551 114 46 8,000
1605 549 154 47 kronor,
1792 548 113 36 hvar-

286 609 123 48 jemte
438 606 246 37 direktionen
700 605 109 36 öfver
830 603 242 37 civilstatens
1093 601 431 50 pensionsinrättning
1507 595 21 66 i)
1544 600 164 48 afgifvet
1723 599 183 49 yttrande

292 659 88 37 med
409 657 216 49 anledning
653 658 42 36 af
719 655 283 37 ofvanberörda
1031 654 221 48 ansökning
1281 653 205 47 meddelat,
1510 657 67 42 att,
1597 656 93 32 enär
1706 651 200 37 sökanden

290 711 180 48 fullgjort
499 709 73 37 alla
602 709 48 37 de
679 709 12 35 i
723 710 45 35 14
798 707 21 49 $&
846 707 41 36 af
910 706 148 48 nådiga
1085 706 257 48 reglementet
1370 704 60 37 för
1445 704 242 36 civilstatens
1705 703 202 49 pensions-

291 761 221 49 inrättning
553 761 76 37 den
673 762 48 35 30
760 758 211 37 november
1004 760 95 34 1877
1132 757 233 36 föreskrifna
1394 756 127 36 vilkor
1550 755 60 36 för
1637 755 186 49 pensions
1852 767 57 23 er-

291 813 194 45 hållande,
526 813 78 36 han
647 825 90 23 vore
780 810 224 48 berättigad
1042 815 56 30 att
1140 810 83 35 från
1254 809 72 35 och
1355 808 88 36 med
1472 807 189 36 månaden
1694 811 88 31 näst
1812 806 97 36 efter

293 866 88 47 den,
411 865 114 36 hvari
554 863 139 38 afsked
719 864 85 35 från
827 861 420 50 justitierådsembetet
1278 860 124 36 blefve
1433 860 141 35 honom
1605 858 199 49 beviljadt,
1833 857 77 36 till-

292 917 123 48 träda,
462 916 60 37 för
569 916 60 36 sin
678 915 125 49 öfriga
838 913 134 47 lifstid,
998 912 164 50 pension
1187 912 41 36 af
1255 913 114 45 2,400
1399 912 143 35 kronor
1572 910 147 48 årligen
1748 910 12 35 i
1790 909 118 36 första

293 970 159 36 klassen
481 968 43 36 af
547 965 478 52 pensionsinrättningens
1055 963 391 50 tjenstemannafond.

423 1020 55 36 På
507 1020 128 48 grund
666 1018 41 37 af
730 1018 103 36 hvad
864 1016 162 37 sålunda
1057 1015 246 37 förekommit
1331 1015 72 36 och
1433 1014 87 36 med
1550 1013 182 37 afseende
1762 1015 20 34 å
1804 1012 105 36 såväl

293 1072 273 38 Justitierådet
591 1071 205 36 Carlesons
827 1068 261 37 framstående
1118 1067 249 36 verksamhet
1394 1066 11 36 i
1434 1066 123 36 rikets
1588 1066 118 48 tjenst
1729 1078 80 23 som
1829 1064 81 48 vig-

294 1130 67 31 ten
391 1124 48 47 af,
470 1128 57 32 att
554 1123 66 36 det
647 1123 155 47 Högsta
831 1120 229 37 Domstolen
1089 1119 233 36 tillhörande
1344 1119 132 35 arbete
1494 1120 60 33 må
1572 1117 129 36 kunna
1719 1117 9 35 i
1746 1116 165 48 stadgad

296 1175 171 49 ordning
495 1180 93 31 utan
618 1173 243 48 rubbningar
884 1173 141 47 fortgå,
1056 1171 55 36 får
1140 1171 202 37 Utskottet
1370 1169 217 47 hemställa,

832 1282 56 32 att
917 1276 142 48 Kongl.
1091 1275 111 47 Maj:s
1219 1272 254 39 förevarande
1491 1271 291 47 framställning
1804 1273 108 33 måtte

703 1330 117 36 vinna
849 1328 246 48 Riksdagens
1124 1326 119 37 bifall.

430 1437 71 34 6:0.
545 1434 17 36 I
593 1433 175 48 enlighet
798 1432 87 36 med
910 1430 444 50 Fångvårdsstyrelsens
1375 1429 130 35 derom
1527 1426 136 50 gjorda
1683 1424 230 37 hemställan

299 1487 72 37 och
413 1489 103 46 uppå
557 1485 248 47 underdånig
835 1483 225 47 ansökning
1093 1482 70 35 har
1197 1481 141 47 Kongl.
1373 1481 108 47 Maj:t
1510 1477 215 48 föreslagit,
1755 1482 56 30 att
1838 1476 76 35 Ka-

298 1551 221 23 mereraren
561 1537 66 36 vid
661 1537 193 47 indragna
883 1534 321 49 straff-fängelset
1231 1534 11 34 i
1272 1532 177 46 Varberg
1478 1531 196 46 Kristoffer
1709 1528 206 36 Westerhult

297 1593 120 33 måtte
437 1590 83 35 från
547 1589 72 36 och
648 1588 88 37 med
765 1587 189 37 månaden
985 1591 88 31 näst
1101 1585 97 36 efter
1228 1585 85 46 den,
1336 1584 47 36 då
1404 1582 134 37 afsked
1558 1582 84 35 från
1663 1578 252 38 förenämnda

297 1640 469 48 kamererarebefattning
810 1639 128 36 blefve
980 1638 142 35 honom
1166 1636 232 47 meddeladt,
1442 1633 184 50 uppföras
1669 1634 20 34 å
1724 1631 192 36 allmänna

297 1692 393 49 indragningsstaten
718 1692 61 36 till
808 1690 229 49 åtnjutande
1067 1689 58 35 för
1164 1688 61 36 sin
1253 1687 244 37 återstående
1523 1684 123 37 lifstid
1677 1683 41 36 af
1743 1696 45 23 en
1820 1682 96 49 årlig

297 1745 167 50 pension
494 1744 42 36 af
561 1745 115 47 2,000
706 1743 153 36 kronor.

430 1796 55 36 Af
506 1794 428 51 statsrådsprotokollet
951 1794 55 49 (se
1022 1792 151 37 Nionde
1194 1790 262 37 hufvudtiteln
1477 1789 64 37 bil.
1567 1791 17 33 1
1609 1786 69 38 sid.
1701 1789 45 34 13
1766 1786 71 37 och
1856 1785 59 49 14)

298 1848 211 36 inhemtas:

429 1904 57 32 att
533 1898 244 48 Westerhult,
807 1898 125 48 enligt
961 1895 272 49 ansökningen
1261 1895 11 35 i
1302 1894 153 48 styrkta
1484 1891 197 38 afskrifter
1710 1889 206 49 vidfogade

298 1953 135 48 betyg,
464 1963 93 24 vore
586 1949 93 37 född
708 1950 74 36 den
814 1951 49 35 30
892 1948 220 37 November
1145 1949 95 34 1817
1272 1946 71 36 och
1372 1946 74 36 den
1477 1946 43 34 15
1541 1943 94 37 Juni
1657 1944 98 35 1839
1778 1941 137 36 under-

299 2007 86 46 gått
414 2015 162 24 examen
606 2002 59 36 för
693 2001 151 37 inträde
873 2001 11 36 i
912 2001 191 36 kammar-
1128 1999 71 36 och
1229 1996 392 49 räkenskapsverken
1650 1994 11 36 i
1682 1994 101 36 riket
1804 1997 110 41 samt,

300 2056 100 36 efter
428 2059 58 32 att
513 2054 117 36 hafva
659 2053 227 49 tjenstgjort
915 2056 20 32 å
961 2051 258 48 kronofogde-
1240 2050 71 36 och
1331 2046 491 43 häradsskrifvarekontor,
1844 2043 73 36 den

304 2110 44 34 17
378 2105 223 38 November
633 2106 97 35 1852
761 2104 172 48 antagits
955 2104 57 35 till
1034 2108 109 31 extra
1164 2101 190 36 ordinarie
1375 2098 369 38 kammarskrifvare
1764 2096 12 35 i
1798 2095 121 36 Stats-

301 2160 183 35 kontoret
525 2158 74 36 och
643 2157 75 37 den
761 2160 19 33 7
824 2156 214 37 December
1081 2167 146 24 samma
1270 2156 41 33 år
1343 2153 13 35 i
1385 2151 202 38 enahanda
1617 2148 202 50 egenskap
1848 2146 69 36 hos

300 2209 442 50 Fångvårdsstyrelsen,
759 2208 199 37 hvarefter
986 2208 78 35 han
1094 2206 74 36 den
1200 2208 16 33 1
1249 2206 103 35 Mars
1384 2205 97 35 1853
1511 2202 129 37 blifvit
1664 2200 43 36 af
1726 2197 193 50 styrelsen

301 2261 210 37 förordnad
542 2266 56 31 att
627 2261 171 37 bestrida
826 2256 520 49 kamererarebefattningen
1375 2256 64 36 vid
1469 2252 288 49 straffängelset
1785 2249 12 36 i
1827 2250 92 36 Var-

301 2314 111 48 berg,
443 2316 21 34 å
493 2313 161 37 hvilken
683 2313 134 49 tjenst,
840 2312 119 37 sedan
991 2297 225 69 densamma,
1237 2309 113 48 jemte
1373 2307 118 37 andra
1510 2301 410 54 tjenstebefattningar

303 2365 67 37 vid
412 2365 256 49 fångvården,
713 2364 122 50 enligt
877 2363 143 48 Kongl.
1064 2361 126 49 Maj:ts
1225 2360 140 49 nådiga
1398 2358 88 38 bref
1509 2358 74 35 den
1614 2357 46 35 29
1692 2353 228 50 September
