2175 2576
377 223 40 30 14
791 217 102 32 Stats-
904 217 168 33 Utskottets
1100 216 176 33 Utlåtande
1299 215 66 31 N:o
1388 215 40 31 15
1452 225 29 21 a.

331 313 147 25 samma
512 299 144 48 belopp
686 311 81 23 som
797 296 117 37 lönen
944 300 101 32 samt
1073 295 88 37 med
1190 293 227 50 skyldighet
1446 297 56 31 att
1531 291 65 36 vid
1627 292 127 36 denna
1783 291 168 37 lefnads-

332 353 72 37 och
433 350 263 50 tjensteålder,
728 363 61 22 om
821 351 42 34 så
891 348 214 47 fordrades,
1136 347 91 48 afgå
1255 346 84 37 från
1367 345 184 48 tjensten.

463 401 231 38 Emellertid
723 401 73 36 och
824 400 60 36 för
909 400 75 36 den
1013 399 188 37 händelse
1227 403 55 31 att
1310 396 89 37 hela
1428 395 128 36 denna
1585 394 110 48 fråga
1724 393 85 36 icke
1829 393 122 37 heller

331 470 53 22 nu
428 454 127 36 skulle
598 453 131 36 kunna
771 452 118 36 vinna
929 452 61 36 sin
1015 451 157 47 lösning
1200 450 70 36 har
1299 446 405 49 Medicinalstyrelsen
1733 450 128 31 ansett
1890 445 61 49 sig

331 508 95 36 böra
468 505 204 37 framhålla
714 505 76 36 den
832 510 106 30 stora
967 503 134 48 vigten
1131 501 118 47 deraf,
1281 505 56 31 att
1367 499 234 36 åtminstone
1629 496 322 50 pensionsåldern

333 558 73 38 och
447 557 383 50 pensionsbeloppen
869 555 59 36 för
970 555 113 36 desse
1118 553 232 49 tjenstemän
1382 554 43 33 så
1454 550 204 47 ordnades,
1689 553 56 31 att
1773 548 46 36 de
1845 547 105 37 äldre

332 609 377 51 provinsialläkarne
752 608 32 48 ej
830 610 121 33 måtte
994 606 43 36 af
1073 603 253 38 ekonomiska
1356 602 84 36 skäl
1468 602 160 47 tvingas
1658 606 56 30 att
1742 599 59 36 till
1831 598 120 37 skada

334 662 108 37 såväl
484 662 58 35 för
576 660 61 49 sig
666 660 139 48 sjelfve
835 671 83 23 som
942 658 60 35 för
1032 655 207 37 distrikten
1268 654 67 36 allt
1360 654 59 36 för
1446 653 116 48 länge
1588 655 159 46 qvarstå
1771 650 66 37 vid
1866 650 85 37 sina

332 712 424 50 tjenstebefattningar.
795 711 18 35 I
843 710 105 36 detta
979 707 242 38 sistnämnda
1249 705 225 38 hänseende
1495 704 123 49 gäller
1633 704 59 35 för
1708 703 242 36 närvarande

333 765 251 47 Riksdagens
628 766 42 34 år
713 764 98 34 1878
842 761 145 36 fattade
1017 760 139 47 beslut,
1188 759 124 47 enligt
1341 757 150 36 hvilket
1519 754 346 51 provinsialläkare
1890 757 62 33 må

333 817 65 36 vid
440 816 107 49 fylda
590 814 125 37 sextio
762 817 41 33 år
845 813 71 36 och
946 813 95 35 efter
1070 811 131 36 trettio
1232 813 60 33 års
1320 809 270 48 tjenstgöring
1618 807 12 35 i
1656 812 148 31 statens
1833 806 118 48 tjenst

334 869 89 47 afgå
467 867 170 37 derifrån
680 866 86 36 med
808 865 164 49 pension
1015 867 20 33 å
1070 863 194 36 allmänna
1298 860 391 49 indragningsstaten
1718 858 58 36 till
1806 870 145 24 samma

334 920 143 49 belopp
508 932 83 23 som
620 918 127 36 lönen.

465 971 77 48 Jag
571 971 71 35 har
671 970 90 35 flere
790 971 151 46 gånger
969 967 103 36 inför
1099 965 124 37 Eders
1252 964 145 48 Kongl.
1428 963 109 48 Maj:t
1565 962 140 36 uttalat
1733 960 80 37 min
1834 960 115 49 åsigt,

335 1029 57 31 att
435 1023 199 36 storleken
669 1021 41 36 af
733 1021 76 36 den
835 1020 76 47 lön,
944 1032 82 23 som
1056 1018 69 36 bör
1153 1017 58 36 till
1241 1014 376 51 provinsialläkaren
1646 1016 95 46 utgå
1771 1013 42 36 af
1837 1018 113 30 stats-

335 1075 137 47 medel,
518 1079 41 31 är
600 1072 246 49 väsentligen
889 1069 193 38 beroende
1125 1069 42 36 af
1196 1068 199 36 storleken
1424 1066 42 37 af
1489 1066 46 36 de
1565 1064 386 50 tjensteåligganden

336 1127 71 36 och
437 1125 280 50 uppoffringar,
750 1137 83 23 som
859 1128 127 31 staten
1017 1121 42 36 af
1082 1122 142 35 honom
1254 1119 160 46 fordrar,
1441 1123 100 30 samt
1565 1122 57 31 att
1652 1117 128 35 derför
1800 1117 64 35 det
1884 1129 67 22 un-

337 1179 69 35 der
449 1177 243 47 behandling
729 1175 171 36 varande
943 1173 188 47 förslaget
1173 1172 58 36 till
1274 1185 53 34 ny
1369 1169 239 37 instruktion
1638 1169 59 35 för
1725 1167 227 49 provinsial-

339 1230 161 36 läkarne
529 1228 120 37 borde
681 1240 89 23 vara
801 1226 183 49 afgjordt,
1014 1225 119 35 innan
1163 1236 89 23 man
1280 1222 132 36 kunde
1442 1221 164 36 bedöma
1635 1234 61 22 om
1726 1220 72 36 och
1817 1219 13 35 i
1850 1218 103 37 hvad

339 1284 88 33 mån
458 1294 47 23 en
536 1280 142 36 allmän
703 1279 226 48 förhöjning
958 1277 40 36 af
1023 1274 395 51 provinsialläkarnes
1448 1273 109 36 löner
1585 1285 93 23 vore
1708 1271 42 36 af
1774 1270 179 49 billighe-

338 1339 65 30 ten
446 1331 192 50 påkallad.
696 1331 78 47 Jag
817 1330 56 36 får
916 1328 130 37 derför
1088 1327 65 36 vid
1197 1326 106 36 detta
1345 1325 153 36 tillfälle
1541 1323 162 47 anmäla,
1739 1328 55 30 att
1824 1322 64 36 det
1917 1322 41 35 af

338 1383 398 49 Medicinalstyrelsen
773 1380 229 38 utarbetade
1028 1380 71 36 och
1124 1379 83 36 med
1240 1377 203 36 skrifvelse
1468 1376 73 36 den
1575 1378 43 33 17
1649 1375 93 36 Juni
1770 1376 94 34 1881
1896 1373 57 36 till

338 1436 123 36 Eders
492 1435 148 48 Kongl.
666 1434 108 48 Maj:t
802 1433 153 48 ingifna
984 1431 148 47 förslag
1157 1430 58 36 till
1241 1429 119 36 sådan
1389 1427 238 37 instruktion
1654 1426 101 36 varit
1775 1429 20 32 å
1815 1425 138 36 remiss

337 1487 164 36 utstäldt
530 1487 59 36 till
618 1483 517 40 Öfverståthållareembetet
1164 1481 70 37 och
1259 1481 122 36 Eders
1399 1479 142 48 Kongl.
1564 1479 108 48 Maj:t
1692 1477 262 47 Befallnings-

338 1539 193 36 hafvande
574 1538 12 36 i
629 1538 124 46 länen,
794 1536 42 36 af
861 1535 133 37 hvilka
1019 1532 428 49 embetsmyndigheter
1474 1531 91 36 flere
1590 1531 120 48 jemte
1741 1529 84 35 sina
1854 1541 100 33 egna

339 1590 228 36 utlåtanden
610 1589 150 48 bifogat
798 1587 222 37 infordrade
1062 1585 209 49 yttranden
1314 1584 41 35 af
1393 1582 292 37 vederbörande
1728 1580 227 49 provinsial-

338 1642 144 48 läkare,
526 1641 198 36 hvarefter
752 1638 406 49 Medicinalstyrelsen
1187 1637 166 35 lemnats
1384 1634 149 36 tillfälle
1564 1639 56 31 att
1648 1638 104 44 yttra
1778 1632 62 48 sig
1870 1631 85 36 med

340 1693 213 48 anledning
596 1692 42 37 af
675 1693 46 35 de
765 1697 80 31 mot
886 1690 254 37 förenämnda
1183 1688 146 47 förslag
1372 1686 226 36 framstälda
1640 1684 313 48 anmärkningar.

339 1745 118 36 Detta
500 1746 67 35 sitt
608 1743 184 50 yttrande
836 1744 70 35 har
943 1740 178 38 bemälda
1164 1739 162 49 styrelse
1356 1738 154 49 afoifvit
1538 1737 12 36 i
1580 1736 206 37 skrifvelse
1816 1736 41 35 af
1881 1736 75 35 den

343 1799 48 34 14
421 1796 178 36 sistlidne
630 1795 241 49 September.
931 1793 245 47 Visserligen
1205 1792 69 35 har
1303 1790 159 36 ärendet
1490 1789 230 47 härigenom
1750 1787 138 36 vunnit
1908 1800 47 22 en

340 1848 242 48 flersidigare
608 1847 221 49 belysning,
860 1859 87 23 men
978 1845 66 36 det
1072 1844 173 36 befinner
1270 1842 60 49 sig
1358 1841 122 36 likväl
1507 1840 85 37 icke
1622 1845 102 31 ännu
1753 1839 13 35 i
1787 1839 65 36 det
1876 1839 80 47 nöj-

342 1900 129 48 aktigt
515 1899 163 37 utredda
720 1898 123 48 skick,
879 1903 56 31 att
969 1897 216 36 detsamma
1214 1895 74 35 kan
1313 1893 102 37 inför
1439 1892 122 37 Eders
1591 1891 140 49 Kongl.
1762 1891 109 48 Maj:t
1898 1890 59 35 till

341 1951 135 47 slutlig
517 1951 185 49 pröfning
743 1950 253 48 framläggas.
1053 1949 74 35 Det
1155 1946 111 37 råder
1296 1951 102 30 ännu
1424 1947 41 34 så
1495 1949 80 31 stor
1605 1943 209 36 osäkerhet
1843 1942 113 36 äfven

341 2003 116 36 bland
486 2003 46 36 de
563 2002 258 48 sakkunnige,
850 2001 106 37 såväl
986 2013 61 23 om
1077 1999 101 36 hvad
1208 2011 82 23 som
1307 1997 70 36 bör
1397 2009 114 23 anses
1529 2009 91 22 vara
1636 1993 321 51 provinsialläka-

341 2068 89 23 rens
472 2053 316 50 tjensteuppgift,
819 2066 82 23 som
938 2065 61 23 om
1031 2052 98 35 hans
1158 2055 101 31 rätta
1289 2049 187 47 ställning
1504 2047 61 36 till
1594 2052 130 31 staten
1753 2046 71 36 och
1852 2045 105 35 kom-

341 2119 155 35 munen,
528 2106 72 36 och
630 2106 112 35 äfven
767 2105 12 36 i
805 2104 120 48 öfrigt
953 2104 109 35 träda
1091 2115 81 23 mer
1200 2102 72 36 och
1297 2114 81 23 mer
1402 2100 13 35 i
1440 2100 128 47 dagen
1593 2095 365 40 missförhållanden

341 2159 13 35 i
397 2158 183 36 afseende
623 2161 20 33 å
686 2158 73 36 den
801 2156 227 36 nuvarande
1073 2153 266 49 anordningen
1378 2152 42 36 af
1444 2151 87 36 hela
1559 2149 285 46 institutionen,
1876 2161 80 22 som

343 2223 118 35 synas
490 2210 127 36 tarfva
647 2223 47 23 en
722 2208 188 49 grundlig
938 2206 306 48 undersökning.

476 2261 169 38 Sålunda
688 2261 69 36 har
799 2260 13 36 i
846 2259 20 49 &
898 2261 17 35 1
949 2259 41 36 af
1015 2259 64 36 det
1106 2256 217 49 framlagda
1351 2252 453 47 instruktionsförslaget
1833 2254 125 33 såsom

343 2312 364 51 hufvudgrundsats
755 2312 128 37 blifvit
930 2310 218 50 uppstäldt:
1191 2307 368 50 provinsialläkares
1601 2302 357 50 tjensteåliggande

344 2365 101 36 skall
488 2379 92 23 vara
615 2370 68 43 att,
712 2367 48 47 på
789 2369 78 32 sätt
896 2361 289 38 instruktionen
1214 2364 176 32 närmare
1418 2359 244 44 bestämmer,
1692 2355 57 36 till
1777 2355 182 49 förebyg-
