1894 2818
481 157 394 35 Jordbruksutskottets
906 159 184 32 utlåtande
1120 160 51 32 Nr
1198 161 51 30 33.
1553 163 15 29 1

795 301 57 40 Nr
879 302 63 41 33.

626 410 111 25 Ankom
759 412 42 23 till
820 412 162 31 riksdagens
1002 413 89 24 kansli
1112 413 53 24 den
1188 415 26 22 11
1237 415 69 30 april
1330 416 64 23 1929
1415 415 33 24 kl.
1471 417 10 22 1
1505 424 21 15 e.
1542 424 35 15 m.

227 499 190 33 Utlåtande
440 502 13 30 i
476 502 190 37 anledning
697 513 45 22 av
775 504 130 37 Kungl.
930 504 121 38 Maj:ts
1085 508 219 35 proposition
1329 508 177 36 angående
1530 511 80 34 god-

421 553 188 32 kännande
647 565 44 21 av
729 556 73 31 viss
837 557 340 32 överenskommelse
1212 559 130 31 mellan
1376 560 134 31 kronan
1546 561 61 31 och

419 604 90 32 Falu
532 607 87 30 stad.

1385 661 66 36 (2:a
1474 662 92 35 avd.)

147 751 63 32 Uti
230 762 44 21 en
294 752 59 31 till
375 752 189 37 riksdagen
580 755 153 36 avlåten,
752 755 66 31 den
835 757 17 30 1
871 757 157 31 februari
1045 758 83 31 1929
1146 758 217 36 dagtecknad
1380 760 227 36 proposition,

104 813 44 21 nr
173 803 52 37 37,
260 804 64 31 har
360 804 135 37 Kungl.
530 805 103 37 Maj:t
668 807 112 31 under
812 808 218 36 åberopande
1064 820 44 20 av
1141 811 60 30 vid
1226 812 261 34 propositionen
1511 813 97 35 fogat

103 855 127 37 utdrag
262 865 46 21 av
340 856 387 37 statsrådsprotokollet
750 861 84 29 över
858 860 310 32 försvarsärenden
1194 862 53 30 för
1271 872 133 21 samma
1428 863 67 36 dag
1519 864 87 30 före-

102 906 109 36 slagit
235 907 190 36 riksdagen
457 908 73 31 dels
563 909 190 36 godkänna
777 911 59 31 vid
861 912 380 36 statsrådsprotokollet
1264 914 123 36 fogade
1412 915 64 30 den
1502 916 17 30 3
1544 916 62 30 och

102 958 66 31 den
192 959 19 30 9
235 958 145 37 januari
415 960 84 31 1928
532 961 131 31 mellan
699 962 136 37 Kungl.
860 963 103 37 Maj:t
987 965 62 30 och
1073 965 137 31 kronan
1234 975 124 26 genom
1382 967 223 31 kasernkom-

101 1010 139 36 mittén,
265 1012 21 29 å
309 1021 66 21 ena
398 1011 114 37 sidan,
537 1003 91 41 samt
651 1013 90 32 Falu
766 1015 88 36 stad,
871 1016 20 30 å
907 1016 112 31 andra
1042 1017 112 36 sidan,
1178 1018 181 36 ingångna
1375 1019 229 35 preliminära

101 1063 349 37 överenskommelse,
475 1064 86 31 dock
585 1065 78 31 med
687 1066 68 31 den
778 1067 165 37 ändring,
968 1069 51 30 att
1043 1068 66 32 den
1133 1070 12 30 i
1170 1066 37 38 8
1236 1070 17 30 3
1271 1070 62 31 och
1350 1071 18 30 7
1385 1081 45 21 av
1446 1073 158 29 överens-

101 1114 216 32 kommelsen
341 1116 158 36 angivna
522 1117 297 38 köpeskillingen,
837 1120 117 35 20,000
971 1120 137 37 kronor,
1126 1121 54 31 för
1197 1122 214 35 egendomen
1426 1122 177 33 Norslund

100 1166 97 36 höjes
231 1167 58 31 till
326 1167 117 37 30,000
477 1169 145 36 kronor;
658 1169 73 32 dels
766 1171 175 37 medgiva,
977 1174 52 29 att
1064 1173 221 32 sistnämnda
1320 1175 133 36 belopp,
1487 1176 116 35 30,000

99 1218 140 36 kronor,
274 1220 58 30 må
365 1219 245 37 tillgodoföras
644 1222 272 33 lantförsvarets
951 1224 83 32 fond
1071 1225 53 31 för
1159 1226 204 36 byggnader
1398 1227 62 31 och
1493 1228 110 31 andra

100 1270 344 37 försvarsändamål;
468 1272 72 32 dels
564 1273 63 31 ock
651 1274 177 37 medgiva,
853 1277 51 30 att
928 1277 132 31 statens
1084 1277 183 31 domäners
1291 1279 83 31 fond
1398 1281 68 34 må,
1485 1280 12 30 i
1514 1290 87 20 sam-

99 1322 92 32 band
215 1323 79 31 med
317 1324 209 31 överlåtelse
549 1326 20 29 å
593 1326 124 31 staden
740 1337 46 20 av
811 1327 66 31 den
902 1328 11 30 i
938 1326 17 37 $
979 1330 18 29 2
1021 1339 45 21 av
1090 1330 362 32 överenskommelsen
1477 1332 125 30 omför-

98 1374 118 32 mälda
240 1375 227 37 fastigheten,
492 1376 208 33 nedskrivas
724 1378 78 32 med
827 1380 117 36 10,500
969 1380 138 32 kronor.

139 1468 385 39 Jordbruksutskottet,
560 1472 58 31 till
653 1473 114 32 vilket
799 1474 273 37 ifrågavarande
1096 1478 217 35 proposition
1337 1479 182 30 hänvisats
1544 1480 56 30 till

96 1520 251 33 förberedande
383 1522 218 38 behandling
635 1525 124 31 endast
794 1526 215 32 beträffande
1042 1528 130 36 frågan
1196 1539 55 21 om
1276 1530 255 37 nedskrivning
1555 1541 45 20 av

95 1573 133 31 statens
263 1573 185 32 domäners
482 1575 95 37 fond,
612 1576 55 31 får
700 1578 128 36 erinra,
852 1579 53 30 att
938 1580 261 31 statsutskottet
1223 1582 12 30 i
1258 1582 62 30 sitt
1343 1592 45 20 av
1412 1582 188 37 riksdagen

97 1624 187 37 godkända
318 1626 184 32 utlåtande
525 1638 43 20 nr
591 1629 40 30 24
656 1629 179 37 tillstyrkt
859 1631 103 31 bifall
986 1631 58 31 till
1067 1631 137 37 Kungl.
1229 1633 118 37 Maj:ts
1370 1635 229 31 förevarande

95 1676 133 38 förslag
253 1678 12 30 i
289 1678 69 31 vad
382 1678 57 32 det
462 1689 101 22 avser
587 1680 128 37 frågor,
740 1692 74 21 som
830 1682 76 31 icke
923 1683 237 33 överlämnats
1178 1685 53 31 för
1247 1686 216 37 behandling
1480 1687 12 31 i
1508 1687 91 36 jord-

96 1729 293 32 bruksutskottet.

137 1780 191 38 Utskottet,
363 1792 74 21 som
472 1783 75 31 icke
582 1784 123 31 funnit
739 1786 196 36 anledning
971 1788 56 30 till
1055 1789 144 30 erinran
1224 1791 71 29 mot
1319 1790 134 36 Kungl.
1478 1791 119 37 Maj:ts

94 1832 134 37 förslag
253 1834 12 30 i
289 1834 67 31 vad
382 1834 191 32 detsamma
597 1836 186 32 hänvisats
808 1838 57 31 till
891 1839 180 36 utskottet,
1096 1840 55 31 får
1175 1837 197 45 hemställa,

539 1923 53 30 att
616 1923 190 36 riksdagen
830 1925 57 30 må
903 1925 174 37 medgiva,
1094 1928 52 30 att
1163 1929 132 29 statens
1313 1928 181 32 domäners
1513 1930 83 32 fond

496 1975 68 35 må,
589 1974 12 30 i
625 1976 170 31 samband
828 1977 78 31 med
938 1978 208 32 överlåtelse
1170 1980 20 30 å
1213 1979 89 31 Falu
1326 1980 76 31 stad
1425 1991 45 20 av
1494 1982 66 31 den
1585 1983 11 30 i

497 2023 59 38 $2
588 2036 45 21 av
667 2037 93 22 ovan
793 2029 160 36 angivna
990 2032 336 31 överenskommelse
1366 2033 230 32 omförmälda

496 2078 223 38 fastigheten,
744 2080 207 33 nedskrivas
975 2082 77 32 med
1077 2084 116 35 10,500
1217 2084 139 31 kronor.

134 2162 204 32 Stockholm
362 2163 68 32 den
454 2165 18 31 9
497 2165 92 36 april
614 2166 94 32 1929.

526 2260 50 31 På
599 2261 382 36 jordbruksutskottets
1006 2267 149 34 vägnar:

643 2347 36 32 C.
703 2348 34 32 J.
762 2348 276 35 JOHANSSON.

133 2469 198 26 Närvarande:
350 2478 28 16 se
398 2468 145 28 utlåtande
562 2479 34 16 nr
616 2473 39 23 25.

93 2554 109 33 Bihang
223 2556 40 25 till
283 2556 167 32 riksdagens
472 2558 143 30 protokoll
637 2559 75 25 1929.
750 2561 32 24 10
802 2562 80 23 saml.
922 2562 31 23 10
974 2563 68 31 häft.
1079 2559 53 29 (Nr
1151 2563 124 31 33—35.)
1548 2566 7 23 l

1661 1491 133 24 Utskottet.
