<?xml version="1.0" encoding="UTF-8"?>
<alto xmlns="http://www.loc.gov/standards/alto/ns-v3#" xmlns:xlink="http://www.w3.org/1999/xlink" xmlns:xsi="http://www.w3.org/2001/XMLSchema-instance" xsi:schemaLocation="http://www.loc.gov/standards/alto/ns-v3# http://www.loc.gov/alto/v3/alto-3-0.xsd">
	<Description>
		<MeasurementUnit>pixel</MeasurementUnit>
		<sourceImageInformation>
			<fileName>/tmp/tess_dpv1q5q9_input.PNG</fileName>
		</sourceImageInformation>
		<OCRProcessing ID="OCR_0">
			<ocrProcessingStep>
				<processingSoftware>
					<softwareName>tesseract 5.3.0</softwareName>
				</processingSoftware>
			</ocrProcessingStep>
		</OCRProcessing>
	</Description>
	<Layout>
		<Page WIDTH="2111" HEIGHT="2647" PHYSICAL_IMG_NR="0" ID="page_0">
			<PrintSpace HPOS="0" VPOS="0" WIDTH="2111" HEIGHT="2647">
				<ComposedBlock ID="cblock_0" HPOS="661" VPOS="184" WIDTH="1085" HEIGHT="42">
					<TextBlock ID="block_0" HPOS="661" VPOS="184" WIDTH="1085" HEIGHT="42">
						<TextLine ID="line_0" HPOS="661" VPOS="184" WIDTH="1085" HEIGHT="42">
							<String ID="string_0" HPOS="661" VPOS="186" WIDTH="82" HEIGHT="40" WC="0.88" CONTENT="Lag-"/><SP WIDTH="10" VPOS="186" HPOS="743"/>
							<String ID="string_1" HPOS="753" VPOS="185" WIDTH="179" HEIGHT="32" WC="0.96" CONTENT="Utskottets"/><SP WIDTH="29" VPOS="185" HPOS="932"/>
							<String ID="string_2" HPOS="961" VPOS="184" WIDTH="175" HEIGHT="33" WC="0.95" CONTENT="Utlåtande"/><SP WIDTH="24" VPOS="184" HPOS="1136"/>
							<String ID="string_3" HPOS="1160" VPOS="184" WIDTH="61" HEIGHT="32" WC="0.96" CONTENT="N:o"/><SP WIDTH="23" VPOS="184" HPOS="1221"/>
							<String ID="string_4" HPOS="1244" VPOS="186" WIDTH="49" HEIGHT="29" WC="0.96" CONTENT="53."/><SP WIDTH="417" VPOS="186" HPOS="1293"/>
							<String ID="string_5" HPOS="1710" VPOS="185" WIDTH="36" HEIGHT="28" WC="0.96" CONTENT="19"/>
						</TextLine>
					</TextBlock>
				</ComposedBlock>
				<ComposedBlock ID="cblock_1" HPOS="174" VPOS="271" WIDTH="795" HEIGHT="817">
					<TextBlock ID="block_1" HPOS="389" VPOS="271" WIDTH="384" HEIGHT="42">
						<TextLine ID="line_1" HPOS="389" VPOS="271" WIDTH="384" HEIGHT="42">
							<String ID="string_6" HPOS="389" VPOS="273" WIDTH="112" HEIGHT="40" WC="0.96" CONTENT="(Kongl."/><SP WIDTH="25" VPOS="273" HPOS="501"/>
							<String ID="string_7" HPOS="526" VPOS="274" WIDTH="95" HEIGHT="39" WC="0.96" CONTENT="Maj:ts"/><SP WIDTH="23" VPOS="274" HPOS="621"/>
							<String ID="string_8" HPOS="644" VPOS="271" WIDTH="129" HEIGHT="40" WC="0.95" CONTENT="förslag.)"/>
						</TextLine>
					</TextBlock>
					<TextBlock ID="block_2" HPOS="174" VPOS="323" WIDTH="790" HEIGHT="561">
						<TextLine ID="line_2" HPOS="175" VPOS="323" WIDTH="784" HEIGHT="47">
							<String ID="string_9" HPOS="175" VPOS="338" WIDTH="72" HEIGHT="24" WC="0.96" CONTENT="som"/><SP WIDTH="37" VPOS="338" HPOS="247"/>
							<String ID="string_10" HPOS="284" VPOS="324" WIDTH="44" HEIGHT="46" WC="0.96" CONTENT="på"/><SP WIDTH="28" VPOS="324" HPOS="328"/>
							<String ID="string_11" HPOS="356" VPOS="325" WIDTH="182" HEIGHT="35" WC="0.96" CONTENT="sannolika"/><SP WIDTH="29" VPOS="325" HPOS="538"/>
							<String ID="string_12" HPOS="567" VPOS="325" WIDTH="77" HEIGHT="34" WC="0.93" CONTENT="skäl"/><SP WIDTH="26" VPOS="325" HPOS="644"/>
							<String ID="string_13" HPOS="670" VPOS="324" WIDTH="209" HEIGHT="35" WC="0.89" CONTENT="misstänkes"/><SP WIDTH="26" VPOS="324" HPOS="879"/>
							<String ID="string_14" HPOS="905" VPOS="323" WIDTH="54" HEIGHT="35" WC="0.96" CONTENT="för"/>
						</TextLine>
						<TextLine ID="line_3" HPOS="174" VPOS="375" WIDTH="783" HEIGHT="47">
							<String ID="string_15" HPOS="174" VPOS="380" WIDTH="107" HEIGHT="42" WC="0.93" CONTENT="brott,"/><SP WIDTH="28" VPOS="380" HPOS="281"/>
							<String ID="string_16" HPOS="309" VPOS="375" WIDTH="114" HEIGHT="38" WC="0.90" CONTENT="hvarå"/><SP WIDTH="18" VPOS="375" HPOS="423"/>
							<String ID="string_17" HPOS="441" VPOS="376" WIDTH="224" HEIGHT="35" WC="0.96" CONTENT="straffarbete"/><SP WIDTH="20" VPOS="376" HPOS="665"/>
							<String ID="string_18" HPOS="685" VPOS="375" WIDTH="109" HEIGHT="45" WC="0.96" CONTENT="enligt"/><SP WIDTH="18" VPOS="375" HPOS="794"/>
							<String ID="string_19" HPOS="812" VPOS="375" WIDTH="60" HEIGHT="44" WC="0.96" CONTENT="lag"/><SP WIDTH="14" VPOS="375" HPOS="872"/>
							<String ID="string_20" HPOS="886" VPOS="375" WIDTH="71" HEIGHT="34" WC="0.96" CONTENT="kan"/>
						</TextLine>
						<TextLine ID="line_4" HPOS="175" VPOS="426" WIDTH="783" HEIGHT="49">
							<String ID="string_21" HPOS="175" VPOS="430" WIDTH="98" HEIGHT="45" WC="0.96" CONTENT="följa,"/><SP WIDTH="30" VPOS="430" HPOS="273"/>
							<String ID="string_22" HPOS="303" VPOS="440" WIDTH="83" HEIGHT="34" WC="0.95" CONTENT="eger"/><SP WIDTH="31" VPOS="440" HPOS="386"/>
							<String ID="string_23" HPOS="417" VPOS="428" WIDTH="218" HEIGHT="44" WC="0.93" CONTENT="Konungens"/><SP WIDTH="27" VPOS="428" HPOS="635"/>
							<String ID="string_24" HPOS="662" VPOS="426" WIDTH="296" HEIGHT="44" WC="0.90" CONTENT="Befallningshaf-"/>
						</TextLine>
						<TextLine ID="line_5" HPOS="175" VPOS="478" WIDTH="783" HEIGHT="46">
							<String ID="string_25" HPOS="175" VPOS="482" WIDTH="125" HEIGHT="42" WC="0.95" CONTENT="vande,"/><SP WIDTH="41" VPOS="482" HPOS="300"/>
							<String ID="string_26" HPOS="341" VPOS="479" WIDTH="215" HEIGHT="45" WC="0.95" CONTENT="kronofogde"/><SP WIDTH="35" VPOS="479" HPOS="556"/>
							<String ID="string_27" HPOS="591" VPOS="479" WIDTH="84" HEIGHT="34" WC="0.96" CONTENT="eller"/><SP WIDTH="30" VPOS="479" HPOS="675"/>
							<String ID="string_28" HPOS="705" VPOS="478" WIDTH="253" HEIGHT="44" WC="0.96" CONTENT="polismästare,"/>
						</TextLine>
						<TextLine ID="line_6" HPOS="175" VPOS="530" WIDTH="784" HEIGHT="46">
							<String ID="string_29" HPOS="175" VPOS="535" WIDTH="65" HEIGHT="41" WC="0.96" CONTENT="att,"/><SP WIDTH="46" VPOS="535" HPOS="240"/>
							<String ID="string_30" HPOS="286" VPOS="532" WIDTH="61" HEIGHT="34" WC="0.96" CONTENT="der"/><SP WIDTH="45" VPOS="532" HPOS="347"/>
							<String ID="string_31" HPOS="392" VPOS="530" WIDTH="189" HEIGHT="44" WC="0.96" CONTENT="anledning"/><SP WIDTH="43" VPOS="530" HPOS="581"/>
							<String ID="string_32" HPOS="624" VPOS="530" WIDTH="232" HEIGHT="34" WC="0.95" CONTENT="förekommer"/><SP WIDTH="48" VPOS="530" HPOS="856"/>
							<String ID="string_33" HPOS="904" VPOS="531" WIDTH="55" HEIGHT="31" WC="0.91" CONTENT="att"/>
						</TextLine>
						<TextLine ID="line_7" HPOS="175" VPOS="580" WIDTH="787" HEIGHT="48">
							<String ID="string_34" HPOS="175" VPOS="584" WIDTH="214" HEIGHT="44" WC="0.96" CONTENT="handlingen"/><SP WIDTH="40" VPOS="584" HPOS="389"/>
							<String ID="string_35" HPOS="429" VPOS="583" WIDTH="73" HEIGHT="33" WC="0.96" CONTENT="kan"/><SP WIDTH="39" VPOS="583" HPOS="502"/>
							<String ID="string_36" HPOS="541" VPOS="581" WIDTH="98" HEIGHT="45" WC="0.96" CONTENT="tjena"/><SP WIDTH="28" VPOS="581" HPOS="639"/>
							<String ID="string_37" HPOS="667" VPOS="581" WIDTH="55" HEIGHT="34" WC="0.96" CONTENT="till"/><SP WIDTH="27" VPOS="581" HPOS="722"/>
							<String ID="string_38" HPOS="749" VPOS="580" WIDTH="213" HEIGHT="44" WC="0.96" CONTENT="upplysning"/>
						</TextLine>
						<TextLine ID="line_8" HPOS="177" VPOS="632" WIDTH="785" HEIGHT="45">
							<String ID="string_39" HPOS="177" VPOS="646" WIDTH="54" HEIGHT="24" WC="0.96" CONTENT="om"/><SP WIDTH="40" VPOS="646" HPOS="231"/>
							<String ID="string_40" HPOS="271" VPOS="636" WIDTH="143" HEIGHT="41" WC="0.89" CONTENT="brottet,"/><SP WIDTH="42" VPOS="636" HPOS="414"/>
							<String ID="string_41" HPOS="456" VPOS="632" WIDTH="176" HEIGHT="43" WC="0.96" CONTENT="förordna,"/><SP WIDTH="47" VPOS="632" HPOS="632"/>
							<String ID="string_42" HPOS="679" VPOS="634" WIDTH="53" HEIGHT="32" WC="0.95" CONTENT="att"/><SP WIDTH="41" VPOS="634" HPOS="732"/>
							<String ID="string_43" HPOS="773" VPOS="632" WIDTH="66" HEIGHT="33" WC="0.95" CONTENT="den"/><SP WIDTH="33" VPOS="632" HPOS="839"/>
							<String ID="string_44" HPOS="872" VPOS="632" WIDTH="90" HEIGHT="33" WC="0.96" CONTENT="skall"/>
						</TextLine>
						<TextLine ID="line_9" HPOS="176" VPOS="682" WIDTH="784" HEIGHT="48">
							<String ID="string_45" HPOS="176" VPOS="690" WIDTH="103" HEIGHT="40" WC="0.96" CONTENT="tagas"/><SP WIDTH="44" VPOS="690" HPOS="279"/>
							<String ID="string_46" HPOS="323" VPOS="686" WIDTH="12" HEIGHT="34" WC="0.96" CONTENT="i"/><SP WIDTH="40" VPOS="686" HPOS="335"/>
							<String ID="string_47" HPOS="375" VPOS="685" WIDTH="122" HEIGHT="34" WC="0.96" CONTENT="förvar"/><SP WIDTH="40" VPOS="685" HPOS="497"/>
							<String ID="string_48" HPOS="537" VPOS="687" WIDTH="90" HEIGHT="31" WC="0.93" CONTENT="emot"/><SP WIDTH="45" VPOS="687" HPOS="627"/>
							<String ID="string_49" HPOS="672" VPOS="682" WIDTH="194" HEIGHT="45" WC="0.90" CONTENT="qvittobref"/><SP WIDTH="41" VPOS="682" HPOS="866"/>
							<String ID="string_50" HPOS="907" VPOS="682" WIDTH="53" HEIGHT="34" WC="0.92" CONTENT="till"/>
						</TextLine>
						<TextLine ID="line_10" HPOS="176" VPOS="733" WIDTH="786" HEIGHT="49">
							<String ID="string_51" HPOS="176" VPOS="741" WIDTH="90" HEIGHT="41" WC="0.92" CONTENT="post-"/><SP WIDTH="55" VPOS="741" HPOS="266"/>
							<String ID="string_52" HPOS="321" VPOS="737" WIDTH="85" HEIGHT="34" WC="0.90" CONTENT="eller"/><SP WIDTH="45" VPOS="737" HPOS="406"/>
							<String ID="string_53" HPOS="451" VPOS="734" WIDTH="289" HEIGHT="45" WC="0.91" CONTENT="telegrafverket,"/><SP WIDTH="41" VPOS="734" HPOS="740"/>
							<String ID="string_54" HPOS="781" VPOS="733" WIDTH="181" HEIGHT="36" WC="0.95" CONTENT="hvarefter"/>
						</TextLine>
						<TextLine ID="line_11" HPOS="177" VPOS="782" WIDTH="787" HEIGHT="49">
							<String ID="string_55" HPOS="177" VPOS="789" WIDTH="77" HEIGHT="34" WC="0.96" CONTENT="med"/><SP WIDTH="28" VPOS="789" HPOS="254"/>
							<String ID="string_56" HPOS="282" VPOS="788" WIDTH="217" HEIGHT="43" WC="0.95" CONTENT="handlingen"/><SP WIDTH="27" VPOS="788" HPOS="499"/>
							<String ID="string_57" HPOS="526" VPOS="786" WIDTH="122" HEIGHT="35" WC="0.93" CONTENT="vidare"/><SP WIDTH="28" VPOS="786" HPOS="648"/>
							<String ID="string_58" HPOS="676" VPOS="785" WIDTH="150" HEIGHT="35" WC="0.91" CONTENT="förfares"/><SP WIDTH="14" VPOS="785" HPOS="826"/>
							<String ID="string_59" HPOS="840" VPOS="782" WIDTH="38" HEIGHT="37" WC="0.96" CONTENT="så"/><SP WIDTH="15" VPOS="782" HPOS="878"/>
							<String ID="string_60" HPOS="893" VPOS="794" WIDTH="71" HEIGHT="25" WC="0.96" CONTENT="som"/>
						</TextLine>
						<TextLine ID="line_12" HPOS="179" VPOS="838" WIDTH="258" HEIGHT="46">
							<String ID="string_61" HPOS="179" VPOS="840" WIDTH="11" HEIGHT="34" WC="0.95" CONTENT="i"/><SP WIDTH="31" VPOS="840" HPOS="190"/>
							<String ID="string_62" HPOS="221" VPOS="841" WIDTH="45" HEIGHT="33" WC="0.95" CONTENT="28"/><SP WIDTH="29" VPOS="841" HPOS="266"/>
							<String ID="string_63" HPOS="295" VPOS="838" WIDTH="22" HEIGHT="46" WC="0.55" CONTENT="8"/><SP WIDTH="30" VPOS="838" HPOS="317"/>
							<String ID="string_64" HPOS="347" VPOS="842" WIDTH="90" HEIGHT="40" WC="0.96" CONTENT="sägs."/>
						</TextLine>
					</TextBlock>
					<TextBlock ID="block_3" HPOS="178" VPOS="887" WIDTH="791" HEIGHT="201">
						<TextLine ID="line_13" HPOS="253" VPOS="887" WIDTH="707" HEIGHT="47">
							<String ID="string_65" HPOS="253" VPOS="889" WIDTH="80" HEIGHT="45" WC="0.96" CONTENT="Lag"/><SP WIDTH="40" VPOS="889" HPOS="333"/>
							<String ID="string_66" HPOS="373" VPOS="899" WIDTH="131" HEIGHT="25" WC="0.96" CONTENT="samma"/><SP WIDTH="40" VPOS="899" HPOS="504"/>
							<String ID="string_67" HPOS="544" VPOS="898" WIDTH="96" HEIGHT="34" WC="0.95" CONTENT="vare,"/><SP WIDTH="29" VPOS="898" HPOS="640"/>
							<String ID="string_68" HPOS="669" VPOS="888" WIDTH="61" HEIGHT="34" WC="0.97" CONTENT="der"/><SP WIDTH="26" VPOS="888" HPOS="730"/>
							<String ID="string_69" HPOS="756" VPOS="887" WIDTH="88" HEIGHT="44" WC="0.93" CONTENT="bref,"/><SP WIDTH="28" VPOS="887" HPOS="844"/>
							<String ID="string_70" HPOS="872" VPOS="890" WIDTH="88" HEIGHT="40" WC="0.92" CONTENT="post-"/>
						</TextLine>
						<TextLine ID="line_14" HPOS="178" VPOS="939" WIDTH="783" HEIGHT="45">
							<String ID="string_71" HPOS="178" VPOS="941" WIDTH="214" HEIGHT="35" WC="0.92" CONTENT="försändelse"/><SP WIDTH="45" VPOS="941" HPOS="392"/>
							<String ID="string_72" HPOS="437" VPOS="940" WIDTH="84" HEIGHT="34" WC="0.92" CONTENT="eller"/><SP WIDTH="44" VPOS="940" HPOS="521"/>
							<String ID="string_73" HPOS="565" VPOS="940" WIDTH="171" HEIGHT="44" WC="0.93" CONTENT="telegram"/><SP WIDTH="40" VPOS="940" HPOS="736"/>
							<String ID="string_74" HPOS="776" VPOS="939" WIDTH="185" HEIGHT="34" WC="0.90" CONTENT="inlemnats"/>
						</TextLine>
						<TextLine ID="line_15" HPOS="179" VPOS="989" WIDTH="790" HEIGHT="44">
							<String ID="string_75" HPOS="179" VPOS="992" WIDTH="40" HEIGHT="35" WC="0.96" CONTENT="af"/><SP WIDTH="44" VPOS="992" HPOS="219"/>
							<String ID="string_76" HPOS="263" VPOS="993" WIDTH="66" HEIGHT="34" WC="0.96" CONTENT="den"/><SP WIDTH="44" VPOS="993" HPOS="329"/>
							<String ID="string_77" HPOS="373" VPOS="992" WIDTH="54" HEIGHT="34" WC="0.96" CONTENT="för"/><SP WIDTH="39" VPOS="992" HPOS="427"/>
							<String ID="string_78" HPOS="466" VPOS="992" WIDTH="134" HEIGHT="33" WC="0.96" CONTENT="brottet"/><SP WIDTH="38" VPOS="992" HPOS="600"/>
							<String ID="string_79" HPOS="638" VPOS="990" WIDTH="208" HEIGHT="34" WC="0.96" CONTENT="misstänkte"/><SP WIDTH="40" VPOS="990" HPOS="846"/>
							<String ID="string_80" HPOS="886" VPOS="989" WIDTH="83" HEIGHT="44" WC="0.95" CONTENT="sjelf"/>
						</TextLine>
						<TextLine ID="line_16" HPOS="181" VPOS="1042" WIDTH="412" HEIGHT="46">
							<String ID="string_81" HPOS="181" VPOS="1045" WIDTH="85" HEIGHT="34" WC="0.96" CONTENT="eller"/><SP WIDTH="27" VPOS="1045" HPOS="266"/>
							<String ID="string_82" HPOS="293" VPOS="1054" WIDTH="124" HEIGHT="34" WC="0.96" CONTENT="genom"/><SP WIDTH="27" VPOS="1054" HPOS="417"/>
							<String ID="string_83" HPOS="444" VPOS="1042" WIDTH="149" HEIGHT="35" WC="0.96" CONTENT="biträde."/>
						</TextLine>
					</TextBlock>
				</ComposedBlock>
				<ComposedBlock ID="cblock_2" HPOS="1009" VPOS="267" WIDTH="793" HEIGHT="816">
					<TextBlock ID="block_4" HPOS="1225" VPOS="267" WIDTH="325" HEIGHT="41">
						<TextLine ID="line_17" HPOS="1225" VPOS="267" WIDTH="325" HEIGHT="41">
							<String ID="string_84" HPOS="1225" VPOS="270" WIDTH="171" HEIGHT="38" WC="0.96" CONTENT="(Utskottets"/><SP WIDTH="24" VPOS="270" HPOS="1396"/>
							<String ID="string_85" HPOS="1420" VPOS="267" WIDTH="130" HEIGHT="41" WC="0.96" CONTENT="förslag.)"/>
						</TextLine>
					</TextBlock>
					<TextBlock ID="block_5" HPOS="1009" VPOS="319" WIDTH="792" HEIGHT="561">
						<TextLine ID="line_18" HPOS="1012" VPOS="319" WIDTH="789" HEIGHT="47">
							<String ID="string_86" HPOS="1012" VPOS="333" WIDTH="71" HEIGHT="24" WC="0.95" CONTENT="som"/><SP WIDTH="37" VPOS="333" HPOS="1083"/>
							<String ID="string_87" HPOS="1120" VPOS="320" WIDTH="45" HEIGHT="46" WC="0.95" CONTENT="på"/><SP WIDTH="28" VPOS="320" HPOS="1165"/>
							<String ID="string_88" HPOS="1193" VPOS="321" WIDTH="183" HEIGHT="35" WC="0.96" CONTENT="sannolika"/><SP WIDTH="28" VPOS="321" HPOS="1376"/>
							<String ID="string_89" HPOS="1404" VPOS="321" WIDTH="77" HEIGHT="34" WC="0.93" CONTENT="skäl"/><SP WIDTH="27" VPOS="321" HPOS="1481"/>
							<String ID="string_90" HPOS="1508" VPOS="320" WIDTH="212" HEIGHT="34" WC="0.92" CONTENT="misstänkes"/><SP WIDTH="26" VPOS="320" HPOS="1720"/>
							<String ID="string_91" HPOS="1746" VPOS="319" WIDTH="55" HEIGHT="35" WC="0.96" CONTENT="för"/>
						</TextLine>
						<TextLine ID="line_19" HPOS="1009" VPOS="371" WIDTH="792" HEIGHT="47">
							<String ID="string_92" HPOS="1009" VPOS="375" WIDTH="107" HEIGHT="43" WC="0.93" CONTENT="brott,"/><SP WIDTH="28" VPOS="375" HPOS="1116"/>
							<String ID="string_93" HPOS="1144" VPOS="371" WIDTH="112" HEIGHT="38" WC="0.90" CONTENT="hvarå"/><SP WIDTH="16" VPOS="371" HPOS="1256"/>
							<String ID="string_94" HPOS="1272" VPOS="372" WIDTH="223" HEIGHT="35" WC="0.95" CONTENT="straffarbete"/><SP WIDTH="17" VPOS="372" HPOS="1495"/>
							<String ID="string_95" HPOS="1512" VPOS="371" WIDTH="110" HEIGHT="44" WC="0.96" CONTENT="enligt"/><SP WIDTH="29" VPOS="371" HPOS="1622"/>
							<String ID="string_96" HPOS="1651" VPOS="372" WIDTH="59" HEIGHT="44" WC="0.96" CONTENT="lag"/><SP WIDTH="19" VPOS="372" HPOS="1710"/>
							<String ID="string_97" HPOS="1729" VPOS="371" WIDTH="72" HEIGHT="34" WC="0.97" CONTENT="kan"/>
						</TextLine>
						<TextLine ID="line_20" HPOS="1012" VPOS="422" WIDTH="787" HEIGHT="48">
							<String ID="string_98" HPOS="1012" VPOS="426" WIDTH="97" HEIGHT="44" WC="0.93" CONTENT="följa,"/><SP WIDTH="43" VPOS="426" HPOS="1109"/>
							<String ID="string_99" HPOS="1152" VPOS="437" WIDTH="56" HEIGHT="32" WC="0.87" CONTENT="ege"/><SP WIDTH="39" VPOS="437" HPOS="1208"/>
							<String ID="string_100" HPOS="1247" VPOS="424" WIDTH="218" HEIGHT="43" WC="0.93" CONTENT="Konungens"/><SP WIDTH="32" VPOS="424" HPOS="1465"/>
							<String ID="string_101" HPOS="1497" VPOS="422" WIDTH="302" HEIGHT="44" WC="0.90" CONTENT="Befallningshaf-"/>
						</TextLine>
						<TextLine ID="line_21" HPOS="1014" VPOS="473" WIDTH="785" HEIGHT="47">
							<String ID="string_102" HPOS="1014" VPOS="477" WIDTH="124" HEIGHT="43" WC="0.94" CONTENT="vande,"/><SP WIDTH="41" VPOS="477" HPOS="1138"/>
							<String ID="string_103" HPOS="1179" VPOS="475" WIDTH="214" HEIGHT="44" WC="0.96" CONTENT="kronofogde"/><SP WIDTH="35" VPOS="475" HPOS="1393"/>
							<String ID="string_104" HPOS="1428" VPOS="475" WIDTH="84" HEIGHT="33" WC="0.95" CONTENT="eller"/><SP WIDTH="31" VPOS="475" HPOS="1512"/>
							<String ID="string_105" HPOS="1543" VPOS="473" WIDTH="256" HEIGHT="44" WC="0.96" CONTENT="polismästare,"/>
						</TextLine>
						<TextLine ID="line_22" HPOS="1012" VPOS="525" WIDTH="788" HEIGHT="46">
							<String ID="string_106" HPOS="1012" VPOS="530" WIDTH="64" HEIGHT="41" WC="0.96" CONTENT="att,"/><SP WIDTH="53" VPOS="530" HPOS="1076"/>
							<String ID="string_107" HPOS="1129" VPOS="528" WIDTH="60" HEIGHT="34" WC="0.96" CONTENT="der"/><SP WIDTH="45" VPOS="528" HPOS="1189"/>
							<String ID="string_108" HPOS="1234" VPOS="526" WIDTH="188" HEIGHT="44" WC="0.95" CONTENT="anledning"/><SP WIDTH="43" VPOS="526" HPOS="1422"/>
							<String ID="string_109" HPOS="1465" VPOS="525" WIDTH="233" HEIGHT="34" WC="0.96" CONTENT="förekommer"/><SP WIDTH="47" VPOS="525" HPOS="1698"/>
							<String ID="string_110" HPOS="1745" VPOS="527" WIDTH="55" HEIGHT="32" WC="0.95" CONTENT="att"/>
						</TextLine>
						<TextLine ID="line_23" HPOS="1013" VPOS="576" WIDTH="786" HEIGHT="47">
							<String ID="string_111" HPOS="1013" VPOS="579" WIDTH="214" HEIGHT="44" WC="0.96" CONTENT="handlingen"/><SP WIDTH="40" VPOS="579" HPOS="1227"/>
							<String ID="string_112" HPOS="1267" VPOS="578" WIDTH="71" HEIGHT="34" WC="0.96" CONTENT="kan"/><SP WIDTH="40" VPOS="578" HPOS="1338"/>
							<String ID="string_113" HPOS="1378" VPOS="577" WIDTH="98" HEIGHT="44" WC="0.96" CONTENT="tjena"/><SP WIDTH="27" VPOS="577" HPOS="1476"/>
							<String ID="string_114" HPOS="1503" VPOS="576" WIDTH="54" HEIGHT="35" WC="0.95" CONTENT="till"/><SP WIDTH="26" VPOS="576" HPOS="1557"/>
							<String ID="string_115" HPOS="1583" VPOS="576" WIDTH="216" HEIGHT="44" WC="0.96" CONTENT="upplysning"/>
						</TextLine>
						<TextLine ID="line_24" HPOS="1016" VPOS="627" WIDTH="782" HEIGHT="45">
							<String ID="string_116" HPOS="1016" VPOS="641" WIDTH="53" HEIGHT="23" WC="0.96" CONTENT="om"/><SP WIDTH="40" VPOS="641" HPOS="1069"/>
							<String ID="string_117" HPOS="1109" VPOS="631" WIDTH="143" HEIGHT="41" WC="0.92" CONTENT="brottet,"/><SP WIDTH="41" VPOS="631" HPOS="1252"/>
							<String ID="string_118" HPOS="1293" VPOS="628" WIDTH="177" HEIGHT="43" WC="0.96" CONTENT="förordna,"/><SP WIDTH="42" VPOS="628" HPOS="1470"/>
							<String ID="string_119" HPOS="1512" VPOS="630" WIDTH="54" HEIGHT="31" WC="0.96" CONTENT="att"/><SP WIDTH="40" VPOS="630" HPOS="1566"/>
							<String ID="string_120" HPOS="1606" VPOS="627" WIDTH="66" HEIGHT="34" WC="0.96" CONTENT="den"/><SP WIDTH="33" VPOS="627" HPOS="1672"/>
							<String ID="string_121" HPOS="1705" VPOS="627" WIDTH="93" HEIGHT="34" WC="0.95" CONTENT="skall"/>
						</TextLine>
						<TextLine ID="line_25" HPOS="1013" VPOS="678" WIDTH="786" HEIGHT="47">
							<String ID="string_122" HPOS="1013" VPOS="684" WIDTH="102" HEIGHT="41" WC="0.94" CONTENT="tagas"/><SP WIDTH="44" VPOS="684" HPOS="1115"/>
							<String ID="string_123" HPOS="1159" VPOS="681" WIDTH="13" HEIGHT="34" WC="0.94" CONTENT="i"/><SP WIDTH="45" VPOS="681" HPOS="1172"/>
							<String ID="string_124" HPOS="1217" VPOS="680" WIDTH="122" HEIGHT="35" WC="0.96" CONTENT="förvar"/><SP WIDTH="40" VPOS="680" HPOS="1339"/>
							<String ID="string_125" HPOS="1379" VPOS="682" WIDTH="91" HEIGHT="32" WC="0.93" CONTENT="emot"/><SP WIDTH="40" VPOS="682" HPOS="1470"/>
							<String ID="string_126" HPOS="1510" VPOS="678" WIDTH="195" HEIGHT="45" WC="0.90" CONTENT="qvittobref"/><SP WIDTH="38" VPOS="678" HPOS="1705"/>
							<String ID="string_127" HPOS="1743" VPOS="678" WIDTH="56" HEIGHT="34" WC="0.91" CONTENT="till"/>
						</TextLine>
						<TextLine ID="line_26" HPOS="1014" VPOS="729" WIDTH="784" HEIGHT="47">
							<String ID="string_128" HPOS="1014" VPOS="735" WIDTH="89" HEIGHT="41" WC="0.92" CONTENT="post-"/><SP WIDTH="54" VPOS="735" HPOS="1103"/>
							<String ID="string_129" HPOS="1157" VPOS="733" WIDTH="84" HEIGHT="34" WC="0.89" CONTENT="eller"/><SP WIDTH="44" VPOS="733" HPOS="1241"/>
							<String ID="string_130" HPOS="1285" VPOS="730" WIDTH="289" HEIGHT="45" WC="0.90" CONTENT="telegrafverket,"/><SP WIDTH="41" VPOS="730" HPOS="1574"/>
							<String ID="string_131" HPOS="1615" VPOS="729" WIDTH="183" HEIGHT="36" WC="0.96" CONTENT="hvarefter"/>
						</TextLine>
						<TextLine ID="line_27" HPOS="1017" VPOS="778" WIDTH="779" HEIGHT="49">
							<String ID="string_132" HPOS="1017" VPOS="784" WIDTH="77" HEIGHT="34" WC="0.96" CONTENT="med"/><SP WIDTH="26" VPOS="784" HPOS="1094"/>
							<String ID="string_133" HPOS="1120" VPOS="783" WIDTH="214" HEIGHT="44" WC="0.96" CONTENT="handlingen"/><SP WIDTH="28" VPOS="783" HPOS="1334"/>
							<String ID="string_134" HPOS="1362" VPOS="782" WIDTH="121" HEIGHT="35" WC="0.93" CONTENT="vidare"/><SP WIDTH="19" VPOS="782" HPOS="1483"/>
							<String ID="string_135" HPOS="1502" VPOS="780" WIDTH="149" HEIGHT="35" WC="0.91" CONTENT="förfares"/><SP WIDTH="21" VPOS="780" HPOS="1651"/>
							<String ID="string_136" HPOS="1672" VPOS="778" WIDTH="37" HEIGHT="37" WC="0.96" CONTENT="så"/><SP WIDTH="16" VPOS="778" HPOS="1709"/>
							<String ID="string_137" HPOS="1725" VPOS="790" WIDTH="71" HEIGHT="24" WC="0.96" CONTENT="som"/>
						</TextLine>
						<TextLine ID="line_28" HPOS="1016" VPOS="833" WIDTH="253" HEIGHT="47">
							<String ID="string_138" HPOS="1016" VPOS="835" WIDTH="11" HEIGHT="33" WC="0.94" CONTENT="i"/><SP WIDTH="29" VPOS="835" HPOS="1027"/>
							<String ID="string_139" HPOS="1056" VPOS="836" WIDTH="45" HEIGHT="33" WC="0.93" CONTENT="28"/><SP WIDTH="29" VPOS="836" HPOS="1101"/>
							<String ID="string_140" HPOS="1130" VPOS="833" WIDTH="22" HEIGHT="47" WC="0.79" CONTENT="8"/><SP WIDTH="28" VPOS="833" HPOS="1152"/>
							<String ID="string_141" HPOS="1180" VPOS="838" WIDTH="89" HEIGHT="40" WC="0.96" CONTENT="sägs."/>
						</TextLine>
					</TextBlock>
					<TextBlock ID="block_6" HPOS="1014" VPOS="882" WIDTH="788" HEIGHT="201">
						<TextLine ID="line_29" HPOS="1089" VPOS="882" WIDTH="709" HEIGHT="47">
							<String ID="string_142" HPOS="1089" VPOS="885" WIDTH="80" HEIGHT="44" WC="0.96" CONTENT="Lag"/><SP WIDTH="40" VPOS="885" HPOS="1169"/>
							<String ID="string_143" HPOS="1209" VPOS="895" WIDTH="131" HEIGHT="24" WC="0.94" CONTENT="samma"/><SP WIDTH="34" VPOS="895" HPOS="1340"/>
							<String ID="string_144" HPOS="1374" VPOS="894" WIDTH="97" HEIGHT="33" WC="0.94" CONTENT="vare,"/><SP WIDTH="34" VPOS="894" HPOS="1471"/>
							<String ID="string_145" HPOS="1505" VPOS="884" WIDTH="60" HEIGHT="34" WC="0.96" CONTENT="der"/><SP WIDTH="28" VPOS="884" HPOS="1565"/>
							<String ID="string_146" HPOS="1593" VPOS="882" WIDTH="87" HEIGHT="43" WC="0.91" CONTENT="bref,"/><SP WIDTH="28" VPOS="882" HPOS="1680"/>
							<String ID="string_147" HPOS="1708" VPOS="887" WIDTH="90" HEIGHT="39" WC="0.91" CONTENT="post-"/>
						</TextLine>
						<TextLine ID="line_30" HPOS="1014" VPOS="934" WIDTH="784" HEIGHT="45">
							<String ID="string_148" HPOS="1014" VPOS="937" WIDTH="212" HEIGHT="35" WC="0.95" CONTENT="försändelse"/><SP WIDTH="46" VPOS="937" HPOS="1226"/>
							<String ID="string_149" HPOS="1272" VPOS="936" WIDTH="84" HEIGHT="34" WC="0.95" CONTENT="eller"/><SP WIDTH="44" VPOS="936" HPOS="1356"/>
							<String ID="string_150" HPOS="1400" VPOS="936" WIDTH="168" HEIGHT="43" WC="0.92" CONTENT="telegram"/><SP WIDTH="44" VPOS="936" HPOS="1568"/>
							<String ID="string_151" HPOS="1612" VPOS="934" WIDTH="186" HEIGHT="34" WC="0.92" CONTENT="inlemnats"/>
						</TextLine>
						<TextLine ID="line_31" HPOS="1019" VPOS="983" WIDTH="783" HEIGHT="46">
							<String ID="string_152" HPOS="1019" VPOS="988" WIDTH="38" HEIGHT="35" WC="0.96" CONTENT="af"/><SP WIDTH="42" VPOS="988" HPOS="1057"/>
							<String ID="string_153" HPOS="1099" VPOS="988" WIDTH="66" HEIGHT="34" WC="0.96" CONTENT="den"/><SP WIDTH="40" VPOS="988" HPOS="1165"/>
							<String ID="string_154" HPOS="1205" VPOS="988" WIDTH="54" HEIGHT="33" WC="0.96" CONTENT="för"/><SP WIDTH="39" VPOS="988" HPOS="1259"/>
							<String ID="string_155" HPOS="1298" VPOS="987" WIDTH="131" HEIGHT="34" WC="0.95" CONTENT="brottet"/><SP WIDTH="42" VPOS="987" HPOS="1429"/>
							<String ID="string_156" HPOS="1471" VPOS="986" WIDTH="207" HEIGHT="34" WC="0.93" CONTENT="misstänkte"/><SP WIDTH="41" VPOS="986" HPOS="1678"/>
							<String ID="string_157" HPOS="1719" VPOS="983" WIDTH="83" HEIGHT="46" WC="0.93" CONTENT="sjelf"/>
						</TextLine>
						<TextLine ID="line_32" HPOS="1018" VPOS="1038" WIDTH="408" HEIGHT="45">
							<String ID="string_158" HPOS="1018" VPOS="1040" WIDTH="84" HEIGHT="34" WC="0.96" CONTENT="eller"/><SP WIDTH="27" VPOS="1040" HPOS="1102"/>
							<String ID="string_159" HPOS="1129" VPOS="1049" WIDTH="123" HEIGHT="34" WC="0.96" CONTENT="genom"/><SP WIDTH="27" VPOS="1049" HPOS="1252"/>
							<String ID="string_160" HPOS="1279" VPOS="1038" WIDTH="147" HEIGHT="35" WC="0.96" CONTENT="biträde."/>
						</TextLine>
					</TextBlock>
				</ComposedBlock>
				<ComposedBlock ID="cblock_3" HPOS="941" VPOS="1209" WIDTH="106" HEIGHT="46">
					<TextBlock ID="block_7" HPOS="941" VPOS="1209" WIDTH="106" HEIGHT="46">
						<TextLine ID="line_33" HPOS="941" VPOS="1209" WIDTH="106" HEIGHT="46">
							<String ID="string_161" HPOS="941" VPOS="1212" WIDTH="43" HEIGHT="34" WC="0.94" CONTENT="31"/><SP WIDTH="30" VPOS="1212" HPOS="984"/>
							<String ID="string_162" HPOS="1014" VPOS="1209" WIDTH="33" HEIGHT="46" WC="0.88" CONTENT="8."/>
						</TextLine>
					</TextBlock>
				</ComposedBlock>
				<ComposedBlock ID="cblock_4" HPOS="181" VPOS="1290" WIDTH="1616" HEIGHT="616">
					<TextBlock ID="block_8" HPOS="181" VPOS="1290" WIDTH="1614" HEIGHT="307">
						<TextLine ID="line_34" HPOS="308" VPOS="1290" WIDTH="1486" HEIGHT="53">
							<String ID="string_163" HPOS="308" VPOS="1299" WIDTH="195" HEIGHT="44" WC="0.96" CONTENT="Handling,"/><SP WIDTH="29" VPOS="1299" HPOS="503"/>
							<String ID="string_164" HPOS="532" VPOS="1308" WIDTH="73" HEIGHT="25" WC="0.96" CONTENT="som"/><SP WIDTH="28" VPOS="1308" HPOS="605"/>
							<String ID="string_165" HPOS="633" VPOS="1298" WIDTH="110" HEIGHT="44" WC="0.96" CONTENT="tagits"/><SP WIDTH="27" VPOS="1298" HPOS="743"/>
							<String ID="string_166" HPOS="770" VPOS="1298" WIDTH="12" HEIGHT="34" WC="0.96" CONTENT="i"/><SP WIDTH="27" VPOS="1298" HPOS="782"/>
							<String ID="string_167" HPOS="809" VPOS="1297" WIDTH="131" HEIGHT="43" WC="0.96" CONTENT="förvar,"/><SP WIDTH="30" VPOS="1297" HPOS="940"/>
							<String ID="string_168" HPOS="970" VPOS="1297" WIDTH="110" HEIGHT="44" WC="0.96" CONTENT="enligt"/><SP WIDTH="26" VPOS="1297" HPOS="1080"/>
							<String ID="string_169" HPOS="1106" VPOS="1295" WIDTH="95" HEIGHT="34" WC="0.96" CONTENT="hvad"/><SP WIDTH="28" VPOS="1295" HPOS="1201"/>
							<String ID="string_170" HPOS="1229" VPOS="1295" WIDTH="12" HEIGHT="34" WC="0.96" CONTENT="i"/><SP WIDTH="28" VPOS="1295" HPOS="1241"/>
							<String ID="string_171" HPOS="1269" VPOS="1296" WIDTH="58" HEIGHT="42" WC="0.96" CONTENT="28,"/><SP WIDTH="31" VPOS="1296" HPOS="1327"/>
							<String ID="string_172" HPOS="1358" VPOS="1295" WIDTH="44" HEIGHT="33" WC="0.96" CONTENT="29"/><SP WIDTH="31" VPOS="1295" HPOS="1402"/>
							<String ID="string_173" HPOS="1433" VPOS="1293" WIDTH="85" HEIGHT="34" WC="0.95" CONTENT="eller"/><SP WIDTH="20" VPOS="1293" HPOS="1518"/>
							<String ID="string_174" HPOS="1538" VPOS="1293" WIDTH="46" HEIGHT="33" WC="0.93" CONTENT="30"/><SP WIDTH="17" VPOS="1293" HPOS="1584"/>
							<String ID="string_175" HPOS="1601" VPOS="1290" WIDTH="21" HEIGHT="46" WC="0.91" CONTENT="$"/><SP WIDTH="16" VPOS="1290" HPOS="1622"/>
							<String ID="string_176" HPOS="1638" VPOS="1292" WIDTH="156" HEIGHT="43" WC="0.95" CONTENT="stadgas,"/>
						</TextLine>
						<TextLine ID="line_35" HPOS="181" VPOS="1342" WIDTH="1613" HEIGHT="53">
							<String ID="string_177" HPOS="181" VPOS="1352" WIDTH="103" HEIGHT="43" WC="0.96" CONTENT="skall,"/><SP WIDTH="30" VPOS="1352" HPOS="284"/>
							<String ID="string_178" HPOS="314" VPOS="1349" WIDTH="39" HEIGHT="36" WC="0.96" CONTENT="så"/><SP WIDTH="26" VPOS="1349" HPOS="353"/>
							<String ID="string_179" HPOS="379" VPOS="1352" WIDTH="100" HEIGHT="32" WC="0.96" CONTENT="snart"/><SP WIDTH="27" VPOS="1352" HPOS="479"/>
							<String ID="string_180" HPOS="506" VPOS="1351" WIDTH="62" HEIGHT="33" WC="0.96" CONTENT="ske"/><SP WIDTH="28" VPOS="1351" HPOS="568"/>
							<String ID="string_181" HPOS="596" VPOS="1350" WIDTH="83" HEIGHT="43" WC="0.96" CONTENT="kan,"/><SP WIDTH="30" VPOS="1350" HPOS="679"/>
							<String ID="string_182" HPOS="709" VPOS="1352" WIDTH="131" HEIGHT="40" WC="0.96" CONTENT="öppnas"/><SP WIDTH="28" VPOS="1352" HPOS="840"/>
							<String ID="string_183" HPOS="868" VPOS="1348" WIDTH="63" HEIGHT="34" WC="0.96" CONTENT="och"/><SP WIDTH="28" VPOS="1348" HPOS="931"/>
							<String ID="string_184" HPOS="959" VPOS="1347" WIDTH="226" HEIGHT="35" WC="0.93" CONTENT="undersökas."/><SP WIDTH="54" VPOS="1347" HPOS="1185"/>
							<String ID="string_185" HPOS="1239" VPOS="1344" WIDTH="131" HEIGHT="35" WC="0.95" CONTENT="Finnes"/><SP WIDTH="27" VPOS="1344" HPOS="1370"/>
							<String ID="string_186" HPOS="1397" VPOS="1344" WIDTH="58" HEIGHT="36" WC="0.95" CONTENT="vid"/><SP WIDTH="19" VPOS="1344" HPOS="1455"/>
							<String ID="string_187" HPOS="1474" VPOS="1342" WIDTH="320" HEIGHT="44" WC="0.96" CONTENT="undersökningen,"/>
						</TextLine>
						<TextLine ID="line_36" HPOS="182" VPOS="1395" WIDTH="1612" HEIGHT="50">
							<String ID="string_188" HPOS="182" VPOS="1405" WIDTH="54" HEIGHT="32" WC="0.95" CONTENT="att"/><SP WIDTH="26" VPOS="1405" HPOS="236"/>
							<String ID="string_189" HPOS="262" VPOS="1402" WIDTH="215" HEIGHT="43" WC="0.95" CONTENT="handlingen"/><SP WIDTH="38" VPOS="1402" HPOS="477"/>
							<String ID="string_190" HPOS="515" VPOS="1401" WIDTH="30" HEIGHT="44" WC="0.96" CONTENT="ej"/><SP WIDTH="30" VPOS="1401" HPOS="545"/>
							<String ID="string_191" HPOS="575" VPOS="1404" WIDTH="41" HEIGHT="31" WC="0.96" CONTENT="är"/><SP WIDTH="28" VPOS="1404" HPOS="616"/>
							<String ID="string_192" HPOS="644" VPOS="1400" WIDTH="38" HEIGHT="34" WC="0.96" CONTENT="af"/><SP WIDTH="24" VPOS="1400" HPOS="682"/>
							<String ID="string_193" HPOS="706" VPOS="1400" WIDTH="112" HEIGHT="34" WC="0.96" CONTENT="nöden"/><SP WIDTH="27" VPOS="1400" HPOS="818"/>
							<String ID="string_194" HPOS="845" VPOS="1399" WIDTH="54" HEIGHT="34" WC="0.96" CONTENT="för"/><SP WIDTH="27" VPOS="1399" HPOS="899"/>
							<String ID="string_195" HPOS="926" VPOS="1399" WIDTH="185" HEIGHT="43" WC="0.96" CONTENT="bevisning"/><SP WIDTH="28" VPOS="1399" HPOS="1111"/>
							<String ID="string_196" HPOS="1139" VPOS="1408" WIDTH="53" HEIGHT="23" WC="0.94" CONTENT="om"/><SP WIDTH="28" VPOS="1408" HPOS="1192"/>
							<String ID="string_197" HPOS="1220" VPOS="1398" WIDTH="143" HEIGHT="41" WC="0.94" CONTENT="brottet,"/><SP WIDTH="30" VPOS="1398" HPOS="1363"/>
							<String ID="string_198" HPOS="1393" VPOS="1395" WIDTH="91" HEIGHT="34" WC="0.95" CONTENT="skall"/><SP WIDTH="27" VPOS="1395" HPOS="1484"/>
							<String ID="string_199" HPOS="1511" VPOS="1395" WIDTH="200" HEIGHT="33" WC="0.93" CONTENT="densamma"/><SP WIDTH="28" VPOS="1395" HPOS="1711"/>
							<String ID="string_200" HPOS="1739" VPOS="1404" WIDTH="55" HEIGHT="33" WC="0.89" CONTENT="ge-"/>
						</TextLine>
						<TextLine ID="line_37" HPOS="182" VPOS="1445" WIDTH="1613" HEIGHT="48">
							<String ID="string_201" HPOS="182" VPOS="1456" WIDTH="82" HEIGHT="32" WC="0.93" CONTENT="nast"/><SP WIDTH="40" VPOS="1456" HPOS="264"/>
							<String ID="string_202" HPOS="304" VPOS="1451" WIDTH="212" HEIGHT="36" WC="0.92" CONTENT="återlemnas"/><SP WIDTH="39" VPOS="1451" HPOS="516"/>
							<String ID="string_203" HPOS="555" VPOS="1452" WIDTH="55" HEIGHT="34" WC="0.96" CONTENT="till"/><SP WIDTH="41" VPOS="1452" HPOS="610"/>
							<String ID="string_204" HPOS="651" VPOS="1451" WIDTH="77" HEIGHT="42" WC="0.96" CONTENT="den,"/><SP WIDTH="41" VPOS="1451" HPOS="728"/>
							<String ID="string_205" HPOS="769" VPOS="1451" WIDTH="63" HEIGHT="34" WC="0.96" CONTENT="hos"/><SP WIDTH="40" VPOS="1451" HPOS="832"/>
							<String ID="string_206" HPOS="872" VPOS="1450" WIDTH="144" HEIGHT="35" WC="0.95" CONTENT="hvilken"/><SP WIDTH="28" VPOS="1450" HPOS="1016"/>
							<String ID="string_207" HPOS="1044" VPOS="1450" WIDTH="66" HEIGHT="34" WC="0.96" CONTENT="den"/><SP WIDTH="33" VPOS="1450" HPOS="1110"/>
							<String ID="string_208" HPOS="1143" VPOS="1447" WIDTH="197" HEIGHT="43" WC="0.96" CONTENT="anträffats,"/><SP WIDTH="30" VPOS="1447" HPOS="1340"/>
							<String ID="string_209" HPOS="1370" VPOS="1447" WIDTH="94" HEIGHT="43" WC="0.96" CONTENT="eller,"/><SP WIDTH="30" VPOS="1447" HPOS="1464"/>
							<String ID="string_210" HPOS="1494" VPOS="1446" WIDTH="60" HEIGHT="34" WC="0.96" CONTENT="der"/><SP WIDTH="26" VPOS="1446" HPOS="1554"/>
							<String ID="string_211" HPOS="1580" VPOS="1445" WIDTH="215" HEIGHT="43" WC="0.95" CONTENT="handlingen"/>
						</TextLine>
						<TextLine ID="line_38" HPOS="181" VPOS="1496" WIDTH="1614" HEIGHT="53">
							<String ID="string_212" HPOS="181" VPOS="1505" WIDTH="113" HEIGHT="44" WC="0.96" CONTENT="tagits"/><SP WIDTH="28" VPOS="1505" HPOS="294"/>
							<String ID="string_213" HPOS="322" VPOS="1504" WIDTH="11" HEIGHT="34" WC="0.96" CONTENT="i"/><SP WIDTH="28" VPOS="1504" HPOS="333"/>
							<String ID="string_214" HPOS="361" VPOS="1503" WIDTH="122" HEIGHT="35" WC="0.96" CONTENT="förvar"/><SP WIDTH="27" VPOS="1503" HPOS="483"/>
							<String ID="string_215" HPOS="510" VPOS="1504" WIDTH="63" HEIGHT="33" WC="0.93" CONTENT="hos"/><SP WIDTH="27" VPOS="1504" HPOS="573"/>
							<String ID="string_216" HPOS="600" VPOS="1505" WIDTH="90" HEIGHT="41" WC="0.92" CONTENT="post-"/><SP WIDTH="30" VPOS="1505" HPOS="690"/>
							<String ID="string_217" HPOS="720" VPOS="1502" WIDTH="84" HEIGHT="34" WC="0.93" CONTENT="eller"/><SP WIDTH="26" VPOS="1502" HPOS="804"/>
							<String ID="string_218" HPOS="830" VPOS="1501" WIDTH="297" HEIGHT="44" WC="0.92" CONTENT="telegrafanstalt,"/><SP WIDTH="30" VPOS="1501" HPOS="1127"/>
							<String ID="string_219" HPOS="1157" VPOS="1499" WIDTH="51" HEIGHT="34" WC="0.96" CONTENT="dit"/><SP WIDTH="27" VPOS="1499" HPOS="1208"/>
							<String ID="string_220" HPOS="1235" VPOS="1496" WIDTH="200" HEIGHT="37" WC="0.96" CONTENT="återställas"/><SP WIDTH="28" VPOS="1496" HPOS="1435"/>
							<String ID="string_221" HPOS="1463" VPOS="1497" WIDTH="54" HEIGHT="35" WC="0.96" CONTENT="för"/><SP WIDTH="28" VPOS="1497" HPOS="1517"/>
							<String ID="string_222" HPOS="1545" VPOS="1498" WIDTH="51" HEIGHT="33" WC="0.93" CONTENT="att"/><SP WIDTH="18" VPOS="1498" HPOS="1596"/>
							<String ID="string_223" HPOS="1614" VPOS="1496" WIDTH="181" HEIGHT="36" WC="0.90" CONTENT="öfverlem-"/>
						</TextLine>
						<TextLine ID="line_39" HPOS="183" VPOS="1552" WIDTH="1219" HEIGHT="45">
							<String ID="string_224" HPOS="183" VPOS="1567" WIDTH="64" HEIGHT="23" WC="0.96" CONTENT="nas"/><SP WIDTH="28" VPOS="1567" HPOS="247"/>
							<String ID="string_225" HPOS="275" VPOS="1553" WIDTH="37" HEIGHT="37" WC="0.96" CONTENT="åt"/><SP WIDTH="27" VPOS="1553" HPOS="312"/>
							<String ID="string_226" HPOS="339" VPOS="1556" WIDTH="78" HEIGHT="41" WC="0.95" CONTENT="den,"/><SP WIDTH="28" VPOS="1556" HPOS="417"/>
							<String ID="string_227" HPOS="445" VPOS="1555" WIDTH="146" HEIGHT="34" WC="0.96" CONTENT="hvilken"/><SP WIDTH="27" VPOS="1555" HPOS="591"/>
							<String ID="string_228" HPOS="618" VPOS="1558" WIDTH="40" HEIGHT="30" WC="0.96" CONTENT="är"/><SP WIDTH="27" VPOS="1558" HPOS="658"/>
							<String ID="string_229" HPOS="685" VPOS="1553" WIDTH="201" HEIGHT="43" WC="0.95" CONTENT="berättigad"/><SP WIDTH="28" VPOS="1553" HPOS="886"/>
							<String ID="string_230" HPOS="914" VPOS="1555" WIDTH="53" HEIGHT="31" WC="0.96" CONTENT="att"/><SP WIDTH="27" VPOS="1555" HPOS="967"/>
							<String ID="string_231" HPOS="994" VPOS="1552" WIDTH="213" HEIGHT="43" WC="0.96" CONTENT="handlingen"/><SP WIDTH="28" VPOS="1552" HPOS="1207"/>
							<String ID="string_232" HPOS="1235" VPOS="1552" WIDTH="167" HEIGHT="41" WC="0.96" CONTENT="mottaga."/>
						</TextLine>
					</TextBlock>
					<TextBlock ID="block_9" HPOS="184" VPOS="1597" WIDTH="1613" HEIGHT="309">
						<TextLine ID="line_40" HPOS="311" VPOS="1597" WIDTH="1482" HEIGHT="51">
							<String ID="string_233" HPOS="311" VPOS="1605" WIDTH="132" HEIGHT="34" WC="0.96" CONTENT="Finner"/><SP WIDTH="41" VPOS="1605" HPOS="443"/>
							<String ID="string_234" HPOS="484" VPOS="1606" WIDTH="76" HEIGHT="42" WC="0.95" CONTENT="den,"/><SP WIDTH="30" VPOS="1606" HPOS="560"/>
							<String ID="string_235" HPOS="590" VPOS="1615" WIDTH="70" HEIGHT="23" WC="0.96" CONTENT="som"/><SP WIDTH="35" VPOS="1615" HPOS="660"/>
							<String ID="string_236" HPOS="695" VPOS="1604" WIDTH="304" HEIGHT="43" WC="0.96" CONTENT="undersökningen"/><SP WIDTH="28" VPOS="1604" HPOS="999"/>
							<String ID="string_237" HPOS="1027" VPOS="1602" WIDTH="184" HEIGHT="42" WC="0.96" CONTENT="förrättar,"/><SP WIDTH="30" VPOS="1602" HPOS="1211"/>
							<String ID="string_238" HPOS="1241" VPOS="1603" WIDTH="54" HEIGHT="32" WC="0.96" CONTENT="att"/><SP WIDTH="26" VPOS="1603" HPOS="1295"/>
							<String ID="string_239" HPOS="1321" VPOS="1599" WIDTH="88" HEIGHT="43" WC="0.96" CONTENT="bref,"/><SP WIDTH="31" VPOS="1599" HPOS="1409"/>
							<String ID="string_240" HPOS="1440" VPOS="1608" WIDTH="117" HEIGHT="25" WC="0.93" CONTENT="annan"/><SP WIDTH="27" VPOS="1608" HPOS="1557"/>
							<String ID="string_241" HPOS="1584" VPOS="1597" WIDTH="209" HEIGHT="44" WC="0.91" CONTENT="postförsän-"/>
						</TextLine>
						<TextLine ID="line_41" HPOS="185" VPOS="1649" WIDTH="1611" HEIGHT="51">
							<String ID="string_242" HPOS="185" VPOS="1658" WIDTH="94" HEIGHT="34" WC="0.96" CONTENT="delse"/><SP WIDTH="41" VPOS="1658" HPOS="279"/>
							<String ID="string_243" HPOS="320" VPOS="1657" WIDTH="84" HEIGHT="34" WC="0.96" CONTENT="eller"/><SP WIDTH="40" VPOS="1657" HPOS="404"/>
							<String ID="string_244" HPOS="444" VPOS="1657" WIDTH="183" HEIGHT="43" WC="0.96" CONTENT="telegram,"/><SP WIDTH="42" VPOS="1657" HPOS="627"/>
							<String ID="string_245" HPOS="669" VPOS="1665" WIDTH="71" HEIGHT="24" WC="0.96" CONTENT="som"/><SP WIDTH="27" VPOS="1665" HPOS="740"/>
							<String ID="string_246" HPOS="767" VPOS="1655" WIDTH="109" HEIGHT="44" WC="0.96" CONTENT="tagits"/><SP WIDTH="27" VPOS="1655" HPOS="876"/>
							<String ID="string_247" HPOS="903" VPOS="1654" WIDTH="12" HEIGHT="34" WC="0.96" CONTENT="i"/><SP WIDTH="26" VPOS="1654" HPOS="915"/>
							<String ID="string_248" HPOS="941" VPOS="1653" WIDTH="121" HEIGHT="35" WC="0.96" CONTENT="förvar"/><SP WIDTH="26" VPOS="1653" HPOS="1062"/>
							<String ID="string_249" HPOS="1088" VPOS="1653" WIDTH="63" HEIGHT="34" WC="0.92" CONTENT="hos"/><SP WIDTH="27" VPOS="1653" HPOS="1151"/>
							<String ID="string_250" HPOS="1178" VPOS="1654" WIDTH="89" HEIGHT="42" WC="0.92" CONTENT="post-"/><SP WIDTH="29" VPOS="1654" HPOS="1267"/>
							<String ID="string_251" HPOS="1296" VPOS="1651" WIDTH="84" HEIGHT="35" WC="0.93" CONTENT="eller"/><SP WIDTH="28" VPOS="1651" HPOS="1380"/>
							<String ID="string_252" HPOS="1408" VPOS="1649" WIDTH="296" HEIGHT="46" WC="0.92" CONTENT="telegrafanstalt,"/><SP WIDTH="29" VPOS="1649" HPOS="1704"/>
							<String ID="string_253" HPOS="1733" VPOS="1649" WIDTH="63" HEIGHT="34" WC="0.96" CONTENT="bör"/>
						</TextLine>
						<TextLine ID="line_42" HPOS="184" VPOS="1701" WIDTH="1611" HEIGHT="51">
							<String ID="string_254" HPOS="184" VPOS="1709" WIDTH="124" HEIGHT="35" WC="0.93" CONTENT="vidare"/><SP WIDTH="41" VPOS="1709" HPOS="308"/>
							<String ID="string_255" HPOS="349" VPOS="1705" WIDTH="213" HEIGHT="47" WC="0.84" CONTENT="qvarhållas,"/><SP WIDTH="43" VPOS="1705" HPOS="562"/>
							<String ID="string_256" HPOS="605" VPOS="1716" WIDTH="79" HEIGHT="25" WC="0.96" CONTENT="men"/><SP WIDTH="33" VPOS="1716" HPOS="684"/>
							<String ID="string_257" HPOS="717" VPOS="1709" WIDTH="54" HEIGHT="31" WC="0.96" CONTENT="att"/><SP WIDTH="27" VPOS="1709" HPOS="771"/>
							<String ID="string_258" HPOS="798" VPOS="1706" WIDTH="76" HEIGHT="43" WC="0.96" CONTENT="den,"/><SP WIDTH="30" VPOS="1706" HPOS="874"/>
							<String ID="string_259" HPOS="904" VPOS="1705" WIDTH="55" HEIGHT="34" WC="0.96" CONTENT="till"/><SP WIDTH="26" VPOS="1705" HPOS="959"/>
							<String ID="string_260" HPOS="985" VPOS="1705" WIDTH="145" HEIGHT="35" WC="0.96" CONTENT="hvilken"/><SP WIDTH="28" VPOS="1705" HPOS="1130"/>
							<String ID="string_261" HPOS="1158" VPOS="1703" WIDTH="212" HEIGHT="42" WC="0.96" CONTENT="handlingen"/><SP WIDTH="29" VPOS="1703" HPOS="1370"/>
							<String ID="string_262" HPOS="1399" VPOS="1705" WIDTH="40" HEIGHT="31" WC="0.93" CONTENT="är"/><SP WIDTH="27" VPOS="1705" HPOS="1439"/>
							<String ID="string_263" HPOS="1466" VPOS="1701" WIDTH="102" HEIGHT="43" WC="0.92" CONTENT="stäld,"/><SP WIDTH="29" VPOS="1701" HPOS="1568"/>
							<String ID="string_264" HPOS="1597" VPOS="1701" WIDTH="82" HEIGHT="42" WC="0.96" CONTENT="kan,"/><SP WIDTH="28" VPOS="1701" HPOS="1679"/>
							<String ID="string_265" HPOS="1707" VPOS="1702" WIDTH="88" HEIGHT="32" WC="0.96" CONTENT="utan"/>
						</TextLine>
						<TextLine ID="line_43" HPOS="184" VPOS="1749" WIDTH="1610" HEIGHT="50">
							<String ID="string_266" HPOS="184" VPOS="1770" WIDTH="78" HEIGHT="24" WC="0.95" CONTENT="men"/><SP WIDTH="28" VPOS="1770" HPOS="262"/>
							<String ID="string_267" HPOS="290" VPOS="1759" WIDTH="54" HEIGHT="34" WC="0.96" CONTENT="för"/><SP WIDTH="28" VPOS="1759" HPOS="344"/>
							<String ID="string_268" HPOS="372" VPOS="1759" WIDTH="65" HEIGHT="34" WC="0.96" CONTENT="den"/><SP WIDTH="28" VPOS="1759" HPOS="437"/>
							<String ID="string_269" HPOS="465" VPOS="1757" WIDTH="253" HEIGHT="36" WC="0.96" CONTENT="förberedande"/><SP WIDTH="28" VPOS="1757" HPOS="718"/>
							<String ID="string_270" HPOS="746" VPOS="1756" WIDTH="305" HEIGHT="43" WC="0.96" CONTENT="undersökningen"/><SP WIDTH="29" VPOS="1756" HPOS="1051"/>
							<String ID="string_271" HPOS="1080" VPOS="1756" WIDTH="84" HEIGHT="33" WC="0.96" CONTENT="eller"/><SP WIDTH="27" VPOS="1756" HPOS="1164"/>
							<String ID="string_272" HPOS="1191" VPOS="1754" WIDTH="54" HEIGHT="34" WC="0.92" CONTENT="för"/><SP WIDTH="27" VPOS="1754" HPOS="1245"/>
							<String ID="string_273" HPOS="1272" VPOS="1753" WIDTH="273" HEIGHT="44" WC="0.92" CONTENT="ransakningen,"/><SP WIDTH="18" VPOS="1753" HPOS="1545"/>
							<String ID="string_274" HPOS="1563" VPOS="1749" WIDTH="133" HEIGHT="36" WC="0.93" CONTENT="erhålla"/><SP WIDTH="14" VPOS="1749" HPOS="1696"/>
							<String ID="string_275" HPOS="1710" VPOS="1752" WIDTH="84" HEIGHT="33" WC="0.92" CONTENT="kän-"/>
						</TextLine>
						<TextLine ID="line_44" HPOS="184" VPOS="1800" WIDTH="1613" HEIGHT="53">
							<String ID="string_276" HPOS="184" VPOS="1811" WIDTH="122" HEIGHT="34" WC="0.92" CONTENT="nedom"/><SP WIDTH="29" VPOS="1811" HPOS="306"/>
							<String ID="string_277" HPOS="335" VPOS="1820" WIDTH="54" HEIGHT="24" WC="0.95" CONTENT="om"/><SP WIDTH="27" VPOS="1820" HPOS="389"/>
							<String ID="string_278" HPOS="416" VPOS="1809" WIDTH="214" HEIGHT="44" WC="0.95" CONTENT="handlingen"/><SP WIDTH="27" VPOS="1809" HPOS="630"/>
							<String ID="string_279" HPOS="657" VPOS="1808" WIDTH="12" HEIGHT="33" WC="0.96" CONTENT="i"/><SP WIDTH="28" VPOS="1808" HPOS="669"/>
							<String ID="string_280" HPOS="697" VPOS="1808" WIDTH="78" HEIGHT="35" WC="0.96" CONTENT="dess"/><SP WIDTH="27" VPOS="1808" HPOS="775"/>
							<String ID="string_281" HPOS="802" VPOS="1808" WIDTH="118" HEIGHT="34" WC="0.96" CONTENT="helhet"/><SP WIDTH="29" VPOS="1808" HPOS="920"/>
							<String ID="string_282" HPOS="949" VPOS="1808" WIDTH="84" HEIGHT="33" WC="0.95" CONTENT="eller"/><SP WIDTH="27" VPOS="1808" HPOS="1033"/>
							<String ID="string_283" HPOS="1060" VPOS="1807" WIDTH="55" HEIGHT="34" WC="0.96" CONTENT="till"/><SP WIDTH="25" VPOS="1807" HPOS="1115"/>
							<String ID="string_284" HPOS="1140" VPOS="1804" WIDTH="116" HEIGHT="45" WC="0.96" CONTENT="någon"/><SP WIDTH="28" VPOS="1804" HPOS="1256"/>
							<String ID="string_285" HPOS="1284" VPOS="1805" WIDTH="66" HEIGHT="42" WC="0.95" CONTENT="del,"/><SP WIDTH="29" VPOS="1805" HPOS="1350"/>
							<String ID="string_286" HPOS="1379" VPOS="1804" WIDTH="91" HEIGHT="35" WC="0.95" CONTENT="skall"/><SP WIDTH="17" VPOS="1804" HPOS="1470"/>
							<String ID="string_287" HPOS="1487" VPOS="1800" WIDTH="193" HEIGHT="38" WC="0.96" CONTENT="innehållet"/><SP WIDTH="16" VPOS="1800" HPOS="1680"/>
							<String ID="string_288" HPOS="1696" VPOS="1801" WIDTH="101" HEIGHT="35" WC="0.96" CONTENT="deraf"/>
						</TextLine>
						<TextLine ID="line_45" HPOS="184" VPOS="1856" WIDTH="1233" HEIGHT="50">
							<String ID="string_289" HPOS="184" VPOS="1872" WIDTH="123" HEIGHT="34" WC="0.89" CONTENT="genom"/><SP WIDTH="29" VPOS="1872" HPOS="307"/>
							<String ID="string_290" HPOS="336" VPOS="1861" WIDTH="143" HEIGHT="35" WC="0.89" CONTENT="afskrift"/><SP WIDTH="28" VPOS="1861" HPOS="479"/>
							<String ID="string_291" HPOS="507" VPOS="1861" WIDTH="83" HEIGHT="34" WC="0.96" CONTENT="eller"/><SP WIDTH="27" VPOS="1861" HPOS="590"/>
							<String ID="string_292" HPOS="617" VPOS="1859" WIDTH="130" HEIGHT="45" WC="0.96" CONTENT="utdrag"/><SP WIDTH="28" VPOS="1859" HPOS="747"/>
							<String ID="string_293" HPOS="775" VPOS="1859" WIDTH="39" HEIGHT="35" WC="0.96" CONTENT="af"/><SP WIDTH="22" VPOS="1859" HPOS="814"/>
							<String ID="string_294" HPOS="836" VPOS="1859" WIDTH="217" HEIGHT="44" WC="0.96" CONTENT="handlingen"/><SP WIDTH="27" VPOS="1859" HPOS="1053"/>
							<String ID="string_295" HPOS="1080" VPOS="1858" WIDTH="125" HEIGHT="34" WC="0.96" CONTENT="honom"/><SP WIDTH="26" VPOS="1858" HPOS="1205"/>
							<String ID="string_296" HPOS="1231" VPOS="1856" WIDTH="186" HEIGHT="35" WC="0.96" CONTENT="meddelas."/>
						</TextLine>
					</TextBlock>
				</ComposedBlock>
				<ComposedBlock ID="cblock_5" HPOS="939" VPOS="2027" WIDTH="106" HEIGHT="45">
					<TextBlock ID="block_10" HPOS="939" VPOS="2027" WIDTH="106" HEIGHT="45">
						<TextLine ID="line_46" HPOS="939" VPOS="2027" WIDTH="106" HEIGHT="45">
							<String ID="string_297" HPOS="939" VPOS="2030" WIDTH="45" HEIGHT="33" WC="0.94" CONTENT="32"/><SP WIDTH="28" VPOS="2030" HPOS="984"/>
							<String ID="string_298" HPOS="1012" VPOS="2027" WIDTH="33" HEIGHT="45" WC="0.48" CONTENT="8."/>
						</TextLine>
					</TextBlock>
				</ComposedBlock>
				<ComposedBlock ID="cblock_6" HPOS="187" VPOS="2104" WIDTH="1610" HEIGHT="210">
					<TextBlock ID="block_11" HPOS="187" VPOS="2104" WIDTH="1610" HEIGHT="210">
						<TextLine ID="line_47" HPOS="314" VPOS="2104" WIDTH="1482" HEIGHT="53">
							<String ID="string_299" HPOS="314" VPOS="2115" WIDTH="79" HEIGHT="36" WC="0.96" CONTENT="Har"/><SP WIDTH="40" VPOS="2115" HPOS="393"/>
							<String ID="string_300" HPOS="433" VPOS="2116" WIDTH="54" HEIGHT="34" WC="0.96" CONTENT="för"/><SP WIDTH="27" VPOS="2116" HPOS="487"/>
							<String ID="string_301" HPOS="514" VPOS="2115" WIDTH="177" HEIGHT="36" WC="0.96" CONTENT="vinnande"/><SP WIDTH="28" VPOS="2115" HPOS="691"/>
							<String ID="string_302" HPOS="719" VPOS="2114" WIDTH="39" HEIGHT="35" WC="0.96" CONTENT="af"/><SP WIDTH="23" VPOS="2114" HPOS="758"/>
							<String ID="string_303" HPOS="781" VPOS="2113" WIDTH="212" HEIGHT="44" WC="0.96" CONTENT="upplysning"/><SP WIDTH="27" VPOS="2113" HPOS="993"/>
							<String ID="string_304" HPOS="1020" VPOS="2123" WIDTH="53" HEIGHT="24" WC="0.96" CONTENT="om"/><SP WIDTH="29" VPOS="2123" HPOS="1073"/>
							<String ID="string_305" HPOS="1102" VPOS="2112" WIDTH="105" HEIGHT="42" WC="0.93" CONTENT="brott,"/><SP WIDTH="29" VPOS="2112" HPOS="1207"/>
							<String ID="string_306" HPOS="1236" VPOS="2110" WIDTH="54" HEIGHT="34" WC="0.96" CONTENT="för"/><SP WIDTH="26" VPOS="2110" HPOS="1290"/>
							<String ID="string_307" HPOS="1316" VPOS="2109" WIDTH="137" HEIGHT="36" WC="0.96" CONTENT="hvilket"/><SP WIDTH="26" VPOS="2109" HPOS="1453"/>
							<String ID="string_308" HPOS="1479" VPOS="2108" WIDTH="78" HEIGHT="35" WC="0.96" CONTENT="icke"/><SP WIDTH="27" VPOS="2108" HPOS="1557"/>
							<String ID="string_309" HPOS="1584" VPOS="2105" WIDTH="115" HEIGHT="47" WC="0.89" CONTENT="någon"/><SP WIDTH="26" VPOS="2105" HPOS="1699"/>
							<String ID="string_310" HPOS="1725" VPOS="2104" WIDTH="71" HEIGHT="37" WC="0.89" CONTENT="hål-"/>
						</TextLine>
						<TextLine ID="line_48" HPOS="187" VPOS="2158" WIDTH="1610" HEIGHT="53">
							<String ID="string_311" HPOS="187" VPOS="2169" WIDTH="50" HEIGHT="33" WC="0.96" CONTENT="les"/><SP WIDTH="27" VPOS="2169" HPOS="237"/>
							<String ID="string_312" HPOS="264" VPOS="2168" WIDTH="145" HEIGHT="43" WC="0.96" CONTENT="häktad,"/><SP WIDTH="29" VPOS="2168" HPOS="409"/>
							<String ID="string_313" HPOS="438" VPOS="2167" WIDTH="84" HEIGHT="44" WC="0.96" CONTENT="gods"/><SP WIDTH="27" VPOS="2167" HPOS="522"/>
							<String ID="string_314" HPOS="549" VPOS="2166" WIDTH="118" HEIGHT="35" WC="0.96" CONTENT="blifvit"/><SP WIDTH="26" VPOS="2166" HPOS="667"/>
							<String ID="string_315" HPOS="693" VPOS="2166" WIDTH="59" HEIGHT="35" WC="0.93" CONTENT="vid"/><SP WIDTH="27" VPOS="2166" HPOS="752"/>
							<String ID="string_316" HPOS="779" VPOS="2165" WIDTH="246" HEIGHT="34" WC="0.92" CONTENT="husransakan"/><SP WIDTH="28" VPOS="2165" HPOS="1025"/>
							<String ID="string_317" HPOS="1053" VPOS="2164" WIDTH="84" HEIGHT="33" WC="0.96" CONTENT="eller"/><SP WIDTH="28" VPOS="2164" HPOS="1137"/>
							<String ID="string_318" HPOS="1165" VPOS="2162" WIDTH="101" HEIGHT="44" WC="0.96" CONTENT="eljest"/><SP WIDTH="26" VPOS="2162" HPOS="1266"/>
							<String ID="string_319" HPOS="1292" VPOS="2163" WIDTH="100" HEIGHT="42" WC="0.96" CONTENT="taget"/><SP WIDTH="26" VPOS="2163" HPOS="1392"/>
							<String ID="string_320" HPOS="1418" VPOS="2160" WIDTH="11" HEIGHT="34" WC="0.96" CONTENT="i"/><SP WIDTH="27" VPOS="2160" HPOS="1429"/>
							<String ID="string_321" HPOS="1456" VPOS="2159" WIDTH="132" HEIGHT="43" WC="0.96" CONTENT="förvar,"/><SP WIDTH="29" VPOS="2159" HPOS="1588"/>
							<String ID="string_322" HPOS="1617" VPOS="2159" WIDTH="102" HEIGHT="43" WC="0.95" CONTENT="skall,"/><SP WIDTH="17" VPOS="2159" HPOS="1719"/>
							<String ID="string_323" HPOS="1736" VPOS="2158" WIDTH="61" HEIGHT="34" WC="0.96" CONTENT="der"/>
						</TextLine>
						<TextLine ID="line_49" HPOS="188" VPOS="2210" WIDTH="1606" HEIGHT="52">
							<String ID="string_324" HPOS="188" VPOS="2217" WIDTH="74" HEIGHT="36" WC="0.93" CONTENT="åtal"/><SP WIDTH="27" VPOS="2217" HPOS="262"/>
							<String ID="string_325" HPOS="289" VPOS="2217" WIDTH="21" HEIGHT="36" WC="0.92" CONTENT="å"/><SP WIDTH="27" VPOS="2217" HPOS="310"/>
							<String ID="string_326" HPOS="337" VPOS="2220" WIDTH="133" HEIGHT="33" WC="0.96" CONTENT="brottet"/><SP WIDTH="28" VPOS="2220" HPOS="470"/>
							<String ID="string_327" HPOS="498" VPOS="2217" WIDTH="30" HEIGHT="45" WC="0.96" CONTENT="ej"/><SP WIDTH="30" VPOS="2217" HPOS="528"/>
							<String ID="string_328" HPOS="558" VPOS="2218" WIDTH="108" HEIGHT="34" WC="0.96" CONTENT="redan"/><SP WIDTH="28" VPOS="2218" HPOS="666"/>
							<String ID="string_329" HPOS="694" VPOS="2221" WIDTH="41" HEIGHT="30" WC="0.93" CONTENT="är"/><SP WIDTH="27" VPOS="2221" HPOS="735"/>
							<String ID="string_330" HPOS="762" VPOS="2216" WIDTH="206" HEIGHT="43" WC="0.92" CONTENT="anhängigt,"/><SP WIDTH="30" VPOS="2216" HPOS="968"/>
							<String ID="string_331" HPOS="998" VPOS="2212" WIDTH="124" HEIGHT="37" WC="0.96" CONTENT="sådant"/><SP WIDTH="28" VPOS="2212" HPOS="1122"/>
							<String ID="string_332" HPOS="1150" VPOS="2212" WIDTH="74" HEIGHT="36" WC="0.96" CONTENT="åtal"/><SP WIDTH="26" VPOS="2212" HPOS="1224"/>
							<String ID="string_333" HPOS="1250" VPOS="2212" WIDTH="90" HEIGHT="34" WC="0.96" CONTENT="inom"/><SP WIDTH="29" VPOS="2212" HPOS="1340"/>
							<String ID="string_334" HPOS="1369" VPOS="2211" WIDTH="132" HEIGHT="45" WC="0.96" CONTENT="fjorton"/><SP WIDTH="27" VPOS="2211" HPOS="1501"/>
							<String ID="string_335" HPOS="1528" VPOS="2211" WIDTH="110" HEIGHT="43" WC="0.96" CONTENT="dagar"/><SP WIDTH="14" VPOS="2211" HPOS="1638"/>
							<String ID="string_336" HPOS="1652" VPOS="2210" WIDTH="142" HEIGHT="34" WC="0.96" CONTENT="väckas."/>
						</TextLine>
						<TextLine ID="line_50" HPOS="190" VPOS="2258" WIDTH="1605" HEIGHT="56">
							<String ID="string_337" HPOS="190" VPOS="2269" WIDTH="92" HEIGHT="35" WC="0.96" CONTENT="Sker"/><SP WIDTH="27" VPOS="2269" HPOS="282"/>
							<String ID="string_338" HPOS="309" VPOS="2270" WIDTH="59" HEIGHT="34" WC="0.96" CONTENT="det"/><SP WIDTH="29" VPOS="2270" HPOS="368"/>
							<String ID="string_339" HPOS="397" VPOS="2269" WIDTH="44" HEIGHT="45" WC="0.96" CONTENT="ej,"/><SP WIDTH="28" VPOS="2269" HPOS="441"/>
							<String ID="string_340" HPOS="469" VPOS="2279" WIDTH="86" HEIGHT="25" WC="0.96" CONTENT="vare"/><SP WIDTH="28" VPOS="2279" HPOS="555"/>
							<String ID="string_341" HPOS="583" VPOS="2269" WIDTH="76" HEIGHT="43" WC="0.95" CONTENT="den,"/><SP WIDTH="29" VPOS="2269" HPOS="659"/>
							<String ID="string_342" HPOS="688" VPOS="2268" WIDTH="62" HEIGHT="34" WC="0.96" CONTENT="hos"/><SP WIDTH="27" VPOS="2268" HPOS="750"/>
							<String ID="string_343" HPOS="777" VPOS="2267" WIDTH="146" HEIGHT="36" WC="0.96" CONTENT="hvilken"/><SP WIDTH="27" VPOS="2267" HPOS="923"/>
							<String ID="string_344" HPOS="950" VPOS="2266" WIDTH="121" HEIGHT="44" WC="0.96" CONTENT="godset"/><SP WIDTH="28" VPOS="2266" HPOS="1071"/>
							<String ID="string_345" HPOS="1099" VPOS="2263" WIDTH="198" HEIGHT="44" WC="0.96" CONTENT="anträffats,"/><SP WIDTH="16" VPOS="2263" HPOS="1297"/>
							<String ID="string_346" HPOS="1313" VPOS="2262" WIDTH="201" HEIGHT="44" WC="0.95" CONTENT="berättigad"/><SP WIDTH="16" VPOS="2262" HPOS="1514"/>
							<String ID="string_347" HPOS="1530" VPOS="2264" WIDTH="53" HEIGHT="32" WC="0.96" CONTENT="att"/><SP WIDTH="15" VPOS="2264" HPOS="1583"/>
							<String ID="string_348" HPOS="1598" VPOS="2261" WIDTH="58" HEIGHT="34" WC="0.96" CONTENT="det"/><SP WIDTH="14" VPOS="2261" HPOS="1656"/>
							<String ID="string_349" HPOS="1670" VPOS="2258" WIDTH="125" HEIGHT="37" WC="0.69" CONTENT="återfå."/>
						</TextLine>
					</TextBlock>
				</ComposedBlock>
			</PrintSpace>
		</Page>
	</Layout>
</alto>
