1912 2836
604 142 125 41 Tredje
744 143 245 41 lagutskottets
1005 145 178 31 utlåtande
1197 154 43 22 nr
1255 147 41 30 19
1309 147 40 31 år
1365 147 83 31 1969

912 547 40 46 2)
976 548 144 45 Förslag

994 617 52 30 till

980 683 73 45 Lag

315 764 59 21 om
390 753 150 44 ändring
556 754 12 32 i
583 753 104 44 lagen
703 754 68 34 den
788 755 44 33 30
847 756 74 43 maj
940 756 89 33 1916
1047 757 61 45 (nr
1125 756 85 46 156)
1229 769 59 21 om
1304 758 94 33 vissa
1413 758 301 45 inskränkningar

328 825 12 32 i
355 827 117 31 rätten
488 833 52 26 att
555 826 167 34 förvärva
738 826 71 35 fast
825 828 171 43 egendom
1012 828 83 34 eller
1111 841 111 31 gruva
1237 830 85 33 eller
1338 830 114 34 aktier
1467 832 12 32 i
1494 832 94 33 vissa
1603 831 105 44 bolag

316 927 211 41 Härigenom
547 928 196 37 förordnas,
765 931 50 29 att
834 930 18 31 5
876 930 15 38 8
913 931 99 40 lagen
1032 931 67 31 den
1119 931 41 31 30
1180 932 71 41 maj
1277 932 83 32 1916
1380 942 57 22 om
1457 934 94 30 vissa
1570 935 189 30 inskränk-

274 973 124 39 ningar
415 974 12 29 i
444 974 116 30 rätten
578 977 51 28 att
647 975 163 31 förvärva
828 976 71 31 fast
917 977 167 39 egendom
1104 978 81 30 eller
1204 986 108 32 gruva
1330 979 82 30 eller
1431 980 112 30 aktier
1562 981 10 29 i
1592 981 93 29 vissa
1702 981 58 30 bo-

272 1018 69 39 lag!
357 1018 89 30 skall
460 1018 133 31 erhålla
607 1020 134 30 ändrad
756 1021 129 40 lydelse
899 1021 45 40 på
958 1022 68 29 sätt
1040 1021 115 31 nedan
1170 1031 114 32 anges.

437 1117 227 34 (Nuvarande
681 1118 148 41 lydelse)

1200 1121 226 41 (Föreslagen
1445 1122 148 41 lydelse)

979 1200 18 31 d
1025 1201 28 37 8.

315 1250 168 31 Ansökan
497 1261 57 21 om
588 1270 24 4 —
622 1270 266 5 ——-———
901 1253 101 41 eljest
1015 1254 146 31 avvisas.

315 1296 117 40 Angår
452 1297 159 30 ansökan
632 1307 74 21 som
727 1307 97 21 avses
843 1299 12 29 i
875 1298 111 30 första

272 1342 134 38 stycket
428 1341 140 30 förvärv
589 1351 42 20 av
651 1342 70 30 fast
743 1343 167 39 egendom
933 1351 53 31 ge-

270 1394 82 21 nom
371 1385 69 40 köp
459 1386 82 30 eller
560 1386 89 40 byte,
670 1386 54 30 får
744 1387 241 40 ansökningen

271 1430 29 39 ej
333 1431 135 39 prövas,
498 1431 110 30 innan
638 1432 56 29 det
723 1432 99 29 blivit
852 1433 133 39 slutligt

270 1475 138 39 avgjort
432 1475 176 30 huruvida
633 1476 125 40 förköp
786 1477 105 39 enligt
917 1477 68 29 för-

271 1520 190 39 köpslagen
483 1520 67 30 den
572 1520 19 30 8
613 1521 180 30 december
818 1522 81 29 1967
928 1521 57 35 (nr

271 1564 80 34 868)
384 1565 79 39 äger
490 1574 89 20 rum.
607 1566 76 29 Vad
709 1576 48 19 nu
786 1568 92 38 sagts
906 1567 79 39 äger

270 1609 29 39 ej
323 1610 233 39 tillämpning,
577 1619 56 21 om
655 1610 56 31 det
730 1611 39 29 är
788 1612 196 39 uppenbart

270 1656 50 28 att
342 1653 217 41 förköpsrätt
582 1655 77 30 icke
681 1654 195 41 föreligger.

1088 1299 117 40 Angår
1226 1301 157 30 ansökan
1405 1310 74 21 som
1499 1311 98 21 avses
1617 1303 11 29 i
1649 1302 111 31 första

1045 1345 135 38 stycket
1201 1345 141 30 förvärv
1362 1355 42 20 av
1425 1346 69 30 fast
1516 1347 167 39 egendom
1706 1355 54 31 ge-

1044 1397 81 21 nom
1144 1389 70 39 köp
1232 1389 82 30 eller
1333 1390 89 40 byte,
1443 1390 54 30 får
1517 1391 241 40 ansökningen

1044 1433 30 39 ej
1106 1434 135 39 prövas,
1272 1435 110 29 innan
1411 1435 56 30 det
1496 1435 99 30 blivit
1625 1436 134 39 slutligt

1044 1478 137 40 avgjort
1205 1479 176 30 huruvida
1406 1479 125 40 förköp
1558 1480 106 40 enligt
1690 1480 69 30 för-

1044 1523 190 40 köpslagen
1256 1524 67 29 den
1345 1524 18 30 8
1386 1524 179 30 december
1591 1525 81 30 1967
1700 1525 58 34 (nr

1044 1568 80 33 868)
1157 1568 79 39 äger
1263 1577 89 21 rum.
1380 1569 75 29 Vad
1482 1579 48 20 nu
1558 1571 93 38 sagts
1679 1570 79 39 äger

1043 1613 29 39 ej
1095 1613 234 39 tillämpning,
1349 1622 57 21 om
1427 1614 57 30 det
1502 1614 38 29 är
1561 1615 195 38 uppenbart

1043 1659 49 28 att
1114 1657 217 40 förköpsrätt
1353 1658 76 30 icke
1451 1658 159 30 kommer
1632 1660 51 28 att
1706 1660 52 28 ut-

1043 1702 91 29 övas.

313 1742 106 31 Göres
434 1743 29 40 ej
515 1761 119 4 O——
645 1761 322 6 —————>—
980 1746 135 39 stycket
1129 1746 122 40 utgått.

313 1787 107 31 Sökes
440 1788 160 30 tillstånd
642 1806 21 4 —
674 1806 266 5 ————
897 1783 45 48 —
959 1790 54 30 till
1034 1791 205 39 Konungen.

313 1832 88 30 Över
424 1833 243 39 länsstyrelses
710 1851 132 4 ———
866 1828 145 49 ——-—
1034 1836 38 29 är
1096 1836 155 39 stadgad.

313 1877 168 31 Närmare
495 1878 222 31 föreskrifter
762 1896 172 5 ————
964 1897 142 5 ———
1119 1889 43 21 av
1174 1881 205 40 Konungen.

313 1928 69 24 ÄT
420 1939 76 4 oo
633 1918 36 48 Se
672 1940 156 5 ———
840 1923 71 31 fast
925 1924 178 40 egendom.

313 2055 122 30 Denna
449 2057 56 39 lag
518 2057 117 29 träder
649 2056 12 30 i
674 2057 96 31 kraft
784 2057 67 30 den
868 2057 15 30 1
899 2058 89 40 april
1004 2058 93 30 1969.

300 2515 8 14 1
330 2516 113 23 Senaste
456 2516 103 29 lydelse
574 2523 35 17 av
624 2516 15 24 5
654 2517 11 29 $
679 2523 27 17 se
721 2516 76 24 1967:
811 2517 59 24 871.
