2238 2636
469 140 19 29 4
922 138 235 41 Lagutskottets
1185 137 167 31 Utlåtande
1375 136 63 31 N:o
1461 137 51 31 21.

427 231 88 31 utan
556 228 42 34 så
640 230 52 38 är,
721 231 54 30 att
795 225 123 50 jäfvet
945 230 40 31 är
1013 225 40 36 af
1075 225 260 37 beskaffenhet
1363 230 55 30 att
1444 224 94 36 efter
1566 223 141 37 svensk
1739 223 64 49 lag
1835 224 33 48 ej
1905 223 125 37 kunna

426 275 236 50 eftergifvas.
705 276 110 49 Eger,
837 276 122 48 enligt
987 276 111 48 lagen
1126 276 13 36 i
1167 276 64 36 det
1256 275 99 44 land,
1385 275 66 36 der
1478 275 72 36 den
1569 274 232 37 främmande
1820 274 211 36 domstolen

426 332 51 38 är,
511 326 86 44 den,
633 340 78 23 som
746 326 54 36 till
828 326 120 37 vittne
977 326 211 50 åberopäts,
1217 331 115 44 vägra
1361 331 56 30 att
1444 324 141 50 afgifva
1613 324 216 37 vittnesmål
1858 323 99 38 eller.
1978 329 54 31 att

427 377 161 37 besvara
616 377 76 36 viss
720 377 119 48 fråga,
869 377 106 48 njute
1003 377 69 36 han
1103 376 72 37 den
1202 376 183 49 rättighet
1412 375 55 37 till
1489 375 114 50 godo.

1189 530 19 34 9
1237 526 33 46 8.

560 629 80 36 Har
681 628 71 37 den
793 627 201 38 utländska
1034 628 210 36 domstolen
1283 627 188 43 hemstält,
1512 632 55 31 att
1606 627 64 36 vid
1710 627 66 37 eds
1805 627 226 48 afläggande

428 680 104 36 skola
573 679 193 37 användas
807 678 117 37 andra
965 678 156 48 ordalag
1162 683 47 32 än
1235 678 12 36 1
1275 677 142 37 svensk
1445 677 63 49 lag
1536 682 64 31 äro
1630 677 198 49 stadgade,
1857 677 91 37 eller
1979 682 54 31 att

428 730 130 37 dervid
585 730 113 49 eljest
725 729 96 37 skall
850 729 160 36 förfaras
1038 728 222 37 annorledes
1287 732 44 32 än
1360 727 140 37 svensk
1527 727 66 48 lag
1619 728 254 44 föreskrifver,
1894 728 70 37 och
1992 733 41 31 är

428 781 84 43 den,
541 781 41 36 af
605 780 155 37 hvilken
789 780 45 37 ed
861 779 160 45 kräfves,
1049 779 108 49 villig
1185 785 53 31 att
1257 778 158 37 sålunda
1434 778 161 49 fullgöra
1615 778 107 45 eden,
1742 778 135 49 pröfve
1896 783 136 39 rätten,

426 831 185 37 huruvida
639 831 64 37 det
729 833 59 34 må
816 830 79 37 ske.
1676 851 3 4 :
1898 850 33 29 VÅ

560 882 207 36 Innefattar
807 881 73 37 den
919 880 204 38 utländska
1162 879 230 38 domstolens
1424 879 276 49 framställning
1726 879 110 49 eljest
1862 880 169 47 begäran

428 938 55 32 att
520 933 96 36 visst
655 932 210 37 förfarande
907 931 95 36 skall
1040 930 193 50 iakttagas
1273 930 63 37 vid
1363 929 280 38 verkställande
1673 930 40 36 af
1735 929 119 37 äskad
1885 929 147 49 åtgärd,

428 982 94 38 skall
550 983 75 37 den
653 983 166 48 begäran
847 981 280 46 efterkommas,
1156 981 68 37 der
1251 982 63 36 det
1342 982 33 48 ej
1407 985 41 32 är
1473 980 10 36 i
1512 981 139 36 svensk
1678 980 65 48 lag
1769 979 202 49 förbjudet.

1178 1135 44 34 10
1249 1131 33 46 8.

561 1236 136 36 Rätten
740 1235 140 48 pröfve,
920 1234 152 37 hvilken
1116 1233 209 49 ersättning
1364 1233 95 36 skall
1500 1232 209 37 tillkomma
1744 1233 163 36 kronans
1944 1231 90 38 eller

427 1291 143 31 rättens
605 1286 167 48 betjente
801 1285 55 37 för
884 1284 213 49 delgifning
1126 1284 42 36 af
1193 1284 154 37 kallelse
1376 1284 90 37 eller
1493 1283 286 43 underrättelse,
1809 1296 80 24 som
1916 1283 11 36 i
1956 1285 21 33 4
2006 1282 23 44 $

430 1337 113 42 afses;
572 1349 73 34 ege
675 1336 81 44 ock,
785 1336 66 36 der
880 1349 123 23 annan
1032 1340 46 32 än
1106 1341 85 44 part
1218 1334 62 37 vid
1307 1339 125 32 rätten
1451 1334 343 37 tillstädeskommit
1812 1333 91 37 eller
1917 1336 117 46 något

429 1387 180 49 fullgjort,
651 1387 158 48 tillägga
850 1387 138 36 honom
996 1379 13 61 '
1031 1385 212 49 ersättning
1283 1385 55 37 för
1368 1385 171 44 kostnad,
1568 1398 81 23 som
1679 1384 104 36 deraf
1808 1383 221 38 föranledts.

430 1437 233 49 Ersättning,
691 1438 155 36 hvarom
872 1451 49 22 nu
949 1442 41 32 är
1017 1437 125 48 sagdt,
1171 1436 114 37 varde
1315 1436 41 36 af
1380 1436 185 37 allmänna
1593 1434 124 38 medel
1745 1434 220 50 förskjuten.

1179 1591 39 33 11
1249 1587 34 45 8.

563 1690 123 37 Sedan
728 1689 158 37 ärendet
923 1688 125 38 blifvit
1088 1689 58 36 till
1188 1689 74 36 slut
1291 1688 111 44 fördt,
1443 1688 75 37 låte
1558 1692 125 32 rätten
1711 1686 189 50 protokoll
1929 1685 107 38 öfver

428 1741 97 36 hvad
554 1741 80 37 deri
663 1740 235 37 förekommit
928 1739 187 37 tillställas
1144 1740 72 36 den
1244 1739 201 37 utländska
1473 1738 230 44 domstolen;
1734 1738 89 47 foge
1851 1737 71 36 ock
1951 1737 84 37 der-

430 1792 61 36 vid
518 1792 150 49 uppgift
696 1794 18 34 å
743 1792 45 36 de
817 1791 217 42 kostnader,
1063 1790 71 37 den
1165 1790 139 36 äskade
1334 1790 183 48 åtgärden
1546 1789 121 48 enligt
1697 1790 43 35 10
1765 1787 22 45 $
1807 1788 93 36 eller
1928 1788 109 49 eljest

429 1841 173 38 medfört.

1183 1944 40 33 12
1252 1940 33 46 8.

563 2044 114 37 Hvad
717 2044 67 37 här
825 2043 113 37 ofvan
979 2047 39 32 är
1059 2042 179 49 stadgadt
1276 2042 56 37 för
1375 2041 64 36 det
1478 2041 75 44 fall,
1590 2047 54 30 att
1672 2040 278 48 framställning
1977 2053 58 22 om

431 2095 296 48 handräckning,
757 2108 79 23 som
864 2094 11 36 i
907 2096 16 33 1
955 2092 23 45 8
1006 2098 99 44 sägs,
1135 2092 123 38 blifvit
1284 2106 139 34 genom
1451 2092 445 49 utrikesdepartementet
1916 2090 119 36 öfver-

430 2146 91 36 sänd
562 2146 54 36 till
659 2146 138 36 svensk
830 2144 172 46 domstol,
1037 2143 95 37 skall
1156 2143 141 48 jemväl
1324 2156 73 36 ega
1424 2142 237 49 tillämpning
1689 2141 64 37 der
1780 2141 117 36 sådan
1926 2140 110 36 fram-

430 2196 177 48 ställning
636 2196 120 36 blifvit
783 2194 56 38 till
866 2195 163 37 domstol
1064 2195 67 35 här
1158 2195 11 35 1
1198 2194 96 37 riket
1321 2193 200 37 öfversänd
1548 2192 81 37 från
1660 2192 174 37 utländsk
1864 2189 171 46 domstol,
