1884 2788
466 165 278 33 Statsutskottets
762 167 174 32 utlåtande
955 179 40 21 nr
1012 171 63 30 110
1093 169 37 31 år
1148 173 82 30 1966
1577 178 17 29 vå

106 244 310 38 preparandkurser.
434 245 252 33 Motionärerna
703 247 188 32 framhåller
908 249 117 31 därvid
1043 249 43 32 bl.
1105 262 29 19 a.
1153 255 52 27 att
1224 251 231 33 målinriktade
1475 264 120 21 vuxen-

107 296 125 32 studier
251 296 10 32 i
280 298 59 32 allt
359 300 103 30 större
482 299 231 42 utsträckning
730 300 151 32 bedrives
902 301 56 32 vid
979 303 437 39 korrespondensinstituten
1436 311 88 27 samt
1543 311 54 27 att

107 350 109 32 denna
237 351 194 32 studieform
453 355 36 28 är
510 353 65 31 den
595 354 86 31 enda
702 354 135 40 möjliga
859 355 50 31 för
930 356 120 40 många
1072 367 121 28 vuxna,
1216 357 10 31 i
1248 357 177 40 synnerhet
1448 359 50 31 för
1520 360 75 31 dem

106 414 70 21 som
198 404 120 32 önskar
338 405 134 32 studera
495 406 155 39 jämsides
672 408 75 31 med
769 407 275 34 förvärvsarbete.
1066 410 399 39 Korrespondensstudier
1485 413 112 31 ställer

106 457 49 40 sig
178 458 179 32 emellertid
381 458 237 40 jämförelsevis
644 462 202 33 kostsamma
871 464 51 31 för
946 465 64 31 den
1034 466 156 33 enskilde.
1216 467 138 33 Särskilt
1378 469 99 40 gäller
1501 471 95 31 detta

107 510 56 32 vid
184 511 197 41 deltagande
402 512 10 31 i
432 514 301 39 preparandkurser
753 517 135 32 utanför
908 517 181 34 hemorten.
1112 520 186 40 Utskottet,
1320 532 70 21 som
1412 523 90 31 delar
1523 524 41 31 de
1587 523 10 31 i

105 564 207 33 motionerna
331 565 181 34 framförda
530 568 262 39 synpunkterna,
813 570 107 32 finner
939 572 171 40 angeläget
1131 578 53 27 att
1205 574 41 31 de
1266 570 330 50 korrespondensstu-

105 618 144 31 derande
273 624 131 27 snarast
428 620 136 32 erhåller
588 621 201 33 kostnadsfri
814 624 244 41 undervisning.
1085 626 18 31 I
1128 626 195 42 samhanget
1347 628 56 32 vill
1428 629 170 32 utskottet

104 671 222 40 understryka
340 673 65 31 den
419 672 180 41 betydelse,
615 686 70 20 som
702 676 538 44 korrespondensundervisningen
1250 680 51 32 för
1310 683 205 31 närvarande
1525 683 73 37 har,

104 724 45 32 bl.
168 736 29 20 a.
216 736 70 21 som
306 737 41 20 en
366 727 161 32 värdefull
546 727 377 43 utbildningsmöjlighet
943 731 56 32 vid
1019 731 94 32 sidan
1132 744 43 20 av
1195 738 127 28 statens
1341 735 186 40 gymnasier
1545 736 53 32 för

105 789 111 21 vuxna
234 778 61 32 och
314 779 348 41 kvällsgymnasierna.
682 782 175 33 Utskottet
876 795 95 20 anser
987 785 50 40 sig
1055 787 85 30 även
1159 786 81 33 böra
1259 787 172 33 framhålla
1450 794 52 27 att
1522 790 74 31 kor-

104 832 478 42 respondensundervisningen
598 837 37 29 är
651 835 63 32 den
729 836 50 31 för
793 838 202 32 statsverket
1010 838 103 33 minst
1127 840 329 33 kostnadskrävande
1472 843 123 31 utbild-

104 884 232 41 ningsformen.
360 886 18 32 I
401 887 173 32 avvaktan
597 888 43 39 på
665 889 121 40 Kungl.
810 890 120 40 Maj:ts
955 893 253 39 överväganden
1233 893 10 31 i
1267 894 94 32 dessa
1384 895 210 33 hänseenden

103 943 90 27 samt
216 939 102 31 därav
341 940 193 32 föranledda
557 941 121 41 förslag
700 942 106 32 finner
830 944 167 32 utskottet
1020 945 139 32 sålunda
1183 946 9 31 i
1216 946 117 41 högsta
1357 949 79 38 grad
1459 948 135 41 befogat

103 996 55 27 att
178 992 201 32 kostnadsfri
400 994 236 41 undervisning
657 996 103 31 under
781 996 198 41 budgetåret
1003 998 142 36 1966/67
1167 999 134 32 beredes
1324 1000 56 33 vid
1402 1001 192 40 korrespön-

104 1045 275 33 densinstitutens
394 1048 301 38 preparandkurser
710 1049 50 31 för
774 1050 161 39 student-,
950 1050 332 41 handelsgymnasie-,
1299 1050 182 48 gymnasie-
1483 1053 110 73 ingen-

103 1098 92 39 jörs-,
212 1099 167 39 privatist-
396 1100 61 31 och
475 1101 233 32 realexamen.»

146 1155 68 31 dels
233 1156 61 31 ock
312 1161 53 27 att
383 1157 183 32 utskottets
585 1158 197 33 hemställan
801 1161 105 31 under
924 1161 57 31 VI.
1000 1158 76 35 bört
1094 1159 44 35 ha
1156 1162 146 40 följande
1321 1164 133 39 lydelse:

466 1224 14 14 »
485 1211 56 31 VI.
561 1216 54 27 att
633 1212 172 40 riksdagen
825 1213 65 38 må,
910 1215 75 31 med
1005 1214 93 32 bifall
1117 1215 49 32 till
1185 1216 206 33 motionerna
1411 1218 27 31 I:
1451 1222 61 29 396
1531 1218 62 33 och

422 1264 47 31 II:
481 1267 61 29 499
560 1265 104 32 såvitt
684 1277 44 20 nu
747 1269 36 28 är
801 1266 9 31 i
829 1267 102 40 fråga,
950 1267 49 32 till
1021 1268 155 33 Centrala
1194 1270 399 40 studiehjälpsnämnden:

180 1332 6 9 t
422 1318 123 39 Bidrag
560 1318 48 31 till
622 1320 301 38 preparandkurser
936 1321 51 31 för
999 1321 198 41 budgetåret
1215 1324 141 36 1966/67
1371 1325 42 38 på
1428 1324 164 33 driftbud-

422 1375 95 35 geten
540 1372 106 31 under
668 1372 137 32 åttonde
828 1373 214 33 huvudtiteln
1066 1375 114 32 anvisa
1204 1381 49 27 ett
1277 1377 315 41 förslägsanslag
1545 1368 51 54 av

423 1427 59 28 500
494 1428 61 29 000
570 1425 39 30 kr
625 1436 26 25 ;»
