1926 2840
348 148 18 30 2
653 148 415 38 Bevillningsutskottets
1090 148 222 33 betänkande
1332 149 53 32 Nr
1410 149 50 31 63.

306 226 11 29 i
338 225 77 32 icke
437 226 246 36 professionell
703 226 124 31 idrott:
851 226 18 30 5
892 228 59 28 öre
973 226 56 31 för
1051 226 128 36 biljett,
1201 237 83 21 vars
1306 227 74 36 pris
1402 229 41 29 är
1461 227 105 36 högst
1588 228 38 30 50
1650 229 68 36 öre,
1741 228 61 31 och

306 277 193 31 därutöver
521 277 18 31 5
561 279 58 29 öre
641 277 55 31 för
717 277 103 36 varje
841 277 168 37 påbörjat
1030 277 125 37 belopp
1179 287 46 22 av
1245 278 39 31 50
1304 280 59 29 öre
1386 279 88 30 utav
1496 278 247 37 biljettpriset;

345 327 32 36 2)
402 328 64 32 vid
489 328 410 37 biografföreställning:
922 329 18 30 5
964 331 58 29 öre
1047 329 55 31 för
1126 328 128 37 biljett,
1277 339 84 22 vars
1385 329 74 37 pris
1484 331 40 29 är
1547 329 105 37 högst
1674 331 39 31 50
1736 333 68 33 öre,

306 380 37 31 10
361 382 59 29 öre
439 380 56 31 för
512 380 128 36 biljett,
658 390 85 22 vars
761 380 76 36 pris
855 380 196 37 överstiger
1070 381 37 31 50
1126 383 58 29 öre
1202 390 80 22 men
1300 381 33 36 ej
1352 382 18 29 1
1387 381 123 36 krona,
1529 382 65 30 och
1613 382 193 32 därutöver

306 432 37 31 10
364 433 59 30 öre
444 432 56 31 för
519 432 101 36 varje
641 432 167 36 påbörjat
827 433 126 35 belopp
975 443 45 20 av
1041 433 38 30 50
1100 434 58 29 öre
1179 433 87 30 utav
1285 432 248 37 biljettpriset;
1557 434 92 31 samt

344 482 32 37 3)
401 483 71 32 Vid
499 483 113 32 andra
636 484 12 30 i
676 483 257 37 förordningen
959 483 154 32 avsedda
1138 484 285 37 tillställningar,
1448 485 194 32 däribland
1666 486 143 36 uppvis-

307 535 87 37 ning
419 536 12 30 i
455 535 250 37 professionell
727 536 111 31 idrott
862 536 94 30 samt
980 546 120 20 annan
1124 536 168 31 liknande
1316 536 244 37 tillställning,
1585 537 220 37 uppvisning

309 587 12 30 1
354 587 159 36 boxning
544 589 170 29 ävensom
746 587 257 37 kapplöpning,
1035 587 240 37 travkörning
1304 588 65 30 och
1402 588 238 37 uppstigning
1674 589 12 30 i
1720 589 84 30 luft-

308 639 145 36 ballong
477 639 84 30 eller
586 638 236 37 ilygmaskin:

370 699 18 30 2
414 700 57 29 öre
495 698 52 31 för
571 698 125 37 biljett,
721 708 80 21 vars
825 699 72 36 pris
920 701 40 28 är
983 699 99 36 högst
1127 700 41 30 10
1192 701 66 34 öre,

371 751 18 30 5
449 762 13 16 »
514 762 14 16 »
623 762 14 17 »
754 762 13 17 »
851 762 14 16 »
916 751 189 36 Överstiger
1127 752 41 30 10
1192 753 55 29 öre
1269 761 80 21 men
1372 752 31 36 ej
1428 752 41 31 25
1494 754 65 34 öre,

349 803 40 30 10
450 814 14 17 >»
517 815 11 15 >
625 814 13 17 »
755 814 14 17 »
851 815 13 16 »
997 815 14 16 »
1125 805 41 30 25
1215 815 13 17 »
1302 816 13 16 »
1382 816 14 16 »
1429 805 41 30 50
1512 816 49 24 >,

349 855 40 30 15
451 866 13 17 >»
516 866 13 17 »
624 867 13 15 >
755 867 13 16 »
850 867 13 16 »
996 867 14 17 »
1124 856 41 31 50
1214 868 14 16 >»
1301 868 14 16 >
1382 868 14 17 »
1428 857 40 31 T5
1511 869 49 24 >,

351 908 40 30 20
453 919 13 16 >>
518 919 13 16 >»
627 919 13 17 »
758 920 13 16 »
853 919 13 17 »
1000 920 14 17 »
1127 909 41 31 T5
1218 921 13 16 »
1304 921 14 16 »
1385 921 14 16 »
1423 911 19 29 1
1466 910 120 35 krona,

307 960 65 30 och
390 960 192 31 därutöver
600 961 40 30 10
657 962 59 29 öre
736 961 54 31 för
809 961 102 36 varje
929 961 166 37 påbörjat
1114 962 125 37 belopp
1258 972 45 21 av
1320 962 39 31 50
1379 964 60 29 öre
1456 963 89 30 utav
1563 961 242 37 biljettpriset.

346 1011 70 31 Till
440 1011 332 37 nöjestillställning
795 1012 170 32 hänföres
988 1013 76 31 icke
1088 1012 242 38 tillställning,
1354 1023 75 22 som
1451 1012 122 37 tjänar
1597 1012 208 36 vetenskap-

307 1062 67 37 ligt
397 1063 168 31 ändamål
588 1064 86 31 eller
695 1064 178 32 anordnas
897 1064 11 31 i
931 1064 290 37 undervisnings-
1244 1065 85 31 eller
1352 1064 357 37 uppfostringssyfte.

346 1114 181 31 Kommun
546 1115 73 31 kan
638 1115 197 32 emellertid
853 1135 41 3 —
914 1116 78 31 med
1012 1116 248 32 bibehållande
1280 1127 45 20 av
1347 1116 59 32 det
1425 1116 166 32 inbördes
1612 1115 193 32 förhållan-

308 1166 59 31 det
393 1166 132 31 mellan
555 1167 41 31 de
622 1166 96 32 olika
747 1167 282 32 skattesatserna
1055 1186 41 4 —
1122 1168 138 31 besluta
1287 1178 57 21 om
1372 1167 232 37 tillämpning
1632 1178 46 21 av
1707 1168 99 36 lägre

307 1218 241 31 skattesatser.
586 1218 136 32 Vidare
740 1221 84 34 äger
843 1219 178 36 kommun,
1039 1222 66 28 när
1124 1219 78 32 skäl
1222 1219 123 32 därtill
1363 1222 72 34 äro,
1455 1220 55 30 för
1528 1219 90 32 visst
1637 1219 68 31 fall
1721 1219 85 31 eller

307 1269 227 32 beträffande
559 1269 98 32 vissa
682 1270 77 36 slag
784 1281 45 20 av
855 1270 276 36 tillställningar
1157 1271 166 36 medgiva
1347 1270 166 32 befrielse
1539 1271 84 31 från
1647 1270 159 32 skattens

307 1321 199 36 utgörande
543 1322 84 30 eller
665 1321 300 37 skattebeloppets
1002 1322 236 31 användande
1264 1322 54 31 för
1348 1322 58 31 det
1434 1322 178 37 ändamål,
1638 1322 58 31 till
1723 1332 83 21 vars

308 1372 202 37 främjande
535 1372 278 37 tillställningen
835 1373 205 31 anordnats.

347 1468 55 31 Då
424 1468 134 36 Kungl.
579 1467 111 37 Maj:t
714 1468 55 30 för
792 1468 77 31 1919
893 1469 59 30 års
975 1468 147 36 riksdag
1146 1468 174 31 framlade
1341 1468 62 32 det
1426 1469 137 37 förslag
1586 1469 12 31 i
1622 1469 106 37 fråga
1750 1479 54 21 om

308 1519 228 36 beskattning
559 1530 45 20 av
623 1519 192 36 offentliga
836 1519 388 37 nöjestillställningar,
1245 1519 113 33 vilket
1380 1520 172 32 föranlett
1574 1521 68 31 den
1664 1531 49 21 nu
1734 1520 72 36 gäl-

306 1570 106 32 lande
436 1570 257 37 förordningen
715 1571 133 36 härom,
870 1571 206 32 meddelade
1098 1571 126 32 chefen
1246 1572 55 30 för
1324 1571 405 37 finansdepartementet
1750 1571 54 31 till

307 1622 389 37 statsrådsprotokollet
719 1623 13 30 i
756 1623 128 36 ämnet,
908 1624 54 30 att
985 1622 154 37 tidigare
1163 1623 94 31 inom
1282 1622 406 38 finansdepartementet
1710 1625 94 30 utar-

308 1674 114 31 betats
447 1674 134 36 förslag
603 1674 57 31 till
682 1673 332 37 nöjesbeskattning
1037 1675 55 30 för
1116 1675 135 31 statens
1272 1674 165 37 räkning.
1482 1674 231 32 Sistnämnda
1737 1675 68 30 för-

308 1726 77 36 slag
404 1726 60 36 låg
481 1725 57 31 till
558 1726 117 36 grund
694 1726 56 31 för
768 1726 59 31 det
847 1727 40 30 år
908 1726 78 30 1919
1006 1725 212 37 framlagda,
1239 1726 112 36 enligt
1371 1726 113 32 vilket
1502 1726 90 31 dock
1611 1726 194 36 nöjesskat-

308 1779 59 29 ten
390 1777 204 36 föreslagits
614 1777 186 32 anordnad
820 1779 117 29 såsom
959 1788 44 20 en
1023 1777 205 31 kommunal
1249 1778 106 31 skatt.
1398 1778 82 32 Som
1502 1777 77 32 skäl
1601 1778 125 31 härför
1747 1788 58 21 an-

309 1829 128 36 fördes,
460 1830 54 30 att
534 1828 244 37 nöjesskatten
802 1829 99 36 finge
925 1829 56 31 till
1004 1829 57 32 sin
1083 1830 108 30 natur
1215 1839 102 22 anses
1339 1839 90 22 vara
1451 1830 90 30 mest
1564 1829 145 37 lämpad
1732 1839 72 22 som

307 1880 304 32 kommunalskatt
630 1880 178 37 varjämte
831 1880 197 37 framhölls,
1047 1882 54 30 att
1121 1881 141 36 utbytet
1283 1891 45 21 av
1351 1882 67 31 den
1439 1880 204 37 inflytande
1665 1881 139 32 skatten

308 1931 12 30 1
341 1932 78 31 icke
440 1932 106 36 ringa
566 1933 84 30 mån
670 1932 137 31 komme
829 1933 54 30 att
905 1934 88 29 röna
1015 1932 175 31 inverkan
1212 1943 45 21 av
1279 1933 41 31 de
1342 1933 180 36 åtgärder,
1545 1943 74 22 som
1640 1933 165 31 vederbö-

307 1984 111 31 rande
435 1984 208 30 kommuner
661 1983 144 37 vidtoge
824 1984 80 31 med
921 1984 173 31 avseende
1113 1985 20 30 å
1151 1984 96 31 inom
1263 1984 105 31 dessa
1387 1984 288 32 förekommande
1693 1984 112 37 nöjes-

306 2035 276 36 tillställningar
601 2036 94 30 samt
712 2036 53 31 att
784 2035 268 36 kommunerna,
1070 2037 46 34 på
1136 2035 117 37 grund
1271 2047 45 20 av
1339 2037 45 31 då
1404 2035 159 32 rådande
1581 2036 228 31 ekonomiska

307 2087 89 38 läge,
416 2097 85 21 vore
521 2088 12 30 i
555 2087 112 31 behov
686 2097 46 21 av
751 2087 282 36 ifrågavarande
1054 2087 262 32 inkomstkälla.

347 2139 276 36 Föredragande
654 2139 390 36 departementschefen
1074 2139 149 31 anförde
1253 2139 125 32 vidare
1408 2140 64 36 att,
1502 2140 45 31 då
1580 2140 150 32 behovet
1760 2149 46 21 av

309 2191 111 31 ökade
449 2190 194 32 inkomster
671 2190 207 36 naturligen
907 2191 78 31 icke
1015 2190 123 37 gjorde
1166 2191 54 36 sig
1250 2190 75 32 lika
1351 2191 117 31 starkt
1497 2191 167 37 gällande
1693 2192 13 30 i
1733 2191 73 31 alla

306 2242 220 37 kommuner,
549 2242 59 31 det
628 2243 121 36 syntes
771 2242 167 36 lämpligt
961 2243 53 31 att
1037 2242 107 36 lägga
1166 2242 12 31 i
1199 2242 102 36 varje
1325 2243 155 32 särskild
1503 2244 187 30 kommuns
1714 2244 96 31 hand

308 2295 54 30 att
392 2294 96 37 själv
514 2296 143 35 avgöra,
687 2294 181 31 huruvida
897 2294 97 31 inom
1023 2294 205 31 densamma
1255 2294 200 37 nöjesskatt
1484 2295 114 31 skulle
1629 2296 177 36 upptagas

308 2346 85 31 eller
410 2346 88 31 icke.

347 2398 81 31 Vad
444 2397 230 37 principerna
691 2398 56 31 för
763 2397 378 37 nöjesbeskattningen
1158 2398 13 31 i
1189 2398 118 36 övrigt
1325 2398 166 37 anginge,
1508 2400 121 34 syntes
1648 2399 157 36 departe-

308 2449 241 31 mentschefen
572 2449 445 36 nöjestillställningarnas
1041 2458 87 27 egen
1151 2449 248 32 beskaffenhet
1424 2450 86 31 böra
1533 2450 13 30 i
1572 2450 114 32 första
1711 2450 95 31 hand
