2147 2646
727 206 262 31 Statsutskottets
1019 206 169 33 Utlåtande
1211 208 61 30 N:o
1301 211 49 28 73.
1778 212 17 29 5

253 292 272 39 förberedande
567 294 234 49 behandling
838 295 42 36 af
913 295 234 38 kammarens
1182 296 113 37 andra
1328 296 191 50 tillfälliga
1546 297 163 49 utskott,
1739 298 97 37 hvil-

249 347 66 36 ket
357 346 41 36 af
436 347 156 36 anförda
635 347 82 37 skäl
760 347 90 36 fann
889 347 61 50 sig
980 348 81 36 icke
1090 348 122 37 kunna
1238 349 10 36 i
1278 348 275 38 vidsträcktare
1584 353 87 34 mån
1699 351 139 37 under-

250 400 127 49 stödja
406 400 211 37 motionens
649 401 114 49 syfte,
793 406 46 31 än
869 406 56 31 att
952 402 184 36 utskottet
1163 402 220 48 hemstälde,
1414 408 53 31 att
1495 403 223 49 Riksdagen
1747 404 89 36 ville

248 453 151 37 besluta
428 459 52 31 att
506 454 9 35 i
547 454 203 36 skrifvelse
779 454 55 36 till
863 454 141 48 Kongl.
1034 454 103 48 Maj:t
1165 455 154 47 anhålla,
1350 456 64 36 det
1442 456 141 48 Kongl.
1610 456 108 48 Maj:t
1733 457 105 36 täck-

249 512 58 31 tes
339 507 73 36 låta
441 506 140 45 utreda,
613 521 60 21 om
705 507 71 35 och
805 506 126 36 hvilka
961 507 174 45 åtgärder
1162 507 114 37 borde
1305 507 174 50 vidtagas
1509 508 60 36 för
1598 514 56 30 att
1676 509 47 36 de
1744 509 94 36 kun-

250 559 186 47 görelser,
478 559 126 36 hvilka
647 559 122 48 enligt
802 559 62 48 lag
894 559 71 36 och
995 559 264 48 författningar
1288 560 120 36 skulle
1437 560 10 35 i
1477 560 192 37 allmänna
1697 561 141 36 tidnin-

249 625 119 35 garne
398 611 153 47 införas,
583 614 116 33 måtte
729 611 113 35 vinna
863 616 123 31 större
1007 611 195 49 spridning
1222 612 68 36 och
1312 612 171 36 medföra
1502 613 147 36 mindre
1672 613 166 36 kostnad

250 669 48 31 än
339 678 50 22 nu
431 677 88 23 vore
561 664 118 36 fallet.
751 664 133 36 Denna
926 664 221 36 hemställan
1185 664 77 37 blef
1294 664 210 37 emellertid
1539 665 43 37 af
1614 665 224 37 kammaren

249 716 187 48 afslagen.

354 769 196 37 Utskottet
589 769 117 48 hyser
734 769 12 35 i
774 768 72 36 den
888 783 50 21 nu
974 769 257 49 föreliggande
1261 769 133 49 frågan
1423 770 240 49 väsentligen
1694 784 146 24 samma

248 821 259 49 uppfattning,
549 834 80 22 som
675 820 153 36 förlidet
870 823 40 33 år
951 821 183 36 uttalades
1176 822 40 35 af
1253 822 129 36 Andra
1423 822 252 37 Kammarens
1713 824 124 48 fjerde

250 874 191 49 tillfälliga
480 874 157 47 utskott,
683 874 71 35 och
796 873 44 36 då
883 873 64 36 det
981 874 142 49 anslag,
1166 875 232 36 motionären
1427 881 127 31 ansett
1582 875 94 37 böra
1705 876 132 37 ställas

248 926 56 37 till
349 927 138 49 Kongl.
530 927 125 49 Maj:ts
700 926 229 50 förfogande
973 926 58 37 för
1070 927 269 49 utredningens
1380 927 296 50 verkställande,
1721 943 116 36 synes

249 980 191 37 utskottet
484 993 87 23 vara
622 980 55 36 till
725 979 182 50 beloppet
952 980 59 36 väl
1052 980 163 49 afvägdt,
1258 981 56 36 får
1355 981 188 37 utskottet
1585 982 121 49 alltså,
1751 982 87 37 med

249 1033 208 50 anledning
485 1033 40 36 af
549 1034 73 36 den
651 1047 49 22 nu
731 1033 264 48 föreliggande
1025 1034 199 47 motionen,
1253 1034 209 47 hemställa,

753 1091 55 30 att
847 1085 217 49 Riksdagen
1107 1089 57 33 må
1200 1087 108 36 ställa
1341 1087 57 36 till
1432 1087 139 48 Kongl.
1604 1087 128 49 Maj:ts
1763 1087 76 37 för-

649 1138 167 49 fogande
855 1143 55 31 ett
948 1145 105 29 extra
1087 1139 129 49 anslag
1244 1139 41 36 af
1313 1142 109 44 1,500
1451 1140 142 36 kronor
1623 1140 57 36 till
1708 1140 129 36 utred-

648 1192 114 47 nings
792 1191 291 47 verkställande,
1113 1193 72 35 dels
1209 1192 181 36 huruvida
1412 1192 94 47 icke,
1534 1192 121 37 sedan
1671 1193 65 36 det
1752 1192 87 36 med

647 1244 217 47 utgifvaren
895 1244 42 35 af
964 1243 105 36 Post-
1099 1244 68 36 och
1194 1244 145 37 Inrikes
1368 1244 193 49 tidningar
1589 1259 50 22 nu
1659 1245 179 49 gällande

648 1296 180 35 kontrakt
871 1296 125 35 blifvit
1031 1296 11 36 i
1078 1296 237 49 vederbörlig
1350 1297 163 48 ordning
1540 1298 199 48 uppsagdt
1768 1298 72 36 och

649 1348 166 48 upphört
844 1352 56 31 att
927 1348 111 48 gälla,
1068 1362 45 22 en
1138 1348 155 48 tidning,
1316 1349 134 36 afsedd
1470 1355 54 30 att
1543 1356 174 42 upptaga
1736 1350 104 36 vissa

649 1399 278 36 meddelanden
965 1399 81 36 från
1079 1401 222 48 regeringen
1331 1401 197 36 äfvensom
1558 1402 180 36 officiella
1768 1401 72 36 och

650 1451 125 48 legala
805 1452 247 47 kungörelser
1081 1458 95 30 samt
1203 1452 115 37 andra
1347 1466 201 34 annonser,
1571 1453 127 36 kunde
1719 1453 121 36 under

649 1503 345 49 statsmyndighets
1046 1504 161 37 kontroll
1251 1506 168 47 utgifvas
1466 1505 72 37 och
1585 1506 150 36 utdelas
1783 1505 58 36 till

649 1555 256 48 embetsverk,
949 1556 260 49 myndigheter
1250 1558 70 35 och
1362 1558 116 36 rikets
1512 1558 228 36 kommuner
1770 1558 71 36 och

644 1609 143 48 jemväl
816 1609 121 36 finnas
967 1615 53 30 att
1048 1609 103 48 tillgå
1178 1623 137 36 genom
1341 1610 308 50 prenumeration
1671 1610 72 37 och
1764 1610 77 37 för-

651 1661 177 48 säljning,
870 1661 154 35 hvilken
1064 1662 145 48 tidning
1244 1662 117 37 borde
1391 1676 87 22 vara
1507 1666 42 33 så
1576 1663 180 48 inrättad,
1786 1669 56 30 att

650 1713 81 36 deri
772 1718 196 44 upptagna
1008 1713 386 50 tillkännagifvanden
1428 1715 70 36 och
1531 1728 194 23 annonser
1755 1714 86 38 med

650 1765 137 36 lätthet
815 1766 124 36 kunde
969 1766 10 35 i
1009 1766 79 36 sina
1116 1767 96 36 olika
1234 1781 168 35 grupper
1426 1768 226 47 igenfinnas,
1674 1769 75 35 dels
1770 1768 72 36 ock

650 1832 61 22 om
755 1818 70 36 och
853 1818 11 36 i
894 1818 99 36 hvad
1034 1822 93 44 mån,
1169 1820 82 36 med
1293 1820 205 49 anledning
1526 1820 42 36 af
1594 1820 74 37 den
1697 1820 145 36 minsk-

650 1872 94 48 ning
789 1871 12 37 1
848 1871 166 37 svenska
1062 1871 236 39 akademiens
1340 1873 222 48 inkomster,
1608 1887 81 23 som
1732 1873 115 37 häraf

651 1924 125 36 kunde
807 1924 227 47 föranledas,
1063 1925 201 36 understöd
1293 1926 116 36 borde
1433 1926 160 48 beredas
1616 1926 226 37 akademien

650 1977 57 35 till
746 1976 264 37 fullbordande
1039 1977 40 35 af
1104 1977 61 36 det
1192 1991 46 23 nu
1267 1978 195 49 pågående
1491 1978 149 37 arbetet
1669 1978 88 37 med
1786 1983 56 31 ut-

650 2028 200 49 gifvandet
879 2028 43 36 af
947 2042 46 23 en
1021 2030 138 36 svensk
1188 2030 154 48 ordbok,
1373 2031 199 36 äfvensom
1601 2031 72 36 hos
1699 2030 141 49 Kongl.

649 2081 107 48 Maj:t
789 2081 159 47 anhålla,
991 2087 54 30 att
1077 2082 135 48 Kongl.
1246 2083 86 48 Maj:
1334 2060 19 59 t
1386 2083 99 58 ville,
1515 2096 61 23 om
1606 2083 152 49 möjligt
1786 2060 58 59 till

651 2138 111 31 nästa
790 2111 179 79 Riksdag,
999 2133 143 47 afgifva
1164 2109 239 78 proposition
1431 2135 12 35 i
1471 2140 139 31 ämnet.

362 2183 215 36 Stockholm
609 2184 71 36 den
713 2187 23 33 4
765 2185 71 47 maj
871 2186 109 35 1889.

760 2261 52 36 På
840 2261 304 37 statsutskottets
1172 2267 158 44 vägnar:

832 2337 199 38 GUSTAF
1062 2338 198 38 SPARRE.
