1932 2854
306 186 17 28 2
782 192 255 30 Bankoutsekottets
1058 195 154 30 utlåtande
1234 197 45 28 Nr
1301 200 27 27 5.

564 487 496 44 Biblioteksstyrelsens
1083 491 320 38 årsberättelse
1429 497 123 35 1924,

882 629 84 34 Till
995 630 234 44 riksdagen.

349 756 144 35 Jämlikt
515 757 18 39 $
556 759 17 31 5
597 760 12 31 i
631 760 136 39 stadgar
790 761 51 33 för
865 762 347 40 riksdagsbiblioteket
1235 766 53 32 får
1309 767 339 41 biblioteksstyrelsen
1671 771 134 34 härmed

306 808 121 38 avgiva
447 809 172 33 berättelse
642 815 77 28 över
740 811 206 35 bibliotekets
970 814 205 40 förvaltning
1197 817 103 32 under
1322 818 36 32 år
1382 819 95 32 19924.

136 913 119 26 Allmän
349 908 216 36 Bibliotekets
586 912 167 39 egentliga
773 913 207 34 verksamhet
1000 915 60 32 har
1080 916 102 33 under
1204 917 70 33 året
1295 918 141 39 fortgått
1457 921 44 37 på
1520 921 185 40 sedvanligt
1727 926 77 30 sätt.

108 947 185 28 verksamhet.
304 958 65 33 Tjet,
389 960 60 33 har
472 965 80 29 utan
575 962 245 40 inskränkning
841 964 114 34 hållits
980 971 96 33 öppet
1099 967 105 38 enligt
1229 968 59 32 den
1310 969 12 32 i
1345 969 180 39 stadgarna
1549 971 52 33 för
1625 972 180 33 detsamma

304 1011 193 33 fastställda
515 1011 102 34 tiden.

348 1060 200 35 Biblioteket
568 1063 61 33 har
652 1064 104 33 under
778 1065 70 33 året
871 1066 53 32 för
947 1067 73 32 sina
1041 1067 218 34 lånesökande
1283 1070 174 34 förmedlat
1480 1072 55 32 lån
1557 1072 78 33 från
1659 1073 145 40 följande

304 1111 157 34 bibliotek
498 1114 58 31 och
591 1114 237 33 institutioner:
865 1116 350 40 Handelshögskolans
1241 1120 11 31 i
1279 1119 188 34 Stockholm
1494 1122 168 40 bibliotek,
1688 1124 116 39 kungl.

303 1162 201 40 biblioteket,
521 1164 117 39 kungl.
655 1164 197 41 vitterhets-,
868 1167 147 33 historie-
1034 1168 58 32 och
1110 1169 404 36 antikvitetsakademiens
1532 1173 169 40 bibliotek,
1721 1175 83 32 riks-

304 1213 138 40 arkivet,
480 1215 140 33 svenska
658 1215 208 34 akademiens
903 1218 263 40 nobelbibliotek,
1196 1219 180 40 Göteborgs
1402 1223 261 40 stadsbibliotek,
1690 1224 113 33 Lunds

303 1264 370 34 universitetsbibliotek
690 1266 59 32 och
766 1266 151 39 Uppsala
932 1268 381 35 universitetsbibliotek.
1353 1271 18 32 I
1386 1273 51 31 sin
1454 1276 56 29 tur
1526 1274 70 32 åter
1611 1274 62 32 har
1689 1274 114 33 biblio-

304 1314 87 34 teket
415 1315 137 39 beviljat
578 1316 118 38 dylika
723 1317 275 40 förmedlingslån
1023 1331 114 27 genom
1165 1324 45 29 ett
1236 1322 105 32 40-tal
1367 1322 181 40 offentliga
1572 1324 58 32 och
1656 1326 147 32 enskilda

303 1365 157 33 bibliotek
477 1366 59 32 och
553 1367 103 32 andra
671 1367 233 34 institutioner.

347 1415 140 34 Antalet
508 1417 102 32 under
633 1418 71 32 året
727 1418 53 32 till
804 1418 153 40 utlåning
979 1419 192 40 framtagna
1194 1421 147 39 volymer
1362 1441 45 4 —
1429 1423 75 33 häri
1527 1425 29 38 ej
1582 1424 221 34 inberäknade

303 1465 37 33 de
357 1478 39 20 ur
414 1467 354 33 referensbibliotekets
788 1469 179 38 samlingar
986 1470 191 39 begagnade
1195 1490 45 4 —
1259 1472 130 39 belöper
1408 1473 52 40 sig
1478 1474 54 32 till
1550 1474 115 34 inalles
1686 1476 118 38 35,890

302 1516 156 39 volymer.
500 1517 230 34 Motsvarande
748 1518 103 33 siffra
868 1520 149 38 uppgick
1034 1520 53 32 för
1104 1522 37 31 år
1161 1522 85 31 1923
1262 1522 55 32 till
1335 1523 129 38 26,839.

125 1611 135 47 Tillväxt.
347 1617 215 34 Bibliotekets
585 1618 137 34 tillväxt
745 1619 102 33 under
871 1619 52 33 det
947 1620 133 39 gångna
1102 1621 70 33 året
1196 1622 157 33 omfattar
1377 1624 96 37 4,069
1498 1624 148 39 volymer
1670 1626 12 32 i
1706 1626 95 38 3,373

303 1668 95 33 band.
444 1669 86 32 Häri
549 1670 80 38 ingå
650 1670 94 32 såväl
766 1670 129 32 direkta
914 1670 101 39 inköp
1038 1682 66 21 som
1126 1672 59 32 ock
1208 1673 135 32 förvärv
1364 1675 44 37 på
1429 1674 109 38 bytes-
1561 1676 58 31 och
1640 1677 162 38 gåvoväg.

346 1718 189 34 Förvärven
550 1731 116 27 genom
683 1720 79 38 byte
777 1720 87 33 hava
878 1721 267 39 huvudsakligen
1162 1723 144 38 utgjorts
1325 1735 40 21 av
1381 1724 295 38 parlamentariskt
1692 1727 109 38 tryck,

301 1769 142 33 officiell
461 1770 160 39 statistik,
641 1770 226 33 betänkanden
887 1783 27 20 o.
935 1771 80 39 dyl.,
1034 1772 11 32 i
1064 1772 103 39 några
1187 1773 75 39 fall,
1282 1774 103 32 såsom
1406 1774 210 34 beträffande
1636 1776 72 33 icke
1728 1788 73 27 par-

302 1820 235 33 lamentariska
556 1821 168 39 bibliotek,
743 1833 41 20 av
802 1822 169 32 litteratur
988 1823 13 31 i
1019 1822 111 33 skilda
1149 1828 128 28 ämnen.

346 1870 110 33 Under
476 1872 70 32 året
563 1871 87 33 hava
668 1883 67 26 nya
753 1872 314 38 bytesförbindelser
1085 1874 12 31 i
1118 1873 92 40 övlig
1230 1874 138 40 ordning
1387 1875 112 33 inletts
1520 1877 70 32 med
1610 1876 193 33 biblioteket

303 1922 51 31 för
372 1920 171 34 Lettlands
562 1922 271 39 riksförsamling
850 1926 86 29 samt
952 1923 73 32 med
1042 1923 193 34 biblioteket
1255 1924 52 33 för
1326 1924 218 35 Nationernas
1563 1927 156 33 förbund.

346 1972 88 32 Från
452 1972 140 32 svenska
607 1972 227 39 myndigheter
850 1973 58 32 och
924 1973 225 33 institutioner
1163 1974 61 33 har
1241 1974 189 34 biblioteket
1449 1977 67 32 fått
1533 1980 148 36 mottaga
1697 1989 103 21 exem-

301 2023 74 37 plar
397 2035 40 20 av
459 2023 181 33 utkommet
661 2023 158 33 officiellt
841 2024 58 32 och
920 2024 271 33 statsunderstött
1211 2025 110 38 tryck.
1365 2025 89 33 Från
1477 2027 85 32 flera
1583 2026 217 40 kommittéer,

302 2084 67 20 som
389 2073 101 32 under
511 2074 71 31 året
600 2074 139 32 slutfört
759 2074 71 32 sina
851 2073 141 40 arbeten,
1013 2074 60 33 har
1093 2075 192 33 överlåtelse
1305 2077 12 31 i
1336 2076 91 33 vissa
1449 2077 64 32 fall
1533 2077 131 39 jämlikt
1684 2077 116 40 kungl.

302 2123 216 38 kungörelsen
538 2123 60 33 den
617 2124 42 32 30
679 2122 163 34 december
864 2124 84 32 1922
974 2122 56 41 (nr
1050 2123 78 40 601)
1153 2126 106 38 gjorts
1278 2126 53 32 till
1350 2126 201 34 biblioteket.

345 2174 18 31 I
382 2174 164 39 egenskap
565 2187 41 20 av
625 2175 114 38 givare
759 2175 86 32 hava
865 2175 161 32 dessutom
1046 2175 147 38 följande
1212 2176 47 32 in-
1280 2176 58 33 och
1357 2176 180 34 utländska
1555 2178 245 38 kotrporationer

302 2224 57 32 och
377 2225 149 32 enskilda
544 2225 220 39 ihågkommit
782 2225 206 33 biblioteket:

299 2286 199 47 Stockholm.
585 2291 182 34 Allmänna
788 2292 349 39 försvarsföreningen,
1159 2290 183 37 Allmänna
1362 2295 338 33 valmansförbundet.
1722 2296 76 31 Fin-

587 2338 94 37 lahds
707 2342 227 40 beskickning.
971 2343 196 33 Frisinnade
1193 2344 301 40 landsföreningen.
1532 2345 268 33 Generalstaben.

588 2393 271 33 Generalstabens
898 2393 214 38 litografiska
1149 2394 135 33 anstalt.
1344 2394 99 34 A.-B.
1482 2395 181 40 Göteborgs
1702 2396 98 32 bank.

587 2444 326 39 Frälsningsarméns
939 2444 371 39 handelsdepartement.
1358 2445 341 40 Handelshögskolan.
1746 2447 53 31 TIn-

586 2495 197 32 ternational
800 2495 64 32 law
880 2495 203 38 association,
1102 2494 189 33 Stockholm
1309 2497 197 33 conference,
1547 2497 252 39 Konungariket
