1876 2806
492 219 122 29 Första
638 217 239 39 lagutskottets
903 216 175 30 utlåtande
1103 226 42 20 nr
1168 217 52 29 47.
1567 215 38 30 19

112 307 59 39 ligt
190 308 82 29 1916
289 307 55 30 års
361 308 54 38 lag
431 308 100 38 utgör
547 311 45 26 ett
608 310 106 27 annat
731 306 153 38 exempel
900 305 45 39 på
962 305 105 31 social
1084 305 446 38 försäkringsverksamhet,
1548 305 56 29 be-

113 361 119 30 driven
251 361 8 30 i
279 361 161 39 antingen
460 360 113 40 statlig
592 361 79 30 eller
689 360 136 30 enskild
843 359 79 39 regi.
942 359 66 30 Till
1027 360 66 29 den
1111 368 41 21 ur
1171 359 127 30 sociala
1317 359 214 38 synpunkter
1549 359 55 29 be-

113 415 218 39 tydelsefulla
353 413 446 40 försäkringsverksamhet,
822 423 74 20 som
918 413 203 30 handhaves
1143 422 42 21 av
1207 413 42 30 de
1271 413 153 29 erkända
1448 412 156 39 sjukkas-

113 478 101 21 sorna
230 469 65 30 och
312 468 422 34 arbetslöshetskassorna,
751 466 82 40 utgå
847 467 122 39 bidrag
985 466 79 31 från
1080 467 55 30 det
1151 467 188 29 allmänna.
1356 466 78 30 Med
1449 475 81 30 nyss
1545 475 58 21 an-

112 521 101 40 givna
243 522 179 38 undantag
452 521 156 31 bedrives
639 520 190 31 emellertid
860 520 483 39 försäkringsverksamheten
1375 519 10 30 i
1416 518 75 31 vårt
1522 520 82 29 land

111 585 43 21 av
175 576 157 30 enskilda
354 575 142 39 företag.
520 575 115 30 Under
657 574 37 31 år
719 575 82 29 1943
822 593 45 3 —
888 575 56 29 det
966 574 82 30 sista
1070 573 38 31 år
1130 574 55 30 för
1207 573 105 31 vilket
1333 573 163 31 officiella
1518 583 85 29 upp-

116 630 101 39 gifter
235 631 60 29 äro
315 630 211 39 tillgängliga
544 647 44 4 —
604 639 82 20 voro
706 630 99 29 dessa
824 629 133 39 företag
976 629 177 30 fördelade
1174 628 44 40 på
1241 630 58 28 141
1322 629 101 39 bolag
1441 629 79 30 med
1539 629 66 30 rätt

116 686 48 27 att
182 684 97 30 driva
298 684 219 30 verksamhet
534 684 80 29 över
633 684 78 30 hela
729 683 116 30 landet
869 682 37 40 (s.
926 684 33 29 k.
979 682 201 39 riksbolag),
1205 683 62 29 176
1286 683 101 38 bolag
1408 683 79 29 med
1508 683 98 29 verk-

116 738 134 29 samhet
265 737 168 30 avseende
448 737 198 39 försäkring
661 746 42 21 av
719 737 167 38 egendom
903 737 94 29 inom
1011 739 48 28 ett
1074 737 57 29 län
1153 735 37 40 (s.
1210 737 32 29 k.
1260 737 91 29 läns-
1367 737 81 29 eller
1463 736 143 30 härads-

116 789 111 40 bolag)
264 793 89 27 samt
381 791 63 30 975
473 791 101 38 bolag
602 791 168 30 avseende
801 789 109 31 sådan
940 790 198 38 försäkring
1167 790 95 30 inom
1293 789 141 31 område
1464 799 74 21 som
1567 790 39 29 är

117 844 134 30 mindre
280 846 45 29 än
353 846 46 29 ett
428 844 110 30 härad
567 844 89 36 eller,
687 844 63 30 där
778 844 56 30 det
862 843 166 31 omfattar
1056 843 83 31 flera
1168 844 121 35 härad,
1321 843 135 30 mindre
1485 844 44 29 än
1559 843 46 30 tio

116 898 148 30 socknar
289 897 38 40 (s.
349 898 32 30 k.
404 896 256 40 sockenbolag).
684 898 183 29 Dessutom
888 906 82 22 voro
992 898 41 29 42
1055 897 187 31 utländska
1264 897 101 39 bolag
1388 897 217 30 verksamma

115 951 11 30 i
148 951 74 31 vårt
246 952 92 30 land.
363 951 50 30 Av
435 951 218 39 riksbolagen
676 950 81 40 ingå
779 950 173 40 åtskilliga
975 951 10 30 i
1009 952 107 30 större
1140 951 201 35 koncerner,
1367 950 168 39 varjämte
1558 953 47 27 ett

115 1006 94 29 antal
227 1015 43 20 av
288 1005 78 30 dem
385 1004 184 39 självmant
587 1005 184 38 begränsat
789 1005 52 30 sin
861 1005 220 29 verksamhet
1098 1004 50 30 till
1167 1004 67 31 viss
1256 1005 53 29 del
1329 1014 43 21 av
1389 1005 117 29 landet
1525 1005 80 29 eller

116 1058 49 30 till
192 1067 41 21 en
261 1059 81 30 eller
369 1058 82 30 flera
478 1058 169 30 särskilda
674 1058 350 39 försäkringsgrenar.
1055 1058 243 39 Nyssnämnda
1329 1057 38 31 år
1394 1058 210 30 inbetalades

116 1112 160 39 omkring
300 1112 64 30 570
387 1111 161 39 miljoner
570 1112 130 29 kronor
723 1113 10 30 i
757 1111 147 39 premier
931 1112 51 29 till
1008 1112 41 30 de
1073 1111 134 39 privata
1231 1111 373 39 försäkringsbolagen.

117 1165 166 40 Offentlig
302 1165 149 30 kontroll
471 1166 80 29 över
572 1166 65 29 den
655 1165 158 31 enskilda
832 1165 481 39 försäkringsverksamheten
1335 1166 120 29 utövas
1476 1165 10 30 i
1507 1164 98 40 fråga

116 1228 57 21 om
194 1219 220 39 riksbolagen
436 1222 88 28 samt
545 1219 91 30 läns-
657 1219 65 30 och
746 1219 276 38 häradsbolagen
1044 1228 43 21 av
1106 1221 47 28 ett
1176 1218 138 31 särskilt
1338 1218 127 40 statligt
1487 1226 117 32 organ,

115 1272 467 40 försäkringsinspektionen.
599 1272 318 39 Bolagsordningen
934 1273 88 29 skall
1038 1272 197 36 fastställas,
1255 1272 55 30 för
1329 1272 216 39 riksbolagen
1563 1281 42 21 av

117 1326 122 39 Kungl.
262 1326 101 39 Maj:t
383 1326 64 30 och
467 1326 55 30 för
542 1326 90 30 läns-
652 1326 65 30 och
738 1326 276 38 häradsbolagen
1036 1335 42 21 av
1098 1326 257 30 vederbörande
1376 1326 227 38 länsstyrelse.

116 1379 280 39 Sockenbolagen
420 1380 60 29 äro
504 1379 55 30 för
580 1379 218 30 närvarande
821 1379 154 30 befriade
998 1378 80 31 från
1100 1379 148 39 egentlig
1271 1380 149 29 kontroll
1445 1378 78 31 från
1550 1380 55 29 det

116 1433 193 30 allmännas
337 1433 83 34 sida,
448 1442 79 20 men
554 1433 59 29 äro
639 1433 159 38 skyldiga
825 1434 48 28 att
900 1433 117 29 lämna
1045 1432 241 39 inspektionen
1314 1432 90 31 vissa
1430 1433 175 39 uppgifter

116 1487 147 29 rörande
281 1486 52 30 sin
353 1486 227 30 verksamhet.

157 1539 49 30 De
227 1538 437 31 säkerhetsbestämmelser
685 1548 75 20 som
782 1537 138 39 intagits
942 1538 10 29 i
974 1538 99 38 lagen
1094 1548 57 20 om
1174 1538 344 39 försäkringsrörelse
1540 1539 63 29 och

113 1593 41 29 de
173 1592 398 38 kontrollbefogenheter
591 1601 74 21 som
686 1591 105 39 enligt
811 1592 98 38 lagen
931 1591 195 30 tillkomma
1147 1591 457 39 försäkringsinspektionen

113 1645 113 39 åsyfta
242 1645 149 30 framför
405 1646 60 29 allt
479 1649 49 26 att
543 1644 242 31 åstadkomma
801 1645 157 39 trygghet
973 1645 65 29 och
1055 1644 157 31 soliditet.
1230 1645 78 30 Med
1323 1646 135 38 hänsyn
1475 1645 49 30 till
1540 1646 64 29 den

113 1699 165 30 moderna
296 1698 499 39 försäkringsverksamhetens
812 1698 211 38 omfattning
1040 1699 64 29 och
1123 1702 91 26 stora
1233 1698 127 31 sociala
1378 1699 172 39 betydelse
1568 1700 37 28 är

117 1753 54 30 det
192 1753 190 30 emellertid
402 1762 42 21 av
465 1755 69 28 stor
555 1753 72 29 vikt
649 1756 49 27 att
719 1753 66 30 den
806 1753 86 30 även
915 1753 10 29 i
949 1753 109 30 andra
1079 1753 221 30 hänseenden
1323 1753 154 31 bedrives
1500 1754 105 30 ända-

117 1805 193 40 målsenligt
335 1807 65 29 och
425 1809 48 27 att
498 1807 55 29 det
576 1806 113 38 skydd
713 1806 66 30 den
806 1807 38 29 är
868 1807 128 29 avsedd
1022 1809 48 27 att
1095 1807 124 30 bereda
1245 1806 360 40 försäkringstagarna

112 1859 65 29 blir
193 1858 37 30 så
247 1858 155 30 effektivt
418 1859 65 29 och
500 1858 108 38 billigt
625 1868 74 20 som
716 1858 144 39 möjligt.
878 1858 115 38 Lagen
1010 1868 57 20 om
1084 1858 344 39 försäkringsrörelse
1445 1859 160 38 erbjuder

113 1912 9 29 i
140 1912 50 29 sin
208 1912 202 29 nuvarande
427 1911 215 38 utformning
658 1912 174 37 knappast
849 1911 320 39 tillfyllestgörande
1188 1912 172 38 garantier
1377 1913 9 28 i
1405 1913 96 29 dessa
1520 1913 83 29 hän-

113 1965 157 30 seenden.
293 1965 64 30 Vid
378 1964 171 38 åtskilliga
571 1965 180 37 riksdagar
772 1965 45 29 ha
840 1965 118 29 väckts
980 1964 169 30 motioner
1171 1966 80 28 med
1273 1966 179 38 yrkanden
1476 1976 55 19 om
1554 1971 49 25 ut-

113 2018 143 38 redning
282 2018 177 37 angående
483 2017 276 38 rationalisering
784 2028 41 19 av
851 2018 64 30 den
942 2017 156 31 enskilda
1124 2018 480 39 försäkringsverksamheten

113 2072 80 29 eller
215 2071 67 29 viss
305 2072 53 29 del
381 2081 41 19 av
445 2072 211 32 densamma,
680 2081 79 19 men
783 2072 96 29 dessa
903 2071 170 30 motioner
1095 2073 44 28 ha
1163 2072 74 29 icke
1260 2072 121 30 vunnit
1404 2073 201 37 riksdagens

113 2124 107 30 bifall.
240 2119 44 34 År
305 2125 81 29 1937
407 2124 203 30 tillkallades
629 2124 188 30 emeNHertid
837 2124 168 30 särskilda
1026 2125 228 38 sakkunniga,
1276 2126 326 37 försäkringsutred-

113 2178 136 37 ningen,
274 2178 53 29 för
350 2181 47 26 att
419 2178 183 29 verkställa
624 2177 184 37 utredning
831 2177 178 38 angående
1032 2178 489 37 försäkringsverksamheten.
1548 2180 56 29 Ut-

112 2231 189 37 redningen
325 2230 104 37 avsåg
452 2230 103 37 enligt
579 2231 41 29 de
643 2230 184 30 utfärdade
852 2230 189 30 direktiven
1066 2235 47 25 att
1137 2232 116 38 belysa
1278 2233 63 28 och
1367 2232 103 36 enligt
1495 2234 108 28 sunda

114 2282 370 39 försäkringsrättsliga
504 2282 170 38 principer
695 2283 240 37 tillrättalägga
955 2283 156 36 samtliga
1133 2285 40 28 de
1192 2284 179 38 spörsmål,
1392 2295 72 19 som
1485 2286 58 29 äro
1563 2296 41 19 av

113 2336 172 38 betydelse
306 2335 42 38 på
370 2336 396 35 försäkringsväsendets
785 2335 151 30 område.
959 2337 130 28 Genom
1110 2337 110 29 beslut
1243 2337 7 29 i
1272 2337 136 37 januari
1435 2340 80 27 1940
1538 2339 65 29 för-

113 2389 159 29 klarades
303 2392 47 26 att
381 2388 225 37 utredningen
637 2388 67 30 tills
734 2388 116 30 vidare
881 2389 110 29 skulle
1022 2389 75 29 vila.
1130 2390 96 29 Efter
1256 2391 277 37 bemyndigande
1564 2402 40 19 av

114 2443 121 35 Kungl.
265 2442 99 37 Maj:t
392 2441 208 29 förordnade
628 2441 188 30 emellertid
846 2441 196 30 dåvarande
1071 2443 119 29 chefen
1222 2444 54 28 för
1306 2444 296 39 handelsdeparte-

113 2499 126 26 mentet
262 2496 65 29 den
350 2496 40 28 20
413 2495 184 29 november
623 2496 80 28 1942
728 2499 47 25 att
798 2495 329 37 utredningsarbetet
1153 2497 110 28 skulle
1288 2497 5 29 i
1319 2498 189 35 begränsad
1532 2509 70 19 om-
