1872 2802
373 254 142 34 föremål
529 255 55 34 för
597 255 250 44 undersökning
862 268 122 31 genom
1003 269 81 30 1942
1102 256 48 35 års
1165 257 395 45 försäkringsutredning,
1577 272 72 22 som

375 309 7 31 i
403 308 161 34 samband
582 308 77 34 med
680 308 329 44 koncessionsfrågan
1031 312 153 41 upptagit
1205 311 63 33 den
1290 311 49 35 till
1360 311 202 44 behandling
1584 312 64 34 och

375 376 73 21 vars
469 362 211 35 betänkande
700 363 160 35 beräknas
881 363 160 44 föreligga
1062 366 93 33 inom
1176 365 90 34 kort.

499 544 44 40 2.
567 545 648 52 Försäkringsverksamhetens
1236 547 291 41 ekonomiska

873 617 280 41 effektivitet.

797 704 49 39 A.
864 702 361 53 Skadeförsäkring.

584 827 156 34 Kritiken
758 828 146 43 grundar
921 830 48 42 sig
987 829 42 44 på
1047 830 213 34 missvisande
1278 829 161 35 material.

418 905 114 35 Såsom
560 906 86 36 mått
674 907 42 44 på
745 908 476 45 försäkringsverksamhetens
1250 910 204 36 effektivitet
1484 914 9 33 i
1523 910 126 35 ekono-

373 958 101 35 miskt
495 960 160 34 avseende
677 962 152 33 använda
851 963 252 34 motionärerna
1125 962 211 35 beträffande
1358 963 291 44 skadeförsäkring

373 1012 82 34 vissa
481 1011 267 46 sifferuppgifter
772 1015 142 34 rörande
940 1014 226 35 förhållandet
1191 1016 121 34 mellan
1337 1016 172 35 utbetalda
1535 1016 113 35 skade-

373 1066 221 42 ersättningar
610 1066 65 34 och
692 1067 331 43 premieinkomsten.
1043 1068 226 44 Uppgifterna
1286 1069 85 34 hava
1388 1068 146 36 hämtats
1551 1083 41 21 ur
1608 1083 39 20 en

372 1119 9 32 i
402 1117 455 45 försäkringsinspektionens
878 1119 100 45 årliga
997 1120 212 44 publikation
1233 1121 175 35 »Enskilda
1429 1122 219 43 försäkrings-

371 1170 178 35 anstalter»
570 1171 281 36 förekommande
869 1173 306 44 sammanställning
1194 1175 143 34 rörande
1357 1176 156 42 premier,
1533 1175 114 34 skade-

373 1225 230 42 ersättningar,
625 1224 407 45 förvaltningskostnader
1053 1226 65 35 och
1138 1227 187 36 överskott.

415 1278 68 33 Det
506 1278 130 42 privata
660 1277 364 45 försäkringsväsendet
1046 1279 61 34 har
1129 1280 139 43 tidigare
1291 1280 58 34 vid
1372 1280 89 35 olika
1485 1280 162 40 tillfällen,

371 1328 102 35 bland
493 1341 102 23 annat
614 1331 10 33 i
644 1331 183 43 yttranden
847 1335 82 31 över
948 1331 80 35 herr
1047 1334 245 33 Hermanssons
1312 1335 172 33 motioner
1504 1334 143 34 rörande

371 1381 364 45 försäkringsväsendet
752 1384 58 34 vid
829 1396 80 31 1935
928 1385 66 33 och
1014 1388 82 39 1936
1115 1384 49 36 års
1181 1385 178 44 riksdagar,
1377 1385 74 36 haft
1469 1386 178 43 anledning

371 1434 122 43 påvisa,
522 1446 51 24 att
601 1436 39 34 de
668 1450 41 21 ur
737 1437 145 34 nämnda
910 1438 308 44 sammanställning
1246 1438 157 35 hämtade
1431 1439 215 44 uppgifterna

371 1487 71 34 icke
461 1488 116 34 kunna
595 1488 107 44 läggas
721 1489 50 35 till
790 1490 109 43 grund
917 1490 57 35 för
993 1501 49 24 ett
1060 1490 210 36 bedömande
1289 1505 41 21 av
1349 1491 297 45 försäkringsbola-

371 1553 77 30 gens
474 1540 415 45 förvaltningskostnader.
915 1545 64 34 Att
1006 1544 41 34 de
1072 1544 56 35 det
1152 1544 118 36 oaktat
1295 1545 58 34 vid
1378 1544 105 36 kritik
1509 1558 42 21 av
1577 1545 69 34 för-

370 1593 307 44 säkringsväsendet
696 1595 147 43 ständigt
862 1599 140 32 använts
1022 1596 56 36 för
1097 1596 116 36 sådant
1232 1597 152 34 ändamål
1404 1597 61 35 har
1485 1597 161 35 föranlett

369 1645 441 46 försäkringsinspektionen
836 1660 50 24 att
909 1651 10 32 i
944 1650 50 33 sin
1019 1649 134 44 nyligen
1178 1649 166 36 utkomna
1371 1649 274 45 årspublikation,

370 1699 160 34 avseende
556 1700 56 35 det
636 1700 148 35 enskilda
807 1700 363 45 försäkringsväsendet
1194 1703 107 34 under
1325 1702 36 37 år
1388 1715 93 31 1943,
1506 1704 51 34 till
1582 1704 63 34 den

369 1751 252 44 ifrågavarande
640 1754 348 44 sammanställningen
1008 1754 78 44 foga
1104 1755 268 41 kommentaren,
1392 1768 50 23 att
1460 1756 102 44 några
1580 1757 65 34 till-

369 1804 161 44 förlitliga
558 1805 168 36 slutsatser
755 1807 142 34 rörande
927 1807 200 44 exempelvis
1155 1808 300 36 omkostnadernas
1485 1809 160 44 skälighet

370 1857 71 35 icke
462 1858 116 34 kunna
600 1859 114 43 dragas
736 1873 41 21 ur
798 1859 39 35 de
859 1859 141 36 anförda
1022 1860 168 35 siffrorna.

412 1910 52 34 Då
486 1912 214 34 motionerna
722 1912 124 34 inledas
866 1913 78 35 med
966 1927 40 20 en
1029 1913 135 44 uppgift
1185 1918 84 30 över
1289 1915 66 34 vad
1376 1915 139 35 svenska
1537 1915 108 35 folket

368 1963 147 44 erlägger
533 1966 10 32 i
561 1964 143 43 avgifter
721 1964 57 36 för
795 1965 368 44 försäkringsändamål,
1183 1967 98 35 torde
1297 1969 253 33 motionärerna
1568 1969 77 34 med

368 2017 48 34 sin
443 2016 107 34 kritik
576 2031 41 20 av
642 2017 225 35 kostnaderna
895 2032 74 21 avse
997 2019 40 34 de
1064 2019 190 41 kostnader,
1283 2020 40 35 de
1349 2020 139 35 svenska
1515 2021 129 35 försäk-

368 2070 227 43 ringstagarna
619 2070 42 34 ha
685 2082 50 23 att
758 2070 108 35 betala
889 2071 56 35 för
969 2073 58 34 sitt
1050 2071 322 45 försäkringsskydd.
1398 2074 245 35 Sammanställ-

367 2123 123 42 ningen
514 2123 12 33 i
549 2122 456 45 försäkringsinspektionens
1031 2124 262 44 årspublikation
1319 2129 36 32 är
1379 2127 154 36 däremot
1559 2141 85 30 upp-

367 2175 111 34 rättad
495 2174 43 45 på
555 2175 83 35 basis
655 2189 43 21 av
715 2177 65 34 den
798 2177 288 43 premieinkomst,
1105 2190 72 22 som
1195 2177 136 37 erhålles
1349 2192 123 30 genom
1490 2192 51 23 att
1557 2180 86 35 först

367 2227 50 35 till
445 2228 41 34 de
514 2228 111 35 direkt
651 2228 77 35 från
756 2228 342 45 försäkringstagarna
1126 2230 147 35 erhållna
1301 2233 189 42 premierna
1519 2233 124 42 (direkt

366 2280 99 43 affär)
492 2280 93 44 lägga
610 2280 75 36 från
711 2282 115 40 andra,
851 2282 265 45 huvudsakligen
1141 2283 176 36 utländska
1343 2284 99 45 bolag
1467 2296 175 34 mottagna

365 2335 146 42 premier
534 2333 57 35 för
614 2333 300 45 återförsäkringar
938 2335 162 42 (indirekt
1124 2336 100 43 affär)
1249 2336 66 35 och
1339 2337 99 35 sedan
1464 2338 144 44 avdraga
1633 2341 9 32 i

368 2424 37 21 IO
