1874 2790
477 146 403 40 Bevillningsutskottets
908 144 216 31 betänkande
1150 152 43 21 nr
1218 142 50 31 67.
1609 139 18 30 3

129 234 93 35 1933,
248 234 88 30 dock
361 235 50 28 att
436 233 137 29 skatten
600 230 112 31 skulle
738 230 109 30 under
873 230 93 29 tiden
993 229 63 29 den
1088 229 11 28 1
1127 227 66 39 juli
1222 226 81 30 19383
1328 243 43 4 —
1393 226 65 29 den
1484 224 40 30 30
1546 223 79 40 juni

129 285 83 31 1934
232 285 81 39 utgå
334 285 79 30 med
434 283 19 30 3
473 284 57 29 öre
552 283 54 29 för
627 282 89 29 liter.

171 335 202 32 Emellertid
393 334 128 31 beslöts
543 334 197 30 sedermera
762 333 55 29 vid
838 331 199 41 upprepade
1059 329 172 34 tillfällen,
1254 330 50 28 att
1327 328 159 30 skattens
1504 326 123 30 ikraft-

128 387 169 31 trädande
329 386 112 30 skulle
471 384 230 41 uppskjutas;
733 384 56 29 det
819 384 136 29 senaste
985 381 194 41 uppskovet
1209 379 128 31 beslöts
1366 378 57 31 vid
1458 377 80 30 1947
1571 377 57 30 års

126 438 143 39 riksdag
294 437 65 31 och
385 436 111 40 gällde
521 436 54 30 för
599 435 98 30 tiden
721 434 52 29 till
799 434 67 30 den
894 434 14 29 1
935 432 67 40 juli
1028 431 94 31 1948.
1149 429 227 32 Beträffande
1402 429 41 30 de
1469 429 162 29 närmare

125 489 154 30 motiven
296 488 53 30 till
368 488 103 30 dessa
490 487 160 40 uppskov
669 485 98 31 torde
788 484 36 31 få
842 484 164 30 hänvisas
1025 483 45 30 bl.
1090 492 30 20 a.
1139 482 52 30 till
1213 480 301 39 propositionerna
1535 478 95 30 1937:

128 540 72 35 113,
222 540 97 30 1940:
338 539 72 35 135,
432 538 98 30 1941:
547 537 73 35 230,
644 536 99 31 1946:
760 536 40 30 42
820 536 63 30 och
906 534 98 31 1947:
1020 534 51 30 65.

170 591 54 30 Då
242 590 269 39 beskattningen
531 598 42 21 av
592 587 205 40 motorsprit
816 604 45 4 —
879 586 80 30 med
979 585 146 40 tillhopa
1148 584 38 30 15
1208 585 58 29 öre
1286 583 55 30 för
1363 582 78 30 liter
1460 599 44 3 —
1525 582 107 29 sattes

127 643 10 28 i
160 642 96 30 kraft
279 642 66 30 den
370 641 14 29 1
408 640 67 40 juli
501 639 82 31 1948
606 638 232 31 motiverades
860 638 96 30 detta
977 636 78 31 med
1079 637 52 30 att
1152 633 271 40 beskattningen
1447 642 41 21 av
1510 631 123 31 bensin

129 693 80 30 från
228 693 64 30 och
312 692 78 30 med
413 692 67 29 den
501 692 14 29 1
539 690 90 41 april
649 698 134 22 samma
804 689 38 30 år
861 688 96 40 höjts
977 688 78 29 med
1075 687 40 30 27
1137 687 58 29 öre
1215 686 54 30 för
1289 684 78 30 liter
1389 683 82 31 eller
1491 683 78 31 från
1593 681 40 30 18

128 745 58 29 öre
204 744 53 30 till
274 743 40 31 45
333 744 59 29 öre
411 743 56 30 för
485 742 76 30 liter
585 741 53 34 (se
658 740 262 41 propositionen
942 738 98 31 1948:
1056 737 97 34 277).

175 837 120 30 Såsom
316 835 156 40 framgår
493 844 41 22 av
554 833 263 42 propositionen
837 833 68 30 den
926 832 39 30 31
987 840 93 21 mars
1105 830 84 30 1950
1216 829 58 34 (nr
1296 828 81 34 237)
1402 828 80 30 med
1504 826 132 39 förslag

131 889 53 29 till
204 888 44 31 bl.
270 897 29 20 a.
322 886 206 39 förordning
550 885 179 40 angående
753 884 133 30 ändrad
909 883 128 40 lydelse
1059 891 42 21 av
1126 882 14 29 1
1168 882 15 36 8
1207 880 11 30 i
1241 880 84 30 1929
1350 880 56 30 års
1430 876 207 40 förordning

131 939 189 30 framlades
340 939 56 29 för
418 937 82 30 1950
521 937 55 30 års
598 936 143 39 riksdag
759 935 132 39 förslag
910 944 57 20 om
987 932 175 40 sänkning
1179 950 45 3 —
1244 931 80 30 från
1344 930 65 30 och
1429 929 78 30 med
1528 929 67 29 den
1620 928 14 29 1

131 989 138 37 januari
286 989 76 29 1951
380 1006 42 3 —
437 997 41 21 av
494 987 264 37 beskattningen
774 986 20 30 å
811 985 124 31 bensin
952 984 76 30 med
1046 983 39 30 20
1102 984 58 29 öre
1178 982 54 30 för
1250 982 76 30 liter
1343 981 83 30 eller
1442 979 100 31 alltså
1558 978 79 30 från

133 1041 40 30 45
191 1041 53 29 till
262 1040 39 30 25
319 1041 58 29 öre
394 1040 55 29 för
466 1039 87 29 liter.
571 1037 267 41 Propositionen
856 1035 209 31 hänvisades
1082 1034 54 30 till
1153 1031 391 41 bevillningsutskottet,
1562 1038 76 23 som

132 1092 11 28 i
165 1092 60 29 sitt
248 1090 220 30 betänkande
492 1090 65 30 den
578 1089 20 29 4
619 1088 71 40 maj
718 1088 82 31 1950
829 1087 58 34 (nr
911 1087 58 35 51)
996 1086 190 39 tillstyrkte
1207 1082 267 41 ifrågavarande
1496 1081 142 38 förslag.

133 1141 404 40 Bevillningsutskottets
556 1139 221 30 betänkande
797 1138 199 40 godkändes
1015 1146 42 21 av
1074 1136 189 38 riksdagen
1287 1133 184 35 (skrivelse
1490 1141 42 21 nr
1553 1130 81 34 264)

134 1193 65 30 och
216 1192 211 39 författning
444 1192 11 29 i
473 1193 116 28 ämnet
606 1190 205 30 utfärdades
831 1190 68 29 den
918 1189 18 30 2
954 1188 77 40 juni
1052 1187 83 30 1950
1160 1185 58 35 (nr
1237 1184 96 34 414).

183 1280 13 29 I
216 1277 397 40 bevillningsutskottets
633 1275 241 40 nyssnämnda
892 1273 220 31 betänkande
1133 1282 41 20 nr
1194 1271 39 30 51
1255 1271 89 29 hade
1364 1269 170 30 utskottet
1552 1267 90 40 jäm-

136 1330 56 29 väl
215 1329 116 30 berört
356 1328 124 40 frågan
506 1337 55 21 om
585 1326 270 39 beskattningen
881 1334 42 21 av
946 1323 213 40 motorsprit.
1188 1322 151 30 Sålunda
1366 1320 157 39 återgavs
1547 1318 12 30 i
1584 1318 57 30 be-

134 1379 193 30 tänkandet
344 1379 45 29 bl.
408 1388 30 20 a.
458 1388 42 20 en
517 1378 97 29 inom
633 1376 326 39 kontrollstyrelsen
979 1373 200 41 upprättad,
1199 1373 66 29 den
1285 1371 41 31 26
1345 1370 89 41 april
1457 1369 82 30 1950
1559 1369 82 38 dag-

137 1430 150 30 tecknad
303 1429 244 40 promemoria,
563 1428 74 30 vari
655 1427 214 39 ifrågasatts,
886 1425 174 30 huruvida
1075 1424 78 30 icke
1170 1422 270 38 beskattningen
1456 1430 43 20 av
1514 1421 129 29 motor-

139 1480 87 40 sprit
242 1480 106 30 borde
366 1480 180 39 upphävas
562 1479 12 29 i
589 1478 174 30 samband
780 1477 79 30 med
878 1476 219 39 sänkningen
1114 1484 42 21 av
1173 1473 276 31 bensinskatten.

184 1531 67 30 För
270 1538 84 32 egen
373 1530 54 30 del
446 1529 136 40 yttrade
600 1527 381 40 bevillningsutskottet
1000 1528 49 28 att
1069 1526 66 29 den
1156 1523 236 40 föreliggande
1411 1522 233 38 utredningen

139 1581 76 30 icke
238 1581 162 29 lämnade
421 1579 203 39 tillräckligt
646 1578 168 39 underlag
836 1578 55 30 för
912 1576 217 31 bedömande
1152 1584 42 21 av
1216 1574 124 40 frågan
1363 1582 56 21 om
1442 1572 80 31 eller
1543 1573 12 29 i
1577 1571 67 30 vad

140 1632 83 30 mån
247 1641 42 20 en
314 1631 149 39 ändring
485 1631 12 29 i
522 1630 93 30 detta
641 1628 256 39 sammanhang
920 1627 105 30 borde
1051 1626 60 30 ske
1136 1625 222 31 beträffande
1384 1622 261 41 motorsprilbe-

141 1682 235 39 skattningen.
396 1681 52 30 Då
467 1681 105 39 enligt
591 1680 189 30 utskottets
800 1679 132 39 förslag
951 1677 219 39 sänkningen
1191 1686 41 20 av
1250 1674 394 39 bensinbeskattningen

143 1733 112 30 skulle
277 1733 101 29 träda
399 1733 10 29 i
434 1732 94 30 kraft
551 1731 89 30 först
663 1731 67 29 den
754 1730 15 29 1
793 1730 141 39 januari
960 1728 93 35 1951,
1076 1736 82 21 vore
1181 1728 56 29 det
1259 1726 76 30 icke
1358 1725 213 39 nödvändigt
1595 1725 51 29 att

140 1783 213 30 omedelbart
372 1785 80 37 taga
473 1781 164 40 ställning
657 1781 53 30 till
729 1780 124 39 frågan
873 1788 57 21 om
950 1776 484 42 motorspritbeskattningen.
1455 1775 116 39 Enligt
1591 1776 53 28 ut-

141 1834 146 30 skottets
306 1833 143 39 mening
466 1832 117 30 kunde
601 1832 80 29 med
700 1831 220 30 sistnämnda
938 1829 115 39 frågas
1073 1828 197 40 avgörande
1289 1826 101 31 anstå
1408 1826 165 39 antingen
1592 1825 52 30 till

145 1884 84 30 1950
245 1884 55 30 års
316 1884 161 38 riksdags
493 1882 216 30 höstsession
726 1881 81 29 eller
823 1881 51 29 till
894 1880 81 29 1951
993 1879 57 30 års
1062 1879 156 38 riksdag.
1235 1877 121 40 Någon
1373 1876 150 30 särskild
1540 1876 108 29 fram-

144 1934 165 39 ställning
339 1933 52 30 till
422 1931 125 41 Kungl.
578 1931 106 39 Maj:t
715 1931 148 29 rörande
894 1929 191 31 eventuella
1118 1928 189 39 ändringar
1336 1928 11 29 i
1378 1926 269 39 beskattningen

145 1994 41 21 av
206 1984 202 39 motorsprit
429 1984 116 38 syntes
563 1982 77 30 icke
661 1981 214 39 erforderlig.

185 2034 13 30 I
219 2043 42 20 en
280 2033 57 30 vid
356 2033 189 29 utskottets
564 2031 222 30 betänkande
807 2030 105 40 fogad
931 2029 214 30 reservation
1170 2028 58 34 (av
1248 2028 121 30 herrar
1390 2027 123 30 Gustaf
1535 2026 113 30 Elofs-

142 2095 64 20 son
224 2094 43 20 m.
286 2084 55 34 fl.)
366 2083 175 34 anfördes,
559 2084 50 28 att
626 2082 281 39 tilläggsskatten
925 2081 19 30 å
961 2081 18 29 9
997 2081 57 29 öre
1074 2089 61 31 per
1154 2079 77 30 liter
1248 2079 55 30 för
1320 2076 204 42 motorsprit
1542 2076 107 31 borde

142 2137 177 37 borttagas
341 2135 80 30 från
443 2134 64 29 och
525 2134 78 29 med
625 2134 66 29 den
715 2133 14 29 1
750 2132 65 40 juli
838 2132 94 34 1950,
952 2131 119 30 därvid
1092 2130 114 30 tillika
1226 2130 206 29 förutsattes
1452 2129 50 29 att
1522 2127 126 39 Kungl.

142 2186 106 38 Maj:t
267 2185 113 30 skulle
402 2185 99 29 finna
521 2183 159 41 lämpligt
699 2184 50 28 att
768 2184 138 28 snarast
926 2182 67 29 låta
1015 2181 123 29 utreda
1160 2180 124 38 frågan
1304 2188 56 21 om
1381 2178 267 40 motorspritens

141 2236 234 38 beskattning.

188 2294 73 30 Vad
286 2294 184 29 utskottets
495 2292 173 36 majoritet
694 2292 10 28 i
733 2290 226 31 förevarande
984 2289 195 30 hänseende
1206 2288 150 30 uttalade
1384 2287 197 37 godkändes
1607 2295 42 21 av

145 2345 187 38 riksdagen
359 2343 246 31 (förenämnda
628 2341 167 31 skrivelse
817 2351 41 20 nr
881 2340 95 34 264).

190 2430 129 29 Genom
340 2428 114 29 beslut
477 2428 64 29 den
566 2427 38 29 16
624 2426 79 40 juni
727 2426 82 29 1950
831 2424 195 31 anbefallde
1050 2424 125 38 Kungl.
1199 2422 105 40 Maj:t
1325 2421 325 39 kontrollstyrelsen

148 2482 50 28 att
228 2479 208 40 skyndsamt
463 2477 188 31 verkställa
680 2476 186 38 utredning
895 2474 176 39 angående
1099 2474 42 30 de
1170 2473 128 40 följder
1325 2472 79 31 med
1435 2471 169 31 avseende
1633 2471 19 30 å
