1884 2812
545 171 274 31 Statsutskottets
845 171 175 30 utlåtande
1046 180 40 21 nr
1102 171 69 29 230.
1599 164 19 29 d

108 255 293 35 kenskapsverket
423 254 19 31 å
463 255 52 30 sin
536 255 73 29 sida
631 255 75 29 icke
724 258 110 26 ansett
852 264 43 20 en
915 254 130 30 allmän
1065 253 165 36 reglering
1249 263 42 20 av
1310 250 124 39 frågan
1453 251 160 37 påkallad

109 297 80 30 eller
213 306 58 21 ens
291 296 129 37 möjlig.
447 297 113 35 Enligt
581 297 72 29 min
677 297 137 36 mening
835 297 85 29 böra
944 295 106 36 några
1071 296 169 35 generella
1262 295 259 30 bestämmelser
1541 294 75 30 icke

108 340 174 30 meddelas
306 350 57 20 om
391 340 333 36 förutsättningarna
748 339 53 31 för
825 340 67 29 rätt
915 339 50 30 till
990 338 190 36 ersättning
1206 338 56 29 för
1288 337 132 31 sådana
1446 338 169 29 resekost-

109 383 116 34 nader,
256 391 119 20 varom
405 382 63 29 här
498 383 37 28 är
563 382 108 35 fråga,
700 382 79 30 eller
807 391 57 20 om
895 381 195 35 grunderna
1118 380 56 29 för
1203 380 205 35 ersättnings
1436 378 178 37 utgående.

110 424 64 37 Jag
193 424 58 29 vill
268 424 10 29 i
298 424 111 30 stället
429 424 151 36 förorda,
599 427 48 26 att
666 423 122 37 Kungl.
809 422 101 37 Maj:t
928 423 176 29 inhämtar
1122 422 200 36 riksdagens
1340 422 276 37 bemyndigande

110 469 59 32 att,
202 467 9 28 i
244 465 129 32 sådana
403 466 63 29 fall
498 475 74 21 som
603 466 130 36 åsyftas
766 465 10 30 i
807 466 42 29 de
879 465 235 35 föreliggande
1144 464 353 36 framställningarna,
1531 463 84 30 efter

108 508 170 36 prövning
304 517 41 21 av
372 508 337 36 omständigheterna
733 508 158 31 meddela
915 507 218 30 föreskrifter
1156 516 57 20 om
1240 506 188 36 ersättning
1453 507 54 29 för
1530 515 84 26 upp-

109 552 211 29 kommande
339 551 222 30 merkostnad
582 552 54 29 för
652 550 359 36 befattningshavares
1031 559 75 20 resa
1126 550 126 29 mellan
1271 550 123 30 bostad
1412 549 64 29 och
1496 548 119 36 tjänst-

107 593 239 36 göringsplats.

151 685 60 30 Fri
233 685 257 36 tjänstebostad
511 686 82 29 eller
615 684 301 36 hyresersättning
940 684 52 30 till
1013 684 92 29 vissa
1126 684 216 30 överläkare.
1364 683 118 30 Under
1504 684 111 35 punk-

110 738 57 28 ten
189 737 20 29 3
233 738 10 27 i
268 735 374 36 statsrådsprotokollet
668 736 157 30 förordas
852 735 90 30 vissa
964 734 187 36 ändringar
1173 744 42 20 av
1239 735 41 28 49
1305 735 17 35 8
1347 735 18 29 5
1391 743 114 26 mom.,
1532 735 39 28 52
1597 733 18 37 $

111 788 16 27 7
151 796 105 22 mom.
282 787 18 29 5
323 787 157 36 punkten
502 787 65 29 och
592 786 41 30 66
657 786 17 36 8
700 787 18 28 2
744 795 104 21 mom.
874 785 100 30 civila
998 784 409 36 avlöningsreglementet,
1435 783 181 37 påkallade

109 846 42 20 av
172 838 41 29 de
230 837 111 29 beslut
360 837 234 29 innevarande
612 836 139 37 riksdag
769 836 144 36 tidigare
931 836 102 29 fattat
1053 835 10 29 i
1085 834 185 36 anledning
1291 844 41 20 av
1356 834 121 36 Kungl.
1499 833 116 36 Maj:ts

108 887 129 37 förslag
262 887 71 31 dels
356 888 10 29 i
391 886 446 37 statsverkspropositionen
861 887 111 29 under
993 886 105 29 femte
1121 885 226 35 huvudtiteln,
1373 886 154 35 punkten
1555 886 61 28 124

113 937 164 39 (anslaget
302 937 49 31 till
377 937 200 36 avlöningar
603 938 56 31 vid
683 941 127 26 statens
836 935 276 40 sinnessjukhus)
1142 937 64 29 och
1230 936 71 30 dels
1325 935 9 29 i
1358 935 257 37 propositionen

109 998 40 20 nr
169 989 63 29 225
253 988 177 36 angående
451 987 88 32 vissa
557 989 120 36 anslag
695 987 49 32 til
763 987 215 37 fångvården
1000 997 44 22 m.
1066 997 44 19 m.

153 1091 98 31 Vissa
276 1092 191 36 ändringar
490 1093 11 29 i
524 1092 102 30 civila
650 1091 430 37 avlöningsreglementets
1105 1091 264 29 bestämmelser
1393 1091 56 29 för
1473 1090 142 36 tjänste-

108 1143 84 29 män
213 1143 57 30 vid
294 1145 133 28 statens
448 1144 227 35 skyddshem.
699 1143 65 30 Vid
786 1143 161 35 punkten
969 1143 19 28 4
1013 1142 10 29 i
1049 1141 385 36 statsrådsprotokollet
1457 1141 159 30 förordat

111 1194 129 36 förslag
264 1203 57 20 om
346 1194 187 35 ändringar
557 1193 10 29 i
593 1194 40 29 52
658 1194 17 36 8
699 1194 18 28 4
742 1202 104 21 mom.
871 1192 99 31 civila
993 1192 401 36 avlöningsreglementet
1415 1194 89 27 samt
1527 1191 11 29 i
1560 1201 55 20 ru-

110 1244 120 29 briken
254 1244 50 30 till
328 1253 134 21 samma
486 1248 153 26 moment
660 1245 37 29 är
721 1244 162 30 föranlett
906 1252 42 21 av
970 1243 202 35 riksdagens
1193 1243 111 29 beslut
1326 1251 56 21 om
1406 1242 132 30 ändrad
1560 1243 55 29 be-

110 1295 166 36 nämning
300 1304 42 20 av
364 1295 303 36 skyddshemmen.

152 1381 198 41 Ändringar
375 1386 11 30 i
411 1385 102 31 civila
538 1387 429 36 avlöningsreglementets
990 1388 263 29 bestämmelser
1278 1397 58 20 om
1361 1388 255 36 tjänstebostad

108 1435 35 31 åt
166 1436 266 36 landshövding.
456 1436 283 37 Ifrågavarande,
760 1438 113 29 under
895 1438 159 35 punkten
1077 1438 18 29 5
1121 1438 9 29 i
1154 1438 384 36 statsrådsprotokollet
1559 1440 57 29 be-

111 1487 173 30 handlade
307 1488 130 35 förslag
459 1497 98 20 avser
579 1487 107 31 sådan
709 1488 146 36 ändring
880 1497 42 21 av
946 1488 41 29 60
1013 1488 18 36 $
1055 1488 18 30 5
1099 1498 104 20 mom.
1232 1490 13 28 1
1273 1490 155 35 punkten
1453 1488 31 40 a)
1516 1489 99 30 civila

111 1536 410 37 avlöningsreglementet,
548 1547 74 20 som
647 1538 65 30 blir
736 1537 153 36 påkallat
912 1537 57 32 vid
993 1538 99 30 bifall
1118 1538 48 29 till
1189 1542 45 26 ett
1261 1538 5 29 i
1291 1539 259 36 propositionen
1575 1547 41 21 nr

112 1588 63 29 280
194 1588 161 35 framlagt
376 1587 139 38 förslag,
535 1591 48 26 att
604 1588 271 36 landshövdings
894 1588 250 36 tjänstebostad
1166 1588 56 30 vid
1243 1589 164 30 tillträdet
1429 1590 86 31 skall
1533 1598 83 21 vara

110 1637 140 30 försedd
274 1639 79 29 med
378 1637 90 30 vissa
492 1638 207 30 inventarier
725 1639 54 29 för
805 1638 463 38 representationsändamål,
1293 1638 113 31 såsom
1431 1640 184 29 köksuten-

111 1688 101 34 silier,
234 1688 140 35 porslin,
397 1689 83 35 glas,
502 1689 100 30 silver
623 1690 64 28 och
712 1689 140 37 duktyg.
877 1688 181 36 Samtidigt
1080 1688 143 32 föreslås
1246 1689 10 29 i
1277 1689 151 36 enlighet
1451 1690 77 29 med
1549 1690 65 29 vad

111 1748 74 20 som
212 1738 132 32 anförts
370 1738 11 29 i
405 1739 151 29 nämnda
584 1739 223 37 proposition,
832 1743 48 26 att
902 1739 184 35 riksdagen
1112 1739 86 30 skall
1226 1740 116 29 lämna
1368 1740 121 35 Kungl.
1515 1739 101 36 Maj:t

110 1787 83 31 visst
213 1788 276 37 bemyndigande
509 1789 9 29 i
541 1786 98 38 fråga
660 1799 56 19 om
738 1789 107 37 inköp
866 1798 42 20 av
931 1788 117 38 dylika
1071 1789 206 30 inventarier
1298 1789 34 31 åt
1353 1789 262 36 landshövding,

112 1848 74 20 som
208 1839 132 30 tillträtt
361 1838 150 36 tjänsten
533 1838 73 31 före
627 1840 64 30 den
719 1840 12 28 1
755 1840 63 36 juli
841 1840 93 29 1946.

154 1925 197 41 Ändringar
381 1940 11 20 i
423 1930 102 30 civila
566 1930 431 37 avlöningsreglementets
1039 1931 173 30 särskilda
1256 1932 264 29 bestämmelser
1560 1932 56 29 för

110 1981 321 30 landssekreterare
459 1982 65 28 och
558 1982 318 29 landskamrerare.
906 1981 118 30 Under
1052 1982 159 35 punkten
1240 1982 19 29 6
1288 1982 9 29 i
1329 1981 286 37 statsrådsproto-

111 2031 105 29 kollet
244 2032 191 29 behandlas
463 2033 159 28 närmare
651 2033 41 28 de
720 2032 188 35 ändringar
936 2031 11 30 i
975 2032 39 29 52
1044 2032 17 36 8
1095 2033 37 28 12
1160 2041 104 21 mom.
1293 2032 100 30 civila
1422 2032 193 36 avlönings-

112 2081 227 37 reglementet,
364 2081 93 29 vilka
479 2081 196 30 föranledas
699 2091 41 21 av
762 2083 66 28 den
848 2082 10 29 i
881 2081 258 36 propositionen
1163 2092 40 19 nr
1224 2083 63 29 280
1310 2082 193 35 föreslagna
1526 2083 89 29 löne-

110 2131 210 35 regleringen
345 2132 54 29 för
423 2132 309 30 landssekreterare
755 2133 64 28 och
842 2133 310 29 landskamrerare.
1179 2132 180 36 Samtidigt
1381 2133 158 29 förordas
1560 2133 55 29 be-

112 2181 232 37 myndigande
384 2181 55 30 för
480 2181 121 36 Kungl.
642 2181 99 36 Maj:t
772 2186 48 25 att
848 2183 71 29 dels
950 2182 138 30 utfärda
1119 2182 223 36 erforderliga
1372 2182 244 36 övergångsbe-

113 2232 215 29 stämmelser
357 2231 9 29 i
397 2231 185 35 anledning
607 2241 42 20 av
678 2232 300 35 löneregleringen,
1010 2232 70 30 dels
1108 2233 65 28 ock
1204 2232 9 28 i
1242 2231 81 30 mån
1351 2243 41 19 av
1423 2233 111 29 behov
1561 2233 55 28 be-

112 2282 88 29 sluta
220 2290 56 19 om
298 2281 348 35 löneklassplacering
668 2282 53 28 för
740 2282 154 28 nämnda
915 2281 207 35 tjänstemän
1146 2281 76 30 från
1244 2283 64 28 och
1329 2283 78 28 med
1429 2283 64 28 den
1517 2283 12 28 1
1554 2281 62 36 juli

116 2331 82 28 1946
222 2331 76 28 med
327 2330 171 30 avvikelse
524 2330 75 30 från
625 2331 305 29 bestämmelserna
956 2330 10 29 1
992 2332 19 28 8
1040 2331 17 36 8
1083 2330 99 30 civila
1206 2331 410 35 avlöningsreglementet.

156 2421 97 30 Vissa
279 2421 233 36 tiänstemäns
539 2421 56 31 vid
624 2422 286 29 affärsdrivande
938 2423 82 28 verk
1048 2421 165 36 återgång
1240 2422 50 29 till
1320 2423 96 29 förut
1442 2422 174 30 innehavd

111 2471 207 36 befattning,
339 2481 45 20 m.
405 2481 44 21 m,.
473 2472 10 29 I
505 2471 253 37 propositionen
779 2482 41 20 nr
839 2473 63 29 239
922 2473 62 29 har
1005 2473 178 34 framlagts
1204 2473 127 36 förslag
1353 2472 175 36 angående
1551 2473 65 30 för-
