1866 2802
457 165 109 27 Andra
589 165 219 34 lagutskottets
832 162 161 28 utlåtande
1017 170 39 19 nr
1077 162 37 27 35
1137 162 36 27 år
1195 161 75 27 1959
1571 162 38 30 17

178 248 38 33 b)
244 249 49 28 att
315 247 171 30 utskottet
508 246 78 29 bort
607 244 196 34 hemställa,

444 301 51 28 att
519 299 186 39 riksdagen
730 298 11 29 i
766 297 189 39 anledning
979 305 42 21 av
1047 295 227 31 förevarande
1299 294 183 33 motioner,

446 352 35 33 1)
512 352 28 29 I:
559 351 60 30 167
645 351 64 30 och
735 351 45 29 II:
798 350 78 35 218;
904 351 91 29 samt

445 406 36 34 2)
512 406 29 29 I:
558 404 62 31 319
646 404 64 30 och
736 404 45 30 II:
798 403 74 35 391,

445 459 108 32 måtte
574 458 54 30 för
649 458 54 30 sin
725 458 53 30 del
802 459 126 38 antaga
950 456 158 40 följande

788 618 155 31 Förslag
965 617 64 26 till

785 698 226 40 Förordning

180 773 181 41 angående
378 772 136 32 ändrad
530 771 130 40 lydelse
676 782 41 20 av
734 771 22 30 3
775 770 68 31 och
861 770 21 31 5
901 770 42 39 88
963 769 261 39 förordningen
1241 768 69 30 den
1326 767 24 30 4
1366 769 79 38 juni
1465 765 95 32 1954

232 827 63 40 (nr
324 826 90 39 519)
446 825 183 41 angående
656 824 242 31 kostnadsfria
926 823 87 31 eller
1041 822 235 41 prisnedsatta
1303 820 208 32 läkemedel.

181 916 212 39 Härigenom
412 914 197 34 förordnas,
629 915 50 28 att
706 913 9 30 3
733 912 65 30 och
816 913 18 29 5
855 917 35 35 88
910 911 252 39 förordningen
1183 911 66 30 den
1268 910 19 29 4
1307 910 77 40 juni
1407 908 83 31 1954
1510 908 105 40 angå-

125 970 87 29 ende
231 968 241 30 kostnadsfria
491 968 82 29 eller
591 967 237 40 prisnedsatta
847 965 193 31 läkemedel
1061 965 99 29 skola
1178 963 131 30 erhålla
1330 963 134 30 ändrad
1484 962 130 40 lydelse

126 1023 44 39 på
195 1024 69 28 sätt
288 1022 114 30 nedan
428 1020 153 40 angives.

834 1099 18 30 3
879 1104 26 35 &

181 1165 13 29 I
216 1165 108 29 annat
346 1163 60 30 fall
426 1164 45 29 än
492 1172 76 20 som
588 1171 98 21 avses
708 1162 10 29 i
742 1162 17 30 2
778 1166 12 35 &
813 1163 80 38 äger
913 1161 58 30 vid
993 1161 168 39 sjukdom
1183 1160 65 30 den
1272 1168 74 21 som
1368 1160 37 29 är
1428 1158 187 31 försäkrad

124 1218 142 40 jämlikt
288 1218 100 39 lagen
411 1226 56 20 om
491 1216 131 30 allmän
645 1215 287 40 sjukförsäkring
954 1215 58 29 vid
1035 1214 109 40 inköp
1167 1223 41 20 av
1230 1212 202 34 läkemedel,
1458 1221 74 21 som
1557 1221 58 20 en-

126 1271 61 39 ligt
207 1270 385 41 apoteksvarustadgan
611 1270 67 29 den
700 1268 39 30 14
760 1268 186 30 november
968 1267 83 30 1913
1078 1268 59 32 (nr
1157 1267 80 33 308)
1262 1268 38 29 är
1321 1268 49 28 att
1391 1265 150 31 hänföra
1563 1265 52 30 till

126 1325 231 39 apoteksvara
377 1324 82 29 eller
479 1332 75 21 som
573 1324 85 28 utan
677 1324 50 28 att
747 1322 124 39 utgöra
892 1321 231 40 apoteksvara
1142 1320 195 30 innehåller
1358 1320 64 39 gift
1442 1328 42 21 av
1504 1319 111 30 första

126 1378 151 34 klassen,
295 1377 139 39 åtnjuta
452 1376 225 39 nedsättning
695 1385 41 20 av
753 1375 169 30 fastställt
937 1374 73 40 pris
1028 1374 54 30 för
1099 1374 208 30 läkemedlet
1323 1374 78 29 med
1419 1372 137 31 hälften
1574 1382 42 20 av

126 1432 57 29 det
204 1431 135 39 belopp,
362 1430 143 29 varmed
528 1429 108 40 priset
659 1428 57 30 må
737 1428 173 40 överstiga
934 1428 69 29 fem
1028 1427 141 30 kronor.
1192 1427 71 29 Har
1287 1427 110 30 under
1421 1435 43 21 en
1489 1425 125 31 formel

127 1484 199 30 förskrivits
350 1483 87 29 flera
459 1482 194 30 läkemedel
675 1482 89 29 skall
787 1480 347 40 prisnedsättningen
1157 1489 79 21 avse
1260 1481 67 29 den
1351 1479 265 39 sammanlagda

125 1537 206 29 kostnaden.
358 1535 44 30 Är
429 1535 240 39 förskrivning
695 1535 129 29 avsedd
851 1536 50 28 att
927 1533 203 40 expedieras
1156 1542 74 21 mer
1257 1534 44 29 än
1327 1542 43 20 en
1397 1532 99 40 gång,
1524 1532 90 30 skall

126 1589 269 40 nedsättningen
417 1588 151 31 hänföra
589 1588 50 40 sig
660 1588 51 29 till
732 1587 99 39 varje
852 1587 208 40 expedition.

181 1652 74 30 Vad
273 1661 46 20 nu
333 1669 45 3 —
388 1669 45 3 —
444 1669 45 3 —
501 1650 137 31 enskild
656 1650 121 40 tjänst.

181 1705 92 30 Från
300 1704 301 41 prisnedsättning
613 1721 44 4 —
668 1721 44 4 —
723 1721 45 3 —
782 1703 135 39 stycket
943 1711 109 22 avses.

833 1792 18 30 5
876 1796 27 36 8

181 1856 203 29 Kostnaden
410 1855 54 30 för
490 1854 338 30 tillhandahållande
854 1863 41 20 av
919 1853 192 30 läkemedel
1138 1853 106 39 enligt
1268 1854 114 29 denna
1409 1852 207 39 förordning

127 1909 169 30 bestrides
327 1917 41 21 av
398 1908 42 30 de
472 1908 178 29 allmänna
682 1906 393 40 centralsjukkassorna
1105 1907 11 28 i
1149 1906 219 30 förhållande
1400 1905 51 30 till
1484 1906 132 29 antalet

127 1962 132 30 sådana
278 1961 229 30 medlemmar
527 1960 57 30 vid
606 1960 174 39 utgången
801 1969 42 20 av
863 1960 57 30 det
941 1959 38 30 år
1000 1959 197 30 kostnaden
1218 1968 108 25 avser,
1349 1967 73 21 som
1446 1960 60 29 äro
1528 1959 88 39 plik-

128 2015 69 39 tiga
229 2016 51 28 att
310 2014 138 40 erlägga
481 2012 418 41 sjukförsäkringsavgift
931 2012 108 40 enligt
1070 2012 101 40 lagen
1202 2021 56 21 om
1290 2012 131 30 allmän
1450 2011 161 41 'sjukför-

127 2068 153 40 säkring.

183 2156 122 29 Denna
324 2155 206 39 förordning
549 2155 114 29 träder
681 2154 10 30 i
710 2154 97 30 kraft
825 2155 66 29 den
912 2154 13 29 1
948 2154 66 39 juli
1035 2153 94 30 1959.

880 2260 59 31 IL

128 2332 41 20 av
187 2323 121 29 herrar
325 2323 129 34 Sunne,
470 2321 283 35 Mannerskantz,
770 2321 175 36 Edström,
962 2321 193 29 Jacobsson
1175 2320 9 29 i
1202 2321 104 34 Tobo,
1326 2321 125 30 fröken
1472 2321 146 29 Wetter-

128 2376 109 29 ström
264 2376 64 29 och
356 2375 55 29 fru
438 2375 218 35 Sandström,
682 2374 95 30 vilka
804 2373 221 31 beträffande
1053 2373 41 30 40
1122 2374 63 29 och
1212 2373 41 30 42
1281 2378 35 35 88
1344 2374 100 39 lagen
1471 2382 57 21 om
1556 2374 61 29 all-

128 2430 82 28 män
238 2428 286 40 sjukförsäkring
551 2428 124 32 ansett,

184 2490 36 33 a)
248 2491 50 28 att
323 2489 170 30 utskottet
516 2489 77 29 bort
616 2488 124 31 anföra
764 2488 167 40 följande.

126 2554 105 25 2—666
244 2557 31 22 59
311 2556 121 34 Bihang
456 2555 45 28 till
524 2555 175 35 riksdagens
723 2555 147 36 protokoll
896 2556 86 27 1959.
1010 2556 17 26 9
1050 2555 89 28 saml.
1166 2556 17 26 2
1206 2555 66 28 avd.
1300 2556 47 28 Nr
1371 2556 39 27 35
