1920 2856
298 163 39 31 12
500 166 108 28 Första
631 166 187 28 kammarens
842 166 137 29 andra
1004 167 151 35 tillfälliga
1179 168 122 28 utskotts
1324 168 147 29 utlåtande
1494 169 46 28 Nr
1565 170 27 27 6.

295 242 168 38 ändamål,
489 252 79 22 men
593 244 48 29 att
665 242 40 32 de
729 243 240 41 rättsanspråk,
996 254 73 21 som
1092 244 132 31 kronan
1247 245 44 40 på
1310 244 111 41 grund
1437 245 107 33 härav
1560 246 131 31 kunnat
1707 257 84 28 resa,

294 295 88 32 visat
405 295 52 41 sig
479 295 74 32 icke
575 295 161 41 juridiskt
759 295 161 40 hållbara,
946 296 43 31 då
1012 296 129 32 kronan
1159 297 190 32 sedermera
1364 298 89 41 gjort
1470 298 75 32 sina
1561 300 231 40 rättsanspråk

294 348 164 41 gällande.
508 348 117 33 Under
659 349 127 32 sådana
821 349 236 32 förhållanden
1092 355 36 26 är
1154 350 56 32 det
1233 350 101 42 givet,
1360 354 48 29 att
1431 353 149 40 mången
1603 354 114 40 frågar
1741 353 52 41 sig

294 402 67 31 vad
396 412 42 21 en
474 401 182 42 utredning
686 403 175 40 angående
885 403 209 32 återförvärv
1117 403 51 32 till
1190 403 133 32 kronan
1347 415 41 21 av
1412 404 260 41 ifrågavarande
1696 417 96 31 egen-

295 454 80 33 dom
410 455 108 32 skulle
553 455 118 31 kunna
706 460 64 37 äga
793 456 53 32 för
869 456 181 41 betydelse.
1098 457 362 41 Kammarkollegium,
1487 468 75 21 som
1585 459 208 33 anmodades

295 509 122 41 avgiva
451 508 156 41 yttrande
643 513 79 28 över
753 509 76 32 herr
853 509 178 32 Erikssons
1055 510 12 31 i
1091 510 236 41 Grängesberg
1349 511 58 32 vid
1434 512 86 31 1920
1545 513 52 30 års
1621 512 138 42 riksdag
1782 513 11 31 i

295 565 114 28 ämnet
443 562 122 32 väckta
599 562 140 35 motion,
776 573 66 30 gav
869 563 54 31 för
947 563 53 31 sin
1024 563 53 32 del
1100 563 152 41 följande
1278 574 76 22 svar
1377 566 44 39 på
1445 564 114 32 denna
1581 565 110 41 fråga:
1722 566 72 31 »Då

295 633 43 3 —
361 632 43 4 —
428 632 43 4 —
497 617 20 30 å
540 626 63 21 ena
627 615 98 32 sidan
749 616 66 31 den
839 616 110 38 tanke,
975 627 73 21 som
1072 616 105 42 ligger
1200 617 52 31 till
1276 617 111 41 grund
1408 618 53 31 för
1477 618 184 39 motionen,
1674 621 119 38 ytterst

294 669 135 31 bottnar
444 669 12 31 i
473 669 65 31 den
555 669 11 31 i
583 669 63 32 och
669 669 54 32 för
747 669 52 41 sig
822 669 104 42 enligt
949 669 135 42 kollegii
1108 670 140 42 mening
1268 670 74 32 icke
1358 671 144 41 oriktiga
1515 672 278 41 föreställningen

295 724 48 29 att
377 732 124 31 genom
539 723 82 31 1897
652 724 53 30 års
730 722 119 32 domar
873 722 65 32 den
961 723 183 32 materiella
1167 726 111 29 rätten
1302 723 96 33 blivit
1421 724 138 32 lidande
1584 725 49 32 till
1656 726 137 31 förmån

294 776 54 31 för
381 776 64 31 den
478 776 165 38 formella,
669 776 64 32 och
757 776 111 32 denna
895 776 235 42 föreställning
1153 777 267 42 uppenbarligen
1446 778 92 32 delas
1562 789 43 22 av
1628 782 90 29 stora
1741 779 53 32 be-

295 829 322 41 folkningsgrupper
649 829 94 32 inom
773 829 122 39 landet,
920 841 89 28 men,
1035 832 20 30 å
1078 831 105 31 andra
1207 831 108 39 sidan,
1342 831 39 32 de
1406 831 208 41 svårigheter
1637 843 74 21 som
1735 837 58 27 äro

294 883 161 31 förenade
491 883 78 31 med
604 885 47 30 ett
685 882 221 33 realiserande
933 894 43 21 av
999 884 229 32 motionärens
1252 884 102 32 tanke
1378 884 73 32 icke
1476 895 101 31 synas
1601 895 81 22 vara
1705 885 88 32 klart

295 935 149 39 insedda,
478 936 63 31 har
569 936 184 41 kollegium
778 937 52 31 för
855 936 51 32 sin
931 936 53 32 del
1008 936 73 32 icke
1104 939 104 39 något
1232 940 49 29 att
1305 938 109 31 erinra
1438 941 72 28 mot
1534 949 42 20 en
1601 939 191 40 utredning,

295 989 86 31 dock
404 989 74 32 icke
502 990 112 30 såsom
637 989 212 32 motionären
873 1000 96 22 avser
993 989 139 32 allenast
1156 990 176 41 angående
1356 994 99 28 sättet
1478 992 55 31 för
1552 991 241 42 rekognitions-

294 1042 223 32 hemmanens
546 1043 213 31 återförande
783 1042 50 32 till
857 1043 148 32 kronans
1028 1043 66 31 fria
1118 1043 209 41 disposition,
1353 1047 82 29 utan
1459 1045 11 30 i
1494 1045 106 31 första
1623 1045 93 32 hand
1740 1046 54 31 för

295 1095 188 33 utrönande
517 1107 42 20 av
594 1095 222 42 möjligheten
852 1096 62 32 och
944 1096 242 42 lämpligheten
1210 1108 43 21 av
1279 1108 42 21 en
1346 1098 104 31 sådan
1475 1098 128 41 åtgärd.
1629 1116 42 3 —
1695 1091 98 40 Även

295 1160 56 21 om
386 1160 41 21 en
464 1149 105 32 sådan
604 1149 183 42 utredning
816 1150 107 31 skulle
946 1150 79 41 giva
1049 1153 47 29 ett
1118 1151 11 31 i
1153 1150 183 33 huvudsak
1360 1151 153 41 negativt
1537 1152 137 32 resultat
1697 1152 63 31 har
1783 1153 11 30 i

295 1202 66 32 alla
394 1202 61 32 fall
491 1202 139 32 därmed
665 1203 150 39 vunnits,
841 1206 48 29 att
913 1203 111 32 denna
1047 1204 107 31 under
1178 1204 41 31 de
1245 1215 117 21 senare
1385 1206 97 30 årens
1507 1205 176 41 riksdagar
1706 1208 88 29 stän-

295 1256 72 42 digt
401 1256 278 32 återkommande
714 1257 97 41 fråga
839 1257 89 41 finge
952 1268 41 21 en
1018 1259 37 30 så
1078 1257 202 42 fullständig
1305 1257 186 42 belysning,
1518 1261 48 29 att
1590 1258 65 32 den
1677 1259 117 31 kunde

294 1312 45 39 på
362 1313 46 29 ett
431 1310 135 32 säkrare
590 1313 64 29 sätt
678 1315 44 26 än
746 1310 119 32 hittills
889 1321 42 21 av
955 1310 229 33 allmänheten
1208 1311 162 32 bedömas
1390 1312 64 31 och
1479 1312 141 32 därmed
1645 1312 148 33 tilläven-

294 1366 70 38 tyrs
388 1363 91 33 bliva
503 1363 121 32 avförd
647 1364 78 31 från
749 1363 222 33 diskussion.»

340 1417 65 31 Det
437 1427 100 30 synes
563 1417 162 31 utskottet
749 1427 71 21 som
847 1428 55 20 om
926 1422 85 27 även
1036 1417 41 32 de
1101 1418 91 32 vilka
1216 1418 11 31 i
1253 1418 61 32 sak
1337 1418 115 41 intaga
1477 1429 43 21 en
1545 1429 113 21 annan
1682 1418 112 32 stånd-

294 1470 111 41 punkt
432 1475 44 26 än
500 1470 249 32 motionärerna
773 1470 11 32 i
809 1471 221 31 förevarande
1054 1472 96 40 fråga
1174 1471 64 32 och
1263 1471 112 32 därtill
1399 1471 77 32 dela
1500 1472 293 41 kammarkollegii

294 1523 223 41 uppfattning
552 1523 141 32 rörande
729 1523 56 32 det
820 1523 99 32 reella
951 1524 118 32 värdet
1097 1535 42 21 av
1163 1524 66 32 den
1253 1524 145 42 begärda
1424 1525 235 41 utredningen,
1685 1525 109 32 skulle

295 1577 117 31 kunna
450 1576 169 42 medgiva,
655 1579 49 29 att
739 1588 42 20 en
817 1577 182 42 utredning
1034 1588 78 22 vore
1147 1577 148 42 befogad
1330 1578 205 32 åtminstone
1566 1590 40 19 ur
1629 1578 65 32 den
1718 1589 76 30 syn-

295 1630 164 41 punkten,
495 1632 48 29 att
577 1630 64 31 full
673 1630 133 32 klarhet
840 1630 103 33 borde
971 1631 252 32 åstadkommas
1248 1631 11 32 i
1284 1631 66 32 alla
1373 1633 43 40 på
1440 1632 122 41 frågan
1585 1632 209 32 inverkande

295 1683 245 32 förhållanden.
588 1683 90 32 Eller
710 1684 80 32 med
821 1684 105 31 andra
950 1684 69 39 ord,
1045 1688 48 28 att
1116 1695 81 21 man
1221 1684 104 32 borde
1350 1685 150 32 erkänna
1524 1685 203 41 riktigheten
1751 1696 43 22 av

294 1737 30 40 ej
362 1736 84 33 blott
481 1737 41 31 de
550 1737 77 31 från
650 1737 138 41 kollegii
813 1737 72 32 sida
909 1738 143 31 anförda
1076 1738 225 41 premisserna
1325 1741 82 29 utan
1432 1743 88 27 ävan
1546 1738 41 32 de
1610 1738 183 39 slutsatser,

295 1790 49 31 till
379 1790 93 32 vilka
506 1790 184 41 kollegium
713 1791 11 30 i
750 1790 57 32 sitt
835 1791 155 41 yttrande
1014 1791 153 32 kommit.
1217 1791 73 32 Och
1315 1791 51 39 då,
1392 1793 112 30 såsom
1529 1803 88 21 ovan
1641 1792 151 39 erinrats,

294 1844 106 31 andra
435 1844 199 32 kammaren
668 1844 59 32 vid
763 1847 123 29 tvenne
920 1845 203 41 föregående
1156 1845 158 32 tillfällen
1338 1845 84 41 givit
1445 1845 53 32 sin
1523 1845 197 42 anslutning
1743 1846 50 31 till

295 1897 55 32 det
373 1908 43 21 av
439 1897 184 41 kollegium
648 1897 180 32 förordade
852 1898 325 41 utredningskravet,
1203 1899 69 31 kan
1296 1899 73 31 icke
1392 1899 165 32 utskottet
1581 1899 92 31 finna
1689 1901 105 39 något

294 1951 148 32 bärande
475 1951 73 32 skäl
583 1952 53 30 för
671 1954 48 29 att
756 1962 49 20 nu
840 1951 166 42 tillstyrka
1033 1955 47 29 ett
1102 1952 243 32 frånträdande
1370 1963 42 22 av
1436 1952 112 32 denna
1572 1952 219 42 ståndpunkt.

294 2004 128 32 Kravet
454 2006 44 39 på
524 2016 42 20 en
589 2005 311 41 förutsättningslös
925 2005 191 42 utredning,
1141 2005 117 32 vilken
1282 2006 143 41 givetvis
1448 2006 74 32 icke
1547 2006 66 31 kan
1639 2006 78 31 eller
1740 2007 54 30 får

294 2057 171 39 innebära,
491 2060 48 29 att
563 2058 261 31 statsmakterna
848 2058 107 32 skulle
978 2060 121 39 umgås
1123 2059 79 31 med
1225 2058 119 42 planer
1368 2062 47 28 att
1430 2059 132 32 kränka
1578 2060 112 40 någon
1703 2059 91 32 med-

294 2111 156 41 borgares
486 2114 66 28 rätt
586 2128 43 3 —
664 2111 164 32 utskottet
860 2111 120 32 tillåter
1004 2112 52 41 sig
1078 2111 119 33 härvid
1222 2112 146 32 hänvisa
1391 2112 50 31 till
1464 2112 295 41 kammarkollegii
1783 2113 10 30 i

294 2175 89 21 ovan
406 2164 145 32 citerade
574 2164 156 41 yttrande
754 2164 121 42 gjorda
898 2165 134 31 erinran
1057 2165 175 41 angående
1256 2167 82 31 våra
1362 2165 190 42 civillagars
1577 2166 158 31 karaktär
1752 2183 42 3 —

294 2217 94 32 torde
412 2217 143 32 sålunda
578 2218 118 31 kunna
720 2219 161 31 omfattas
905 2229 43 21 av
971 2229 42 21 en
1038 2219 63 31 och
1124 2229 68 27 var,
1217 2219 66 31 hur
1307 2219 63 31 vitt
1394 2219 109 31 skilda
1528 2219 40 31 de
1584 2219 210 41 principiella

294 2271 306 41 uppfattningarna
623 2272 11 30 i
658 2271 110 41 själva
804 2272 181 40 sakfrågan
1015 2277 44 26 än
1082 2273 56 30 må
1161 2282 91 22 vara.
1301 2272 375 41 Utredningsyrkandet
1699 2275 95 38 tager

293 2324 49 40 ju,
379 2335 74 20 som
487 2324 59 32 vid
581 2325 80 31 fera
695 2324 157 32 tillfällen
887 2325 149 38 erinrats,
1069 2325 85 32 sikte
1178 2327 44 39 på
1248 2325 272 32 önskvärdheten
1548 2336 42 22 av
1613 2328 47 29 att
1683 2326 37 30 få
1743 2325 51 31 till

294 2377 85 32 fullo
414 2377 145 41 klarlagt
594 2380 46 30 ett
672 2378 176 41 spörsmål,
874 2389 72 21 som
972 2378 133 32 särskilt
1127 2379 11 31 i
1162 2378 91 32 vissa
1278 2378 92 32 delar
1393 2389 41 21 av
1459 2378 115 32 landet
1598 2378 129 41 intager
1751 2389 42 21 en

295 2431 135 41 mycket
464 2431 229 41 framskjuten
729 2431 87 41 plats
851 2431 105 32 bland
983 2431 262 42 befolkningens
1270 2432 157 41 politiska
1451 2432 173 32 intressen.
1674 2431 119 34 Såsom

295 2487 47 29 ett
365 2484 216 32 förklarande
606 2484 153 42 exempel
784 2486 43 40 på
850 2485 114 32 varför
989 2487 36 30 så
1049 2490 36 26 är
1108 2485 94 32 fallet
1226 2487 58 30 må
1307 2485 61 32 här
1392 2485 126 32 erinras
1543 2496 56 21 om
1624 2486 40 31 de
1688 2485 9 32 i
1717 2485 77 32 herr
