2108 2644
346 135 17 27 2
494 132 120 32 Andra
637 131 217 32 Kammarens
879 131 186 42 Tillfälliga
1094 131 144 33 Utskotts
1261 133 75 37 (N:o
1359 135 33 34 1)
1416 133 177 32 Memorial
1614 134 62 32 N:o
1697 136 28 29 1.

554 222 54 32 att
647 219 11 35 i
697 218 58 35 IX
793 220 157 43 punkten
991 219 39 35 af
1065 220 133 35 Malmö
1238 231 114 25 recess
1398 222 66 34 den
1506 224 42 33 18
1578 220 204 46 September
1813 225 94 33 1662

502 272 121 34 härom
650 271 208 45 ytterligare
885 272 220 35 bestämmes:
1134 273 238 44 »belangande
1394 271 170 37 Clereciet
1581 274 62 35 och
1658 274 57 35 det
1729 273 177 47 Andeliga

504 321 159 47 Ständet,
705 320 38 38 så
774 322 183 36 förblifver
984 324 77 34 thet
1088 325 226 34 sammaledes
1340 325 101 35 wedh
1469 325 49 35 sin
1548 329 136 41 respect
1711 326 64 35 och
1802 327 106 34 heder

504 376 62 34 och
593 376 94 34 widh
715 376 59 33 the
803 374 155 46 Stadgar
986 376 62 34 och
1077 375 228 36 Ordinantier
1332 380 112 41 sampt
1472 377 122 45 lofligit
1622 378 115 34 bruuk
1758 379 63 33 och
1836 379 71 34 sed-

503 438 102 24 wana
642 448 26 2 —
731 447 33 3 —
819 447 39 3 —
894 448 47 2 —
970 428 274 44 enkannerligen
1271 428 125 35 hafver
1423 428 179 45 Bjskopen
1630 430 64 34 och
1720 429 187 36 Presterne

499 479 41 34 til
580 481 37 32 at
656 479 99 34 niuta
795 479 60 34 the
891 478 179 36 Beneficia
1104 480 62 34 och
1199 480 193 45 underhåll,
1422 491 71 24 som
1520 481 60 34 the
1608 481 54 34 för
1688 481 119 35 theras
1834 482 72 34 kall

502 531 64 34 och
594 531 157 34 embeten
777 531 65 33 här
868 531 41 33 til
936 528 170 37 åthniutit
1132 531 138 35 hafwa»>»
1305 535 64 31 etc.

436 615 58 37 Då
522 617 122 35 härtill
670 617 167 35 kommer:

553 688 54 30 att
645 685 12 32 i
697 687 23 30 4
759 685 22 44 8&
822 685 39 33 af
897 684 129 44 Kongl.
1074 685 249 43 privilegierna
1368 686 54 33 för
1467 687 209 42 biskoparne
1730 688 63 33 och
1833 698 73 32 pre-

503 736 198 44 sterskapet
751 736 65 34 den
869 737 42 33 16
949 733 158 37 Oktober
1141 737 105 42 1723,
1280 736 107 34 bland
1421 739 119 42 annat,
1586 737 158 45 stadgas:
1805 737 101 35 »Pre-

503 788 199 43 sterskapet
742 788 11 33 i
795 784 128 47 Skåne,
964 786 168 44 Halland,
1173 787 174 44 Blekinge
1388 788 63 34 och
1490 787 181 36 Bohuslän
1699 789 90 34 skall
1817 789 90 35 efter

502 839 284 44 fredsfördragen
826 839 63 34 och
929 837 131 35 Malmö
1093 848 114 24 recess
1239 839 112 33 under
1384 839 120 44 vanlig
1531 839 107 35 frihet
1664 837 138 37 behålla
1831 841 76 33 dess

502 888 239 46 prestgårdar,
770 890 348 43 mensalrättigheter
1145 890 64 34 och
1237 900 165 34 annexer,
1431 891 77 34 med
1535 891 48 34 all
1602 891 110 44 frukt,
1727 891 179 44 landgille,

504 939 177 46 städsmål,
723 939 86 37 åker
843 942 63 33 och
934 942 120 33 arbete
1082 941 102 34 deraf
1205 941 108 44 jemte
1341 942 41 33 de
1409 941 192 35 inkomster
1629 943 63 34 och
1719 940 187 46 förmåner,

502 1003 70 23 som
601 993 41 34 de
670 993 90 34 efter
786 993 156 34 bemälde
969 991 241 46 fredsfördrag
1237 993 62 34 och
1328 1003 115 24 recess
1471 992 39 35 af
1533 991 97 37 ålder
1650 993 118 45 haft»;
1785 994 123 35 vidare

556 1047 54 31 att
639 1046 43 33 27
713 1044 21 45 &
763 1044 39 34 af
825 1044 230 43 nyssberörde
1082 1044 203 44 privilegier
1311 1044 177 34 förklarar
1521 1046 63 33 allt
1624 1045 94 35 hvad
1745 1045 41 34 de
1813 1045 93 37 inne-

503 1093 95 37 hålla
639 1096 98 34 skola
782 1105 122 24 »anses
944 1105 71 24 som
1055 1105 42 24 en
1128 1095 70 43 lag,
1227 1095 183 35 hvarefter
1437 1097 63 33 bör
1527 1096 118 34 dömas
1673 1096 63 34 och
1764 1106 143 34 exeqve-

504 1158 96 32 ras»;
634 1150 89 31 samt
751 1147 163 43 slutligen

556 1199 64 42 att,
663 1197 110 45 enligt
812 1196 349 45 Regeringsformens
1205 1198 69 33 114
1314 1195 34 47 $,
1378 1197 41 34 de
1446 1197 100 34 forna
1573 1195 242 37 riksståndens
1841 1198 67 44 pri-

506 1249 157 44 vilegier,
692 1246 187 46 förmåner,
907 1248 213 44 rättigheter
1147 1248 64 34 och
1238 1248 147 34 friheter
1421 1248 218 34 fortfarande
1670 1249 98 34 skola
1799 1250 106 43 gälla,

503 1301 61 33 der
591 1301 41 33 de
661 1300 29 43 ej
720 1300 128 34 ändras
877 1300 83 33 eller
986 1299 198 43 upphäfvas
1211 1309 123 33 genom
1361 1298 219 45 Konungens
1608 1300 63 34 och
1685 1299 223 44 Riksdagens

503 1351 372 34 sammanstämmande
915 1351 114 33 beslut
1069 1350 63 34 och
1171 1350 77 34 med
1288 1350 110 44 bifall,
1433 1351 61 34 der
1521 1348 126 46 frågan
1675 1354 58 31 rör
1760 1354 148 41 prester-

501 1403 142 43 skapets
670 1402 214 44 privilegier,
914 1401 39 34 af
977 1402 145 33 allmänt
1149 1401 224 45 kyrkomöte;

303 1503 38 36 så
367 1506 66 33 har
460 1504 187 36 Utskottet
675 1505 78 33 icke
780 1505 136 33 kunnat
943 1501 118 46 undgå
1088 1506 53 31 att
1168 1504 94 33 finna
1289 1500 286 47 ifrågavarande,
1604 1503 40 35 af
1655 1502 97 36 Herr
1765 1503 144 36 Assars-

303 1566 61 25 son
404 1556 129 35 väckta
574 1555 144 44 förslag,
761 1552 111 37 såsom
912 1552 184 46 åsyftande
1123 1555 112 33 beslut
1266 1564 53 24 om
1346 1553 249 44 upphäfvande
1623 1555 39 33 af
1686 1555 41 33 de
1755 1553 153 36 skånska

302 1608 265 43 presterskapet
594 1617 123 33 genom
747 1607 105 34 ofvan
880 1606 147 33 anförda
1054 1606 101 43 lagar
1183 1605 64 34 och
1274 1604 242 45 fredsfördrag
1542 1605 262 35 tillförsäkrade
1820 1609 88 31 samt

302 1659 40 33 af
367 1659 40 33 de
435 1658 211 43 presterliga
686 1657 251 44 privilegierna
966 1657 210 43 omgärdade
1203 1656 424 44 resekallspenningarne,
1665 1657 77 34 icke
1769 1668 88 24 vara
1873 1657 40 34 af

303 1713 107 31 natur
451 1712 51 31 att
539 1709 142 34 tillhöra
710 1707 186 45 Tillfälligt
923 1706 168 37 Utskotts
1117 1708 229 43 behandling;
1376 1707 77 34 med
1481 1708 163 34 anmälan
1671 1708 145 35 hvarom
1848 1707 60 36 Ut-

302 1761 136 33 skottet
464 1758 135 36 tillåter
627 1760 53 43 sig

754 1843 54 34 till
838 1842 219 35 Kammaren
1083 1840 190 37 återlemna
1303 1840 272 46 ifrågavarande
1603 1843 139 35 motion.

437 1929 201 35 Stockholm
668 1929 66 34 den
764 1931 20 32 9
813 1928 173 35 Februari
1017 1931 104 33 1882.

875 2012 52 36 På
955 2014 206 35 Utskottets
1191 2018 147 40 vägnar:

981 2099 46 34 A.
1057 2098 175 36 HEDIN.

719 2279 180 38 Stockholm,
923 2278 457 36 Associations-Boktryckeriet,
1407 2278 88 29 1882.
