1890 2830
68 2229 130 24 Utskottet.

268 141 40 31 64
758 147 233 28 Statsutskottets
1014 149 146 27 utlåtande
1182 150 48 27 Nr
1253 151 27 27 5.

585 220 46 31 IL.
657 220 195 38 föreskriva,
878 223 51 30 att
951 222 212 32 beträffande
1187 224 41 30 de
1252 224 108 31 under
1382 224 27 31 I.
1435 224 148 32 avsedda
1605 224 166 41 bidragen

535 270 94 31 skola
653 271 100 40 eljest
775 271 11 31 i
809 272 205 42 tillämpliga
1036 273 94 31 delar
1152 274 88 41 gälla
1263 274 41 31 de
1327 275 53 31 för
1395 275 301 41 byggnadsbidrag
1719 276 52 31 till

534 320 551 43 tuberkulossjukvårdsanstalter
1099 324 12 30 i
1127 324 186 32 allmänhet
1329 325 166 41 stadgade
1510 326 150 41 grunder
1675 328 95 29 även-

534 381 72 20 som
631 371 42 31 de
690 374 153 29 närmare
863 373 133 38 villkor,
1014 385 71 20 som
1103 374 116 32 kunna
1235 386 39 20 av
1289 375 126 42 Kungl.
1434 376 97 41 Maj:t
1546 376 222 38 bestämmas;

584 421 66 32 III.
669 422 54 31 till
757 422 129 41 Bidrag
915 424 49 31 till
986 424 200 41 uppförande
1209 426 74 31 eller
1305 426 192 32 inrättande
1518 438 40 20 av
1580 428 189 31 tuberkulos-

533 471 331 40 sjukvårdsanstalter
897 474 54 31 för
984 474 204 42 budgetåret
1223 475 135 33 1939/40
1392 477 118 31 anvisa
1541 479 48 29 ett
1622 489 146 20 reserva-

532 521 212 43 tionsanslag
767 534 39 21 av
828 524 138 38 585,000
988 525 132 32 kronor.

319 647 105 42 106:0)
457 649 131 41 Bidrag
610 651 58 31 till
691 651 130 32 driften
844 661 45 23 av
913 653 171 32 anstalter
1106 654 55 31 för
1190 654 306 41 lungtuberkulos.
1544 655 220 32 Beträffande

265 697 255 41 ifrågavarande
552 701 120 41 anslag
704 700 121 43 (punkt
849 703 70 37 122,
944 703 62 31 sid.
1034 704 178 41 309—316)
1244 705 103 40 jämte
1381 707 57 29 två
1460 705 11 31 i
1495 705 166 32 samband
1696 706 70 32 där-

265 748 77 31 med
375 749 121 31 väckta
529 751 170 31 motioner
731 752 135 41 avgiver
900 753 168 32 utskottet
1098 765 120 21 senare
1241 755 109 31 under
1371 755 182 42 riksdagen
1577 756 186 38 utlåtande,

264 798 104 32 vilket
391 799 142 33 härmed

861 871 161 32 anmäles.

316 1002 103 42 107:o)
454 1004 131 41 Bidrag
610 1005 58 32 till
701 1006 129 32 driften
857 1015 46 24 av
926 1008 172 32 anstalter
1123 1009 56 31 för
1204 1009 187 40 kirurgisk
1417 1009 216 33 tuberkulos.
1680 1010 82 31 Med

263 1052 241 42 tillstyrkande
537 1066 40 20 av
608 1055 98 32 bifall
733 1056 53 31 till
808 1056 128 42 Kungl.
961 1057 115 42 Maj:ts
1098 1058 129 42 förslag
1248 1058 121 42 (punkt
1394 1060 69 38 123,
1488 1059 62 32 sid.
1575 1060 186 42 316—318),

263 1103 103 31 vilket
399 1103 12 31 i
438 1104 212 33 förhållande
673 1106 54 31 till
750 1108 240 31 motsvarande
1013 1109 119 41 anslag
1154 1109 54 31 för
1229 1109 230 32 innevarande
1482 1110 168 42 budgetår
1671 1111 92 31 inne-

262 1153 60 31 bär
344 1165 42 20 en
410 1154 143 43 höjning
575 1156 78 31 med
678 1157 134 38 100,000
833 1158 137 39 kronor,
994 1159 198 32 hemställer
1214 1160 178 38 utskottet,

578 1234 50 29 att
661 1232 182 42 riksdagen
879 1236 56 29 må
958 1234 53 32 till
1036 1235 126 41 Bidrag
1185 1236 50 31 till
1257 1236 124 41 driften
1403 1248 40 20 av
1465 1237 155 32 anstalter
1634 1237 61 40 för
1717 1238 43 31 li-

527 1283 129 39 rurgisk
691 1284 177 31 tuberkulos
901 1284 54 32 för
986 1284 203 43 budgetåret
1224 1286 137 32 1939/40
1388 1287 119 32 anvisa
1530 1289 48 29 ett
1604 1287 156 43 förslags-

527 1332 117 42 anslag
667 1344 41 20 av
735 1334 162 38 1,250,000
920 1335 134 32 kronor.

312 1466 104 41 108:o0)
464 1467 132 42 Bidrag
639 1469 58 31 till
740 1478 97 24 resor
880 1470 57 32 för
978 1471 94 32 vissa
1111 1472 177 40 patienter
1324 1473 60 32 vid
1420 1474 337 33 kustsanatorierna.

257 1516 125 41 Kungl.
411 1517 99 42 Maj:t
536 1518 60 31 har
628 1518 178 42 föreslagit
837 1519 183 43 riksdagen
1053 1520 122 42 (punkt
1198 1522 69 38 124,
1302 1522 63 32 sid.
1400 1523 178 42 318—320)
1611 1526 51 29 att
1694 1524 65 32 dels

256 1567 182 40 godkänna
471 1568 43 31 de
536 1569 149 31 ändrade
713 1570 148 41 grunder
887 1570 55 32 för
963 1571 120 42 bidrag
1105 1571 54 32 till
1187 1583 97 21 resor
1309 1573 53 31 för
1387 1573 93 32 vissa
1506 1574 171 40 patienter
1701 1575 57 31 vid

258 1617 324 40 kustsanatorierna,
616 1630 75 20 som
726 1631 40 20 av
799 1620 378 42 departementschefen
1210 1623 182 39 förordats,
1416 1626 51 29 att
1489 1624 173 43 tillämpas
1684 1625 73 32 från

256 1668 63 31 och
342 1668 79 32 med
438 1669 66 31 den
511 1664 18 56 1
553 1669 62 41 juli
640 1670 91 38 1939,
752 1671 65 32 dels
838 1672 55 31 ock
915 1672 54 31 till
991 1672 127 42 Bidrag
1140 1673 53 32 till
1215 1684 96 21 resor
1333 1674 53 31 för
1408 1675 92 31 vissa
1515 1675 171 41 patienter
1700 1675 57 33 vid

256 1718 324 39 kustsanatorierna,
614 1720 54 32 för
690 1721 203 42 budgetåret
919 1723 136 31 1939/40
1076 1723 119 32 anvisa
1218 1726 49 30 ett
1289 1725 268 42 förslagsanslag
1579 1737 41 20 av
1643 1727 115 38 65,000

254 1769 133 32 kronor.

306 1871 262 41 Ifrågavarande
595 1872 121 42 anslag
738 1874 36 30 är
796 1873 11 31 i
829 1873 159 41 gällande
1010 1875 142 31 riksstat
1175 1876 142 41 uppfört
1339 1877 79 31 med
1440 1878 115 37 60,000
1576 1878 136 32 kronor.

306 1921 126 41 Kungl.
458 1921 97 42 Maj:t
576 1922 152 37 föreslår,
752 1925 50 29 att
824 1924 211 42 statsbidrag
1057 1927 54 29 må
1133 1944 42 4 —
1197 1926 12 31 i
1232 1928 145 31 motsats
1401 1927 54 32 till
1477 1928 124 31 hittills
1617 1948 41 4 —
1674 1931 81 39 utgå

252 1971 123 42 jämväl
399 1972 54 31 för
475 1972 255 43 hemtransport
752 1984 40 21 av
814 1974 181 41 patienter,
1019 1986 73 21 som
1116 1976 121 32 avlidit
1262 1979 9 29 å
1286 1977 302 41 kustsanatorium,
1604 1980 150 31 vanföre-

253 2022 127 32 anstalt
415 2023 84 31 eller
530 2023 263 32 radiumanstalt
825 2024 11 31 i
871 2025 159 42 samtliga
1056 2026 67 39 fall,
1148 2027 62 31 där
1233 2028 211 42 statsbidrag
1467 2029 106 42 enligt
1595 2030 158 40 gällande

253 2072 261 33 bestämmelser
546 2074 130 32 kunnat
699 2077 81 39 utgå
801 2075 53 32 för
876 2076 196 41 patientens
1095 2088 77 21 resa
1194 2078 74 31 från
1291 2079 182 39 anstalten,
1498 2091 54 20 om
1574 2080 178 41 patienten

251 2124 209 31 fortfarande
483 2124 85 32 varit
589 2125 57 31 vid
669 2125 56 32 liv.

302 2225 125 41 Kungl.
453 2225 114 42 Maj:ts
589 2226 129 42 förslag
740 2227 60 31 har
822 2227 74 32 icke
919 2228 85 41 givit
1026 2229 169 32 utskottet
1218 2231 186 41 anledning
1427 2232 53 31 till
1504 2232 143 32 erinran.
1693 2233 59 32 Ut-

252 2274 127 32 skottet
413 2275 188 42 tillstyrker
634 2277 110 39 alltså,
779 2280 49 29 att
863 2279 210 42 statsbidrag
1095 2282 55 29 må
1173 2282 81 40 utgå
1273 2280 126 42 jämväl
1421 2282 54 31 för
1497 2282 255 43 hemtransport

250 2336 40 21 av
322 2336 175 30 personer,
532 2338 73 20 som
638 2328 121 31 avlidit
786 2330 19 29 å
826 2328 302 41 kustsanatorium,
1153 2331 269 33 vanföreanstalt
1445 2333 82 31 eller
1549 2334 128 32 anstalt
1699 2335 53 31 för

250 2375 345 44 radiumbehandling
627 2378 12 30 i
674 2378 42 31 de
750 2379 66 38 fall,
842 2389 73 22 som
940 2379 247 43 föredragande
1210 2381 377 42 departementschefen
1611 2384 138 42 angivit.
