2253 2683
434 210 37 30 10
810 211 369 41 Bevillningsutskottets
1203 210 208 32 Betänkande
1433 210 62 32 N:o
1521 213 29 29 5.

390 291 187 48 använda,
607 290 85 37 icke
713 290 225 49 medgifves,
974 290 69 37 med
1064 288 97 52 min-

386 343 65 37 dre
481 356 162 24 varorna
664 342 62 38 vid
747 342 157 38 införsel
925 343 10 37 i
957 343 63 37 det
1040 342 117 38 andra

385 396 100 37 riket
514 396 119 50 draga
658 396 61 37 hel
747 396 81 37 tull.

738 832 21 49 g
789 835 34 34 3.

490 920 175 37 Svenska
712 920 91 37 eller
846 919 142 37 norska
1029 925 129 31 natur-

382 974 117 37 alster
529 973 90 36 eller
646 972 296 49 tillverkningar
964 972 107 37 skola
1093 972 63 36 vid

381 1025 157 38 införsel
587 1026 216 48 landvägen
854 1025 82 36 från
978 1025 64 36 det
1083 1038 70 23 ena

381 1079 100 36 riket
515 1078 54 37 till
606 1078 63 36 det
703 1078 118 36 andra
851 1090 89 24 vara
968 1077 72 37 fria
1069 1077 81 37 från

381 1131 241 48 tullafgifter,
654 1130 84 37 med
763 1130 200 48 undantag
992 1130 52 36 af:

486 1183 35 48 a)
564 1182 142 38 Socker
737 1183 71 36 och
843 1182 310 36 sockertillverk-

382 1236 151 48 ningar,
568 1234 191 37 derunder
787 1234 219 49 inbegripet
1035 1233 117 50 sirup,

484 1288 32 48 b)
547 1287 132 37 Tobak
732 1287 70 36 och
842 1286 310 38 tobakstillverk-

380 1340 151 49 ningar,

483 1392 29 49 ce)
542 1390 170 38 Bränvin
741 1391 70 37 och
838 1390 106 50 sprit,
963 1390 72 37 alla
1052 1391 96 49 slag,

383 1450 100 31 samt
512 1443 155 37 dermed
698 1443 164 37 beredda
890 1443 176 49 drycker,

484 1496 36 47 d)
552 1496 91 36 Malt
660 1496 69 36 och
757 1495 398 50 malttillverkningar,

484 1548 28 49 e)
542 1548 146 36 Brändt
717 1547 90 37 eller
834 1548 114 36 malet
965 1548 98 36 kaffe
1081 1548 69 36 och

474 1601 42 50 f)
544 1599 190 50 Spelkort,

432 1653 56 36 för
509 1652 128 36 hvilka
658 1666 123 34 varor,
799 1654 40 34 så
857 1651 82 37 vidt
954 1652 46 36 de
1018 1651 53 37 uti
1087 1651 64 37 det

379 1706 94 47 rike,
504 1704 54 36 dit
588 1705 46 36 de
663 1704 411 46 införas,
838 1700 15 57 i
866 1704 204 46 allmänhet
1086 1710 63 31 äro

379 1756 253 50 tullpligtiga,
661 1756 68 36 full
757 1755 186 50 tullafgift
972 1756 97 36 skall
1095 1769 56 23 er-

377 1810 148 49 läggas,
556 1815 104 30 utom
688 1809 11 35 i
730 1809 45 35 de
805 1808 75 45 fall,
911 1821 79 23 som
1010 1809 8 35 i
1038 1813 108 32 nästa

379 1861 183 50 paragraf
588 1866 102 44 sägs,
720 1866 98 31 samt

479 1913 37 50 g)
547 1913 151 45 Kläder,
731 1913 149 36 hvilkas
911 1913 180 49 öfvertyg
1112 1917 40 32 är

377 1966 119 47 väfdt,
545 1965 178 47 stickadt,
775 1965 138 36 knutet
961 1965 92 36 eller
1104 1968 48 46 på

378 2017 228 50 strumpstol
638 2017 220 36 tillverkadt
886 2016 11 37 i
923 2024 116 29 annat
1060 2017 86 37 land

378 2075 46 31 än
449 2069 161 49 Sverige
633 2069 91 37 eller
744 2069 140 49 Norge.
915 2069 75 36 För
1007 2069 141 37 sådana

377 2135 111 24 varor
505 2122 109 45 skall,
632 2126 68 32 när
716 2121 234 49 tullafgiften
963 2122 53 36 för
1032 2122 116 36 öfver-

376 2179 113 44 tyget
517 2178 41 32 är
588 2174 154 48 högre"
759 2174 65 36 det
840 2173 102 47 land,
960 2174 55 35 dit
1030 2173 116 37 inför-

377 2226 83 37 seln
478 2226 99 48 sker,
590 2231 47 31 än
654 2227 9 35 i
683 2226 64 36 det
771 2226 103 37 andra
890 2225 141 49 landet,
1044 2232 103 30 utom

376 2279 11 35 i
416 2279 46 36 de
492 2278 77 48 fall,
601 2292 80 23 som
712 2278 9 37 1
752 2278 259 49 nästföljande
1040 2291 108 36 para-

376 2331 91 47 graf
487 2336 235 42 omnämnas,
751 2330 178 49 erläggas
959 2343 46 23 en
1028 2333 19 33 å
1070 2330 78 36 klä-

374 2383 147 36 dernas.
541 2382 86 37 hela
640 2383 82 49 vigt
739 2382 193 37 beräknad
949 2381 196 49 tullafgift,

1216 293 60 34 må
1304 291 33 48 ej
1356 291 119 36 heller
1490 290 302 50 exportpremier
1808 285 175 55 beviljas,

1212 342 197 38 äfvensom
1453 343 283 49 återbetalning
1778 344 42 36 af
1850 344 131 50 erlagd

1209 396 389 50 tillverkningsafoift
1639 396 56 37 för
1728 396 114 38 dessa
1871 411 111 23 varor

1208 448 92 37 eller
1342 449 41 37 af
1420 449 68 37 tull
1522 449 59 37 för
1616 449 45 36 de
1689 448 207 38 utländska
1925 452 57 34 rå-

1212 506 148 45 ämnen,
1391 515 81 24 som
1502 502 64 37 vid
1595 502 109 37 deras
1729 501 253 51 tillverkning

1209 554 113 38 hafva
1365 554 125 38 blifvit
1533 555 187 47 använda,
1763 554 84 38 icke
1877 555 104 37 med-

1207 607 139 49 gifves,
1390 607 86 37 med
1519 607 147 37 mindre
1713 620 162 24 varorna
1916 607 63 38 vid

1206 659 157 38 införsel
1404 660 12 36 i
1459 661 65 37 det
1566 660 118 38 andra
1718 660 100 38 riket
1861 661 119 50 draga

1209 712 62 36 hel
1300 713 79 36 tull.

1539 833 20 50 g
1579 833 42 50 3.

1289 919 174 38 Svenska
1485 920 94 37 eller
1595 919 138 38 norska
1751 920 229 37 naturalster

1212 972 91 37 eller
1344 973 295 48 tillverkningar
1682 972 108 37 skola
1830 972 65 37 vid
1923 973 57 36 in-

1208 1024 116 38 försel
1349 1025 219 49 landvägen
1597 1025 81 36 från
1708 1025 64 37 det
1792 1038 71 23 ena
1879 1025 100 37 riket

1210 1077 55 38 till
1308 1077 65 37 det
1411 1078 118 37 andra
1565 1091 90 23 vara
1684 1077 72 37 fria
1784 1077 80 37 från
1892 1078 86 36 tull-

1209 1129 167 50 afgifter,
1407 1131 84 36 med
1516 1131 199 48 undantag
1744 1130 51 36 af:

1285 1185 37 45 a)
1352 1182 154 48 Socker,
1537 1182 105 49 sirup
1660 1183 70 36 och
1748 1183 229 36 karameller

1209 1234 457 50 (sockertillverkningar,
1713 1234 264 37 hufvudsakli-

1206 1300 75 35 gen
1298 1287 207 42 bestående
1522 1287 41 36 af
1574 1287 137 37 brändt
1729 1287 90 36 eller
1834 1287 144 36 kokadt

1207 1339 161 49 socker),

1282 1391 31 49 b)
1344 1391 132 37 Tobak
1505 1391 68 37 och
1595 1390 382 38 tobakstillverknin-

1206 1457 81 35 gar,

1285 1497 31 47 c)
1345 1495 168 37 Bränvin
1543 1495 69 37 och
1642 1495 107 50 sprit,
1781 1495 73 37 alla
1878 1495 97 48 slag,

1207 1554 98 30 samt
1334 1548 153 36 dermed
1517 1548 167 36 beredda
1712 1548 163 49 drycker
1904 1548 70 36 och

1205 1600 229 48 luktvatten,

1283 1651 36 51 d)
1350 1652 92 37 Malt
1471 1652 70 37 och
1575 1651 399 49 malttillverkningar,

1281 1707 31 43 e)
1341 1704 145 37 Brändt
1515 1704 90 37 eller
1637 1705 113 35 malet
1778 1704 99 37 kaffe
1903 1704 71 36 och

1207 1757 290 49 kaffesurrogat,

1269 1809 41 49 /)
1341 1809 190 49 Spelkort,

1282 1861 56 36 för
1372 1861 129 37 hvilka
1535 1874 123 34 varor,
1689 1860 125 37 såvidt
1843 1860 45 36 de
1919 1860 53 36 uti

1207 1913 63 36 det
1299 1913 90 45 rike,
1419 1913 55 37 dit
1489 1913 46 36 de
1556 1913 155 47 införas,
1733 1913 12 35 i
1766 1912 209 37 allmänhet

1206 1970 63 31 äro
1286 1964 248 51 tullpligtiga,
1565 1965 67 36 full
1662 1965 185 48 tullafgift
1877 1964 96 37 skall

1199 2017 194 50 erläggas;

1280 2070 39 49 2)
1356 2070 150 47 Kläder,
1543 2068 150 38 hvilkas
1724 2068 180 50 öfvertyg
1933 2073 41 32 är

1204 2122 117 45 väfdt,
1371 2122 178 47 stickadt,
1593 2121 136 36 knutet
1780 2121 93 36 eller
1927 2124 47 46 på

1202 2174 224 49 strumpstol
1454 2173 223 37 tillverkadt
1705 2173 9 36 i
1746 2179 116 30 annat
1884 2173 88 36 land

1204 2230 46 32 äv
1294 2225 161 49 Sverige
1489 2225 93 37 eller
1615 2225 140 47 Norge.
1811 2225 76 37 För
1915 2227 57 34 så-

1203 2278 96 37 dana
1343 2292 111 23 varor
1496 2277 109 49 skall,
1641 2282 69 32 när
1738 2277 232 49 tullafgiften

1204 2331 56 35 för
1289 2331 220 48 öfvertyget
1538 2335 41 31 är
1607 2330 121 48 högre
1756 2330 12 35 i
1790 2330 63 35 det
1871 2330 99 46 land,

1202 2382 54 36 dit
1293 2383 184 36 införseln
1521 2382 100 48 sker,
1651 2386 47 32 än
1726 2382 11 35 i
1763 2381 63 37 det
1854 2381 118 36 andra
