2214 2680
453 218 18 31 6
892 218 250 33 Statsutskottets
1171 218 169 34 Utlåtande
1364 220 62 32 N:o
1449 223 73 29 111.

407 297 169 49 gårdens
606 297 220 38 arrendator
853 298 185 50 upplåtna
1067 299 120 49 mark,
1216 299 12 36 i
1257 299 72 37 den
1357 303 88 34 mån
1469 313 143 24 samma
1631 301 107 36 mark
1757 301 33 50 ej
1811 301 192 51 inginge
1981 293 25 63 i

408 350 63 37 det
502 350 41 36 af
563 350 172 49 majoren
756 349 154 51 Gagner
930 351 86 37 med
1036 351 34 37 A
1089 352 235 37 betecknade
1343 353 181 49 området,
1545 353 195 38 äfvensom
1761 354 49 37 all
1828 354 175 51 bolagets

407 407 78 32 rätt
512 402 57 37 till
596 407 133 32 vatten
757 403 71 37 och
843 403 93 37 fiske
951 403 12 37 i
978 404 199 37 Dalälfven
1196 405 154 37 utanför
1370 406 73 36 den
1461 406 119 48 mark,
1602 419 82 24 som
1703 420 141 36 genom
1861 408 140 49 ifråga-

406 455 143 37 varade
577 455 91 49 byte
696 454 149 38 tillfölle
873 456 159 48 kronan,
1062 457 65 36 allt
1155 457 120 37 under
1303 458 138 37 villkor
1469 459 71 36 och
1568 458 203 38 förbehåll:

536 512 54 32 att
631 508 146 36 kronan
806 511 123 34 såsom
958 513 114 45 ägare
1101 509 41 36 af
1167 509 63 37 det
1257 510 87 37 med
1371 511 32 36 D
1432 511 193 37 utmärkta
1652 513 171 36 området
1849 513 153 49 respek-

406 560 157 37 terande
593 559 74 38 den
696 560 111 37 Stora
835 561 271 50 Kopparbergs
1133 561 205 51 bergslags
1368 563 214 50 aktiebolag
1604 564 122 49 enligt
1746 565 91 37 aftal
1857 579 52 23 nu
1928 565 73 37 till-

404 612 230 37 kommande
662 617 78 32 rätt
768 618 55 31 att
853 614 173 36 använda
1053 615 77 36 viss
1159 615 61 36 del
1249 616 40 35 af
1313 616 118 48 sagda
1459 616 168 46 område;

538 670 56 31 att
622 664 198 38 Söderfors
848 666 117 37 bruks
994 667 218 49 aktiebolag
1231 668 57 36 till
1308 669 220 36 nuvarande
1548 669 276 37 innehafvaren
1844 670 42 36 af
1900 670 101 37 läns-

404 717 288 36 mansbostället
706 717 210 50 Tensmyra
931 732 61 22 n:o
1012 720 18 34 1
1047 719 121 37 under
1184 720 73 36 den
1272 720 67 48 tid,
1356 721 75 35 han
1446 721 188 36 innehade
1649 721 189 49 bostället,
1856 723 147 48 årligen

406 769 126 37 erlade
560 769 134 37 värdet
722 770 40 37 af
788 775 53 32 ett
868 771 76 36 lass
972 771 49 37 hö
1050 771 120 49 enligt
1199 772 177 49 gällande
1405 773 355 50 markegångspris;
1797 779 98 31 samt

536 827 54 31 att
618 822 236 37 sistnämnda
881 823 115 49 bolag
1025 829 146 32 ensamt
1198 825 211 37 vidkändes
1436 825 419 50 lagfartskostnaderna
1877 828 121 49 jämte

404 874 124 49 öfriga
556 874 86 37 med
670 874 108 50 bytet
805 875 181 37 förenade
1013 876 215 37 kostnader.

533 926 18 37 I
580 926 103 37 detta
711 928 139 37 ärende
879 928 68 36 har
976 928 421 50 departementschefen
1424 930 60 37 till
1504 930 277 38 ofvanberörda
1801 932 200 37 statsråds-

403 979 190 49 protokoll
622 979 127 38 anfört
777 980 183 50 följande:

536 1031 156 50 >Enligt
719 1033 135 47 nådigt
883 1033 87 36 bref
995 1033 73 37 den
1100 1036 43 34 19
1174 1035 73 49 maj
1274 1036 95 35 1893
1390 1035 228 37 förordnade
1637 1036 142 49 Kungl.
1801 1036 111 50 Maj:t
1926 1042 70 48 att,

402 1083 119 37 innan
562 1084 125 37 beslut
714 1085 163 37 fattades
905 1086 162 50 rörande
1095 1086 71 37 den
1196 1087 176 36 framtida
1407 1087 273 50 dispositionen
1709 1088 41 37 af
1774 1088 72 53 den
1873 1088 12 37 i
1913 1088 84 37 Älf-

402 1136 159 49 karleby
603 1137 140 36 socken
776 1137 69 37 och
874 1137 177 49 Örbyhus
1079 1138 118 37 härad
1226 1139 41 36 af
1291 1139 167 50 Uppsala
1485 1140 63 37 län
1576 1140 162 50 belägna
1764 1140 232 50 Ålfkarleby

401 1188 228 49 kungsgård
656 1189 86 36 med
765 1189 228 37 tillhörande
1025 1193 87 46 såg-
1132 1191 70 36 och
1222 1191 212 49 mjölkvarn
1454 1198 97 30 samt
1570 1193 79 35 lax-
1669 1193 71 36 och
1758 1193 237 48 nejonögon-

400 1239 106 48 fiske,
548 1240 208 50 utredning
797 1241 121 37 skulle
960 1255 140 36 genom
1142 1243 241 50 sakkunniga
1424 1249 89 31 män
1545 1249 73 44 äga
1644 1258 85 23 rum
1757 1245 12 36 i
1797 1245 108 49 fråga
1934 1258 61 23 om

400 1292 243 49 lämpligaste
672 1298 115 31 sättet
814 1294 59 36 för
900 1294 333 49 tillgodogörande
1262 1296 40 36 af
1326 1296 72 36 den
1417 1296 64 37 vid
1501 1297 275 49 kungsgården
1794 1297 199 49 befintliga

400 1345 234 36 vattenkraft
673 1350 99 31 samt
813 1346 73 36 den
928 1347 279 48 utsträckning,
1240 1347 13 36 i
1281 1348 156 37 hvilken
1465 1349 276 49 kungsgården
1768 1349 228 37 tillhörande

403 1396 106 36 mark
550 1396 126 37 kunde
708 1397 166 37 behöfva
901 1403 111 44 tagas
1039 1399 12 35 i
1081 1399 162 49 anspråk
1271 1400 60 36 för
1359 1400 46 37 de
1434 1400 236 37 industriella
1699 1401 294 49 anläggningar,

403 1448 66 35 där
497 1449 285 37 vattenkraften
810 1450 149 37 komme
989 1456 54 31 att
1070 1451 287 50 tillgodogöras.

530 1500 162 38 Jämlikt
732 1502 142 49 Kungl.
904 1503 128 49 Maj:ts
1060 1503 12 36 i
1100 1504 277 50 sammanhang
1404 1505 86 37 med
1518 1505 160 37 berörda
1704 1505 141 50 nådiga
1872 1505 124 37 beslut

401 1554 38 33 åt
480 1552 218 37 dåvarande
740 1554 135 36 chefen
917 1555 59 36 för
1016 1555 429 50 finansdepartementet
1485 1557 174 37 lämnade
1687 1557 309 50 bemyndigande

400 1604 177 50 uppdrog
606 1605 172 37 bemälde
807 1606 90 37 chef
922 1607 73 37 den
1026 1609 19 34 9
1075 1621 99 23 mars
1197 1610 97 35 1894
1315 1611 38 34 åt
1372 1610 170 49 majoren
1561 1609 64 36 vid
1644 1614 94 45 väg-
1758 1610 70 36 och
1847 1614 148 31 vatten-

400 1655 325 50 byggnadskåren
767 1658 40 36 OC.
838 1659 40 35 P.
909 1659 57 36 W.
998 1659 155 49 Gagner
1195 1665 66 43 att,
1304 1661 98 37 efter
1441 1662 291 49 undersökning
1771 1665 49 46 på
1857 1661 136 48 stället,

401 1708 146 49 afgifva
575 1710 145 48 förslag
748 1710 12 36 i
788 1711 252 48 nyssberörda
1067 1712 253 38 hänseenden.

528 1761 174 50 Majoren
731 1761 156 50 Gagner
916 1763 109 50 afgaf
1041 1764 163 37 därefter
1219 1769 55 32 ett
1289 1765 73 37 den
1380 1768 48 34 24
1444 1765 146 50 januari
1607 1767 97 35 1898
1721 1765 271 50 dagtecknadt,

400 1812 42 36 af
465 1812 191 50 ritningar
688 1814 153 50 åtföljdt
869 1816 194 36 utlåtande
1093 1817 69 36 och
1190 1817 146 49 förslag
1363 1818 13 35 i
1404 1823 137 31 ämnet.
1597 1818 75 36 För
1700 1818 293 48 hufvuddragen

400 1864 39 36 af
472 1866 166 36 nämnda
674 1866 194 37 utlåtande
898 1868 69 36 och
996 1868 145 50 förslag
1169 1869 195 37 äfvensom
1393 1870 58 36 för
1479 1870 46 36 de
1553 1869 125 37 lokala
1706 1870 286 37 förhållandena

399 1919 20 33 å
447 1917 150 48 platsen
626 1918 169 37 anhåller
818 1919 70 49 jag
918 1925 54 31 att
999 1921 57 36 till
1084 1934 45 23 en
1157 1921 135 49 början
1320 1922 38 36 få
1386 1922 12 36 i
1421 1922 153 37 korthet
1601 1922 199 49 redogöra.

526 1969 202 38 Dalälfven
772 1970 122 38 bildar
935 1972 178 50 omkring
1154 1975 73 35 300
1269 1979 120 32 meter
1431 1974 177 37 ofvanför
1648 1975 72 36 den
1760 1975 133 49 punkt,
1923 1974 68 36 där

396 2021 237 49 landsvägen
675 2023 139 53 mellan
854 2024 168 50 Uppsala
1064 2025 69 37 och
1175 2025 106 53 Gäfle
1323 2029 48 46 på
1413 2026 89 37 Carl
1542 2026 123 37 XIII:s
1705 2027 68 36 bro
1815 2027 177 48 öfvergår

396 2072 140 49 älfven,
567 2074 45 37 de
641 2088 28 24 s.
696 2075 35 35 k.
769 2074 353 52 Alfkarlebyfallen.
1177 2077 143 38 Ålfven
1353 2084 42 31 är
1426 2079 69 36 här
1519 2091 139 36 genom
1673 2081 64 34 två
1752 2084 76 43 öar,
1846 2079 145 36 Flakön

396 2125 71 36 och
494 2125 143 49 Laxön,
667 2126 110 37 delad
804 2127 12 36 i
845 2132 56 33 tre
931 2142 149 36 grenar.
1137 2129 82 37 Den
1247 2130 297 49 hufvudsakliga
1573 2135 280 33 vattenmassan
1872 2131 119 37 fram-

395 2179 69 46 går
506 2178 137 37 mellan
685 2183 103 32 östra
828 2181 182 36 stranden
1051 2181 70 37 och
1148 2182 162 46 Flakön;
1340 2183 12 36 i
1381 2183 45 36 de
1467 2183 98 36 båda
1602 2183 119 36 andra
1748 2183 243 49 älfgrenarna

395 2229 240 49 framrinner,
666 2231 230 38 åtminstone
924 2234 65 35 vid
1016 2234 209 48 lågvatten,
1256 2247 46 23 en
1318 2235 281 49 jämförelsevis
1623 2235 197 49 obetydlig
1840 2240 150 49 vatten-

395 2282 152 48 mängd.
610 2282 232 38 Stränderna
883 2287 20 34 å
938 2290 103 32 ömse
1071 2286 101 36 sidor
1200 2299 61 23 om
1290 2287 45 36 de
1364 2287 193 49 egentliga
1584 2287 116 37 fallen
1728 2287 152 38 tillhöra
1907 2287 83 37 Älf-

394 2333 157 50 karleby
580 2335 237 48 kungsgård.
