1840 2790
490 155 119 30 Andra
633 153 244 40 lagutskottets
900 151 178 31 utlåtande
1101 160 43 21 nr
1167 150 48 29 11.
1568 145 36 30 11

148 245 14 29 I
179 243 91 30 vissa
286 241 236 41 yttranden
576 241 80 28 över
674 235 519 43 departementspromemorian
1211 233 64 29 har
1292 232 156 33 uttalats,
1467 232 50 29 att
1536 229 69 30 del-

100 292 409 42 givningsskyldigheten
528 291 63 29 bör
611 290 73 29 helt
702 287 192 34 avskaffas,
916 296 56 20 om
991 282 420 39 auktorisationstvånget
1432 281 125 39 slopas.
1578 279 27 30 Å

102 347 109 29 andra
232 345 99 31 sidan
350 345 65 29 har
435 342 373 40 Statstjänstemänens
830 338 230 41 riksförbund
1080 338 124 33 ansett,
1225 338 49 28 att
1294 332 313 42 delgivningsskyl-

102 396 118 40 dighet
239 397 62 29 bör
322 395 167 39 föreligga
509 394 11 30 i
540 394 66 29 full
627 391 244 38 utsträckning
891 390 65 30 och
977 389 169 40 fullgöras
1168 387 198 39 skriftligen
1386 386 11 29 i
1416 384 191 31 förhållan-

103 448 41 30 de
163 447 52 30 till
235 448 39 29 de
294 445 212 40 föreningar,
527 453 74 22 som
621 443 197 30 tillerkänts
839 439 327 41 förhandlingsrätt.
1184 436 157 40 Sveriges
1361 434 245 32 akademikers

101 494 373 40 centralorganisation
499 495 182 30 motsätter
706 493 50 40 sig
780 493 76 29 icke
881 501 42 21 en
947 489 263 42 uppmjukning
1234 498 41 21 av
1299 486 309 41 delgivningsplik-

104 549 59 29 ten
181 548 110 30 under
310 546 255 40 förutsättning
583 547 50 28 att
653 545 56 30 det
728 544 75 29 icke
823 543 80 30 sker
922 543 52 29 till
994 541 141 39 förfång
1154 540 55 30 för
1227 540 41 30 de
1287 538 184 31 anställda.
1491 536 60 31 Att
1570 535 38 31 så

104 599 112 29 skulle
239 598 121 29 kunna
384 598 48 30 bli
455 596 98 30 fallet
576 596 55 30 för
655 596 65 29 den
743 594 168 30 händelse
935 593 114 30 denna
1073 591 198 39 skyldighet
1295 589 123 30 endast
1442 588 166 39 fullgöres

105 657 123 31 genom
260 649 121 39 anslag
413 647 178 30 förefaller
622 645 191 30 emellertid
845 643 284 40 organisationen
1160 641 188 31 sannolikt.
1380 639 136 40 Frågan
1546 638 63 30 bör

101 701 111 39 enligt
243 699 301 40 organisationens
577 697 142 39 mening
749 695 151 39 regleras
933 703 123 30 genom
1089 691 288 41 överläggningar
1408 689 128 31 mellan
1568 689 42 29 de

105 751 146 30 berörda
270 751 175 39 parterna.
467 748 316 39 Tjänstemännens
804 743 373 40 centralorganisation
1198 742 111 34 anför,
1328 742 54 29 att
1402 741 66 30 den
1487 739 124 30 redak-

105 801 141 31 tionella
272 800 151 40 ändring
447 800 11 29 i
484 796 581 41 förhandlingsrättskungörelsen,
1093 803 75 21 som
1194 793 11 30 i
1232 792 228 31 förevarande
1486 791 124 29 hänse-

107 852 87 30 ende
212 852 176 30 förordats
407 851 10 29 i
437 846 529 44 departementspromemorian,
985 845 176 40 knappast
1177 845 40 30 är
1236 853 41 20 av
1295 844 111 29 större
1424 841 186 40 betydelse.

105 903 118 39 Enligt
255 900 301 41 organisationens
588 899 93 30 åsikt
711 899 62 30 bör
805 908 43 20 av
879 896 348 40 författningstexten
1258 894 93 30 klart
1383 892 146 40 framgå,
1562 892 49 29 att

106 952 204 40 myndighet
330 953 65 29 har
415 950 183 40 möjlighet
619 952 51 29 att
690 950 78 30 med
789 946 403 43 personalorganisation
1213 945 109 30 träffa
1344 943 151 31 särskild
1516 943 96 30 över-

108 1003 254 30 enskommelse
384 1012 56 20 om
461 1002 11 30 i
491 1001 95 31 vilka
606 1001 130 29 former
757 999 244 40 delgivningen
1023 997 89 31 skall
1133 997 70 30 ske.
1224 993 388 41 Statstjänarkartellen

109 1063 112 25 anser,
242 1055 49 28 att
310 1052 237 40 fullgörandet
566 1060 41 21 av
628 1049 354 41 delgivningsplikten
1001 1048 45 40 på
1063 1049 110 28 annat
1193 1047 69 29 sätt
1282 1047 45 28 än
1348 1053 123 32 genom
1491 1044 122 38 anslag

107 1104 64 31 bör
189 1104 47 30 bli
256 1104 148 30 föremål
424 1103 54 30 för
497 1100 337 33 överenskommelse
853 1100 130 29 mellan
1002 1097 249 41 myndigheten
1270 1096 66 30 och
1354 1095 259 31 vederbörande

111 1152 412 42 personalorganisation.
553 1150 166 31 Flertalet
746 1149 305 29 remissinstanser
1078 1148 65 28 har
1171 1145 170 40 tillstyrkt
1370 1145 82 29 eller
1480 1144 134 29 lämnat

109 1207 86 29 utan
216 1205 140 30 erinran
376 1205 67 30 vad
464 1204 10 29 i
496 1200 520 43 departementspromemorian
1037 1198 197 40 föreslagits
1255 1197 11 30 i
1287 1196 100 40 fråga
1409 1205 55 21 om
1486 1195 127 40 delgiv-

110 1255 248 40 ningsplikten.

666 1354 395 38 Departementschefen.

156 1443 394 43 Departementschefen
576 1443 101 29 berör
705 1442 51 29 till
784 1450 43 22 en
854 1439 126 40 början
1008 1439 41 30 de
1076 1437 177 31 allmänna
1281 1435 230 41 synpunkter,
1541 1443 73 21 som

111 1496 136 30 anförts
265 1497 11 29 i
294 1495 94 31 vissa
405 1494 188 39 yttranden
611 1494 80 29 över
710 1487 529 44 departementspromemorian,
1259 1487 65 30 och
1342 1485 134 31 erinrar
1494 1484 122 31 därvid

111 1555 58 21 om
189 1547 49 28 att
257 1545 57 32 vid
334 1543 385 39 remissbehandlingen
739 1551 42 21 av
801 1541 58 30 det
877 1540 232 33 betänkande,
1131 1547 74 22 som
1226 1537 146 40 avgivits
1392 1546 42 20 av
1455 1534 83 31 1948
1558 1534 57 30 års

113 1593 533 43 förhandlingsrättskommitté,
681 1592 151 30 flertalet
864 1590 304 31 remissinstanser
1200 1588 136 33 uttalat,
1371 1588 50 29 att
1452 1585 161 31 kommit-

112 1648 77 30 téns
210 1647 130 40 förslag
361 1646 76 30 icke
459 1647 117 37 syntes
597 1645 104 38 ägnat
722 1644 50 29 att
792 1643 118 39 läggas
932 1641 53 30 till
1006 1642 113 39 grund
1140 1640 56 30 för
1215 1638 222 41 lagstiftning
1456 1637 11 30 i
1488 1637 124 29 ämnet.

113 1698 13 28 I
154 1698 168 30 samband
348 1697 147 29 härmed
520 1696 130 29 uttalar
676 1691 401 43 departementschefen:

160 1748 96 30 »Med
287 1748 140 39 hänsyn
457 1747 52 29 till
539 1746 66 30 vad
638 1745 146 30 sålunda
816 1741 227 33 förekommit
1073 1741 58 31 vid
1161 1739 383 37 remissbehandlingen
1576 1746 41 21 av

116 1798 226 30 kommitténs
365 1797 131 38 förslag
517 1796 62 29 bör
602 1796 94 29 detta
717 1794 234 30 underkastas
974 1801 43 21 en
1038 1791 170 40 ingående
1230 1791 158 37 översyn.
1412 1788 13 29 I
1448 1787 170 31 samband

117 1848 79 29 med
217 1849 50 28 att
288 1856 41 20 en
351 1846 97 40 dylik
468 1845 142 29 fortsatt
631 1842 265 39 undersökning
914 1842 161 29 kommer
1094 1839 55 31 till
1170 1838 101 31 stånd
1292 1837 113 30 måste
1426 1835 192 32 emellertid

117 1900 42 29 de
180 1898 92 30 olika
294 1896 317 40 frågeställningar,
635 1904 74 20 som
731 1895 193 38 inrymmes
946 1893 11 29 i
979 1892 57 29 det
1058 1890 216 30 omfattande
1298 1887 322 42 problemkomplex

118 1945 505 40 förhandlingsrättsfrågorna
644 1944 110 39 utgör,
777 1943 163 29 närmare
961 1940 209 39 klarläggas.
1193 1938 154 31 Sålunda
1368 1937 112 30 måste
1501 1936 53 30 till
1577 1944 42 20 en

119 1999 124 39 början
270 1998 143 30 utredas
440 1997 40 29 de
507 1993 302 32 konstitutionella
837 1992 305 38 förutsättningar,
1170 1999 75 20 som
1272 1989 117 29 finnes
1416 1988 55 29 för
1497 1996 43 21 en
1568 1987 53 29 ut-

118 2049 166 39 vidgning
307 2057 42 20 av
373 2046 370 39 förhandlingsrätten,
768 2044 65 29 och
856 2043 119 29 vidare
999 2042 62 29 bör
1085 2041 45 29 bl.
1155 2050 29 20 a.
1209 2039 170 40 ingående
1403 2037 218 30 undersökas

120 2101 42 28 de
186 2098 182 40 praktiska
393 2097 269 32 konsekvenser,
688 2104 74 20 som
787 2104 43 20 en
856 2102 96 20 mera
977 2091 207 38 fullständig
1210 2089 316 39 förhandlingsrätt
1551 2088 71 29 kan

121 2150 157 29 medföra
298 2148 76 29 icke
395 2148 87 29 blott
502 2149 10 28 i
533 2144 291 40 organisatoriskt
846 2143 198 30 hänseende
1066 2142 56 29 för
1143 2141 112 30 staten
1278 2140 65 29 och
1365 2140 257 28 kommunerna

120 2200 86 28 utan
226 2199 104 29 också
350 2199 55 28 för
425 2198 40 29 de
485 2199 10 28 i
515 2195 162 38 offentlig
697 2195 110 38 tjänst
827 2193 185 30 anställda.
1033 2192 131 29 Härvid
1185 2191 159 29 kommer
1365 2191 86 28 även
1472 2189 150 29 oavsätt-

123 2248 308 39 lighetsprincipen
450 2247 11 28 i
480 2245 206 30 beaktande.
707 2245 90 29 Utan
818 2245 51 28 att
889 2241 341 39 förutsättningarna
1251 2240 10 29 i
1282 2239 151 39 angivna
1454 2238 63 30 och
1538 2237 85 30 and-

122 2310 38 20 ra
182 2300 222 29 hänseenden
427 2298 166 38 klarlagts
616 2298 69 28 kan
707 2306 41 20 en
770 2296 143 29 fortsatt
934 2293 188 40 utredning
1144 2302 56 20 om
1221 2291 151 30 revision
1395 2300 40 20 av
1458 2290 166 30 förhand-

125 2350 204 38 lingsrätten
353 2349 55 28 för
431 2349 100 28 stats-
554 2347 64 30 och
642 2345 496 39 kommunaltjänstemännen
1160 2341 105 40 enligt
1287 2342 74 28 min
1385 2340 140 38 mening
1548 2340 75 28 icke

123 2400 78 29 med
226 2398 184 38 framgång
435 2396 189 29 bedrivas.»
