2128 2649
329 169 38 32 16
831 171 264 42 Lag-Utskottets
1122 170 169 32 Utlåtande
1313 169 65 33 N:o
1401 170 54 32 42.

330 250 138 37 tillåter
497 250 59 49 sig
583 250 518 39 öfverståthållare-embetet
1130 257 52 31 att
1212 250 134 49 erinra,
1376 249 83 37 dels
1488 255 65 43 att,
1583 251 50 47 på
1662 254 75 33 sätt
1765 263 47 23 en
1824 249 103 37 leda-

330 308 77 31 mot
436 301 41 38 af
501 315 47 24 en
577 316 125 23 annan
729 302 226 50 församling
983 302 218 49 framhållit,
1242 302 121 36 under
1404 301 73 37 den
1515 301 67 49 tid,
1616 300 216 50 aflöningen
1872 301 56 37 till

329 354 285 49 presterskapet
644 354 200 37 härstädes
871 354 131 49 utgick
1031 354 162 37 medelst
1232 353 181 49 frivilliga
1445 352 149 50 bidrag,
1624 365 79 24 som
1732 353 196 49 uppburos

329 405 69 36 och
428 405 257 37 antecknades
712 406 12 35 i
753 409 39 33 så
821 406 151 36 kallade
1001 405 249 50 påskböcker,
1274 405 63 36 det
1357 404 82 37 icke
1461 404 86 37 kom
1568 403 142 48 ifråga
1725 410 55 31 att
1798 404 131 37 skicka

328 456 124 37 denna
481 456 174 50 påskbok
688 456 56 37 till
772 459 126 47 någon
928 456 160 38 medlem
1120 457 40 36 af
1198 455 237 38 främmande
1476 454 274 49 trossamfund,
1780 456 70 37 och
1875 461 55 32 att

329 507 159 37 sålunda
525 507 64 37 det
629 508 148 49 bidrag,
817 522 79 23 som
939 509 58 36 för
1037 508 166 36 nämnda
1240 506 187 48 ändamål,
1457 506 96 38 efter
1582 506 347 38 konventionernas

327 559 264 49 uppgörande,
621 559 196 37 utkräfves
847 559 41 37 af
913 560 118 36 sådan
1060 559 174 49 medlem,
1264 564 40 31 är
1333 564 54 31 att
1416 571 90 24 anse
1536 571 78 24 som
1644 570 47 24 en
1713 573 47 34 ny
1776 559 151 48 pålaga,

327 610 238 37 tillkommen
593 616 93 32 utan
717 616 54 31 att
798 611 58 48 de,
886 624 78 24 som
996 611 71 36 den
1097 610 126 50 gälde,
1263 613 124 34 såsom
1428 610 84 36 icke
1552 608 322 50 röstberättigade
1909 613 20 33 å

329 661 297 48 kyrkostämma,
656 676 67 22 ens
752 662 71 36 fått
851 662 148 36 tillfälle
1030 668 54 31 att
1125 662 127 36 derom
1295 667 102 42 yttra
1425 661 70 47 sig.
1548 659 140 38 Vidare
1723 661 79 48 har,
1825 661 100 36 inom

329 724 47 23 en
416 724 123 23 annan
580 711 238 50 församling,
855 715 123 34 såsom
1022 712 82 37 skäl
1145 718 78 30 mot
1261 711 73 36 den
1378 710 168 49 begärda
1589 710 339 48 afgiftsbefrielsen

329 762 125 36 blifvit
483 762 228 49 framhållet,
742 770 54 30 att
825 763 165 37 svenska
1018 762 286 49 presterskapet
1330 775 90 24 vore
1449 760 170 50 skyldigt
1654 766 65 44 att,
1753 767 91 31 utan
1873 775 56 22 er-

329 813 182 48 sättning,
540 813 238 50 tillhandagå
805 814 238 36 främmande
1071 813 300 37 trosbekännare
1401 812 84 36 med
1514 812 173 36 enskilda
1710 812 219 37 förrättnin-

327 878 81 34 gar,
440 877 82 23 men
553 865 171 36 häremot
753 878 110 23 anser
891 864 516 37 öfverståthållare-embetet
1436 863 59 48 sig
1524 863 91 36 böra
1644 862 183 37 anmärka
1844 862 83 37 dels

329 921 66 42 att,
421 928 58 23 om
510 915 58 37 för
597 915 118 37 sådan
740 916 147 37 enskild
918 915 231 49 förrättning
1191 914 113 49 afgift
1346 914 56 37 till
1434 914 288 48 presterskapet
1755 918 41 32 är
1822 914 12 35 i
1863 913 65 37 all-

329 965 155 37 mänhet
512 966 176 49 stadgad,
717 966 238 37 främmande
982 966 272 49 trosförvandt,
1285 979 79 22 som
1381 964 201 50 påkallade
1599 965 70 36 slik
1686 964 242 49 förrättning,

329 1023 40 31 är
398 1017 153 49 skyldig
580 1024 53 31 att
658 1018 128 37 derför
827 1019 159 48 erlägga
1024 1017 123 50 afgift,
1177 1016 82 38 dels
1288 1021 52 32 att
1375 1016 46 37 de
1449 1015 79 49 fall,
1558 1015 66 37 der
1653 1016 164 37 svenska
1846 1029 83 36 pre-

329 1068 236 50 sterskapets
593 1069 147 37 biträde
768 1069 11 36 i
808 1069 117 49 öfrigt
954 1069 41 36 af
1020 1068 237 37 främmande
1298 1066 262 38 trosförvandt
1600 1067 186 49 påkallas,
1819 1067 108 37 torde

327 1133 89 23 vara
448 1123 41 33 så
518 1120 196 49 sällsynta,
745 1126 54 31 att
827 1120 46 36 de
898 1119 58 37 vid
989 1120 125 37 denna
1142 1119 131 48 frågas
1303 1118 210 49 afgörande
1541 1118 83 36 icke
1647 1117 163 50 förtjena
1841 1132 88 36 syn-

326 1171 141 47 nerligt
496 1170 192 37 afseende.
744 1171 187 47 Slutligen
962 1172 67 34 har
1053 1170 143 49 jemväl
1219 1169 226 36 framhållits
1474 1168 74 36 den
1582 1169 159 47 vigtiga,
1776 1169 58 36 för
1862 1173 66 32 vår

327 1220 246 49 lagstiftning
600 1221 11 36 i
639 1221 125 37 denna
806 1220 110 50 fråga
944 1220 288 38 bestämmande
1268 1219 258 49 grundsatsen
1565 1225 66 42 att,
1675 1222 41 34 så
1738 1219 114 48 länge
1881 1232 46 24 en

329 1271 220 49 statskyrka
577 1272 150 48 funnes,
757 1272 64 37 det
847 1285 89 24 vore
966 1272 130 49 hvarje
1125 1271 273 48 medborgares
1427 1269 220 50 skyldighet
1672 1275 54 31 att
1753 1270 56 36 till
1837 1271 91 35 hen-

329 1336 68 22 nes
425 1322 200 37 underhåll
654 1323 169 48 bidraga.
877 1323 67 36 Att
977 1323 125 36 denna
1141 1322 207 48 grundsats
1389 1320 97 37 varit
1525 1321 73 36 den
1640 1321 288 37 bestämmande

327 1373 122 36 under
490 1386 46 23 en
577 1373 66 49 tid,
674 1373 48 36 då
747 1373 117 48 ingen
904 1373 299 49 religionsfrihet
1241 1372 85 36 fans
1366 1371 12 36 1
1414 1370 169 49 Sverige,
1623 1371 48 36 då
1712 1371 83 48 alle,
1836 1377 92 31 utan

328 1423 211 49 undantag,
569 1424 122 36 skulle
720 1424 176 37 bekänna
935 1424 59 48 sig
1034 1423 54 37 till
1129 1426 66 33 vår
1237 1422 239 49 statskyrkas
1516 1422 91 48 lära,
1646 1427 39 31 är
1726 1421 76 37 lika
1829 1422 100 37 klart

330 1488 78 22 som
438 1474 196 49 naturligt,
664 1488 86 22 men
777 1473 516 38 öfverståthållure-embetet
1321 1476 118 44 vågar
1467 1472 101 37 hålla
1596 1473 93 48 före,
1719 1478 65 43 att,
1810 1473 118 37 sedan

328 1525 300 47 religionsfrihet
656 1526 68 35 här
751 1525 11 36 1
790 1526 130 35 landet
947 1525 234 48 medgifvite,
1216 1524 117 36 sedan
1362 1523 237 36 främmande
1627 1523 300 37 trosbekännare

330 1575 149 37 erhållit
506 1575 170 37 tillstånd
708 1581 53 31 att
789 1576 68 37 här
883 1576 12 36 i
923 1576 129 37 landet
1079 1575 162 49 uppföra
1271 1587 100 36 egna
1398 1574 141 48 kyrkor
1567 1574 71 36 och
1653 1573 72 37 fått
1740 1574 73 36 den
1828 1574 100 49 skyl-

328 1626 180 48 digheten
552 1632 65 41 att,
658 1627 59 36 för
758 1633 53 30 att
852 1630 124 33 såsom
1019 1640 100 34 egna
1158 1623 260 39 trossamfund
1460 1624 201 48 erkännas,
1690 1624 114 37 hafva
1829 1638 99 35 egna

329 1682 146 42 prester
503 1676 92 36 eller
619 1676 274 49 föreståndare,
924 1690 78 23 som
1033 1677 46 35 de
1108 1680 120 33 måste
1250 1670 133 59 aflöna,
1412 1674 61 36 den
1487 1675 284 36 ofvannämnda
1785 1675 142 48 grund-

329 1732 127 30 satsen
486 1727 82 35 icke
598 1727 148 37 erhållit
775 1731 118 45 något
921 1727 156 48 positivt
1089 1727 152 48 uttryck
1261 1726 11 35 i
1292 1729 66 32 vår
1373 1725 257 48 lagstiftning,
1651 1731 92 31 utan
1764 1731 161 31 tvärtom

329 1780 99 33 måst
451 1790 79 23 mer
560 1778 69 39 och
658 1791 79 23 mer
765 1777 105 49 gifva
898 1779 86 35 vika
1014 1778 56 36 för
1098 1777 64 37 det
1195 1777 191 36 allmänna
1425 1776 388 37 rättsmedvetandets
1853 1776 75 36 for-

328 1827 106 49 dran,
465 1833 54 31 att
547 1841 47 23 en
622 1828 238 37 främmande
887 1828 300 37 trosbekännare
1214 1827 83 36 icke
1325 1827 76 36 kan
1443 1839 112 24 anses
1583 1840 91 23 vara
1707 1826 138 50 pligtig
1874 1833 54 31 att

327 1878 56 36 till
412 1878 73 36 den
515 1879 162 36 svenska
706 1880 170 48 kyrkans
904 1880 70 36 och
1003 1880 88 35 dess
1119 1879 267 48 presterskaps
1413 1877 201 36 underhåll
1641 1877 170 49 bidraga.

429 1928 53 36 Af
506 1929 98 37 hvad
631 1929 517 37 öfverståthållare-embetet
1177 1929 68 36 här
1273 1929 114 36 ofvan
1418 1927 126 37 anfört
1570 1928 108 37 torde
1705 1928 223 49 tillräckligt

329 1979 161 49 framgå,
521 1986 54 31 att
603 1980 517 37 öfverståthållare-embetet
1147 1980 65 35 vill
1239 1979 125 37 lemna
1402 1978 64 37 sitt
1506 1978 128 37 förord
1666 1978 56 37 till
1750 1979 178 37 katolska

327 2030 297 49 församlingens
653 2031 295 49 framställning,
973 2045 97 33 men,
1100 2031 48 36 då
1175 2029 516 38 öfverståthållare-embetet
1719 2029 105 37 detta
1845 2036 81 42 gör,

329 2094 111 23 anser
470 2082 517 36 öfverståthållare-embetet
1014 2082 134 47 nödigt
1190 2080 129 37 dervid
1361 2080 101 36 fästa
1503 2080 63 36 det
1601 2080 134 49 vilkor,
1771 2086 54 31 att
1853 2081 72 36 den

329 2131 114 37 frihet
471 2132 83 36 från
585 2132 166 48 afgifter,
782 2146 77 22 som
890 2133 68 35 här
985 2132 258 48 ifrågasättes,
1271 2131 82 37 icke
1383 2133 44 33 må
1446 2131 212 36 tillkomma
1678 2131 116 36 andre
1813 2131 113 37 främ-

329 2182 136 36 mande
508 2183 301 36 trogbekännare
840 2188 47 31 än
916 2197 78 22 som
1021 2182 150 49 jemlikt
1212 2181 185 37 härofvan
1426 2181 229 37 omnämnda
1684 2181 139 49 Kongl.
1852 2182 74 36 för-

328 2232 212 50 ordningen
570 2233 72 36 den
673 2235 43 35 31
749 2233 169 37 Oktober
948 2235 94 35 1873
1072 2233 119 36 bildat
1220 2232 162 37 särskild
1410 2231 237 49 församling,
1676 2245 79 23 som
1786 2232 41 37 af
1852 2238 74 31 sta-
