1932 2852
318 196 17 23 S
622 191 461 32 Konstitutionsutskottets
1109 192 186 31 utlåtande
1321 192 52 30 Nr
1406 193 47 28 14.

272 280 110 21 säsom
412 269 252 31 motionärerna
693 269 99 30 tänkt
815 269 63 35 sig,
902 268 111 30 skulle
1037 269 57 30 ske
1118 269 141 30 särskilt
1283 269 52 29 för
1359 269 158 30 vartdera
1545 270 101 35 valet,
1671 270 107 30 ehuru

272 322 180 35 samtidigt
485 321 61 31 och
581 323 42 34 på
656 331 133 20 samma
820 321 90 35 plats
938 322 94 29 inom
1057 321 97 36 varje
1185 321 208 36 valdistrikt,
1419 322 134 30 komme
1587 322 191 36 säkerligen

272 375 101 30 också
408 373 258 37 mångenstädes
700 375 52 29 att
786 383 87 26 yppa
907 374 53 35 sig
989 373 212 35 svårigheter
1224 376 50 28 att
1299 374 190 35 uppbringa
1516 374 40 30 de
1580 375 199 35 ytterligare

274 427 138 35 lokaler,
436 437 72 20 som
534 427 52 29 för
609 426 198 30 ändamålet
830 436 81 20 vore
935 426 193 34 behövliga.

317 479 74 30 Med
432 478 132 35 hänsyn
605 477 55 30 till
698 477 263 30 eventualiteter
998 488 45 19 av
1081 478 204 29 sistberörda
1326 478 73 34 slag
1438 480 39 27 är
1512 478 55 29 det
1598 478 181 35 tydligtvis

272 531 108 35 också,
416 540 73 20 som
523 530 136 29 erinran
697 529 118 35 gjorts,
851 531 51 28 att
936 531 48 29 ett
1018 531 106 28 större
1158 529 95 30 antal
1280 529 242 31 valförrättare
1547 530 112 30 kunde
1683 530 96 30 bliva

272 583 227 35 erforderligt.
547 582 69 31 Den
654 582 137 36 tvekan,
825 592 72 20 som
921 582 122 31 därvid
1069 582 105 36 hysts,
1199 582 175 30 huruvida
1396 582 94 30 detta
1515 582 107 30 behov
1646 582 133 31 allestä-

273 636 56 30 des
367 635 111 31 kunde
513 635 114 35 fyllas,
662 644 99 26 synes
785 635 164 30 utskottet
972 644 145 21 numera
1142 635 169 35 knappast
1334 634 195 35 berättigat.
1577 635 17 29 I
1627 635 152 30 kommu-

272 698 61 20 ner
367 698 44 20 av
447 688 61 29 den
545 686 137 36 storlek,
717 688 51 29 att
803 687 112 29 denna
938 687 99 34 fråga
1060 689 82 28 över
1167 686 116 31 huvud
1308 688 93 33 taget
1426 686 65 30 kan
1517 687 97 29 bliva
1637 687 142 34 aktuell,

272 740 95 30 torde
399 740 85 29 efter
516 739 236 29 erfarenheten
777 740 50 28 att
851 739 101 30 döma
976 739 103 34 ingen
1103 740 107 29 större
1233 738 176 35 svårighet
1433 738 168 35 föreligga
1624 740 52 29 att
1699 748 80 25 upp-

272 792 124 35 bringa
428 794 109 27 såsom
573 790 242 30 valförrättare
839 790 164 35 lämpliga
1031 801 157 25 personer
1213 791 6 28 i
1248 791 60 29 den
1336 790 221 35 omfattning,
1581 800 72 20 som
1678 792 101 34 ytter-

273 845 108 34 ligare
404 844 112 30 skulle
542 844 133 29 krävas.

315 897 17 29 TI
366 898 83 28 stort
486 898 64 28 sett
583 897 71 28 tror
677 896 53 34 sig
756 896 160 30 utskottet
940 896 132 34 jämväl
1100 896 116 29 kunna
1242 895 151 30 vidhålla
1420 895 112 29 denna
1556 895 222 35 uppfattning

273 949 92 29 inför
388 949 55 29 det
466 948 121 35 gjorda
611 947 221 35 påpekandet,
856 949 51 28 att
930 949 48 28 ett
1001 947 114 35 dylikt
1138 946 186 31 dubbelval
1348 946 112 30 skulle
1485 946 163 30 innebära
1671 946 107 30 ökade

274 1001 217 35 möjligheter
514 1000 55 30 till
595 999 240 35 förväxlingar
858 999 84 30 eller
965 999 110 30 andra
1099 999 240 35 felaktigheter
1364 999 74 29 från
1470 998 217 31 valledarnas
1704 998 72 30 sida

272 1054 59 29 och
369 1053 216 36 följaktligen
622 1052 102 30 ställa
760 1054 161 28 avsevärt
945 1053 107 29 större
1075 1051 147 35 anspråk
1247 1054 42 32 på
1313 1051 105 30 dessa.
1467 1050 76 31 Med
1570 1061 41 19 en
1636 1050 142 35 lämplig

272 1107 210 35 uppdelning
517 1116 44 19 av
596 1105 195 34 göromålen
827 1104 128 30 mellan
984 1105 211 29 förrättarna
1220 1113 102 25 synas
1346 1103 40 30 de
1410 1102 169 30 särskilda
1605 1102 174 30 förutsätt-

273 1159 170 34 ningarna
477 1158 52 29 för
563 1158 141 33 misstag
730 1156 57 30 vid
812 1158 47 28 ett
884 1156 58 29 val
965 1166 45 19 av
1036 1155 264 35 ifrågavarande
1324 1155 74 34 slag
1423 1155 117 29 kunna
1565 1154 214 35 väsentligen

273 1211 253 30 neutraliseras.
573 1209 67 30 Och
681 1209 6 28 i
728 1208 221 30 betraktande
984 1218 44 19 av
1052 1208 52 29 det
1131 1207 319 30 tillfredsställande
1474 1208 84 33 sätt,
1579 1207 106 34 varpå
1708 1206 71 29 val-

275 1263 293 33 förrättningarna
604 1271 143 20 numera
780 1260 123 35 skötas,
928 1260 104 30 sedan
1057 1262 81 28 över
1161 1259 115 31 huvud
1304 1261 92 33 taget
1420 1258 194 31 erfarenhet
1637 1268 55 20 om
1716 1258 63 30 dit-

272 1315 151 30 hörande
458 1314 173 36 uppgifter
666 1313 154 35 vunnits,
856 1322 99 26 synes
990 1312 56 30 det
1080 1312 164 30 utskottet
1280 1311 123 30 liksom
1429 1311 254 30 motionärerna
1706 1310 73 29 obe-

274 1368 144 34 rättigat
441 1369 52 28 att
515 1367 84 35 hysa
623 1365 196 31 tvivelsmål
846 1374 54 20 om
924 1366 51 28 att
999 1365 74 29 icke
1099 1366 99 32 något
1223 1364 107 29 ökade
1354 1363 148 35 anspråk
1527 1363 111 29 skulle
1663 1363 113 29 kunna

274 1420 118 30 ställas
416 1422 43 32 på
482 1419 279 29 valförrättarna.

320 1472 39 35 Ej
384 1470 106 31 heller
517 1471 62 29 kan
605 1470 165 30 utskottet
793 1469 76 30 dela
893 1469 40 29 de
957 1468 152 30 uttalade
1134 1468 218 34 farhågorna,
1377 1468 51 29 att
1444 1467 64 30 den
1525 1475 251 26 gemensamma

273 1524 313 34 valförrättningen
610 1521 111 31 skulle
746 1521 152 30 medföra
921 1520 101 31 oreda
1045 1520 62 30 och
1125 1519 189 35 förvirring
1331 1520 53 29 för
1400 1519 170 35 väljarna.
1601 1518 119 30 Såsom
1735 1528 44 20 av

274 1577 249 30 motionärerna
549 1575 61 30 och
634 1574 133 36 jämväl
792 1574 63 29 här
878 1573 147 35 tidigare
1048 1573 158 34 erinrats,
1231 1572 226 30 förekommer
1480 1571 38 35 ju
1543 1571 103 30 redan
1670 1581 47 20 nu
1738 1581 41 19 en

275 1630 72 29 med
385 1629 62 30 den
485 1629 202 33 ifrågasatta
719 1626 140 31 alldeles
894 1625 148 30 likartad
1079 1624 339 35 dubbelförrättning
1454 1624 57 30 vid
1549 1623 159 30 utseende
1736 1633 43 19 av

274 1680 312 34 stadsfullmäktige
618 1679 61 30 och
713 1678 432 31 förstakammarelektorer
1172 1678 5 28 i
1205 1677 122 35 städer,
1351 1687 72 19 som
1447 1676 30 35 ej
1504 1676 140 30 tillhöra
1669 1662 110 43 lands-

274 1734 84 34 ting.
405 1732 130 30 Därvid
573 1732 62 29 har
671 1731 72 29 icke
768 1731 90 29 visat
882 1730 62 35 sig,
969 1732 50 28 att
1043 1730 108 29 denna
1180 1739 92 20 mera
1299 1728 244 35 komplicerade
1567 1727 136 35 uppgift
1727 1727 53 29 för

274 1786 207 29 valmännen
510 1784 151 35 erbjudit
690 1785 107 33 några
820 1782 167 30 särskilda
1013 1781 220 35 svårigheter.
1282 1781 76 29 Med
1384 1780 220 35 iakttagande
1628 1790 44 19 av
1696 1781 84 27 mot-

274 1837 167 30 svarande
464 1835 170 31 särskilda
656 1834 244 35 anordningar,
924 1844 73 20 som
1020 1833 100 36 pläga
1144 1834 119 29 träffas
1288 1832 59 30 vid
1370 1832 207 30 sistberörda
1601 1831 67 35 val,
1686 1831 94 30 torde

274 1899 42 25 på
339 1889 64 30 den
426 1888 112 35 grund
563 1897 39 20 en
629 1887 125 35 vidgad
780 1886 223 35 tillämpning
1027 1896 45 19 av
1096 1895 132 20 samma
1253 1885 256 33 förfaringssätt
1534 1886 82 27 utan
1642 1883 137 29 betänk-

275 1940 142 36 ligheter
440 1951 45 19 av
509 1950 46 20 nu
582 1938 263 36 ifrågavarande
868 1939 55 29 art
946 1938 119 30 kunna
1089 1937 172 35 godtagas.

318 1993 274 31 Sammanfattar
615 1991 164 31 utskottet
802 1991 75 30 sina
901 2000 47 20 nu
970 1990 119 35 gjorda
1105 1989 200 31 uttalanden
1326 1989 8 29 i
1355 1988 234 36 föreliggande
1605 1987 173 36 spörsmål,

275 2046 68 30 blir
379 2045 183 35 resultatet,
597 2046 52 28 att
676 2043 163 31 utskottet
862 2043 122 35 finner,
1008 2044 51 28 att
1083 2042 191 30 motionens
1298 2042 88 35 syfte
1410 2042 59 29 bör
1493 2043 36 28 så
1553 2041 68 30 vitt
1644 2040 136 35 möjligt

274 2098 203 36 tillgodoses,
507 2107 77 20 men
608 2098 52 28 att
683 2096 62 30 den
774 2096 201 34 ifrågasatta
999 2105 68 25 nya
1090 2094 190 35 ordningen
1309 2094 72 29 icke
1405 2094 59 29 bör
1488 2094 98 34 givas
1609 2092 65 31 den
1698 2092 82 30 obli-

275 2150 174 34 gatoriska
482 2149 172 34 karaktär,
685 2157 72 20 som
791 2147 254 30 motionärerna
1076 2146 186 34 föreslagit.
1311 2145 171 31 Utskottet
1513 2154 100 21 anser
1645 2145 51 34 sig
1732 2146 47 27 sä-

275 2201 106 31 lunda
406 2201 72 30 icke
516 2201 117 29 kunna
660 2199 176 36 tillstyrka
864 2199 272 29 motionärernas
1159 2197 302 35 skrivelseförslag,
1490 2206 78 20 men
1592 2197 113 29 finner
1727 2195 51 35 sig

276 2254 9 29 i
317 2253 113 31 stället
460 2254 82 29 böra
573 2252 123 31 föreslå
728 2251 182 36 riksdagen
941 2252 51 29 att
1023 2250 59 31 hos
1113 2249 132 36 Kungl.
1279 2249 98 36 Maj:t
1409 2251 82 34 göra
1519 2247 259 34 framställning

275 2316 55 20 om
365 2305 125 35 förslag
524 2305 55 30 till
603 2315 42 20 en
669 2304 106 31 sådan
800 2304 136 34 lösning
958 2313 46 20 av
1028 2303 134 35 frågan,
1185 2304 52 28 att
1260 2303 211 34 gemensamt
1495 2299 212 32 förrättande
1734 2309 44 20 av

276 2358 334 34 landstingsmanna-
649 2356 61 30 och
751 2354 262 36 fullmäktigval
1054 2356 55 28 må
1150 2355 118 29 kunna
1300 2356 65 33 äga
1406 2363 77 20 rum
1519 2354 10 28 i
1566 2353 213 33 kommuner,

276 2420 71 20 som
381 2412 37 28 så
451 2410 96 29 finna
582 2400 168 44 lämpligt.
798 2408 67 30 För
897 2409 51 29 att
983 2407 204 35 möjliggöra
1215 2406 91 30 detta
1332 2406 124 29 krävas
1490 2404 182 37 tydligtvis
1707 2403 73 30 icke

275 2463 110 35 några
408 2463 106 29 större
536 2460 198 32 avvikelser
753 2460 79 30 från
856 2459 161 36 gällande
1033 2459 254 30 bestämmelser
1302 2467 55 21 om
1375 2457 192 36 ordningen
1584 2456 53 30 för
1654 2455 125 36 ifråga-

275 2514 152 30 varande
452 2514 65 30 val.
557 2513 111 31 Redan
697 2523 46 20 nu
769 2512 109 36 ligger
902 2512 54 30 det
987 2513 3 28 i
1014 2512 266 30 kommunernas
1303 2518 83 27 egen
1412 2509 91 30 hand
1528 2510 50 28 att
1599 2508 94 30 inom
1711 2507 69 30 viss
