2202 2727
372 167 112 30 Andra
513 165 210 31 Kammarens
753 160 183 39 Tillfälliga
969 157 137 32 Utskotts
1134 152 82 49 (N:o
1246 151 39 49 3)
1319 153 168 32 Utlåtande
1513 153 63 31 N:o
1601 153 54 29 23.
1733 150 19 30 3

222 253 151 33 hvarföre
415 252 111 32 denna
568 258 44 22 nu
654 247 84 40 ånyo
778 245 121 32 väckta
940 242 102 39 fråga,
1074 239 74 33 från
1177 239 164 41 pekuniär
1369 238 181 41 synpunkt,
1577 236 61 32 har
1664 236 129 40 ganska

224 310 88 28 stora
340 304 232 33 dimensioner.
628 299 135 32 Hennes
792 296 131 39 lösning
951 303 110 23 vunne
1089 292 74 40 föga
1192 291 80 32 eller
1300 290 84 33 intet
1411 290 74 31 med
1513 300 40 21 en
1582 286 211 41 underdånig

223 357 182 39 skrifvelse,
434 354 105 33 sådan
568 361 69 23 som
666 350 206 32 motionären
901 345 179 39 föreslagit,
1108 353 52 22 om
1189 342 189 40 Riksdagen
1407 342 72 31 icke
1499 340 158 39 derjemte
1689 338 106 33 stälde

223 409 121 39 nödiga
384 407 105 32 medel
531 404 47 33 till
623 402 116 40 Kongl.
780 400 111 40 Maj:ts
931 396 205 40 disposition.
1190 394 171 32 Utskottet
1393 403 76 30 eger
1496 392 85 32 dock
1608 392 99 39 ingen
1737 391 60 31 be-

222 460 156 40 fogenhet
418 461 49 29 att
506 455 165 40 tillstyrka
712 452 108 40 någon
850 450 280 39 anslagssumma,
1159 446 60 31 och
1248 444 42 33 då
1319 443 36 33 så
1383 448 36 28 är
1446 442 239 41 förhållandet,
1713 445 88 29 samt

224 511 42 41 på
294 510 108 41 grund
431 511 33 30 af
491 508 86 32 hvad
605 505 171 32 Utskottet
803 503 49 31 för
880 501 98 38 öfrigt
1005 503 111 36 yttrat,
1152 507 98 22 anser
1277 496 179 39 Utskottet,
1485 505 69 21 som
1584 495 27 39 ej
1641 494 159 31 förnekar

224 564 54 31 det
318 561 175 41 gagneliga
536 560 9 31 i
586 556 223 34 motionärens
852 552 95 40 syfte,
988 551 48 38 sig
1065 550 26 39 ej
1121 550 116 30 kunna
1265 547 185 31 framställa
1480 545 102 40 något
1610 549 105 27 annat
1744 554 56 31 yr-

224 614 110 31 kande
363 616 39 27 än

623 714 48 28 att
709 709 86 32 Herr
836 708 86 31 Sven
962 706 154 32 Nilssons
1159 703 122 31 motion
1323 701 71 31 icke
1423 698 102 34 måtte
1552 697 170 33 föranleda
1750 695 49 31 till

627 761 100 40 något
753 759 208 39 Riksdagens
990 755 191 42 åtgörande.

379 876 190 33 Stockholm
600 874 62 31 den
690 873 40 30 29
758 871 90 39 April
884 868 87 32 1875.

797 1021 46 33 På
871 1021 187 32 Utskottets
1087 1021 143 36 vägnar:

858 1122 44 34 A.
933 1119 248 45 Adlersparre.
