1894 2826
263 169 19 31 8
739 174 229 29 Statsutskottets
989 175 148 28 utlåtande
1159 176 49 27 Nr
1229 173 50 31 28.

935 502 62 40 Nr
1031 503 65 41 28.

582 621 125 28 Ankom
731 621 50 28 till
804 622 171 37 riksdagen
999 623 105 27 kansli
1128 623 60 28 den
1214 624 38 28 28
1275 624 140 28 februari
1441 625 80 28 1928
1544 626 41 28 kl.
1613 627 33 27 11
1672 626 21 28 f.
1719 636 41 19 m.

577 712 190 36 Utlåtande
795 714 13 35 i
834 714 194 49 anledning
1058 727 44 23 av
1131 715 135 47 Kungl.
1296 717 126 47 Maj:ts
1441 718 230 46 proposition
1700 732 54 23 an

670 765 137 48 gående
834 766 116 47 utbyte
978 779 44 23 av
1050 767 102 35 mark
1178 768 133 45 mellan
1339 769 136 36 kronan
1504 770 59 35 och
1584 770 94 36 vissa
1703 784 57 23 en-

672 817 119 36 skilda
814 830 171 35 personer
1013 818 14 35 i
1053 819 134 36 Boden.

1522 874 68 44 (1:a
1617 877 90 41 avd.)

310 974 62 32 Uti
409 985 42 20 en
488 974 53 32 till
577 975 181 42 riksdagen
795 976 142 39 avlåten,
969 977 66 31 den
1067 979 45 30 10
1140 978 148 32 februari
1319 979 95 32 1928
1444 979 212 42 dagtecknad
1684 992 75 31 pro-

259 1026 152 41 position
450 1023 52 44 (nr
540 1025 70 43 63),
640 1027 113 32 vilken
782 1028 52 31 till
861 1028 248 33 förberedande
1137 1030 210 43 behandling
1373 1031 177 33 hänvisats
1578 1033 52 31 till
1659 1035 99 30 stats-

259 1078 178 38 utskottet,
476 1078 62 31 har
573 1079 127 42 Kungl.
739 1080 110 41 Maj:t,
879 1081 109 31 under
1016 1081 216 43 åberopande
1260 1094 40 20 av
1328 1083 57 31 det
1411 1084 58 31 vid
1497 1085 262 41 propositionen

258 1129 120 42 fogade
406 1130 124 42 utdrag
556 1142 40 20 av
624 1132 378 42 statsrådsprotokollet
1030 1135 79 30 över
1128 1134 297 33 försvarsärenden
1444 1136 54 31 för
1516 1136 146 32 nämnda
1682 1137 75 42 dag,

258 1181 176 42 föreslagit
461 1183 182 42 riksdagen
671 1183 165 43 medgiva,

310 1235 50 30 att
396 1236 50 29 ett
482 1234 120 43 utbyte
630 1247 40 19 av
697 1236 200 42 fastigheter
924 1239 54 29 må
1007 1239 61 39 äga
1095 1249 74 20 rum
1198 1238 123 31 mellan
1349 1239 142 39 kronan,
1521 1241 18 29 å
1567 1251 72 27 ena,
1670 1243 90 29 samt

258 1286 40 31 A.
328 1286 40 31 BR.
399 1286 220 33 Anderssons
661 1287 318 42 sterbhusdelägare
1022 1289 63 31 och
1122 1290 39 31 E.
1192 1290 38 31 F.
1261 1289 157 40 Vidman,
1458 1293 19 29 å
1514 1292 103 31 andra
1646 1292 109 39 sidan,

259 1338 156 31 sålunda:

310 1392 48 29 att
398 1390 131 31 kronan
570 1402 41 20 av
647 1391 75 31 sina
763 1391 273 32 hemmansdelar
1078 1387 79 41 ”/si2
1200 1394 127 31 mantal
1364 1394 170 42 Svartbyn
1571 1407 40 19 nr
1640 1396 19 31 6
1689 1396 66 31 litt.

259 1436 83 37 0”a?
373 1440 183 44 (Svartbyn
587 1438 66 45 6?)
683 1443 65 32 och
778 1439 80 38 '/128
887 1445 128 30 mantal
1044 1444 170 43 Svartbyn
1242 1457 40 19 nr
1312 1446 18 31 3
1359 1446 66 32 litt.
1456 1442 87 36 L'b?
1574 1444 183 46 (Svartbyn

260 1488 67 47 3")
365 1494 52 31 till
445 1494 149 32 nämnda
622 1495 318 43 sterbhusdelägare
969 1496 64 32 och
1061 1497 146 32 Vidman
1236 1498 165 31 överlåter
1428 1498 43 31 de
1499 1499 258 32 markområden

258 1557 54 20 om
349 1546 147 42 tillhopa
532 1547 91 31 cirka
661 1547 70 39 3,06
767 1548 128 39 hektar,
935 1559 74 21 som
1038 1550 19 29 å
1084 1560 42 20 en
1154 1560 40 20 av
1222 1549 42 32 de
1288 1550 11 31 i
1326 1550 222 32 förenämnda
1576 1552 180 32 statsråds-

257 1598 172 41 protokoll
458 1599 223 31 omförmälda
709 1600 159 31 kartorna
894 1600 201 32 betecknats
1122 1601 78 31 med
1228 1613 40 20 nr
1296 1603 21 30 4
1346 1602 64 32 och
1440 1602 37 39 5;

309 1652 48 29 att
398 1650 346 43 sterbhusdelägarna
784 1652 64 31 och
883 1652 149 32 Vidman
1073 1664 40 20 av
1150 1653 76 31 dem
1267 1654 173 42 tillhöriga
1477 1654 279 33 hemmansdelen

259 1696 98 40 "/s512
386 1703 129 31 mantal
544 1702 171 43 Svartbyn
744 1715 40 19 nr
813 1705 19 30 6
862 1704 64 31 litt.
959 1700 83 36 O”a'
1075 1702 181 45 (Svartbyn
1287 1701 66 46 6?)
1383 1706 53 31 till
1455 1706 129 32 kronan
1605 1707 151 32 överlåta

257 1754 42 31 de
327 1754 258 32 markområden
614 1766 54 20 om
697 1755 146 42 tillhopa
870 1756 91 31 cirka
992 1758 79 37 61,2
1099 1768 45 27 ar,
1175 1768 73 20 som
1277 1759 19 29 å
1324 1769 40 20 en
1392 1758 166 32 likaledes
1581 1759 11 31 i
1611 1759 146 32 berörda

257 1806 342 42 statsrådsprotokoll
628 1808 202 31 omförmäld
856 1808 95 31 karta
978 1809 200 31 betecknats
1206 1810 78 30 med
1311 1821 39 20 nr
1382 1811 15 30 1
1430 1810 64 31 och
1525 1811 35 37 2;

308 1861 49 29 att
392 1858 131 32 kronan
559 1859 188 32 vidkännes
784 1859 42 32 de
862 1860 78 31 med
977 1860 192 43 markbytet
1204 1861 160 32 förenade
1392 1862 363 42 avsöndringskostna-

257 1910 74 39 der;
360 1913 88 29 samt

309 1965 48 29 att
397 1962 42 32 de
480 1963 12 30 i
532 1963 97 42 bytet
669 1963 166 42 ingående
871 1964 245 42 fastigheterna
1144 1967 18 29 å
1190 1967 94 30 ömse
1313 1965 93 32 sidor
1433 1966 131 32 lämnas
1591 1966 63 32 fria
1681 1967 73 31 från

256 2014 223 42 gravationer.

308 2066 219 32 Beträffande
564 2067 226 42 utredningen
826 2068 12 31 i
874 2068 140 31 ärendet
1042 2068 50 31 får
1120 2068 167 32 utskottet
1314 2069 141 32 hänvisa
1483 2070 53 31 till
1564 2070 191 42 åberopade

257 2118 388 42 statsrådsprotokollet.

308 2222 300 32 Kommendanten
636 2222 12 31 i
683 2222 122 32 Boden
841 2223 61 31 har
937 2223 196 39 framhållit,
1172 2225 50 30 att
1248 2225 53 30 för
1326 2225 265 41 genomförande
1619 2236 40 20 av
1687 2225 67 31 den

255 2274 53 32 för
343 2274 141 32 Bodens
520 2274 152 42 fästning
701 2274 156 42 gällande
885 2275 304 42 rustningsplanen
1218 2276 212 32 erfordrades
1458 2277 298 41 dispositionsrätt

255 2326 53 31 till
349 2328 48 29 ett
438 2326 11 31 i
491 2326 134 32 enskild
662 2328 62 40 ägo
761 2327 155 39 varande,
959 2327 92 32 intill
1091 2328 148 32 kronans
1276 2329 92 31 mark
1403 2329 191 41 gränsande
1622 2328 133 32 mindre

256 2377 137 32 område
430 2378 11 31 i
479 2378 170 42 Svartbyn
685 2378 12 31 i
726 2372 211 38 Över-Luleå
966 2379 136 32 socken.
1159 2380 297 32 Kommendanten
1485 2381 87 31 hade
1600 2381 155 31 utverkat

256 2430 211 41 erbjudande
495 2431 74 30 från
597 2432 124 40 ägarna
748 2431 53 31 till
829 2431 57 32 det
913 2442 83 31 nyss
1025 2432 224 32 omförmälda
1276 2432 163 39 området,
1470 2433 40 31 A.
1536 2433 40 31 R.
1607 2432 147 33 Anders-

256 2493 82 20 sons
375 2482 320 42 sterbhusdelägare
732 2485 88 30 samt
859 2483 39 31 E.
938 2483 38 32 F.
1015 2483 158 40 Vidman,
1217 2486 49 30 att
1307 2485 148 31 överlåta
1487 2484 187 33 detsamma
1702 2485 53 31 till
