2208 2562
444 115 40 31 56
865 109 100 47 Stats-
981 109 171 47 Utskottets
1160 114 210 33 Betänkande
1393 115 64 32 N:o
1481 117 49 30 66.

400 195 113 37 skulle
541 194 127 48 uppstå
695 206 57 23 om
779 194 557 48 Upsala—Margretehillslinien
1364 199 155 44 antoges.
1551 196 126 36 Denna
1704 196 99 47 bana,
1831 208 75 24 som
1920 196 85 37 lem-

399 259 65 24 nar
507 258 44 24 en
591 247 139 34 kortare
771 246 210 36 förbindelse
1013 246 129 36 mellan
1183 247 258 36 hufvudstaden
1481 247 66 36 och
1573 248 189 46 Norrland,
1791 247 96 36 Gefle
1916 253 90 32 samt

401 298 150 46 Fahlun,
593 298 192 46 genomgår
827 298 73 35 dels
930 298 143 46 bördiga
1101 298 264 47 Uplandslätter
1393 298 65 36 och
1486 300 250 46 skogstrakter,
1766 299 72 36 dels
1865 304 139 31 närmar

401 351 68 35 den
509 349 53 47 sig
602 349 30 47 ej
675 349 201 47 obetydliga
902 349 171 35 malmfält
1100 354 89 30 samt
1215 362 160 35 passerar
1403 350 201 36 Dal-elfven
1630 351 59 35 vid
1718 354 48 32 ett
1793 355 108 31 större
1928 355 75 32 vat-

402 400 121 37 tenfall
550 400 222 47 (Söderfors),
801 400 180 36 hvarifrån
1008 401 201 35 densamma
1235 401 64 36 lätt
1326 406 102 42 göres
1456 401 159 47 segelbar
1642 414 71 36 upp
1733 402 51 36 till
1812 402 165 47 Gysinge.

530 451 67 36 Om
637 455 49 32 ett
725 452 136 48 belopp,
902 452 242 35 motsvarande
1173 452 93 35 hvad
1294 465 74 23 som
1395 453 147 35 sålunda
1568 453 53 35 för
1648 453 116 36 Norra
1801 454 205 35 stambanan

404 504 229 46 inbesparats,
662 504 179 34 användes
869 507 50 31 att
945 503 226 47 understödja
1198 504 159 35 enskilda
1383 505 110 34 banor
1521 505 9 34 i
1560 504 276 47 Westmanland,
1870 505 38 35 så
1936 506 71 34 kan

401 555 101 36 deraf
525 554 176 36 förväntas
731 567 46 23 en
805 567 82 23 snar
914 554 202 47 utveckling
1144 554 38 36 af
1206 555 57 35 det
1289 555 53 35 för
1371 556 41 34 de
1441 555 171 36 särskilda
1639 560 139 32 orterna
1802 556 203 36 fördelakti-

402 611 97 43 gaste
540 606 364 48 privatbane-system,
944 606 203 48 isynnerhet
1187 619 57 23 om
1277 619 126 34 genom
1430 611 49 32 ett
1506 607 113 47 billigt
1645 608 223 47 smalspårigt
1894 608 111 48 bygg-

402 659 157 35 nadssätt
586 662 110 32 större
725 658 157 36 sträckor
909 658 118 35 kunde
1055 658 122 35 vinnas
1205 658 52 36 för
1285 671 132 23 samma
1443 659 82 48 pris.
1581 659 119 36 Staten
1727 660 112 35 skulle
1859 660 148 36 sålunda

402 711 53 35 för
483 710 68 35 den
580 710 149 35 kostnad
756 710 180 35 Utskottet
962 709 180 47 föreslagit
1168 710 121 35 kunna
1317 710 240 35 åstadkomma
1585 711 95 35 såväl
1707 723 44 23 en
1768 711 117 35 Norra
1899 715 106 32 stam-

401 762 103 44 bana,
545 772 74 24 som
659 761 187 35 framkalla
884 760 301 47 bergslagsbanor,
1228 761 51 35 till
1318 761 156 47 betydlig
1515 762 243 46 utsträckning
1798 763 11 34 i
1849 762 65 35 och
1952 763 53 35 för

404 812 150 47 höjande
583 812 37 34 af
644 812 67 35 den
738 812 159 46 industri,
939 824 74 23 som
1040 815 38 31 är
1107 812 10 34 i
1145 812 38 35 så
1209 816 87 31 stort
1322 812 109 36 behof
1454 812 38 36 af
1515 813 95 35 detta
1636 812 210 48 hjelpmedel
1872 813 53 36 för
1952 814 53 35 sin

404 862 215 48 utveckling.

533 914 85 36 Man
645 914 171 36 invänder
845 914 175 35 måhända
1048 918 50 31 att
1126 927 125 34 genom
1279 914 219 47 anläggande
1526 915 39 36 af
1587 928 44 23 en
1658 916 92 35 bana
1768 916 91 35 ifrån
1874 916 132 48 Upsala

404 966 97 35 öfver
543 965 269 36 Sala—Avesta
844 965 52 35 till
924 965 140 35 Storvik
1092 965 111 35 skulle
1231 966 105 35 målet
1365 966 124 35 vinnas
1517 978 127 35 genom
1672 967 115 35 denna
1813 967 100 45 enda,
1942 968 64 34 och

404 1016 53 36 för
497 1020 49 32 ett
568 1016 73 47 pris
668 1016 39 35 af
735 1018 217 44 11,504,991
985 1016 96 46 R:dr,
1117 1017 155 34 deremot
1298 1017 71 34 kan
1397 1017 89 35 dock
1513 1018 140 46 mycket
1680 1018 183 35 invändas:
1893 1018 115 36 såsom

405 1071 49 33 att
480 1067 236 37 förbindelsen
743 1067 148 36 emellan
919 1067 178 36 Westerås
1125 1067 65 36 och
1218 1068 202 36 Stockholm
1435 1069 108 35 måste
1557 1069 107 35 blifva
1678 1069 152 36 särdeles
1844 1069 93 48 lång,
1958 1073 50 32 att

401 1120 195 47 jernvägen
635 1119 130 36 mellan
804 1118 136 49 Upsala
981 1119 66 36 och
1075 1119 80 36 Sala
1182 1119 51 36 till
1261 1132 44 23 en
1332 1124 71 32 stor
1431 1120 56 36 del
1514 1121 64 47 går
1605 1133 127 35 genom
1759 1134 44 23 en
1831 1122 175 46 ödemark,

404 1175 89 31 samt
519 1175 50 31 att
595 1170 53 36 för
676 1171 46 35 all
749 1171 140 35 framtid
917 1171 151 46 utsigten
1096 1174 38 32 är
1162 1172 125 46 stängd
1315 1171 52 36 för
1407 1172 95 35 såväl
1536 1172 142 47 Upland
1706 1185 73 23 som
1807 1173 199 36 Westman-

403 1222 84 36 land
515 1225 50 32 att
592 1222 46 47 på
664 1226 48 31 ett
738 1222 53 35 för
818 1222 155 35 rörelsen
1000 1222 225 47 fördelaktigt
1252 1227 67 31 sätt
1346 1223 151 47 anlägga
1524 1224 155 35 bibanor.

535 1272 52 36 På
613 1273 146 35 anförda
786 1273 76 35 skäl
889 1273 53 35 får
964 1273 63 47 jag
1053 1274 177 34 vördsamt
1257 1273 191 47 hemställa,

604 1328 50 32 att
682 1324 204 47 Riksdagen
912 1325 106 35 måtte
1052 1325 115 35 såsom
1192 1325 117 35 Norra
1336 1326 191 46 stambana,
1556 1325 143 36 hvilken
1728 1326 61 35 bör
1822 1327 79 35 med
1929 1327 76 36 Sta-

604 1380 75 32 tens
719 1376 113 36 medel
873 1376 174 47 bekostas,
1089 1381 128 43 antaga
1244 1389 44 23 en
1315 1377 92 35 bana
1434 1377 78 36 från
1539 1377 135 48 Upsala
1701 1377 96 36 öfver
1824 1378 184 36 Söderfors

602 1428 53 34 till
681 1428 240 46 Margretehill
948 1428 46 47 på
1022 1428 241 36 Gefle—Dala
1285 1429 158 46 jernväg,
1471 1429 54 35 för
1553 1433 50 31 att
1632 1429 152 36 deritrån
1797 1430 132 47 kunna,
1944 1433 64 32 när

602 1482 267 43 statsmagterna
909 1479 124 35 sådant
1072 1479 146 46 besluta,
1251 1479 114 35 såsom
1404 1480 178 35 statsbana
1622 1480 175 35 fortsättas
1832 1485 134 42 norrut,
1995 1482 11 34 i

605 1529 68 36 den
701 1530 155 46 riktning
884 1529 66 36 och
977 1530 79 36 med
1085 1530 67 35 den
1180 1529 175 48 spårvidd,
1384 1542 73 24 som
1486 1530 45 36 då
1558 1531 71 35 kan
1655 1543 86 24 vara
1771 1532 186 36 bestämd.”

533 1632 39 37 af
606 1632 94 37 Herr
741 1632 129 37 Grefve
911 1633 42 36 L.
995 1634 46 42 af
1082 1633 148 47 Ugglas:
1270 1633 138 36 ”Ehuru
1444 1634 63 48 jag
1546 1634 77 37 icke
1664 1635 163 36 förnekar
1863 1637 49 33 att
1939 1635 70 36 den

404 1685 213 47 sträckning,
645 1706 51 4 —
722 1685 90 35 ifrån
841 1685 203 47 Thureberg
1065 1686 105 35 öfver
1197 1686 136 35 Sevalla
1361 1686 64 35 och
1453 1686 134 36 Avesta
1615 1687 50 35 till
1693 1687 137 35 Storvik
1858 1707 50 5 —
1933 1698 75 24 som

403 1736 179 35 Utskottet
622 1735 188 47 föreslagit,
852 1748 101 34 synes
993 1736 106 35 hafva
1139 1736 76 35 skäl
1255 1736 53 35 för
1349 1737 62 46 sig,
1445 1737 65 35 har
1533 1738 63 46 jag
1624 1738 118 35 derom
1768 1738 76 34 icke
1871 1738 138 34 kunnat

405 1787 86 35 fatta
518 1787 158 35 bestämd
704 1786 241 47 öfvertygelse,
973 1787 45 34 då
1045 1787 96 35 delar
1168 1787 35 35 af
1230 1787 114 35 denna
1371 1788 204 47 sträckning
1603 1791 93 32 ännu
1722 1788 76 35 icke
1813 1787 115 36 blifvit
1942 1800 65 22 un-

404 1838 172 35 dersökta.
631 1837 126 36 Andra
796 1837 208 48 riktningar,
1045 1838 208 36 hvaribland
1286 1850 44 24 en
1357 1842 93 32 ännu
1478 1839 195 48 vestligare,
1701 1839 145 48 djupare
1874 1839 132 36 inträn-

407 1890 114 46 gande
550 1889 49 36 uti
626 1889 181 48 Norbergs
834 1890 173 47 bergslag,
1035 1890 115 36 blefvo
1179 1890 102 36 äfven
1309 1891 111 35 under
1448 1890 350 49 öfverläggningarne
1826 1891 96 36 inom
1941 1891 65 36 Ut-

405 1941 129 35 skottet
560 1941 199 46 föreslagna
787 1941 65 35 och
880 1942 58 34 det
965 1953 103 35 synes
1096 1942 72 46 mig
1195 1946 59 42 att,
1283 1954 56 22 om
1366 1942 214 47 Riksdagen,
1608 1943 51 35 för
1688 1943 58 35 det
1773 1943 142 35 afsedda
1934 1943 73 35 må-

403 1991 56 46 let,
503 2013 45 4 —
592 1992 115 35 denna
734 1992 181 46 bergslags
942 1992 161 47 förening
1130 1993 79 35 med
1250 1992 203 36 Stockholm
1483 2014 45 4 —
1556 1993 59 35 vill
1641 1993 216 35 underkasta
1884 1993 53 47 sig
1964 2006 44 23 en

404 2042 112 47 utgift,
545 2043 207 47 uppgående
779 2043 52 35 till
859 2043 143 35 dubbelt
1029 2047 93 32 emot
1150 2043 92 36 hvad
1271 2044 119 46 ginare
1419 2044 207 36 förbindelse
1641 2044 81 35 med
1737 2043 269 37 Gefle-Dalaba-

403 2105 70 24 nan
501 2094 111 36 skulle
640 2093 133 48 kräfva,
802 2094 76 36 skäl
906 2107 81 23 vore
1017 2099 48 32 att
1093 2108 92 35 noga
1211 2095 90 36 tillse
1329 2099 50 32 att
1406 2097 107 46 sagda
1539 2096 70 36 mål
1636 2096 46 48 på
1696 2097 98 35 bästa
1809 2100 66 32 sätt
1889 2097 118 36 kunde

404 2145 196 48 befrämjas.
655 2146 69 47 Jag
764 2146 184 36 förordade
981 2146 103 37 äfven
1111 2148 95 34 inom
1234 2147 178 36 Utskottet
1438 2152 49 31 att
1513 2148 53 35 för
1593 2148 177 36 vinnande
1798 2147 143 37 härutaf
1964 2161 44 23 en

405 2197 263 47 undersökning
709 2197 65 35 och
815 2198 187 46 utredning
1043 2199 111 35 skulle
1183 2199 38 35 af
1248 2198 130 45 Kongl.
1406 2199 98 46 Maj:t
1531 2200 159 45 begäras.
1743 2199 127 47 Någon
1897 2200 111 35 skada

1819 2250 85 37 eller
