2218 2562
436 91 40 30 20
861 92 99 33 Stats-
969 92 166 35 Utskottets
1158 95 212 33 Betänkande
1393 97 64 32 N:o
1482 100 49 29 66.

391 168 152 47 mänhet,
578 174 160 44 uppgöra
765 171 66 36 och
860 173 160 36 utarbeta
1046 173 131 49 förslag
1206 175 51 36 till
1279 176 208 48 jernvägars
1514 178 207 49 riktningar,
1749 177 251 57 anläggnings-

392 224 67 34 sätt
487 221 66 36 och
580 222 241 37 beskaffenhet
848 236 43 23 m.
921 237 55 34 m.,
1005 230 88 31 samt
1120 231 59 43 att,
1193 227 59 36 vid
1268 228 108 48 derpå
1389 229 152 47 följande
1556 231 161 47 riksdags
1732 232 131 48 början,
1880 234 122 37 kunna

393 273 51 35 till
485 272 125 37 Rikets
651 274 148 36 Ständer
833 275 104 37 aflåta
969 277 106 48 nådig
1102 278 222 49 Proposition
1352 281 180 47 angående
1561 283 309 47 verkställigheten
1897 286 38 35 af
1958 287 42 35 de

394 329 111 31 större
528 325 438 50 jernvägsanläggningar,
995 328 121 37 hvilka
1144 331 150 36 derefter
1321 332 107 36 borde
1458 333 37 35 af
1506 333 177 37 allmänna
1697 336 113 35 medel
1824 337 172 36 bekostas.

394 375 116 36 Sedan
550 376 42 36 de
634 377 39 35 af
708 378 124 36 Rikets
860 379 148 37 Ständer
1036 381 147 36 sålunda
1211 383 154 46 begärda
1392 385 304 48 undersökningar
1724 387 122 47 blifvit,
1875 401 124 34 genom

393 427 114 36 dertill
548 428 38 35 af
621 428 131 48 Kongl.
793 430 100 48 Maj:t
934 433 143 35 utsedde
1118 433 226 48 komiterade,
1378 436 223 47 verkställda,
1628 437 215 38 framställde
1872 436 129 55 Kongl.

393 478 109 48 Maj:t,
530 479 50 35 uti
608 480 108 47 nådig
745 481 223 48 Proposition
995 484 38 35 af
1056 485 67 35 den
1153 487 45 35 28
1227 486 200 37 November
1458 490 107 45 1856,
1595 489 10 35 i
1624 489 250 50 hufvudsaklig
1889 492 112 36 öfver-

395 531 259 36 ensstämmelse
687 533 80 35 med
795 533 93 36 hvad
916 535 216 37 komiterade
1159 541 118 43 yttrat,
1306 539 92 35 vissa
1425 539 300 48 hufvudgrunder,
1755 554 74 23 som
1857 543 58 35 vid
1942 544 59 35 be-

394 583 233 34 stämmandet
653 583 39 35 af
715 585 266 36 stambanornas
1009 587 157 47 riktning
1193 589 108 35 borde
1316 589 110 48 följas,
1442 590 193 48 hvarjemte
1650 592 132 48 Kongl.
1799 594 110 47 Maj:t,
1925 595 78 36 med

392 633 347 48 tillkännagifvande,
768 639 50 32 att
846 637 57 35 det
931 642 129 43 system
1086 639 53 36 för
1168 640 216 48 anläggning
1412 641 38 36 af
1474 642 137 37 Statens
1627 645 286 47 stamjernbanor,
1929 658 74 24 som

391 684 130 49 Kongl.
563 685 100 48 Maj:t
703 687 51 35 uti
795 687 148 38 berörda
982 690 130 47 nådiga
1151 690 221 49 Proposition
1412 693 51 36 till
1496 694 123 37 Rikets
1647 695 165 38 Ständers
1839 698 164 47 pröfning

392 736 269 48 öfverlemnade,
689 739 121 36 stödde
839 740 53 47 sig
919 741 45 47 på
992 742 101 36 dessa
1119 742 300 50 hufvudgrunder,
1441 745 208 48 förklarade,
1665 751 50 32 att
1730 749 44 34 då
1789 749 212 47 Stockholm,

394 788 73 36 dels
508 789 114 35 såsom
662 789 110 36 rikets
811 791 224 48 hufvudstad,
1069 794 73 35 dels
1170 807 127 33 genom
1325 796 78 36 dess
1430 797 11 35 i
1468 797 89 36 både
1586 798 197 36 militäriskt
1811 800 65 35 och
1904 801 98 35 kom-

390 839 153 36 mersielt
582 840 200 36 hänseende
815 843 135 46 vigtiga
977 844 221 47 belägenhet,
1226 847 187 47 onekligen
1440 860 82 23 vore
1552 849 68 35 den
1646 849 99 48 plats,
1773 850 145 36 hvilken
1945 852 59 35 vid

392 891 225 35 utstakandet
644 891 38 35 af
706 895 48 32 ett
782 894 236 46 systematiskt
1040 895 231 48 jernvägsnät
1298 897 53 36 för
1378 899 90 35 riket
1495 900 108 35 borde
1631 901 245 37 företrädesvis
1904 906 99 44 tagas

390 941 12 36 i
442 942 230 35 betraktande
714 948 89 31 samt
842 945 94 47 tjena
977 946 52 36 till
1056 948 275 48 utgångspunkt,
1360 951 108 35 måste
1496 951 11 35 i
1534 951 143 37 främsta
1705 958 151 31 rummet
1883 950 120 56 tillses,

390 992 93 36 huru
524 994 115 35 denna
679 995 123 46 punkt,
844 1001 83 31 utan
970 1002 49 31 att
1046 999 190 36 åsidosätta
1264 1001 297 47 mellanliggande
1590 1003 184 36 fruktbara
1800 1002 202 54 provinsers

390 1044 152 47 anspråk
571 1044 66 35 och
665 1045 108 36 behof
797 1047 38 35 af
859 1048 243 37 underlättade
1131 1051 350 48 kommunikationer,
1509 1054 106 35 måtte
1643 1055 46 46 på
1707 1056 294 48 ändamålsenligt

394 1098 67 32 sätt
488 1096 282 36 sammanbindas
798 1099 80 35 med
905 1100 143 47 Malmö,
1078 1102 113 35 såsom
1218 1107 163 42 gränsort
1408 1104 10 35 i
1447 1105 111 47 söder,
1587 1106 79 35 med
1682 1106 190 48 Göteborg,
1889 1108 113 36 såsom

390 1149 163 44 gränsort
593 1146 66 36 och
698 1148 185 48 vigtigaste
924 1151 240 49 handelsplats
1204 1154 59 36 vid
1303 1155 136 48 kusten,
1486 1157 78 36 med
1611 1157 138 48 Norges
1790 1159 215 38 hufvudstad

391 1202 88 32 samt
506 1198 167 48 slutligen
700 1201 79 36 med
807 1201 135 49 Upsala
969 1204 66 35 och
1063 1205 42 36 de
1134 1205 88 37 både
1250 1219 83 24 norr
1361 1208 65 35 och
1454 1213 114 32 vester
1596 1222 56 23 om
1681 1210 216 37 sistnämnda
1926 1213 77 36 stad

390 1250 150 46 belägna
580 1251 149 47 trakter;
771 1253 65 35 och
870 1255 155 47 föreslog
1053 1257 132 46 Kongl.
1214 1258 109 47 Maj:t,
1351 1260 11 34 i
1391 1260 360 38 öfverensstämmelse
1779 1263 144 36 härmed
1952 1269 50 31 att

390 1302 116 35 nedan
545 1306 181 43 upptagna
761 1305 272 47 jernvägslinier
1074 1309 108 35 borde
1223 1322 100 23 anses
1357 1311 113 35 såsom
1499 1314 210 45 stambanor,
1740 1314 122 36 hvilka
1889 1316 114 35 skulle

392 1352 170 47 anläggas
603 1353 66 35 och
696 1354 133 37 utföras
857 1369 126 34 genom
1010 1358 139 36 Statens
1177 1361 222 36 omedelbara
1426 1362 138 48 försorg
1592 1364 65 35 och
1684 1365 45 47 på
1758 1366 77 35 dess
1864 1367 139 35 bekost-

390 1403 69 35 nad
487 1407 89 32 samt
602 1404 222 49 följaktligen
852 1412 126 43 utgöra
1004 1410 132 37 allmän
1164 1411 219 49 tillhörighet
1410 1414 66 36 och
1504 1415 54 35 stå
1584 1416 111 35 under
1725 1416 138 37 Statens
1883 1418 120 49 tillsyn

390 1454 66 36 och
483 1455 225 49 förvaltning,
736 1459 192 48 nemligen:

497 1508 68 45 1:0)
581 1507 129 37 Yestra
724 1511 215 47 stambanan,
955 1512 134 46 gående
1104 1513 79 36 från
1199 1515 203 37 Stockholm
1418 1518 97 36 öfver
1530 1519 204 48 Södertelje,
1746 1521 255 48 Katrineholm,

391 1557 201 47 Hallsberg,
621 1558 118 49 Wiby,
755 1561 121 47 Hjulö,
892 1563 140 46 Sköfde,
1047 1564 200 48 Falköping
1263 1567 65 34 och
1342 1568 168 47 Alingsås
1524 1570 54 35 till
1594 1571 180 48 Göteborg
1802 1573 97 47 43!/,
1929 1574 70 35 mil.

390 1608 64 35 och
481 1608 108 36 borde
617 1610 54 35 till
702 1612 68 35 den
798 1613 54 35 för
880 1614 114 35 denna
1008 1615 92 35 bana
1115 1617 200 36 beräknade
1331 1619 305 38 kostnadssumma
1650 1622 123 48 läggas

390 1659 68 36 den
486 1659 53 35 för
567 1664 117 33 vestra
713 1663 66 36 och
806 1677 107 24 norra
940 1667 264 37 stambanornas
1231 1669 163 49 förening
1421 1672 11 35 i
1460 1672 203 37 Stockholm
1685 1680 88 31 samt

389 1711 54 35 för
470 1711 219 49 anläggning
717 1715 39 35 af
779 1718 422 46 reparationsverkstäder
1229 1721 11 35 i
1268 1723 153 36 nämnda
1448 1725 77 35 stad
1540 1726 229 48 erforderliga

392 1762 161 35 kostnad.

495 1815 70 45 2:0)
593 1814 463 54 Nordvestra”stambanan,
1085 1822 174 47 utgående
1287 1825 78 35 från
1393 1830 116 31 vestra
1536 1828 234 34 stambanan
1743 1810 28 64 i

390 1863 170 37 närheten
588 1865 38 35 af
650 1866 107 37 Porla
786 1870 65 35 och
880 1873 209 36 sträckande
1117 1874 53 47 sig
1185 1875 99 36 öfver
1300 1876 294 48 Christinehamn,
1610 1878 158 36 Carlstad

393 1915 66 36 och
487 1916 139 36 Arvika
654 1918 54 37 till
737 1920 227 49 riksgränsen
992 1924 59 36 vid
1078 1925 151 47 Magnor.
1249 1955 515 10 ..............
1798 1929 97 48 191,
1951 1960 18 17 ov

495 1968 70 46 3:0)
608 1968 110 38 Södra
760 1975 216 46 stambanan,
1019 1977 173 46 utgående
1226 1979 78 35 från
1337 1984 115 31 vestra
1480 1982 204 34 stambanan
1711 1982 59 34 vid

392 2017 199 50 Falköping
633 2021 66 35 och
741 2025 207 37 sträckande
991 2027 63 47 sig,
1083 2029 79 35 med
1195 2030 128 35 bibana
1349 2031 54 34 till
1431 2031 212 48 Jönköping,
1672 2032 98 35 öfver

394 2068 249 51 Göta-ström,
655 2072 164 48 Agghult
851 2077 66 35 och
943 2077 104 37 Lund
1075 2079 53 35 till
1156 2080 132 36 Malmö
1318 2110 6 6 .
1352 2109 409 9 ............
1794 2083 98 48 31

493 2125 73 45 4:0)
621 2121 104 39 Östra
764 2128 215 48 stambanan,
1007 2131 173 46 utgående
1221 2132 79 37 från
1335 2137 115 33 vestra
1477 2135 206 35 stambanan
1712 2135 57 35 vid

394 2170 244 40 Katrineholm
672 2176 64 36 och
771 2180 206 37 sträckande
1005 2182 53 48 sig
1085 2183 98 36 öfver
1210 2184 235 49 Norrköping,
1474 2186 201 47 Linköping
1704 2187 64 35 och

1569 2246 193 50 Transport
1791 2248 99 48 937/g
