2204 2564
412 116 41 31 74
835 115 99 33 Stats-
943 115 165 33 Utskottets
1130 116 213 31 Betänkande
1365 116 65 32 N:o
1455 118 49 29 66.

873 295 188 46 Angående
1091 295 150 36 Frövi—
1257 291 231 54 Falu-banan.

496 398 39 35 af
573 397 93 36 Herr
715 397 39 36 V.
796 397 54 35 M.
892 398 194 35 Beronius:
1140 397 98 35 ”Den
1278 397 187 47 betryckta
1505 396 214 48 ställningen
1770 398 92 35 inom
1904 398 73 36 lan-

367 450 67 45 det,
479 449 65 36 och
585 449 205 48 isynnerhet
828 449 10 35 1
880 449 260 47 bergslagerna,
1181 448 140 36 hvilkas
1361 449 146 36 intresse
1542 448 125 36 hittills
1708 449 116 36 blifvit
1865 450 115 36 alltför

366 501 141 48 mycket
547 501 227 44 tillbakasatt,
815 513 104 35 synes
961 501 72 46 mig
1073 500 151 48 påkalla,
1253 504 51 31 att
1330 500 77 35 från
1435 501 139 36 Statens
1603 500 74 35 sida
1706 502 108 47 något
1840 502 140 47 åtgöres

367 553 109 35 redan
516 565 59 33 nu,
613 552 66 35 och
719 557 51 30 att
797 553 99 46 fråga
925 565 56 23 om
1008 552 130 35 lättade
1166 552 345 36 kommunikationer
1538 552 11 34 1
1576 552 137 36 landets
1742 553 237 36 malmrikaste

367 604 134 36 trakter
541 604 78 35 icke
652 604 91 46 ånyo
773 603 263 48 undanskjutes.
1092 603 114 35 Bland
1235 602 70 36 alla
1333 603 42 35 de
1403 603 120 46 banor,
1552 615 73 23 som
1654 603 74 35 dels
1756 604 58 35 vid
1841 604 137 47 föregå-

367 656 88 34 ende
495 654 196 48 riksdagar,
733 655 73 35 dels
834 656 65 34 ock
926 655 59 35 vid
1013 654 67 36 den
1107 654 250 44 innevarande,
1386 654 114 36 blifvit
1527 654 38 35 af
1589 654 288 36 Stats-Utskottet
1904 667 73 24 om-

367 706 164 47 nämnda,
573 706 114 35 såsom
726 706 221 47 förtjenande
988 710 50 31 att
1079 706 38 35 af
1140 706 120 35 Staten
1293 706 254 47 understödjas,
1575 705 65 35 har
1667 706 98 35 alltid
1793 707 68 35 den
1887 707 90 36 före-

367 758 124 46 slagna
530 757 107 36 linien
679 757 130 36 mellan
842 758 105 35 Frövi
974 758 66 35 och
1069 757 114 35 Falun
1210 757 115 35 blifvit
1353 758 148 47 uppförd
1529 758 12 34 i
1568 758 144 34 främsta
1738 764 156 36 rummet,
1923 759 54 35 så-

366 821 74 24 som
481 809 68 35 den
589 809 187 46 vigtigaste
809 809 66 35 och
904 809 118 49 såsom
1050 809 77 46 den,
1156 808 144 35 hvilken
1327 809 79 34 med
1434 813 127 31 största
1588 809 165 34 säkerhet
1780 810 70 34 kan
1878 822 100 23 anses

366 860 142 35 komma
548 864 51 31 att
642 861 83 34 bära
764 861 63 46 sig.
895 861 108 35 Annu
1045 860 64 35 har
1137 860 90 35 dock
1253 860 184 46 ingenting
1465 860 113 34 blifvit
1605 860 186 46 vidgjordt,
1819 860 66 36 och
1913 862 66 34 den

367 911 131 36 talrika
524 911 253 47 befolkningen
803 912 11 34 i
841 911 124 48 sjelfva
992 911 133 36 midten
1153 911 39 35 af
1214 911 102 46 riket,
1345 911 176 47 omgifven
1550 911 39 35 af
1611 911 208 48 outtömliga
1837 912 141 48 tillgån-

366 975 64 36 gar
470 963 45 48 på
554 964 43 35 de
624 968 165 43 yppersta
821 963 156 46 malmer,
1006 963 200 47 försjunker
1234 962 162 46 dagligen
1426 963 161 35 alltmera
1614 963 11 34 i
1654 963 70 36 nöd
1752 963 66 36 och
1846 963 132 37 elände.

366 1015 123 35 Såsom
528 1019 48 31 ett
618 1016 159 46 exempel
812 1016 45 46 på
884 1015 275 35 arbetslösheten
1187 1014 66 35 och
1282 1015 77 35 dess
1388 1015 125 46 följder
1540 1015 58 35 må
1624 1019 157 42 nämnas,
1810 1020 50 31 att
1887 1017 92 34 inom

366 1066 163 35 Ludvika
569 1067 129 34 socken
726 1066 433 47 kommunalutskylderna
1185 1066 119 47 uppgå
1332 1066 50 34 till
1412 1068 42 33 21
1487 1067 87 34 R:dr
1601 1066 46 47 på
1673 1067 306 46 bevillningsriks-

365 1117 121 35 dalern
526 1117 53 35 för
614 1118 81 46 jord
736 1117 65 35 och
842 1118 50 34 till
926 1120 42 32 15
999 1117 86 35 R:dr
1112 1117 46 47 på
1185 1129 132 22 samma
1344 1117 52 35 för
1423 1118 152 34 inkomst
1602 1117 35 34 af
1665 1117 135 47 kapital
1827 1118 66 35 och
1921 1131 56 22 ar-

365 1169 87 34 bete.
506 1168 19 35 I
565 1167 208 48 Grangärde
814 1169 140 45 socken,
996 1168 78 35 med
1117 1170 110 44 7,000
1269 1168 225 45 innevånare,
1536 1169 66 35 och
1636 1169 78 34 med
1742 1169 58 35 det
1827 1169 152 35 bekanta

366 1220 286 46 Grängesberget
690 1220 46 47 på
762 1220 59 35 sitt
854 1220 153 45 område,
1036 1223 60 31 äro
1130 1219 229 48 utskylderna
1387 1220 65 35 och
1481 1220 235 46 fattigvården
1742 1224 126 32 nästan
1896 1233 82 23 ena-

367 1271 119 35 handa
527 1283 74 23 som
640 1271 11 34 i
692 1271 172 35 Ludvika.
932 1271 154 35 Landets
1127 1271 206 45 kraftigaste
1377 1271 214 46 befolkning,
1627 1270 258 48 bergsmännen
1912 1272 66 35 och

365 1322 277 46 grufarbetarne,
670 1322 54 35 stå
750 1322 134 46 färdige
912 1326 50 31 att
989 1322 53 35 för
1070 1322 99 34 alltid
1206 1322 192 46 öfvergifva
1431 1326 49 31 ett
1507 1322 83 35 land
1618 1322 65 35 och
1712 1335 42 23 en
1783 1324 104 45 trakt,
1917 1324 61 47 der

364 1376 151 32 naturen
553 1372 108 48 hopat
700 1373 79 35 sina
819 1374 143 45 skatter,
1002 1384 81 24 men
1117 1372 142 36 hvarest
1287 1373 41 35 de
1357 1373 77 35 icke
1463 1373 122 36 kunna
1613 1373 260 47 tillgodogöras.
1926 1375 53 35 År

364 1425 58 35 det
462 1424 45 36 då
546 1424 77 36 skäl
662 1428 60 43 att,
764 1425 113 35 såsom
918 1424 292 36 Stats-Utskottet
1251 1425 103 47 gjort,
1387 1425 107 47 lägga
1522 1437 161 24 armarne
1710 1426 12 35 i
1749 1426 92 46 kors,
1871 1426 108 35 sedan

363 1488 82 24 man
485 1477 78 35 sökt
591 1476 97 36 freda
716 1477 59 35 sitt
801 1480 153 32 samvete
983 1488 127 35 genom
1138 1480 51 32 att
1208 1480 89 32 sätta
1325 1477 58 35 sitt
1411 1489 106 23 namn
1545 1478 112 35 under
1685 1490 44 22 en
1757 1478 221 46 underdånig

363 1527 204 36 skrifvelse?
620 1527 78 47 Nej,
740 1528 63 35 här
844 1540 56 23 om
940 1528 173 46 någonsin
1154 1531 39 31 är
1234 1528 57 34 det
1331 1540 44 23 en
1409 1528 204 47 obestridlig
1640 1528 163 47 sanning,
1832 1534 50 30 att
1909 1530 66 34 den

363 1583 126 31 största
529 1579 75 35 fara
643 1578 113 48 ligger
796 1579 11 34 1
847 1583 48 31 ett
923 1579 160 47 uppskof,
1112 1584 37 42 ty
1176 1579 139 35 ”medan
1339 1582 119 42 gräset
1481 1591 94 34 gror,
1604 1581 62 34 dör
1694 1580 90 45 kon”,
1813 1580 65 35 och
1907 1592 66 33 om,

362 1630 88 35 efter
489 1630 111 46 några
639 1630 58 35 års
736 1630 203 48 ytterligare
980 1629 276 47 betänksamhet,
1299 1630 119 36 Staten
1447 1630 181 46 ändtligen
1655 1631 176 47 behjertar
1858 1631 117 35 denna

363 1681 219 36 malmtrakts
622 1681 66 36 och
728 1682 172 35 Dalarnes
932 1682 115 46 behof,
1076 1682 39 35 så
1142 1685 38 31 är
1209 1686 98 31 orten
1336 1682 199 47 säkerligen
1564 1683 39 35 så
1631 1683 170 45 utarmad,
1830 1686 50 32 att
1908 1683 69 35 den

362 1733 267 47 ifrågavarande
665 1734 196 46 jernvägen
893 1734 109 34 måste
1031 1733 169 47 anläggas
1228 1734 39 34 af
1290 1733 121 36 Staten
1439 1734 86 46 sjelf,
1554 1734 66 35 och
1649 1735 67 35 den
1743 1735 158 34 kommer
1930 1734 48 34 då

362 1788 60 41 att,
462 1784 12 35 i
513 1784 111 36 likhet
664 1785 79 35 med
784 1784 177 47 åtskilliga
988 1784 97 35 delar
1112 1785 40 34 af
1174 1784 86 35 våra
1287 1785 109 35 redan
1424 1785 182 46 befintliga
1634 1786 206 44 statsbanor,
1870 1785 106 34 fram-

361 1835 127 46 dragas
528 1847 128 35 genom
697 1847 45 24 en
781 1836 178 34 ödemark.
1013 1835 62 35 Må
1116 1847 82 23 man
1239 1835 137 35 derföre
1417 1835 118 48 hjelpa
1562 1837 125 34 medan
1714 1836 90 35 tider
1832 1839 59 42 är;
1919 1835 58 35 må

360 1898 91 34 man,
479 1885 87 37 efter
592 1891 50 31 att
669 1886 105 36 hafva
802 1887 85 47 sörjt
914 1886 53 36 för
995 1887 166 36 resandes
1189 1887 261 48 beqvämlighet
1477 1887 66 36 och
1571 1887 50 36 till
1650 1900 44 24 en
1721 1887 57 36 del
1808 1886 54 36 för
1878 1887 98 47 jord-

359 1938 146 37 brukets
548 1938 145 47 lättnad,
734 1939 106 36 också
879 1951 36 23 se
944 1939 62 46 till,
1035 1942 51 32 att
1112 1938 138 37 landets
1278 1939 112 36 andra
1418 1940 255 47 modernäring,
1703 1938 273 48 bergsrörelsen,

360 1991 57 35 må
457 1991 120 35 kunna
617 2003 78 23 resa
735 1991 53 46 sig
827 2003 42 23 ur
897 1991 58 35 sitt
981 1991 127 46 förfall,
1136 1995 51 31 att
1215 1992 78 35 dess
1321 1992 195 46 produkter
1545 1992 57 35 må
1628 1992 122 35 kunna
1777 1991 199 36 åstadkom-

360 2054 75 23 mas
462 2041 66 35 och
556 2045 256 44 transporteras
841 2041 51 35 till
921 2042 132 35 sådana
1079 2042 112 46 priser
1218 2054 75 23 som
1320 2043 142 45 betinga
1483 2043 98 45 jemn
1600 2043 66 35 och
1686 2047 73 31 stor
1777 2042 200 45 afsättning,

360 2096 89 32 samt
488 2096 50 31 att
577 2093 58 34 det
675 2093 203 46 derigenom
918 2093 57 34 må
1002 2092 109 35 blifva
1138 2104 44 23 en
1210 2092 181 47 möjlighet
1421 2093 51 35 för
1499 2093 120 35 landet
1647 2097 51 31 att
1725 2093 108 35 vinna
1859 2092 118 47 någon

360 2144 153 36 inkomst
541 2143 51 36 till
618 2144 216 36 betäckande
863 2143 39 36 af
925 2143 69 37 den
1021 2144 156 47 ständigt
1203 2144 162 35 växande
1393 2145 183 47 importen.

497 2195 66 37 Om
592 2208 81 24 man
700 2196 60 35 vill
788 2196 210 47 ändamålet,
1025 2196 110 36 måste
1164 2208 81 23 man
1272 2196 106 36 också
1404 2196 84 48 vilja
1508 2196 153 36 medlen.
1719 2195 257 37 Stats-Utskot-

368 2251 52 32 tet
460 2247 64 36 har
564 2248 82 46 sjelf
682 2247 192 47 medgifvit,
915 2252 50 31 att
1005 2248 271 46 garanterandet
1317 2248 38 35 af
1382 2260 44 23 en
1453 2248 70 36 viss
1551 2252 102 32 ränta
1679 2248 22 35 å
1727 2248 249 47 anläggnings-
