2218 2566
445 120 39 33 18
865 116 101 34 Stats-
974 116 164 36 Utskottets
1160 116 215 34 Betänkande
1396 117 67 33 N:o
1487 118 50 31 66.

595 300 71 46 9:0)
695 298 190 46 Angående
903 299 153 44 jernväg
1081 297 128 36 mellan
1243 296 195 37 Uddevalla
1465 297 57 36 och
1550 296 251 37 Fredrikshall.

533 402 39 36 af
609 401 95 37 Herr
731 400 131 37 Grefve
890 398 44 37 ÅA.
955 398 244 45 Ehrensvärd,
1226 412 75 23 som
1328 400 95 36 inom
1449 399 126 37 Första
1602 400 217 36 Kammaren
1843 398 66 47 (uti
1934 411 72 24 mo-

399 455 73 36 tion
511 454 69 36 N:o
623 454 63 46 51)
726 451 189 47 hemställt,
957 455 59 42 att,
1043 451 109 35 innan
1179 450 126 48 frågan
1333 463 62 24 om
1416 464 45 24 en
1483 452 151 48 jernväg
1661 452 80 35 från
1768 451 240 47 Wenersborg

398 506 54 37 till
480 504 242 38 Fredrikshall
750 504 149 47 afgöres,
928 503 58 35 det
1012 502 106 36 måtte
1146 506 100 44 tagas
1273 503 112 36 under
1414 504 270 47 öfvervägande,
1725 503 175 36 huruvida
1931 503 77 36 icke

398 562 110 32 större
549 556 153 37 fördelar
743 555 167 48 möjligen
951 554 113 37 skulle
1104 554 141 48 tillflyta
1285 555 143 48 Sverige
1462 567 126 36 genom
1616 568 44 24 en
1688 555 113 36 direkt
1823 555 185 48 jernvägs-

398 609 210 37 förbindelse
636 607 131 37 mellan
794 606 200 37 Uddevalla
1021 606 65 36 och
1114 606 253 48 Fredrikshall,
1395 608 79 35 med
1502 608 167 36 särskildt
1695 607 162 37 afseende
1883 607 21 36 å
1921 607 88 47 möj-

398 661 157 48 ligheten
581 660 39 35 af
643 664 50 32 att
720 658 187 37 framdeles
935 658 179 35 utsträcka
1140 658 202 36 densamma
1369 659 96 35 såväl
1493 659 55 36 till
1577 659 211 37 Christiania
1808 671 74 24 som
1910 659 98 35 öfver

398 712 181 48 Göteborg
606 711 66 36 och
699 723 128 36 genom
854 709 160 37 Halland
1040 709 53 36 till
1121 708 250 50 Helsingborg.

526 1014 230 40 Härförutom
794 1015 66 36 har
900 1014 54 37 till
987 1014 313 37 Stats-Utskottets
1327 1014 273 48 handläggning
1627 1014 118 36 blifvit
1772 1013 236 37 öfverlemnad

397 1082 45 24 en
470 1069 39 36 af
530 1068 95 38 Herr
655 1068 42 39 G.
728 1068 37 36 C.
803 1065 90 38 Witt
920 1067 96 37 inom
1042 1067 125 36 Andra
1194 1067 218 36 Kammaren
1440 1067 106 36 väckt
1574 1067 132 36 motion
1734 1065 81 48 (N:o
1838 1067 97 46 193),
1955 1070 52 32 att

397 1121 206 47 Riksdagen
644 1120 108 38 måtte
792 1118 104 37 ställa
937 1131 44 24 en
1013 1131 135 24 summa
1175 1119 40 35 af
1240 1121 163 44 300,000
1431 1117 188 37 Riksdaler
1646 1118 56 36 till
1728 1118 131 47 Kongl.
1888 1118 119 47 Maj:ts

396 1172 216 48 disposition,
653 1171 53 36 för
746 1174 60 41 att,
847 1170 87 36 efter
974 1171 131 46 Kongl.
1139 1170 122 47 Maj:ts
1289 1170 245 47 bepröfvande,
1563 1169 182 36 användas
1773 1169 54 35 till
1856 1169 151 35 förbere-

398 1223 114 37 dande
551 1222 145 36 arbeten
736 1222 21 35 å
797 1221 133 36 sådana
952 1222 204 47 jernvägar,
1185 1222 52 35 för
1264 1221 124 35 hvilka
1415 1221 230 47 fullständiga
1672 1221 133 48 planer,
1833 1220 176 48 ritningar

397 1275 66 36 och
489 1273 302 48 kostnadsförslag
819 1273 54 36 till
900 1273 131 48 Kongl.
1059 1273 103 48 Maj:t
1189 1273 188 36 inkommit
1404 1273 64 37 och
1497 1284 74 25 som
1597 1272 142 48 pröfvas
1766 1272 84 36 böra
1883 1284 124 35 genom

397 1325 213 48 statsanslag
637 1325 198 48 befrämjas.

524 1636 115 37 Innan
665 1637 180 36 Utskottet
871 1637 163 48 öfvergår
1060 1637 54 36 till
1141 1638 217 36 besvarande
1385 1637 39 36 af
1448 1638 42 35 de
1518 1637 148 36 sålunda
1685 1638 126 35 väckta
1828 1637 176 48 frågorna,

395 1689 21 37 i
433 1688 137 37 hvilket
596 1689 142 47 omfång
765 1689 66 36 och
857 1689 46 48 på
929 1688 94 36 hvad
1051 1693 67 32 sätt
1158 1689 121 36 Staten
1317 1688 207 37 hädanefter
1563 1689 63 36 bör
1655 1688 166 47 befrämja
1856 1689 148 48 anlägg-

396 1740 86 47 ning
509 1740 39 37 af
565 1740 191 48 jernvägar
782 1740 95 37 inom
904 1740 78 36 vårt
1008 1741 95 46 land,
1145 1753 102 24 anser
1288 1740 53 48 sig
1381 1740 179 37 Utskottet
1599 1741 87 35 böra
1712 1740 11 35 i
1749 1740 132 36 minnet
1913 1741 92 36 åter-

395 1792 99 37 kalla
521 1792 42 36 de
596 1792 327 47 hufvudsakligaste
965 1792 123 47 beslut,
1130 1805 74 23 som
1244 1793 91 35 ända
1375 1792 92 36 ifrån
1499 1794 248 35 1853—1854
1775 1792 56 35 års
1860 1792 145 48 riksdag

396 1843 120 37 blifvit
538 1843 130 36 fattade
696 1844 12 35 i
735 1844 102 46 fråga
863 1856 57 23 om
947 1847 103 32 sättet
1077 1847 50 32 att
1153 1844 116 35 utföra
1296 1844 101 35 dessa
1438 1844 53 35 för
1532 1844 68 35 den
1626 1843 205 36 industriela
1857 1845 146 35 utveck-

395 1893 122 48 lingen
544 1894 39 36 så
609 1893 266 48 oundgängliga
902 1895 445 45 kommunikationsmedel,
1375 1895 180 35 äfvensom
1581 1894 123 36 utreda
1742 1894 99 35 såväl
1869 1896 134 34 omfån-

395 1949 59 44 get
481 1945 39 36 af
545 1945 66 36 och
638 1946 432 47 anläggningskostnaden
1096 1946 55 36 för
1179 1946 41 36 de
1249 1946 109 36 redan
1385 1946 140 35 utförda
1552 1945 85 36 eller
1657 1945 112 36 under
1797 1946 119 35 arbete
1943 1959 61 23 va-

395 1997 108 38 rande
532 1998 248 36 stambanorna
807 2001 90 33 samt
924 1998 68 36 den
1018 1997 261 37 trafikinkomst
1306 1998 177 36 desamma
1509 1997 123 37 hittills
1660 1997 142 47 lemnat,
1836 2009 74 25 som
1938 1999 66 36 ock

395 2049 163 49 beloppet
585 2050 38 36 af
647 2050 68 36 den
741 2050 190 37 fonderade
971 2050 115 48 skuld,
1127 2063 76 24 som
1242 2051 121 35 Staten
1389 2050 12 36 i
1428 2050 87 48 följd
1554 2051 39 36 af
1624 2050 379 49 jernvägsanläggnin-

394 2113 109 34 garne
532 2102 53 46 sig
612 2101 120 47 åtagit.

497 2152 125 36 Redan
648 2153 60 35 vid
734 2153 152 36 nämnda
912 2153 155 46 riksdag,
1109 2152 45 36 då
1188 2152 427 48 jernvägsanläggningar
1655 2153 54 34 för
1749 2152 136 37 Statens
1913 2166 90 34 egen

394 2202 151 48 räkning
584 2203 88 36 först
710 2203 209 48 beslutades,
959 2203 154 48 föreslog
1146 2203 131 48 Kongl.
1306 2204 100 47 Maj:t
1432 2216 128 36 genom
1586 2203 107 47 nådig
1720 2203 222 50 Proposition
1969 2205 39 35 af

394 2254 70 38 den
493 2257 44 35 16
566 2255 199 38 November
795 2258 109 46 1853,
931 2255 108 38 bland
1066 2260 117 44 annat,
1211 2259 50 34 att
1288 2256 113 37 såsom
1427 2256 188 49 grundsats
1642 2255 105 38 måtte
1775 2260 158 45 antagas,
1953 2261 50 32 att
