2328 2758
614 173 252 29 Konstitutions-
879 168 174 44 Utskottets
1069 174 166 30 Utlåtande
1260 175 59 29 N:o
1347 176 45 27 14.
1666 183 2 2 |
1760 175 19 31 3

221 260 142 48 byggas
405 259 91 36 eller
529 259 132 48 sjelfva
694 260 238 37 missbruken
961 260 130 49 stäfjas
1121 261 237 37 annorlunda
1385 270 47 28 än
1458 275 137 36 genom
1626 263 72 36 den
1727 265 93 36 kon-

220 311 100 43 troll,
356 324 80 23 som
467 309 80 38 dels
577 324 171 35 pressens
779 312 122 36 bättre
933 326 159 35 organer
1119 314 127 35 kunna
1274 314 260 37 åstadkomma
1561 328 136 35 genom
1727 317 92 48 spri-

220 361 122 37 dande
373 360 41 38 af
437 375 92 22 sann
557 363 233 49 upplysning
817 363 69 36 och
915 364 121 48 sedlig
1065 365 109 43 anda,
1197 364 78 37 dels
1297 365 72 37 den
1390 365 152 37 läsande
1564 367 254 37 allmänheten

218 413 90 48 sjelf
345 413 73 36 kan
446 412 130 37 utöfva
602 427 140 34 genom
772 419 55 31 att
857 415 142 36 skänka
1028 415 72 37 den
1130 416 295 48 aktningsvärda
1454 430 153 35 pressen
1635 418 56 35 sin
1721 432 97 35 upp-

219 464 258 36 märksamhet
519 464 69 36 och
631 466 66 35 sitt
732 466 254 45 erkännande,
1016 481 83 22 men
1131 467 171 36 deremot
1329 469 125 35 lemna
1483 468 73 36 den
1584 469 145 36 mindre
1757 471 60 34 väl

221 515 167 36 ansedda
416 515 9 35 i
455 515 143 37 saknad
628 516 40 36 af
692 516 72 36 den
793 524 270 41 uppmuntran,
1093 532 79 23 som
1200 519 199 48 möjliggör
1420 519 83 36 dess
1523 520 162 36 tillvaro.
1732 520 86 36 Men

222 580 60 21 om
312 566 161 35 sålunda
503 567 81 36 icke
614 580 65 24 ens
709 568 73 35 den
810 569 109 35 bästa
946 569 240 48 lagstiftning
1215 570 9 34 i
1255 570 68 35 och
1352 569 57 36 för
1437 571 57 46 sig
1513 569 138 37 förmår
1671 571 146 36 undan-

219 616 108 48 rödja
365 616 46 36 de
441 616 266 49 öfverklagade
737 619 389 46 missförhållandena,
1154 624 39 33 så
1221 621 126 36 kunna
1374 622 115 35 likväl
1519 624 18 32 å
1566 621 118 36 andra
1711 622 107 36 sidan

220 667 263 49 ofullkomliga
524 670 103 47 lagar
667 683 89 23 vara
785 670 143 49 egnade
958 677 55 30 att
1040 671 100 48 gifva
1169 672 85 36 dem
1283 672 96 36 ökad
1409 673 143 46 näring.
1607 672 74 37 Det
1707 673 110 36 torde

220 718 148 37 derföre
398 719 32 47 ej
462 733 89 23 vara
577 726 91 31 utan
697 722 79 48 vigt
805 727 54 31 att
886 723 111 43 tillse,
1026 723 189 36 huruvida
1242 724 110 47 lagen
1380 724 11 34 i
1416 723 103 36 detta
1535 723 175 37 afseende
1726 725 90 35 lem-

219 783 67 23 nar
327 770 200 37 samhället
569 772 67 35 och
680 772 84 36 dess
808 773 245 36 medlemmar
1081 774 67 35 allt
1177 774 64 36 det
1269 774 123 50 skydd
1420 787 87 23 man
1536 773 40 37 af
1600 774 218 37 densamma

218 822 70 35 kan
332 820 140 46 fordra,
516 825 46 45 på
604 823 63 36 det
708 829 67 38 att,
811 838 60 21 om
906 824 104 37 detta
1043 825 168 36 befinnes
1246 826 80 35 icke
1360 839 90 22 vara
1476 825 264 46 förhållandet,
1770 826 45 36 de

221 875 94 32 mått
345 872 68 35 och
443 878 84 43 steg
555 877 59 32 må
642 874 128 36 kunna
799 875 186 48 vidtagas,
1015 889 80 22 som
1123 875 58 36 för
1208 882 55 30 ett
1292 879 40 32 så
1359 877 136 47 vigtigt
1523 875 193 37 ändamåls
1738 878 78 34 vin-

224 922 122 36 nande
376 930 64 28 äro
470 923 41 36 af
534 925 134 36 nöden.

354 972 103 38 Efter
486 974 74 36 den
588 977 232 48 granskning
848 976 195 37 Utskottet
1071 979 7 33 i
1111 977 119 36 denna
1263 977 111 49 afsigt
1403 983 96 31 samt
1527 979 8 34 i
1559 979 203 49 anledning
1783 979 38 36 af

221 1025 278 37 ofvanberörda
539 1026 141 48 förslag
721 1028 66 34 och
831 1031 47 44 på
918 1028 124 48 grund
1084 1028 39 36 af
1147 1028 64 36 det
1239 1029 10 34 i
1280 1031 44 34 38
1353 1026 18 48 $
1401 1028 414 49 Riksdags-ordningen

219 1077 196 36 Utskottet
442 1075 102 49 gifna
573 1078 174 48 uppdrag
776 1079 247 35 underkastat
1041 1092 49 22 nu
1111 1079 175 48 gällande
1307 1079 509 51 Tryckfrihets-förordning,

218 1127 98 37 hade
358 1126 193 37 Utskottet
594 1129 233 48 visserligen,
871 1130 7 34 i
915 1130 248 35 betraktande
1193 1129 39 37 af
1257 1130 45 36 de
1331 1134 136 45 många
1493 1130 323 50 bristfälligheter,

219 1192 80 22 som
341 1177 203 37 förefinnas
586 1180 80 35 icke
709 1180 97 35 blott
847 1181 8 33 i
897 1179 175 37 afseende
1114 1184 47 45 på
1197 1181 123 36 denna
1347 1182 79 47 lags
1456 1182 262 48 uppställning
1747 1184 68 34 och

218 1229 213 43 redaktion,
475 1235 89 30 utan
601 1231 68 34 ock
708 1233 47 45 på
782 1231 207 36 innehållet
1018 1231 38 35 af
1081 1231 83 36 dess
1194 1232 294 48 väsendtligaste
1516 1233 299 41 bestämmelser,

218 1281 100 35 helst
359 1279 145 45 önskat,
542 1286 54 30 att
625 1287 55 30 ett
708 1281 141 48 förslag
876 1283 57 35 till
963 1295 48 36 ny
1041 1282 320 50 tryckfrihetslag,
1391 1283 129 49 byggd
1549 1287 47 45 på
1626 1283 45 36 de
1699 1297 115 33 grun-

216 1331 68 36 der
328 1332 44 35 86
416 1327 18 49 $
477 1331 11 35 i
520 1331 354 50 Regeringsformen
904 1333 192 43 fastställt,
1127 1347 84 22 men
1240 1334 10 35 i
1281 1334 210 48 möjligaste
1521 1338 117 32 måtto
1668 1335 147 37 befriad

217 1383 81 36 från
329 1382 45 36 de
403 1381 266 50 felaktigheter
696 1386 9 33 i
738 1386 94 47 1812
862 1389 57 31 års
949 1384 512 49 Tryckfrihets-förordning,
1491 1399 79 22 som
1600 1386 123 35 blifvit
1750 1400 65 22 an-

219 1433 157 44 märkta,
419 1432 145 38 kunnat
603 1434 58 36 för
693 1435 213 48 Riksdagen
935 1435 237 49 framläggas.
1228 1435 83 36 Men
1340 1442 55 30 ett
1423 1436 134 36 sådant
1585 1436 140 44 arbete,
1755 1444 60 29 ut-

218 1484 102 37 fördt
349 1483 86 37 med
465 1484 71 37 den
567 1499 151 35 omsorg
746 1486 84 36 dess
860 1493 101 29 stora
988 1487 77 47 vigt
1086 1487 66 35 och
1174 1487 180 48 ömtåliga
1374 1486 262 38 beskaffenhet
1656 1487 160 45 kräfver,

218 1536 122 36 skulle
383 1533 111 38 hafva
535 1537 95 48 tagit
659 1550 102 23 mera
789 1537 55 36 tid
874 1539 10 34 i
914 1537 172 49 anspråk,
1116 1545 46 28 än
1190 1537 196 37 Utskottet
1415 1538 78 36 haft
1521 1539 58 35 till
1608 1539 65 36 sitt
1700 1539 117 36 förfo-

218 1586 140 49 gande;
387 1586 248 38 hvarförutan
665 1588 64 36 det
758 1589 109 36 torde
896 1602 89 23 vara
1014 1587 267 49 tvifvelaktigt,
1312 1589 189 36 huruvida
1530 1590 71 35 den
1631 1591 183 35 allmänna

220 1638 201 47 meningen
464 1645 99 28 ännu
606 1646 40 28 är
687 1640 218 48 tillräckligt
939 1638 202 37 förberedd
1170 1643 48 45 på
1246 1653 43 22 en
1320 1644 40 32 så
1388 1641 322 48 genomgripande
1740 1640 76 37 för-

220 1687 160 49 ändring
421 1701 80 24 som
543 1695 55 30 ett
630 1689 240 49 fullständigt
899 1690 270 36 omarbetande
1199 1690 38 36 af
1262 1690 552 50 Tryckfrihets-förordningen

220 1739 173 43 innebär;
437 1740 98 35 helst
577 1740 123 36 denna
742 1741 190 48 grundlag
972 1742 9 34 i
1018 1741 84 36 dess
1133 1742 217 43 nuvarande
1380 1742 114 40 skick,
1525 1741 83 37 med
1638 1743 72 35 alla
1738 1744 80 35 sina

220 1789 361 50 ofullkomligheter,
612 1791 96 36 dock
736 1792 158 36 besitter
922 1792 71 35 den
1023 1792 249 48 obestridliga
1299 1791 223 49 förtjensten
1553 1798 53 31 att
1635 1792 111 37 hafva
1773 1797 45 44 på

218 1846 138 43 trygga
388 1841 233 49 grundvalar
662 1842 163 37 befästat
859 1844 67 35 och
956 1843 84 36 med
1070 1843 109 35 säkra
1207 1850 90 29 värn
1329 1844 202 47 omhägnat
1560 1843 73 36 den
1661 1843 71 37 fria
1760 1850 56 44 yt-

218 1891 263 38 tranderätten
510 1893 9 34 i
549 1895 82 33 vårt
659 1893 98 36 land.
812 1894 195 35 Utskottet
1035 1894 67 35 har
1130 1894 147 36 derföre
1297 1900 94 30 trott
1411 1895 57 46 sig
1487 1895 92 35 böra
1597 1895 135 36 stadna
1752 1895 62 36 vid

220 1942 73 36 den
319 1941 40 37 af
379 1942 93 38 först
492 1943 163 37 nämnde
676 1945 188 36 motionär
884 1945 176 36 anvisade
1081 1951 117 42 utväg
1218 1951 54 30 att
1293 1945 132 36 endast
1445 1946 90 35 söka
1555 1946 261 37 åstadkomma

220 1992 143 37 sådana
390 1995 175 35 rättelser
594 1995 7 34 i
632 1996 130 48 lagens
792 1995 185 37 särskilda
1006 1996 114 44 delar,
1151 1996 243 48 hvarigenom
1426 1997 45 36 de
1500 2003 97 30 mest
1625 1998 11 35 i
1670 2004 146 42 ögonen

218 2043 167 38 fallande
414 2046 190 35 bristerna
631 2046 122 36 blefve
784 2046 191 49 afhjelpta.

355 2095 196 37 Utskottet
593 2097 66 35 har
701 2098 135 35 härvid
878 2098 80 36 icke
1000 2099 142 35 kunnat
1184 2098 127 48 undgå
1346 2104 52 30 att
1426 2100 9 34 i
1466 2099 157 36 främsta
1651 2105 166 30 rummet

219 2145 97 37 fästa
343 2147 57 48 sig
429 2147 64 36 vid
522 2148 334 37 bestämmelserna
886 2162 60 22 om
976 2150 240 47 ansvarighet
1244 2148 57 36 för
1329 2150 125 48 tryckt
1482 2149 119 37 skrift.
1649 2149 73 37 Det
1750 2151 67 34 fin-

219 2210 65 23 nes
313 2198 83 36 icke
426 2202 117 44 något
571 2198 208 50 stadgande
810 2201 9 34 i
850 2200 561 50 Tryckfrihets-förordningen,
1437 2214 79 23 som
1544 2202 98 35 varit
1660 2200 155 37 föremål

217 2247 59 37 för
318 2254 54 31 ett
407 2252 40 33 så
475 2250 155 36 allmänt
659 2251 67 35 och
756 2252 214 47 rättmätigt
999 2252 202 47 ogillande,
1231 2265 79 22 som
1340 2252 118 36 dessa.
1514 2252 83 37 Icke
1627 2265 74 35 nog
1730 2252 84 36 med
