2224 2614
452 209 116 34 Andra
592 212 204 33 kammarens
820 215 119 41 tredje
964 217 170 41 tillfälliga
1156 219 136 32 utskotts
1317 221 165 33 utlåtande
1505 223 53 31 Nr
1580 226 28 29 4.
1799 227 37 31 13

243 294 150 49 Norges
420 296 339 40 Detailköbmänds
788 300 307 52 Landsforening
1123 304 69 37 och
1222 304 469 53 Centralorganisationen
1719 325 47 23 av
1795 313 45 37 de

242 346 180 38 forenede
464 349 500 54 detailhandlerforeninger
1004 355 11 36 i
1044 356 192 38 Danmark
1270 359 71 36 och
1370 372 121 37 organ
1523 362 59 36 för
1610 364 230 38 samarbetet

241 398 135 38 mellan
405 400 121 49 dessa,
556 403 97 37 hava
681 417 144 24 samma
852 406 262 39 förhållandén
1141 408 190 50 ingående
1360 413 196 37 studerats.

344 451 211 39 Resultatet
596 469 47 23 av
685 457 177 49 samtliga
891 458 110 38 dessa
1029 461 336 51 undersökningar
1393 465 188 37 vitsordar
1609 466 64 37 det
1700 467 136 49 behov,

240 515 81 23 som
351 504 236 39 motionären
616 507 183 50 åberopar
827 509 56 37 till
911 512 85 35 stöd
1025 512 58 37 för
1112 513 56 36 sin
1198 514 237 50 hemställan,
1459 518 193 49 nämligen
1672 519 164 39 behovet

240 568 47 22 av
317 559 115 46 utväg
461 557 59 37 för
548 558 74 37 den
650 560 217 49 allmänhet,
897 562 102 38 inom
1029 564 125 37 vilken
1186 579 27 23 s.
1245 566 36 37 k.
1312 567 351 40 efterkravsaffärer
1686 571 48 37 ha
1754 572 80 38 sina

238 612 213 45 avnämare,
481 615 55 31 att
563 614 48 46 på
640 616 55 32 ett
723 613 229 39 bekvämare
981 620 76 32 sätt
1085 622 47 31 än
1160 617 12 36 i
1201 631 51 23 nu
1275 620 177 47 gällande
1473 622 64 48 lag
1557 622 152 38 anvisas
1728 626 106 48 värja

238 658 62 50 sig
327 665 79 32 mot
433 666 56 32 att
517 676 46 23 av
590 664 253 50 tvivelaktiga
870 668 324 51 »affärs»-företag
1222 671 261 51 otillbörligen
1512 675 250 49 exploateras.

339 711 200 40 Likaledes
580 716 201 49 vitsordas,
824 723 55 31 att
921 720 71 36 den
1021 721 159 37 redbara
1208 723 164 38 handeln
1401 726 33 48 ej
1466 726 75 37 kan
1569 728 135 36 tänkas
1732 728 12 36 i
1773 730 59 36 sin

236 763 244 39 verksamhet
522 766 185 39 besvärad
749 783 141 35 genom
933 777 53 31 ett
1013 773 262 49 lagstiftarnes
1303 776 305 49 tillgodoseende
1637 793 46 24 av
1712 782 119 48 sagda

235 815 165 37 behov.

339 867 125 39 Också
505 870 69 37 har
605 872 116 37 redan
753 875 97 35 1913
880 877 264 37 ovannämnda
1174 877 306 41 Skandinaviska
1508 882 323 51 detaljhandlares

233 927 248 41 permanenta
521 923 198 38 kommitté
760 927 136 37 uttalat
937 928 64 37 det
1042 930 248 50 önskemålet,
1333 937 54 32 att
1429 933 74 37 den
1532 935 297 40 skandinaviska

233 971 557 50 obligationsrättskommittén
832 982 116 34 måtte
982 986 168 44 upptaga
1179 982 64 37 det
1270 983 12 36 i
1311 985 191 38 motionen
1530 987 163 38 berörda
1721 994 107 33 ären-

232 1023 65 37 det
323 1024 56 37 till
406 1027 194 50 prövning
628 1029 82 48 och,
741 1042 61 24 om
831 1032 284 50 oöverkomliga
1142 1035 200 49 praktiska
1368 1037 137 38 hinder
1533 1040 32 49 ej
1597 1046 131 43 mötte,
1754 1042 73 37 för-

232 1076 92 37 orda
364 1091 47 23 en
454 1080 355 39 samskandinavisk
849 1083 245 52 lagstiftning
1134 1088 198 48 angående
1361 1090 292 52 efterkravsköp
1683 1094 70 37 och
1781 1108 46 24 av

230 1130 231 49 exempelvis
490 1132 64 36 det
581 1133 180 49 innehåll,
791 1140 56 32 att

331 1181 85 38 »vid
458 1183 228 50 försäljning
722 1200 48 23 av
798 1201 123 35 varor,
951 1202 79 23 som
1059 1190 34 49 ej
1123 1195 65 32 äro
1216 1192 277 39 underkastade
1522 1208 88 25 snar
1638 1197 188 39 förskäm-

228 1232 95 49 ning
358 1233 332 49 (»lättfördärvade
719 1239 160 49 varor»),
909 1246 77 31 mot
1014 1242 191 37 efterkrav
1234 1243 283 51 (postförskott)
1546 1248 110 49 skall,
1685 1250 47 37 då
1761 1251 65 37 kö-

227 1297 117 36 paren
371 1286 84 37 icke
483 1292 41 32 är
551 1288 179 50 köpman,
759 1291 105 49 varje
894 1292 478 42 efterkravsförsändelsen
1400 1298 285 51 beledsagande
1704 1303 119 37 hand-

226 1335 82 50 ling
336 1336 223 50 (fraktsedel
587 1354 32 23 o.
650 1355 26 23 s.
708 1341 51 50 v.)
788 1343 192 38 innehålla
1008 1350 56 32 ett
1092 1346 11 36 i
1132 1351 152 44 ögonen
1313 1349 177 50 fallande,
1511 1353 141 49 tydligt
1671 1355 152 38 medde-

226 1387 111 38 lande
365 1403 60 23 om
456 1396 54 32 att
537 1397 240 45 mottagaren
805 1395 68 37 har
900 1401 76 32 rätt
1004 1402 55 32 att
1086 1397 190 52 besiktiga
1304 1414 117 24 varan
1450 1403 71 37 och
1550 1404 167 39 därefter
1736 1408 86 37 med

225 1439 265 50 köpeavtalets
531 1444 174 38 hävande
748 1447 131 38 avvisa
920 1448 124 39 denna
1084 1456 89 31 utan
1202 1457 55 31 att
1286 1452 264 41 dessförinnan
1578 1457 98 39 hava
1703 1460 119 37 utlöst

226 1491 229 41 densamma.
486 1519 47 3 -—
563 1497 60 37 Av
651 1498 274 51 besiktningen
954 1501 235 50 härflytande
1217 1504 205 39 kostnader
1451 1506 73 50 (för
1551 1523 94 36 upp-
1675 1512 71 36 och
1766 1512 56 37 in-

225 1545 190 57 packning
456 1548 83 49 etc.)
581 1549 132 49 gäldas
756 1564 47 24 av
844 1553 178 49 köparen,
1055 1568 59 23 om
1156 1556 117 49 köpet
1310 1558 34 48 ej
1374 1558 130 49 häves,
1535 1561 92 49 eljes
1665 1576 48 24 av
1750 1565 71 35 säl-

218 1609 141 35 jaren.»

326 1649 72 37 Till
439 1652 86 36 stöd
567 1653 58 36 för
663 1654 120 49 sagda
812 1656 208 48 önskemål,
1050 1671 82 23 som
1163 1661 177 48 samtliga
1369 1662 268 40 förutnämnda
1666 1667 153 37 skandi-

221 1701 159 36 naviska
408 1702 664 55 detaljhandlarsammanslutningar
1100 1711 189 49 enhälligt
1312 1713 144 49 biträtt,
1477 1715 182 51 åberopas
1674 1718 145 48 jämväl

221 1751 75 48 det,
339 1758 53 31 att
433 1754 46 37 de
508 1769 27 22 s.
567 1756 34 37 k.
632 1757 420 40 efterkravsaffärernas
1081 1762 110 37 andel
1218 1764 13 35 i
1260 1768 375 48 varuomsättningen
1663 1784 155 24 numera

221 1808 41 31 är
291 1817 45 23 av
365 1805 116 38 sådan
511 1808 242 49 omfattning,
784 1815 55 31 att
867 1812 123 37 denna
1014 1814 120 48 jämte
1162 1815 465 42 »efterkravsaffärernas»
1656 1822 161 37 reklam-

220 1855 71 36 och
327 1858 436 40 verksamhetsmetoder
792 1885 47 3 —
868 1863 104 37 vilka
999 1864 151 38 likvisst
1177 1866 128 39 kunna
1333 1870 134 37 tänkas
1495 1871 12 36 i
1536 1873 33 48 ej
1601 1875 216 50 oväsentlig

220 1911 85 33 mån
342 1910 197 47 reglerade
576 1926 139 34 genom
749 1927 45 23 en
837 1916 155 36 effektiv
1034 1918 248 51 lagstiftning
1310 1927 79 31 mot
1417 1923 117 49 illojal
1563 1925 251 50 konkurrens,

217 1962 120 46 något
378 1975 80 23 som
506 1964 96 36 dock
632 1965 33 48 ej
696 1970 101 32 ännu
825 1967 97 37 visat
951 1969 60 47 sig
1038 1982 90 24 vara
1157 1971 106 37 fallet
1299 1972 2 36 i
1330 1973 192 38 Danmark
1551 1999 47 3 —
1627 1983 95 43 göra
1751 1979 64 37 det

218 2011 56 36 till
303 2025 46 23 en
379 2014 33 48 ej
444 2015 147 48 oviktig
619 2017 112 36 social
761 2019 292 48 angelägenhet,
1084 2026 55 31 att
1168 2023 343 51 efterkravsköpet,
1542 2031 125 34 såsom
1696 2030 117 37 redan

216 2062 161 49 tidigare
419 2065 223 48 ifrågasatts
684 2068 235 38 beträffande
948 2071 400 52 avbetalningsköpet,
1377 2090 141 34 genom
1547 2079 158 50 lämplig
1733 2081 80 49 lag-

216 2113 180 50 stiftning
436 2118 170 47 regleras
649 2119 168 48 sålunda,
860 2126 56 31 att
957 2122 73 36 den
1068 2129 102 31 stora
1204 2124 273 41 allmänhetens
1507 2130 304 49 skyddsintresse

214 2171 95 42 gent
351 2173 102 30 emot
494 2168 104 49 dylik
640 2170 414 51 handelsverksamhet,
1089 2189 80 23 som
1199 2178 234 38 motionären
1463 2194 114 35 synes
1606 2183 95 37 hava
1730 2185 82 36 haft

214 2217 61 36 för
316 2223 164 43 ögonen,
519 2221 72 36 blir
619 2222 174 37 effektivt
820 2224 239 48 tillgodosett
1087 2230 47 45 på
1163 2233 87 42 sätt,
1281 2243 79 23 som
1390 2245 46 22 en
1465 2234 190 37 eventuell
1684 2237 126 36 utred-

213 2268 96 50 ning
337 2271 121 48 enligt
487 2273 256 38 motionärens
773 2276 146 49 förslag
947 2277 73 36 kan
1051 2278 151 38 komma
1231 2286 55 30 att
1314 2283 141 37 anvisa.
