1892 2812
575 154 264 29 Statsutskottets
862 152 167 28 utlåtande
1051 161 39 18 nr
1113 153 28 27 4.
1571 147 38 31 21

162 230 85 39 48:0)
271 229 122 31 Armén:
419 229 310 31 Brevduveväsendet.
765 227 17 31 I
805 227 152 41 enlighet
980 226 78 32 med
1075 225 124 41 Kungl.
1218 225 116 40 Maj:ts
1351 224 128 41 förslag
1494 223 122 41 (punkt

112 280 49 38 50,
186 291 25 20 s.
237 280 85 40 113),
347 279 106 31 vilket
474 279 144 31 innebär
641 278 205 31 oförändrad
871 276 320 40 medelsanvisning,
1215 275 198 31 hemställer
1436 274 176 36 utskottet,

406 348 48 29 att
474 346 183 41 riksdagen
675 348 53 28 må
746 345 53 31 till
819 345 137 30 Armén:
976 343 345 31 Brevduveväsendet
1341 342 53 32 för
1412 341 202 41 budgetåret

367 397 132 31 1946/47
522 396 118 31 anvisa
661 398 49 29 ett
730 394 348 41 reservationsanslag
1100 405 40 20 av
1161 393 19 31 5
1193 393 60 31 000
1274 393 134 31 kronor.

693 488 215 42 Tygmateriel
935 496 38 24 m.
999 496 38 24 m.

165 551 84 41 49:0)
284 550 123 32 Armén:
442 551 99 37 Vapen
568 551 57 30 och
651 549 195 31 ammunition
870 557 36 22 m.
925 556 35 22 m.
1006 547 126 40 Kungl.
1151 546 97 40 Maj:t
1264 546 62 31 har
1341 544 178 42 föreslagit
1535 544 82 31 riks-

117 602 107 41 dagen
252 601 122 42 (punkt
395 601 49 37 51,
469 612 25 19 s.
520 598 177 42 114—120)
726 600 48 30 att
796 598 54 31 till
873 598 136 30 Armén:
1033 597 120 40 Vapen
1177 595 61 31 och
1262 594 223 32 ammunition
1508 605 41 19 m.
1573 605 41 19 m.

116 653 53 31 för
186 653 204 41 budgetåret
411 651 132 31 1946/47
565 650 118 31 anvisa
702 652 49 29 ett
769 647 350 41 reservationsanslag
1136 658 40 20 av
1195 646 39 30 24
1247 646 61 31 000
1322 645 60 31 000
1402 645 132 30 kronor.

169 736 235 32 Förevarande
430 736 118 40 anslag
574 737 36 29 är
636 735 54 30 för
715 732 226 32 innevarande
967 732 168 41 budgetår
1161 730 140 42 uppfört
1327 730 76 30 med
1429 728 114 32 23500
1557 729 60 30 000

116 789 125 31 kronor
263 788 62 32 och
347 788 62 30 har
430 787 107 31 under
559 783 407 45 uppsättningsperioden
991 782 134 32 1942/47
1148 781 181 32 beräknats
1351 780 53 31 till
1425 780 12 30 i
1458 779 160 32 medeltal

118 841 38 31 19
169 840 61 31 400
243 840 61 31 000
323 839 126 31 kronor
469 839 87 30 samt
575 837 59 31 vid
654 836 199 42 genomförd
875 834 232 42 organisation
1128 833 53 32 till
1202 833 40 31 32
1256 832 61 31 000
1330 832 61 30 000
1412 831 133 31 kronor.

169 890 356 41 Arméförvaltningen
551 889 62 31 har
638 888 163 31 beräknat
826 886 279 32 medelsbehovet
1131 884 107 31 under
1263 883 154 41 anslaget
1443 882 53 30 för
1521 883 98 29 nästa

116 943 168 41 budgetår
302 942 54 31 till
375 942 37 30 27
427 941 60 31 000
500 941 61 31 000
580 940 133 31 kronor.

169 993 237 32 Förevarande
425 992 117 42 anslag
561 1002 98 21 avses
679 991 12 31 i
709 989 178 33 huvudsak
907 989 54 31 för
979 990 56 30 två
1055 987 91 32 olika
1166 986 165 37 ändamål,
1351 984 173 42 nämligen
1544 984 74 31 dels

118 1044 82 32 vård
222 1044 62 31 och
307 1043 177 31 underhåll
506 1053 40 20 av
567 1040 264 43 vapenmateriel
852 1051 41 19 m.
917 1050 41 19 m.
981 1038 62 31 och
1065 1037 73 31 dels
1159 1035 221 41 anskaffning
1399 1045 40 20 av
1460 1033 160 31 ammuni-

116 1096 74 31 tion
214 1095 53 31 för
289 1094 172 41 övningar.

169 1145 356 41 Arméförvaltningen
546 1144 61 31 har
627 1143 11 31 i
659 1143 76 33 sina
754 1140 311 42 anslagsäskanden
1088 1139 52 30 för
1160 1139 97 29 nästa
1276 1136 168 41 budgetår
1464 1134 156 42 upptagit

116 1198 53 30 till
205 1199 152 29 närmare
395 1194 210 42 behandling
640 1194 66 30 den
732 1191 235 32 förstnämnda
992 1189 320 40 kostnadsgruppen
1339 1187 92 30 inom
1457 1186 162 40 anslaget,

117 1247 232 32 kostnaderna
382 1247 52 31 för
465 1246 83 31 vård
582 1245 64 32 och
670 1243 180 33 underhåll
874 1254 40 20 av
936 1239 267 44 vapenmateriel
1227 1250 41 21 m.
1294 1250 42 20 m.
1382 1238 18 31 I
1423 1237 201 40 anslutning

118 1298 116 31 härtill
257 1299 61 30 har
341 1296 252 33 ämbetsverket
616 1298 85 29 även
724 1294 159 41 framlagt
906 1292 185 40 utredning
1110 1290 146 32 rörande
1273 1290 43 31 de
1332 1288 293 32 underhållskost-

118 1349 113 38 nader,
257 1359 74 21 som
366 1347 170 32 bestridas
571 1346 78 32 med
684 1345 175 32 anlitande
893 1355 40 20 av
960 1343 164 40 anslagen
1148 1341 52 31 till
1224 1340 123 42 signal-
1370 1339 63 32 och
1456 1338 168 41 ingenjör-

118 1399 136 32 teknisk
287 1398 155 31 materiel
475 1409 42 20 m.
542 1409 42 19 m.
623 1398 89 30 samt
744 1396 49 31 till
830 1396 122 30 motor-
986 1393 65 32 och
1079 1390 302 43 anspannsfordon
1404 1401 43 20 m.
1471 1400 42 20 m.
1559 1389 66 30 En-

120 1450 63 41 ligt
216 1450 112 31 denna
356 1448 184 41 utredning
574 1447 111 32 skulle
719 1446 42 31 de
794 1445 11 31 i
839 1443 305 33 försvarsbeslutet
1171 1442 52 31 för
1245 1439 257 43 ifrågavarande
1526 1434 99 51 ända-

119 1500 67 31 mål
223 1499 194 32 beräknade
453 1498 174 41 beloppen
665 1497 103 41 högst
801 1496 155 31 avsevärt
989 1493 202 40 understiga
1224 1492 42 31 de
1300 1491 151 40 verkliga
1484 1489 143 32 medels-

121 1551 165 31 behoven.
336 1550 53 31 De
429 1549 159 31 anmälda
621 1547 289 32 medelsbehoven
944 1545 52 31 för
1031 1543 202 42 genomförd
1267 1541 244 42 organisation,
1546 1540 80 31 ned-

119 1601 150 32 räknade
303 1601 53 31 till
389 1600 165 41 prisläget
588 1599 67 31 den
680 1599 16 30 1
718 1598 64 41 juli
807 1598 90 36 1941,
929 1595 172 41 överstiga
1131 1594 42 31 de
1203 1594 11 30 i
1245 1591 304 33 försvarsbeslutet
1571 1590 55 31 be-

119 1652 149 32 räknade
302 1651 79 32 med
411 1651 156 40 omkring
590 1650 41 31 35
657 1653 26 29 4
708 1649 52 31 för
782 1646 277 43 vapenmateriel,
1083 1645 79 31 med
1184 1644 73 31 icke
1281 1643 133 31 mindre
1444 1644 43 29 än
1517 1641 62 31 200
1597 1644 26 29 &

119 1704 53 31 för
195 1703 121 41 signal-
340 1702 64 31 och
427 1700 295 42 ingenjörteknisk
744 1698 155 32 materiel
923 1699 89 29 samt
1035 1696 79 31 med
1137 1706 71 20 mer
1231 1697 43 29 än
1299 1694 60 31 100
1378 1697 25 28 4
1429 1693 52 31 för
1504 1693 123 30 motor-

123 1753 64 32 och
210 1752 310 42 anspannsfordon.

174 1804 52 30 De
259 1804 53 31 för
345 1803 212 40 budgetåren
584 1801 136 38 1942/46
743 1799 162 32 anvisade
929 1798 164 40 anslagen
1117 1797 44 30 ha
1184 1795 211 40 väsentligen
1418 1793 166 41 grundats
1608 1793 19 29 å

121 1854 322 32 försvarsbeslutets
476 1850 405 40 kostnadsberäkningar,
906 1848 90 31 vilka
1030 1849 113 30 såsom
1178 1856 83 31 nyss
1288 1846 138 30 nämnts
1449 1842 178 32 befunnits

123 1905 91 31 sluta
246 1906 45 39 på
324 1903 115 31 alltför
470 1903 77 40 låga
580 1902 128 40 belopp
737 1900 103 31 såvitt
863 1910 97 20 avser
984 1896 202 43 genomförd
1209 1895 244 42 organisation.
1499 1894 69 30 Det
1591 1895 38 28 är

124 1954 182 38 sannolikt,
331 1955 50 29 att
414 1952 240 31 motsvarande
689 1953 36 29 är
757 1950 96 31 fallet
880 1947 212 33 beträffande
1115 1944 415 43 uppsättningsperioden
1553 1961 39 4 —
1617 1943 11 30 i

123 2005 90 40 varje
236 2004 59 31 fall
318 2003 81 32 dess
423 2014 119 20 senare
566 2002 56 31 del
645 2020 40 3 —
708 2001 105 31 vilket
837 1999 110 32 skulle
970 1998 175 37 innebära,
1169 1998 50 29 att
1242 1995 186 31 kostnader
1450 1994 52 31 för
1525 1993 103 31 freds-

124 2054 299 42 organisationens
447 2052 302 43 upprätthållande
773 2051 110 31 delvis
905 2049 159 32 bestritts
1088 2047 78 31 med
1190 2045 176 32 anlitande
1389 2056 39 20 av
1451 2044 178 31 förskotts-

124 2108 111 30 staten
252 2106 52 30 för
320 2103 317 33 försvarsväsendet
652 2103 83 30 eller
751 2102 119 40 anslag
886 2100 52 31 till
955 2098 199 41 avveckling
1170 2109 39 19 av
1229 2094 399 41 försvarsberedskapen.

177 2156 61 30 Att
261 2154 345 40 arméförvaltningen
631 2153 85 30 först
738 2163 46 20 nu
802 2151 151 31 anmäler
969 2150 42 30 de
1027 2148 152 41 verkliga
1194 2146 232 32 kostnaderna
1442 2146 52 30 för
1510 2144 119 31 under-

124 2206 106 31 hållet
253 2217 40 19 av
316 2204 254 41 ifrågavarande
594 2203 154 31 materiel
772 2201 284 40 sammanhänger
1079 2199 108 39 enligt
1206 2197 64 31 vad
1288 2208 73 20 som
1379 2196 160 40 upplysts
1555 2195 74 30 från

125 2255 252 32 ämbetsverket
411 2254 149 37 därmed,
585 2255 50 29 att
669 2264 77 19 man
774 2251 143 40 tidigare
941 2250 123 31 saknat
1088 2247 231 32 erfarenheter
1341 2245 146 32 rörande
1511 2244 119 31 under-

126 2306 105 31 hållet
247 2317 40 19 av
302 2304 195 41 betydande
515 2304 94 30 delar
633 2314 39 19 av
696 2303 65 30 den
785 2302 52 30 för
860 2302 115 29 armén
993 2299 106 40 enligt
1114 2296 304 33 försvarsbeslutet
1434 2294 197 32 anskaffade

127 2356 207 36 materielen,
359 2355 111 31 varför
503 2365 77 19 man
615 2353 147 40 nödgats
795 2351 142 30 avvakta
970 2348 232 32 erfarenheter
1235 2346 147 32 rörande
1416 2345 41 31 de
1481 2344 151 40 verkliga

127 2406 231 31 kostnaderna
385 2405 52 30 för
460 2404 41 31 de
525 2404 92 31 olika
640 2401 283 40 materielslagen,
947 2400 105 30 innan
1077 2398 135 31 säkrare
1236 2396 227 40 beräkningar
1485 2393 147 32 rörande

128 2456 280 31 medelsbehovet
440 2455 51 30 för
514 2453 219 31 materielens
756 2450 180 32 underhåll
959 2450 132 30 kunnat
1113 2447 224 40 förebringas.
1380 2446 50 30 Av
1454 2444 179 41 betydelse
