1882 2810
62 2474 131 24 Utskottet.

256 149 38 31 16
725 152 264 29 Statsutskottets
1011 152 167 29 utlåtande
1200 161 39 19 nr
1262 153 28 27 4.

253 224 156 41 lämpligt
427 227 58 35 att,
504 225 104 31 innan
627 225 179 32 resultatet
824 237 40 20 av
884 226 65 31 den
967 226 174 41 pågående
1161 226 229 42 utredningen
1410 227 142 31 rörande
1572 227 185 32 försvarets

255 273 160 32 framtida
436 274 231 41 organisation
691 275 193 42 föreligger,
907 275 149 32 initiativ
1079 278 94 40 tages
1196 276 75 31 från
1294 277 199 42 riksdagens
1517 277 75 32 sida
1614 278 12 30 i
1649 280 50 29 ett
1721 280 37 30 så

256 324 260 41 betydelsefullt
543 325 141 32 militärt
711 326 257 41 lönespörsmål,
997 337 73 21 som
1099 327 57 31 det
1184 327 61 31 här
1272 329 38 30 är
1337 327 94 42 fråga
1459 338 63 21 om.
1561 328 196 32 Detsamma

255 374 107 41 gäller
383 374 57 32 det
461 375 12 31 i
494 375 234 32 förstnämnda
750 376 89 31 båda
861 377 167 31 motioner
1049 377 116 31 väckta
1189 377 166 42 förslaget
1377 389 53 20 om
1452 378 179 32 införande
1653 390 40 20 av
1715 390 41 20 en

255 436 47 30 ny
329 425 311 42 avlöningsförmån
668 426 55 32 för
750 427 42 31 de
820 427 227 42 värnpliktiga
1074 428 12 30 i
1113 428 87 31 form
1228 439 41 20 av
1297 428 361 42 utryckningspremie.
1698 429 59 32 Ut-

255 474 137 39 skottet,
413 486 71 21 som
505 476 100 32 alltså
624 476 72 32 icke
715 477 66 31 kan
802 477 169 42 tillstyrka
991 478 268 32 motionärernas
1281 479 138 41 förslag,
1441 479 200 32 förutsätter
1660 480 97 31 emel-

254 525 113 39 lertid,
393 528 49 29 att
465 526 126 42 Kungl.
617 527 102 41 Maj:t
742 527 144 32 bereder
911 528 80 31 1945
1017 530 54 30 års
1098 528 328 33 försvarskommitté
1451 529 136 32 tillfälle
1612 532 51 29 att
1686 532 70 29 när-

253 586 91 22 mare
367 576 143 41 granska
532 588 46 20 nu
601 577 226 32 omhandlade
849 578 175 41 spörsmål.

307 627 19 30 I
348 627 174 31 motionen
545 628 30 30 I:
591 628 57 31 111
671 628 62 31 har
755 628 193 33 hemställts
971 640 54 21 om
1049 640 41 20 en
1115 629 223 43 fördubbling
1362 641 40 20 av
1424 642 47 20 nu
1495 631 167 41 utgående
1686 643 70 30 pre-

254 677 84 31 mier
363 677 53 31 till
441 678 235 42 värnpliktiga,
703 689 73 21 som
802 679 180 41 undergått
1008 679 197 42 utbildning
1229 680 54 32 till
1310 681 288 32 underofficerare
1624 682 132 42 respek-

255 728 68 31 tive
347 728 187 32 officerare.
568 729 54 31 Då
643 729 118 41 frågan
786 740 54 20 om
863 741 41 20 en
926 729 144 43 höjning
1092 742 40 20 av
1154 731 101 31 dessa
1277 732 147 40 premier
1446 734 69 29 står
1538 732 11 30 i
1570 734 82 30 nära
1673 744 82 20 sam-

253 777 170 43 mauhang
447 779 77 31 med
551 779 80 32 1945
656 781 54 30 års
737 780 346 32 försvarskommittés
1109 780 124 39 arbete,
1259 781 70 38 har,
1357 783 111 30 såsom
1494 782 262 41 departements-

254 827 121 33 chefen
393 828 179 39 meddelat,
592 831 34 30 åt
643 829 199 32 kommittén
861 830 200 42 uppdragits
1080 833 49 29 att
1148 833 76 39 taga
1244 831 93 32 detta
1356 832 166 41 spörsmål
1541 833 107 31 under
1666 835 89 30 över-

255 878 160 42 vägande.
447 879 68 31 Vid
536 880 144 41 angivna
700 880 214 32 förhållande
935 881 122 31 saknar
1077 881 167 32 utskottet
1264 883 186 41 anledning
1468 885 49 29 att
1537 895 46 20 nu
1603 886 152 30 närmare

253 928 81 41 ingå
355 931 43 39 på
419 929 230 33 motionärens
672 930 139 42 förslag.
845 930 178 33 Utskottet
1044 931 176 42 avstyrker
1240 932 102 32 alltså
1363 934 183 31 motionen.

306 979 54 31 Då
378 979 65 31 den
460 980 206 32 verkställda
683 980 232 42 beräkningen
933 992 40 21 av
992 982 58 31 det
1068 982 107 31 under
1193 983 222 32 förevarande
1434 984 107 41 punkt
1559 984 125 33 äskade
1703 996 52 21 an-

253 1029 110 42 slaget
388 1029 71 32 icke
486 1030 86 41 givit
596 1030 168 32 utskottet
790 1030 184 42 anledning
999 1031 54 31 till
1079 1032 134 31 erinran
1239 1032 124 31 liksom
1390 1033 30 41 ej
1447 1033 109 32 heller
1580 1034 65 31 den
1673 1035 83 31 före-

253 1080 118 41 slagna
396 1091 66 30 nya
486 1081 398 41 anslagsbenämningen,
911 1082 51 30 får
987 1082 167 31 utskottet
1179 1083 108 31 under
1312 1083 215 42 åberopande
1554 1095 39 20 av
1620 1085 57 31 det
1702 1096 53 20 an-

252 1130 100 32 förda
368 1130 188 38 hemställa,

547 1199 31 41 a)
607 1201 49 30 att
675 1200 184 41 riksdagen
879 1203 60 35 må,
962 1202 77 31 med
1059 1201 98 34 bifall
1179 1202 53 31 till
1252 1202 127 42 Kungl.
1402 1203 118 42 Maj:ts
1543 1204 129 42 förslag
1692 1205 62 31 och

505 1250 77 31 med
603 1250 116 42 avslag
740 1252 19 30 å
779 1251 174 32 motionen
973 1252 29 30 I:
1019 1253 69 36 111,
1110 1252 53 32 till
1184 1253 140 31 Armén:
1344 1252 210 42 Avlöningar
1573 1265 42 20 m.
1637 1265 41 21 m.
1702 1255 52 31 till

504 1299 228 41 värnpliktiga
755 1300 54 31 för
830 1300 202 42 budgetåret
1056 1302 134 32 1946/47
1214 1303 119 31 anvisa
1356 1306 48 29 ett
1427 1304 266 43 förslagsanslag
1714 1317 40 20 av

506 1350 37 30 17
557 1350 61 31 400
630 1350 60 31 000
713 1350 138 39 kronor;

546 1399 34 41 b)
608 1402 49 30 att
674 1400 215 32 motionerna
904 1401 29 31 I:
949 1402 60 30 112
1027 1402 63 31 och
1107 1402 47 31 IT:
1170 1402 59 31 217
1249 1406 87 28 samt
1353 1403 48 31 IT:
1417 1404 69 37 218,
1506 1404 10 30 i
1534 1405 64 31 vad
1616 1405 40 31 de
1674 1416 79 20 avse

502 1450 245 42 värnpliktigas
770 1451 273 42 penningbidrag
1064 1453 63 31 och
1149 1453 361 42 utryckningspremie,
1532 1455 72 31 icke
1626 1457 52 29 må
1701 1456 52 31 till

502 1503 110 39 någon
637 1501 200 42 riksdagens
862 1503 116 41 åtgärd
1002 1504 185 31 föranleda.

304 1595 85 41 28:0)
411 1596 125 31 Armén:
570 1598 244 37 Familjebidrag.
860 1597 219 32 Beträffande
1112 1598 127 41 Kungl.
1263 1598 118 42 Maj:ts
1414 1600 251 41 framställning
1698 1611 54 21 om

250 1645 120 43 anslag
390 1646 53 31 till
465 1646 255 42 ifrågavarande
742 1647 156 32 ändamål
923 1648 121 41 (punkt
1064 1648 53 42 30)
1143 1649 149 31 kommer
1313 1649 166 35 utskottet
1501 1653 49 28 att
1572 1651 179 32 framdeles

249 1696 111 32 under
376 1697 182 41 riksdagen
577 1698 118 40 avgiva
713 1698 189 38 utlåtande;
922 1698 107 32 vilket
1046 1699 139 32 härmed

881 1758 157 31 anmäles.

915 1855 169 44 Sjukvård.

301 1915 84 41 29:0)
409 1916 123 31 Armén:
566 1915 157 40 Sjukvård.
768 1917 128 41 Kungl.
920 1917 98 41 Maj:t
1051 1918 62 31 har
1142 1918 177 42 föreslagit
1353 1919 182 41 riksdagen
1559 1920 121 40 (punkt
1701 1921 50 37 31,

248 1976 27 20 8.
296 1966 135 40 79—381)
455 1968 49 30 att
522 1966 54 31 till
593 1967 137 32 Armén:
753 1967 170 41 Sjukvård
942 1968 54 31 för
1013 1968 203 42 budgetåret
1235 1969 136 31 1946/47
1391 1970 116 31 anvisa
1527 1972 49 29 ett
1593 1970 157 42 förslags-

249 2015 120 42 anslag
387 2027 40 20 av
445 2017 62 31 930
519 2017 62 31 000
599 2017 133 31 kronor.

302 2084 236 32 Förevarande
567 2085 117 41 anslag
712 2087 36 30 är
777 2085 55 31 för
859 2086 227 32 innevarande
1115 2087 168 42 budgetår
1311 2088 140 41 uppfört
1480 2088 75 31 med
1586 2089 90 31 1000
1689 2089 61 31 000

248 2133 127 32 kronor
392 2135 62 31 och
472 2135 62 31 har
552 2136 53 30 för
623 2135 290 42 femårsperioden
934 2135 134 33 1942/47
1088 2137 180 33 beräknats
1288 2138 54 31 till
1360 2138 11 31 i
1390 2138 208 42 genomsnitt
1615 2139 59 31 971
1689 2140 60 31 000

248 2184 127 32 kronor
397 2185 52 31 för
472 2187 44 29 år.

301 2237 165 42 Anslaget
487 2238 62 31 har
571 2238 53 31 för
643 2239 98 31 nästa
762 2237 167 42 budgetår
950 2236 182 34 beräknats
1155 2238 107 42 enligt
1282 2250 128 20 samma
1432 2240 147 41 grunder
1601 2251 73 21 som
1696 2241 54 31 för

248 2288 228 32 innevarande
493 2287 184 42 budgetår.
696 2288 69 31 Vid
783 2288 267 41 uppskattandet
1066 2300 41 20 av
1124 2289 278 32 medelsbehovet
1419 2290 60 31 har
1495 2290 132 42 hänsyn
1645 2292 103 41 tagits

249 2338 53 31 till
324 2341 50 29 att
394 2338 127 32 antalet
542 2338 164 32 vakanser
727 2337 93 32 inom
842 2339 347 41 manskapsgraderna
1210 2340 57 30 vid
1288 2342 114 29 armén
1424 2340 107 32 under
1551 2343 96 30 nästa
1667 2341 82 32 bud-

248 2390 96 38 getår
362 2388 149 32 kommer
531 2390 49 29 att
599 2390 112 40 uppgå
729 2388 54 31 till
804 2388 153 42 omkring
976 2389 40 31 30
1032 2392 37 28 4.

300 2455 76 33 Mot
397 2458 40 31 de
459 2457 195 42 tillämpade
675 2458 194 42 grunderna
890 2459 52 31 för
962 2458 232 32 beräknandet
1215 2470 39 19 av
1275 2459 277 31 medelsbehovet
1574 2460 107 31 under
1702 2471 46 20 ar-

246 2508 95 29 méns
364 2507 299 43 sjukvårdsanslag
683 2509 61 31 har
765 2509 167 31 utskottet
952 2509 72 31 icke
1046 2509 113 31 funnit
1181 2509 185 41 anledning
1385 2509 54 33 till
1459 2509 142 32 erinran.
