1880 2808
74 782 130 24 Utskottet.

262 147 40 30 84
731 153 264 30 Statsutskotltets
1018 155 165 29 utlåtande
1206 165 38 19 nr
1265 157 28 28 4.

260 222 12 31 i
295 225 109 30 större
427 225 205 42 omfattning
666 228 42 29 än
743 226 144 42 tidigare
915 228 107 32 borde
1047 229 117 32 ställas
1188 230 53 31 till
1264 231 201 41 förfogande
1487 232 53 31 för
1562 233 117 31 försök
1703 234 62 31 och

260 273 338 41 nykonstruktioner.
644 267 31 40 Å
708 277 105 31 andra
848 277 99 32 sidan
983 283 126 38 syntes,
1145 282 114 30 såsom
1283 282 209 41 exempelvis
1514 283 190 41 framginge
1728 295 40 20 av

260 324 64 31 vad
348 335 75 21 som
447 325 130 32 anförts
603 326 109 32 under
734 328 285 41 nästföregående
1043 330 109 40 punkt
1174 331 57 31 vid
1247 331 258 43 behandlingen
1521 344 40 20 av
1576 333 118 41 frågan
1711 345 54 20 om

259 375 138 31 fortsatt
414 376 350 43 torpedanskaffning,
789 379 264 42 nyanskaffning
1079 391 40 20 av
1142 382 154 31 materiel
1318 393 40 20 av
1374 383 197 31 nuvarande
1587 384 180 31 konstruk-

260 425 71 31 tion
355 426 12 30 i
390 426 94 31 vissa
513 427 58 31 fall
602 428 117 31 kunna
748 428 195 41 begränsas.
990 430 388 42 Departementschefen
1410 433 87 32 hade
1531 433 115 32 därför
1679 435 89 31 intet

259 477 49 29 att
332 476 113 32 erinra
468 480 71 29 mot
567 478 66 31 den
657 490 41 19 av
721 479 362 43 marinförvaltningen
1107 482 194 41 föreslagna
1324 483 337 42 anslagshöjningen,
1679 485 88 32 dock

258 528 49 29 att
337 528 156 41 anslaget
516 531 118 38 syntes
657 529 85 31 böra
762 531 170 31 avrundas
948 531 104 32 nedåt
1069 532 53 31 till
1137 533 62 31 600
1210 533 63 31 000
1288 533 136 32 kronor.
1460 534 50 31 Av
1527 534 94 32 detta
1637 535 129 42 belopp

259 577 114 32 kunde
408 578 155 42 omkring
595 580 117 31 45000
744 580 127 32 kronor
893 581 169 32 beräknas
1085 584 172 30 motsvara
1279 584 229 42 prisstegring
1531 585 106 32 sedan
1663 587 15 30 1
1702 586 64 41 juli

260 628 88 31 1941.
395 628 69 32 Det
498 629 105 32 borde
638 630 108 42 enligt
769 631 379 42 departementschefen
1173 634 181 32 ankomma
1376 637 44 39 på
1444 635 126 42 Kungl.
1596 636 99 42 Maj:t
1717 639 50 29 att

257 679 170 31 fastställa
451 681 68 30 stat
541 680 52 31 för
615 681 165 41 anslaget.

309 771 191 39 Utskottet,
526 784 72 21 som
622 774 75 31 icke
720 775 114 32 funnit
856 776 188 42 anledning
1068 777 52 31 till
1144 778 136 31 erinran
1304 782 72 28 mot
1392 779 59 31 det
1467 791 40 19 av
1523 780 126 41 Kungl.
1668 781 98 41 Maj:t

256 822 52 31 för
330 823 196 32 ändamålet
548 825 127 31 äskade
698 826 314 42 anslagsbeloppet,
1036 828 50 30 får
1108 828 190 39 hemställa,

578 902 50 29 att
651 900 183 42 riksdagen
858 903 55 29 må
936 902 54 31 till
1013 903 175 32 Marinen:
1220 904 95 32 Vissa
1339 906 253 40 materielförsök
1615 907 53 31 för
1682 907 83 32 bud-

525 952 131 39 getåret
682 952 133 38 1946/47
840 952 120 32 anvisa
983 955 49 29 ett
1053 954 352 43 reservationsanslag
1420 967 40 20 av
1476 956 62 32 600
1550 957 62 31 000
1628 957 135 32 kronor.

309 1077 104 38 102:0)
451 1078 149 31 Marinen:
627 1080 217 38 Förstärkning
869 1088 36 23 av
930 1081 364 32 kustartilleriförsvaret.
1340 1082 126 41 Kungl.
1490 1083 98 41 Maj:t
1603 1083 62 32 har
1680 1085 84 31 före-

255 1127 101 41 slagit
378 1127 184 42 riksdagen
595 1128 123 42 (punkt
754 1130 67 37 106,
851 1141 24 20 s.
901 1131 62 30 219
987 1131 64 31 och
1075 1132 71 39 220)
1169 1134 50 29 att
1242 1132 52 31 till
1317 1132 172 33 Marinen:
1514 1134 249 43 Förstärkning

255 1188 39 20 av
316 1177 396 34 kustartilleriförsvaret
734 1180 53 31 för
809 1180 205 41 budgetåret
1039 1182 134 31 1946/47
1198 1183 118 31 anvisa
1339 1186 50 29 ett
1409 1184 355 43 reservationsanslag

255 1239 40 20 av
318 1229 93 31 7800
422 1229 64 31 000
509 1229 135 32 kronor.

305 1329 390 42 Departementschefen
731 1332 61 31 har
824 1332 164 39 förordat,
1012 1335 50 29 att
1094 1334 256 41 ifrågavarande
1384 1336 129 41 anslag,
1538 1347 73 21 som
1646 1339 37 29 är
1714 1340 49 29 ett

256 1391 24 21 s.
305 1380 30 32 k.
370 1381 211 42 kvotanslag,
605 1382 12 31 i
641 1382 152 41 enlighet
826 1383 78 31 med
938 1384 129 41 förslag
1103 1395 40 20 av
1177 1386 363 42 marinförvaltningen
1578 1388 53 31 för
1664 1390 99 30 nästa

253 1431 168 42 budgetår
444 1434 169 40 upptages
636 1433 80 31 med
739 1433 198 32 oförändrat
959 1434 137 42 belopp,
1121 1436 17 30 7
1156 1436 58 31 800
1229 1427 61 53 000
1309 1436 136 32 kronor.

304 1482 18 30 I
360 1482 96 31 detta
494 1483 247 42 sammanhang
774 1484 61 31 har
868 1484 380 41 departementschefen
1282 1487 53 31 till
1368 1488 212 42 behandling
1604 1491 159 41 upptagit

253 1532 115 41 frågan
393 1544 56 20 om
477 1533 255 42 dispositionen
756 1545 39 20 av
818 1534 92 32 vissa
934 1536 204 31 överskotts-
1161 1537 64 31 och
1241 1537 228 33 rabattmedel
1485 1538 54 42 (jfr
1554 1550 97 31 prop.
1672 1541 89 31 1944:

252 1582 61 32 275
337 1594 25 20 s.
389 1584 38 30 18
450 1583 43 41 £.).

304 1632 135 33 Genom
470 1634 115 31 beslut
608 1635 67 31 den
701 1635 38 31 13
763 1635 63 31 och
850 1636 41 31 20
913 1636 88 41 april
1026 1637 80 31 1945
1128 1638 160 42 uppdrog
1309 1639 128 41 Kungl.
1462 1639 98 42 Maj:t
1582 1642 34 29 åt
1640 1642 122 30 marin-

251 1684 254 42 förvaltningen
539 1687 49 29 att
622 1685 174 32 inkomma
830 1686 78 31 med
930 1687 129 41 förslag
1081 1688 146 32 rörande
1251 1689 255 41 dispositionen
1529 1702 50 27 av,
1604 1692 85 31 efter
1712 1703 51 21 av-

253 1734 82 41 drag
367 1735 55 31 för
456 1736 261 32 merkostnader
750 1738 44 40 på
827 1737 112 41 grund
973 1749 41 20 av
1050 1749 25 20 s.
1099 1738 30 32 k.
1158 1739 161 41 glidande
1342 1740 179 41 prisskala,
1545 1742 218 32 återstående

251 1785 111 31 medel
385 1787 19 30 å
427 1788 57 29 två
506 1786 128 42 belopp
659 1798 55 20 om
738 1787 146 42 tillhopa
909 1789 135 31 192436
1067 1789 127 32 kronor
1216 1791 41 31 90
1280 1792 68 37 öre,
1373 1802 73 20 som
1470 1791 234 42 tillgodoförts
1721 1793 42 31 de

250 1836 53 31 för
335 1836 213 42 budgetåren
585 1837 139 31 1943/44
758 1838 64 31 och
854 1839 141 31 1944/45
1020 1839 160 32 anvisade
1203 1841 397 42 reservationsanslagen
1624 1843 54 31 till
1701 1844 62 31 för-

251 1886 179 42 stärkning
464 1898 40 20 av
537 1888 395 32 kustartilleriförsvaret
964 1891 161 30 ävensom
1150 1892 19 29 å
1192 1893 49 29 ett
1273 1891 129 42 belopp
1437 1903 56 20 om
1520 1893 93 32 6068
1635 1893 128 33 kronor

254 1937 36 31 10
312 1938 67 37 öre,
405 1948 74 21 som
504 1938 234 41 tillgodoförts
762 1939 58 31 det
842 1939 53 31 för
917 1940 240 32 förstnämnda
1173 1941 169 42 budgetår
1358 1943 162 31 anvisade
1536 1944 157 42 anslaget
1709 1945 53 31 till

248 1987 218 42 anskaffning
488 1999 40 20 av
550 1989 155 31 artilleri-
728 1990 64 31 och
815 2001 113 20 annan
952 1991 136 31 teknisk
1110 1992 162 31 materiel.

302 2037 114 32 Sedan
453 2039 364 42 marinförvaltningen
840 2040 11 31 i
875 2041 167 32 skrivelse
1075 2041 65 32 den
1164 2043 19 30 2
1206 2054 90 21 mars
1321 2044 82 31 1945
1426 2044 184 39 hemställt,
1635 2048 51 29 att
1707 2046 54 32 för

248 2088 275 43 modernisering
556 2101 40 20 av
629 2090 94 32 vissa
757 2091 338 32 centralinstrument
1129 2093 52 31 för
1214 2093 261 33 kustartilleriet
1508 2095 32 31 få
1574 2095 186 42 disponera

247 2138 103 42 högst
372 2139 63 32 365
447 2140 64 31 000
533 2140 127 32 kronor
683 2152 41 19 av
750 2143 49 29 ett
815 2143 19 29 å
848 2142 285 32 förskottsstaten
1149 2143 53 32 för
1217 2144 318 33 försvarsväsendet
1550 2146 53 31 för
1617 2146 142 42 budget-

247 2191 71 29 året
353 2189 139 33 1944/45
526 2191 142 41 uppfört
701 2191 298 43 förskottsanslag,
1023 2193 61 31 har
1119 2194 252 33 ämbetsverket
1393 2196 12 30 i
1429 2196 165 32 skrivelse
1627 2196 67 32 den
1720 2198 38 31 16

247 2240 137 41 augusti
421 2241 91 38 1945,
536 2241 43 32 då
612 2242 257 41 ifrågavarande
902 2243 254 43 framställning
1189 2245 74 31 icke
1296 2246 162 31 föranlett
1494 2249 112 39 någon
1630 2247 127 42 Kungl.

246 2290 116 41 Maj:ts
397 2292 130 41 åtgärd,
552 2292 185 39 hemställt,
762 2295 49 29 att
844 2294 234 41 nyssberörda
1111 2295 139 42 belopp,
1275 2296 148 42 tillhopa
1460 2297 133 32 198505
1620 2297 137 39 kronor,

246 2343 105 30 måtte
384 2342 34 31 få
452 2342 205 42 disponeras
691 2343 54 31 för
777 2343 257 42 ifrågavarande
1061 2345 444 43 moderniseringsarbeten.
1550 2348 18 31 I
1592 2348 166 31 skrivelse

246 2391 65 32 den
348 2393 39 30 21
425 2393 138 41 augusti
599 2394 82 31 1945
704 2394 62 31 har
788 2394 363 42 marinförvaltningen
1174 2396 185 39 hemställt,
1384 2399 51 29 att
1463 2398 217 31 återstående
1703 2397 54 32 be-

245 2442 92 41 lopp,
372 2443 73 41 (365
457 2443 167 32 000—198
637 2444 63 32 505
722 2443 51 42 —=)
808 2445 59 31 166
880 2445 63 31 495
976 2445 134 39 kronor,
1145 2448 105 30 måtte
1283 2447 34 31 få
1350 2449 82 40 utgå
1455 2459 40 20 av
1518 2448 236 38 rabattmedel,
