1882 2812
588 176 263 31 Statsutskottets
874 172 167 30 utlåtande
1063 171 78 29 nr.
1577 163 41 31 75

167 257 55 31 Då
255 252 413 43 anslagsberäkningarna
700 247 212 34 fortfarande
945 257 80 21 vore
1047 245 12 31 i
1081 245 72 31 viss
1176 245 78 30 mån
1278 242 131 37 osäkra,
1434 242 119 40 syntes
1576 250 42 21 en

114 299 72 32 viss
220 295 280 34 återhållsamhet
533 293 147 41 alltjämt
713 292 84 31 böra
828 290 172 40 iakttagas
1034 287 55 31 vid
1121 285 235 41 beräkningen
1390 294 40 21 av
1454 283 164 40 anslaget.

125 332 9 8 o

114 342 31 31 Å
168 340 106 32 andra
297 338 99 33 sidan
420 348 81 21 vore
525 336 57 31 det
606 334 182 42 självfallet
810 343 41 21 av
873 331 82 38 vikt,
979 332 50 29 att
1051 329 156 40 anslaget
1228 327 74 32 icke
1323 328 38 29 så
1376 325 177 37 beskures,
1570 325 50 30 att

113 385 52 30 ett
187 379 322 35 tillfredsställande
532 377 181 33 underhåll
736 387 40 20 av
791 374 200 33 materielen
1008 370 292 42 omöjliggjordes.
1328 368 83 32 Med
1426 366 194 33 beaktande

114 438 41 19 av
189 425 103 32 dessa
325 422 214 43 synpunkter
572 420 88 32 hade
684 415 379 45 departementschefen
1086 414 115 31 funnit
1225 412 52 40 sig
1298 411 118 32 kunna
1438 408 181 43 tillstyrka,

114 470 51 30 att
193 467 155 41 anslaget
370 466 53 31 för
446 466 99 30 nästa
567 462 168 42 budgetår
757 460 124 41 höjdes
904 458 78 32 med
1005 456 198 43 ytterligare
1227 455 18 31 2
1257 454 64 32 000
1332 454 63 31 000
1418 453 127 31 kronor
1568 450 53 32 till

116 512 39 30 18
168 511 62 31 000
241 510 63 31 000
326 508 135 32 kronor.
501 506 51 31 Av
575 505 96 32 detta
692 503 128 41 belopp
844 503 121 41 syntes
988 499 156 41 omkring
1166 498 94 32 2350
1272 490 66 58 000
1356 496 128 31 kronor
1505 494 116 31 kunna

113 553 164 32 hänföras
300 551 53 32 till
376 548 229 44 prisstegring
628 546 106 33 sedan
758 546 66 31 den
850 547 14 29 1
890 543 64 42 juli
978 543 90 30 1941.

169 595 122 32 Såsom
324 593 58 31 vid
416 590 255 40 behandlingen
704 599 40 21 av
770 587 156 40 anslaget
952 585 53 31 till
1027 582 195 33 beklädnad
1244 593 43 20 m.
1311 592 43 20 m.
1379 580 131 31 anförts
1533 578 88 32 hade

114 635 382 44 departementschefen
527 633 11 31 i
565 632 153 41 enlighet
741 630 77 32 med
841 626 385 40 marinförvaltningens
1249 623 128 41 förslag
1400 622 121 32 räknat
1543 620 79 32 med

114 683 52 28 att
188 679 92 32 vissa
302 676 188 33 kostnader
512 676 52 31 för
587 671 335 45 specialbeklädnad,
947 680 74 22 som
1044 680 47 20 nu
1113 666 181 33 bestredes
1311 666 73 31 från
1400 662 222 34 förevarande

116 722 129 41 anslag,
279 721 74 31 från
388 719 64 32 och
486 717 78 32 med
593 719 99 29 nästa
715 715 167 41 budgetår
905 712 111 32 skulle
1039 712 81 40 utgå
1143 710 74 31 från
1240 705 381 41 beklädnadsanslaget.

115 762 264 43 Ifrågavarande
406 760 188 33 kostnader
615 769 81 21 vore
720 757 74 32 icke
817 767 40 21 av
880 756 67 31 den
971 751 298 41 storleksordning
1292 752 50 30 att
1365 749 42 32 de
1430 748 115 32 kunde
1567 748 55 40 på-

116 807 102 32 verka
242 804 231 42 beräkningen
497 814 39 20 av
559 800 281 33 medelsbehovet
863 798 110 32 under
994 794 223 34 förevarande
1240 793 128 41 anslag.

171 882 190 37 Utskottet,
386 891 72 21 som
485 878 188 42 tillstyrker
695 876 126 41 Kungl.
838 874 118 42 Maj:ts
973 871 222 34 förevarande
1211 870 137 41 förslag,
1365 869 50 31 får
1430 862 192 51 hemställa,

428 958 51 29 att
512 954 183 41 riksdagen
726 954 54 29 må
807 951 54 32 till
883 949 175 33 Marinen:
1094 947 177 34 Underhåll
1294 957 41 21 av
1350 946 139 41 flottans
1504 944 119 40 fartyg

386 1018 40 21 m.
450 1017 40 21 m.
514 1006 52 31 för
595 1004 205 41 budgetåret
831 1002 136 38 1946/47
995 999 118 32 anvisa
1136 1000 49 30 ett
1207 994 354 41 reservationsanslag
1583 1004 40 21 av

388 1059 38 30 18
444 1051 55 51 000
517 1056 58 32 000
597 1055 135 32 kronor.

171 1152 84 41 98:0)
291 1152 151 31 Marinen:
478 1146 162 35 Underhåll
675 1156 36 23 av
745 1146 252 32 kustartilleriets
1032 1143 139 32 materiel
1207 1151 35 22 m.
1279 1149 35 23 m.
1363 1138 128 42 Kungl.
1526 1137 99 41 Maj:t

118 1205 63 31 har
202 1202 178 41 föreslagit
402 1200 183 41 riksdagen
608 1198 121 42 (punkt
753 1197 69 38 102,
847 1207 26 21 s.
897 1196 62 31 206
982 1194 64 32 och
1069 1192 72 42 207)
1164 1194 50 30 att
1234 1192 54 31 till
1303 1190 173 32 Marinen:
1495 1188 130 33 Under-

117 1255 72 31 håll
223 1265 39 20 av
295 1251 281 33 kustartilleriets
610 1248 155 33 materiel
798 1259 42 20 m.
865 1258 43 20 m.
936 1246 52 32 för
1020 1244 205 42 budgetåret
1253 1242 135 38 1946/47
1424 1240 119 32 anvisa
1576 1240 49 31 ett

117 1303 355 40 reservationsanslag
494 1313 40 20 av
556 1302 19 31 2
588 1301 62 31 865
661 1300 63 31 000
745 1299 136 31 kronor.

172 1380 167 41 Anslaget
368 1379 62 31 har
451 1378 12 31 i
486 1377 186 31 riksstaten
695 1377 53 30 för
769 1372 232 34 innevarande
1024 1371 168 41 budgetår
1214 1369 161 42 uppförts
1398 1367 78 32 med
1499 1369 50 30 ett
1571 1366 54 32 be-

118 1432 84 41 lopp
226 1442 40 20 av
289 1430 94 31 2650
393 1429 64 31 000
479 1428 135 31 kronor.

173 1478 369 41 Marinförvaltningen
575 1477 62 31 har
670 1476 78 31 med
781 1474 143 41 ledning
957 1484 40 20 av
1023 1472 43 31 de
1088 1471 152 40 verkliga
1262 1469 232 32 kostnaderna
1516 1467 111 32 under

119 1532 206 41 budgetåret
354 1530 138 37 1944/45
518 1527 166 33 beräknat
707 1525 282 33 medelsbehovet
1011 1523 53 31 till
1090 1523 15 30 2
1128 1522 52 31 865
1202 1517 57 47 000
1276 1521 136 37 kronor,
1436 1530 100 20 varav
1560 1529 66 21 om-

120 1583 101 41 kring
255 1581 135 32 700000
423 1579 127 32 kronor
583 1579 133 30 ansetts
740 1579 170 28 motsvara
934 1573 229 43 prisstegring
1186 1571 105 32 sedan
1315 1571 66 31 den
1407 1572 15 29 1
1445 1569 65 41 juli
1535 1569 90 31 1941.

120 1630 391 45 Departementschefen
538 1629 62 31 har
621 1627 196 38 framhållit,
841 1628 51 29 att
914 1625 91 31 intill
1028 1624 81 31 dess
1132 1622 195 32 erfarenhet
1349 1621 110 31 under
1480 1619 147 32 fredstid

121 1683 141 32 vunnits
285 1681 147 33 rörande
456 1679 281 32 medelsbehovet
759 1678 52 31 för
834 1675 181 33 underhåll
1038 1685 40 20 av
1101 1672 279 33 kustartilleriets
1404 1670 154 33 materiel
1584 1681 42 21 en

120 1735 80 31 fullt
233 1732 200 41 tillförlitlig
464 1730 190 41 beräkning
687 1740 40 20 av
760 1727 224 33 förevarande
1018 1725 120 41 anslag
1169 1725 74 30 icke
1276 1723 116 31 kunde
1415 1721 211 33 verkställas.

121 1783 386 40 Marinförvaltningens
534 1779 327 43 anslagsberäkning
888 1779 119 40 syntes
1035 1775 191 33 emellertid
1249 1772 379 43 departementschefen

121 1837 12 30 i
167 1834 198 33 nuvarande
402 1834 75 40 läge
514 1831 197 43 godtagbar.
761 1831 51 30 Av
846 1827 305 42 anslagsbeloppet
1183 1825 167 32 hänförde
1385 1825 52 41 sig
1471 1823 158 42 omkring

122 1886 136 32 770000
290 1885 128 31 kronor
451 1884 52 30 till
537 1882 200 40 avlöningar
769 1881 54 31 till
854 1878 259 32 icke-ordinarie
1140 1876 170 41 personal.
1355 1874 199 33 Kostnader
1576 1874 53 31 för

123 1937 97 31 detta
253 1934 158 33 ändamål
445 1933 107 38 torde,
586 1931 197 32 framhåller
816 1928 389 43 departementschefen,
1240 1927 11 30 i
1278 1926 43 31 de
1343 1924 286 33 kostnadsberäk-

121 1987 131 41 ningar,
277 1996 74 21 som
374 1985 78 41 lågo
476 1984 53 31 till
552 1983 111 41 grund
679 1983 52 30 för
746 1980 313 36 försvarsbeslutet,
1075 1978 45 31 ha
1136 1977 178 42 upptagits
1331 1976 109 31 under
1455 1975 174 31 marinens

121 2036 311 41 avlöningsanslag.

176 2122 54 31 Då
263 2120 66 32 den
364 2119 208 31 verkställda
605 2116 232 41 beräkningen
872 2126 40 20 av
946 2113 283 32 medelsbehovet
1258 2112 73 31 icke
1354 2110 84 42 givit
1461 2110 169 31 utskottet

123 2171 186 40 anledning
332 2170 53 31 till
409 2169 145 38 erinran,
578 2168 50 31 får
650 2167 170 32 utskottet
842 2164 191 38 hemställa,

435 2239 50 28 att
518 2235 182 40 riksdagen
734 2235 54 29 må
821 2233 54 31 till
897 2231 175 32 Marinen:
1106 2230 177 32 Underhåll
1305 2240 40 20 av
1368 2227 262 32 kustartilleriets

392 2286 148 32 materiel
573 2297 38 19 m.
636 2296 38 20 m.
700 2285 51 30 för
778 2283 205 40 budgetåret
1011 2282 135 37 1946/47
1175 2280 119 31 anvisa
1316 2281 50 29 ett
1389 2277 241 32 reservations-

394 2337 118 39 anslag
536 2347 40 19 av
599 2336 18 30 2
630 2334 136 32 865000
788 2334 136 30 kronor.

178 2422 84 41 99:0)
296 2423 151 29 Marinen:
483 2420 194 37 Anskaffning
709 2419 56 30 och
791 2415 159 33 underhåll
975 2425 34 22 av
1034 2416 220 31 motorfordon.
1298 2412 126 42 Kungl.
1450 2412 97 40 Maj:t
1569 2411 62 31 har

124 2472 176 41 föreslagit
322 2471 184 41 riksdagen
529 2469 122 42 (punkt
676 2469 68 37 103,
768 2468 64 32 sid.
857 2466 178 40 207—209)
1059 2467 49 30 att
1131 2465 53 31 till
1207 2464 171 31 Marinen:
1403 2457 229 50 Anskaffning

1678 871 131 24 Utskottet.

1684 2117 133 23 Utskottet.
