1882 2812
1608 152 12 7 --

589 162 265 30 Statsutskottets
876 160 167 30 utlåtande
1066 169 39 19 nr
1127 160 29 28 4.
1605 162 21 21 d

171 238 63 42 8:0)
258 238 351 39 Krigsmaterieiverket:
638 234 384 40 Förrådsorganisationen
1048 244 37 21 m.
1111 243 36 21 m.
1193 232 126 41 Kungl.
1337 231 98 40 Maj:t
1458 230 61 31 har
1541 229 84 31 före-

118 290 102 41 slagit
237 289 182 41 riksdagen
441 287 121 42 (punkt
579 288 28 36 8,
627 298 25 20 s.
671 286 138 41 40—42)
833 288 48 29 att
899 285 54 32 till
971 282 391 43 Krigsmaterielverket:
1382 280 243 41 Förrådsorga-

118 340 195 32 nisationen
333 351 41 19 m.
394 350 42 20 m.
456 339 54 31 för
528 336 202 42 budgetåret
750 336 135 32 1946/47
906 335 117 32 anvisa
1043 337 50 29 ett
1111 332 268 42 förslagsanslag
1398 343 40 20 av
1459 331 92 31 1120
1564 330 61 31 000

119 392 133 30 kronor.

172 485 236 32 Förevarande
423 485 118 41 anslag
555 487 37 29 är
606 485 54 31 för
674 483 229 32 innevarande
918 481 169 41 budgetår
1094 471 148 50 uppfört
1257 478 77 32 med
1350 477 61 32 930
1424 476 62 32 000
1500 475 126 32 kronor

118 537 64 30 och
205 536 107 40 enligt
334 535 174 32 fastställd
531 537 69 30 stat
623 534 147 32 fördelat
793 533 77 32 med
893 532 61 32 650
968 532 61 31 000
1051 531 127 31 kronor
1200 529 55 32 till
1279 526 266 34 lönekostnader
1567 525 58 32 vid

117 585 386 42 krigsmaterielverkets
522 582 361 34 ammunitionsförråd
902 583 63 31 och
984 582 61 31 280
1057 581 62 32 000
1138 581 125 31 kronor
1282 579 54 32 till
1356 576 269 34 driftkostnader

117 637 59 31 vid
199 636 168 32 förråden.

171 688 70 30 För
283 688 100 30 nästa
425 686 168 40 budgetår
637 686 61 31 har
742 682 368 43 krigsmaterielverket
1155 682 112 31 ansett
1306 680 53 41 sig
1395 679 84 32 böra
1517 678 109 31 under

119 738 95 31 detta
253 737 118 41 anslag
409 736 150 32 beräkna
597 735 185 32 kostnader
822 733 125 42 jämväl
987 733 54 31 för
1082 729 93 35 vissa
1217 730 125 37 förråd,
1384 740 74 21 som
1498 728 127 32 hittills

122 788 177 32 bekostats
323 787 75 31 från
425 786 176 32 förskotts-
627 785 83 32 eller
734 783 346 42 avvecklingsanslag.
1117 783 69 31 Det
1212 784 36 29 är
1273 781 61 31 här
1359 780 95 41 fråga
1480 790 55 21 om
1560 779 65 32 för-

120 837 61 31 råd
207 848 40 20 av
273 837 141 41 verktyg
440 837 62 31 och
529 835 219 38 reservdelar,
775 837 137 30 råvaror
937 834 62 31 och
1026 832 230 33 halvfabrikat
1281 843 40 20 m.
1350 843 40 19 m.
1429 831 68 31 För
1524 829 101 32 dessa

120 889 116 31 förråd
256 889 62 31 har
339 888 116 33 verket
475 888 164 31 beräknat
661 887 133 31 120000
816 887 125 31 kronor
960 886 13 30 i
994 884 265 33 lönekostnader
1280 884 63 31 och
1364 883 40 32 95
1417 882 61 32 000
1499 881 126 32 kronor

119 941 12 30 i
166 940 276 32 driftkostnader.
489 939 68 32 För
592 938 270 32 driftkostnader
896 937 58 32 vid
979 937 42 32 de
1046 937 150 31 centrala
1220 933 404 34 ammunitionsförråden

117 992 62 31 har
203 992 116 32 verket
345 992 53 31 för
424 993 99 29 nästa
546 992 38 30 år
608 990 120 31 räknat
753 990 76 31 med
856 988 199 32 oförändrat
1080 986 252 37 medelsbehov,
1360 984 108 32 under
1493 984 58 31 det
1576 986 50 29 att

119 1043 310 31 lönekostnaderna
451 1043 58 31 vid
532 1041 404 33 ammunitionsförråden
959 1040 183 32 beräknats
1166 1039 54 32 till
1245 1041 49 29 ett
1316 1038 55 32 till
1395 1038 60 31 625
1468 1037 61 31 000
1553 1036 71 31 kro-

121 1106 63 20 nor
216 1095 177 33 reducerat
423 1094 135 42 belopp.
602 1092 380 43 Krigsmaterielverket
1013 1092 62 31 har
1107 1091 143 32 sålunda
1281 1089 164 33 beräknat
1476 1088 148 41 anslags-

117 1148 147 31 behovet
285 1147 64 38 till,
371 1147 54 31 för
446 1146 265 32 lönekostnader
732 1145 61 32 745
806 1145 61 32 000
888 1145 126 31 kronor
1036 1144 63 31 och
1122 1143 54 32 för
1198 1141 270 33 driftkostnader
1489 1140 61 32 375
1563 1140 62 32 000

116 1199 135 36 kronor,
276 1197 84 32 eller
381 1197 102 32 totalt
506 1198 16 30 1
538 1197 60 31 120
611 1197 61 31 000
694 1196 135 32 kronor.

171 1247 385 43 Departementschefen
581 1247 63 32 har
668 1246 167 41 tillstyrkt
861 1244 380 42 anslagsberäkningen.
1281 1243 81 32 Som
1389 1245 48 30 ett
1462 1242 56 32 led
1544 1242 12 31 i
1583 1241 42 32 de

118 1299 170 31 allmänna
322 1297 525 41 rationaliseringssträvandena
880 1297 92 30 inom
1008 1296 168 31 försvaret
1199 1294 85 32 böra
1309 1293 94 39 dock,
1429 1292 197 32 framhåller

118 1348 385 43 departementschefen,
521 1350 43 39 på
581 1347 222 32 förevarande
821 1346 136 32 område
975 1346 67 31 alla
1060 1345 158 41 åtgärder
1236 1344 164 42 vidtagas,
1420 1354 73 22 som
1511 1343 115 31 kunna

117 1410 81 21 vara
231 1399 130 41 ägnade
397 1400 50 30 att
481 1398 191 40 nedbringa
704 1397 239 32 kostnaderna.
978 1396 70 32 Det
1073 1396 61 37 får,
1159 1395 178 32 fortsätter
1362 1394 263 42 departements-

117 1449 131 37 chefen,
268 1449 211 36 förutsättas,
499 1450 49 29 att
566 1447 368 42 krigsmaterielverket
953 1447 12 30 i
985 1447 76 31 sina
1080 1445 313 42 anslagsäskanden
1413 1445 54 31 för
1484 1444 141 41 budget-

117 1502 73 29 året
207 1498 136 32 1947/48
358 1518 43 3 —
418 1498 104 32 sedan
540 1500 153 29 närmare
711 1497 174 32 överblick
902 1497 139 31 vunnits
1060 1498 81 30 över
1157 1496 91 41 läget
1267 1496 87 31 efter
1370 1494 254 42 beredskapens

117 1549 199 41 avveckling
332 1568 44 4 —
393 1548 204 41 framlägger
614 1546 179 33 resultatet
812 1559 40 20 av
873 1559 42 20 en
936 1549 144 39 översyn
1102 1547 11 31 i
1133 1546 102 32 dessa
1253 1546 229 32 hänseenden.

170 1645 179 32 Utskottet
367 1645 62 30 har
447 1644 114 31 funnit
580 1644 53 40 sig
652 1643 84 31 böra
754 1641 182 42 tillstyrka,
956 1643 50 29 att
1024 1640 112 32 medel
1156 1640 109 32 under
1284 1639 154 41 anslaget
1457 1638 167 32 beräknas

116 1696 125 42 jämväl
261 1696 54 31 för
334 1694 221 33 bestridande
577 1705 40 21 av
639 1694 89 31 löne-
750 1694 62 31 och
835 1692 271 32 driftkostnader
1127 1691 57 32 vid
1205 1691 93 31 vissa
1320 1689 116 32 förråd
1458 1689 54 32 för
1532 1689 93 32 verk-

116 1749 61 39 tyg
208 1746 63 31 och
303 1745 219 38 reservdelar,
556 1747 145 35 råvaror,
734 1743 228 32 halvfabrikat
984 1754 41 20 m.
1048 1754 42 20 m.
1124 1741 211 32 Framhållas
1369 1742 62 36 må,
1455 1742 49 30 att
1536 1735 88 48 kost-

117 1797 150 31 naderna
301 1797 54 30 för
390 1796 101 31 dessa
526 1795 115 31 förråd
665 1794 146 41 tidigare
836 1794 157 31 bestritts
1019 1804 40 20 av
1085 1792 178 32 förskotts-
1289 1791 83 32 eller
1397 1790 227 42 avvecklings-

117 1847 127 40 anslag.
278 1846 76 31 Mot
376 1845 437 41 kostnadsberäkningarna
836 1845 12 30 i
872 1844 110 40 övrigt
1005 1844 62 30 har
1090 1843 167 32 utskottet
1280 1842 73 31 icke
1377 1841 114 32 funnit
1514 1841 111 31 anled-

116 1897 84 41 ning
223 1896 54 32 till
301 1897 144 31 erinran.
481 1896 179 31 Utskottet
683 1895 60 31 vill
767 1894 226 41 understryka
1018 1892 395 42 departementschefens
1438 1891 186 37 uttalande,

118 1949 50 30 att
186 1946 67 32 alla
271 1947 158 40 åtgärder
447 1946 83 31 böra
549 1946 165 40 vidtagas,
735 1956 73 20 som
828 1944 115 31 kunna
961 1954 79 21 vara
1061 1943 130 41 ägnade
1212 1944 50 30 att
1281 1942 189 41 nedbringa
1489 1942 136 31 kostna-

118 1998 105 31 derna
246 1999 44 39 på
312 1996 222 32 förevarande
558 1995 146 32 område.

171 2047 179 32 Utskottet
373 2046 205 38 hemställer,

414 2124 50 29 att
495 2122 181 40 riksdagen
709 2123 54 29 må
794 2121 53 31 till
880 2119 391 41 Krigsmaterielverket:
1306 2118 319 40 Förrådsorganisa-

371 2171 117 32 tionen
508 2182 41 20 m.
571 2182 41 20 m.
634 2172 54 30 för
707 2171 203 40 budgetåret
931 2170 135 31 1946/47
1088 2169 119 32 anvisa
1227 2171 48 29 ett
1296 2168 268 42 förslagsanslag
1585 2179 40 20 av

372 2222 91 31 1120
477 2222 61 31 000
560 2222 134 30 kronor.

169 2320 64 42 9:0)
258 2322 350 37 Krigsmaterielverket:
644 2312 227 39 Årskostnader
904 2321 49 29 för
987 2320 172 29 industriell
1186 2319 266 37 krigsberedskap.
1497 2316 129 41 Kungl.

121 2372 99 40 Maj:t
235 2371 61 31 har
312 2371 178 40 föreslagit
506 2370 180 41 riksdagen
709 2370 122 41 (punkt
846 2370 29 37 9,
893 2381 25 19 s.
937 2369 137 40 42—45)
1097 2371 49 28 att
1163 2368 53 31 till
1234 2366 389 42 Krigsmaterielverket:

118 2421 253 32 Årskostnader
390 2421 52 30 för
462 2420 195 32 industriell
677 2419 284 41 krigsberedskap
983 2419 52 31 för
1056 2418 204 42 budgetåret
1281 2417 135 32 1946/47
1439 2417 118 31 anvisa
1577 2419 49 29 ett

120 2472 267 40 förslagsanslag
411 2482 39 20 av
474 2472 60 30 800
547 2471 61 31 000
631 2470 133 31 kronor.

1681 1644 131 23 Utskottet.
