1928 2810
271 175 19 28 4
701 177 305 31 Bankoutskottets
1031 175 176 32 utlåtande
1232 175 49 31 Nr
1308 175 49 30 29.

319 262 13 30 I
356 262 148 36 enlighet
525 261 80 30 med
627 260 71 37 min
722 259 147 31 sålunda
892 259 146 37 angivna
1062 258 214 37 ståndpunkt
1298 258 60 30 vill
1379 257 57 38 jag
1459 258 152 35 förorda,
1634 260 49 27 att
1706 257 69 30 för-

274 304 73 37 slag
374 304 188 35 förelägges
591 302 183 36 riksdagen
801 311 58 21 om
886 302 194 29 beredande
1108 301 34 30 åt
1170 304 176 33 systrarna
1375 300 189 36 Holmgren
1592 309 42 20 av
1662 298 114 37 någon

274 346 145 36 pension
439 355 41 20 av
498 344 206 31 statsmedel.
725 344 71 30 Mot
815 344 41 30 de
873 353 42 21 av
933 344 244 30 statskontoret
1195 343 10 30 i
1224 342 124 31 sådant
1366 342 196 30 hänseende
1581 342 196 35 föreslagna

274 388 180 36 beloppen,
473 388 63 29 276
554 388 128 29 kronor
702 387 54 29 för
774 386 86 30 Göta
879 386 187 35 Holmgren
1085 386 65 29 och
1168 385 63 30 294
1250 386 128 29 kronor
1397 385 54 29 för
1471 384 87 36 Olga
1577 384 198 36 Holmgren,

274 431 64 29 har
361 430 57 36 jag
440 429 75 30 icke
541 428 116 31 funnit
679 428 187 36 anledning
889 427 51 31 till
963 437 118 20 annan
1105 427 136 30 erinran
1266 428 45 29 än
1337 429 48 28 att
1409 426 217 30 sistnämnda
1650 426 125 36 belopp

275 481 100 27 synes
394 472 83 29 böra
493 471 139 37 jämkas
653 469 106 37 uppåt
777 469 52 31 till
848 470 63 30 300
929 471 128 28 kronor
1076 469 56 30 för
1148 469 173 30 vinnande
1340 478 41 21 av
1399 469 179 30 delbarhet
1597 469 77 29 med
1695 469 80 29 tolv.

275 508 27 35 Å
321 513 241 37 pensionerna,
580 513 92 30 vilka
691 521 103 27 synas
813 512 84 30 böra
916 511 168 30 bestridas
1104 510 78 31 från
1201 511 154 35 anslaget
1373 510 51 30 till
1443 510 134 30 diverse
1595 510 182 36 pensioner

275 556 65 30 och
362 556 187 30 understöd
569 565 45 20 m.
634 564 55 26 m.,
711 555 63 29 bör
793 553 251 37 dyrtidstillägg
1063 553 75 30 icke
1157 552 35 31 få
1211 552 164 37 åtnjutas.

320 647 170 30 Utskottet
510 647 65 29 har
597 646 74 30 icke
692 645 116 31 funnit
830 645 184 36 anledning
1036 644 51 31 till
1110 644 135 31 erinran
1268 647 72 28 mot
1364 644 121 36 Kungl.
1510 642 118 38 Maj:ts
1651 643 126 36 ifråga-

276 698 151 30 varande
445 697 137 36 förslag.
602 696 47 31 På
668 697 112 36 grund
798 697 108 29 härav
924 696 198 30 hemställer
1140 696 174 35 utskottet,

630 792 48 27 att
700 788 184 37 riksdagen
908 787 57 31 må
987 787 121 31 bifalla
1132 788 120 36 Kungl.
1280 787 117 37 Maj:ts
1420 787 229 30 förevarande
1671 787 107 30 fram-

586 840 170 36 ställning.

991 949 65 29 2:0.

318 1017 39 31 F.
384 1018 32 30 d.
441 1017 200 36 löjtnanten
666 1016 58 31 vid
749 1016 315 30 Västernorrlands
1092 1016 209 35 regemente,
1327 1014 161 36 majoren
1513 1013 12 30 i
1553 1013 122 30 armén
1700 1012 81 31 Carl

274 1067 126 30 Gustaf
423 1068 186 35 Engblom.
646 1067 117 30 Under
788 1067 160 36 punkten
973 1067 19 28 2
1018 1065 150 31 föreslår
1194 1065 124 36 Kungl.
1346 1064 100 36 Maj:t
1471 1064 188 35 riksdagen
1685 1063 98 30 med-

277 1118 88 36 giva,
382 1121 48 27 att
448 1117 22 30 f.
488 1117 31 30 d.
537 1117 193 37 löjtnanten
749 1116 57 30 vid
824 1115 304 30 Västernorrlands
1145 1117 202 34 regemente,
1364 1113 157 38 majoren
1538 1113 11 31 i
1566 1113 119 30 armén
1702 1111 79 31 Carl

278 1168 123 30 Gustaf
419 1168 171 36 Engblom
609 1166 57 31 må
685 1165 78 32 från
783 1166 65 30 och
868 1166 78 30 med
965 1165 174 30 månaden
1157 1166 77 29 näst
1255 1165 88 30 efter
1361 1165 75 35 den,
1458 1164 172 30 varunder
1650 1164 129 29 honom

278 1219 172 30 meddelat
472 1217 236 31 förordnande
730 1216 115 31 såsom
868 1215 424 36 rullföringsbefälhavare
1314 1215 147 36 upphör,
1486 1215 110 29 under
1619 1213 52 32 sin
1693 1213 87 31 åter-

278 1269 141 31 stående
447 1268 115 31 livstid
590 1267 158 36 uppbära
777 1284 46 3 —
850 1267 118 29 utöver
997 1266 130 29 honom
1159 1264 328 37 författningsenligt
1517 1264 264 31 tillkommande

278 1319 144 37 pension
441 1336 45 4 —
505 1316 281 38 tilläggspension
807 1316 79 31 från
909 1317 153 35 anslaget
1082 1315 51 31 till
1153 1315 132 31 diverse
1304 1315 182 36 pensioner
1507 1315 66 30 och
1594 1314 187 31 understöd

279 1380 44 20 m.
343 1380 44 20 m.
405 1370 50 30 till
469 1370 126 35 belopp
613 1378 41 21 av
673 1368 94 35 1,008
783 1368 129 29 kronor
929 1367 54 29 för
998 1365 48 31 år.

324 1471 49 30 Av
391 1470 254 36 handlingarna
661 1469 10 30 i
688 1468 142 31 ärendet
847 1467 183 35 inhämtas,

324 1525 50 26 att
395 1521 171 36 Engblom
588 1521 38 29 är
646 1519 84 30 född
748 1519 69 30 den
835 1520 40 28 27
896 1517 135 37 augusti
1056 1518 83 29 1876
1160 1517 65 30 och
1245 1515 132 31 således
1396 1517 41 29 64
1457 1515 39 31 år
1514 1517 165 35 gammal;

323 1575 50 27 att
391 1572 69 30 han
479 1571 121 31 inträtt
621 1570 10 30 i
650 1568 202 38 krigstjänst
871 1569 65 30 den
956 1569 19 29 8
994 1568 76 37 juni
1093 1568 93 35 1896,
1206 1567 194 31 befordrats
1421 1567 50 30 till
1491 1566 150 37 löjtnant
1662 1577 43 21 av
1726 1568 55 29 2:a

280 1623 139 30 klassen
439 1623 57 30 vid
518 1621 306 31 Västernorrlands
848 1622 192 34 regemente
1063 1620 68 29 den
1152 1620 38 28 21
1214 1619 182 30 december
1419 1619 82 29 1900
1524 1619 67 29 och
1612 1622 173 33 transpor-

279 1677 106 27 terats
405 1674 50 30 till
474 1673 151 36 löjtnant
644 1681 41 21 av
708 1672 54 29 1:a
782 1671 138 30 klassen
940 1670 57 30 vid
1017 1679 134 21 samma
1170 1672 194 33 regemente
1383 1669 66 30 den
1470 1670 20 29 8
1511 1678 93 21 mars
1627 1670 95 34 1907;

325 1728 51 27 att
397 1724 181 36 Engblom,
599 1731 74 21 som
692 1720 45 37 på
757 1720 113 37 grund
891 1729 41 21 av
952 1719 165 37 sjukdom
1142 1718 308 40 (lungtuberkulos)
1479 1719 75 31 icke
1576 1719 133 31 kunnat
1730 1719 57 31 be-

280 1775 138 30 fordras
442 1774 50 30 till
515 1774 108 35 högre
643 1771 206 36 beställning
871 1769 46 38 på
937 1770 94 30 aktiv
1055 1772 76 33 stat,
1154 1770 85 30 efter
1262 1768 169 38 uppnådd
1452 1769 261 37 pensionsålder
1737 1780 50 20 er-

281 1824 101 32 hållit
399 1824 128 31 avsked
547 1822 80 32 från
646 1820 420 39 löjtnantsbeställningen
1084 1820 66 30 den
1170 1821 39 29 27
1229 1820 138 37 augusti
1389 1821 83 30 1926
1493 1821 80 30 med
1591 1822 67 29 rätt
1676 1821 50 30 till
1744 1830 44 21 en

282 1874 86 38 årlig
387 1875 144 37 pension
551 1883 43 21 av
614 1873 95 36 2,916
728 1873 130 29 kronor
875 1871 106 37 jämte
1001 1871 264 37 dyrtidstillägg;

326 1928 50 27 att
398 1926 70 29 han
489 1924 180 30 utnämnts
692 1923 50 30 till
764 1922 130 37 kapten
916 1922 12 29 i
952 1922 121 30 armén
1098 1920 38 31 år
1162 1922 82 30 1915
1270 1922 67 30 och
1360 1921 50 30 till
1433 1920 115 38 major
1573 1921 11 31 i
1608 1922 119 30 armén
1750 1920 38 32 år

283 1976 98 36 1933;
1727 1968 61 35 Rr

327 2029 50 27 att
400 2026 70 30 han
491 2025 52 30 till
565 2023 90 37 följd
679 2033 41 20 av
744 2023 54 30 sin
821 2022 163 39 sjukdom
1009 2022 77 30 icke
1108 2022 134 30 kunnat
1267 2021 149 37 fullgöra
1441 2022 214 37 trupptjänst
1677 2023 111 31 under

283 2085 121 21 senare
421 2076 97 30 delen
535 2084 44 21 av
595 2074 53 30 sin
664 2073 210 36 anställning
893 2072 21 31 å
931 2072 95 31 aktiv
1044 2075 68 27 stat
1127 2076 84 27 utan
1229 2073 169 29 alltsedan
1418 2073 66 30 den
1503 2074 19 29 4
1542 2074 143 30 oktober
1705 2074 84 30 1914

283 2125 199 37 tjänstgjort
507 2124 116 31 såsom
645 2123 436 37 rullföringsbefälhavare,
1108 2123 9 30 i
1143 2123 115 30 vilken
1281 2123 216 31 sistnämnda
1523 2124 171 37 egenskap
1718 2125 70 29 han

284 2175 168 32 kvarstått
472 2175 132 37 jämväl
626 2174 85 31 efter
730 2173 179 37 avgången
928 2172 79 32 från
1028 2173 96 31 aktiv
1143 2176 66 28 stat
1230 2174 67 30 den
1319 2175 39 28 27
1383 2174 135 36 augusti
1544 2175 96 35 1926;

328 2229 49 27 att
394 2227 70 29 han
482 2226 87 30 efter
590 2225 216 30 sistnämnda
823 2224 162 36 tidpunkt
1005 2223 115 31 såsom
1139 2224 426 36 rullföringsbefälhavare
1584 2223 140 38 åtnjutit
1743 2227 46 28 ett

284 2277 129 30 arvode
432 2286 42 21 av
493 2277 98 34 3,180
612 2276 128 30 kronor
763 2275 55 30 för
841 2274 38 31 år
900 2274 106 37 jämte
1029 2274 263 37 dyrtidstillägg;

329 2330 89 27 samt
442 2329 48 28 att
512 2326 56 30 för
592 2326 170 36 Engblom
785 2325 55 31 för
863 2325 217 30 närvarande
1105 2325 157 36 gällande
1286 2325 235 31 förordnande
1545 2325 114 31 såsom
1681 2326 109 31 befäl-

284 2376 130 31 havare
436 2377 53 30 för
512 2376 200 31 Sundsvalls
733 2377 116 29 västra
870 2374 344 38 rullföringsområde
1233 2385 42 21 nr
1295 2376 42 30 65
1359 2377 138 36 upphör
1519 2377 79 30 med
1619 2376 170 38 utgången

285 2435 43 22 av
349 2427 193 36 september
563 2425 131 32 månad
716 2427 94 30 1941.

330 2477 171 36 Engblom
521 2478 65 30 har
607 2478 63 29 hos
692 2477 122 36 Kungl.
839 2476 101 37 Maj:t
961 2476 146 31 anhållit
1128 2480 48 27 att
1196 2477 86 30 efter
1306 2476 264 32 frånträdandet
1592 2488 42 21 av
1657 2478 134 31 förord-
