1928 2810
265 177 18 29 6
688 179 307 31 Bankoutskottets
1020 179 175 31 utlåtande
1221 179 49 31 Nr
1292 181 48 30 29.

312 265 14 30 I
352 264 200 37 anslutning
577 264 116 31 härtili
719 265 65 29 har
810 264 245 31 statskontoret
1080 264 127 36 anfört,
1237 268 49 27 att
1312 264 252 32 ämbetsverket
1589 264 77 32 icke
1691 264 80 31 ville

268 316 160 29 motsätta
449 315 61 36 sig,
532 317 49 28 att
603 314 161 37 åtgärder
785 314 154 37 vidtagas
960 314 56 31 för
1036 318 49 27 att
1108 315 170 36 Engblom
1302 314 56 31 må
1379 314 131 32 erhålla
1533 325 42 20 en
1598 315 68 31 viss
1687 325 83 27 pen-

267 365 297 39 sionsförhöjning
587 365 58 30 vid
670 364 178 37 avgången
872 364 80 31 från
979 365 393 37 arvodesbefattningen,
1396 365 200 37 förslagsvis
1620 366 82 30 med
1723 369 48 27 ett

265 414 102 38 årligt
387 416 126 36 belopp
535 425 42 21 av
603 416 94 35 1,008
718 416 138 31 kronor.

312 465 265 36 Föredragande
607 465 380 38 departementschefen
1017 466 63 29 har
1109 466 131 30 anfört:

314 524 13 30 I
345 524 108 31 likhet
470 525 80 29 med
568 525 245 29 statskontoret
830 524 114 30 finner
961 523 58 38 jag
1038 533 40 21 ur
1096 524 194 37 principiell
1306 524 177 37 synpunkt
1500 524 275 36 betänkligheter

268 567 119 30 kunna
413 567 144 30 anföras
582 569 71 27 mot
677 565 196 37 beviljande
898 565 35 32 åt
959 566 170 36 Engblom
1155 576 44 20 av
1223 566 116 36 tillägg
1364 566 50 30 till
1441 566 67 30 den
1534 565 239 37 författnings-

267 608 105 37 enligt
393 607 170 38 utgående
583 608 199 38 pensionen.
804 609 62 36 Jag
886 608 58 31 vill
967 609 89 29 dock
1077 609 78 29 med
1176 609 137 36 hänsyn
1332 608 50 31 till
1403 609 67 29 vad
1492 609 9 30 i
1523 608 141 30 ärendet
1686 608 87 30 före-

270 651 146 30 kommit
446 651 152 36 förorda,
629 653 49 28 att
708 651 130 36 förslag
868 651 190 36 förelägges
1088 651 186 35 riksdagen
1304 660 58 20 om
1392 650 196 30 beredande
1618 649 35 31 åt
1685 649 88 37 Eng-

270 693 93 30 blom
391 703 43 20 av
462 692 280 38 tilläggspension
770 693 78 30 med
876 702 42 20 av
946 693 246 30 statskontoret
1220 691 179 37 ifrågasatt
1427 692 136 37 belopp.

313 776 77 31 Med
413 776 138 38 hänsyn
574 777 49 30 till
646 777 10 30 i
679 777 142 30 ärendet
844 777 206 30 förekomna
1073 776 292 36 omständigheter
1387 776 65 30 har
1474 776 166 30 utskottet
1662 774 32 38 ej
1719 784 54 22 ve-

271 827 48 30 lat
347 828 165 30 motsätta
542 827 49 36 sig
620 826 100 32 bifall
751 826 49 31 till
833 826 121 36 Kungl.
987 826 117 36 Maj:ts
1133 824 266 38 ifrågavarande
1430 825 139 36 förslag.
1603 825 172 31 Utskottet

270 878 197 29 hemställer
491 876 109 37 alltså,

622 947 48 28 att
693 943 183 36 riksdagen
899 943 58 31 må
980 942 121 32 bifalla
1125 942 123 37 Kungl.
1274 940 117 38 Maj:ts
1415 942 229 30 förevarande
1668 942 106 30 fram-

579 994 172 36 ställning.

987 1093 65 30 3:0.

315 1162 109 30 Förra
454 1161 370 37 rullföringsbiträdet,
852 1160 241 37 fanjunkaren
1121 1159 12 30 i
1162 1160 223 35 Kronobergs
1414 1160 217 35 regementes
1658 1167 118 22 reserv

268 1212 82 30 Carl
378 1212 102 30 Peter
510 1211 189 35 Sandberg.
742 1211 123 36 Kungl.
894 1210 103 36 Maj:t
1027 1209 148 31 föreslår
1204 1209 113 30 under
1346 1209 160 36 punkten
1537 1209 20 29 3
1587 1208 189 36 riksdagen

272 1263 165 36 medgiva,
461 1265 50 27 att
532 1261 94 31 förra
648 1260 361 37 rullföringsbiträdet,
1032 1260 237 36 fanjunkaren
1290 1259 11 30 i
1325 1259 217 36 Kronobergs
1566 1261 211 34 regementes

271 1321 112 21 reserv
408 1311 78 31 Carl
512 1311 97 30 Peter
633 1310 177 36 Sandberg
834 1309 65 36 må,
924 1310 128 29 räknat
1076 1308 78 32 från
1180 1310 66 30 och
1270 1309 79 30 med
1373 1309 67 31 den
1467 1310 14 29 1
1509 1309 143 30 oktober
1681 1309 93 35 1940,

271 1362 108 30 under
402 1362 53 31 sin
478 1360 214 32 återstående
714 1360 115 30 livstid
851 1359 79 31 från
953 1360 153 35 anslaget
1127 1359 51 30 till
1201 1359 133 31 diverse
1357 1360 182 35 pensioner
1563 1359 65 31 och
1650 1359 124 30 under-

274 1414 74 29 stöd
370 1422 44 21 m.
438 1422 45 20 m.
506 1412 158 36 uppbära
686 1420 43 20 en
751 1410 86 37 årlig
858 1410 143 37 pension
1024 1419 42 21 av
1090 1409 95 36 1,200
1207 1409 138 30 kronor.

316 1515 49 30 Av
386 1514 254 36 handlingarna
663 1515 10 30 i
696 1514 142 30 ärendet
858 1513 186 37 inhämtas,

318 1569 48 27 att
390 1565 178 38 Sandberg
589 1566 38 30 är
649 1565 86 30 född
760 1566 66 30 den
848 1565 40 29 26
912 1564 153 30 februari
1091 1564 83 29 1875
1197 1563 66 30 och
1286 1562 130 31 således
1440 1563 42 29 66
1506 1561 40 31 år
1568 1562 165 36 gammal;

319 1619 49 28 att
389 1617 81 35 han,
495 1626 75 20 som
593 1616 120 29 inträtt
736 1615 11 30 i
772 1614 201 37 krigstjänst
996 1614 56 30 vid
1077 1614 218 35 Kronobergs
1320 1616 193 33 regemente
1535 1613 66 30 den
1626 1614 40 29 22
1690 1612 90 37 april

279 1667 91 35 1893,
407 1666 199 30 förordnats
643 1666 50 30 till
732 1665 374 36 volontärvicekorpral
1143 1664 66 30 den
1240 1664 38 30 10
1305 1663 193 37 september
1526 1663 80 30 1897
1634 1664 67 30 och
1727 1663 52 30 till

275 1717 301 36 volontärkorpral
598 1717 65 30 den
688 1716 15 29 1
729 1715 71 37 maj
828 1715 94 36 1898;

320 1770 49 28 att
393 1768 71 29 han
494 1767 87 30 efter
608 1766 134 37 avgång
769 1765 79 32 från
876 1764 413 38 korpralsbeställningen
1317 1764 199 31 förordnats
1544 1764 50 31 till
1622 1766 158 35 sergeant

275 1817 11 30 i
307 1817 230 32 förenämnda
559 1820 210 33 regementes
790 1826 113 21 reserv
923 1816 66 30 den
1011 1816 19 30 4
1052 1815 87 37 april
1162 1816 84 29 1902
1268 1816 65 29 och
1354 1815 50 31 till
1425 1814 212 37 fanjunkare
1658 1815 11 30 i
1689 1824 90 33 sam-

275 1877 58 21 ma
350 1877 114 21 reserv
484 1868 67 30 den
573 1868 37 29 14
629 1867 71 36 maj
724 1867 97 35 1918;

320 1921 49 28 att
387 1919 70 29 han
477 1918 112 30 under
609 1917 92 31 tiden
724 1919 16 28 7
763 1917 87 36 april
874 1917 172 30 1902—30
1066 1917 194 36 september
1284 1917 81 30 1940
1386 1916 83 30 eller
1487 1916 112 30 under
1618 1915 161 36 omkring

276 1965 84 35 38'/2
386 1968 38 31 år
448 1969 11 29 i
486 1968 189 31 oavbruten
702 1967 90 37 följd
816 1967 159 31 innehaft
1001 1967 193 36 befattning
1220 1967 115 31 såsom
1359 1966 338 37 rullföringsbiträde
1722 1966 57 30 vid

278 2018 158 37 Ljungby
459 2017 346 38 rullföringsområde
828 2027 41 21 nr
894 2018 53 35 14;

320 2072 50 27 att
394 2069 178 36 Sandberg
595 2068 114 31 såsom
735 2067 337 37 rullföringsbiträde
1094 2068 169 37 uppburit
1286 2070 46 28 ett
1357 2067 100 37 årligt
1482 2068 127 30 arvode
1634 2067 21 32 å
1683 2067 97 37 2,130

277 2120 128 30 kronor
429 2120 56 30 för
510 2119 39 31 år
573 2119 105 36 jämte
703 2118 263 37 arvodestillägg
992 2118 20 31 å
1041 2119 92 35 1,080
1156 2119 132 30 kronor
1311 2118 54 30 för
1390 2118 39 31 år
1452 2118 154 31 förutom
1631 2118 149 37 dyrtids-

276 2170 128 36 tillägg;

322 2224 88 27 samt
435 2223 49 28 att
509 2220 175 36 Sandberg
707 2219 77 31 icke
806 2220 39 30 är
865 2219 193 37 berättigad
1080 2219 49 31 till
1152 2219 146 37 pension
1321 2218 44 38 på
1388 2220 112 36 grund
1525 2229 41 22 av
1589 2219 191 32 militäran-

277 2270 170 37 ställning.

321 2353 179 37 Utskottet,
525 2363 74 21 som
621 2353 32 38 ej
678 2353 118 32 funnit
820 2353 185 37 anledning
1030 2354 48 31 till
1102 2353 140 31 erinran
1266 2357 72 27 mot
1361 2354 122 37 Kungl.
1510 2353 117 38 Maj:ts
1652 2353 127 38 ifråga-

278 2405 150 30 varande
451 2404 139 37 förslag,
613 2405 208 36 hemställer,

627 2473 49 28 att
698 2471 184 36 riksdagen
905 2470 59 32 må
986 2471 121 30 bifalla
1130 2470 125 37 Kungl.
1280 2470 117 37 Maj:ts
1421 2471 228 31 förevarande
1673 2470 107 31 fram-

586 2521 172 36 ställning.
