1886 2776
247 104 19 30 2
697 115 263 32 Statsutskottets
983 121 165 31 utlåtande
1170 133 39 19 nr
1234 126 70 29 192.

248 179 18 31 I
290 191 42 20 en
355 181 53 31 till
430 184 146 31 nämnda
600 185 162 33 skrivelse
786 188 102 42 fogad
910 194 225 37 promemoria
1156 195 61 31 har
1240 197 215 42 redogörelse
1478 200 145 34 lämnats
1645 204 44 31 bl.
1714 216 27 20 a.

244 232 54 30 för
317 232 92 32 vissa
428 234 57 31 vid
504 235 145 42 tidigare
670 239 220 42 utredningar
910 243 192 39 framförda,
1124 257 75 20 men
1219 259 40 20 av
1278 249 372 42 bangårdskommittén
1669 256 73 32 icke

243 283 172 42 godtagna
430 286 317 45 alternativförslag.
777 291 221 35 Beträffande
1017 296 98 32 dessa
1133 298 212 34 sistnämnda
1362 303 128 42 förslag
1507 305 52 31 får
1576 307 165 32 utskottet

242 334 143 33 hänvisa
405 337 52 31 till
477 340 258 40 propositionen
760 343 37 33 (s.
818 344 108 39 3—5).

299 386 121 33 Såsom
442 390 141 32 resultat
606 403 39 20 av
667 392 389 43 bangårdskommitténs
1079 402 181 43 utredning
1281 404 61 32 har
1363 406 159 43 framgått
1544 411 47 30 ett
1614 410 65 31 den
1700 412 41 31 29

244 438 62 31 och
329 439 40 31 28
390 440 176 33 december
589 444 79 31 1945
691 445 201 42 dagtecknat
913 450 123 32 mellan
1058 452 328 44 järnvägsstyrelsen
1408 460 19 29 å
1448 470 63 20 ena
1533 461 97 31 sidan
1653 465 87 29 samt

244 489 252 45 Hälsingborgs
518 495 75 30 stad
614 507 121 30 genom
755 498 78 32 dess
856 500 295 36 drätselkammare
1171 508 18 28 å
1209 507 105 32 andra
1334 509 97 31 sidan
1452 512 126 38 träffat,
1601 514 52 30 för
1673 517 66 39 sty-

243 541 130 33 relsens
393 543 55 31 del
467 556 39 20 av
525 546 125 42 Kungl.
672 548 117 42 Maj:ts
809 552 246 40 godkännande
1074 556 169 33 beroende
1262 560 89 31 avtal
1371 563 173 40 angående
1565 565 172 33 ordnande

242 603 40 21 av
305 593 428 44 bangårdsförhållandena
757 602 12 30 i
794 603 241 45 Hälsingborg.
1070 609 136 32 Avtalet
1229 610 61 32 har
1312 613 168 40 godkänts
1504 626 40 20 av
1568 617 169 32 stadsfull-

240 645 149 43 mäktige
415 648 11 30 i
451 648 235 45 Hälsingborg
711 653 65 31 den
802 655 41 30 20
867 658 183 31 november
1077 660 87 31 1945.
1191 661 104 33 Detta
1320 664 122 38 beslut,
1469 669 71 29 mot
1564 668 105 32 vilket
1695 681 40 20 en

240 696 177 34 minoritet
433 700 92 31 inom
543 702 308 45 stadsfullmäktige
870 712 186 29 reserverat
1074 711 60 42 sig,
1152 712 60 32 har
1229 714 87 32 efter
1333 717 246 42 överklagande
1597 731 138 22 numera

239 749 122 31 vunnit
381 750 74 42 laga
475 752 97 32 kraft.

290 801 19 30 I
333 801 163 34 skrivelse
520 805 65 31 den
610 807 37 31 15
672 808 148 33 februari
848 811 79 32 1946
949 813 61 31 har
1030 815 329 43 järnvägsstyrelsen
1384 821 203 33 underställt
1610 825 125 31 avtalet

237 851 126 43 Kungl.
388 854 118 42 Maj:ts
529 858 177 42 prövning.

286 904 137 33 Avtalet
439 907 60 32 har
517 911 112 29 såsom
647 910 111 43 bilaga
776 914 112 41 fogats
906 916 53 30 till
976 914 381 51 statsrådsprotokollet.

288 956 223 34 Beträffande
537 960 58 32 det
622 962 127 43 förslag
775 965 53 31 till
854 966 137 43 lösning
1016 980 41 20 av
1083 970 288 45 bangårdsfrågan
1398 976 62 31 och
1487 977 138 33 därmed
1651 991 81 20 sam-

236 1008 256 42 manhängande
515 1014 176 39 spörsmål,
713 1018 43 38 på
778 1016 105 33 vilket
906 1020 124 33 avtalet
1051 1021 135 42 bygger,
1210 1024 60 31 har
1292 1027 166 40 styrelsen
1482 1029 250 43 inledningsvis

235 1059 114 32 anfört
368 1061 159 42 följande.

286 1128 247 44 Föreliggande
555 1133 128 43 förslag
703 1138 36 29 är
758 1137 11 31 i
790 1140 36 29 så
846 1141 106 30 måtto
973 1141 247 44 ofullständigt,
1241 1148 49 29 att
1310 1147 237 44 tågfärjeläget
1566 1152 37 30 är
1621 1154 110 30 avsett

234 1171 49 29 att
306 1171 72 32 tills
402 1173 114 32 vidare
538 1175 173 43 kvarligga
732 1181 43 39 på
797 1182 194 32 nuvarande
1014 1184 98 41 plats.
1146 1186 68 31 Vid
1237 1198 41 20 en
1300 1189 164 41 planerad
1486 1192 160 33 framtida
1667 1195 64 30 för-

233 1211 166 45 flyttning
425 1226 39 20 av
489 1217 260 42 färjestationen
775 1222 53 31 till
854 1234 110 21 annan
990 1226 99 41 plats,
1117 1227 85 32 skall
1229 1231 146 31 särskild
1402 1234 328 34 överenskommelse

232 1254 119 33 härom
378 1258 119 32 träffas
524 1262 158 39 parterna
709 1264 152 33 emellan.
899 1266 68 32 Vid
995 1269 237 33 utarbetandet
1258 1283 41 20 av
1325 1273 336 46 bangårdsförslaget
1687 1279 43 31 ha

232 1299 159 38 parterna
411 1301 189 32 emellertid
621 1304 118 32 räknat
759 1307 86 37 med,
869 1310 49 29 att
939 1320 41 20 en
1001 1310 159 33 blivande
1182 1314 61 31 och
1265 1315 54 31 till
1340 1317 123 32 tvenne
1484 1319 245 43 tågfärjelägen

233 1340 164 33 utvidgad
418 1343 215 41 färjestation
655 1346 85 32 skall
761 1349 169 33 anordnas
952 1353 43 39 på
1017 1353 100 32 södra
1136 1355 99 31 sidan
1258 1367 55 20 om
1333 1358 146 32 hamnen
1500 1361 11 30 i
1534 1361 110 33 direkt
1665 1364 64 31 för-

230 1380 158 34 bindelse
408 1385 76 31 med
506 1386 65 31 den
592 1398 66 31 nya
678 1391 310 33 centralstationen.
1022 1394 209 43 Härigenom
1253 1399 144 33 erhålles
1420 1403 92 30 såväl
1534 1404 53 31 för
1606 1405 123 31 trafik--

230 1423 151 34 arbetets
405 1426 207 35 bedrivande
638 1441 72 21 som
735 1433 54 30 för
813 1433 65 32 den
903 1436 227 33 trafikerande
1156 1439 228 34 allmänheten
1409 1440 319 52 tillfredsställande

231 1467 220 43 samordning
474 1471 123 31 mellan
624 1473 259 41 färjestationen
908 1478 62 30 och
995 1480 309 40 centralstationen,
1331 1485 61 31 och
1417 1486 121 42 skapas
1564 1499 41 20 en
1631 1489 96 32 ända-

229 1508 182 43 målsenlig
431 1512 62 31 och
513 1514 119 42 värdig
652 1518 79 38 port
752 1517 54 31 för
827 1518 286 35 utlandstrafiken
1135 1525 79 29 över
1236 1520 243 54 Hälsingborg.

281 1574 76 32 Vad
373 1577 164 32 beträffar
553 1580 288 43 anläggningarna
859 1585 53 30 för
927 1588 230 38 persontrafik
1174 1590 142 34 innebär
1332 1592 163 43 förslaget
1511 1595 11 31 i
1538 1595 187 40 huvudsak,

228 1628 50 29 att
301 1637 42 21 en
366 1639 44 30 ny
432 1631 277 43 personbangård
732 1634 86 31 skall
840 1636 133 32 komma
996 1639 53 30 till
1072 1640 188 40 utförande,
1283 1643 143 43 belägen
1449 1648 43 39 på
1515 1647 11 31 i
1550 1650 86 29 stort
1659 1651 67 30 sett

228 1687 128 23 samma
378 1680 90 41 plats
491 1693 73 20 som
587 1686 193 31 nuvarande
805 1686 235 46 Hälsingborg
1064 1691 25 32 C
1113 1703 75 21 men
1212 1705 40 20 av
1275 1695 170 43 betydligt
1468 1700 109 30 större
1601 1700 124 32 dimen-

228 1729 124 39 sioner,
372 1735 86 29 samt
475 1736 48 29 att
540 1735 279 34 Västkustbanan
837 1739 86 32 skall
940 1741 128 33 införas
1086 1744 53 31 till
1156 1745 65 31 den
1238 1757 66 31 nya
1321 1749 302 34 centralstationen
1640 1753 11 31 i
1667 1764 58 20 nu-

226 1783 148 31 varande
400 1785 194 43 sträckning
620 1789 61 30 och
707 1791 79 30 över
811 1791 79 31 Inre
915 1792 154 40 hamnen,
1096 1807 72 20 som
1193 1798 71 31 helt
1289 1799 190 42 igenfylles.
1517 1803 132 32 Genom
1675 1807 48 29 att

226 1832 65 32 den
314 1845 67 30 nya
402 1839 298 38 personstationen
724 1842 143 32 sålunda
890 1845 212 33 anordnades
1125 1859 72 20 som
1220 1854 369 40 genomgångsstation,
1614 1856 108 31 skulle

226 1885 107 42 enligt
355 1886 347 45 järnvägsstyrelsens
725 1895 138 41 mening
886 1896 64 31 den
974 1897 191 42 betydande
1189 1901 154 32 fördelen
1367 1907 106 35 ernås,
1497 1908 49 29 att
1568 1908 92 31 vissa
1683 1919 39 20 av

225 1935 219 45 huvudtågen
465 1941 124 31 mellan
612 1943 175 43 Göteborg
809 1947 62 30 och
894 1947 126 33 Malmö
1043 1950 180 34 framdeles
1245 1953 121 39 kunde,
1391 1956 10 30 i
1424 1957 65 30 den
1511 1961 77 28 mån
1611 1961 37 29 så
1669 1960 52 31 be-

224 1987 124 34 funnes
372 1990 163 43 lämpligt,
562 1994 178 33 framföras
765 1999 80 29 över
868 1995 242 52 Hälsingborg.

275 2040 179 44 Förslaget
472 2043 143 34 innebär
633 2047 113 32 vidare
766 2059 41 20 en
826 2050 203 44 fullständig
1047 2055 210 43 uppdelning
1274 2058 124 31 mellan
1417 2062 19 29 å
1453 2071 63 21 ena
1535 2062 98 31 sidan
1650 2060 69 50 per-

224 2093 212 32 sontrafiken
455 2096 60 31 och
533 2096 148 42 ilgodset
699 2100 62 31 och
779 2103 19 28 å
815 2102 104 31 andra
937 2104 98 31 sidan
1052 2106 233 40 godstrafiken
1302 2110 77 31 med
1395 2112 97 40 gods-
1510 2114 63 30 och
1590 2125 129 31 ranger-

221 2142 237 43 bangårdarna
471 2148 154 42 förlagda
640 2150 53 31 till
708 2151 121 33 Gamla
844 2155 237 40 exercisfältet,
1096 2158 105 32 vilket
1214 2162 37 29 är
1265 2161 135 42 beläget
1414 2163 11 31 i
1441 2164 100 32 södra
1556 2166 162 31 utkanten

221 2205 40 20 av
282 2196 140 33 stadens
443 2198 214 44 bebyggelse.
691 2203 151 32 Härmed
863 2206 95 38 hade,
980 2208 195 33 framhåller
1194 2211 338 44 Järnvägsstyrelsen,
1556 2218 100 31 också
1675 2218 43 39 på

221 2257 41 20 en
286 2250 90 40 gång
399 2251 257 34 åstadkommits
681 2265 40 20 en
746 2256 158 32 rationell
928 2258 163 44 klyvning
1113 2262 123 32 mellan
1261 2264 66 31 den
1350 2265 110 33 lokala
1483 2268 231 41 godstrafiken

221 2299 18 29 å
262 2310 63 20 ena
348 2301 97 31 sidan
468 2306 86 28 samt
576 2305 146 32 trafiken
746 2309 80 30 över
847 2309 145 32 hamnen
1016 2314 18 29 å
1056 2312 64 31 den
1143 2314 104 32 andra
1269 2316 62 31 och
1355 2319 176 41 samtidigt
1553 2321 54 30 för
1628 2322 88 29 över-

220 2349 135 44 skådlig
376 2353 136 33 framtid
535 2355 199 44 tillräckligt
755 2361 166 39 utrymme
943 2362 128 34 beretts
1093 2365 54 31 för
1167 2366 178 33 bådadera.
1382 2369 45 31 Så
1448 2374 94 28 snart
1564 2372 65 30 den
1651 2381 65 29 nya

218 2402 283 43 godsbangården
523 2406 101 33 blivit
645 2409 118 42 färdig,
788 2411 109 33 skulle
919 2414 168 42 nämligen
1111 2416 63 32 den
1197 2420 194 31 nuvarande
1414 2422 100 31 södra
1536 2423 95 41 gods-
1653 2422 61 31 och
