2228 2614
401 223 41 32 10
614 220 122 32 Första
758 218 200 32 kammarens
975 216 110 41 första
1110 212 170 42 tillfälliga
1302 210 134 33 utskotts
1459 207 168 33 utlåtande
1651 206 53 31 Nr
1728 207 50 29 15.

598 303 75 34 För
701 300 185 44 berömliga
910 298 210 45 gärningar.

598 356 75 35 För
700 355 55 34 nit
781 354 60 35 och
867 352 167 44 redlighet
1060 351 13 34 i
1100 349 107 35 rikets
1236 349 117 41 tjänst.

599 410 76 35 För
703 412 117 40 trogen
848 408 118 41 tjänst.

600 463 76 35 För
703 463 55 33 nit
783 461 61 35 och
871 458 175 46 redlighet.

538 547 6 6 —
601 517 47 35 In
677 516 57 35 sui
761 514 210 42 memoriam,
1003 509 129 47 medalj
1163 521 76 23 som
1267 507 149 45 konung
1445 505 111 35 Oscar
1583 503 38 34 II
1645 501 169 36 stundom
1834 497 169 37 utdelade

403 575 114 33 såsom
547 569 144 37 enskild
719 565 249 48 minnesgåfva
997 564 96 47 (»till
1120 562 124 36 minne
1272 560 39 36 af
1328 559 107 47 sig»),
1457 558 65 35 och
1542 568 75 24 som
1639 558 44 44 på
1702 552 188 37 frånsidan
1910 551 94 35 hade

404 624 259 38 ofvanstående
691 621 160 36 inskrift.

513 682 33 32 9,
604 677 148 36 Litteris
779 678 32 32 et
839 673 134 35 artibus
1002 671 94 47 (»för
1126 668 198 45 vetenskap
1352 666 66 36 och
1446 664 158 45 konst»).

489 735 58 33 10.
604 728 135 48 Medalj
784 728 80 35 med
908 727 225 44 Konungens
1161 721 178 37 bröstbild
1368 723 20 32 å
1417 731 67 23 ena
1513 717 114 43 sidan,
1659 716 70 34 den
1759 714 112 35 andra
1901 711 104 35 sidan

407 787 69 36 slät
503 785 56 36 för
586 782 235 49 ingravering
849 780 40 36 af
914 781 70 34 den
1012 777 193 37 belönades
1233 786 120 24 namn.

513 838 228 36 Motionären
770 834 150 36 föreslår
948 830 322 38 ordensväsendets
1298 826 238 42 afskaffande,
1567 835 83 23 men
1679 820 159 47 förbigår
1859 818 147 36 alldeles

407 893 211 36 utdelandet
660 891 41 35 af
740 887 181 48 medaljer.
980 887 73 34 Det
1094 890 39 29 är
1176 886 91 40 sant,
1311 885 54 31 att
1406 875 372 51 medaljutdelningen
1815 872 192 47 försiggått

408 947 82 35 med
518 950 112 32 större
659 942 221 46 urskillning
908 947 47 29 än
982 937 244 37 förhållandet
1245 934 95 37 varit
1358 934 82 35 med
1459 929 379 46 ordensutdelningen,
1856 926 66 35 och
1937 930 71 30 sär-

409 1000 113 36 skildt
550 1000 64 34 har
642 998 112 47 ingen
782 995 94 36 varit
895 991 272 50 predestinerad
1185 989 59 36 till
1263 987 207 38 erhållande
1490 986 39 35 af
1545 982 144 48 medalj,
1711 985 117 32 såsom
1847 979 103 35 fallet
1970 984 40 29 är

411 1055 81 34 med
506 1064 46 24 en
566 1056 74 32 stor
655 1051 59 35 del
729 1049 40 36 af
782 1051 135 34 statens
932 1047 151 35 ämbets-
1098 1044 66 36 och
1179 1044 219 48 tjänstemän
1412 1038 224 37 beträffande
1652 1037 143 35 ordnar.
1826 1032 184 36 Måhända

408 1108 103 35 torde
538 1105 224 37 motionären
790 1102 122 36 därför
940 1112 97 32 anse,
1068 1102 53 32 att
1149 1096 171 47 medaljer
1347 1093 227 37 fortfarande
1601 1092 88 34 böra
1708 1090 126 34 kunna
1854 1086 153 42 utdelas,

411 1161 107 36 äfven
547 1160 110 35 sedan
686 1155 304 38 ordensväsendet
1017 1152 122 36 blifvit
1167 1149 205 37 afskaffadt.
1431 1144 213 37 Emellertid
1672 1142 117 37 skulle
1818 1140 59 36 väl
1899 1142 113 44 något

412 1213 249 48 egendomliga
689 1210 252 36 förhållanden
969 1206 155 44 inträda,
1154 1217 58 22 om
1240 1205 25 33 t.
1298 1214 55 24 ex.
1385 1198 298 47 svärdsmedaljer
1703 1197 66 35 och
1787 1193 224 48 tapperhets-

412 1267 172 48 medaljer
625 1266 56 35 för
723 1263 215 46 manskapet
978 1260 118 36 skulle
1137 1257 234 42 förekomma,
1407 1254 111 36 sedan
1545 1251 175 36 liknande
1748 1249 87 35 eller
1863 1246 148 36 därmed

410 1320 206 51 jämförliga
658 1317 252 37 dekorationer
951 1314 57 35 för
1048 1313 212 35 officerarne
1300 1307 122 37 blifvit
1463 1305 210 37 afskaffade.
1732 1303 77 35 Och
1842 1313 56 23 om
1928 1311 83 23 man

414 1379 159 42 antager,
603 1376 54 33 att
685 1371 238 47 utdelningen
951 1368 40 35 af
1017 1365 170 48 medaljer
1215 1364 123 35 kunde
1365 1362 104 35 träda
1496 1360 14 35 i
1538 1359 130 43 stället,
1700 1357 66 35 och
1785 1356 103 34 dessa
1907 1353 105 35 alltså

414 1430 96 45 finge
551 1440 46 23 en
628 1425 181 47 betydligt
850 1421 264 39 vidsträcktare
1157 1416 235 46 användning
1433 1421 47 29 än
1520 1425 62 31 nu,
1616 1412 118 34 finnes
1761 1408 114 36 likväl
1903 1406 110 46 ingen

416 1481 143 48 garanti
587 1481 55 35 för
670 1483 55 32 att
752 1478 80 36 icke
861 1478 44 34 de
928 1474 166 47 skadliga
1113 1471 232 46 verkningar,
1367 1481 73 23 som
1461 1467 113 47 enligt
1593 1464 242 36 motionärens
1855 1459 158 47 uppfatt-

416 1536 89 46 ning
533 1541 60 29 äro
621 1533 207 36 förbundna
851 1530 83 35 med
953 1525 314 43 ordensväsendet,
1289 1523 123 35 kunde
1431 1522 143 34 komma
1594 1521 55 33 att
1667 1517 93 35 efter
1780 1516 80 34 dess
1880 1512 134 36 afskaf-

417 1590 108 35 fande
554 1588 143 35 vidlåda
727 1581 380 51 medaljutdelningen.
1164 1577 145 36 Tänker
1337 1587 84 24 man
1449 1574 55 47 sig
1532 1576 21 32 å
1581 1572 113 35 andra
1723 1569 113 43 sidan,
1867 1570 55 32 att
1945 1566 71 35 alla

417 1644 68 34 här
525 1641 109 36 ofvan
668 1638 238 49 uppräknade
935 1634 171 48 medaljer
1135 1632 145 47 aflystes
1307 1627 187 47 samtidigt
1523 1625 80 35 med
1632 1621 315 43 ordensväsendet,
1978 1622 39 33 så

418 1698 153 34 återstår
599 1694 112 35 likväl
740 1705 45 23 en
814 1695 73 32 stor
915 1688 135 47 mängd
1077 1684 182 48 medaljer,
1281 1695 76 24 som
1376 1681 140 36 utdelas
1535 1679 40 35 af
1590 1669 426 58 hushållningssällskap,

419 1749 266 47 myndigheter,
729 1743 308 50 sportföreningar
1079 1741 66 35 och
1187 1737 175 37 enskilda.
1433 1735 88 35 Men
1562 1735 54 33 att
1656 1729 182 37 bibehålla
1885 1728 134 35 sådana

420 1803 172 47 medaljer
620 1802 66 35 och
716 1796 362 41 utmärkelsetecken,
1109 1793 117 35 under
1260 1792 61 34 det
1348 1792 54 33 att
1421 1790 44 34 de
1484 1787 40 36 af
1540 1787 209 44 Konungen
1767 1781 169 37 utdelade
1964 1783 54 32 ut-

421 1855 335 36 märkelsetecknen
774 1852 120 36 blefve
913 1849 210 40 afskaffade,
1145 1847 83 42 kan,
1246 1843 193 47 lindrigast
1453 1841 114 47 sagdt,
1584 1840 142 45 knappt
1740 1848 86 24 vara
1840 1833 177 47 lämpligt.

528 1908 54 35 Af
620 1921 51 22 nu
712 1907 158 36 nämnda
903 1904 80 36 skäl
1010 1903 65 34 har
1104 1900 178 36 utskottet
1309 1897 31 48 ej
1370 1897 143 34 kunnat
1540 1905 85 24 vara
1654 1892 82 35 med
1765 1902 56 23 om
1849 1887 171 37 motionä-

422 1974 83 25 rens
547 1962 176 47 yrkande,
767 1961 115 35 ehuru
920 1956 187 43 utskottet,
1138 1957 114 32 såsom
1282 1952 111 34 redan
1421 1948 122 37 blifvit
1571 1946 131 43 visadt,
1739 1945 6 34 i
1773 1942 146 48 mycket
1947 1940 74 36 kan

422 2017 192 35 instämma
655 2015 15 34 i
711 2015 70 35 den
823 2012 39 36 af
887 2010 223 37 motionären
1138 2006 162 37 uttalade
1328 2002 282 48 uppfattningen
1639 1999 40 36 af
1704 1995 314 39 ordensväsendet.

424 2071 86 35 Men
539 2068 108 36 äfven
675 2080 58 22 om
761 2067 179 35 ordnarna
969 2075 128 36 genom
1126 2062 61 34 det
1214 2063 82 40 sätt,
1326 2058 138 45 hvarpå
1491 2056 44 34 de
1563 2053 169 43 utdelats,
1763 2050 105 36 råkat
1890 2049 14 35 i
1922 2048 100 36 miss-

424 2123 131 44 kredit,
587 2124 39 33 så
654 2123 54 32 att
737 2120 125 48 hvarje
889 2117 186 37 tänkande
1102 2113 192 37 människa
1320 2112 15 34 i
1362 2109 197 37 allmänhet
1577 2107 31 48 ej
1630 2106 124 36 vidare
1772 2104 112 36 fäster
1903 2105 120 43 någon

426 2178 81 35 vikt
535 2174 126 37 därvid
691 2174 86 35 eller
805 2176 111 33 sätter
944 2174 111 44 något
1082 2172 114 32 större
1223 2166 111 36 värde
1361 2165 123 45 därpå,
1515 2165 38 33 så
1581 2161 75 34 kan
1679 2160 100 35 detta
1797 2155 226 38 förhållande

426 2228 309 46 hufvudsakligen
776 2228 127 34 endast
943 2226 129 35 beröra
1112 2222 77 35 dels
1231 2220 176 47 gifvaren,
1452 2217 108 34 hvars
1588 2213 109 48 gåfva
1725 2215 39 33 så
1791 2211 81 35 litet
1900 2208 122 37 värde-

427 2287 121 42 sättes,
597 2283 76 35 dels
716 2284 236 43 mottagaren,
996 2279 108 34 hvars
1145 2274 179 36 anseende
1365 2272 14 34 i
1405 2268 219 47 förståndigt
1652 2266 95 36 folks
1776 2270 91 41 ögon
1895 2273 126 35 genom

507 306 37 247 NASA
503 302 55 32 R
