1850 2778
443 113 390 33 Jordbruksutskottets
850 115 179 31 utlåtande
1044 126 42 20 nr
1104 117 38 30 17
1158 117 39 30 år
1215 118 84 29 1965
1598 121 15 30 1

781 411 52 36 Nr
861 413 48 35 17

351 512 184 32 Utlåtande
563 514 11 29 i
599 513 192 42 anledning
816 524 42 21 av
885 515 127 40 Kungl.
1039 516 124 39 Maj:ts
1190 517 217 38 proposition
1435 517 179 40 angående

568 566 135 32 ändrad
723 569 237 39 organisation
981 578 43 20 av
1044 569 569 39 rationaliseringsverksamheten

570 621 44 38 på
628 621 228 39 jordbrukets
873 622 63 30 och
955 622 373 40 trädgårdsnäringens
1344 623 166 31 områden
1526 624 90 40 jäm-

572 675 30 28 te
629 674 4 29 i
650 674 118 30 ämnet
789 675 122 30 väckta
930 676 182 29 motioner.

172 777 15 30 I
207 787 44 23 en
272 777 68 32 den
362 779 40 30 19
422 787 95 23 mars
542 779 82 32 1965
645 779 219 41 dagtecknad
886 782 227 39 proposition,
1136 791 42 21 nr
1203 783 71 34 100,
1296 783 116 30 vilken
1434 783 180 31 hänvisats

129 831 52 30 till
195 831 376 40 jordbruksutskottet,
586 833 65 30 har
667 834 126 40 Kungl.
811 835 115 39 Maj:t,
944 835 110 30 under
1071 835 219 40 åberopande
1308 846 40 20 av
1365 837 107 39 bilagt
1491 838 123 38 utdrag

128 891 42 22 av
196 884 383 39 statsrådsprotokollet
606 887 81 30 över
712 887 347 39 jordbruksärenden
1087 889 55 29 för
1170 898 134 22 samma
1331 890 76 39 dag,
1437 890 178 40 föreslagit

127 937 189 39 riksdagen
337 940 50 28 att
407 938 187 39 godkänna
614 940 41 30 de
676 941 10 29 i
708 941 262 38 propositionen
992 942 150 39 angivna
1162 943 199 38 grunderna
1383 944 54 29 för
1458 952 157 31 omorga-

128 990 154 31 nisation
298 1001 42 20 av
354 992 42 30 de
411 992 140 40 statliga
566 993 64 30 och
646 994 329 31 statsunderstödda
990 995 456 41 rationaliseringsorganen
1462 997 44 40 på
1519 998 96 39 jord-

128 1044 144 30 brukets
292 1046 63 29 och
374 1045 374 40 trädgårdsnäringens
767 1047 177 31 områden.

173 1123 12 29 I
208 1124 264 38 propositionen
493 1125 64 30 har
580 1126 151 30 anmälts
755 1128 48 28 ett
827 1136 41 20 av
893 1127 82 30 1960
999 1127 56 30 års
1078 1128 383 41 jordbruksutredning
1482 1130 67 30 den
1575 1131 36 29 11

127 1177 187 30 november
345 1177 83 31 1964
455 1178 176 31 avlämnat
659 1179 221 32 betänkande
909 1181 292 39 Organisationen
1231 1191 42 21 av
1300 1182 314 41 rationaliserings-

127 1229 268 31 verksamheten
417 1240 45 21 m.
485 1240 45 22 m.
553 1232 43 39 på
617 1232 238 39 jordbrukets,
879 1233 250 40 skogsbrukets
1152 1235 65 30 och
1240 1236 373 41 trädgårdsnäringens

127 1283 168 30 områden
325 1283 101 33 (SOU
453 1285 172 35 1964:55)
654 1286 110 39 jämte
789 1286 145 31 däröver
959 1288 145 39 avgivna
1130 1289 324 39 remissyttranden.
1480 1290 134 30 Beträf-

128 1337 105 32 fande
256 1337 192 32 innehållet
471 1340 12 29 i
506 1339 236 32 betänkandet
766 1342 65 29 och
854 1341 337 40 remissyttrandena
1216 1343 127 30 tillåter
1368 1344 52 39 sig
1444 1344 170 31 utskottet

127 1391 50 27 att
198 1389 148 31 hänvisa
365 1391 52 30 till
438 1391 230 31 förenämnda
690 1393 129 30 avsnitt
841 1394 8 29 i
871 1394 272 39 propositionen.

172 1443 12 28 I
205 1443 263 39 propositionen
488 1453 42 21 nr
552 1445 61 29 100
631 1446 64 29 har
716 1445 183 40 framlagts
920 1447 270 40 principförslag
1210 1449 52 29 till
1282 1449 134 30 ändrad
1438 1451 175 38 organisa-

128 1496 73 30 tion
217 1496 55 30 för
285 1496 227 40 jordbrukets
527 1498 64 30 och
606 1499 375 39 trädgårdsnäringens
998 1500 291 41 rationalisering.
1307 1502 129 30 Härvid
1453 1503 159 30 förordas

127 1549 50 28 att
201 1549 457 41 hushållningssällskapets
685 1553 65 28 och
775 1552 382 31 lantbruksnämndens
1184 1555 177 39 uppgifter
1386 1556 45 38 på
1457 1556 156 30 området

126 1602 74 29 förs
226 1609 160 23 samman
410 1604 11 29 i
447 1604 48 29 ett
520 1611 117 31 organ,
663 1604 165 31 Däremot
855 1614 101 22 anses
982 1606 56 30 det
1063 1607 71 30 inte
1160 1608 157 39 lämpligt
1345 1610 49 30 att
1421 1618 47 20 nu
1495 1609 118 40 infoga

127 1655 424 40 skogsvårdsstyrelserna
566 1658 10 29 i
593 1660 47 28 ett
658 1658 55 30 för
727 1659 170 39 jordbruk
916 1660 64 29 och
997 1660 197 40 skogsbruk
1211 1664 216 36 gemensamt
1443 1663 169 39 regionalt

126 1716 119 32 organ.

170 1764 66 29 Det
254 1773 68 30 nya
339 1764 300 41 regionalorganet
656 1766 148 30 föreslås
823 1766 36 30 få
875 1767 167 31 karaktär
1060 1777 43 21 av
1120 1769 118 40 statlig
1255 1769 204 41 myndighet
1475 1771 66 30 och
1557 1771 56 30 be-

126 1817 149 29 nämnas
292 1818 329 30 lantbruksnämnd.
637 1819 459 41 Hushållningssällskapen
1112 1830 99 22 avses
1227 1823 98 30 bestå
1340 1823 64 30 och
1420 1824 45 29 ha
1481 1824 53 30 till
1549 1825 64 29 hu-

126 1870 195 40 vudsaklig:
335 1871 138 39 uppgift
497 1873 50 28 att
571 1881 82 21 vara
678 1872 259 40 kontaktorgan
962 1874 129 30 mellan
1117 1875 406 32 lantbruksnämnderna
1548 1878 64 29 och

126 1922 317 41 näringsutövarna
459 1924 95 30 inom
570 1925 175 39 jordbruk
759 1926 66 29 och
841 1926 322 41 trädgårdsnäring.

169 1977 50 29 De
238 1985 69 30 nya
325 1977 425 32 lantbruksnämndernas
771 1980 161 29 närmare
951 1980 239 39 organisation
1210 1990 45 21 m.
1276 1991 44 21 m.
1339 1991 99 22 avses
1457 1983 47 30 bli
1524 1984 88 30 före-

125 2029 70 30 mål
214 2030 54 29 för
285 2030 151 30 särskild
454 2031 196 39 utredning.
667 2032 76 29 Den
760 2041 67 30 nya
845 2033 284 39 organisationen
1145 2034 173 31 beräknas
1335 2036 122 30 kunna
1473 2045 139 32 genom-

126 2082 95 31 föras
240 2083 142 39 tidigast
401 2084 66 29 den
490 2085 13 28 1
523 2084 66 39 juli
610 2084 93 30 1967.

168 2160 393 41 Departementschefen
581 2162 63 30 har
664 2163 128 30 anfört.

171 2213 170 29 >Behovet
365 2223 41 20 av
430 2223 41 20 en
497 2215 138 29 fortsatt
661 2215 151 30 intensiv
836 2217 524 39 rationaliseringsverksamhet
1384 2220 43 39 på
1450 2221 161 38 jordbru-

124 2266 87 34 kets,
230 2267 373 40 trädgårdsnäringens
623 2269 65 29 och
708 2269 250 39 skogsbrukets
976 2271 166 29 områden
1163 2272 39 29 är
1220 2273 97 28 stort.
1336 2273 102 30 Detta
1459 2274 153 40 framgår

124 2319 44 29 bl.
192 2329 29 20 a.
246 2328 42 21 av
311 2320 40 29 de
375 2320 303 40 undersökningar
704 2331 42 20 av
769 2324 282 37 expertgrupper,
1077 2332 75 20 som
1178 2324 83 30 1960
1286 2324 55 30 års
1365 2326 248 39 jordbruksut-

123 2372 148 39 redning
290 2372 173 30 redovisat
484 2373 10 29 i
515 2373 268 31 betänkandena
803 2376 64 28 Det
889 2375 149 30 svenska
1059 2376 221 30 lantbrukets
1302 2377 310 42 effektiviserings-

123 2425 105 38 vägar
253 2425 101 33 (SOU
376 2425 98 30 1963:
491 2426 58 32 66)
571 2427 64 29 och
653 2427 236 30 Lantbrukets
911 2428 363 41 strukturutveckling
1298 2430 102 34 (SOU
1424 2431 98 30 1964:
1538 2433 73 34 37).

156 2497 15 24 1
211 2495 112 31 Bihang
342 2495 46 24 till
406 2496 169 30 riksdagens
592 2497 150 30 protokoll
759 2498 76 24 1965.
854 2498 31 23 10
904 2498 83 24 saml.
1015 2499 40 24 Nr
1079 2502 31 21 17
