1882 2784
246 179 113 28 Första
380 181 199 26 kammarens
601 181 162 27 allmänna
786 182 330 33 beredningsutskotts
1141 183 162 27 utlåtande
1326 192 39 17 nr
1389 182 45 28 12.
1570 182 14 29 1

764 440 65 38 Nr
857 441 58 38 12.

307 546 124 31 Första
456 546 222 31 kammarens
702 547 179 31 allmänna
905 548 364 37 beredningsutskotts
1293 549 178 30 utlåtande
1494 549 11 29 i
1526 558 59 21 an-

486 600 139 37 ledning
651 610 42 21 av
719 601 103 30 väckt
848 601 132 30 motion
1007 611 55 21 om
1089 602 69 30 viss
1184 602 150 37 ändring
1359 612 41 20 av
1424 602 160 37 gällande

483 655 230 35 persontaxor
735 654 44 37 på
801 656 133 29 statens
956 655 198 37 järnvägar.

140 760 12 28 I
175 769 42 20 en
240 760 94 30 inom
360 761 110 30 första
493 761 205 31 kammaren
720 762 113 34 väckt,
858 762 51 30 till
933 763 78 29 dess
1036 763 178 30 allmänna
1238 763 346 37 beredningsutskott

95 814 169 29 hänvisad
282 814 144 34 motion,
445 824 41 19 nr
504 814 73 35 354,
597 815 64 29 har
677 816 81 29 herr
774 815 250 37 Hermansson,
1042 815 147 31 Herbert
1208 826 45 20 m.
1272 817 36 29 fl.
1327 817 189 34 hemställt,
1534 819 50 28 att

96 867 186 37 riksdagen
297 867 108 31 måtte
420 868 136 30 besluta
572 869 112 29 uttala
699 869 51 37 sig
766 869 55 30 för
835 869 109 30 sådan
960 869 148 38 ändring
1124 879 41 21 av
1181 870 161 37 gällande
1356 873 228 34 persontaxor

95 921 44 35 på
165 922 132 29 statens
323 921 197 37 järnvägar,
548 924 50 27 att
624 921 18 30 å
668 922 283 38 järnvägslinjer,
978 923 63 30 där
1064 923 356 38 veckoslutsbiljetter
1445 924 137 34 införts,

95 982 135 22 samma
255 974 248 38 rabattsystem
528 975 176 36 tillämpas
728 976 128 30 mellan
882 976 162 37 samtliga
1068 977 169 30 stationer
1261 977 66 29 och
1351 978 11 29 i
1386 977 89 31 båda
1501 978 83 29 rikt-

94 1027 180 37 ningarna.

139 1081 227 30 Beträffande
388 1082 250 36 motiveringen
663 1081 55 30 får
740 1083 171 29 utskottet
933 1083 147 30 hänvisa
1102 1084 51 30 till
1176 1084 189 30 motionen.

139 1178 177 30 Utskottet
339 1179 63 28 har
424 1179 85 36 tagit
533 1180 53 29 del
609 1189 41 20 av
672 1181 164 36 yttrande
859 1180 79 30 från
960 1181 339 38 järnvägsstyrelsen
1321 1183 81 29 över
1424 1193 41 20 en
1488 1184 95 28 inom

95 1232 110 29 andra
228 1232 206 30 kammaren
457 1233 104 29 väckt
585 1233 224 38 likalydande
832 1234 143 30 motion.

139 1285 175 36 Styrelsen
338 1285 101 30 anför
459 1286 44 29 bl.
526 1295 47 21 a.:
599 1286 108 31 Civila
727 1287 356 38 veckoslutsbiljetter
1107 1290 79 28 med
1207 1290 10 29 i
1238 1290 178 30 motionen
1438 1291 146 36 angiven

94 1338 228 37 giltighetstid
343 1339 65 29 och
427 1339 267 38 prisberäkning
713 1341 287 30 tillhandahållas
1021 1342 54 30 för
1095 1343 218 30 närvarande
1332 1344 10 29 i
1361 1343 41 29 83
1422 1344 162 29 stations-

95 1391 232 31 förbindelser
349 1392 57 30 vid
430 1394 132 28 statens
586 1393 198 37 järnvägar.
819 1394 13 29 I
855 1395 239 36 övervägande
1117 1396 132 30 antalet
1271 1396 62 30 fall
1357 1397 90 37 gälla
1470 1397 114 37 biljet-

95 1447 99 27 terna
213 1444 81 31 från
312 1446 77 29 stad
410 1446 51 29 till
481 1446 81 29 land
581 1447 65 28 och
665 1447 83 34 åter,
767 1456 81 21 men
866 1457 41 20 av
924 1448 155 30 nämnda
1100 1450 95 28 antal
1213 1450 91 36 gälla
1325 1449 38 29 14
1381 1451 86 29 även
1484 1451 11 29 i
1512 1460 71 20 om-

93 1499 91 28 vänd
206 1498 167 37 riktning.
406 1499 49 30 De
476 1499 101 30 civila
597 1500 365 37 veckoslutsbiljetter,
985 1510 75 20 som
1081 1502 54 29 för
1156 1503 218 30 närvarande
1395 1503 117 30 finnas
1534 1504 50 29 in-

95 1552 145 33 rättade,
260 1552 45 29 ha
323 1552 10 29 i
352 1552 151 30 flertalet
521 1552 61 30 fall
599 1553 205 30 tillkommit
821 1554 111 30 under
949 1555 413 37 mellankrigsperiodens
1380 1566 121 21 senare
1519 1558 64 33 del,

95 1604 43 30 då
155 1604 253 38 järnvägarnas
426 1606 238 35 persontrafik
683 1607 118 30 visade
818 1607 150 31 vikande
988 1609 156 29 tendens.
1174 1609 176 37 Styrelsen
1368 1610 86 30 fann
1472 1611 50 37 sig
1541 1611 42 29 då

93 1657 84 30 böra
198 1658 211 37 tillmötesgå
430 1658 221 31 framställda
672 1660 155 36 anspråk
846 1660 43 37 på
910 1661 251 31 reselättnader
1181 1663 10 29 i
1211 1664 178 36 omtyckta
1408 1664 65 29 och
1492 1664 91 30 frek-

93 1712 186 29 venterade
299 1712 393 35 stationsförbindelser,
712 1714 10 28 i
740 1714 95 30 vilka
853 1715 403 37 veckoslutsbiljetterna
1276 1717 116 30 kunde
1410 1717 173 30 beräknas

93 1764 106 29 verka
225 1765 251 30 stimulerande
500 1766 52 29 till
578 1766 90 29 ökad
692 1766 288 38 järnvägstrafik.
1017 1767 118 31 Under
1159 1772 137 27 senaste
1322 1770 261 37 krigsperioden

94 1817 45 30 ha
158 1817 79 37 inga
255 1827 68 27 nya
342 1819 354 36 veckoslutsbiljetter
713 1820 204 30 tillkommit
933 1822 66 28 och
1017 1821 88 30 efter
1122 1822 112 37 kriget
1251 1823 44 29 ha
1312 1825 122 29 endast
1450 1825 133 29 smärre

92 1870 215 37 Justeringar
329 1871 173 37 vidtagits.
538 1871 47 30 På
607 1873 112 35 grund
744 1882 41 20 av
807 1873 302 36 persontrafikens
1133 1876 120 29 starka
1276 1877 220 37 ansvällning
1518 1878 65 28 och

93 1924 202 36 härigenom
323 1924 237 36 uppkommen
584 1925 87 30 brist
694 1925 44 36 på
763 1927 159 29 rullande
945 1928 156 29 materiel
1125 1928 65 29 har
1214 1930 169 35 styrelsen
1407 1931 176 37 nämligen

94 1979 66 27 sett
194 1977 51 36 sig
280 1977 179 30 nödsakad
483 1980 50 27 att
557 1978 154 37 iakttaga
734 1980 129 29 största
887 1980 223 37 försiktighet
1131 1982 9 28 i
1164 1981 98 38 fråga
1285 1992 55 20 om
1364 1983 216 35 reseformer,

93 2039 73 19 som
196 2030 182 30 stimulera
400 2031 282 35 persontrafiken
705 2032 56 29 vid
784 2033 274 30 veckoskiftena.
1093 2034 76 30 Med
1194 2035 137 37 hänsyn
1354 2037 51 29 till
1429 2037 153 30 nämnda

93 2084 297 36 omständigheter
409 2084 111 29 måste
540 2085 169 36 styrelsen
729 2086 103 29 ställa
851 2086 50 36 sig
919 2086 206 31 betänksam
1145 2088 51 29 till
1216 2089 277 30 motionärernas
1514 2091 68 29 för-

93 2133 73 37 slag
187 2143 54 20 om
268 2135 110 28 ökade
402 2135 254 30 reseförmåner
677 2136 57 29 vid
757 2137 235 30 veckosluten.

137 2190 175 36 Styrelsen
334 2190 92 29 inser
447 2191 54 28 väl
521 2191 279 30 motionärernas
821 2192 166 30 omtanke
1007 2202 54 20 om
1085 2194 256 37 landsbygdens
1363 2196 73 28 folk
1458 2197 9 28 i
1488 2197 93 29 detta

93 2243 167 29 avseende
280 2252 80 20 men
379 2243 110 29 måste
509 2243 104 29 likväl
637 2253 40 19 ur
697 2244 41 29 de
756 2244 396 37 järnvägsekonomiska
1172 2248 228 35 synpunkter,
1420 2258 74 20 som
1513 2252 68 34 sty-

94 2296 110 28 relsen
222 2295 64 29 har
303 2297 50 28 att
370 2295 185 34 företräda,
573 2296 64 29 och
651 2296 131 36 jämväl
799 2298 77 28 med
892 2297 137 37 hänsyn
1046 2299 50 28 till
1115 2300 40 29 de
1171 2300 179 37 allvarliga
1367 2301 214 31 konsekven-

93 2357 101 20 serna
210 2348 9 28 i
238 2349 110 28 andra
364 2348 221 30 hänseenden
603 2358 83 21 anse
705 2350 277 30 motionärernas
1000 2350 130 38 förslag
1147 2360 74 21 som
1239 2353 119 30 alltför
1373 2354 206 37 vittgående.

136 2402 116 29 Under
286 2402 283 36 efterkrigstiden
605 2402 44 29 ha
673 2401 125 37 många
823 2402 130 38 förslag
977 2413 55 20 om
1056 2406 275 34 persontaxorna
1355 2407 64 29 och
1442 2409 139 34 gestalt-

93 2457 125 35 ningen
238 2465 41 19 av
295 2456 40 29 de
353 2455 176 29 allmänna
546 2455 312 37 nedsättningarna
875 2456 7 28 i
899 2457 237 35 persontrafik
1151 2459 90 29 varit
1258 2468 90 27 uppe
1364 2460 49 30 till
1430 2461 151 30 behand-

94 2510 69 36 ling
184 2509 92 29 inom
299 2509 180 36 styrelsen.
512 2509 64 28 Det
598 2508 61 29 har
681 2509 120 29 därvid
823 2511 132 28 ansetts
976 2511 213 36 nödvändigt
1210 2514 50 28 att
1282 2513 77 29 hela
1383 2513 120 37 frågan
1524 2524 54 20 om

96 2588 12 25 1
141 2587 122 32 Bihang
285 2587 47 26 till
354 2586 185 32 riksdagens
562 2587 159 32 prolokoll
744 2587 84 27 1950.
854 2587 33 28 12
909 2589 87 26 saml.
1018 2589 44 26 Nr
1086 2590 123 27 12-18.
