1864 2844
270 146 18 30 6
704 156 308 33 Bankoutskottets
1035 161 181 30 memorial
1240 161 48 30 Nr
1309 162 28 30 2.

265 221 231 45 me
723 221 136 45 ——
1100 232 220 30 >
1322 221 175 45 —--
1522 221 63 45 Se
1595 221 18 45 —
1657 221 46 45 =
1716 221 65 45 ===

959 255 2 40 |
971 273 190 31 Ursprungligt
1192 269 10 40 —
1215 276 124 29 Kapital-

1065 308 4 4 .
1387 294 100 24 Ränte-

1008 303 115 39 kapital-
1193 309 100 30 belopp
1306 310 51 23 den
1648 331 5 5 -
1722 332 5 5 ;

958 304 3 49 |
1017 340 96 31 belopp
1188 340 12 25 1
1225 343 55 29 jan.
1300 341 81 26 1938
1369 322 15 54 |
1416 328 42 23 fot
1519 325 229 40 Amorteringstid

1013 383 106 23 Kronor
1167 408 2 14 |
1224 385 106 23 Kronor
1378 400 2 24 |
1427 388 16 23 ?

1168 434 1 14 |
1379 436 1 16 |

295 475 23 30 1)
337 477 39 24 Ur
393 478 287 25 luftfartslånefonden
717 499 220 7 ..............
989 481 114 31 180,000:
1114 497 30 4 —
1200 484 116 31 !-153,000:
1327 500 29 3 —
1378 496 2 40 |
1419 486 15 25 4
1514 487 52 31 13/:,
1580 488 162 27 1929—1971

292 524 25 32 2)
336 528 43 23 Av
398 528 102 24 Malmö
519 529 60 24 stad
598 531 131 29 upptaget
747 530 46 25 lån
817 551 120 6 ........
988 528 114 40 105,000:
1124 547 20 5 —
1216 534 141 32 78,655:78
1378 530 15 43 |
1417 536 57 26 4.75
1486 530 14 43 |
1512 538 54 29 2/12
1579 538 169 28 1931—1950

290 575 27 31 3)
335 578 43 24 Av
397 579 103 24 Malmö
519 580 60 24 stad
597 582 131 30 upptaget
746 581 46 25 lån
816 601 120 7 ........
1003 582 98 32 92,199:
1116 578 32 41 54
1215 585 141 31 80,247:93
1377 588 2 8 |
1403 587 54 25 14.6
1478 581 17 42 |
1511 587 54 27 21/12
1579 589 168 27 1930—1960

290 626 24 31 4)
334 629 224 31 Aerotransports
584 631 76 24 skuld
688 633 43 23 till
751 633 99 24 Malmö
868 635 73 23 stads

366 668 56 24 gas-
440 664 52 23 och
511 664 243 26 elektricitetsverk
782 686 153 7 ..........
959 667 184 40 —97,600:—
1164 696 2 3 |
1214 669 140 30 —48,201:03
1378 663 12 48 |
1416 671 15 25 5
1486 700 2 4 |
1522 672 30 29 Yi
1578 673 167 27 1933—1952

706 725 113 25 Summa
840 727 101 24 kronor
984 726 158 32 484,799:54
1163 712 2 50 |
1195 729 117 31 360,104:
1323 730 32 26 74

311 809 110 31 Sedan
440 810 217 38 fullmäktige
677 813 157 36 delgivits
851 815 248 32 underrättelse
1117 817 179 37 angående
1315 819 202 38 riksdagens
1538 822 233 32 omförmälda

266 860 110 31 beslut
398 861 93 31 hava
515 862 44 30 de
582 872 88 21 ovan
695 864 113 31 under
833 864 28 40 1)
891 866 66 30 och
982 866 32 39 4)
1043 870 179 34 upptagna
1247 870 186 31 skulderna
1458 871 108 36 jämte
1591 874 179 38 upplupen

265 911 99 31 ränta
385 910 220 33 återbetalats
627 922 61 28 per
709 914 68 31 den
802 916 13 29 1
838 917 137 35 augusti
1000 918 92 30 1938.
1138 918 51 31 De
1210 918 215 34 återstående
1446 921 102 32 lånen
1571 924 90 31 hava
1684 925 88 31 efter

265 962 120 30 därom
414 963 80 30 med
524 963 127 31 Malmö
680 965 79 30 stad
787 965 99 32 förda
913 966 268 39 förhandlingar
1210 970 129 37 inlösts,
1369 972 166 31 likaledes
1564 983 60 28 per
1652 976 68 30 den
1753 977 14 29 1

265 1013 133 35 augusti
421 1014 94 35 1938,
535 1014 50 30 till
604 1014 131 38 kurser,
755 1018 189 34 utgörande
963 1018 57 31 för
1037 1019 65 30 4.75
1121 1016 153 35 9/o-lånet
1295 1022 107 30 118.29
1422 1019 43 34 9/9
1484 1024 66 30 och
1569 1025 56 30 för
1642 1026 51 31 4.6
1713 1023 57 34 9/9-

266 1062 89 32 lånet
378 1064 91 30 107.8
490 1060 53 35 ?/o,

308 1214 118 32 Såsom
430 1210 21 52 i
474 1216 349 37 riksgäldskontorets
840 1218 128 32 årsbok
986 1220 55 31 för
1058 1222 202 36 budgetåret
1281 1220 183 41 1937/1938
1483 1226 200 37 meddelats,
1703 1228 65 30 till-

263 1269 84 27 satte
369 1265 221 39 fullmäktige
611 1268 67 30 den
703 1269 20 30 5
748 1269 71 36 maj
847 1271 82 30 1938
954 1280 43 21 en
1022 1272 190 37 kommitté,
1238 1274 175 32 benämnd
1438 1276 201 37 riksdagens
1663 1278 105 37 bygg-

263 1317 280 36 nadskommitté,
567 1319 78 30 med
667 1319 160 37 uppdrag
849 1323 48 28 att
920 1321 79 31 leda
1023 1322 129 31 arbetet
1177 1324 80 30 med
1281 1325 65 30 den
1370 1335 43 21 av
1440 1327 83 31 1938
1548 1326 55 33 års
1626 1328 143 38 riksdag

262 1367 177 31 beslutade
467 1368 264 37 ombyggnaden
760 1379 41 21 av
829 1370 268 38 riksdagshuset.
1150 1373 115 32 Sedan
1292 1385 145 22 numera
1466 1377 110 31 första
1602 1376 164 45 ombygg-

263 1416 176 32 nadsårets
468 1419 150 36 arbeten,
646 1419 58 31 för
731 1420 92 31 vilka
851 1422 165 36 anslagits
1046 1423 172 37 1,358,000
1247 1425 138 38 kronor,
1415 1437 146 22 numera
1588 1431 178 35 avslutats,

261 1467 65 30 har
345 1469 247 31 ovannämnda
613 1470 183 31 kommitté
817 1471 50 31 till
887 1471 220 39 fullmäklige
1127 1475 129 36 avgivit
1279 1477 215 36 redogörelse
1516 1478 54 31 för
1593 1480 52 30 sin
1669 1481 98 31 verk-

262 1519 142 35 samhet,
431 1519 52 30 till
509 1520 115 30 vilken
649 1521 223 37 redogörelse,
900 1532 107 22 varav
1032 1526 45 28 ett
1103 1526 177 37 exemplar
1306 1527 113 32 finnes
1445 1528 97 38 fogat
1568 1530 56 31 vid
1650 1532 117 31 denna

261 1568 188 37 berättelse,
473 1569 217 39 fullmäktige
712 1571 145 32 härmed
878 1572 111 32 tillåta
1013 1574 49 37 sig
1083 1575 157 32 hänvisa.
1286 1577 211 33 Kommittén
1519 1581 65 30 har
1606 1581 10 30 i
1639 1582 54 30 sin
1716 1592 50 21 re-

260 1619 175 37 dogörelse
455 1620 46 30 bl.
521 1630 32 21 a.
573 1621 183 37 meddelat,
777 1625 49 28 att
845 1623 180 32 definitiva
1043 1625 121 32 siffror
1184 1628 148 31 rörande
1353 1629 234 33 kostnaderna
1607 1632 55 30 för
1683 1633 82 31 ifrå-

260 1670 196 35 gavarande
479 1671 140 31 arbeten
643 1673 96 30 ännu
764 1673 31 36 ej
820 1674 134 31 kunnat
979 1675 233 38 färdigställas
1236 1687 79 22 men
1340 1682 49 28 att
1414 1689 43 22 en
1483 1682 201 37 preliminär
1708 1684 57 30 be-

259 1720 147 37 räkning
427 1721 108 30 likväl
556 1722 81 36 givit
659 1723 58 30 vid
739 1723 149 38 handen,
911 1727 50 29 att
984 1726 234 33 kostnaderna
1240 1728 56 31 för
1316 1730 165 32 arbetena
1504 1733 96 30 torde
1622 1734 143 31 komma

259 1773 50 28 att
331 1771 200 37 understiga
555 1773 42 30 de
620 1773 199 32 beräknade
842 1775 243 33 kostnaderna.
1134 1778 230 39 Fullmäktige
1391 1782 144 31 komma
1559 1784 205 37 sedermera,

259 1820 38 32 så
321 1825 93 28 snart
439 1822 205 32 kommittén
669 1824 51 30 till
745 1824 218 39 fullmäktige
985 1828 126 36 avgivit
1135 1828 204 39 fullständig
1363 1832 400 40 kostnadsredovisning,

259 1874 49 28 att
332 1873 200 31 överlämna
557 1874 204 32 densamma
786 1876 48 30 till
859 1876 213 38 Riksdagens
1096 1879 261 33 bankoutskott.

303 1921 165 38 Slutligen
485 1923 38 31 få
540 1923 220 39 fullmäktige
776 1927 166 36 meddela,
963 1931 50 28 att
1030 1928 219 39 fullmäktige
1267 1931 10 30 i
1295 1932 181 32 december
1498 1935 83 31 1938
1600 1931 164 46 fastställt

258 1981 47 28 ny
331 1972 395 40 tjänstgöringsordning
753 1976 55 37 för
833 1977 332 37 riksgäldskontoret
1191 1981 67 31 och
1285 1982 395 41 tjänstgöringsordning
1707 1988 57 37 för

259 2022 211 36 tjänstemän
495 2024 57 30 vid
576 2025 203 37 riksdagens
803 2027 64 31 hus
892 2032 50 28 att
967 2029 173 38 tillämpas
1165 2030 45 32 fr.
1236 2041 30 22 o.
1291 2043 46 20 m.
1362 2034 68 31 den
1458 2036 15 30 1
1500 2035 138 36 januari
1667 2039 95 30 1939.

257 2072 66 32 Vid
340 2074 243 32 utarbetandet
601 2085 42 21 av
661 2077 43 30 de
723 2087 69 27 nya
811 2078 483 41 tjänstgöringsordningarna
1312 2084 65 30 har
1395 2085 10 30 i
1425 2084 111 33 första
1554 2087 95 31 hand
1669 2083 94 47 åsyf-

256 2125 68 29 tats
341 2127 57 33 att,
424 2125 4 30 i
445 2125 69 30 den
532 2125 83 31 mån
631 2126 38 31 så
688 2127 89 32 visat
796 2128 47 38 sig
861 2129 225 38 erforderligt,
1105 2133 197 36 ytterligare
1320 2135 127 38 skärpa
1467 2136 195 33 kontrollen
1681 2141 83 29 över

257 2173 298 36 tjänstemännens
595 2178 513 40 värdehandlingsförvaltning.
1162 2183 180 38 Därjämte
1381 2186 93 32 hava
1503 2187 260 34 bestämmelser

256 2223 123 32 införts
402 2226 11 29 i
437 2225 92 32 vissa
553 2227 135 37 ämnen,
713 2237 77 22 som
813 2229 30 37 ej
868 2230 205 33 behandlats
1097 2233 10 30 i
1131 2232 97 32 förut
1251 2235 159 36 gällande
1434 2237 327 39 tjänstgöringsord-

256 2274 82 37 ning
359 2276 65 30 och
447 2276 209 33 instruktion
677 2278 59 31 för
756 2279 340 39 befattningshavare
1117 2284 10 30 i
1150 2284 333 37 riksgäldskontoret
1506 2290 65 30 och
1594 2290 58 31 vid
1674 2291 87 31 riks-

257 2325 126 36 dagens
409 2326 67 31 hus
503 2330 84 28 utan
614 2329 164 37 antingen
805 2332 160 36 reglerats
994 2340 120 30 genom
1143 2335 171 32 särskilda
1340 2337 220 33 föreskrifter
1585 2341 83 31 eller
1695 2343 65 30 ock

293 2412 9 15 !
321 2414 170 31 Låntagaren
519 2418 30 24 är
576 2418 151 31 berättigad
755 2421 42 23 att
821 2420 60 25 från
907 2422 52 24 och
983 2423 61 24 med
1062 2424 51 24 den
1132 2422 29 26 31
1184 2426 115 24 oktober
1317 2425 72 32 1940,
1410 2429 68 24 efter
1505 2427 6 26 3
1529 2428 144 27 månaders
1691 2439 70 24 upp-

250 2457 117 29 sägning,
389 2456 151 27 återbetala
559 2460 73 25 lånet
650 2462 8 22 i
678 2462 59 23 dess
755 2462 97 25 helhet.
