1878 2802
283 151 39 29 12
612 149 105 27 Andra
742 149 214 35 lagutskottets
981 150 158 28 utlåtande
1167 160 38 18 nr
1230 151 51 33 40;
1311 151 126 34 bilagor.

838 281 102 32 Lediga
960 282 108 31 platser
1157 283 129 25 Tillsatta
1304 284 104 30 platser

944 362 10 7 .

660 414 69 26 1942
916 414 78 27 7261
1246 416 17 27 6
1273 416 51 27 898

659 467 69 27 1943
916 468 16 26 9
943 468 52 27 874
1246 469 78 27 8588

328 586 69 30 När
424 587 56 29 det
505 586 11 30 i
543 586 222 31 motionerna
791 588 87 37 sägs,
903 590 50 27 att
977 588 42 30 de
1044 597 24 20 s.
1094 588 32 30 k.
1151 587 377 39 hemhjälpsbyråerna
1552 589 11 29 i
1592 588 179 39 Göteborg

282 631 198 30 effektuera
501 631 233 30 tillsammans
758 631 307 39 genomsnittligen
1087 642 75 20 mer
1185 634 46 29 än
1254 633 72 30 fem
1347 632 129 40 gånger
1498 633 38 31 så
1557 633 128 39 många
1710 634 56 29 be-

282 675 205 39 ställningar
521 675 133 39 årligen
688 685 77 21 som
799 677 66 29 den
899 676 187 39 offentliga
1123 676 395 39 arbestförmedlingens
1552 677 214 39 hemhjälps-

282 721 131 29 central
432 721 191 35 därstädes,
639 721 64 29 bör
719 721 58 29 det
793 720 218 37 framhållas,
1028 725 49 27 att
1093 721 117 39 någon
1225 722 169 30 statistisk
1412 723 204 38 jämförelse
1636 723 128 30 mellan

282 765 392 39 arbetsförmedlingens
690 766 67 29 och
776 766 41 29 de
835 765 136 39 privata
986 765 191 40 byråernas
1193 767 263 30 arbetsresultat
1471 767 77 30 icke
1563 768 71 29 kan
1653 768 112 38 göras,

283 809 105 30 vilket
416 819 91 20 ovan
536 813 140 35 antytts.
717 810 71 30 För
813 810 393 39 hemhjälpsbyråernas
1239 812 66 35 del,
1333 812 92 30 vilka
1454 812 58 30 för
1539 816 50 26 att
1617 811 148 39 kringgå

284 854 81 30 1935
389 853 55 31 års
465 855 57 38 lag
542 855 121 29 endast
683 854 121 31 skaffa
824 855 141 30 kortare
985 855 267 40 sysselsättning
1270 856 35 30 åt
1325 857 41 29 de
1390 857 64 29 hos
1477 856 112 40 byrån
1610 856 157 30 formellt

284 899 223 35 »anställda»,
530 899 66 29 blir
618 899 97 38 varje
737 899 214 40 utsändning
975 900 10 29 i
1012 900 118 30 arbete
1155 901 186 30 betraktad
1365 900 116 31 såsom
1503 911 47 29 ny
1575 900 193 39 placering,

280 943 58 30 för
358 943 117 30 vilken
497 943 112 39 byrån
634 944 162 39 betingar
819 944 50 39 sig
891 945 210 30 ekonomisk
1124 946 219 38 gottgörelse.
1379 946 248 39 Regelbunden
1653 946 114 38 utpla-

281 987 117 39 cering
419 988 64 29 hos
502 998 44 20 en
564 989 66 29 och
649 998 137 21 samma
804 989 236 38 arbetsgivare
1059 990 67 30 blir
1144 1000 42 20 av
1207 1000 44 21 en
1272 990 290 39 hemhjälpsbyrå
1580 990 186 31 redovisad

280 1032 114 30 såsom
416 1032 72 31 lika
511 1032 127 39 många
661 1034 384 38 arbetsanställningar.
1083 1034 230 32 Olikheterna
1339 1035 10 30 i
1372 1036 129 30 arbets-
1524 1037 66 29 och
1613 1035 153 30 redovis-

279 1076 309 39 ningsmetoderna
605 1079 89 37 göra
716 1077 158 37 sålunda,
895 1082 50 26 att
966 1079 394 39 arbetsförmedlingens
1383 1080 122 30 siffror
1529 1080 11 30 i
1561 1080 109 39 själva
1691 1089 74 20 ver-

279 1121 59 30 ket
356 1125 240 35 representera
619 1132 43 20 en
684 1123 143 30 oerhört
847 1123 139 39 mycket
1006 1125 111 29 större
1140 1123 445 40 förmedlingseffektivitet
1604 1126 45 29 än
1669 1124 97 29 hem-

281 1166 319 39 hjälpsbyråernas.

325 1210 100 31 Såväl
452 1211 12 30 i
490 1211 100 39 fråga
616 1221 57 21 om
700 1213 136 29 lokaler
865 1222 75 20 som
967 1213 100 38 övrig
1091 1213 240 39 organisation
1357 1214 101 30 torde
1483 1215 68 29 den
1577 1214 188 38 offentliga

279 1255 377 39 arbetsförmedlingen
682 1257 65 38 äga
776 1256 324 31 tillfredsställande
1124 1257 179 39 kapacitet
1331 1258 55 30 för
1411 1262 50 27 att
1486 1259 86 38 fylla
1599 1260 41 29 de
1666 1259 97 34 krav,

279 1309 76 21 som
376 1301 121 30 kunna
524 1301 117 29 ställas
667 1300 46 39 på
736 1301 259 39 förmedlingen
1018 1312 43 20 av
1083 1302 214 30 arbetskraft
1323 1303 52 29 till
1397 1304 165 29 hemmen
1585 1304 57 30 för
1664 1304 99 30 Göte-

279 1344 103 39 borgs
402 1345 284 30 vidkommande.

323 1389 13 30 I
363 1390 65 29 vad
451 1399 101 20 avser
573 1389 271 40 möjligheterna
866 1394 49 27 att
937 1392 73 29 helt
1035 1391 184 38 tillgodose
1242 1392 148 30 behovet
1412 1402 43 20 av
1478 1391 214 32 arbetskraft
1719 1392 45 39 på

279 1434 56 29 det
357 1434 137 39 husliga
514 1434 278 31 arbetsområdet
811 1444 105 30 synas
938 1436 42 30 de
1001 1445 25 21 s.
1047 1436 32 30 k.
1101 1436 376 39 hemhjälpsbyråerna
1497 1438 46 29 ha
1565 1438 106 29 minst
1690 1437 73 29 lika

278 1482 94 27 stora
395 1478 215 39 svårigheter
634 1483 49 26 att
710 1480 132 38 kämpa
865 1481 80 29 med
970 1489 76 21 som
1070 1481 67 30 den
1164 1481 186 38 offentliga
1374 1481 388 39 arbetsförmedlingen.

279 1523 101 30 Detta
400 1523 137 30 bevisas
558 1524 134 30 kanske
717 1525 78 29 bäst
816 1525 117 35 därav,
955 1528 51 27 att
1028 1526 42 29 de
1093 1535 24 20 s.
1143 1526 33 30 k.
1199 1525 376 40 hemhjälpsbyråerna
1598 1527 58 30 för
1677 1534 87 31 egen

278 1567 56 30 del
364 1567 57 31 vid
451 1568 90 31 flera
571 1568 164 30 tillfällen
769 1570 64 29 hos
863 1570 67 29 den
961 1569 186 39 offentliga
1182 1570 378 39 arbetsförmedlingen
1590 1571 172 30 inlämnat

278 1612 210 39 beställning
518 1612 45 39 på
589 1613 225 30 arbetskraft.
855 1614 284 30 Kommissionen
1166 1616 39 29 är
1236 1625 42 20 av
1306 1617 66 28 den
1400 1615 284 39 uppfattningen,
1712 1619 50 27 att

277 1657 68 30 den
379 1657 186 38 offentliga
598 1658 378 39 arbetsförmedlingen
1014 1659 241 39 otvivelaktigt
1291 1669 100 29 synes
1425 1661 46 29 ha
1505 1660 258 38 jämförelsevis

278 1702 110 29 större
414 1702 224 39 möjligheter
667 1706 50 27 att
744 1702 184 40 tillgodose
954 1704 183 29 hemmens
1164 1704 115 29 behov
1309 1714 41 20 av
1376 1704 215 31 arbetskraft
1618 1706 45 29 än
1694 1706 68 29 den

276 1746 136 38 privata
428 1746 388 40 arbetsförmedlingen.
846 1747 133 31 Genom
996 1748 53 30 sin
1066 1748 160 39 ständiga
1243 1749 148 30 kontakt
1408 1750 80 29 med
1508 1750 156 30 sökande
1681 1748 80 31 från

277 1790 119 39 övriga
418 1791 277 38 yrkesområden
719 1792 72 30 kan
815 1793 66 30 den
909 1792 9 30 i
944 1792 199 38 betydande
1167 1793 87 37 grad
1278 1793 144 39 bidraga
1447 1794 51 30 till
1524 1797 49 27 att
1598 1793 164 31 överföra

277 1835 92 39 ledig
390 1836 215 30 arbetskraft
626 1836 52 30 till
702 1837 59 29 det
784 1837 136 39 husliga
944 1837 288 31 arbetsområdet.

320 1880 65 30 Vid
406 1889 43 21 en
471 1882 172 29 eventuell
665 1881 182 36 fredskris,
869 1881 44 31 då
934 1882 287 38 permitteringar
1245 1883 10 29 i
1279 1886 71 27 stor
1371 1883 243 40 utsträckning
1640 1885 121 28 kunna

275 1924 125 30 tänkas
421 1924 128 39 uppstå
566 1925 96 31 inom
680 1926 289 39 industriyrkena
991 1927 67 30 och
1077 1927 308 39 arbetstillgången
1404 1927 97 31 inom
1521 1929 100 30 dessa
1643 1928 118 39 yrkes-

275 1968 169 31 områden
464 1970 72 29 kan
555 1970 47 29 bli
626 1970 111 38 ringa,
759 1971 64 30 har
843 1972 56 29 det
920 1971 54 30 sin
999 1971 163 39 speciella
1182 1972 188 38 betydelse,
1391 1976 49 26 att
1465 1973 195 30 kontakten
1680 1972 81 30 med

275 2013 281 32 bristområdena
574 2014 45 39 på
638 2015 340 30 arbetsmarknaden
995 2016 67 30 blir
1079 2016 38 31 så
1133 2016 103 30 intim
1254 2026 74 21 som
1345 2016 146 39 möjligt.
1525 2018 64 29 Det
1607 2019 40 29 är
1663 2018 96 31 känt.

275 2061 50 27 att
347 2059 67 30 den
438 2059 138 38 husliga
598 2060 260 30 arbetskraften
880 2061 113 29 under
1015 2060 113 39 kriget
1150 2061 10 30 i
1186 2061 70 30 viss
1278 2061 243 40 utsträckning
1543 2063 133 29 lämnat
1702 2061 59 30 sitt

275 2103 137 39 vanliga
431 2104 87 38 yrke
536 2103 56 31 för
610 2104 119 30 arbete
751 2104 97 31 inom
866 2105 198 30 industrien
1082 2106 85 30 eller
1184 2106 98 30 inom
1302 2106 109 30 andra
1434 2105 326 39 näringsområden.

275 2147 76 30 Den
376 2148 186 39 offentliga
588 2149 388 39 arbetsförmedlingen,
1004 2160 76 20 som
1106 2159 126 30 genom
1259 2150 54 30 sin
1342 2151 379 30 kontrollverksamhet
1750 2151 10 29 i

275 2191 100 40 fråga
405 2202 58 21 om
490 2194 279 30 medlemmarna
796 2194 11 29 i
837 2195 42 29 de
906 2195 158 30 erkända
1093 2195 421 32 arbetslöshetskassorna
1543 2196 217 30 omedelbart

274 2237 159 30 kommer
454 2237 12 30 i
491 2238 149 30 kontakt
662 2239 80 29 med
768 2239 44 30 de
833 2239 259 37 permitterade,
1115 2240 64 30 har
1202 2239 124 31 därför
1345 2239 223 39 möjligheter
1593 2244 49 27 att
1665 2240 94 30 med-

274 2282 107 29 verka
404 2282 52 30 till
481 2292 43 21 en
549 2282 167 40 återgång
744 2283 53 30 till
820 2284 56 29 det
900 2284 139 39 husliga
1064 2283 278 31 arbetsområdet
1367 2295 42 20 av
1433 2284 225 37 arbetskraft,
1683 2295 76 20 som

274 2327 41 29 är
338 2327 145 38 lämplig
508 2328 66 29 och
602 2327 95 39 villig
722 2328 129 30 härtill.
888 2328 151 30 Alldeles
1068 2332 132 27 oavsett
1226 2330 69 29 den
1322 2330 155 29 nämnda
1503 2330 256 30 kontrollverk-

274 2371 181 30 samheten
481 2381 102 29 synes
609 2373 56 29 det
692 2373 169 30 önskvärt
890 2382 43 20 ur
957 2374 133 29 allmän
1119 2373 464 39 sysselsättningssynpunkt
1610 2375 65 30 och
1703 2374 57 30 för

273 2418 48 26 ett
336 2415 177 31 rationellt
529 2417 225 38 utnyttjande
770 2427 42 20 av
828 2417 271 37 arbetskraften,
1116 2421 50 27 att
1185 2418 304 31 arbetstillfällena
1507 2419 252 30 koncentreras

272 2458 52 30 till
344 2459 37 30 så
400 2460 36 31 få
456 2462 172 29 centraler
651 2471 76 21 som
748 2462 146 39 möjligt.
930 2462 257 39 Anordningar,
1208 2472 76 21 som
1304 2464 120 30 kunna
1448 2473 84 21 vara
1552 2464 135 38 ägnade
1709 2465 50 27 att
