1936 2796
514 141 122 29 Första
658 138 238 37 lagutskottets
920 136 176 30 utlåtande
1117 144 41 21 nr
1179 135 53 30 45.
1612 127 19 31 9

125 229 103 36 enligt
252 228 200 31 meddelade
480 225 148 31 direktiv
654 224 187 30 ankomme
865 221 44 36 på
935 219 340 35 markutredningen.
1304 217 141 35 Förslag
1474 216 51 30 till
1551 215 76 29 när-

123 289 96 21 mare
241 277 310 37 värderingsregler
572 285 80 20 vore
673 278 50 26 att
743 273 161 30 förvänta
924 272 108 29 redan
1053 269 235 31 innevarande
1308 267 47 32 år.

170 329 257 36 Förutsättning
443 329 55 29 för
516 327 195 37 skyldighet
728 326 55 30 för
799 326 170 29 kommun
987 325 81 29 eller
1087 323 168 31 samhälle
1273 326 49 26 att
1339 322 72 29 lösa
1430 321 99 30 mark
1549 320 81 29 eller

125 384 48 27 att
192 381 115 36 utgiva
326 379 189 36 ersättning
535 379 55 29 för
608 376 136 37 intrång
764 375 46 38 på
828 376 111 36 grund
960 385 42 20 av
1021 379 50 26 att
1088 375 146 35 ägarens
1252 372 276 36 förfoganderätt
1549 371 81 29 över

123 433 147 29 marken
294 431 200 30 inskränkts
518 438 124 27 genom
664 427 247 37 planläggning
934 435 61 21 var
1021 425 104 36 enligt
1152 425 50 36 21,
1230 425 51 33 22,
1307 424 41 29 48
1373 423 66 30 och
1466 422 62 29 116
1554 421 39 37 $$
1618 420 11 29 i

126 483 56 29 det
205 483 49 29 till
275 481 153 36 lagrådet
450 479 220 31 remitterade
691 478 173 35 förslaget,
889 482 50 26 att
959 477 128 35 ägaren
1108 475 116 30 kunde
1247 473 112 37 nyttja
1382 473 146 30 marken
1551 472 79 29 alle-

125 538 78 26 nast
228 532 44 37 på
296 533 65 29 sätt
384 541 75 20 som
483 531 96 30 stode
602 530 11 29 i
636 529 195 36 uppenbart
855 525 305 32 missförhållande
1183 525 51 30 till
1258 525 162 30 markens
1444 523 105 30 värde
1574 521 58 30 vid

127 584 93 30 tiden
247 584 55 29 för
328 583 144 35 planens
498 580 240 31 fastställande
763 578 191 36 respektive
980 576 203 36 antagande.
1213 576 52 29 En
1291 574 164 30 liknande
1480 573 150 30 bestäm-

128 634 105 30 melse
249 643 62 21 var
327 636 174 33 upptagen
518 632 10 30 i
548 632 40 29 83
608 632 18 37 8
645 631 56 30 för
718 630 56 30 det
792 629 62 30 fall
873 632 50 26 att
941 630 78 29 med
1038 628 137 35 hänsyn
1195 627 49 29 till
1264 626 169 29 försvaret
1452 625 82 28 eller
1551 623 80 30 luft-

127 685 114 30 farten
259 684 202 36 bebyggelse
480 682 31 36 ej
530 682 110 30 tilläts
665 681 4 29 i
691 681 66 29 den
775 679 210 35 omfattning
1006 678 80 30 eller
1104 676 45 37 på
1169 677 55 31 det
1244 677 65 29 sätt
1331 685 74 20 som
1428 674 97 36 eljest
1544 674 86 29 kun-

127 739 61 26 nat
207 734 184 36 medgivas.
412 732 169 37 Lagrådet
603 731 206 31 underströk
830 730 10 29 i
862 729 57 30 sitt
936 729 160 36 yttrande
1117 728 56 29 det
1192 726 124 36 riktiga
1338 726 9 29 i
1368 727 65 29 den
1453 725 50 30 till
1522 723 112 37 grund

129 786 53 30 för
200 795 48 21 nu
266 785 154 30 nämnda
438 782 261 32 bestämmelser
718 781 158 36 liggande
896 779 182 37 principen
1100 782 47 26 att
1168 776 151 37 anspråk
1338 776 45 36 på
1402 776 134 30 inlösen
1557 774 77 30 icke

129 837 110 30 skulle
255 837 119 29 kunna
392 834 151 37 grundas
562 832 45 37 på
624 842 42 21 en
684 830 267 37 värdestegring,
971 839 75 21 som
1064 828 87 31 efter
1167 827 289 37 planläggningen
1473 824 160 31 inträffat

128 887 51 30 till
196 886 89 37 följd
303 895 42 21 av
364 886 232 29 kommunens
616 883 80 30 eller
715 882 200 31 samhällets
934 880 168 36 åtgärder.
1125 878 168 37 Lagrådet
1312 876 200 37 ifrågasatte
1532 875 101 30 emel-

129 937 100 30 lertid
248 947 57 20 om
324 935 180 37 principen
524 935 118 29 kunde
661 932 221 37 genomföras
903 930 44 37 på
968 932 55 29 det
1044 930 195 35 föreslagna
1261 929 99 30 sättet
1380 931 90 26 samt
1490 926 146 31 anförde

129 988 50 30 till
202 988 76 30 stöd
298 986 122 31 härför
440 986 45 30 bl.
509 995 29 20 a.
563 989 50 26 att
637 984 137 36 hänsyn
797 983 76 30 icke
894 981 100 36 tagits
1020 981 50 30 till
1092 980 87 31 efter
1201 978 290 37 planläggningen
1513 975 120 32 inträf-

130 1039 81 30 fade
243 1037 245 35 förändringar
520 1035 10 30 i
565 1033 320 38 jordbruksvärdet.
919 1032 51 30 De
1001 1031 218 36 olägenheter
1251 1039 75 20 som
1357 1037 81 21 vore
1469 1027 167 31 förenade

130 1090 80 30 med
235 1089 41 30 de
301 1088 195 35 föreslagna
524 1085 306 31 bestämmelserna
858 1087 125 32 syntes,
1010 1081 154 31 uttalade
1188 1079 154 37 lagrådet
1365 1078 127 37 vidare,
1519 1078 117 30 lättast

131 1141 120 29 kunna
271 1138 173 31 undvikas
462 1146 126 27 genom
610 1139 49 27 att
678 1136 10 29 i
709 1136 51 37 21,
783 1135 52 34 22,
857 1135 41 29 48
918 1133 65 30 och
1007 1133 61 30 116
1088 1132 40 37 $$
1149 1131 164 30 markens
1332 1129 105 30 värde
1455 1129 77 30 icke
1551 1128 85 29 hän-

131 1190 116 30 fördes
272 1189 50 31 till
347 1189 209 35 tidpunkten
584 1187 55 29 för
663 1184 258 31 vederbörande
947 1184 101 35 plans
1073 1181 196 37 antagande
1293 1181 80 29 eller
1397 1178 240 31 fastställande

132 1243 84 28 utan
231 1240 10 30 i
260 1240 110 30 stället
389 1239 63 30 där
466 1238 131 36 intoges
614 1235 179 32 föreskrift
809 1239 49 26 att
873 1234 58 31 vid
946 1232 232 32 bedömandet
1193 1242 43 20 av
1252 1232 163 29 markens
1430 1229 105 31 värde
1551 1229 85 29 hän-

133 1301 64 27 syn
215 1291 30 36 ej
266 1291 93 35 finge
378 1294 95 31 tagas
491 1289 51 30 till
561 1286 237 36 värdeökning
818 1295 75 21 som
912 1283 222 37 uppkommit
1152 1284 9 28 i
1180 1282 88 38 följd
1287 1292 43 19 av
1348 1280 290 37 planläggningen

134 1346 88 26 samt
242 1345 50 27 att
311 1342 40 29 83
372 1341 18 37 8
409 1339 213 36 underginge
640 1337 183 37 jämkning
842 1345 44 21 av
903 1334 247 32 motsvarande
1169 1333 177 30 innebörd.

178 1390 389 38 Departementschefen
589 1390 65 30 har
677 1389 11 30 i
712 1388 261 36 propositionen
994 1388 163 30 anmärkt
1180 1391 49 26 att
1252 1386 102 36 enligt
1377 1384 171 37 lagrådets
1570 1383 68 31 för-

135 1443 71 36 slag
228 1442 96 36 varje
343 1440 238 36 värdeökning
602 1449 75 21 som
697 1439 30 36 ej
751 1439 219 30 föranleddes
993 1448 43 20 av
1055 1436 289 37 planläggningen
1365 1436 111 30 skulle
1496 1435 143 29 komma

134 1494 127 34 ägaren
282 1493 49 30 till
352 1492 98 36 godo.
475 1491 100 30 Detta
595 1490 117 30 kunde
734 1489 75 30 icke
829 1489 175 35 godtagas.
1028 1488 99 30 Hade
1148 1486 281 35 värdeökningen
1451 1489 22 26 t.
1497 1494 50 21 ex.
1569 1485 69 29 för-

135 1544 124 30 anletts
281 1553 42 20 av
345 1547 48 26 att
415 1543 112 29 bättre
548 1540 344 31 kommunikationer
915 1539 189 30 anordnats
1129 1546 124 28 genom
1275 1537 56 30 det
1353 1536 195 30 allmännas
1571 1535 68 29 för-

136 1601 86 28 sorg,
244 1597 114 32 syntes
380 1595 93 29 detta
494 1592 31 35 ej
545 1592 85 30 böra
651 1590 158 30 medföra
830 1593 49 26 att
900 1590 232 29 kommunens
1152 1589 80 29 eller
1253 1587 198 30 samhällets
1473 1585 166 36 lösnings-

136 1644 65 30 och
218 1642 403 36 ersättningsskyldighet
637 1641 139 30 ökades.
794 1640 75 29 Vad
886 1638 153 37 lagrådet
1055 1638 117 31 anfört
1188 1648 56 20 om
1263 1637 243 35 förändringar
1521 1636 10 29 i
1548 1635 92 36 jord-

136 1694 227 30 bruksvärdet
384 1693 117 30 kunde
524 1693 46 29 ha
593 1692 57 30 sitt
672 1691 183 30 teoretiska
878 1689 246 36 berättigande.
1148 1688 78 32 Med
1247 1689 137 35 hänsyn
1407 1687 50 30 till
1482 1689 49 28 att
1555 1687 87 29 även

137 1744 378 37 glesbebyggelsevärde
535 1742 233 36 regelmässigt
788 1742 140 29 komme
946 1741 9 29 i
975 1740 227 30 betraktande
1220 1739 154 30 saknade
1390 1738 90 29 dock
1501 1737 140 29 föränd-

136 1795 162 36 ringarna
323 1795 11 29 i
356 1794 310 36 jordbruksvärdet
689 1792 157 36 praktisk
871 1791 174 36 betydelse
1069 1791 9 29 i
1106 1790 90 30 detta
1224 1789 263 34 sammanhang.
1514 1788 127 34 Depar-

138 1845 269 30 tementschefen
432 1845 64 28 har
520 1843 120 30 därför
663 1846 111 27 ansett
801 1842 50 35 sig
874 1842 86 29 böra
986 1840 152 30 vidhålla
1165 1841 66 28 den
1254 1839 133 35 princip
1415 1838 56 30 för
1495 1838 147 29 bestäm-

139 1896 125 30 mande
287 1905 42 20 av
351 1895 165 34 lösnings-
541 1894 64 29 och
629 1892 402 35 ersättningsskyldighet
1054 1900 74 20 som
1150 1890 146 29 kommit
1321 1889 48 31 till
1392 1889 138 35 uttryck
1555 1888 9 29 i
1588 1888 55 29 det

139 1946 219 30 remitterade
378 1945 171 34 förslaget.
572 1944 79 29 Med
668 1944 138 34 hänsyn
826 1942 48 30 till
894 1941 91 30 vissa
1003 1951 43 19 av
1065 1939 154 37 lagrådet
1237 1939 121 36 gjorda
1379 1938 191 35 erinringar
1587 1938 56 29 be-

140 1996 176 30 träffande
338 1995 321 30 bestämmelsernas
683 1992 194 35 avfattning
897 1992 45 29 ha
964 1992 88 29 dock
1074 1993 96 28 dessa
1194 1990 151 36 jämkats
1365 1988 113 36 något.
1503 1989 13 28 I
1539 1997 106 20 envar

140 2057 41 20 av
205 2048 49 32 21,
278 2048 50 34 22,
352 2047 40 27 48
415 2046 64 28 och
506 2046 60 28 116
591 2045 39 35 $$
653 2043 278 36 byggnadslagen
954 2043 64 28 har
1040 2042 8 28 i
1074 2041 147 34 enlighet
1246 2041 145 29 härmed
1412 2039 161 34 stadgats,
1597 2042 49 26 att

141 2097 210 35 prövningen
374 2107 40 19 av
438 2095 95 35 fråga
556 2105 55 19 om
636 2095 101 34 ägare
760 2093 44 36 på
826 2093 111 34 grund
959 2102 42 20 av
1022 2091 252 34 inskränkning
1295 2091 8 28 i
1327 2089 317 35 förfoganderätten

141 2149 80 28 över
239 2147 99 30 mark
359 2147 47 29 till
429 2145 88 35 följd
536 2155 42 20 av
596 2143 245 37 planläggning
861 2143 69 29 kan
949 2142 111 36 nyttja
1083 2142 144 29 marken
1245 2141 144 29 allenast
1409 2139 44 36 på
1473 2140 76 35 sätt,
1571 2148 73 22 som

142 2197 69 30 står
234 2198 9 28 i
266 2197 193 35 uppenbart
484 2193 305 32 missförhållande
815 2194 46 28 till
886 2193 162 29 markens
1072 2192 113 30 värde,
1211 2191 85 29 skall
1322 2191 59 29 ske
1406 2190 79 29 med
1508 2190 136 34 hänsyn

143 2248 48 29 till
216 2247 161 29 markens
404 2246 161 33 »tidigare
588 2245 134 28 värde».
748 2243 207 34 Härigenom
980 2242 104 33 torde,
1109 2242 126 29 uttalar
1256 2239 388 36 departementschefen,

144 2298 74 28 med
249 2296 182 34 tillräcklig
458 2295 161 35 tydlighet
653 2294 140 33 angivas
822 2297 46 25 att
900 2292 249 34 bedömningen
1179 2291 86 28 skall
1295 2291 59 27 ske
1381 2292 76 27 med
1487 2288 157 34 utgångs-

143 2348 111 34 punkt
281 2345 79 31 från
386 2346 161 29 markens
576 2344 103 29 värde
707 2344 74 28 före
808 2341 297 36 planläggningen.
1136 2341 265 28 Bestämmelsen
1431 2340 6 28 i
1468 2341 39 26 83
1538 2340 16 33 5
1583 2339 63 28 har

143 2397 151 36 jämkats
317 2395 41 36 på
383 2395 244 30 motsvarande
649 2394 75 28 sätt.

190 2447 70 29 Den
281 2456 66 26 nya
371 2447 94 32 lagen
491 2443 141 31 föreslås
655 2444 94 28 skola
775 2443 92 30 träda
894 2442 5 28 i
922 2443 90 28 kraft
1036 2442 63 28 den
1125 2442 8 27 1
1159 2440 136 35 januari
1320 2440 91 28 1948.
