1916 2826
513 170 253 33 Statsutskottets
784 171 162 33 utlåtande
964 183 38 22 nr
1019 173 43 31 43
1082 174 37 32 år
1137 174 89 32 1970
1597 183 17 27 9

492 255 45 27 att
553 250 170 41 riksdagen
739 253 75 30 med
831 252 89 32 bifall
937 253 45 31 till
999 254 115 40 Kungl.
1132 255 110 40 Maj:ts
1258 256 120 40 förslag
1394 257 61 31 och
1471 258 75 30 med
1562 267 55 22 av-

445 304 67 41 slag
539 304 19 32 å
584 305 166 32 motionen
777 307 111 31 II:254
915 307 46 31 till
987 307 397 35 Riksantikvarieämbetet
1410 311 61 31 och
1497 317 120 27 statens

443 359 170 31 historiska
639 370 158 22 museum:
824 360 88 32 Vård
937 362 61 31 och
1025 362 165 33 underhåll
1213 374 39 22 av
1278 365 253 39 fornlämningar
1554 367 63 31 och

446 413 268 32 kulturhistoriskt
744 415 175 37 värdefulla
951 417 182 38 byggnader
1161 418 53 31 för
1242 419 186 40 budgetåret
1461 420 151 37 1970/71

448 467 126 31 anvisar
589 473 43 26 ett
646 469 322 41 reservationsanslag
983 480 38 22 av
1038 471 65 31 642
1115 472 66 31 000
1196 472 47 32 kr.

175 586 49 31 13.
250 586 399 33 Riksantikvarieämbetet
675 590 62 30 och
762 593 118 28 statens
905 590 171 32 historiska
1099 602 157 22 museum:
1283 593 332 40 Uppdragsverksam-

124 639 54 31 het
198 649 44 21 m.
255 640 36 31 fl.
314 641 120 39 anslag.
455 642 163 31 Utskottet
638 643 170 39 tillstyrker
827 644 116 40 Kungl.
965 645 113 40 Maj:ts
1098 646 120 40 förslag
1238 647 192 40 (punkterna
1464 648 11 31 B
1497 649 116 31 20—B

126 694 53 37 31,
196 704 23 21 s.
237 695 148 38 64—78)
400 695 63 31 och
475 696 181 32 hemställer

492 755 44 26 att
550 751 167 40 riksdagen
730 752 51 31 för
792 752 185 41 budgetåret
994 754 149 37 1970/71
1162 755 124 32 anvisar

494 814 26 30 1.
546 813 45 31 till
615 814 397 33 Riksantikvarieämbetet
1036 817 60 31 och
1120 823 120 26 statens
1263 818 168 32 historiska
1455 830 158 22 museum:

447 867 369 38 Uppdragsverksamhet
837 875 43 26 ett
901 870 246 42 förslagsanslag
1167 881 39 22 av
1228 873 20 29 2
1262 873 64 31 610
1339 874 66 30 000
1426 874 58 38 kr.,

490 922 30 31 2.
546 922 45 30 till
613 922 119 39 Bidrag
754 924 44 30 till
820 924 186 39 avlöningar
1028 927 86 30 inom
1138 927 475 39 landsantikvarieorganisatio-

446 986 63 20 nen
524 981 44 26 ett
582 976 246 42 förslagsanslag
842 988 39 21 av
896 979 20 29 2
930 979 65 30 080
1007 980 66 30 000
1088 980 58 37 kr.,

491 1030 30 31 3.
547 1029 45 32 till
605 1031 286 32 Nationalmuseet:
904 1033 395 39 Förvaltningskostnader
1312 1041 43 26 ett
1368 1036 246 42 förslagsanslag

445 1093 40 22 av
501 1084 18 30 5
534 1084 65 32 940
612 1085 66 30 000
693 1085 58 38 kr.,

488 1138 31 31 4.
546 1138 44 31 till
611 1139 285 32 Nationalmuseet:
920 1140 173 32 Underhåll
1113 1143 61 30 och
1193 1143 127 32 ökande
1340 1154 40 21 av
1399 1146 214 38 samlingarna

445 1203 97 20 m.m.
560 1197 43 26 ett
616 1193 322 42 reservationsanslag
952 1204 39 22 av
1008 1196 62 30 805
1084 1196 66 31 000
1163 1197 59 37 kr.,

488 1247 30 30 5.
545 1247 45 30 till
615 1248 286 31 Nationalmuseet:
929 1249 225 39 Utställningar
1178 1261 39 20 av
1244 1252 109 31 nutida
1378 1254 116 31 svensk
1519 1255 95 31 konst

446 1301 10 30 i
471 1301 142 31 utlandet
628 1306 44 26 ett
685 1302 322 42 reservationsanslag
1021 1313 38 22 av
1076 1305 65 31 320
1153 1305 67 31 000
1234 1305 59 38 kr.,

490 1355 29 31 6.
546 1355 44 31 till
609 1356 313 32 Livrustkammaren
943 1363 43 26 ett
1004 1358 246 42 förslagsanslag
1269 1370 39 22 av
1327 1362 63 31 963
1406 1362 65 31 000
1490 1363 58 38 kr.,

490 1411 30 29 7.
546 1409 45 31 till
620 1410 272 32 Naturhistoriska
919 1411 200 33 riksmuseet:
1146 1414 397 39 Förvaltningskostnader
1570 1424 43 25 ett

443 1463 247 41 förslagsanslag
705 1474 39 21 av
759 1465 18 30 5
792 1465 65 31 014
870 1466 66 31 000
950 1465 59 39 kr.,

490 1518 28 30 8.
545 1518 45 31 till
611 1518 271 32 Naturhistoriska
903 1519 199 33 riksmuseet:
1122 1522 149 32 Materiel
1289 1535 42 20 m.
1344 1535 42 20 m.
1410 1530 43 27 ett
1472 1535 141 23 reserva-

445 1572 195 40 tionsanslag
655 1582 39 21 av
708 1573 66 31 580
787 1574 65 30 000
867 1574 58 37 kr.,

490 1627 30 30 9.
546 1626 45 31 till
622 1627 125 31 Statens
777 1627 219 38 sjöhistoriska
1028 1640 158 21 museum:
1217 1632 395 39 Förvaltningskostnader

443 1685 45 26 ett
501 1680 246 41 förslagsanslag
763 1691 39 21 av
818 1682 17 30 3
851 1683 60 30 391
928 1683 66 30 000
1009 1683 58 38 kr.,

491 1734 49 31 10.
566 1734 45 31 till
634 1735 125 30 Statens
780 1735 219 37 sjöhistoriska
1022 1746 158 23 museum:
1206 1740 172 31 Underhåll
1401 1742 60 30 och
1485 1743 127 31 ökande

441 1798 39 21 av
496 1788 215 38 samlingarna
726 1793 44 26 ett
786 1790 320 41 reservationsanslag
1122 1802 40 21 av
1181 1793 40 30 10
1234 1794 66 30 000
1316 1795 58 37 kr.,

492 1842 49 31 11.
567 1841 45 31 till
635 1842 226 38 Etnografiska
885 1849 123 25 museet
1032 1849 44 27 ett
1099 1845 247 43 förslagsanslag
1370 1857 40 22 av
1439 1850 13 30 1
1472 1850 61 32 197
1546 1851 66 31 000

441 1895 59 37 kr.,

493 1950 48 31 12.
568 1950 45 31 till
631 1950 312 33 Medelhavsmuseet
960 1957 43 27 ett
1020 1953 246 43 förslagsanslag
1284 1965 39 22 av
1341 1957 65 31 382
1419 1958 66 31 000
1501 1959 48 32 kr.

171 2076 49 31 14.
247 2075 200 32 Skoklosters
474 2077 75 30 slott
573 2077 91 30 m.fl.
689 2078 120 39 anslag.
834 2078 163 31 Utskottet
1021 2080 171 40 tillstyrker
1215 2082 115 40 Kungl.
1357 2084 111 40 Maj:ts
1493 2085 119 41 förslag

125 2130 193 40 (punkterna
332 2130 27 30 B
376 2131 116 29 32—B
510 2131 53 36 35,
580 2141 23 20 s.
621 2131 147 38 73—387)
785 2132 62 30 och
861 2132 183 32 hemställer

489 2189 45 27 att
547 2184 171 41 riksdagen
731 2185 52 31 för
796 2186 187 40 budgetåret
1001 2188 149 37 1970/71
1169 2190 125 32 anvisar

491 2240 26 29 1.
544 2238 45 31 till
606 2239 201 32 Skoklosters
824 2240 74 31 slott
916 2246 43 26 ett
976 2241 246 43 förslagsanslag
1239 2254 40 21 av
1300 2246 94 31 1064
1407 2247 66 32 000
1490 2248 58 38 kr.,

488 2293 31 31 2.
545 2293 45 30 till
616 2293 119 39 Bidrag
773 2295 44 30 till
852 2295 162 32 Nordiska
1050 2303 123 25 museet
1209 2303 43 26 ett
1289 2299 246 44 förslagsanslag
1573 2313 38 22 av

442 2347 20 31 6
475 2348 62 31 791
553 2347 66 31 000
639 2347 58 38 kr.,

489 2401 29 31 3.
545 2401 45 31 till
624 2402 118 38 Bidrag
779 2403 44 30 till
860 2403 160 32 Tekniska
1054 2412 123 25 museet
1213 2412 43 26 ett
1290 2408 247 44 förslagsanslag
1573 2422 37 22 av

445 2455 93 31 1403
553 2456 66 30 000
638 2456 58 38 kr.,

486 2509 30 31 4.
543 2509 45 31 till
608 2510 119 38 Bidrag
749 2511 44 31 till
812 2511 145 32 Skansen
978 2518 43 26 ett
1040 2513 247 43 förslagsanslag
1307 2526 38 22 av
1369 2518 94 31 1988
1477 2519 66 32 000
1563 2521 46 32 kr.
