1919 2833
304 179 16 27 6
690 174 252 33 Statsutskottets
960 175 161 32 utlåtande
1140 185 38 22 nr
1195 175 43 31 43
1258 175 37 32 år
1314 174 88 33 1970

347 255 161 32 Utskottet
524 256 180 31 hemställer

667 320 44 25 att
735 314 169 41 riksdagen
929 315 74 31 med
1028 315 89 31 bifall
1142 315 45 31 till
1212 315 116 40 Kungl.
1353 314 111 40 Maj:ts
1488 314 120 40 förslag
1633 313 61 31 och
1717 312 75 31 med

620 368 108 41 avslag
750 369 19 32 å
790 369 201 32 motionerna
1013 370 91 31 I:751
1130 370 62 31 och
1214 370 121 37 II:891,
1358 369 141 32 nämnda
1520 368 159 32 motioner
1700 367 92 32 såvitt

619 433 45 21 nu
682 425 35 30 är
733 424 11 31 i
759 423 99 41 fråga,
878 424 44 31 till
937 424 414 32 Rikskonsertverksamhet
1366 424 51 31 för
1431 423 186 41 budgetåret
1637 422 150 37 1970/71

623 478 125 32 anvisar
764 484 43 26 ett
821 479 323 41 reservationsanslag
1158 488 39 22 av
1216 480 36 30 11
1269 479 65 31 600
1347 479 65 31 000
1428 478 47 32 kr.

349 595 28 31 8.
403 596 118 39 Bidrag
539 596 47 31 till
603 597 156 30 särskilda
776 598 169 30 kulturella
962 596 160 32 ändamål.
1139 598 117 40 Kungl.
1273 598 98 40 Maj:t
1385 598 58 31 har
1459 598 115 40 (punkt
1588 598 27 30 B
1636 598 50 37 12,
1705 608 23 21 s.
1747 598 43 30 47

300 650 104 38 —53)
424 650 163 41 föreslagit
604 650 170 42 riksdagen
794 657 44 26 att
856 652 46 31 till
919 651 118 42 Bidrag
1056 652 45 31 till
1119 652 155 32 särskilda
1291 652 168 32 kulturella
1478 652 149 32 ändamål
1642 652 51 31 för
1710 652 81 32 bud-

303 704 118 41 getåret
440 705 149 37 1970/71
610 706 109 31 anvisa
734 711 44 27 ett
792 706 322 42 reservationsanslag
1128 717 40 22 av
1183 708 44 30 20
1239 707 66 31 580
1317 707 66 31 000
1397 707 47 32 kr.

347 760 154 40 Anslaget
521 762 34 29 är
575 760 10 31 i
605 761 146 40 gällande
770 761 128 32 riksstat
916 761 131 40 uppfört
1065 762 74 31 med
1163 762 37 31 18
1215 762 65 31 542
1293 762 66 31 000
1378 762 46 31 kr.
1443 762 80 31 Med
1540 762 125 40 hänsyn
1683 762 45 31 till
1747 767 44 26 att

300 814 113 41 bidrag
436 814 45 32 till
503 815 85 31 vissa
611 815 159 39 ändamål,
795 826 69 21 som
886 816 51 31 för
959 817 198 31 närvarande
1179 817 182 40 tillgodoses
1383 817 76 31 med
1479 817 112 40 bidrag
1611 817 73 31 från
1705 817 86 31 detta

301 869 119 39 anslag,
442 869 176 40 föreslagits
639 870 44 30 bli
703 870 151 31 anvisade
874 871 10 29 i
905 880 106 21 annan
1032 871 135 39 ordning
1185 871 141 30 minskas
1344 871 260 31 medelsbehovet
1622 872 102 29 under
1742 871 49 30 fö-

299 922 176 32 revarande
502 923 110 41 anslag
636 924 75 31 med
742 924 94 31 1350
849 924 66 32 000
940 924 46 32 kr.
1014 924 115 41 Kungl.
1156 924 111 41 Maj:ts
1292 924 119 41 förslag
1435 924 133 32 innebär
1592 924 133 32 sålunda
1751 934 39 21 en

301 978 74 30 med
391 978 17 30 3
424 978 63 31 388
502 978 65 31 000
582 978 46 32 kr.
643 979 87 31 ökad
742 979 290 41 medelsanvisning
1045 980 51 31 för
1108 980 220 31 kvarvarande
1343 980 158 31 ändamål.

347 1154 15 30 I
375 1154 87 31 detta
476 1155 231 39 sammanhang
719 1155 58 30 har
791 1155 153 31 utskottet
957 1156 173 31 behandlat

345 1207 68 33 dels
431 1207 40 32 de
488 1207 204 41 likalydande
709 1208 202 32 motionerna
929 1210 92 31 1I:765
1041 1219 39 22 av
1096 1210 72 31 herr
1184 1209 172 32 Wikström
1372 1210 63 31 och
1451 1210 112 31 II:885
1580 1219 39 22 av
1635 1210 72 31 herr
1723 1210 66 31 Ro-

299 1271 114 22 manus
432 1262 67 31 vari
517 1263 174 31 hemställts
710 1268 44 26 att
772 1263 170 40 riksdagen
957 1263 98 32 måtte
1072 1264 123 31 besluta
1213 1269 44 26 att
1275 1264 109 31 anvisa
1402 1269 43 26 ett
1462 1264 110 40 anslag
1588 1274 39 21 av
1649 1265 61 30 137
1723 1265 66 30 000

300 1316 47 31 kr.
363 1317 158 31 avseende
535 1317 112 40 bidrag
662 1317 45 32 till
720 1318 143 31 Svenska
877 1318 325 38 barnboksinstitutet,

345 1370 67 31 dels
431 1370 166 31 motionen
616 1371 111 31 11:880
747 1381 39 21 av
803 1371 108 31 herrar
930 1372 160 31 Mattsson
1110 1373 61 30 och
1189 1372 164 31 Sundman
1370 1373 68 30 vari
1456 1373 174 31 hemställts
1649 1378 44 26 att
1710 1373 80 31 riks-

299 1424 102 40 dagen
421 1425 98 31 måtte
539 1425 45 31 till
603 1425 119 41 Bidrag
740 1426 46 30 till
805 1426 155 31 särskilda
978 1426 168 31 kulturella
1165 1426 148 32 ändamål
1332 1427 110 31 anvisa
1461 1432 43 26 ett
1521 1427 269 31 reservationsan-

300 1479 67 40 slag
380 1489 39 21 av
434 1480 43 30 20
491 1480 63 30 608
568 1480 66 30 000
648 1480 59 37 kr.,

345 1533 68 31 dels
433 1533 166 31 motionen
622 1534 111 31 11:886
756 1543 39 22 av
817 1535 72 30 herr
910 1535 110 30 Sterne
1041 1544 42 21 m.
1097 1535 33 31 fl.
1153 1535 67 31 vari
1242 1535 173 31 hemställts
1437 1541 45 25 att
1502 1535 169 41 riksdagen
1691 1536 96 31 måtte

298 1588 123 31 besluta
437 1588 76 39 höja
529 1588 220 40 statsbidraget
764 1588 45 31 till
824 1588 142 41 Sveriges
981 1589 340 40 orkesterföreningars
1336 1589 206 32 riksförbund
1555 1590 74 31 med
1648 1591 61 30 100
1723 1590 65 31 000

299 1641 46 32 kr.
363 1641 45 32 till
424 1642 65 31 250
502 1642 66 32 000
583 1642 47 32 kr.

347 1816 167 31 Utskottet.
533 1818 47 30 Ur
597 1817 85 31 detta
698 1818 109 39 anslag
821 1817 90 41 utgår
926 1818 113 40 bidrag
1053 1819 44 31 till
1113 1828 40 21 en
1168 1819 58 31 rad
1243 1819 148 31 ändamål
1406 1819 79 31 efter
1499 1819 104 31 beslut
1617 1829 39 21 av
1671 1820 116 39 Kungl.

298 1870 96 40 Maj:t
414 1871 10 30 i
444 1870 87 41 varje
552 1871 114 31 enskilt
687 1872 65 31 fall.
773 1872 105 31 Sedan
898 1873 124 39 hänsyn
1042 1873 91 40 tagits
1155 1873 45 31 till
1220 1873 10 31 i
1251 1872 345 41 statsrådsprotokollet
1615 1874 172 31 förordade

298 1924 155 40 ökningar
478 1935 39 21 av
540 1925 154 41 bidragen
717 1926 44 31 till
784 1926 85 31 vissa
892 1927 125 31 särskilt
1039 1927 261 31 kommenterade
1323 1927 149 31 ändamål
1495 1927 143 32 kvarstår
1658 1933 44 27 ett
1724 1928 63 31 inte

299 1979 173 40 obetydligt
492 1980 119 39 belopp
632 1980 51 30 för
704 1980 216 40 förstärkning
942 1990 39 21 av
1002 1981 113 40 bidrag
1136 1982 45 30 till
1203 1981 149 31 ändamål
1375 1991 69 21 som
1464 1982 120 31 brukar
1605 1982 181 40 tillgodoses

297 2033 102 31 under
413 2033 86 31 detta
515 2034 118 40 anslag.

342 2087 346 32 Barnfilmkommittén
713 2088 59 31 har
796 2088 162 40 föreslagit
983 2094 45 26 att
1052 2089 144 40 bidraget
1219 2089 51 31 för
1295 2089 72 32 dess
1392 2090 202 31 verksamhet
1618 2090 69 40 höjs
1712 2091 74 30 med

298 2141 41 31 28
353 2141 66 31 000
437 2141 47 32 kr.
504 2141 46 32 till
570 2142 39 31 83
624 2142 66 31 000
707 2142 47 31 kr.
775 2143 14 30 I
806 2143 165 31 motionen
989 2143 111 31 1II:880
1117 2144 161 30 hemställs
1297 2153 52 21 om
1365 2144 290 40 medelsanvisning
1669 2145 10 30 i
1696 2146 90 30 över-

296 2195 237 32 ensstämmelse
551 2196 75 30 med
644 2196 204 31 kommitténs
869 2197 126 39 förslag.

343 2250 15 30 I
372 2250 202 31 motionerna
590 2251 92 30 1:765
700 2251 61 30 och
777 2251 109 31 1II:885
902 2252 58 30 har
975 2251 172 31 hemställts
1164 2256 44 26 att
1222 2252 170 40 riksdagen
1405 2252 98 31 måtte
1519 2252 109 32 anvisa
1646 2254 61 30 137
1721 2254 66 30 000

296 2303 46 32 kr.
374 2313 69 22 som
471 2304 113 40 bidrag
612 2304 45 31 till
684 2304 142 31 Svenska
853 2305 325 32 barnboksinstitutet.
1208 2306 167 31 Yrkandet
1402 2308 284 30 överensstämmer
1712 2308 75 30 med

297 2358 119 41 förslag
439 2358 10 31 i
473 2368 40 21 en
536 2368 40 21 av
597 2358 168 32 institutets
790 2359 128 40 styrelse
941 2359 45 31 till
1009 2359 115 41 Kungl.
1149 2360 97 40 Maj:t
1267 2360 127 40 ingiven
1418 2361 367 41 anslagsframställning.

297 2413 162 31 Utskottet
480 2414 57 30 har
559 2413 156 31 inhämtat
735 2418 45 27 att
801 2414 106 31 denna
928 2414 78 31 efter
1028 2414 306 41 remissbehandling
1352 2414 147 32 kommer
1520 2420 44 27 att
1584 2420 48 27 tas
1653 2425 67 31 upp
1741 2416 45 32 till

295 2467 158 40 prövning
473 2467 55 31 vid
550 2467 221 40 fördelningen
794 2477 39 21 av
855 2468 101 31 under
978 2467 242 41 ifrågavarande
1242 2469 235 40 anslagsrubrik
1499 2470 151 31 anvisade
1670 2470 114 32 medel.

340 2521 162 32 Utskottet
522 2522 182 30 förutsätter
725 2526 44 27 att
790 2522 115 39 Kungl.
927 2521 95 40 Maj:t
1041 2522 53 31 vid
1114 2522 218 40 fördelningen
1353 2533 38 21 av
1411 2523 140 40 anslaget
1569 2524 88 30 inom
1677 2534 108 22 ramen
