2200 2600
440 129 41 32 26

885 134 292 36 Statsutskottets
1198 138 188 33 utlåtande
1407 139 52 33 Nr
1482 139 51 31 49.

922 211 60 36 för
1008 212 374 51 kontrollstyrelsens
1412 216 209 49 avdelning
1649 218 58 36 för
1735 219 162 37 ärenden
1926 235 64 22 an-

792 262 146 47 gående
966 264 172 36 skattefri
1167 266 96 48 sprit
1291 280 48 22 m.
1369 280 49 22 m.
1449 273 54 30 ett
1530 282 116 23 reser-

791 314 288 50 Vationsansläg
1106 319 21 33 Å
1156 348 472 8 sossmsssssassirssrnssn
1671 321 139 37 kronor
1839 325 150 47 24,000,

922 372 55 30 att
1005 367 121 37 direkt
1153 371 95 46 utgå
1277 383 45 22 av
1350 370 474 52 denatureringsavgifter;

1111 483 115 35 under
1254 484 143 35 åttonde
1425 485 245 36 huvudtiteln:

920 556 58 36 för
1006 563 142 31 statens
1177 558 251 51 biografbyrå
1457 566 186 32 ettreser-

790 608 287 50 vationsanslag
1105 612 20 34 Å
1154 641 484 9 mescmmmmmeeesssssnv
1669 615 139 37 KronOr
1839 618 148 47 19,000,

919 665 55 31 att
1014 660 121 37 direkt
1176 665 93 45 utgå
1310 676 47 22 av
1398 664 163 49 avgifter
1588 666 59 35 för
1674 667 241 50 granskning
1943 683 45 23 av

790 710 292 50 biografbilder;

1117 837 117 35 under
1263 838 118 35 tionde
1410 838 249 37 huvudtiteln:

920 912 57 36 för
1017 918 147 44 patent-
1207 913 70 36 och
1310 915 404 50 registreringsverket
1742 922 51 32 ett
1820 931 166 24 reserva-

789 963 237 48 tionsanslag
1054 967 230 34 Åesosssmsns
1337 997 191 6 reses
1640 968 140 37 kronor
1809 971 176 46 290,000,

917 1022 55 30 att
998 1015 124 37 direkt
1151 1019 92 45 utgå
1271 1031 47 22 av
1345 1023 148 42 patent-
1522 1020 70 36 och
1611 1021 261 37 varumärkes-
1888 1027 98 31 samt

787 1067 456 48 registreringsavgifters
1273 1069 137 44 medel;

917 1118 59 36 för
1016 1119 504 50 försäkringsinspektionen
1566 1129 54 30 ett
1663 1125 322 37 reservationsan-

788 1170 85 48 SLAG
900 1173 735 37 Åooeeeerrrsrerrsrs
1133 1166 61 57 seen
1200 1166 40 57 ense
1247 1166 111 57 snrsnssers
1364 1166 15 57 er
1389 1166 30 57 snr
1421 1166 62 57 jens
1489 1166 22 57 rn
1514 1166 29 57 nan
1564 1166 75 57 sne
1665 1175 141 37 kronor
1834 1178 151 47 28,000,

920 1227 54 31 att
1002 1222 121 36 direkt
1150 1225 93 46 utgå
1280 1236 46 23 av
1354 1223 136 50 bidrag
1516 1225 58 36 till
1602 1226 384 50 försäkringsinspek-

785 1272 145 46 tionen;

915 1325 56 36 till
999 1325 239 38 bestridande
1267 1340 45 22 av
1341 1327 255 38 kostnaderna
1625 1329 58 36 för
1699 1330 287 50 dyrtidstillägg

786 1378 37 34 åt
865 1376 377 49 befattningshavare
1282 1378 61 36 vid
1387 1380 90 36 verk
1506 1381 71 35 och
1604 1380 270 48 institutioner,
1904 1395 80 23 som

784 1427 82 37 icke
908 1428 67 36 här
1016 1441 98 24 ovan
1156 1429 153 36 särskilt
1336 1430 181 48 angivits,
1546 1434 20 33 å
1594 1432 236 49 tilläggsstat
1857 1433 60 37 för
1944 1436 41 34 år

787 1481 97 34 1922
914 1483 125 33 såsom
1068 1480 305 49 förslagsanslag
1401 1482 131 36 anvisa

887 1566 118 36 under
1034 1567 117 36 andra
1179 1567 239 37 huvudtiteln
1436 1600 16 4 ..
1482 1569 139 36 kronor
1676 1571 203 46 3,050,000

942 1630 17 23 »
1029 1619 121 47 tredje
1284 1632 18 23 »
1421 1633 131 23 ue
1714 1623 165 46 825,000

941 1681 17 23 »
1028 1670 122 48 fjärde
1280 1683 17 23 »
1433 1703 5 4 .
1534 1684 18 23 »
1652 1675 227 46 15,000,000

940 1734 18 23 »
1030 1721 113 37 femte
1280 1735 16 22 »
1420 1736 131 23 D
1674 1727 205 45 8,850,000

940 1785 18 23 »
1028 1773 113 48 sjätte
1280 1787 17 22 »
1424 1787 128 23 ot»
1714 1778 164 46 280,000

1028 1825 136 48 sjunde
1279 1838 17 23 »
1420 1857 29 5 -w
1534 1839 17 23 D
1674 1829 204 46 6,350,000

939 1888 18 23 »
1027 1877 156 36 åttonde
1279 1889 18 23 »
1422 1910 2 2 .
1534 1891 17 22 »
1674 1881 204 47 8,725,000

939 1940 17 22 »
1030 1928 129 36 tionde
1277 1941 18 23 »
1417 1942 133 23 »
1673 1932 205 47 2,025,000

782 1984 101 31 samt

909 2066 37 47 4)
989 2066 57 36 till
1088 2066 240 38 bestridande
1370 2081 45 23 av
1444 2068 256 36 kostnaderna
1729 2069 57 36 för
1814 2069 163 49 dyrtids-

780 2116 138 50 tillägg
958 2117 119 37 under
1123 2119 117 36 första
1267 2119 171 36 halvåret
1471 2122 94 34 1923
1594 2120 64 36 vid
1688 2120 290 38 nedannämnda

782 2169 92 35 verk
903 2169 71 36 och
1002 2169 259 37 institutioner
1288 2173 21 33 å
1336 2179 106 28 extra
1471 2178 75 30 stat
1574 2171 59 36 för
1660 2172 105 36 tiden
1797 2175 16 33 1
1826 2173 152 49 januari

781 2221 102 35 —30
906 2220 85 49 juni
1022 2223 96 34 1923
1149 2222 133 36 anvisa
