1880 2790
396 141 452 30 Konstitutionsutskottets
872 140 178 30 utlåtande
1071 149 42 20 nr
1132 140 42 29 22
1195 140 39 30 år
1257 139 83 30 1960
1577 139 34 31 11

644 225 35 30 C.
695 224 232 30 Talmännens
943 225 141 29 rösträtt

162 308 116 39 Enligt
305 309 41 30 52
374 308 15 38 $
418 307 316 39 regeringsformen
760 306 214 30 tillkommer
1000 306 57 30 det
1082 306 206 39 riksdagens
1314 306 138 30 kamrar
1483 307 58 33 att,
1569 308 43 37 på

119 360 68 29 sätt
204 360 10 28 i
234 358 359 40 riksdagsordningen
612 358 87 39 sägs,
719 367 60 20 var
799 358 54 29 för
872 358 51 39 sig
943 359 75 28 utse
1037 357 133 29 talman
1189 359 91 27 samt
1299 365 42 21 en
1359 356 109 30 förste
1487 356 65 30 och
1570 365 42 20 en

115 408 108 31 andre
246 409 71 30 vice
344 408 141 30 lalman.
510 409 12 29 I
548 409 40 30 33
614 408 16 37 $
655 407 359 41 riksdagsordningen
1037 406 211 32 föreskrives
1273 409 50 28 att
1346 406 147 30 vardera
1517 407 97 29 kam-

118 468 121 21 maren
260 459 89 30 skall
369 458 58 30 vid
445 458 206 40 riksdagens
671 458 126 39 början
817 457 106 30 bland
945 458 76 29 sina
1041 457 191 30 ledamöter
1253 456 96 40 välja
1370 457 133 29 talman
1523 458 90 28 samt

119 519 44 21 en
184 509 109 31 förste
314 510 65 29 och
401 518 43 21 en
466 509 108 30 andre
596 509 72 29 vice
691 509 143 29 talman.

164 560 65 30 Om
253 560 222 29 talmännens
497 559 177 39 uppgifter
697 559 57 30 vid
778 558 357 40 riksdagsärendenas
1157 558 213 39 behandling
1392 557 11 30 i
1425 557 189 30 kamrarna

121 611 139 39 stadgas
283 611 45 29 bl.
351 620 30 20 a.
405 611 11 29 i
439 611 38 29 51
506 610 14 37 $
545 609 368 39 riksdagsordningen.
938 609 13 29 I
974 609 220 30 sistnämnda
1216 609 165 39 paragraf
1404 607 210 31 föreskrives

121 661 183 39 härjämte,
324 663 50 27 att
391 661 67 29 den
477 669 76 21 som
572 661 121 28 utövar
714 659 396 39 talmansbefattningen
1128 659 30 39 ej
1179 659 58 29 må
1256 659 137 38 deltaga
1410 658 11 30 i
1441 658 174 39 överlägg-

120 712 83 39 ning
226 711 83 29 eller
332 710 218 40 omröstning
573 710 66 29 och
660 710 31 39 ej
716 709 109 30 heller
848 709 105 39 något
976 712 108 27 annat
1108 708 138 35 föreslå,
1271 709 44 29 än
1339 718 75 20 som
1438 708 176 30 erfordras

123 762 49 29 till
191 761 262 40 verkställighet
472 770 43 21 av
534 760 269 40 grundlagarna,
824 769 43 21 av
885 759 207 40 riksdagens
1111 760 83 29 eller
1214 759 209 30 kamrarnas
1443 758 172 30 särskilda

120 811 113 30 beslut
258 812 83 29 eller
366 812 10 29 i
400 811 110 39 övrigt
535 821 42 20 av
600 811 42 30 de
665 810 311 40 reglementariska
1001 810 216 39 stadganden
1243 818 75 22 som
1342 809 99 30 blivit
1464 811 152 37 antagna

123 863 52 28 rör
193 862 358 39 riksdagsärendenus
569 861 223 40 behandling.

165 945 395 40 Departementschefen
581 945 102 30 anför
701 945 13 30 i
733 944 230 31 förevarande
983 945 65 30 del.

168 997 95 29 >Den
285 996 203 30 nuvarande
510 996 194 39 ordningen
725 995 56 30 för
803 995 166 30 utseende
995 1004 42 21 av
1059 995 133 30 talmän
1214 994 66 30 och
1302 994 74 30 vice
1398 993 133 31 talmän
1553 993 65 30 har

122 1047 83 40 gällt
227 1047 107 30 sedan
356 1046 38 30 år
419 1046 93 30 1921.
534 1046 161 39 Tidigare
716 1045 120 39 utsågs
858 1045 133 29 talmän
1012 1045 64 29 och
1098 1045 72 29 vice
1194 1045 133 29 talmän
1348 1053 43 21 av
1411 1044 204 39 Konungen.

122 1096 316 31 Bestämmelserna
456 1096 11 30 i
486 1097 38 30 51
549 1097 15 36 3
587 1095 357 40 riksdagsordningen
964 1095 77 30 med
1061 1095 44 30 bl.
1126 1104 29 21 a.
1178 1094 127 30 förbud
1326 1095 55 29 för
1400 1093 216 40 fungerande

123 1148 203 29 talmannen
349 1149 50 27 att
423 1146 137 40 deltaga
582 1146 11 30 i
616 1146 219 40 omröstning
856 1146 11 29 i
889 1145 207 30 kammaren
1117 1145 64 30 har
1203 1145 158 29 däremot
1385 1144 232 31 oförändrade

123 1198 83 39 gällt
227 1198 107 30 sedan
354 1196 376 40 riksdagsordningens
752 1196 171 30 tillkomst
945 1196 38 30 år
1005 1196 93 30 1866.
1120 1195 153 30 Motiven
1294 1195 55 30 för
1370 1195 162 30 förbudet
1553 1195 65 29 har

125 1248 176 40 tydligtvis
320 1248 90 30 varit
430 1248 73 30 dels
522 1247 67 30 den
609 1247 158 40 ordning,
789 1256 75 21 som
884 1246 146 40 tidigare
1049 1246 83 40 gällt
1152 1246 55 30 för
1228 1246 165 30 utseende
1413 1254 43 21 av
1474 1245 142 33 talman,

124 1299 64 29 och
210 1299 74 29 dels
309 1298 131 30 tanken
464 1300 50 28 att
539 1298 203 29 talmannen
768 1297 115 30 såsom
908 1297 115 29 ledare
1049 1306 42 20 av
1115 1296 315 39 förhandlingarna
1454 1295 89 30 skall
1566 1295 52 30 in-

126 1350 76 38 laga
226 1357 43 21 en
291 1348 158 40 opartisk
472 1348 175 39 ställning.
671 1348 74 29 Den
767 1357 128 31 person
919 1356 74 21 som
1018 1349 94 28 utses
1135 1347 53 30 till
1211 1347 133 29 talman
1366 1347 39 29 är
1426 1345 192 30 emellertid

124 1399 78 30 vald
221 1399 52 30 till
292 1398 316 40 riksdagsledamot
624 1398 12 30 i
655 1398 113 39 vanlig
787 1398 160 39 ordning,
966 1398 65 29 och
1048 1398 57 29 det
1125 1406 102 31 synes
1246 1397 76 29 icke
1341 1396 120 40 riktigt
1479 1398 51 28 att
1548 1396 70 29 han

125 1450 88 29 skall
228 1458 84 21 vara
328 1449 150 29 berövad
494 1448 228 40 möjligheten
739 1450 50 28 att
804 1449 105 28 utöva
926 1448 66 29 den
1006 1447 186 39 viktigaste
1208 1456 43 21 av
1265 1447 41 29 de
1323 1446 205 30 funktioner
1544 1454 74 22 som

125 1499 212 30 tillkommer
360 1499 109 30 sådan
491 1498 163 35 ledamot,
675 1498 176 39 nämligen
873 1500 51 27 att
945 1498 137 38 deltaga
1103 1498 10 29 i
1137 1497 212 40 avgörandet
1371 1505 42 21 av
1433 1496 184 29 ärendena.

125 1549 115 40 Enligt
257 1549 75 30 min
349 1549 141 40 mening
507 1549 71 30 kan
595 1549 30 39 ej
646 1549 78 30 med
743 1548 58 40 fog
819 1549 100 39 göras
937 1548 158 39 gällande
1113 1549 50 28 att
1180 1548 146 29 rösträtt
1343 1546 55 31 för
1416 1546 203 30 talmannen

123 1618 43 3 —
186 1600 108 29 vilket
318 1599 235 30 förekommer
557 1591 24 52 i
611 1599 151 29 flertalet
787 1598 187 30 utländska
999 1598 196 40 parlament
1218 1616 44 3 —
1286 1597 112 30 skulle
1422 1606 84 20 vara
1528 1595 92 31 oför-

124 1651 91 38 enlig
234 1651 79 29 med
333 1650 90 30 hans
443 1650 165 39 ställning
628 1650 115 29 såsom
763 1649 117 30 ledare
899 1658 41 20 av
960 1649 323 38 förhandlingarna.

168 1700 242 30 Förevarande
431 1700 99 39 fråga
550 1700 97 29 torde
666 1700 141 29 komma
828 1700 112 29 under
959 1699 216 30 bedömande
1196 1699 56 29 vid
1273 1696 347 40 författningsutred-

125 1751 147 38 ningens
300 1751 126 29 arbete.
455 1751 74 29 Den
559 1752 93 28 stora
679 1749 408 39 författningsreformen
1113 1749 70 29 kan
1213 1748 192 30 emellertid
1432 1747 77 30 icke
1536 1756 84 21 vara

126 1800 163 40 slutligen
309 1801 206 38 genomförd
536 1800 120 30 förrän
677 1800 141 39 tidigast
840 1800 38 30 år
900 1800 92 30 1965.
1014 1800 65 29 Det
1100 1808 103 30 synes
1224 1798 141 39 befogat
1387 1800 50 27 att
1457 1799 86 28 utan
1564 1806 56 20 av-

124 1851 131 29 vaktan
281 1851 112 39 härpå
420 1851 178 39 förelägga
626 1851 186 38 riksdagen
841 1850 130 39 förslag
998 1850 51 29 till
1078 1848 350 41 grundlagsändring,
1458 1847 162 39 syftande

126 1901 51 29 till
200 1903 50 28 att
271 1901 41 30 de
335 1900 218 40 fungerande
577 1900 203 30 talmännen
804 1900 88 30 skall
916 1899 37 30 få
975 1900 105 29 utöva
1102 1899 145 30 rösträtt
1268 1898 58 30 vid
1350 1898 193 29 ärendenas
1566 1897 55 29 be-

125 1951 171 39 handling
313 1950 12 30 i
344 1951 200 30 kamrarna.
566 1950 201 40 Ändringen
786 1950 99 30 torde
904 1950 85 30 böra
1009 1950 61 30 ske
1091 1949 47 35 så,
1160 1951 51 28 att
1233 1949 108 29 orden
1362 1948 93 30 "eller
1475 1948 147 29 omröst-

126 2002 93 39 ning
238 2001 12 30 i
269 2002 39 30 51
333 2001 15 37 3
371 2001 112 31 första
502 2002 135 39 stycket
655 2000 359 40 riksdagsordningen
1033 1999 56 31 får
1107 1999 114 40 utgå.>

171 2084 177 31 Utskottet
367 2085 59 29 vill
448 2085 52 29 till
521 2094 43 21 en
584 2084 124 39 hörjan
731 2085 117 29 erinra
867 2093 58 21 om
947 2086 50 28 att
1015 2084 12 29 i
1049 2083 95 31 äldre
1165 2083 50 30 tid
1237 2084 195 38 Konungen
1454 2081 100 40 utsåg
1576 2081 45 30 le-

128 2134 108 30 daren
252 2134 55 31 för
324 2134 102 30 adeln
442 2134 66 30 och
524 2134 264 34 bondeståndet,
805 2133 128 30 medan
950 2133 233 40 självskriven
1198 2132 117 30 ledare
1330 2141 72 25 var,
1420 2131 55 30 för
1491 2132 131 39 präste-

129 2184 138 30 ståndet
284 2183 256 40 ärkebiskopen
558 2183 64 30 och
639 2183 54 30 för
710 2182 266 39 borgarståndet
993 2182 265 39 borgmästaren
1275 2181 11 30 i
1303 2180 212 32 Stockholm.
1533 2181 90 28 Den-

128 2241 45 22 na
196 2232 149 40 ordning
369 2232 167 39 lagfästes
560 2232 38 30 år
625 2232 92 30 1626.
741 2232 118 30 Under
884 2231 222 30 frihetstiden
1130 2230 90 30 hade
1245 2229 194 31 emellertid
1462 2229 160 39 samtliga

129 2281 147 30 stånden
296 2282 70 29 rätt
385 2284 50 27 att
455 2281 111 39 själva
585 2283 76 27 utse
681 2281 76 29 sina
776 2281 143 28 talmän.
940 2279 116 30 Under
1075 2280 66 28 den
1161 2279 251 39 gustavianska
1431 2278 96 30 tiden
1546 2278 77 30 där-

128 2332 92 28 emot
242 2330 108 30 erhöll
374 2330 195 38 Konungen
591 2330 68 29 rätt
680 2331 51 27 att
752 2331 77 27 utse
851 2329 133 29 talmän
1007 2328 53 30 för
1083 2328 102 29 adeln
1208 2330 92 27 samt
1322 2327 54 30 för
1398 2327 139 39 borgar-
1558 2327 64 30 och

128 2378 274 35 bondestånden,
426 2378 173 39 varjämte
623 2377 255 40 ärkebiskopen
902 2377 89 39 ånyo
1015 2376 76 30 blev
1114 2376 233 39 självskriven
1372 2376 132 30 talman
1528 2376 94 30 inom

129 2428 268 40 prästeståndet.
429 2427 225 32 Sistnämnda
683 2427 150 39 ordning
862 2426 169 30 bibehölls
1063 2426 109 29 under
1202 2426 331 39 ståndsriksdagens
1562 2426 60 29 tid.

124 2758 118 28 Karlong
261 2757 58 29 (1:a
338 2757 85 24 raden
442 2757 15 24 &
476 2764 19 17 s.
518 2758 32 23 12
569 2756 23 30 ej
614 2759 9 22 t
660 2756 57 30 ckt)
