1908 2806
115 230 128 25 Utskottet.

117 1513 129 25 Utskottet.

292 143 36 29 16
736 146 273 31 Statsutskottets
1033 146 176 31 utlåtande
1232 157 40 20 nr
1298 149 46 28 74.

339 230 167 30 Utskottet
536 230 186 36 tillstyrker
750 229 121 37 Kungl.
899 229 118 37 Maj:ts
1044 230 130 36 förslag
1201 231 66 29 och
1294 230 200 31 hemställer
1519 229 111 37 alltså,

644 317 51 26 att
721 313 184 36 riksdagen
932 312 58 32 må
1016 313 169 37 medgiva,
1213 317 50 27 att
1289 314 66 30 den
1381 313 12 30 i
1419 313 295 37 avlöningsstaten
1740 313 54 31 för

599 363 347 37 yrkesinspektionen
966 367 176 33 upptagna
1166 364 262 36 anslagsposten
1449 364 51 31 till
1520 364 205 36 avlöningar
1745 364 50 30 till

599 413 266 31 icke-ordinarie
888 415 161 34 personal
1070 413 58 31 må
1152 414 55 30 för
1231 413 201 37 budgetåret
1460 410 141 34 1944/45
1626 415 167 30 överskri-

600 464 61 30 das
684 465 79 29 med
785 464 99 36 högst
905 464 19 29 4
941 464 60 30 700
1024 465 139 29 kronor.

334 604 66 40 2:0)
422 605 128 37 Bidrag
569 605 52 30 till
638 606 181 30 allmänna
836 606 204 30 barnhuset.
1060 606 123 36 Kungl.
1206 606 100 36 Maj:t
1325 607 63 29 har
1413 607 124 38 (punkt
1556 607 30 35 2,
1606 616 24 20 s.
1653 607 138 36 12—14)

289 656 174 36 föreslagit
486 656 184 37 riksdagen
695 659 50 27 att
769 656 50 31 till
843 656 127 37 Bidrag
997 656 49 31 till
1069 657 179 31 allmänna
1275 657 188 30 barnhuset
1488 656 22 31 å
1535 656 204 37 tilläggsstat
1763 656 29 30 II

295 707 47 30 till
364 707 184 30 riksstaten
567 707 55 30 för
643 706 202 37 budgetåret
867 703 138 42 1944/45
1024 707 120 31 anvisa
1165 710 47 29 ett
1233 708 120 35 anslag
1371 717 43 20 av
1433 708 63 29 266
1510 708 63 29 000
1594 708 139 29 kronor.

336 807 91 31 Från
447 808 57 32 det
524 807 21 31 å
564 807 187 31 riksstaten
772 807 175 37 uppförda
968 809 154 35 anslaget
1144 808 53 31 till
1217 807 127 38 Bidrag
1363 807 52 31 till
1434 808 202 30 barnhusen
1656 808 65 30 har
1742 806 52 32 år-

292 858 89 36 ligen
404 857 111 37 utgått
538 858 84 31 visst
645 859 127 36 belopp
799 858 51 31 till
874 858 178 32 allmänna
1075 859 201 30 barnhuset.
1302 859 195 30 Härutöver
1520 859 66 30 har
1610 858 186 37 riksdagen

292 908 55 31 för
368 918 137 21 samma
526 908 167 31 ändamål
718 909 134 30 anvisat
877 910 120 35 anslag
1020 908 21 31 å
1065 909 204 36 tilläggsstat
1291 909 56 30 för
1368 908 214 37 budgetåren
1608 905 188 35 1940/41—

295 956 151 34 1943/44.
476 959 223 31 Sistnämnda
725 960 120 35 anslag
870 960 47 29 ha
945 963 125 27 avsetts
1096 960 58 30 för
1179 960 171 30 täckande
1376 968 42 21 av
1447 959 67 30 den
1540 959 87 30 brist
1652 958 13 31 i
1693 959 101 31 barn-

292 1010 116 30 husets
432 1013 76 32 stat,
532 1018 76 22 som
628 1010 188 30 beräknats
837 1010 217 36 uppkomma
1076 1009 112 31 under
1207 1009 193 37 respektive
1420 1008 178 38 budgetår.

334 1059 137 31 Jämväl
492 1060 111 30 under
624 1059 236 31 innevarande
880 1058 169 38 budgetår
1067 1060 174 31 beräknas
1262 1060 209 30 barnhusets
1490 1059 143 37 utgifter
1652 1060 143 30 komma

292 1113 48 27 att
359 1110 170 36 överstiga
548 1110 250 36 inkomsterna,
818 1110 108 30 bland
947 1114 106 27 annat
1073 1110 51 30 till
1145 1110 91 37 följd
1256 1119 42 21 av
1321 1110 156 37 stegrade
1498 1111 87 29 krav
1606 1109 45 37 på
1671 1110 123 31 under-

293 1161 75 31 stöd
399 1159 80 31 från
510 1161 192 30 barnhuset
733 1160 50 30 till
814 1160 314 36 upptagningshem
1161 1161 67 30 och
1261 1159 435 38 fosterbarnsförmedling.
1729 1160 68 32 För

292 1210 170 31 täckande
479 1220 43 21 av
541 1210 67 31 den
625 1210 52 31 till
696 1210 63 31 294
773 1210 63 31 300
855 1211 131 30 kronor
1003 1209 206 38 uppgående
1225 1210 131 31 bristen
1374 1209 145 32 föreslås
1538 1211 99 30 skola
1656 1211 13 30 i
1687 1210 109 31 första

292 1261 94 30 hand
410 1264 96 32 tagas
529 1261 11 29 i
564 1259 154 37 anspråk
742 1260 67 31 den
831 1260 51 30 till
906 1260 41 30 28
960 1260 63 31 300
1046 1261 131 30 kronor
1201 1259 205 38 uppgående
1428 1259 246 38 behållningen
1695 1259 22 32 å
1739 1261 58 31 det

293 1311 54 31 för
374 1310 201 38 budgetåret
605 1307 143 34 1943/44
776 1310 166 31 anvisade
971 1310 299 37 tilläggsanslaget.
1300 1311 69 30 För
1396 1311 171 30 täckande
1594 1321 43 21 av
1666 1311 130 31 bristen

292 1361 10 30 i
325 1361 119 37 övrigt,
469 1361 62 31 266
544 1362 64 30 000
629 1362 141 34 kronor,
792 1359 144 32 föreslås
958 1360 190 31 anvisande
1169 1370 43 21 av
1233 1364 47 28 ett
1303 1361 138 31 särskilt
1464 1362 121 36 anslag
1605 1360 22 32 å
1647 1361 148 37 tilläggs-

293 1416 65 26 stat
381 1411 56 31 för
457 1411 236 31 innevarande
716 1409 176 39 budgetår.

338 1511 170 31 Utskottet
534 1511 199 36 tillstyrker,
761 1514 49 27 att
833 1510 235 32 innevarande
1091 1509 170 38 budgetår
1285 1510 285 37 uppkommande
1593 1511 205 31 underskott

293 1561 10 30 i
324 1562 179 30 allmänna
525 1561 209 30 barnhusets
756 1560 220 31 verksamhet
997 1560 117 31 täckes
1137 1570 43 21 av
1203 1561 198 30 statsmedel
1423 1561 10 30 i
1456 1561 343 31 överensstämmelse

294 1612 79 30 med
392 1612 69 30 vad
480 1621 75 21 som
575 1612 90 30 skett
684 1611 111 31 under
815 1620 119 21 senare
955 1610 48 31 år.
1024 1610 52 31 Då
1097 1611 122 36 Kungl.
1240 1610 119 38 Maj:ts
1379 1610 193 38 beräkning
1590 1621 43 21 av
1653 1611 143 31 medels-

294 1662 147 31 behovet
458 1662 32 36 ej
512 1661 93 37 giver
625 1661 186 37 anledning
830 1661 51 30 till
903 1661 147 36 erinran,
1072 1662 202 30 hemställer
1292 1660 101 32 alltså
1412 1662 175 36 utskottet,

648 1757 51 28 att
719 1753 184 36 riksdagen
923 1752 58 32 må
1001 1752 50 31 till
1069 1751 128 39 Bidrag
1217 1752 52 31 till
1287 1753 177 30 allmänna
1485 1752 191 31 barnhuset
1693 1751 22 32 å
1734 1752 64 31 till-

603 1804 166 36 läggsstat
793 1804 31 29 II
848 1803 51 30 till
923 1803 184 31 riksstaten
1133 1803 57 31 för
1212 1802 203 38 budgetåret
1442 1800 142 34 1944/45
1608 1803 121 31 anvisa
1753 1807 46 27 ett

605 1854 122 36 anslag
743 1863 43 21 av
806 1854 62 29 266
881 1854 64 32 000
963 1854 139 30 kronor.

338 1994 68 40 3:0)
428 1995 375 37 Medicinalstyrelsen:
822 1994 225 37 Avlöningar.
1068 1995 124 36 Kungl.
1214 1995 101 36 Maj:t
1332 1996 65 30 har
1418 1994 126 40 (punkt
1560 1995 31 36 3,
1611 2005 25 21 s.
1658 1995 139 38 15—20)

298 2046 175 37 föreslagit
490 2046 186 36 riksdagen
694 2045 168 37 medgiva,
881 2050 49 27 att
950 2046 66 30 den
1033 2046 10 30 i
1063 2046 294 36 avlöningsstaten
1375 2045 56 31 för
1447 2046 354 37 medicinalstyrelsen

298 2101 175 32 upptagna
496 2097 262 36 anslagsposten
781 2096 202 36 avlöningar
1006 2096 50 30 till
1078 2096 97 37 övrig
1195 2096 267 31 icke-ordinarie
1483 2097 162 36 personal
1667 2095 59 32 må
1747 2096 55 30 för

298 2146 201 38 budgetåret
524 2143 143 34 1944/45
689 2146 217 31 överskridas
928 2147 80 30 med
1031 2146 100 36 högst
1156 2147 40 29 57
1211 2147 64 31 500
1296 2147 138 30 kronor.

344 2247 13 30 I
379 2247 159 36 gällande
557 2246 251 36 avlöningsstat
827 2246 39 31 är
884 2245 267 38 ifrågavarande
1170 2246 217 36 anslagspost
1406 2246 154 36 uppförd
1578 2247 81 30 med
1678 2249 48 28 ett
1746 2246 56 30 be-

300 2298 80 35 lopp
401 2307 43 22 av
466 2298 62 30 269
542 2298 63 29 300
627 2297 140 30 kronor.

345 2347 161 31 Nämnda
529 2348 126 35 belopp
680 2347 172 30 beräknas
876 2346 31 37 ej
930 2347 143 30 komma
1097 2350 49 27 att
1171 2345 108 32 förslå
1302 2347 51 30 till
1375 2347 171 31 täckande
1568 2357 43 21 av
1634 2346 169 32 erforder-

300 2397 65 36 liga
380 2397 141 37 utgifter
536 2398 111 30 under
661 2400 132 34 posten.
811 2396 350 37 Medicinalstyrelsen
1178 2397 176 36 uppgiver,
1372 2400 48 28 att
1437 2397 239 37 belastningen
1691 2396 21 31 å
1728 2406 76 27 pos-

303 2451 55 28 ten
381 2448 66 30 den
470 2450 39 29 31
535 2448 183 31 december
742 2447 83 31 1944
846 2447 130 37 utgjort
1000 2447 60 30 163
1074 2447 63 31 920
1158 2447 141 30 kronor.
1322 2447 68 31 För
1411 2446 215 32 återstående
1649 2446 91 31 hälft
1762 2456 43 22 av
