2346 2748
558 194 18 29 2
1026 194 78 42 Lag-
1113 195 163 33 Utskottets
1308 195 180 37 Utlätande,
1511 197 64 32 N:o
1598 199 32 30 2.

515 273 89 36 skall
645 286 101 24 anses
787 279 125 43 utgöra
955 275 66 37 den
1064 289 84 24 rena
1176 277 227 49 evangeliska
1430 278 121 49 läran,
1569 279 124 36 bruket
1720 279 39 36 af
1782 279 41 37 de
1852 279 117 50 heliga
1996 281 122 37 sakra”

515 330 162 34 mentena
705 327 207 37 framställes
941 329 113 36 såsom
1072 330 108 47 något
1197 330 53 36 för
1276 330 280 38 christendomen
1576 332 211 48 väsendtligt
1805 332 63 36 och
1889 333 229 49 följaktligen,

516 380 56 35 vid
613 380 57 35 det
710 380 226 44 förhållande,
979 386 50 31 att
1071 381 330 50 Regeringsformen
1430 384 11 35 i
1468 384 92 36 vissa
1588 384 62 36 fall
1678 385 141 48 stadgar
1847 386 210 37 bekännelse
2085 386 37 36 af

515 433 68 35 den
609 444 85 24 rena
723 433 224 48 evangeliska
976 434 101 36 läran
1105 435 113 36 såsom
1248 435 114 37 vilkor
1390 436 52 36 för
1471 437 259 37 innehafvande
1758 438 85 36 eller
1871 438 188 37 utöfvande
2085 441 37 34 af

513 484 175 37 allmänna
717 485 245 49 befattningar,
991 487 67 36 den
1086 487 267 48 ifrågavarande
1385 490 188 47 motionen,
1602 490 76 36 med
1708 490 66 37 den
1812 491 212 49 omfattning
2052 492 65 36 den

513 537 150 48 erhållit,
692 538 130 48 åsyftar
850 539 206 48 förändring
1078 541 131 48 jemväl
1237 541 38 36 af
1298 542 185 48 grundlag,
1522 554 101 24 anser
1652 543 53 47 sig
1737 542 187 49 Utskottet,
1945 545 74 36 med
2049 544 68 37 för-

515 590 194 37 anledande
751 591 113 36 tillika
905 592 39 36 af
973 593 208 47 stadgandet
1221 594 11 35 i
1262 597 44 33 55
1337 595 18 46 $
1382 593 403 50 Riksdags-ordningen,
1814 600 51 32 att
1893 597 29 46 ej
1953 598 57 35 må
2036 598 10 34 i
2076 610 41 23 en

514 642 103 36 skrift
646 643 84 36 flera
759 645 67 35 mål
856 644 39 36 af
917 645 94 37 olika
1039 645 240 37 beskaffenhet
1307 648 260 45 sammanföras,
1596 648 85 37 böra

912 698 51 36 till
992 698 123 36 Andra
1145 697 211 38 Kammaren
1386 700 191 36 återlemna
1606 700 224 37 förevarande
1850 702 149 48 motion;
2028 702 88 36 hvil-

912 752 59 34 ket
997 751 52 35 för
1078 751 205 47 Riksdagen
1312 753 174 34 vördsamt
1515 753 164 36 anmäles.

642 852 202 37 Stockholm
872 854 64 35 den
969 856 41 34 31
1044 854 148 39 Januari
1226 858 104 34 1871.

1094 1042 48 36 På
1170 1043 196 37 Utskotiets
1395 1048 151 43 vägnar:

1143 1128 114 38 ERIC
1285 1129 197 37 SPARRE.

644 1557 100 37 Emot
771 1558 94 35 «detta
899 1557 110 36 beslut
1040 1558 178 36 anmäldes
1248 1559 212 35 reservation
1490 1560 37 35 af
1555 1559 88 36 Herr
1672 1560 126 36 Grefve
1828 1559 34 37 I.
1893 1560 40 36 O.
1966 1560 151 38 Mörner.

874 2374 221 29 STOCKHOLM,
1118 2375 136 24 TRYCKT
1275 2375 67 26 HOS
1364 2377 124 24 ISAAC
1518 2377 183 26 MARCUS.
1725 2378 59 24 1871
