2102 2601
628 150 367 43 Bevillnings-Utskottets
1019 150 200 32 Betänkande
1242 149 65 32 N:o
1329 150 29 31 4.
1757 152 38 28 23

186 233 192 35 traktaten
399 231 86 36 med
503 231 206 36 Frankrike
730 236 56 32 att
806 230 110 37 tacka
935 230 58 37 för
1011 231 71 36 den
1099 230 244 37 ekonomiska
1358 229 234 49 utveckling,
1607 232 85 34 vårt
1707 229 89 36 land

186 284 116 35 sedan
333 283 123 36 denna
485 283 56 36 tid
569 283 146 44 vunnit,
745 283 68 36 och
844 296 84 22 man
958 283 66 35 vill
1052 282 58 36 för
1139 283 121 35 denna
1289 282 97 48 åsigt
1414 282 100 35 finna
1543 286 54 31 ett
1626 281 84 36 stöd
1739 281 55 35 uti

186 335 73 36 den
288 335 115 35 sedan
434 336 93 35 1865
558 334 174 49 stegrade
762 340 185 42 exporten
976 337 48 45 på
1051 333 218 37 Frankrike.
1315 332 73 49 Jag
1408 333 143 36 tillåter
1572 333 76 47 mig
1668 331 127 49 bifoga

187 400 44 22 en
253 386 116 36 tabell
390 386 85 44 (Bil.
498 383 56 47 B),
575 399 79 22 som
676 386 100 35 visar
796 387 121 33 denna
938 385 180 48 stegring.
1150 384 116 36 Deraf
1283 384 177 45 framgår,
1486 389 55 30 att
1558 389 185 42 exporten
1760 382 40 36 af

183 438 86 46 jern
301 437 222 46 visserligen
556 442 174 43 stegrats,
765 449 85 23 men
879 436 31 47 ej
940 436 205 48 betydligt;
1176 436 73 35 den
1278 435 67 35 har
1373 435 58 35 till
1460 434 70 36 och
1560 434 86 36 med
1675 434 121 36 under

188 488 46 36 de
276 501 130 23 senare
442 491 88 33 åren
565 487 152 49 aftagit;
753 487 40 36 af
821 487 105 36 hafre
960 489 69 34 och
1065 493 173 29 trävaror
1275 487 66 35 har
1373 486 72 35 den
1480 485 173 36 deremot
1686 486 110 47 högst

188 539 189 49 betydligt
411 539 117 49 stigit.
588 539 68 36 Att
689 538 296 49 hafreexporten
1015 546 40 28 är
1084 537 56 36 för
1173 538 129 36 landet
1330 536 214 48 förmånlig,
1573 537 72 35 kan
1669 537 65 48 jag
1763 537 31 47 ej

187 590 203 49 medgifva,
420 591 159 35 likasom
603 591 67 48 jag
698 594 115 45 vågar
843 593 116 45 påstå,
990 595 66 39 att,
1086 589 47 36 då
1161 593 88 32 våra
1278 589 138 48 skogar
1445 589 134 34 anlitas
1609 601 113 30 mera,
1751 595 45 28 än

187 643 109 35 deras
339 646 176 32 återväxt
553 641 220 47 medgifver,
812 641 72 36 den
923 654 153 22 enorma
1109 639 315 37 virkesutförseln
1458 641 9 33 i
1504 638 132 48 sjelfva
1664 639 133 35 verket

187 693 158 36 innebär
375 707 44 22 en
446 692 411 49 kapitalförbrukning.
900 692 84 36 Men
1004 691 40 36 af
1060 692 165 35 tabellen
1246 691 168 48 framgår
1435 690 141 45 vidare,
1598 697 55 29 att
1673 693 124 44 någon

187 745 208 35 nämnvärd
430 750 138 42 export
602 744 39 35 af
669 747 67 32 vår
769 742 394 49 förädlingsindustris
1196 743 114 35 alster
1340 743 31 46 ej
1401 742 146 35 kunnat
1575 746 95 31 trots
1699 741 100 35 trak-

187 802 104 29 taten
320 796 151 35 komma
499 796 58 34 till
586 795 119 35 stånd.
760 794 85 35 Med
874 794 108 35 dessa
1010 793 126 36 siffror
1163 793 58 36 för
1251 800 148 42 ögonen
1429 793 67 35 har
1520 793 65 47 jag
1613 795 103 32 svårt
1743 797 56 30 att

188 848 201 35 instämma
418 847 9 34 i
458 846 225 48 påståendet
717 859 59 22 om
811 845 44 36 de
890 845 165 49 lyckliga
1084 845 276 47 verkningarne
1390 843 38 36 af
1454 844 203 35 traktaten.
1713 842 85 36 Men

188 904 112 42 antag
330 898 96 35 dock
456 903 55 30 att
540 901 39 32 så
608 896 181 36 förhåller
815 897 68 46 sig.
924 896 81 35 Den
1028 909 48 22 nu
1099 897 8 34 i
1129 895 206 36 Frankrike
1355 900 162 42 antagna
1537 893 93 36 tarif
1645 894 153 47 général

188 949 211 35 innehåller
429 949 10 34 i
468 948 205 35 allmänhet
702 960 140 24 samma
870 947 195 36 tullsatser
1093 959 79 24 som
1204 948 94 35 1865
1329 949 58 32 års
1416 944 264 37 traktatstarif.
1730 944 69 36 Lå-

189 1006 77 30 tom
305 1013 59 23 oss
394 1000 47 35 då
469 1012 88 23 vara
590 999 112 48 nöjda
738 999 83 35 med
852 1012 46 22 en
927 998 230 48 utveckling,
1187 998 115 35 sådan
1331 1010 78 23 som
1440 1000 66 33 vår
1533 996 163 35 industri
1727 996 70 35 och

189 1052 136 35 handel
355 1051 136 35 hittills
520 1050 92 44 haft,
636 1050 70 36 och
729 1053 58 32 må
807 1050 34 34 vi
869 1050 30 47 ej
927 1050 10 34 i
965 1049 149 36 fikande
1136 1048 96 36 efter
1253 1056 46 27 än
1319 1055 134 37 större,
1476 1060 83 22 men
1580 1047 123 35 ovissa
1722 1046 76 36 för-

190 1106 128 32 måner
346 1101 128 48 afsäga
503 1115 59 22 oss
589 1101 72 36 den
682 1106 87 39 rätt,
793 1113 79 23 som
895 1100 62 36 det
978 1100 158 35 svenska
1156 1099 119 36 folket
1294 1099 137 35 räknar
1450 1097 59 36 för
1529 1098 55 35 sin
1604 1103 193 43 yppersta,

190 1153 70 36 den
290 1153 335 49 grundlagsenliga
653 1157 127 31 rätten
809 1157 55 30 att
891 1151 84 36 fritt
1001 1152 70 35 och
1095 1156 91 31 utan
1207 1150 97 36 band
1324 1150 12 35 i
1357 1150 128 47 hvarje
1506 1149 54 36 tid
1583 1150 69 34 och
1676 1149 122 36 under

190 1205 73 35 alla
292 1204 326 48 omständigheter
646 1204 57 47 sig
731 1202 88 48 sjelf
842 1202 203 36 beskatta.»

292 1306 15 36 I
337 1307 122 35 denna
486 1306 236 35 reservation
751 1304 184 36 instämde
964 1304 141 35 Herrar
1130 1303 252 44 Reutersvärd,
1411 1301 52 37 N.
1487 1300 41 37 G.
1549 1301 105 44 Fock,
1683 1301 115 35 Löne-

186 1370 87 36 gren
303 1358 70 35 och
401 1357 141 35 Anders
570 1355 187 45 Svensson,
788 1355 97 36 Herr
912 1355 242 36 Reutersvärd
1182 1354 120 36 under
1336 1353 241 48 åberopande
1610 1353 122 35 tillika
1763 1351 39 36 af

191 1422 44 22 en
264 1408 180 49 vidfogad
474 1408 116 36 tabell
620 1405 85 48 (Bil.
735 1407 59 44 A).

394 1516 102 31 emot
525 1510 104 36 2:dra
657 1509 186 49 punkten:

294 1578 39 36 af
357 1578 140 37 Herrar
525 1578 44 36 KE.
598 1576 42 38 G.
669 1578 168 35 Boström
866 1576 70 36 och
968 1574 37 39 C.
1033 1574 45 37 A.
1107 1574 166 37 Jönsson.

294 1680 98 36 Herr
420 1680 51 36 N.
500 1680 37 36 J.
566 1680 166 36 Boström
760 1679 67 36 har
855 1678 135 48 begärt
1013 1677 36 36 få
1073 1675 240 44 antecknadt,
1339 1680 54 31 att
1421 1675 84 43 han,
1535 1678 47 44 på
1609 1674 124 48 grund
1762 1673 40 36 af

194 1731 218 48 undfången
441 1732 181 47 ledighet,
651 1732 82 35 icke
763 1730 159 47 deltagit
949 1729 10 35 i
989 1728 281 48 behandlingen
1299 1725 40 37 af
1363 1726 105 36 detta
1496 1725 251 37 betänkande.
