<?xml version="1.0" encoding="UTF-8"?>
<alto xmlns="http://www.loc.gov/standards/alto/ns-v3#" xmlns:xlink="http://www.w3.org/1999/xlink" xmlns:xsi="http://www.w3.org/2001/XMLSchema-instance" xsi:schemaLocation="http://www.loc.gov/standards/alto/ns-v3# http://www.loc.gov/alto/v3/alto-3-0.xsd">
	<Description>
		<MeasurementUnit>pixel</MeasurementUnit>
		<sourceImageInformation>
			<fileName>/tmp/tess_qb46pkg1_input.PNG</fileName>
		</sourceImageInformation>
		<OCRProcessing ID="OCR_0">
			<ocrProcessingStep>
				<processingSoftware>
					<softwareName>tesseract 5.3.0</softwareName>
				</processingSoftware>
			</ocrProcessingStep>
		</OCRProcessing>
	</Description>
	<Layout>
		<Page WIDTH="1918" HEIGHT="2824" PHYSICAL_IMG_NR="0" ID="page_0">
			<PrintSpace HPOS="0" VPOS="0" WIDTH="1918" HEIGHT="2824">
				<ComposedBlock ID="cblock_0" HPOS="553" VPOS="150" WIDTH="1100" HEIGHT="41">
					<TextBlock ID="block_0" HPOS="553" VPOS="150" WIDTH="1100" HEIGHT="41">
						<TextLine ID="line_0" HPOS="553" VPOS="150" WIDTH="1100" HEIGHT="41">
							<String ID="string_0" HPOS="553" VPOS="156" WIDTH="109" HEIGHT="28" WC="0.92" CONTENT="Andra"/><SP WIDTH="24" VPOS="156" HPOS="662"/>
							<String ID="string_1" HPOS="686" VPOS="150" WIDTH="226" HEIGHT="41" WC="0.92" CONTENT="lagutskottets"/><SP WIDTH="23" VPOS="150" HPOS="912"/>
							<String ID="string_2" HPOS="935" VPOS="154" WIDTH="167" HEIGHT="29" WC="0.96" CONTENT="utlåtande"/><SP WIDTH="23" VPOS="154" HPOS="1102"/>
							<String ID="string_3" HPOS="1125" VPOS="154" WIDTH="45" HEIGHT="29" WC="0.96" CONTENT="Nr"/><SP WIDTH="24" VPOS="154" HPOS="1170"/>
							<String ID="string_4" HPOS="1194" VPOS="156" WIDTH="49" HEIGHT="27" WC="0.95" CONTENT="55."/><SP WIDTH="394" VPOS="156" HPOS="1243"/>
							<String ID="string_5" HPOS="1637" VPOS="153" WIDTH="16" HEIGHT="30" WC="0.96" CONTENT="1"/>
						</TextLine>
					</TextBlock>
				</ComposedBlock>
				<ComposedBlock ID="cblock_1" HPOS="556" VPOS="412" WIDTH="1096" HEIGHT="150">
					<TextBlock ID="block_1" HPOS="556" VPOS="412" WIDTH="1096" HEIGHT="150">
						<TextLine ID="line_1" HPOS="824" VPOS="412" WIDTH="158" HEIGHT="42">
							<String ID="string_6" HPOS="824" VPOS="412" WIDTH="60" HEIGHT="41" WC="0.95" CONTENT="Nr"/><SP WIDTH="32" VPOS="412" HPOS="884"/>
							<String ID="string_7" HPOS="916" VPOS="412" WIDTH="66" HEIGHT="42" WC="0.63" CONTENT="59."/>
						</TextLine>
						<TextLine ID="line_2" HPOS="556" VPOS="522" WIDTH="1096" HEIGHT="40">
							<String ID="string_8" HPOS="556" VPOS="524" WIDTH="125" HEIGHT="28" WC="0.96" CONTENT="Ankom"/><SP WIDTH="24" VPOS="524" HPOS="681"/>
							<String ID="string_9" HPOS="705" VPOS="524" WIDTH="49" HEIGHT="28" WC="0.96" CONTENT="till"/><SP WIDTH="24" VPOS="524" HPOS="754"/>
							<String ID="string_10" HPOS="778" VPOS="524" WIDTH="187" HEIGHT="36" WC="0.96" CONTENT="riksdagens"/><SP WIDTH="24" VPOS="524" HPOS="965"/>
							<String ID="string_11" HPOS="989" VPOS="523" WIDTH="105" HEIGHT="28" WC="0.96" CONTENT="kansli"/><SP WIDTH="23" VPOS="523" HPOS="1094"/>
							<String ID="string_12" HPOS="1117" VPOS="523" WIDTH="62" HEIGHT="28" WC="0.96" CONTENT="den"/><SP WIDTH="27" VPOS="523" HPOS="1179"/>
							<String ID="string_13" HPOS="1206" VPOS="523" WIDTH="36" HEIGHT="28" WC="0.96" CONTENT="17"/><SP WIDTH="25" VPOS="523" HPOS="1242"/>
							<String ID="string_14" HPOS="1267" VPOS="523" WIDTH="63" HEIGHT="39" WC="0.96" CONTENT="maj"/><SP WIDTH="29" VPOS="523" HPOS="1330"/>
							<String ID="string_15" HPOS="1359" VPOS="522" WIDTH="79" HEIGHT="28" WC="0.96" CONTENT="1938"/><SP WIDTH="24" VPOS="522" HPOS="1438"/>
							<String ID="string_16" HPOS="1462" VPOS="522" WIDTH="41" HEIGHT="27" WC="0.94" CONTENT="kl."/><SP WIDTH="25" VPOS="522" HPOS="1503"/>
							<String ID="string_17" HPOS="1528" VPOS="522" WIDTH="18" HEIGHT="28" WC="0.93" CONTENT="3"/><SP WIDTH="24" VPOS="522" HPOS="1546"/>
							<String ID="string_18" HPOS="1570" VPOS="530" WIDTH="24" HEIGHT="20" WC="0.79" CONTENT="e."/><SP WIDTH="19" VPOS="530" HPOS="1594"/>
							<String ID="string_19" HPOS="1613" VPOS="531" WIDTH="39" HEIGHT="18" WC="0.92" CONTENT="m."/>
						</TextLine>
					</TextBlock>
				</ComposedBlock>
				<ComposedBlock ID="cblock_2" HPOS="468" VPOS="615" WIDTH="1190" HEIGHT="279">
					<TextBlock ID="block_2" HPOS="468" VPOS="615" WIDTH="1190" HEIGHT="279">
						<TextLine ID="line_3" HPOS="468" VPOS="615" WIDTH="1187" HEIGHT="50">
							<String ID="string_20" HPOS="468" VPOS="617" WIDTH="197" HEIGHT="36" WC="0.92" CONTENT="Utlåtande"/><SP WIDTH="26" VPOS="617" HPOS="665"/>
							<String ID="string_21" HPOS="691" VPOS="617" WIDTH="14" HEIGHT="36" WC="0.96" CONTENT="i"/><SP WIDTH="27" VPOS="617" HPOS="705"/>
							<String ID="string_22" HPOS="732" VPOS="617" WIDTH="194" HEIGHT="48" WC="0.96" CONTENT="anledning"/><SP WIDTH="30" VPOS="617" HPOS="926"/>
							<String ID="string_23" HPOS="956" VPOS="629" WIDTH="45" HEIGHT="23" WC="0.96" CONTENT="av"/><SP WIDTH="29" VPOS="629" HPOS="1001"/>
							<String ID="string_24" HPOS="1030" VPOS="616" WIDTH="73" HEIGHT="36" WC="0.96" CONTENT="dels"/><SP WIDTH="28" VPOS="616" HPOS="1103"/>
							<String ID="string_25" HPOS="1131" VPOS="616" WIDTH="134" HEIGHT="48" WC="0.96" CONTENT="Kungl."/><SP WIDTH="21" VPOS="616" HPOS="1265"/>
							<String ID="string_26" HPOS="1286" VPOS="616" WIDTH="129" HEIGHT="48" WC="0.96" CONTENT="Maj:ts"/><SP WIDTH="16" VPOS="616" HPOS="1415"/>
							<String ID="string_27" HPOS="1431" VPOS="615" WIDTH="224" HEIGHT="48" WC="0.96" CONTENT="proposition"/>
						</TextLine>
						<TextLine ID="line_4" HPOS="561" VPOS="675" WIDTH="1096" HEIGHT="52">
							<String ID="string_28" HPOS="561" VPOS="678" WIDTH="79" HEIGHT="35" WC="0.95" CONTENT="med"/><SP WIDTH="21" VPOS="678" HPOS="640"/>
							<String ID="string_29" HPOS="661" VPOS="678" WIDTH="146" HEIGHT="49" WC="0.95" CONTENT="förslag"/><SP WIDTH="26" VPOS="678" HPOS="807"/>
							<String ID="string_30" HPOS="833" VPOS="677" WIDTH="57" HEIGHT="36" WC="0.96" CONTENT="till"/><SP WIDTH="29" VPOS="677" HPOS="890"/>
							<String ID="string_31" HPOS="919" VPOS="677" WIDTH="60" HEIGHT="48" WC="0.96" CONTENT="lag"/><SP WIDTH="29" VPOS="677" HPOS="979"/>
							<String ID="string_32" HPOS="1008" VPOS="677" WIDTH="184" HEIGHT="48" WC="0.25" CONTENT="angående"/><SP WIDTH="23" VPOS="677" HPOS="1192"/>
							<String ID="string_33" HPOS="1215" VPOS="676" WIDTH="155" HEIGHT="49" WC="0.96" CONTENT="ändring"/><SP WIDTH="29" VPOS="676" HPOS="1370"/>
							<String ID="string_34" HPOS="1399" VPOS="676" WIDTH="14" HEIGHT="35" WC="0.92" CONTENT="i"/><SP WIDTH="27" VPOS="676" HPOS="1413"/>
							<String ID="string_35" HPOS="1440" VPOS="677" WIDTH="97" HEIGHT="35" WC="0.96" CONTENT="vissa"/><SP WIDTH="19" VPOS="677" HPOS="1537"/>
							<String ID="string_36" HPOS="1556" VPOS="675" WIDTH="101" HEIGHT="36" WC="0.95" CONTENT="delar"/>
						</TextLine>
						<TextLine ID="line_5" HPOS="565" VPOS="736" WIDTH="1090" HEIGHT="50">
							<String ID="string_37" HPOS="565" VPOS="751" WIDTH="43" HEIGHT="22" WC="0.96" CONTENT="av"/><SP WIDTH="30" VPOS="751" HPOS="608"/>
							<String ID="string_38" HPOS="638" VPOS="738" WIDTH="103" HEIGHT="48" WC="0.96" CONTENT="lagen"/><SP WIDTH="33" VPOS="738" HPOS="741"/>
							<String ID="string_39" HPOS="774" VPOS="738" WIDTH="66" HEIGHT="35" WC="0.96" CONTENT="den"/><SP WIDTH="29" VPOS="738" HPOS="840"/>
							<String ID="string_40" HPOS="869" VPOS="738" WIDTH="49" HEIGHT="35" WC="0.96" CONTENT="12"/><SP WIDTH="28" VPOS="738" HPOS="918"/>
							<String ID="string_41" HPOS="946" VPOS="737" WIDTH="88" HEIGHT="48" WC="0.94" CONTENT="juni"/><SP WIDTH="35" VPOS="737" HPOS="1034"/>
							<String ID="string_42" HPOS="1069" VPOS="737" WIDTH="96" HEIGHT="36" WC="0.94" CONTENT="1931"/><SP WIDTH="36" VPOS="737" HPOS="1165"/>
							<String ID="string_43" HPOS="1201" VPOS="737" WIDTH="62" HEIGHT="46" WC="0.94" CONTENT="(nr"/><SP WIDTH="27" VPOS="737" HPOS="1263"/>
							<String ID="string_44" HPOS="1290" VPOS="736" WIDTH="96" HEIGHT="43" WC="0.65" CONTENT="235)"/><SP WIDTH="30" VPOS="736" HPOS="1386"/>
							<String ID="string_45" HPOS="1416" VPOS="749" WIDTH="55" HEIGHT="23" WC="0.93" CONTENT="om"/><SP WIDTH="29" VPOS="749" HPOS="1471"/>
							<String ID="string_46" HPOS="1500" VPOS="736" WIDTH="155" HEIGHT="36" WC="0.88" CONTENT="behand-"/>
						</TextLine>
						<TextLine ID="line_6" HPOS="562" VPOS="796" WIDTH="1096" HEIGHT="50">
							<String ID="string_47" HPOS="562" VPOS="798" WIDTH="74" HEIGHT="48" WC="0.95" CONTENT="ling"/><SP WIDTH="30" VPOS="798" HPOS="636"/>
							<String ID="string_48" HPOS="666" VPOS="811" WIDTH="43" HEIGHT="22" WC="0.96" CONTENT="av"/><SP WIDTH="30" VPOS="811" HPOS="709"/>
							<String ID="string_49" HPOS="739" VPOS="798" WIDTH="228" HEIGHT="36" WC="0.93" CONTENT="alkoholister"/><SP WIDTH="23" VPOS="798" HPOS="967"/>
							<String ID="string_50" HPOS="990" VPOS="796" WIDTH="295" HEIGHT="49" WC="0.91" CONTENT="(alkoholistlag),"/><SP WIDTH="31" VPOS="796" HPOS="1285"/>
							<String ID="string_51" HPOS="1316" VPOS="796" WIDTH="75" HEIGHT="36" WC="0.96" CONTENT="dels"/><SP WIDTH="28" VPOS="796" HPOS="1391"/>
							<String ID="string_52" HPOS="1419" VPOS="796" WIDTH="62" HEIGHT="36" WC="0.96" CONTENT="ock"/><SP WIDTH="27" VPOS="796" HPOS="1481"/>
							<String ID="string_53" HPOS="1508" VPOS="797" WIDTH="14" HEIGHT="34" WC="0.89" CONTENT="i"/><SP WIDTH="18" VPOS="797" HPOS="1522"/>
							<String ID="string_54" HPOS="1540" VPOS="797" WIDTH="118" HEIGHT="34" WC="0.95" CONTENT="ämnet"/>
						</TextLine>
						<TextLine ID="line_7" HPOS="564" VPOS="858" WIDTH="330" HEIGHT="36">
							<String ID="string_55" HPOS="564" VPOS="859" WIDTH="124" HEIGHT="35" WC="0.96" CONTENT="väckta"/><SP WIDTH="28" VPOS="859" HPOS="688"/>
							<String ID="string_56" HPOS="716" VPOS="858" WIDTH="178" HEIGHT="36" WC="0.95" CONTENT="motioner."/>
						</TextLine>
					</TextBlock>
				</ComposedBlock>
				<ComposedBlock ID="cblock_3" HPOS="149" VPOS="947" WIDTH="1501" HEIGHT="146">
					<TextBlock ID="block_3" HPOS="149" VPOS="947" WIDTH="1501" HEIGHT="146">
						<TextLine ID="line_8" HPOS="204" VPOS="947" WIDTH="1445" HEIGHT="45">
							<String ID="string_57" HPOS="204" VPOS="951" WIDTH="132" HEIGHT="31" WC="0.96" CONTENT="Genom"/><SP WIDTH="24" VPOS="951" HPOS="336"/>
							<String ID="string_58" HPOS="360" VPOS="962" WIDTH="42" HEIGHT="20" WC="0.96" CONTENT="en"/><SP WIDTH="24" VPOS="962" HPOS="402"/>
							<String ID="string_59" HPOS="426" VPOS="951" WIDTH="65" HEIGHT="31" WC="0.96" CONTENT="den"/><SP WIDTH="26" VPOS="951" HPOS="491"/>
							<String ID="string_60" HPOS="517" VPOS="951" WIDTH="38" HEIGHT="30" WC="0.96" CONTENT="12"/><SP WIDTH="24" VPOS="951" HPOS="555"/>
							<String ID="string_61" HPOS="579" VPOS="962" WIDTH="88" HEIGHT="20" WC="0.96" CONTENT="mars"/><SP WIDTH="25" VPOS="962" HPOS="667"/>
							<String ID="string_62" HPOS="692" VPOS="951" WIDTH="81" HEIGHT="31" WC="0.93" CONTENT="1938"/><SP WIDTH="24" VPOS="951" HPOS="773"/>
							<String ID="string_63" HPOS="797" VPOS="950" WIDTH="212" HEIGHT="42" WC="0.90" CONTENT="dagtecknad"/><SP WIDTH="23" VPOS="950" HPOS="1009"/>
							<String ID="string_64" HPOS="1032" VPOS="950" WIDTH="225" HEIGHT="41" WC="0.95" CONTENT="proposition,"/><SP WIDTH="25" VPOS="950" HPOS="1257"/>
							<String ID="string_65" HPOS="1282" VPOS="960" WIDTH="40" HEIGHT="20" WC="0.96" CONTENT="nr"/><SP WIDTH="23" VPOS="960" HPOS="1322"/>
							<String ID="string_66" HPOS="1345" VPOS="949" WIDTH="70" HEIGHT="38" WC="0.96" CONTENT="207,"/><SP WIDTH="24" VPOS="949" HPOS="1415"/>
							<String ID="string_67" HPOS="1439" VPOS="949" WIDTH="61" HEIGHT="31" WC="0.96" CONTENT="har"/><SP WIDTH="23" VPOS="949" HPOS="1500"/>
							<String ID="string_68" HPOS="1523" VPOS="947" WIDTH="126" HEIGHT="42" WC="0.95" CONTENT="Kungl."/>
						</TextLine>
						<TextLine ID="line_9" HPOS="149" VPOS="998" WIDTH="1501" HEIGHT="45">
							<String ID="string_69" HPOS="149" VPOS="1002" WIDTH="111" HEIGHT="41" WC="0.95" CONTENT="Maj:t,"/><SP WIDTH="26" VPOS="1002" HPOS="260"/>
							<String ID="string_70" HPOS="286" VPOS="1002" WIDTH="108" HEIGHT="31" WC="0.96" CONTENT="under"/><SP WIDTH="23" VPOS="1002" HPOS="394"/>
							<String ID="string_71" HPOS="417" VPOS="1001" WIDTH="215" HEIGHT="42" WC="0.96" CONTENT="åberopande"/><SP WIDTH="25" VPOS="1001" HPOS="632"/>
							<String ID="string_72" HPOS="657" VPOS="1012" WIDTH="41" HEIGHT="20" WC="0.96" CONTENT="av"/><SP WIDTH="23" VPOS="1012" HPOS="698"/>
							<String ID="string_73" HPOS="721" VPOS="1001" WIDTH="261" HEIGHT="41" WC="0.92" CONTENT="propositionen"/><SP WIDTH="24" VPOS="1001" HPOS="982"/>
							<String ID="string_74" HPOS="1006" VPOS="1000" WIDTH="139" HEIGHT="41" WC="0.92" CONTENT="bilagda"/><SP WIDTH="22" VPOS="1000" HPOS="1145"/>
							<String ID="string_75" HPOS="1167" VPOS="1000" WIDTH="12" HEIGHT="30" WC="0.97" CONTENT="i"/><SP WIDTH="24" VPOS="1000" HPOS="1179"/>
							<String ID="string_76" HPOS="1203" VPOS="999" WIDTH="184" HEIGHT="32" WC="0.96" CONTENT="statsrådet"/><SP WIDTH="25" VPOS="999" HPOS="1387"/>
							<String ID="string_77" HPOS="1412" VPOS="999" WIDTH="63" HEIGHT="31" WC="0.96" CONTENT="och"/><SP WIDTH="24" VPOS="999" HPOS="1475"/>
							<String ID="string_78" HPOS="1499" VPOS="998" WIDTH="151" HEIGHT="42" WC="0.96" CONTENT="lagrådet"/>
						</TextLine>
						<TextLine ID="line_10" HPOS="151" VPOS="1048" WIDTH="1315" HEIGHT="45">
							<String ID="string_79" HPOS="151" VPOS="1052" WIDTH="98" HEIGHT="32" WC="0.96" CONTENT="förda"/><SP WIDTH="21" VPOS="1052" HPOS="249"/>
							<String ID="string_80" HPOS="270" VPOS="1051" WIDTH="180" HEIGHT="42" WC="0.95" CONTENT="protokoll,"/><SP WIDTH="23" VPOS="1051" HPOS="450"/>
							<String ID="string_81" HPOS="473" VPOS="1051" WIDTH="178" HEIGHT="41" WC="0.96" CONTENT="föreslagit"/><SP WIDTH="21" VPOS="1051" HPOS="651"/>
							<String ID="string_82" HPOS="672" VPOS="1050" WIDTH="181" HEIGHT="42" WC="0.96" CONTENT="riksdagen"/><SP WIDTH="22" VPOS="1050" HPOS="853"/>
							<String ID="string_83" HPOS="875" VPOS="1052" WIDTH="49" HEIGHT="30" WC="0.96" CONTENT="att"/><SP WIDTH="21" VPOS="1052" HPOS="924"/>
							<String ID="string_84" HPOS="945" VPOS="1052" WIDTH="122" HEIGHT="40" WC="0.96" CONTENT="antaga"/><SP WIDTH="22" VPOS="1052" HPOS="1067"/>
							<String ID="string_85" HPOS="1089" VPOS="1049" WIDTH="152" HEIGHT="42" WC="0.96" CONTENT="följande"/><SP WIDTH="22" VPOS="1049" HPOS="1241"/>
							<String ID="string_86" HPOS="1263" VPOS="1048" WIDTH="129" HEIGHT="42" WC="0.95" CONTENT="förslag"/><SP WIDTH="20" VPOS="1048" HPOS="1392"/>
							<String ID="string_87" HPOS="1412" VPOS="1049" WIDTH="54" HEIGHT="31" WC="0.96" CONTENT="till"/>
						</TextLine>
					</TextBlock>
				</ComposedBlock>
				<ComposedBlock ID="cblock_4" HPOS="836" VPOS="1150" WIDTH="132" HEIGHT="51">
					<TextBlock ID="block_4" HPOS="836" VPOS="1150" WIDTH="132" HEIGHT="51">
						<TextLine ID="line_11" HPOS="836" VPOS="1150" WIDTH="132" HEIGHT="51">
							<String ID="string_88" HPOS="836" VPOS="1150" WIDTH="132" HEIGHT="51" WC="0.93" CONTENT="Lag"/>
						</TextLine>
					</TextBlock>
				</ComposedBlock>
				<ComposedBlock ID="cblock_5" HPOS="212" VPOS="1226" WIDTH="1379" HEIGHT="94">
					<TextBlock ID="block_5" HPOS="212" VPOS="1226" WIDTH="1379" HEIGHT="94">
						<TextLine ID="line_12" HPOS="212" VPOS="1226" WIDTH="1379" HEIGHT="45">
							<String ID="string_89" HPOS="212" VPOS="1229" WIDTH="179" HEIGHT="42" WC="0.95" CONTENT="angående"/><SP WIDTH="24" VPOS="1229" HPOS="391"/>
							<String ID="string_90" HPOS="415" VPOS="1230" WIDTH="153" HEIGHT="39" WC="0.96" CONTENT="ändring"/><SP WIDTH="23" VPOS="1230" HPOS="568"/>
							<String ID="string_91" HPOS="591" VPOS="1230" WIDTH="13" HEIGHT="31" WC="0.96" CONTENT="i"/><SP WIDTH="23" VPOS="1230" HPOS="604"/>
							<String ID="string_92" HPOS="627" VPOS="1229" WIDTH="95" HEIGHT="33" WC="0.96" CONTENT="vissa"/><SP WIDTH="23" VPOS="1229" HPOS="722"/>
							<String ID="string_93" HPOS="745" VPOS="1229" WIDTH="100" HEIGHT="32" WC="0.96" CONTENT="delar"/><SP WIDTH="23" VPOS="1229" HPOS="845"/>
							<String ID="string_94" HPOS="868" VPOS="1238" WIDTH="42" HEIGHT="23" WC="0.96" CONTENT="av"/><SP WIDTH="22" VPOS="1238" HPOS="910"/>
							<String ID="string_95" HPOS="932" VPOS="1229" WIDTH="104" HEIGHT="39" WC="0.96" CONTENT="lagen"/><SP WIDTH="23" VPOS="1229" HPOS="1036"/>
							<String ID="string_96" HPOS="1059" VPOS="1228" WIDTH="68" HEIGHT="32" WC="0.96" CONTENT="den"/><SP WIDTH="25" VPOS="1228" HPOS="1127"/>
							<String ID="string_97" HPOS="1152" VPOS="1227" WIDTH="41" HEIGHT="32" WC="0.96" CONTENT="12"/><SP WIDTH="20" VPOS="1227" HPOS="1193"/>
							<String ID="string_98" HPOS="1213" VPOS="1227" WIDTH="82" HEIGHT="42" WC="0.96" CONTENT="juni"/><SP WIDTH="26" VPOS="1227" HPOS="1295"/>
							<String ID="string_99" HPOS="1321" VPOS="1227" WIDTH="84" HEIGHT="32" WC="0.95" CONTENT="1931"/><SP WIDTH="28" VPOS="1227" HPOS="1405"/>
							<String ID="string_100" HPOS="1433" VPOS="1226" WIDTH="56" HEIGHT="42" WC="0.96" CONTENT="(nr"/><SP WIDTH="23" VPOS="1226" HPOS="1489"/>
							<String ID="string_101" HPOS="1512" VPOS="1226" WIDTH="79" HEIGHT="42" WC="0.95" CONTENT="233)"/>
						</TextLine>
						<TextLine ID="line_13" HPOS="434" VPOS="1278" WIDTH="944" HEIGHT="42">
							<String ID="string_102" HPOS="434" VPOS="1289" WIDTH="57" HEIGHT="24" WC="0.96" CONTENT="om"/><SP WIDTH="23" VPOS="1289" HPOS="491"/>
							<String ID="string_103" HPOS="514" VPOS="1280" WIDTH="219" HEIGHT="40" WC="0.96" CONTENT="behandling"/><SP WIDTH="23" VPOS="1280" HPOS="733"/>
							<String ID="string_104" HPOS="756" VPOS="1289" WIDTH="40" HEIGHT="23" WC="0.96" CONTENT="av"/><SP WIDTH="24" VPOS="1289" HPOS="796"/>
							<String ID="string_105" HPOS="820" VPOS="1279" WIDTH="239" HEIGHT="33" WC="0.93" CONTENT="alkoholister"/><SP WIDTH="23" VPOS="1279" HPOS="1059"/>
							<String ID="string_106" HPOS="1082" VPOS="1278" WIDTH="296" HEIGHT="41" WC="0.90" CONTENT="(alkoholistlag)."/>
						</TextLine>
					</TextBlock>
				</ComposedBlock>
				<ComposedBlock ID="cblock_6" HPOS="146" VPOS="1354" WIDTH="1509" HEIGHT="516">
					<TextBlock ID="block_6" HPOS="146" VPOS="1354" WIDTH="1509" HEIGHT="247">
						<TextLine ID="line_14" HPOS="202" VPOS="1354" WIDTH="1451" HEIGHT="45">
							<String ID="string_107" HPOS="202" VPOS="1357" WIDTH="212" HEIGHT="42" WC="0.95" CONTENT="Härigenom"/><SP WIDTH="27" VPOS="1357" HPOS="414"/>
							<String ID="string_108" HPOS="441" VPOS="1357" WIDTH="191" HEIGHT="38" WC="0.95" CONTENT="förordnas,"/><SP WIDTH="25" VPOS="1357" HPOS="632"/>
							<String ID="string_109" HPOS="657" VPOS="1358" WIDTH="50" HEIGHT="30" WC="0.96" CONTENT="att"/><SP WIDTH="22" VPOS="1358" HPOS="707"/>
							<String ID="string_110" HPOS="729" VPOS="1356" WIDTH="202" HEIGHT="32" WC="0.96" CONTENT="rubrikerna"/><SP WIDTH="22" VPOS="1356" HPOS="931"/>
							<String ID="string_111" HPOS="953" VPOS="1355" WIDTH="54" HEIGHT="32" WC="0.96" CONTENT="till"/><SP WIDTH="23" VPOS="1355" HPOS="1007"/>
							<String ID="string_112" HPOS="1030" VPOS="1356" WIDTH="28" HEIGHT="37" WC="0.94" CONTENT="2,"/><SP WIDTH="24" VPOS="1356" HPOS="1058"/>
							<String ID="string_113" HPOS="1082" VPOS="1356" WIDTH="19" HEIGHT="30" WC="0.95" CONTENT="3"/><SP WIDTH="24" VPOS="1356" HPOS="1101"/>
							<String ID="string_114" HPOS="1125" VPOS="1355" WIDTH="64" HEIGHT="31" WC="0.96" CONTENT="och"/><SP WIDTH="23" VPOS="1355" HPOS="1189"/>
							<String ID="string_115" HPOS="1212" VPOS="1356" WIDTH="21" HEIGHT="29" WC="0.96" CONTENT="4"/><SP WIDTH="21" VPOS="1356" HPOS="1233"/>
							<String ID="string_116" HPOS="1254" VPOS="1354" WIDTH="76" HEIGHT="41" WC="0.96" CONTENT="kap."/><SP WIDTH="26" VPOS="1354" HPOS="1330"/>
							<String ID="string_117" HPOS="1356" VPOS="1356" WIDTH="88" HEIGHT="29" WC="0.93" CONTENT="samt"/><SP WIDTH="25" VPOS="1356" HPOS="1444"/>
							<String ID="string_118" HPOS="1469" VPOS="1354" WIDTH="113" HEIGHT="40" WC="0.82" CONTENT="1—17,"/><SP WIDTH="23" VPOS="1354" HPOS="1582"/>
							<String ID="string_119" HPOS="1605" VPOS="1354" WIDTH="48" HEIGHT="37" WC="0.96" CONTENT="20,"/>
						</TextLine>
						<TextLine ID="line_15" HPOS="146" VPOS="1404" WIDTH="1508" HEIGHT="44">
							<String ID="string_120" HPOS="146" VPOS="1409" WIDTH="52" HEIGHT="36" WC="0.96" CONTENT="28,"/><SP WIDTH="25" VPOS="1409" HPOS="198"/>
							<String ID="string_121" HPOS="223" VPOS="1409" WIDTH="49" HEIGHT="38" WC="0.96" CONTENT="29,"/><SP WIDTH="23" VPOS="1409" HPOS="272"/>
							<String ID="string_122" HPOS="295" VPOS="1409" WIDTH="50" HEIGHT="37" WC="0.95" CONTENT="43,"/><SP WIDTH="24" VPOS="1409" HPOS="345"/>
							<String ID="string_123" HPOS="369" VPOS="1409" WIDTH="51" HEIGHT="37" WC="0.96" CONTENT="47,"/><SP WIDTH="23" VPOS="1409" HPOS="420"/>
							<String ID="string_124" HPOS="443" VPOS="1408" WIDTH="50" HEIGHT="38" WC="0.93" CONTENT="48,"/><SP WIDTH="25" VPOS="1408" HPOS="493"/>
							<String ID="string_125" HPOS="518" VPOS="1407" WIDTH="133" HEIGHT="38" WC="0.89" CONTENT="51—53,"/><SP WIDTH="24" VPOS="1407" HPOS="651"/>
							<String ID="string_126" HPOS="675" VPOS="1407" WIDTH="50" HEIGHT="38" WC="0.95" CONTENT="55,"/><SP WIDTH="17" VPOS="1407" HPOS="725"/>
							<String ID="string_127" HPOS="742" VPOS="1407" WIDTH="41" HEIGHT="31" WC="0.96" CONTENT="60"/><SP WIDTH="23" VPOS="1407" HPOS="783"/>
							<String ID="string_128" HPOS="806" VPOS="1406" WIDTH="63" HEIGHT="32" WC="0.96" CONTENT="och"/><SP WIDTH="19" VPOS="1406" HPOS="869"/>
							<String ID="string_129" HPOS="888" VPOS="1408" WIDTH="39" HEIGHT="29" WC="0.96" CONTENT="62"/><SP WIDTH="16" VPOS="1408" HPOS="927"/>
							<String ID="string_130" HPOS="943" VPOS="1405" WIDTH="45" HEIGHT="43" WC="0.47" CONTENT="$$"/><SP WIDTH="14" VPOS="1405" HPOS="988"/>
							<String ID="string_131" HPOS="1002" VPOS="1406" WIDTH="99" HEIGHT="41" WC="0.96" CONTENT="lagen"/><SP WIDTH="17" VPOS="1406" HPOS="1101"/>
							<String ID="string_132" HPOS="1118" VPOS="1405" WIDTH="66" HEIGHT="31" WC="0.96" CONTENT="den"/><SP WIDTH="19" VPOS="1405" HPOS="1184"/>
							<String ID="string_133" HPOS="1203" VPOS="1406" WIDTH="38" HEIGHT="30" WC="0.95" CONTENT="12"/><SP WIDTH="14" VPOS="1406" HPOS="1241"/>
							<String ID="string_134" HPOS="1255" VPOS="1404" WIDTH="64" HEIGHT="42" WC="0.95" CONTENT="juli"/><SP WIDTH="18" VPOS="1404" HPOS="1319"/>
							<String ID="string_135" HPOS="1337" VPOS="1405" WIDTH="74" HEIGHT="31" WC="0.96" CONTENT="1931"/><SP WIDTH="23" VPOS="1405" HPOS="1411"/>
							<String ID="string_136" HPOS="1434" VPOS="1415" WIDTH="55" HEIGHT="20" WC="0.93" CONTENT="om"/><SP WIDTH="17" VPOS="1415" HPOS="1489"/>
							<String ID="string_137" HPOS="1506" VPOS="1404" WIDTH="148" HEIGHT="31" WC="0.92" CONTENT="behand-"/>
						</TextLine>
						<TextLine ID="line_16" HPOS="148" VPOS="1454" WIDTH="1507" HEIGHT="46">
							<String ID="string_138" HPOS="148" VPOS="1459" WIDTH="73" HEIGHT="41" WC="0.96" CONTENT="ling"/><SP WIDTH="33" VPOS="1459" HPOS="221"/>
							<String ID="string_139" HPOS="254" VPOS="1470" WIDTH="41" HEIGHT="20" WC="0.96" CONTENT="av"/><SP WIDTH="33" VPOS="1470" HPOS="295"/>
							<String ID="string_140" HPOS="328" VPOS="1458" WIDTH="225" HEIGHT="32" WC="0.63" CONTENT="alkoholister"/><SP WIDTH="33" VPOS="1458" HPOS="553"/>
							<String ID="string_141" HPOS="586" VPOS="1456" WIDTH="273" HEIGHT="42" WC="0.91" CONTENT="(alkoholistlag),"/><SP WIDTH="36" VPOS="1456" HPOS="859"/>
							<String ID="string_142" HPOS="895" VPOS="1458" WIDTH="49" HEIGHT="36" WC="0.96" CONTENT="10,"/><SP WIDTH="27" VPOS="1458" HPOS="944"/>
							<String ID="string_143" HPOS="971" VPOS="1458" WIDTH="47" HEIGHT="35" WC="0.96" CONTENT="11,"/><SP WIDTH="25" VPOS="1458" HPOS="1018"/>
							<String ID="string_144" HPOS="1043" VPOS="1457" WIDTH="49" HEIGHT="37" WC="0.96" CONTENT="29,"/><SP WIDTH="24" VPOS="1457" HPOS="1092"/>
							<String ID="string_145" HPOS="1116" VPOS="1456" WIDTH="38" HEIGHT="30" WC="0.94" CONTENT="51"/><SP WIDTH="30" VPOS="1456" HPOS="1154"/>
							<String ID="string_146" HPOS="1184" VPOS="1455" WIDTH="64" HEIGHT="31" WC="0.96" CONTENT="och"/><SP WIDTH="24" VPOS="1455" HPOS="1248"/>
							<String ID="string_147" HPOS="1272" VPOS="1455" WIDTH="40" HEIGHT="31" WC="0.95" CONTENT="52"/><SP WIDTH="23" VPOS="1455" HPOS="1312"/>
							<String ID="string_148" HPOS="1335" VPOS="1454" WIDTH="44" HEIGHT="42" WC="0.68" CONTENT="$$"/><SP WIDTH="23" VPOS="1454" HPOS="1379"/>
							<String ID="string_149" HPOS="1402" VPOS="1455" WIDTH="128" HEIGHT="31" WC="0.96" CONTENT="sådana"/><SP WIDTH="23" VPOS="1455" HPOS="1530"/>
							<String ID="string_150" HPOS="1553" VPOS="1455" WIDTH="102" HEIGHT="30" WC="0.95" CONTENT="dessa"/>
						</TextLine>
						<TextLine ID="line_17" HPOS="147" VPOS="1504" WIDTH="1508" HEIGHT="47">
							<String ID="string_151" HPOS="147" VPOS="1510" WIDTH="133" HEIGHT="41" WC="0.96" CONTENT="lagrum"/><SP WIDTH="24" VPOS="1510" HPOS="280"/>
							<String ID="string_152" HPOS="304" VPOS="1509" WIDTH="96" HEIGHT="31" WC="0.96" CONTENT="skola"/><SP WIDTH="22" VPOS="1509" HPOS="400"/>
							<String ID="string_153" HPOS="422" VPOS="1508" WIDTH="81" HEIGHT="42" WC="0.96" CONTENT="lyda"/><SP WIDTH="24" VPOS="1508" HPOS="503"/>
							<String ID="string_154" HPOS="527" VPOS="1508" WIDTH="106" HEIGHT="41" WC="0.96" CONTENT="enligt"/><SP WIDTH="22" VPOS="1508" HPOS="633"/>
							<String ID="string_155" HPOS="655" VPOS="1508" WIDTH="56" HEIGHT="41" WC="0.96" CONTENT="lag"/><SP WIDTH="26" VPOS="1508" HPOS="711"/>
							<String ID="string_156" HPOS="737" VPOS="1507" WIDTH="65" HEIGHT="31" WC="0.96" CONTENT="den"/><SP WIDTH="28" VPOS="1507" HPOS="802"/>
							<String ID="string_157" HPOS="830" VPOS="1507" WIDTH="19" HEIGHT="31" WC="0.96" CONTENT="9"/><SP WIDTH="17" VPOS="1507" HPOS="849"/>
							<String ID="string_158" HPOS="866" VPOS="1506" WIDTH="87" HEIGHT="41" WC="0.95" CONTENT="april"/><SP WIDTH="19" VPOS="1506" HPOS="953"/>
							<String ID="string_159" HPOS="972" VPOS="1507" WIDTH="79" HEIGHT="30" WC="0.95" CONTENT="1937"/><SP WIDTH="28" VPOS="1507" HPOS="1051"/>
							<String ID="string_160" HPOS="1079" VPOS="1506" WIDTH="51" HEIGHT="41" WC="0.96" CONTENT="(nr"/><SP WIDTH="17" VPOS="1506" HPOS="1130"/>
							<String ID="string_161" HPOS="1147" VPOS="1505" WIDTH="81" HEIGHT="42" WC="0.96" CONTENT="128),"/><SP WIDTH="25" VPOS="1505" HPOS="1228"/>
							<String ID="string_162" HPOS="1253" VPOS="1505" WIDTH="96" HEIGHT="32" WC="0.96" CONTENT="skola"/><SP WIDTH="25" VPOS="1505" HPOS="1349"/>
							<String ID="string_163" HPOS="1374" VPOS="1504" WIDTH="127" HEIGHT="32" WC="0.96" CONTENT="erhålla"/><SP WIDTH="23" VPOS="1504" HPOS="1501"/>
							<String ID="string_164" HPOS="1524" VPOS="1504" WIDTH="131" HEIGHT="31" WC="0.96" CONTENT="ändrad"/>
						</TextLine>
						<TextLine ID="line_18" HPOS="149" VPOS="1558" WIDTH="605" HEIGHT="43">
							<String ID="string_165" HPOS="149" VPOS="1560" WIDTH="133" HEIGHT="41" WC="0.96" CONTENT="lydelse"/><SP WIDTH="23" VPOS="1560" HPOS="282"/>
							<String ID="string_166" HPOS="305" VPOS="1561" WIDTH="44" HEIGHT="39" WC="0.96" CONTENT="på"/><SP WIDTH="23" VPOS="1561" HPOS="349"/>
							<String ID="string_167" HPOS="372" VPOS="1560" WIDTH="68" HEIGHT="30" WC="0.96" CONTENT="sätt"/><SP WIDTH="23" VPOS="1560" HPOS="440"/>
							<String ID="string_168" HPOS="463" VPOS="1558" WIDTH="112" HEIGHT="32" WC="0.93" CONTENT="nedan"/><SP WIDTH="24" VPOS="1558" HPOS="575"/>
							<String ID="string_169" HPOS="599" VPOS="1558" WIDTH="155" HEIGHT="41" WC="0.91" CONTENT="angives:"/>
						</TextLine>
					</TextBlock>
					<TextBlock ID="block_7" HPOS="865" VPOS="1615" WIDTH="69" HEIGHT="42">
						<TextLine ID="line_19" HPOS="865" VPOS="1615" WIDTH="69" HEIGHT="42">
							<String ID="string_170" HPOS="865" VPOS="1615" WIDTH="69" HEIGHT="42" WC="0.73" CONTENT="18."/>
						</TextLine>
					</TextBlock>
					<TextBlock ID="block_8" HPOS="201" VPOS="1670" WIDTH="661" HEIGHT="48">
						<TextLine ID="line_20" HPOS="201" VPOS="1670" WIDTH="661" HEIGHT="48">
							<String ID="string_171" HPOS="201" VPOS="1670" WIDTH="49" HEIGHT="39" WC="0.96" CONTENT="Är"/><SP WIDTH="22" VPOS="1670" HPOS="250"/>
							<String ID="string_172" HPOS="272" VPOS="1679" WIDTH="112" HEIGHT="39" WC="0.93" CONTENT="någon"/><SP WIDTH="23" VPOS="1679" HPOS="384"/>
							<String ID="string_173" HPOS="407" VPOS="1695" WIDTH="41" HEIGHT="4" WC="0.92" CONTENT="—"/><SP WIDTH="23" VPOS="1695" HPOS="448"/>
							<String ID="string_174" HPOS="471" VPOS="1695" WIDTH="40" HEIGHT="3" WC="0.90" CONTENT="—"/><SP WIDTH="23" VPOS="1695" HPOS="511"/>
							<String ID="string_175" HPOS="534" VPOS="1694" WIDTH="41" HEIGHT="4" WC="0.92" CONTENT="—"/><SP WIDTH="23" VPOS="1694" HPOS="575"/>
							<String ID="string_176" HPOS="598" VPOS="1675" WIDTH="187" HEIGHT="41" WC="0.96" CONTENT="ordentligt"/><SP WIDTH="22" VPOS="1675" HPOS="785"/>
							<String ID="string_177" HPOS="807" VPOS="1674" WIDTH="55" HEIGHT="32" WC="0.96" CONTENT="liv."/>
						</TextLine>
					</TextBlock>
					<TextBlock ID="block_9" HPOS="150" VPOS="1721" WIDTH="1505" HEIGHT="149">
						<TextLine ID="line_21" HPOS="202" VPOS="1721" WIDTH="1453" HEIGHT="48">
							<String ID="string_178" HPOS="202" VPOS="1728" WIDTH="73" HEIGHT="41" WC="0.96" CONTENT="Lag"/><SP WIDTH="23" VPOS="1728" HPOS="275"/>
							<String ID="string_179" HPOS="298" VPOS="1738" WIDTH="130" HEIGHT="21" WC="0.96" CONTENT="samma"/><SP WIDTH="21" VPOS="1738" HPOS="428"/>
							<String ID="string_180" HPOS="449" VPOS="1738" WIDTH="89" HEIGHT="28" WC="0.95" CONTENT="vare,"/><SP WIDTH="25" VPOS="1738" HPOS="538"/>
							<String ID="string_181" HPOS="563" VPOS="1726" WIDTH="60" HEIGHT="32" WC="0.96" CONTENT="där"/><SP WIDTH="23" VPOS="1726" HPOS="623"/>
							<String ID="string_182" HPOS="646" VPOS="1728" WIDTH="121" HEIGHT="40" WC="0.95" CONTENT="någon,"/><SP WIDTH="25" VPOS="1728" HPOS="767"/>
							<String ID="string_183" HPOS="792" VPOS="1736" WIDTH="73" HEIGHT="21" WC="0.96" CONTENT="som"/><SP WIDTH="25" VPOS="1736" HPOS="865"/>
							<String ID="string_184" HPOS="890" VPOS="1726" WIDTH="36" HEIGHT="30" WC="0.93" CONTENT="är"/><SP WIDTH="23" VPOS="1726" HPOS="926"/>
							<String ID="string_185" HPOS="949" VPOS="1724" WIDTH="184" HEIGHT="32" WC="0.90" CONTENT="hemfallen"/><SP WIDTH="25" VPOS="1724" HPOS="1133"/>
							<String ID="string_186" HPOS="1158" VPOS="1725" WIDTH="34" HEIGHT="30" WC="0.96" CONTENT="åt"/><SP WIDTH="22" VPOS="1725" HPOS="1192"/>
							<String ID="string_187" HPOS="1214" VPOS="1722" WIDTH="325" HEIGHT="38" WC="0.96" CONTENT="alkoholmissbruk,"/><SP WIDTH="17" VPOS="1722" HPOS="1539"/>
							<String ID="string_188" HPOS="1556" VPOS="1721" WIDTH="99" HEIGHT="32" WC="0.96" CONTENT="blivit"/>
						</TextLine>
						<TextLine ID="line_22" HPOS="150" VPOS="1773" WIDTH="1504" HEIGHT="42">
							<String ID="string_189" HPOS="150" VPOS="1778" WIDTH="111" HEIGHT="32" WC="0.96" CONTENT="under"/><SP WIDTH="22" VPOS="1778" HPOS="261"/>
							<String ID="string_190" HPOS="283" VPOS="1778" WIDTH="42" HEIGHT="31" WC="0.95" CONTENT="de"/><SP WIDTH="24" VPOS="1778" HPOS="325"/>
							<String ID="string_191" HPOS="349" VPOS="1780" WIDTH="55" HEIGHT="29" WC="0.96" CONTENT="två"/><SP WIDTH="24" VPOS="1780" HPOS="404"/>
							<String ID="string_192" HPOS="428" VPOS="1779" WIDTH="118" HEIGHT="30" WC="0.95" CONTENT="senast"/><SP WIDTH="22" VPOS="1779" HPOS="546"/>
							<String ID="string_193" HPOS="568" VPOS="1776" WIDTH="162" HEIGHT="32" WC="0.96" CONTENT="förflutna"/><SP WIDTH="22" VPOS="1776" HPOS="730"/>
							<String ID="string_194" HPOS="752" VPOS="1778" WIDTH="80" HEIGHT="29" WC="0.96" CONTENT="åren"/><SP WIDTH="24" VPOS="1778" HPOS="832"/>
							<String ID="string_195" HPOS="856" VPOS="1777" WIDTH="50" HEIGHT="29" WC="0.95" CONTENT="tre"/><SP WIDTH="25" VPOS="1777" HPOS="906"/>
							<String ID="string_196" HPOS="931" VPOS="1775" WIDTH="82" HEIGHT="31" WC="0.95" CONTENT="eller"/><SP WIDTH="22" VPOS="1775" HPOS="1013"/>
							<String ID="string_197" HPOS="1035" VPOS="1774" WIDTH="82" HEIGHT="31" WC="0.96" CONTENT="flera"/><SP WIDTH="16" VPOS="1774" HPOS="1117"/>
							<String ID="string_198" HPOS="1133" VPOS="1776" WIDTH="126" HEIGHT="39" WC="0.96" CONTENT="gånger"/><SP WIDTH="15" VPOS="1776" HPOS="1259"/>
							<String ID="string_199" HPOS="1274" VPOS="1773" WIDTH="104" HEIGHT="32" WC="0.96" CONTENT="dömd"/><SP WIDTH="17" VPOS="1773" HPOS="1378"/>
							<String ID="string_200" HPOS="1395" VPOS="1773" WIDTH="53" HEIGHT="31" WC="0.95" CONTENT="till"/><SP WIDTH="17" VPOS="1773" HPOS="1448"/>
							<String ID="string_201" HPOS="1465" VPOS="1784" WIDTH="122" HEIGHT="20" WC="0.96" CONTENT="ansvar"/><SP WIDTH="15" VPOS="1784" HPOS="1587"/>
							<String ID="string_202" HPOS="1602" VPOS="1773" WIDTH="52" HEIGHT="31" WC="0.95" CONTENT="för"/>
						</TextLine>
						<TextLine ID="line_23" HPOS="152" VPOS="1822" WIDTH="740" HEIGHT="48">
							<String ID="string_203" HPOS="152" VPOS="1828" WIDTH="112" HEIGHT="42" WC="0.96" CONTENT="fylleri"/><SP WIDTH="24" VPOS="1828" HPOS="264"/>
							<String ID="string_204" HPOS="288" VPOS="1828" WIDTH="83" HEIGHT="32" WC="0.96" CONTENT="eller"/><SP WIDTH="21" VPOS="1828" HPOS="371"/>
							<String ID="string_205" HPOS="392" VPOS="1828" WIDTH="54" HEIGHT="31" WC="0.96" CONTENT="för"/><SP WIDTH="22" VPOS="1828" HPOS="446"/>
							<String ID="string_206" HPOS="468" VPOS="1829" WIDTH="49" HEIGHT="30" WC="0.96" CONTENT="ett"/><SP WIDTH="23" VPOS="1829" HPOS="517"/>
							<String ID="string_207" HPOS="540" VPOS="1822" WIDTH="275" HEIGHT="46" WC="0.96" CONTENT="kringflackande"/><SP WIDTH="23" VPOS="1822" HPOS="815"/>
							<String ID="string_208" HPOS="838" VPOS="1825" WIDTH="54" HEIGHT="32" WC="0.96" CONTENT="liv."/>
						</TextLine>
					</TextBlock>
				</ComposedBlock>
				<ComposedBlock ID="cblock_7" HPOS="834" VPOS="1944" WIDTH="137" HEIGHT="32">
					<TextBlock ID="block_10" HPOS="834" VPOS="1944" WIDTH="137" HEIGHT="32">
						<TextLine ID="line_24" HPOS="834" VPOS="1944" WIDTH="137" HEIGHT="32">
							<String ID="string_209" HPOS="834" VPOS="1945" WIDTH="19" HEIGHT="30" WC="0.88" CONTENT="2"/><SP WIDTH="30" VPOS="1945" HPOS="853"/>
							<String ID="string_210" HPOS="883" VPOS="1944" WIDTH="88" HEIGHT="32" WC="0.57" CONTENT="KaAP,"/>
						</TextLine>
					</TextBlock>
				</ComposedBlock>
				<ComposedBlock ID="cblock_8" HPOS="203" VPOS="2019" WIDTH="1453" HEIGHT="171">
					<TextBlock ID="block_11" HPOS="203" VPOS="2019" WIDTH="1453" HEIGHT="171">
						<TextLine ID="line_25" HPOS="668" VPOS="2019" WIDTH="482" HEIGHT="42">
							<String ID="string_211" HPOS="668" VPOS="2022" WIDTH="63" HEIGHT="32" WC="0.93" CONTENT="Om"/><SP WIDTH="23" VPOS="2022" HPOS="731"/>
							<String ID="string_212" HPOS="754" VPOS="2019" WIDTH="396" HEIGHT="42" WC="0.91" CONTENT="nykterhetsnämnder."/>
						</TextLine>
						<TextLine ID="line_26" HPOS="869" VPOS="2087" WIDTH="71" HEIGHT="42">
							<String ID="string_213" HPOS="869" VPOS="2087" WIDTH="71" HEIGHT="42" WC="0.83" CONTENT="28."/>
						</TextLine>
						<TextLine ID="line_27" HPOS="203" VPOS="2143" WIDTH="1453" HEIGHT="47">
							<String ID="string_214" HPOS="203" VPOS="2150" WIDTH="19" HEIGHT="30" WC="0.95" CONTENT="I"/><SP WIDTH="35" VPOS="2150" HPOS="222"/>
							<String ID="string_215" HPOS="257" VPOS="2149" WIDTH="90" HEIGHT="41" WC="0.96" CONTENT="varje"/><SP WIDTH="23" VPOS="2149" HPOS="347"/>
							<String ID="string_216" HPOS="370" VPOS="2149" WIDTH="163" HEIGHT="31" WC="0.96" CONTENT="kommun"/><SP WIDTH="25" VPOS="2149" HPOS="533"/>
							<String ID="string_217" HPOS="558" VPOS="2148" WIDTH="86" HEIGHT="31" WC="0.96" CONTENT="skall"/><SP WIDTH="23" VPOS="2148" HPOS="644"/>
							<String ID="string_218" HPOS="667" VPOS="2148" WIDTH="110" HEIGHT="30" WC="0.96" CONTENT="finnas"/><SP WIDTH="25" VPOS="2148" HPOS="777"/>
							<String ID="string_219" HPOS="802" VPOS="2158" WIDTH="41" HEIGHT="20" WC="0.96" CONTENT="en"/><SP WIDTH="23" VPOS="2158" HPOS="843"/>
							<String ID="string_220" HPOS="866" VPOS="2146" WIDTH="199" HEIGHT="31" WC="0.91" CONTENT="kommunal"/><SP WIDTH="23" VPOS="2146" HPOS="1065"/>
							<String ID="string_221" HPOS="1088" VPOS="2143" WIDTH="331" HEIGHT="43" WC="0.91" CONTENT="nykterhetsnämnd"/><SP WIDTH="24" VPOS="2143" HPOS="1419"/>
							<String ID="string_222" HPOS="1443" VPOS="2143" WIDTH="64" HEIGHT="32" WC="0.96" CONTENT="och"/><SP WIDTH="24" VPOS="2143" HPOS="1507"/>
							<String ID="string_223" HPOS="1531" VPOS="2144" WIDTH="10" HEIGHT="30" WC="0.96" CONTENT="i"/><SP WIDTH="24" VPOS="2144" HPOS="1541"/>
							<String ID="string_224" HPOS="1565" VPOS="2143" WIDTH="91" HEIGHT="40" WC="0.96" CONTENT="varje"/>
						</TextLine>
					</TextBlock>
				</ComposedBlock>
				<ComposedBlock ID="cblock_9" HPOS="148" VPOS="2197" WIDTH="1329" HEIGHT="94">
					<TextBlock ID="block_12" HPOS="148" VPOS="2197" WIDTH="1329" HEIGHT="94">
						<TextLine ID="line_28" HPOS="148" VPOS="2197" WIDTH="561" HEIGHT="43">
							<String ID="string_225" HPOS="148" VPOS="2200" WIDTH="56" HEIGHT="31" WC="0.95" CONTENT="län"/><SP WIDTH="24" VPOS="2200" HPOS="204"/>
							<String ID="string_226" HPOS="228" VPOS="2211" WIDTH="41" HEIGHT="20" WC="0.92" CONTENT="en"/><SP WIDTH="24" VPOS="2211" HPOS="269"/>
							<String ID="string_227" HPOS="293" VPOS="2197" WIDTH="416" HEIGHT="43" WC="0.90" CONTENT="länsnykterhetsnämnd."/>
						</TextLine>
						<TextLine ID="line_29" HPOS="205" VPOS="2244" WIDTH="1272" HEIGHT="47">
							<String ID="string_228" HPOS="205" VPOS="2248" WIDTH="425" HEIGHT="43" WC="0.90" CONTENT="Nykterhetsnämnderna"/><SP WIDTH="24" VPOS="2248" HPOS="630"/>
							<String ID="string_229" HPOS="654" VPOS="2248" WIDTH="96" HEIGHT="31" WC="0.96" CONTENT="skola"/><SP WIDTH="23" VPOS="2248" HPOS="750"/>
							<String ID="string_230" HPOS="773" VPOS="2249" WIDTH="53" HEIGHT="29" WC="0.96" CONTENT="stå"/><SP WIDTH="23" VPOS="2249" HPOS="826"/>
							<String ID="string_231" HPOS="849" VPOS="2246" WIDTH="109" HEIGHT="31" WC="0.96" CONTENT="under"/><SP WIDTH="24" VPOS="2246" HPOS="958"/>
							<String ID="string_232" HPOS="982" VPOS="2246" WIDTH="119" HEIGHT="40" WC="0.95" CONTENT="tillsyn"/><SP WIDTH="24" VPOS="2246" HPOS="1101"/>
							<String ID="string_233" HPOS="1125" VPOS="2256" WIDTH="40" HEIGHT="20" WC="0.96" CONTENT="av"/><SP WIDTH="24" VPOS="2256" HPOS="1165"/>
							<String ID="string_234" HPOS="1189" VPOS="2244" WIDTH="288" HEIGHT="41" WC="0.96" CONTENT="socialstyrelsen."/>
						</TextLine>
					</TextBlock>
				</ComposedBlock>
				<ComposedBlock ID="cblock_10" HPOS="147" VPOS="2392" WIDTH="1510" HEIGHT="103">
					<TextBlock ID="block_13" HPOS="147" VPOS="2392" WIDTH="1510" HEIGHT="103">
						<TextLine ID="line_30" HPOS="204" VPOS="2392" WIDTH="1452" HEIGHT="47">
							<String ID="string_235" HPOS="204" VPOS="2399" WIDTH="209" HEIGHT="32" WC="0.93" CONTENT="Kommunal"/><SP WIDTH="34" VPOS="2399" HPOS="413"/>
							<String ID="string_236" HPOS="447" VPOS="2396" WIDTH="330" HEIGHT="43" WC="0.91" CONTENT="nykterhetsnämnd"/><SP WIDTH="28" VPOS="2396" HPOS="777"/>
							<String ID="string_237" HPOS="805" VPOS="2396" WIDTH="63" HEIGHT="31" WC="0.93" CONTENT="och"/><SP WIDTH="24" VPOS="2396" HPOS="868"/>
							<String ID="string_238" HPOS="892" VPOS="2393" WIDTH="411" HEIGHT="43" WC="0.92" CONTENT="länsnykterhetsnämnd"/><SP WIDTH="23" VPOS="2393" HPOS="1303"/>
							<String ID="string_239" HPOS="1326" VPOS="2393" WIDTH="85" HEIGHT="31" WC="0.95" CONTENT="hava"/><SP WIDTH="23" VPOS="2393" HPOS="1411"/>
							<String ID="string_240" HPOS="1434" VPOS="2393" WIDTH="52" HEIGHT="31" WC="0.95" CONTENT="till"/><SP WIDTH="24" VPOS="2393" HPOS="1486"/>
							<String ID="string_241" HPOS="1510" VPOS="2392" WIDTH="146" HEIGHT="42" WC="0.94" CONTENT="uppgift,"/>
						</TextLine>
						<TextLine ID="line_31" HPOS="147" VPOS="2443" WIDTH="1510" HEIGHT="52">
							<String ID="string_242" HPOS="147" VPOS="2462" WIDTH="63" HEIGHT="33" WC="0.96" CONTENT="var"/><SP WIDTH="33" VPOS="2462" HPOS="210"/>
							<String ID="string_243" HPOS="243" VPOS="2450" WIDTH="93" HEIGHT="31" WC="0.96" CONTENT="inom"/><SP WIDTH="35" VPOS="2450" HPOS="336"/>
							<String ID="string_244" HPOS="371" VPOS="2449" WIDTH="61" HEIGHT="31" WC="0.93" CONTENT="sitt"/><SP WIDTH="32" VPOS="2449" HPOS="432"/>
							<String ID="string_245" HPOS="464" VPOS="2446" WIDTH="386" HEIGHT="38" WC="0.90" CONTENT="verksamhetsområde,"/><SP WIDTH="35" VPOS="2446" HPOS="850"/>
							<String ID="string_246" HPOS="885" VPOS="2448" WIDTH="50" HEIGHT="29" WC="0.96" CONTENT="att"/><SP WIDTH="24" VPOS="2448" HPOS="935"/>
							<String ID="string_247" HPOS="959" VPOS="2445" WIDTH="165" HEIGHT="32" WC="0.93" CONTENT="övervaka"/><SP WIDTH="23" VPOS="2445" HPOS="1124"/>
							<String ID="string_248" HPOS="1147" VPOS="2443" WIDTH="398" HEIGHT="43" WC="0.92" CONTENT="nykterhetstillståndet"/><SP WIDTH="24" VPOS="2443" HPOS="1545"/>
							<String ID="string_249" HPOS="1569" VPOS="2445" WIDTH="88" HEIGHT="29" WC="0.95" CONTENT="samt"/>
						</TextLine>
					</TextBlock>
				</ComposedBlock>
				<ComposedBlock ID="cblock_11" HPOS="206" VPOS="2503" WIDTH="1405" HEIGHT="44">
					<TextBlock ID="block_14" HPOS="206" VPOS="2503" WIDTH="1405" HEIGHT="44">
						<TextLine ID="line_32" HPOS="206" VPOS="2503" WIDTH="1405" HEIGHT="44">
							<String ID="string_250" HPOS="206" VPOS="2511" WIDTH="113" HEIGHT="36" WC="0.90" CONTENT="Bihang"/><SP WIDTH="18" VPOS="2511" HPOS="319"/>
							<String ID="string_251" HPOS="337" VPOS="2510" WIDTH="44" HEIGHT="28" WC="0.96" CONTENT="till"/><SP WIDTH="16" VPOS="2510" HPOS="381"/>
							<String ID="string_252" HPOS="397" VPOS="2509" WIDTH="167" HEIGHT="36" WC="0.96" CONTENT="riksdagens"/><SP WIDTH="14" VPOS="2509" HPOS="564"/>
							<String ID="string_253" HPOS="578" VPOS="2508" WIDTH="144" HEIGHT="38" WC="0.96" CONTENT="protokoll"/><SP WIDTH="15" VPOS="2508" HPOS="722"/>
							<String ID="string_254" HPOS="737" VPOS="2506" WIDTH="89" HEIGHT="30" WC="0.94" CONTENT="1938."/><SP WIDTH="38" VPOS="2506" HPOS="826"/>
							<String ID="string_255" HPOS="864" VPOS="2505" WIDTH="20" HEIGHT="30" WC="0.25" CONTENT="9"/><SP WIDTH="22" VPOS="2505" HPOS="884"/>
							<String ID="string_256" HPOS="906" VPOS="2507" WIDTH="81" HEIGHT="27" WC="0.93" CONTENT="saml."/><SP WIDTH="37" VPOS="2507" HPOS="987"/>
							<String ID="string_257" HPOS="1024" VPOS="2504" WIDTH="19" HEIGHT="29" WC="0.93" CONTENT="2"/><SP WIDTH="25" VPOS="2504" HPOS="1043"/>
							<String ID="string_258" HPOS="1068" VPOS="2506" WIDTH="64" HEIGHT="27" WC="0.95" CONTENT="avd."/><SP WIDTH="36" VPOS="2506" HPOS="1132"/>
							<String ID="string_259" HPOS="1168" VPOS="2506" WIDTH="48" HEIGHT="26" WC="0.95" CONTENT="Nr"/><SP WIDTH="23" VPOS="2506" HPOS="1216"/>
							<String ID="string_260" HPOS="1239" VPOS="2503" WIDTH="48" HEIGHT="30" WC="0.66" CONTENT="59."/><SP WIDTH="194" VPOS="2503" HPOS="1287"/>
							<String ID="string_261" HPOS="1481" VPOS="2512" WIDTH="53" HEIGHT="19" WC="0.95" CONTENT="1259"/><SP WIDTH="14" VPOS="2512" HPOS="1534"/>
							<String ID="string_262" HPOS="1548" VPOS="2512" WIDTH="25" HEIGHT="19" WC="0.84" CONTENT="88"/><SP WIDTH="27" VPOS="2512" HPOS="1573"/>
							<String ID="string_263" HPOS="1600" VPOS="2506" WIDTH="11" HEIGHT="26" WC="0.84" CONTENT="1"/>
						</TextLine>
					</TextBlock>
				</ComposedBlock>
			</PrintSpace>
		</Page>
	</Layout>
</alto>
