2220 2604
696 161 318 32 Bankoutskottets
1044 159 188 32 utlåtande
1263 159 51 31 Nr
1338 158 51 30 42.
1769 156 19 30 3

235 241 102 48 barn,
380 247 179 30 ävensom
601 245 56 30 att
691 239 122 35 änkan
858 238 111 35 sedan
1002 250 160 23 mannen
1194 236 144 46 avlidit,
1369 235 70 36 den
1471 237 45 33 28
1547 234 157 35 oktober
1736 236 96 33 1920

236 294 169 35 framfött
433 298 100 30 ännu
562 296 53 32 ett
643 291 106 36 barn.

364 345 79 35 Hos
487 343 140 48 Kungl.
671 343 108 47 Maj:t
820 342 68 35 har
924 342 549 43 fortifikationsdepartementet
1501 338 103 48 gjort
1634 337 199 35 framställ-

235 397 93 47 ning
370 409 60 22 om
473 394 213 37 beredande
716 397 38 32 åt
782 392 209 49 Hultgrens
1021 391 257 36 efterlevande
1307 404 45 22 av
1381 396 53 29 ett
1462 389 204 36 understöd
1696 388 12 35 i
1738 388 94 35 form

236 461 45 22 av
309 446 406 49 uppfostringsbidrag
758 447 37 33 åt
836 444 139 35 barnen
1007 443 84 36 med
1122 448 54 30 ett
1205 442 114 47 årligt
1349 441 136 49 belopp
1517 454 44 22 av
1592 442 73 33 300
1695 439 139 36 kronor

236 499 56 35 för
334 498 102 48 varje
478 498 105 35 barn.
642 497 273 41 Statskontoret,
963 508 79 22 som
1085 500 118 42 yttrat
1245 494 60 46 sig
1347 493 10 35 i
1386 492 164 44 ärendet,
1580 492 68 35 har
1676 491 11 35 i
1716 491 118 35 likhet

237 549 84 36 med
352 549 299 47 departementet
679 547 126 36 funnit
835 545 136 48 billigt,
1000 551 54 30 att
1082 545 134 35 sådant
1244 544 135 46 bidrag
1407 543 218 48 beviljades,
1656 555 85 22 men
1772 555 63 22 an-

236 606 73 30 sett
350 600 63 36 det
455 599 214 48 föreslagna
698 598 177 48 beloppet
907 598 58 35 för
994 597 95 47 högt
1116 596 178 46 tilltaget.
1351 594 17 35 I
1397 595 125 34 stället
1552 594 67 35 har
1643 592 191 36 statskon-

237 656 95 32 toret
360 651 199 47 föreslagit
587 655 54 31 ett
670 650 111 47 årligt
809 648 366 49 understödsbelopp
1218 660 45 22 av
1295 647 71 35 100
1398 646 139 35 kronor
1567 645 58 35 för
1655 649 81 31 vart
1765 644 69 36 och

237 709 52 30 ett
319 717 45 22 av
393 703 152 37 barnen.

364 754 407 46 Departementschefen
800 753 68 35 har
898 752 56 35 för
982 764 97 35 egen
1109 751 59 36 del
1199 750 124 36 anfört
1353 748 180 49 följande:

370 840 33 31 »I
426 839 105 32 likhet
554 839 74 31 med
650 837 272 42 myndigheterna
946 847 95 21 anser
1061 836 58 41 jag
1133 835 251 41 billighetsskäl
1407 835 69 32 tala
1499 835 60 37 för,
1585 836 51 30 att
1660 833 174 33 understöd

236 885 18 30 å
278 884 164 31 allmänna
463 882 325 40 indragningsstaten
811 880 156 32 utverkas
990 881 109 31 såsom
1123 878 343 43 uppfostringsbidrag
1488 878 51 31 till
1562 878 160 31 makarna
1737 876 98 32 Hult-

235 937 96 30 grens
370 926 74 40 fyra
481 924 220 41 minderåriga
738 925 89 30 barn.
873 922 127 32 Härvid
1037 924 103 30 finner
1170 923 59 40 jag
1258 923 38 31 de
1321 933 41 21 av
1386 922 241 31 statskontoret
1650 920 186 40 föreslagna

234 969 364 41 understödsbeloppen,
637 970 60 30 100
729 968 121 31 kronor
882 966 125 40 årligen
1038 966 52 32 för
1113 968 49 30 ett
1186 967 75 31 vart
1285 977 40 20 av
1348 966 131 37 barnen,
1505 964 96 32 allför
1624 964 124 41 knappt
1770 963 64 32 till-

236 1015 114 36 mätta,
375 1023 74 22 men
472 1013 66 31 kan
558 1012 59 42 jag
640 1011 73 32 icke
736 1010 102 33 heller
861 1009 128 33 biträda
1011 1010 64 31 vad
1110 1008 351 41 arméförvaltningens
1484 1007 351 41 fortifikationsdepar-

235 1058 125 31 tement
382 1055 172 42 föreslagit
577 1056 137 32 rörande
738 1055 166 40 beloppen.
950 1054 50 31 En
1023 1053 165 41 skäligare
1211 1052 304 41 beräkningsgrund
1537 1062 98 31 synes
1658 1050 67 42 mig
1745 1061 90 28 vara,

236 1102 62 31 vad
332 1101 123 32 barnen
489 1102 79 30 utan
601 1097 339 44 pensionsberättigad
963 1097 111 32 moder
1098 1097 109 32 skolat
1231 1097 133 38 erhålla,
1389 1096 110 32 därest
1521 1095 115 32 fadern
1659 1094 87 33 varit
1769 1094 66 32 del-

236 1144 93 41 aktig
369 1144 11 32 i
418 1144 205 32 civilstatens
662 1143 99 32 änke-
800 1142 60 31 och
894 1140 213 43 pupillkassa,
1141 1141 79 32 eller
1242 1141 205 40 gemensamt
1470 1141 63 30 420
1557 1139 121 32 kronor
1702 1138 134 41 årligen,

236 1199 103 22 varav
362 1188 137 32 sålunda
524 1189 61 30 140
609 1188 122 31 kronor
753 1186 34 31 få
811 1196 95 21 anses
929 1185 116 41 belöpa
1069 1186 19 31 å
1111 1187 50 30 ett
1183 1186 76 30 vart
1282 1196 41 20 av
1335 1184 133 32 barnen.
1493 1183 228 32 Understöden
1733 1182 103 38 torde,

236 1232 11 32 i
281 1231 146 42 enlighet
460 1231 73 32 med
567 1231 63 32 vad
665 1230 10 32 i
702 1230 152 32 liknande
880 1228 58 32 fall
961 1228 115 42 plägar
1099 1232 64 37 äga
1186 1239 81 28 rum,
1292 1229 79 31 böra
1395 1228 80 40 utgå
1497 1226 86 32 intill
1607 1227 165 40 utgången
1796 1236 41 21 av

236 1276 55 32 det
312 1276 204 38 kalenderår,
541 1274 162 33 varunder
725 1272 241 33 vederbörande
990 1273 125 40 uppnår
1142 1273 38 31 18
1205 1273 53 31 års
1282 1271 119 33 ålder.»

366 1365 108 43 Även
521 1371 186 36 utskottet
753 1370 119 35 finner
917 1369 62 35 det
1021 1381 91 23 vara
1154 1368 136 49 billigt,
1328 1374 54 30 att
1410 1370 118 45 något
1556 1366 205 36 understöd
1790 1379 47 22 av

239 1422 218 37 statsmedel
499 1422 156 37 beredes
699 1421 209 47 Hultgrens
950 1419 274 45 efterlevande;
1267 1419 71 37 och
1372 1419 68 36 har
1467 1418 185 36 utskottet
1679 1417 12 35 i
1720 1417 117 36 likhet

238 1475 86 36 med
353 1474 46 36 de
427 1475 12 36 i
468 1474 156 36 ärendet
653 1473 119 36 hörda
800 1471 316 51 myndigheterna
1145 1477 123 30 ansett
1295 1471 190 49 lämpligt,
1516 1474 54 32 att
1586 1469 102 36 detta
1702 1468 135 37 under-

238 1527 84 36 stöd
364 1527 158 48 beviljas
567 1526 81 36 från
690 1525 190 36 allmänna
908 1523 380 49 indragningsstaten
1316 1523 12 35 i
1357 1523 96 35 form
1484 1535 45 23 av
1557 1520 280 50 uppfostrings-

239 1579 137 48 bidrag
417 1581 59 34 åt
498 1578 183 36 makarna
722 1576 208 49 Hultgrens
972 1574 255 49 minderåriga
1268 1575 105 36 barn.
1429 1573 241 37 Beträffande
1706 1573 45 36 de
1780 1575 57 33 så-

237 1630 115 36 lunda
390 1630 226 48 ifrågasatta
660 1629 201 48 bidragens
903 1627 140 37 storlek
1082 1628 167 35 ansluter
1277 1627 62 48 sig
1367 1626 186 37 utskottet
1581 1625 56 35 till
1666 1624 172 49 departe-

239 1682 282 36 mentschefens
567 1681 158 48 förslag,
772 1686 55 30 att
871 1679 259 37 understöden
1172 1679 187 36 beräknas
1402 1678 56 36 till
1500 1677 46 36 de
1579 1676 149 49 belopp,
1758 1689 79 23 som

238 1734 123 36 skolat
403 1733 211 37 tillkomma
659 1732 143 37 barnen
835 1737 93 30 utan
955 1731 395 48 pensionsberättigad
1380 1729 142 47 moder,
1553 1728 127 37 därest
1708 1727 130 36 fadern

239 1785 98 37 varit
366 1785 169 48 delaktig
563 1785 11 35 i
603 1784 233 37 civilstatens
865 1783 112 36 änke-
1006 1783 71 36 och
1106 1782 243 50 pupillkassa.
1406 1782 17 35 I
1452 1781 187 36 avseende
1667 1780 92 36 härå
1778 1782 61 33 må

239 1837 208 37 emellertid
477 1837 153 46 erinras,
661 1841 55 31 att
744 1835 121 48 enligt
905 1834 336 37 bestämmelserna
1268 1834 12 36 i
1308 1834 253 48 reglementet
1590 1832 57 36 för
1674 1830 166 38 nämnda

239 1890 110 36 kassa
394 1888 34 50 ($
475 1888 36 49 9)
558 1888 212 50 pensionen
812 1887 57 36 för
914 1885 422 51 pensionsberättigade
1369 1885 106 47 barn,
1504 1884 48 36 då
1581 1884 125 35 änkan
1735 1883 32 48 ej
1799 1887 40 31 är

239 1940 409 50 pensionsberättigad,
691 1942 111 46 utgår
840 1939 56 36 för
924 1942 39 32 år
991 1939 136 35 räknat
1155 1938 83 36 med
1268 1938 84 36 hela
1381 1937 72 37 den
1481 1936 100 36 änka
1608 1948 129 24 ensam
1766 1934 74 36 till-

241 1993 225 37 kommande
494 1992 172 49 pension,
685 1991 163 49 förhöjd
877 1990 83 37 med
997 1991 115 48 fyrtio
1154 1995 169 44 procent,
1354 1989 125 36 därest
1506 1988 144 36 barnen
1680 1992 63 31 äro
1772 1992 67 41 tre,

240 2050 97 32 samt
379 2045 201 36 därutöver
621 2044 86 36 med
750 2044 51 35 tio
829 2048 157 44 procent
1016 2042 57 36 för
1100 2042 105 48 varje
1232 2041 224 50 ytterligare
1483 2040 105 36 barn.
1644 2039 58 36 Då
1729 2038 110 36 Hult-

239 2110 116 36 grens
385 2095 394 50 delaktighetsbelopp
808 2095 10 35 i
850 2093 245 38 förenämnda
1123 2094 122 44 kassa,
1275 2094 125 35 därest
1429 2093 74 35 han
1531 2092 12 35 i
1572 2091 192 49 egenskap
1793 2103 46 22 av

242 2150 255 35 vaktmästare
525 2148 110 36 blivit
668 2147 6 36 i
704 2147 217 36 densamma
951 2145 181 48 delaktig,
1162 2144 121 38 skulle
1312 2145 98 36 hava
1428 2144 149 48 utgjort
1597 2144 73 35 300
1687 2142 151 46 kronor,

241 2201 121 36 skulle
391 2200 157 36 sålunda
576 2199 119 49 enligt
724 2199 72 36 den
825 2198 216 49 föreslagna
1070 2196 408 49 beräkningsgrunden
1507 2195 63 36 det
1598 2195 141 36 barnen
1769 2194 71 36 till-

240 2253 227 36 kommande
513 2250 408 50 understödsbeloppet
966 2254 136 44 utgöra
1143 2249 255 48 sammanlagt
1440 2249 74 35 450
1556 2247 149 36 kronor.
1762 2246 79 35 Mot

1894 1370 131 23 Utskottet.
