2315 2752
555 230 38 30 10
920 225 225 41 PBevillnings-
1154 223 173 34 Utskottets
1350 222 218 33 Betänkande
1591 223 67 31 N:o
1682 225 51 30 15.

645 310 51 36 Af
721 310 60 35 det
808 322 47 22 nu
884 308 148 35 anförda
1060 308 157 47 framgår
1244 307 139 40 främst,
1412 312 52 29 att
1491 306 113 34 under
1619 306 59 34 det
1695 304 185 36 Särskilda
1897 304 201 39 Utskottet,

514 364 11 35 i
565 364 62 34 sitt
666 361 223 36 bemödande
931 366 51 28 att
1022 360 47 47 på
1109 359 63 34 allt
1212 364 71 29 sätt
1323 358 224 34 förekomma
1579 357 168 34 tillfällen
1776 356 54 34 till
1855 356 182 35 missbruk
2067 357 38 34 af

518 415 120 36 starka
678 413 162 47 drycker,
882 411 147 47 fritager
1068 410 240 48 gästgifvaren
1348 409 79 34 från
1455 408 89 35 hans
1569 407 89 47 pligt
1685 414 52 28 att
1764 408 94 34 förse
1885 408 218 47 vägfarande

516 466 80 35 med
627 464 159 40 bränvin,
815 463 60 34 det
903 461 185 47 samtidigt
1116 462 103 33 söker
1247 467 51 28 att
1326 461 120 33 såsom
1474 465 52 29 ett
1553 459 227 47 privilegium
1809 464 109 29 värna
1945 459 66 34 den
2033 462 67 31 rätt

515 518 56 35 till
598 516 253 46 utskänkning,
880 514 143 34 hvilken
1053 518 38 29 är
1119 525 42 21 en
1185 511 203 48 nödvändig
1416 511 87 47 följd
1533 511 37 34 af
1595 510 89 35 hans
1700 510 233 47 förpligtelse,
1950 510 66 34 och
2032 522 61 22 en-

515 575 94 30 samt
633 567 74 35 deri
736 566 101 35 torde
861 565 96 35 finna
980 563 381 48 förklaringsgrunden
1390 562 55 34 för
1474 561 53 35 sin
1562 561 150 34 tillvaro.
1765 560 73 36 Det
1865 561 157 47 framgår
2051 561 51 34 vi-

519 621 84 35 dare
632 619 111 39 deraf,
772 624 52 28 att
852 616 112 35 ehuru
994 615 188 36 Särskilda
1209 614 190 35 Utskottet
1426 614 47 47 på
1500 613 87 34 fiera
1616 613 128 34 ställen
1773 613 242 47 uttryckligen
2032 612 71 34 för-

517 672 118 35 klarar
664 671 66 33 den
762 670 36 33 åt
825 667 296 49 gästgifverierna
1164 665 205 35 bibehållna
1396 664 484 47 utskänkningsrättigheten
1909 665 119 33 såsom
2059 676 43 21 en

512 724 209 34 hemmanet
744 720 86 35 eller
854 719 220 47 egendomen
1104 717 195 48 åtföljande
1328 716 182 47 rättighet,
1551 715 98 34 detta
1677 715 88 35 dock
1795 715 77 35 icke
1902 715 70 34 kan
2000 727 104 22 anses

512 787 85 21 vara
624 771 251 38 förbållandet,
904 775 86 29 enär
1015 769 189 35 Utskottet
1234 780 128 34 genom
1390 767 214 46 stadgandet
1627 773 53 27 att
1708 767 116 33 denna
1842 766 173 46 rättighet
2035 766 70 33 kan

517 828 180 43 uppsägas
727 821 66 34 och
820 820 182 34 förverkas
1032 819 38 34 af
1098 830 128 35 egaren
1256 817 56 34 till
1341 816 257 48 gästgifveriet,
1627 817 40 33 så
1695 816 56 34 väl
1771 828 76 22 som
1864 828 129 34 genom
2010 815 94 34 före-

521 875 152 35 skriften
702 879 60 34 att,
792 872 62 34 der
881 871 85 34 flera
994 870 108 35 åboar
1130 875 224 42 gemensamt
1377 867 201 48 ombesörja
1599 866 433 49 gästgifverihållningen,
2047 872 58 28 ut-

522 922 439 49 skänkningsrättigheten
1003 921 59 34 vid
1102 919 246 48 gästgifveriet
1388 925 38 29 är
1467 918 178 35 beroende
1674 918 38 34 af
1738 919 69 33 den
1838 917 77 40 åbo,
1944 930 77 22 som
2051 917 54 34 för

516 976 160 35 tillfället
698 974 157 47 besörjer
889 971 427 49 gästgifverihållningen,
1356 970 159 48 tydligen
1559 968 161 49 angifver
1747 969 158 34 nämnda
1933 967 172 48 rättighet

519 1029 117 34 såsom
666 1026 75 34 helt
769 1025 66 34 och
863 1024 112 34 hållet
1002 1022 191 49 personlig.

649 1076 126 36 Under
803 1076 105 34 dessa
936 1073 312 47 omständigheter
1275 1072 65 34 har
1368 1071 190 35 Utskottet
1591 1071 77 34 icke
1702 1071 136 34 kunnat
1865 1070 97 34 finna
1989 1070 117 47 någon

516 1129 140 36 skilnad
690 1127 154 35 emellan
886 1126 67 34 den
995 1127 36 32 åt
1071 1124 215 47 gästgifvare
1323 1122 206 35 bibehållna
1568 1121 436 47 utskänkningsrättighet
2039 1120 67 35 och

518 1182 77 38 den,
638 1191 76 22 som
756 1177 11 34 i
808 1179 19 32 7
871 1172 17 48 $
918 1176 113 33 finnes
1066 1174 223 34 förbehållen
1318 1174 92 39 dem,
1440 1185 76 22 som
1546 1174 20 33 å
1594 1172 383 47 bränvinsförsäljning
2004 1171 102 34 inne-

515 1232 107 34 hafva
649 1229 171 46 burskap,
851 1227 59 34 vid
939 1226 137 34 hvilket
1104 1224 223 35 förhållande
1361 1223 189 36 Utskottet
1578 1223 104 35 äfven
1711 1229 126 34 ansett,
1862 1229 51 28 att
1941 1223 42 34 de
2012 1223 94 34 före-

517 1282 157 37 skrifter,
709 1291 77 22 som
816 1278 93 47 gälla
937 1278 10 33 i
976 1278 100 45 fråga
1105 1288 57 21 om
1191 1276 42 32 de
1263 1275 169 34 sednares
1461 1274 183 47 rättighet,
1673 1274 102 33 äfven
1805 1274 121 33 kunna
1942 1273 65 34 och
2025 1272 85 35 böra

521 1339 102 41 göras
662 1329 216 47 tillämpliga
904 1328 47 47 på
987 1327 42 34 de
1060 1327 125 39 förres,
1210 1325 66 35 och
1305 1331 51 29 att
1384 1324 10 35 i
1422 1325 88 47 följd
1538 1324 106 35 häraf
1669 1324 68 34 den
1765 1324 11 34 i
1807 1328 43 30 12
1880 1320 18 47 $
1926 1324 55 34 för
2010 1329 96 42 gäst-

521 1382 126 49 gifverl
690 1382 20 33 å
747 1380 122 34 landet
910 1378 163 47 gällande
1114 1376 171 48 rättighet
1324 1376 54 34 till
1420 1375 242 48 utskänkning
1689 1376 59 33 må
1775 1375 151 34 fortfara
1955 1374 151 35 allenast

518 1434 114 34 under
660 1432 67 34 den
756 1430 220 34 närvarande
1006 1428 275 34 innehafvarens
1313 1428 37 33 af
1371 1426 246 48 gästgifveriet
1637 1426 185 34 äfvensom
1841 1425 113 34 under
1970 1426 134 33 dennes

516 1485 150 34 hustrus
708 1481 117 34 lifstid
864 1480 66 35 och
970 1480 39 34 så
1042 1479 103 46 länge
1175 1479 42 33 de
1245 1477 139 47 besörja
1412 1476 427 48 gästgifverihållningen.
1892 1475 140 35 Genom
2062 1488 43 22 en

518 1535 112 35 sådan
658 1532 230 46 tillämpning
918 1531 37 33 af
980 1543 46 20 nu
1055 1529 164 47 gällande
1249 1529 195 46 stadgande
1473 1527 114 35 skulle
1612 1527 65 34 ock
1705 1527 263 34 kommunerna
1996 1527 107 33 hafva

515 1585 112 47 utsigt
656 1591 51 27 att
734 1583 11 33 i
774 1581 193 35 framtiden
998 1581 121 33 kunna
1158 1579 78 34 fritt
1276 1580 112 33 ordna
1428 1577 429 48 bränvinsförsäljningen
1881 1577 96 34 inom
2003 1577 103 34 kom-

519 1648 132 22 munen
691 1633 66 34 och
798 1632 243 34 motionärens
1085 1630 134 34 önskan
1249 1630 139 33 således
1417 1628 10 34 i
1455 1630 116 45 någon
1600 1629 83 33 mån
1711 1630 114 32 ernås.
1877 1627 18 34 I
1924 1628 181 33 öfverens-

519 1684 206 37 stämmelse
755 1683 150 34 härmel
933 1681 150 35 föreslår
1111 1679 198 40 Utskottet,

712 1741 51 27 att
790 1733 204 46 Riksdagen
1034 1732 55 33 för
1132 1732 54 33 sin
1230 1731 56 33 del
1324 1732 60 32 må
1425 1729 140 35 besluta
1606 1742 43 22 en
1695 1729 111 35 sådan
1857 1728 246 47 förändring
2083 1724 23 59 i

713 1783 232 36 förevarande
988 1786 44 31 12
1071 1779 29 46 $,
1143 1788 51 27 att
1233 1782 66 33 den
1342 1781 62 33 der
1444 1781 54 33 för
1537 1780 208 47 gästgifveri
1785 1781 21 32 å
1842 1779 122 35 landet
2003 1779 99 34 med-

713 1835 97 47 gifna
854 1832 335 47 utskänkningsrätt
1227 1832 127 34 endast
1393 1833 58 32 nå
1492 1831 144 34 komma
1675 1836 51 29 att
1757 1830 269 48 tillgodonjutas
2068 1830 38 34 af

717 1887 65 32 den
813 1884 203 34 nuvarande
1046 1895 128 34 egaren
1201 1882 55 34 till
1284 1883 127 34 sådant
1439 1882 208 47 gästgifveri
1675 1889 94 27 samt
1797 1882 37 33 af
1859 1881 89 34 hans
1963 1880 139 39 hustru,

717 1937 40 33 så
784 1935 102 47 länge
910 1935 115 46 någon
1054 1934 38 33 af
1117 1933 82 35 dem
1227 1933 112 34 lefver
1366 1932 67 35 och
1448 1932 415 48 gästgifverihållningen
1882 1931 59 34 vid
1957 1943 138 22 samma

712 1985 206 49 gästgifveri
945 1985 167 46 besörjer.

762 2052 209 35 Stockholm
1000 2052 68 35 den
1100 2054 43 32 18
1173 2051 101 47 April
1304 2052 105 34 1872.

1077 2135 54 35 På
1158 2133 205 36 Utskottets
1391 2140 145 42 vägnar:

1106 2201 124 35 Gust.
1258 2200 47 35 af
1326 2199 182 46 Ugglas.
