1890 2838
301 158 19 27 4
732 166 274 34 Statsutskottets
1031 171 177 31 utlåtande
1232 173 49 30 Nr
1304 174 71 31 193.

348 243 241 34 Förevarande
627 250 214 35 proposition
880 253 188 31 innefattar
1106 256 88 29 även
1233 257 129 36 förslag
1402 267 57 21 om
1499 261 237 38 uppflyttning
1764 273 42 21 av

303 294 90 31 vissa
414 296 275 33 trafikanstalter
710 300 50 30 till
782 302 64 30 den
869 303 122 36 högsta
1013 305 148 37 klassen,
1185 307 30 31 d.
1238 317 30 20 v.
1291 317 24 20 s.
1339 308 51 30 till
1412 310 66 30 den
1500 311 103 36 klass,
1628 313 95 30 inom
1746 314 57 30 vil-

302 344 65 30 ken
392 347 211 32 anstalterna
626 350 146 31 förestås
794 361 42 21 av
859 353 342 38 befattningshavare
1224 358 11 29 i
1259 358 40 30 26
1322 359 218 36 lönegraden.
1589 362 53 31 En
1665 364 138 36 redogö-

303 395 85 30 relse
411 396 57 31 för
490 398 98 31 dessa
611 399 130 38 förslag
765 402 132 32 lämnas
922 413 43 21 av
988 406 165 30 utskottet
1177 408 10 29 i
1212 408 55 30 det
1291 408 165 38 följande.

345 486 13 29 I
379 486 228 35 förevarande
628 493 214 35 proposition
863 495 65 31 har
948 497 157 37 slutligen
1125 516 45 4 —
1189 501 78 29 med
1289 501 137 37 hänsyn
1448 503 49 29 till
1517 507 48 27 att
1586 505 215 31 bestämmel-

300 545 59 22 sen
392 538 12 29 i
439 539 41 30 42
516 541 18 36 8
569 542 10 29 i
615 543 160 35 gällande
798 546 388 39 avlöningsreglemente
1210 551 176 36 angående
1409 549 392 49 järnvägsfullmäktige,

299 589 502 41 postsparbanksfullmäktige,
829 596 188 32 ledamöter
1042 609 43 20 av
1111 601 367 38 vattenfallsstyrelsen
1503 605 66 30 och
1595 607 204 30 överreviso-

300 646 53 21 rer
372 638 77 31 icke
469 640 64 30 har
552 641 114 37 någon
686 646 244 36 motsvarighet
950 648 10 30 i
979 649 55 30 det
1054 649 80 32 från
1155 652 65 29 och
1239 653 79 30 med
1337 654 68 30 den
1426 655 14 29 1
1464 655 63 36 juli
1550 657 84 30 1939
1653 658 147 36 tillämp-

299 687 66 36 liga
388 698 70 27 nya
480 690 99 33 civila
600 694 402 38 avlöningsreglementet
1023 718 44 3 —
1090 701 192 32 hemställts
1306 713 57 21 om
1384 705 203 37 riksdagens
1610 707 113 31 beslut
1745 718 55 21 om

298 740 48 28 att
369 740 68 29 vad
459 750 74 21 som
555 752 47 21 nu
624 745 107 35 gäller
752 746 221 34 beträffande
995 751 154 32 nämnda
1172 752 341 38 befattningshavare
1537 757 87 31 skall
1649 759 64 35 äga
1736 760 63 29 till-

297 790 181 40 lämpning
501 794 87 30 även
612 795 87 31 efter
723 796 289 35 ikraftträdandet
1036 812 42 20 av
1102 803 57 30 det
1184 813 68 27 nya
1276 805 412 38 avlöningsreglementet.

342 841 50 31 De
419 852 43 21 av
489 844 122 37 Kungl.
639 846 102 36 Maj:t
767 848 193 38 framlagda
986 851 175 37 förslagen
1186 854 90 31 hava
1302 856 11 29 i
1339 857 262 36 propositionen
1627 869 171 22 samman-

297 890 119 33 fattats
438 893 46 36 på
506 895 65 30 sätt
594 896 156 37 framgår
771 908 41 21 av
834 900 200 33 vidstående
1057 903 104 30 tablå.

342 986 226 33 Beträffande
595 990 42 29 de
665 991 200 32 motionsvis
894 994 195 32 framförda
1116 996 174 37 förslagen
1318 998 57 32 må
1403 1000 134 31 lämnas
1566 1002 157 37 följande
1751 1014 47 21 re-

295 1037 187 36 dogörelse.

340 1086 64 31 Det
424 1087 11 30 i
456 1088 176 31 motionen
654 1090 27 30 I:
698 1092 63 29 284
780 1092 122 36 gjorda
923 1095 168 35 yrkandet
1113 1106 58 20 om
1191 1098 238 40 uppflyttning
1448 1111 43 21 av
1512 1103 66 30 den
1598 1103 57 30 för
1684 1104 112 31 före-

296 1136 256 34 ståndaren
595 1140 74 30 för
710 1144 301 33 postverkets
1059 1148 398 33 medelsrevision
1498 1154 151 31 avsedda
1692 1154 105 32 förste

294 1187 461 41 kontrollörsbefattningen
779 1193 10 30 i
815 1195 40 28 22
879 1195 213 36 lönegraden
1117 1198 53 30 till
1197 1200 500 42 överkontrollörsbefattning
1722 1207 9 29 i
1756 1208 40 28 24

294 1238 210 36 lönegraden
521 1242 152 29 ansluter
691 1243 50 36 sig
759 1243 49 30 till
827 1254 42 20 en
887 1255 43 21 av
947 1249 383 36 generalpoststyrelsen
1348 1252 101 36 gjord
1466 1253 257 41 framställning
1740 1267 56 20 om

294 1288 238 39 uppflyttning
549 1301 43 21 av
609 1293 155 31 nämnda
783 1294 105 31 förste
908 1296 403 42 kontrollörsbefattning
1330 1302 50 30 till
1400 1303 107 32 förste
1525 1306 269 32 revisorsbefatt-

292 1338 82 38 ning
394 1340 10 29 i
428 1341 42 29 24
492 1341 219 36 lönegraden.
747 1344 119 32 Denna
888 1346 265 40 framställning,
1178 1360 75 21 som
1274 1352 180 37 tillstyrkts
1476 1365 42 21 av
1540 1357 255 31 lönenämnden

294 1389 64 30 och
387 1385 596 52 tjänsteförteckningssakkunniga,
1012 1399 63 30 har
1107 1411 43 20 av
1179 1402 380 36 departementschefen
1592 1408 115 31 såsom
1736 1419 55 21 av-

294 1440 126 30 seende
455 1441 200 32 inrättande
688 1454 43 20 av
762 1455 42 20 en
837 1446 11 30 i
881 1449 204 31 nuvarande
1118 1450 357 41 tjänsteförteckning
1507 1456 77 31 icke
1617 1461 176 35 upptagen

292 1489 199 39 befattning
522 1496 132 28 ansetts
686 1495 77 30 icke
795 1496 85 31 böra
913 1502 171 34 upptagas
1117 1501 53 30 till
1201 1504 173 36 prövning
1405 1506 10 29 i
1449 1506 234 33 förevarande
1716 1520 76 26 pro-

291 1540 158 35 position.
484 1543 15 29 I
520 1544 177 31 motionen
720 1546 138 37 erinras,
882 1551 49 28 att
954 1550 65 30 den
1040 1552 107 29 redan
1169 1552 11 30 i
1202 1553 389 41 tjänsteförteckningen
1616 1563 174 34 upptagna

289 1590 239 39 befattningen
547 1595 273 32 överkontrollör
845 1598 99 38 (även
963 1601 64 31 den
1046 1601 10 30 i
1076 1602 208 37 lönegraden
1303 1605 26 30 A
1349 1606 53 39 24)
1429 1607 105 32 också
1553 1619 81 21 vore
1652 1611 139 37 lämpad

288 1640 55 31 för
363 1642 339 39 arbetsuppgifterna
724 1647 43 36 på
788 1647 264 38 ifrågavarande
1072 1648 118 45 tjänst.

332 1691 269 42 Framställning
626 1706 58 21 om
709 1698 67 30 den
799 1699 10 29 i
833 1700 216 33 motionerna
1075 1703 27 30 I:
1118 1705 63 29 295
1208 1706 64 30 och
1299 1707 44 30 II:
1358 1708 65 30 456
1447 1709 150 36 begärda
1623 1712 166 37 uppflytt-

287 1742 127 36 ningen
440 1754 43 21 av
510 1746 65 30 den
601 1747 56 30 för
693 1748 367 35 föreståndaren
1095 1754 74 31 för
1212 1759 303 32 pPostverkets
1550 1763 239 31 undervis-

286 1792 326 38 ningsanstalt
642 1800 151 31 avsedda
814 1801 449 42 sekreterarebefattningen
1284 1807 80 32 från
1383 1810 42 29 24
1447 1811 50 30 till
1519 1812 41 30 26
1580 1813 209 37 lönegraden

284 1843 63 30 har
372 1844 108 37 gjorts
504 1856 43 21 av
569 1850 386 37 generalpoststyrelsen
979 1855 64 29 och
1068 1856 88 30 även
1180 1858 179 36 tillstyrkts
1384 1870 43 21 av
1453 1862 333 34 kommunikations-

285 1894 145 32 verkens
450 1897 221 32 lönenämnd.
704 1900 386 37 Departementschefen
1110 1907 65 30 har
1196 1910 187 31 emellertid
1403 1916 111 27 ansett
1535 1914 49 36 sig
1605 1915 77 31 icke
1702 1916 83 30 kun-

284 1953 44 22 na
348 1945 172 37 tillstyrka
540 1948 99 32 bifall
659 1951 51 29 till
732 1953 398 39 generalpoststyrelsens
1152 1968 48 20 nu
1221 1960 145 32 berörda
1388 1961 139 39 förslag.

328 1995 63 31 Det
408 1996 10 30 i
437 1998 176 32 motionen
631 2001 44 30 II:
691 2003 60 29 441
771 2003 121 36 gjorda
910 2006 168 36 yrkandet
1097 2018 58 20 om
1172 2010 232 39 nedflyttning
1421 2023 43 21 av
1480 2014 74 31 två
1580 2015 204 33 förråds-

281 2044 618 46 intendentsbefattningar
930 2056 80 31 från
1033 2059 39 29 27
1097 2060 209 36 lönegraden
1327 2063 50 29 till
1401 2065 42 29 26
1466 2065 209 37 lönegraden
1698 2071 87 28 samt

282 2105 56 21 om
363 2097 186 33 införande
574 2101 10 30 i
611 2101 391 42 tjänsteförteckningen
1028 2108 55 31 för
1110 2113 128 29 statens
1265 2112 187 38 järnvägar
1478 2125 42 21 av
1546 2117 237 39 befattningen

280 2146 354 36 byråassistent
657 2153 130 36 jämväl
811 2156 9 29 i
845 2157 41 29 20
909 2158 207 36 lönegraden
1140 2162 153 31 ansluter
1315 2164 50 37 sig
1389 2165 71 31 helt
1484 2167 50 30 till
1558 2177 43 21 en
1624 2179 43 20 av
1690 2170 91 35 järn-

280 2198 250 37 vägsstyrelsen
556 2202 99 36 gjord
681 2204 264 40 framställning,
973 2210 114 31 vilken
1114 2211 256 41 framställning
1395 2215 115 32 såsom
1537 2220 170 30 avseende
1733 2221 48 30 in-

280 2248 146 32 förande
447 2251 10 30 i
479 2252 390 42 tjänsteförteckningen
893 2269 43 21 av
957 2270 68 27 nya
1046 2262 235 38 befattningar
1302 2270 129 28 ansetts
1454 2268 75 31 icke
1551 2270 86 31 böra
1659 2275 122 33 uppta-

277 2306 59 28 gas
359 2300 51 30 till
434 2301 212 41 behandling
669 2306 9 29 i
705 2306 227 34 förevarande
957 2313 224 34 proposition.
1219 2315 13 29 I
1257 2316 176 31 motionen
1458 2319 130 31 erinras
1614 2324 49 27 att
1687 2321 93 31 såväl

278 2349 42 29 de
346 2349 93 33 båda
467 2352 607 46 förrådsintendentbefattningarna,
1104 2364 94 31 vilka
1227 2366 59 30 äro
1316 2369 151 30 avsedda
1496 2373 49 27 att
1573 2372 129 30 sänkas
1730 2373 49 30 till

277 2400 40 29 26
338 2400 218 40 lönegraden,
579 2415 75 21 som
676 2408 65 29 ock
764 2418 41 21 en
827 2410 54 30 del
903 2421 43 20 av
968 2413 42 29 de
1030 2413 196 38 föreslagna
1248 2426 66 27 nya
1336 2419 443 39 20-gradsbefattningarna

276 2449 55 31 för
355 2452 218 33 närvarande
598 2457 203 36 uppehållas
826 2460 44 36 på
895 2461 245 39 förordnande,
1169 2475 42 21 en
1238 2468 53 29 del
1316 2469 107 30 sedan
1449 2470 86 32 flera
1559 2471 40 31 år
1624 2473 153 31 tillbaka.

276 2500 128 31 Genom
427 2506 45 27 ett
494 2506 260 37 uppskjutande
774 2520 41 20 av
836 2512 100 31 dessa
957 2513 251 38 befattningars
1230 2517 194 33 inrättande
1447 2522 230 31 undanhölles
1699 2524 78 31 ifrå-
