1884 2812
548 153 104 28 Andra
671 152 216 35 lagutskottets
907 150 159 29 utlåtande
1085 159 37 18 nr
1140 149 48 27 47.
1577 145 39 32 15

1387 263 121 39 Bilaga
1534 262 38 30 F.

123 430 35 30 P.
193 429 44 30 M.
273 427 168 31 utarbetad
463 426 92 31 inom
580 426 143 31 Svenska
746 423 444 32 Personal-Pensionskassan
1217 422 102 40 (SPP)
1345 421 61 30 och
1430 420 119 30 avsedd
1571 423 48 27 att

124 483 107 39 belysa
263 482 22 30 i
311 482 106 30 vilken
452 480 223 38 utsträckning
711 479 211 39 tjänstemän,
954 477 130 30 förmän
1120 476 61 30 och
1204 476 145 29 arbetare
1372 475 89 30 inom
1486 474 53 30 det
1563 482 55 21 en-

124 536 102 30 skilda
255 535 207 39 näringslivet
491 536 57 29 äro
571 532 338 41 pensionsförsäkrade
936 531 77 30 eller
1036 531 12 30 i
1073 531 100 29 andra
1195 530 122 30 former
1339 529 114 30 kunna
1472 528 147 39 påräkna

458 588 134 39 pension
616 587 101 30 under
740 586 196 30 medverkan
960 594 41 21 av
1025 583 249 40 arbetsgivaren.

164 692 57 30 Att
242 690 79 40 giva
340 700 42 20 en
402 689 104 31 exakt
527 687 229 39 siffermässig
776 686 181 40 belysning
978 696 43 21 av
1043 685 67 30 den
1131 684 219 39 omfattning,
1371 683 11 30 i
1404 683 115 30 vilken
1541 681 76 31 ord-

121 736 70 30 nad
217 734 243 41 pensionering
486 732 213 40 genomförts
726 732 96 30 inom
849 731 90 30 olika
965 730 383 38 befolkningsgrupper,
1375 727 86 31 låter
1487 727 50 39 sig
1564 726 56 30 för

121 780 219 31 närvarande
360 779 73 30 icke
454 779 94 38 göra.
570 778 79 30 Dels
670 778 61 29 äro
752 775 174 39 nämligen
947 775 42 30 de
1009 774 189 31 statistiska
1218 773 66 31 och
1303 772 110 31 andra
1433 771 185 40 uppgifter,

122 834 74 22 som
215 824 111 31 skulle
345 824 151 30 behövas
516 822 57 30 för
590 820 142 40 frågans
751 820 258 39 klarläggande,
1029 819 11 30 i
1076 819 68 38 hög
1164 818 86 39 grad
1268 817 258 38 ofullständiga,
1548 816 71 30 dels

122 869 108 31 måste
248 868 98 31 alltid
364 868 92 30 olika
476 866 266 40 uppfattningar
760 864 85 32 råda
863 874 57 21 om
938 864 68 30 vad
1024 873 75 21 som
1117 863 88 31 skall
1224 861 126 32 förstås
1369 862 77 30 med
1464 860 155 31 ordnade

120 912 420 41 pensionsförhållanden.
562 910 255 39 Efterföljande
837 909 216 39 redogörelse
1074 917 98 21 avser
1191 907 121 30 därför
1332 906 121 31 endast
1473 909 48 27 att
1542 904 77 40 giva

122 968 42 21 en
185 957 210 32 summarisk
416 955 240 39 föreställning
678 964 58 21 om
759 954 67 31 vad
848 963 75 21 som
943 953 122 30 hittills
1085 952 98 31 blivit
1205 951 128 39 åtgjort
1354 951 10 30 i
1385 948 233 42 pensionsfrå-

123 1010 66 31 gan
208 1002 57 30 för
284 1002 42 30 de
345 1001 10 31 i
375 1001 134 31 enskild
531 1000 106 39 tjänst
656 999 183 31 anställda.
861 994 94 34 Även
974 1007 58 21 om
1052 1006 81 21 man
1153 997 79 29 med
1250 1005 43 21 en
1312 996 55 30 för
1386 996 42 29 de
1447 994 173 31 anställda

122 1047 78 31 fullt
221 1045 319 32 tillfredsställande
560 1043 243 41 pensionering
823 1043 74 30 icke
918 1043 108 38 gärna
1045 1042 64 30 bör
1129 1040 109 31 förstå
1259 1044 106 27 annat
1384 1041 46 29 än
1452 1039 66 30 den
1538 1047 81 31 pen-

122 1091 182 39 sionering,
328 1100 73 21 som
421 1091 40 29 är
481 1088 361 39 försäkringsmässigt
862 1086 206 31 säkerställd
1088 1086 65 30 och
1172 1085 116 39 byggd
1306 1083 46 41 på
1370 1083 181 40 principen
1571 1085 50 28 att

123 1136 65 31 den
206 1135 171 31 anställde
394 1136 39 29 är
452 1133 206 31 oinskränkt
678 1134 104 38 ägare
801 1132 50 30 till
871 1132 41 30 de
931 1131 56 30 för
1006 1131 89 30 hans
1113 1129 242 40 pensionering
1375 1131 134 28 avsatta
1527 1127 92 31 med-

122 1182 64 34 len,
214 1180 94 31 vilka
333 1179 124 30 villkor
481 1177 207 40 exempelvis
713 1178 61 29 äro
800 1176 183 39 uppfyllda
1008 1175 58 30 vid
1090 1184 42 21 en
1155 1173 198 39 försäkring
1377 1173 11 30 i
1413 1173 89 35 SPP,
1529 1172 91 30 hava

122 1225 89 30 dock
235 1224 57 31 för
317 1223 323 39 fullständighetens
662 1222 92 30 skull
777 1221 11 30 i
812 1222 112 29 denna
948 1219 151 31 översikt
1124 1218 182 39 medtagits
1330 1217 89 31 vissa
1442 1216 177 40 pensions-

123 1269 245 39 anordningar,
398 1268 64 31 där
489 1268 101 30 dessa
616 1266 126 31 villkor
769 1266 75 30 icke
873 1266 60 29 äro
961 1264 194 40 uppfyllda,
1185 1262 116 32 såsom
1328 1261 291 40 direktpensione-

122 1314 85 39 ring,
229 1311 347 40 försäkringsmässig
597 1310 243 41 pensionering
861 1313 84 27 utan
967 1308 203 31 oantastbar
1189 1307 233 40 pensionsrätt
1442 1316 45 21 m.
1511 1316 45 20 m.

123 1403 153 31 Industri
298 1403 65 30 och
385 1400 181 32 hantverk.

168 1466 64 30 Det
249 1465 40 30 är
306 1464 94 30 inom
417 1463 183 36 industrin,
620 1471 75 21 som
711 1460 291 41 pensionsfrågan
1018 1459 147 31 kommit
1182 1459 114 38 längst
1313 1461 72 27 mot
1402 1457 53 31 sin
1473 1456 146 38 lösning.

123 1510 74 31 Vad
219 1508 189 31 industrins
431 1506 395 39 förvaltningspersonal
853 1504 222 40 (tjänstemän
1098 1504 65 30 och
1186 1502 151 39 förmän)
1364 1501 171 31 beträffar
1557 1500 64 30 har

124 1555 75 29 dess
220 1551 265 42 pensionsfråga
503 1552 11 29 i
534 1551 137 39 mycket
690 1554 72 27 stor
781 1549 240 38 utsträckning
1041 1548 98 30 blivit
1158 1548 66 30 löst
1244 1554 123 32 genom
1386 1544 234 41 pensionsför-

124 1598 141 38 säkring
284 1598 11 30 i
314 1597 88 30 SPP.
422 1597 74 29 Här
513 1596 120 30 kunna
653 1594 109 40 några
782 1594 119 31 siffror
919 1592 187 40 lämpligen
1125 1592 151 30 anföras.
1297 1591 79 30 Med
1394 1590 76 31 stöd
1490 1599 43 21 av
1547 1588 73 31 siff-

125 1652 103 21 rorna
252 1642 11 30 i
291 1642 82 30 1940
398 1640 55 32 års
479 1639 225 39 folkräkning
729 1639 98 30 torde
851 1647 82 21 man
957 1638 121 29 kunna
1103 1636 188 40 uppskatta
1315 1634 305 39 förvaltningsper-

125 1688 142 29 sonalen
290 1686 94 30 inom
405 1685 135 30 landets
562 1684 147 30 industri
734 1684 66 30 och
823 1682 169 31 hantverk
1014 1681 57 31 vid
1094 1680 203 31 nuvarande
1318 1679 162 39 tidpunkt
1503 1679 49 30 till
1576 1681 46 27 ett

124 1732 182 30 totalantal
327 1740 42 21 av
389 1739 40 21 ca
454 1730 61 30 100
529 1730 74 29 000.
627 1729 50 29 Av
699 1728 100 30 dessa
821 1729 60 29 äro
904 1736 39 21 ca
965 1727 42 30 40
1022 1727 64 29 000
1108 1724 369 41 pensionsförsäkrade
1498 1723 11 30 i
1532 1722 88 35 SPP,

126 1776 84 30 efter
234 1785 42 20 en
299 1774 353 40 pensioneringsplan,
678 1782 75 21 som
777 1772 55 30 för
855 1772 41 30 de
918 1771 101 30 flesta
1042 1770 70 30 kan
1135 1779 99 21 anses
1259 1768 170 39 likvärdig
1455 1768 78 30 med
1556 1767 66 30 den

125 1820 54 30 för
198 1823 129 27 statens
347 1819 209 38 tjänstemän
575 1817 160 39 gällande
754 1815 398 40 pensioneringsplanen.
1173 1814 65 30 Vid
1258 1817 45 26 ett
1323 1813 149 38 företags
1492 1812 129 30 anslut-

125 1864 82 38 ning
230 1864 51 29 till
304 1864 78 29 SPP
404 1864 39 29 är
464 1863 56 29 det
541 1862 100 38 regel,
663 1865 50 27 att
737 1860 171 31 anställda
930 1860 111 29 under
1063 1859 67 30 viss
1152 1857 106 36 ålder,
1280 1856 206 39 exempelvis
1509 1857 40 29 25
1573 1855 47 36 år,

126 1908 125 30 liksom
278 1907 171 30 anställda
475 1908 83 28 över
583 1906 67 29 viss
677 1904 106 36 ålder,
812 1903 181 39 vanligtvis
1020 1904 42 29 50
1090 1902 38 31 år
1153 1902 56 30 för
1235 1911 81 20 man
1343 1902 65 29 och
1434 1901 41 29 45
1503 1899 39 31 år
1568 1899 55 30 för

126 1953 139 33 kvinna,
284 1952 218 37 undantagas
523 1949 80 31 från
620 1949 254 38 anslutningen.
895 1948 119 30 Härav
1035 1946 110 39 följer,
1165 1950 48 26 att
1233 1946 41 29 de
1292 1946 49 29 till
1362 1945 78 30 SPP
1460 1945 162 29 anslutna

127 1997 177 37 företagen
323 1995 93 30 inom
435 1994 148 30 industri
602 1994 65 30 och
686 1993 171 30 hantverk
876 1992 197 39 sysselsätta
1092 1995 46 26 ett
1156 1992 108 28 större
1284 1990 93 30 antal
1396 1988 226 37 befattnings-

126 2041 129 30 havare
277 2041 45 29 än
344 2040 40 30 de
405 2039 206 30 försäkrade
632 2038 41 30 40
687 2038 74 29 000.
785 2037 114 30 Totalt
921 2036 96 30 torde
1039 2036 128 29 antalet
1188 2034 171 31 anställda
1380 2034 63 29 hos
1464 2033 41 30 de
1529 2032 92 31 SPP-

126 2086 162 30 anslutna
313 2084 176 37 företagen
514 2083 119 30 kunna
656 2081 205 40 uppskattas
886 2081 48 30 till
957 2090 41 21 ca
1022 2080 41 30 50
1078 2080 62 29 000
1163 2088 173 29 personer.

171 2130 82 29 Man
272 2130 70 28 kan
361 2129 77 29 med
457 2128 59 38 fog
536 2128 82 38 göra
640 2126 169 38 gällande,
828 2129 48 27 att
894 2125 55 29 för
967 2125 99 29 dessa
1086 2125 40 29 50
1141 2125 63 28 000
1224 2122 342 38 befattningshavare
1585 2122 39 28 är

125 2172 288 40 pensionsfrågan
438 2171 317 30 tillfredsställande
779 2172 72 28 löst.
877 2170 66 29 För
967 2170 87 33 dem,
1079 2178 72 19 som
1175 2169 94 28 ännu
1293 2167 72 29 icke
1388 2165 146 39 uppnått
1558 2165 64 29 den

127 2217 216 30 föreskrivna
364 2216 264 33 minimiåldern,
650 2216 39 28 är
709 2215 54 29 det
785 2214 9 29 i
816 2215 85 36 regel
922 2213 172 36 nämligen
1115 2212 121 30 endast
1256 2221 41 19 en
1319 2209 176 38 tidsfråga,
1517 2210 106 29 innan

128 2262 40 29 de
188 2261 164 29 omfattas
371 2270 41 20 av
431 2261 66 28 den
518 2258 365 37 försäkringsmässiga
902 2257 295 38 pensioneringen,
1218 2256 64 28 och
1304 2255 52 29 för
1375 2255 39 28 de
1433 2253 189 37 överåriga,

128 2305 113 29 vilken
263 2304 151 37 kategori
438 2303 271 39 uppenbarligen
731 2302 86 29 efter
838 2311 39 20 en
900 2301 133 29 relativt
1054 2301 75 28 kort
1150 2298 239 38 övergångstid
1412 2298 72 29 icke
1506 2299 118 34 längre

127 2350 157 29 kommer
306 2352 47 26 att
376 2348 123 34 finnas,
523 2347 123 29 träffas
667 2347 150 28 normalt
839 2345 8 29 i
869 2346 193 36 företagens
1083 2352 81 29 egen
1187 2343 68 37 regi
1278 2342 235 37 anordningar
1540 2342 82 36 (reg-

128 2395 179 32 lementen,
331 2392 159 29 stiftelser
512 2391 63 29 och
599 2390 136 38 dylikt),
760 2400 73 19 som
858 2390 127 35 reglera
1010 2389 98 29 deras
1130 2387 249 39 pensionering.

175 2438 95 28 Inom
296 2435 167 30 industrin
490 2435 233 29 förekommer
748 2434 53 29 för
826 2432 433 38 förvaltningspersonalen
1287 2431 7 29 i
1320 2430 111 37 någon
1455 2429 168 30 utsträck-

129 2481 80 39 ning
230 2482 87 29 även
337 2489 116 21 annan
473 2479 346 38 försäkringsmässig
839 2477 241 39 pensionering
1101 2478 44 28 än
1165 2475 199 38 anslutning
1387 2475 46 30 till
1456 2475 89 29 SPP.
1566 2472 57 31 Så-
