2181 2649
460 227 44 32 14
866 223 259 34 Statsutskottets
1158 222 176 35 Utlåtande
1361 222 65 34 N:o
1453 224 72 30 186.

403 311 137 37 kontor
568 309 172 50 betjänar
769 307 250 38 allmänheten
1047 312 96 33 samt
1163 306 131 37 därvid
1314 310 187 45 mottager
1525 304 69 38 och
1609 304 187 37 utlämnar
1812 303 183 37 kontanta

404 364 132 49 medel,
578 363 84 37 med
710 363 71 36 120
814 362 140 37 kronor
982 361 62 38 vid
1072 360 226 51 postkontor
1326 360 43 38 af
1394 361 58 35 1:a
1479 358 89 38 eller
1597 360 58 35 2:a
1682 357 101 37 klass
1812 356 69 37 och
1910 356 84 37 med

407 420 47 35 60
482 417 141 37 kronor
650 416 64 37 vid
742 415 225 51 postkontor
995 415 42 37 af
1063 417 56 35 3:e
1147 415 89 37 eller
1264 415 58 36 4:e
1351 413 117 46 klass;

511 471 64 36 allt
603 469 58 38 för
691 472 39 34 år
758 468 173 37 räknadt.

509 522 518 50 Felräkningspenningarna
1054 523 93 48 utgå
1176 519 104 38 alltid
1308 519 56 39 till
1393 518 83 49 den,
1506 531 81 24 som
1612 516 186 39 bestrider
1816 515 181 51 tjänsten.

1149 633 21 51 g
1201 634 57 37 10.

510 722 481 52 Anmärkningsprovision.
1032 721 227 37 tillkommer
1300 720 227 50 tjänsteman
1567 718 70 37 hos
1675 716 324 51 generalpoststy-

406 779 123 37 relsen
557 777 119 50 enligt
705 777 45 37 de
777 781 170 33 närmare
988 774 177 51 grunder,
1196 773 140 50 Kungl.
1366 772 108 50 Maj:t
1501 771 237 48 bestämmer,
1769 769 84 38 med
1881 770 117 49 högst

407 832 143 36 femton
590 835 156 46 procent
774 833 20 33 å
821 829 131 50 hvarje
993 828 148 50 belopp,
1185 840 80 24 som
1296 829 48 48 på
1373 825 123 50 grund
1524 825 43 37 af
1591 823 264 49 anmärkning,
1885 822 114 50 gjord

406 885 42 36 af
473 884 116 37 sådan
633 883 238 50 tjänsteman,
902 881 192 50 antingen,
1125 883 121 34 såsom
1275 879 32 50 ej
1337 882 186 47 upptaget
1550 877 57 37 till
1635 876 248 49 redovisning
1910 875 89 37 eller

407 940 124 34 såsom
560 936 233 49 obehörigen
820 934 246 42 krediteradt,
1095 933 153 50 inflyter
1275 933 57 36 till
1360 931 219 51 postverket
1608 930 70 37 och
1705 934 91 32 utan
1824 928 175 38 anmärk-

406 990 164 49 ningens
613 988 279 38 framställande
933 987 31 50 ej
1009 987 118 37 skulle
1167 986 114 37 hafva
1322 984 158 38 kommit
1512 983 131 37 verket
1670 983 57 37 till
1755 981 112 51 godo,
1898 981 100 48 eller,

408 1046 126 34 såsom
579 1043 58 36 för
683 1042 94 49 högt
822 1040 209 39 debiteradt
1076 1039 89 38 eller
1210 1039 58 37 för
1312 1039 81 49 lågt
1428 1036 241 48 krediteradt,
1699 1035 214 50 återgäldas
1942 1034 57 37 till

407 1095 294 38 vederbörande.

1148 1179 21 49 8
1199 1181 59 35 11.

510 1268 388 50 Uniformspersedlar
935 1268 38 36 in
1010 1272 135 32 natura
1190 1266 89 37 eller
1323 1263 449 49 beklädnadsersättning
1808 1262 58 37 till
1903 1262 96 36 visst

407 1323 137 49 belopp
573 1325 60 34 må
662 1322 160 36 tilldelas
851 1321 230 49 tjänstemän
1108 1320 42 36 af
1174 1319 105 49 lägre
1307 1318 107 49 grad,
1445 1317 184 37 ordinarie
1650 1316 70 37 och
1741 1321 117 42 extra,
1879 1315 120 49 enligt

407 1375 293 48 bestämmelser,
729 1387 80 24 som
837 1373 170 37 utfärdas
1036 1372 40 37 af
1100 1370 441 52 generalpoststyrelsen.

1149 1510 20 50 8
1201 1512 57 35 12.

510 1601 246 50 Tjänstemän
798 1600 41 36 af
875 1600 106 48 lägre
1021 1598 107 49 grad,
1171 1596 186 38 ordinarie
1390 1597 70 36 och
1488 1602 117 38 extra,
1635 1595 141 37 erhålla
1804 1594 121 49 enligt
1954 1595 46 35 de

407 1659 172 31 närmare
619 1653 295 46 bestämmelser,
957 1651 142 48 Kungl.
1142 1650 107 49 Maj:t
1277 1650 201 47 meddelar,
1507 1648 199 37 läkarvård
1735 1648 70 37 och
1834 1647 165 37 medika-

408 1711 144 33 menter
579 1708 48 48 på
654 1705 241 50 postverkets
923 1703 222 38 bekostnad.

1150 1841 20 51 8
1200 1844 57 35 13.

512 1941 73 37 Vid
625 1941 225 49 tjänsteresa
891 1940 101 36 inom
1033 1939 97 36 riket
1170 1940 112 47 utgår
1322 1936 285 37 resekostnads-
1636 1936 70 37 och
1734 1935 267 37 traktaments-

409 1994 215 49 ersättning
665 1993 121 49 enligt
814 1993 342 48 resereglementet,
1187 1991 124 36 därest
1339 1990 81 37 icke
1449 1990 58 36 för
1534 1989 103 36 vissa
1664 1989 83 48 slag
1776 1989 41 35 af
1841 1988 160 49 tjänste-

409 2060 104 24 resor
555 2046 116 36 andra
711 2045 235 37 föreskrifter
982 2044 89 37 eller
1099 2042 282 38 bestämmelser
1410 2055 59 23 om
1497 2042 106 48 lägre
1632 2040 369 49 ersättningsberäk-

409 2100 96 48 ning
532 2098 217 37 meddelats.

513 2152 72 36 Det
614 2150 217 37 ankommer
858 2152 49 47 på
935 2148 449 50 generalpoststyrelsens
1412 2146 195 50 pröfning,
1635 2145 185 37 huruvida
1843 2145 158 49 tjänste-

409 2218 99 34 man,
551 2217 79 23 som
672 2203 215 36 förordnats
915 2202 166 36 bestrida
1109 2200 216 49 befattning
1354 2202 20 34 å
1403 2213 123 22 annan
1555 2204 58 30 ort
1642 2203 47 31 än
1718 2198 283 47 stationsorten,

409 2258 61 34 må
511 2256 150 37 komma
689 2255 13 37 i
731 2254 220 50 åtnjutande
992 2254 41 37 af
1070 2252 261 51 hyresbidrag,
1374 2251 212 50 utgörande
1620 2251 59 37 för
1707 2251 75 48 dag
1810 2250 116 49 högst
1954 2263 47 24 en

410 2308 174 38 femtedel
624 2308 42 38 af
695 2307 62 37 det
784 2307 64 37 vid
876 2320 105 25 resor
1009 2307 120 50 enligt
1156 2306 333 50 resereglementet
1516 2304 191 51 utgående
1735 2303 263 38 traktamente.
