<?xml version="1.0" encoding="UTF-8"?>
<alto xmlns="http://www.loc.gov/standards/alto/ns-v3#" xmlns:xlink="http://www.w3.org/1999/xlink" xmlns:xsi="http://www.w3.org/2001/XMLSchema-instance" xsi:schemaLocation="http://www.loc.gov/standards/alto/ns-v3# http://www.loc.gov/alto/v3/alto-3-0.xsd">
	<Description>
		<MeasurementUnit>pixel</MeasurementUnit>
		<sourceImageInformation>
			<fileName>/tmp/tess_29_2mwhc_input.PNG</fileName>
		</sourceImageInformation>
		<OCRProcessing ID="OCR_0">
			<ocrProcessingStep>
				<processingSoftware>
					<softwareName>tesseract 5.3.0</softwareName>
				</processingSoftware>
			</ocrProcessingStep>
		</OCRProcessing>
	</Description>
	<Layout>
		<Page WIDTH="1882" HEIGHT="2780" PHYSICAL_IMG_NR="0" ID="page_0">
			<PrintSpace HPOS="0" VPOS="0" WIDTH="1882" HEIGHT="2780">
				<ComposedBlock ID="cblock_0" HPOS="260" VPOS="163" WIDTH="1067" HEIGHT="45">
					<TextBlock ID="block_0" HPOS="260" VPOS="163" WIDTH="1067" HEIGHT="45">
						<TextLine ID="line_0" HPOS="260" VPOS="163" WIDTH="1067" HEIGHT="45">
							<String ID="string_0" HPOS="260" VPOS="163" WIDTH="47" HEIGHT="45" WC="0.96" CONTENT="26"/><SP WIDTH="407" VPOS="163" HPOS="307"/>
							<String ID="string_1" HPOS="714" VPOS="166" WIDTH="285" HEIGHT="31" WC="0.91" CONTENT="Statsutskottets"/><SP WIDTH="18" VPOS="166" HPOS="999"/>
							<String ID="string_2" HPOS="1017" VPOS="166" WIDTH="181" HEIGHT="30" WC="0.96" CONTENT="utlåtande"/><SP WIDTH="18" VPOS="166" HPOS="1198"/>
							<String ID="string_3" HPOS="1216" VPOS="174" WIDTH="43" HEIGHT="21" WC="0.96" CONTENT="nr"/><SP WIDTH="18" VPOS="174" HPOS="1259"/>
							<String ID="string_4" HPOS="1277" VPOS="166" WIDTH="50" HEIGHT="29" WC="0.96" CONTENT="10."/>
						</TextLine>
					</TextBlock>
				</ComposedBlock>
				<ComposedBlock ID="cblock_1" HPOS="264" VPOS="249" WIDTH="1508" HEIGHT="646">
					<TextBlock ID="block_1" HPOS="265" VPOS="249" WIDTH="1506" HEIGHT="245">
						<TextLine ID="line_1" HPOS="315" VPOS="249" WIDTH="1455" HEIGHT="43">
							<String ID="string_5" HPOS="315" VPOS="252" WIDTH="185" HEIGHT="30" WC="0.96" CONTENT="Utskottet."/><SP WIDTH="21" VPOS="252" HPOS="500"/>
							<String ID="string_6" HPOS="521" VPOS="252" WIDTH="52" HEIGHT="31" WC="0.93" CONTENT="Av"/><SP WIDTH="21" VPOS="252" HPOS="573"/>
							<String ID="string_7" HPOS="594" VPOS="251" WIDTH="385" HEIGHT="41" WC="0.90" CONTENT="departementschefen"/><SP WIDTH="23" VPOS="251" HPOS="979"/>
							<String ID="string_8" HPOS="1002" VPOS="251" WIDTH="186" HEIGHT="30" WC="0.96" CONTENT="förordade"/><SP WIDTH="23" VPOS="251" HPOS="1188"/>
							<String ID="string_9" HPOS="1211" VPOS="250" WIDTH="189" HEIGHT="40" WC="0.96" CONTENT="ändringar"/><SP WIDTH="22" VPOS="250" HPOS="1400"/>
							<String ID="string_10" HPOS="1422" VPOS="252" WIDTH="11" HEIGHT="29" WC="0.93" CONTENT="i"/><SP WIDTH="22" VPOS="252" HPOS="1433"/>
							<String ID="string_11" HPOS="1455" VPOS="249" WIDTH="315" HEIGHT="42" WC="0.89" CONTENT="personalförteck-"/>
						</TextLine>
						<TextLine ID="line_2" HPOS="267" VPOS="300" WIDTH="1503" HEIGHT="42">
							<String ID="string_12" HPOS="267" VPOS="302" WIDTH="131" HEIGHT="40" WC="0.96" CONTENT="ningen"/><SP WIDTH="21" VPOS="302" HPOS="398"/>
							<String ID="string_13" HPOS="419" VPOS="303" WIDTH="54" HEIGHT="30" WC="0.93" CONTENT="för"/><SP WIDTH="22" VPOS="303" HPOS="473"/>
							<String ID="string_14" HPOS="495" VPOS="303" WIDTH="81" HEIGHT="30" WC="0.91" CONTENT="lots-"/><SP WIDTH="22" VPOS="303" HPOS="576"/>
							<String ID="string_15" HPOS="598" VPOS="304" WIDTH="65" HEIGHT="29" WC="0.93" CONTENT="och"/><SP WIDTH="23" VPOS="304" HPOS="663"/>
							<String ID="string_16" HPOS="686" VPOS="303" WIDTH="172" HEIGHT="39" WC="0.91" CONTENT="fyrstaten"/><SP WIDTH="22" VPOS="303" HPOS="858"/>
							<String ID="string_17" HPOS="880" VPOS="303" WIDTH="46" HEIGHT="30" WC="0.96" CONTENT="ha"/><SP WIDTH="21" VPOS="303" HPOS="926"/>
							<String ID="string_18" HPOS="947" VPOS="303" WIDTH="75" HEIGHT="30" WC="0.96" CONTENT="icke"/><SP WIDTH="23" VPOS="303" HPOS="1022"/>
							<String ID="string_19" HPOS="1045" VPOS="302" WIDTH="83" HEIGHT="40" WC="0.96" CONTENT="givit"/><SP WIDTH="23" VPOS="302" HPOS="1128"/>
							<String ID="string_20" HPOS="1151" VPOS="303" WIDTH="170" HEIGHT="29" WC="0.96" CONTENT="utskottet"/><SP WIDTH="23" VPOS="303" HPOS="1321"/>
							<String ID="string_21" HPOS="1344" VPOS="302" WIDTH="188" HEIGHT="39" WC="0.96" CONTENT="anledning"/><SP WIDTH="23" VPOS="302" HPOS="1532"/>
							<String ID="string_22" HPOS="1555" VPOS="302" WIDTH="51" HEIGHT="30" WC="0.95" CONTENT="till"/><SP WIDTH="23" VPOS="302" HPOS="1606"/>
							<String ID="string_23" HPOS="1629" VPOS="300" WIDTH="141" HEIGHT="30" WC="0.95" CONTENT="erinran"/>
						</TextLine>
						<TextLine ID="line_3" HPOS="269" VPOS="351" WIDTH="1502" HEIGHT="42">
							<String ID="string_24" HPOS="269" VPOS="353" WIDTH="126" HEIGHT="30" WC="0.96" CONTENT="liksom"/><SP WIDTH="28" VPOS="353" HPOS="395"/>
							<String ID="string_25" HPOS="423" VPOS="354" WIDTH="30" HEIGHT="39" WC="0.95" CONTENT="ej"/><SP WIDTH="30" VPOS="354" HPOS="453"/>
							<String ID="string_26" HPOS="483" VPOS="353" WIDTH="107" HEIGHT="30" WC="0.95" CONTENT="heller"/><SP WIDTH="30" VPOS="353" HPOS="590"/>
							<String ID="string_27" HPOS="620" VPOS="354" WIDTH="68" HEIGHT="29" WC="0.96" CONTENT="den"/><SP WIDTH="27" VPOS="354" HPOS="688"/>
							<String ID="string_28" HPOS="715" VPOS="352" WIDTH="212" HEIGHT="31" WC="0.93" CONTENT="verkställda"/><SP WIDTH="28" VPOS="352" HPOS="927"/>
							<String ID="string_29" HPOS="955" VPOS="352" WIDTH="388" HEIGHT="39" WC="0.91" CONTENT="anslagsberäkningen."/><SP WIDTH="30" VPOS="352" HPOS="1343"/>
							<String ID="string_30" HPOS="1373" VPOS="352" WIDTH="177" HEIGHT="29" WC="0.96" CONTENT="Utskottet"/><SP WIDTH="28" VPOS="352" HPOS="1550"/>
							<String ID="string_31" HPOS="1578" VPOS="351" WIDTH="193" HEIGHT="39" WC="0.95" CONTENT="tillstyrker"/>
						</TextLine>
						<TextLine ID="line_4" HPOS="264" VPOS="399" WIDTH="1507" HEIGHT="71">
							<String ID="string_32" HPOS="264" VPOS="403" WIDTH="136" HEIGHT="39" WC="0.96" CONTENT="jämväl"/><SP WIDTH="24" VPOS="403" HPOS="400"/>
							<String ID="string_33" HPOS="424" VPOS="404" WIDTH="165" HEIGHT="39" WC="0.96" CONTENT="förslaget"/><SP WIDTH="23" VPOS="404" HPOS="589"/>
							<String ID="string_34" HPOS="612" VPOS="414" WIDTH="57" HEIGHT="20" WC="0.96" CONTENT="om"/><SP WIDTH="24" VPOS="414" HPOS="669"/>
							<String ID="string_35" HPOS="693" VPOS="403" WIDTH="195" HEIGHT="31" WC="0.96" CONTENT="förbättrad"/><SP WIDTH="23" VPOS="403" HPOS="888"/>
							<String ID="string_36" HPOS="911" VPOS="399" WIDTH="269" HEIGHT="71" WC="0.0" CONTENT="konngrensation"/><SP WIDTH="24" VPOS="399" HPOS="1180"/>
							<String ID="string_37" HPOS="1204" VPOS="403" WIDTH="54" HEIGHT="29" WC="0.93" CONTENT="för"/><SP WIDTH="26" VPOS="403" HPOS="1258"/>
							<String ID="string_38" HPOS="1284" VPOS="403" WIDTH="219" HEIGHT="39" WC="0.91" CONTENT="fyrpersonal"/><SP WIDTH="24" VPOS="403" HPOS="1503"/>
							<String ID="string_39" HPOS="1527" VPOS="402" WIDTH="55" HEIGHT="30" WC="0.93" CONTENT="för"/><SP WIDTH="25" VPOS="402" HPOS="1582"/>
							<String ID="string_40" HPOS="1607" VPOS="403" WIDTH="77" HEIGHT="28" WC="0.93" CONTENT="sön-"/><SP WIDTH="23" VPOS="403" HPOS="1684"/>
							<String ID="string_41" HPOS="1707" VPOS="401" WIDTH="64" HEIGHT="30" WC="0.96" CONTENT="och"/>
						</TextLine>
						<TextLine ID="line_5" HPOS="265" VPOS="453" WIDTH="416" HEIGHT="41">
							<String ID="string_42" HPOS="265" VPOS="453" WIDTH="416" HEIGHT="41" WC="0.90" CONTENT="helgdagstjänstgöring."/>
						</TextLine>
					</TextBlock>
					<TextBlock ID="block_2" HPOS="313" VPOS="504" WIDTH="407" HEIGHT="35">
						<TextLine ID="line_6" HPOS="313" VPOS="504" WIDTH="407" HEIGHT="35">
							<String ID="string_43" HPOS="313" VPOS="504" WIDTH="174" HEIGHT="30" WC="0.96" CONTENT="Utskottet"/><SP WIDTH="20" VPOS="504" HPOS="487"/>
							<String ID="string_44" HPOS="507" VPOS="504" WIDTH="213" HEIGHT="35" WC="0.96" CONTENT="hemställer,"/>
						</TextLine>
					</TextBlock>
					<TextBlock ID="block_3" HPOS="623" VPOS="554" WIDTH="341" HEIGHT="40">
						<TextLine ID="line_7" HPOS="623" VPOS="554" WIDTH="341" HEIGHT="40">
							<String ID="string_45" HPOS="623" VPOS="555" WIDTH="51" HEIGHT="29" WC="0.96" CONTENT="att"/><SP WIDTH="23" VPOS="555" HPOS="674"/>
							<String ID="string_46" HPOS="697" VPOS="554" WIDTH="186" HEIGHT="40" WC="0.96" CONTENT="riksdagen"/><SP WIDTH="22" VPOS="554" HPOS="883"/>
							<String ID="string_47" HPOS="905" VPOS="555" WIDTH="59" HEIGHT="30" WC="0.96" CONTENT="må"/>
						</TextLine>
					</TextBlock>
					<TextBlock ID="block_4" HPOS="578" VPOS="602" WIDTH="1194" HEIGHT="192">
						<TextLine ID="line_8" HPOS="623" VPOS="602" WIDTH="1147" HEIGHT="42">
							<String ID="string_48" HPOS="623" VPOS="605" WIDTH="36" HEIGHT="34" WC="0.96" CONTENT="a)"/><SP WIDTH="30" VPOS="605" HPOS="659"/>
							<String ID="string_49" HPOS="689" VPOS="603" WIDTH="207" HEIGHT="41" WC="0.96" CONTENT="bemyndiga"/><SP WIDTH="27" VPOS="603" HPOS="896"/>
							<String ID="string_50" HPOS="923" VPOS="605" WIDTH="125" HEIGHT="39" WC="0.95" CONTENT="Kungl."/><SP WIDTH="30" VPOS="605" HPOS="1048"/>
							<String ID="string_51" HPOS="1078" VPOS="603" WIDTH="106" HEIGHT="40" WC="0.96" CONTENT="Maj:t"/><SP WIDTH="29" VPOS="603" HPOS="1184"/>
							<String ID="string_52" HPOS="1213" VPOS="606" WIDTH="49" HEIGHT="29" WC="0.93" CONTENT="att"/><SP WIDTH="28" VPOS="606" HPOS="1262"/>
							<String ID="string_53" HPOS="1290" VPOS="604" WIDTH="156" HEIGHT="38" WC="0.91" CONTENT="företaga"/><SP WIDTH="27" VPOS="604" HPOS="1446"/>
							<String ID="string_54" HPOS="1473" VPOS="604" WIDTH="42" HEIGHT="29" WC="0.96" CONTENT="de"/><SP WIDTH="28" VPOS="604" HPOS="1515"/>
							<String ID="string_55" HPOS="1543" VPOS="602" WIDTH="190" HEIGHT="40" WC="0.96" CONTENT="ändringar"/><SP WIDTH="28" VPOS="602" HPOS="1733"/>
							<String ID="string_56" HPOS="1761" VPOS="602" WIDTH="9" HEIGHT="29" WC="0.96" CONTENT="i"/>
						</TextLine>
						<TextLine ID="line_9" HPOS="578" VPOS="652" WIDTH="1192" HEIGHT="42">
							<String ID="string_57" HPOS="578" VPOS="656" WIDTH="68" HEIGHT="29" WC="0.96" CONTENT="den"/><SP WIDTH="25" VPOS="656" HPOS="646"/>
							<String ID="string_58" HPOS="671" VPOS="655" WIDTH="55" HEIGHT="29" WC="0.93" CONTENT="för"/><SP WIDTH="24" VPOS="655" HPOS="726"/>
							<String ID="string_59" HPOS="750" VPOS="655" WIDTH="81" HEIGHT="29" WC="0.91" CONTENT="lots-"/><SP WIDTH="26" VPOS="655" HPOS="831"/>
							<String ID="string_60" HPOS="857" VPOS="656" WIDTH="65" HEIGHT="29" WC="0.93" CONTENT="och"/><SP WIDTH="25" VPOS="656" HPOS="922"/>
							<String ID="string_61" HPOS="947" VPOS="655" WIDTH="172" HEIGHT="39" WC="0.92" CONTENT="fyrstaten"/><SP WIDTH="26" VPOS="655" HPOS="1119"/>
							<String ID="string_62" HPOS="1145" VPOS="655" WIDTH="158" HEIGHT="39" WC="0.93" CONTENT="gällande"/><SP WIDTH="25" VPOS="655" HPOS="1303"/>
							<String ID="string_63" HPOS="1328" VPOS="652" WIDTH="442" HEIGHT="42" WC="0.92" CONTENT="personalförteckningen,"/>
						</TextLine>
						<TextLine ID="line_10" HPOS="581" VPOS="702" WIDTH="1191" HEIGHT="43">
							<String ID="string_64" HPOS="581" VPOS="714" WIDTH="75" HEIGHT="21" WC="0.96" CONTENT="som"/><SP WIDTH="35" VPOS="714" HPOS="656"/>
							<String ID="string_65" HPOS="691" VPOS="706" WIDTH="11" HEIGHT="29" WC="0.92" CONTENT="i"/><SP WIDTH="35" VPOS="706" HPOS="702"/>
							<String ID="string_66" HPOS="737" VPOS="703" WIDTH="381" HEIGHT="42" WC="0.92" CONTENT="statsrådsprotokollet"/><SP WIDTH="35" VPOS="703" HPOS="1118"/>
							<String ID="string_67" HPOS="1153" VPOS="705" WIDTH="81" HEIGHT="29" WC="0.92" CONTENT="över"/><SP WIDTH="33" VPOS="705" HPOS="1234"/>
							<String ID="string_68" HPOS="1267" VPOS="704" WIDTH="160" HEIGHT="30" WC="0.91" CONTENT="handels-"/><SP WIDTH="24" VPOS="704" HPOS="1427"/>
							<String ID="string_69" HPOS="1451" VPOS="703" WIDTH="64" HEIGHT="30" WC="0.92" CONTENT="och"/><SP WIDTH="24" VPOS="703" HPOS="1515"/>
							<String ID="string_70" HPOS="1539" VPOS="702" WIDTH="233" HEIGHT="32" WC="0.92" CONTENT="folkhushåll-"/>
						</TextLine>
						<TextLine ID="line_11" HPOS="579" VPOS="754" WIDTH="926" HEIGHT="40">
							<String ID="string_71" HPOS="579" VPOS="755" WIDTH="257" HEIGHT="39" WC="0.92" CONTENT="ningsärenden"/><SP WIDTH="23" VPOS="755" HPOS="836"/>
							<String ID="string_72" HPOS="859" VPOS="756" WIDTH="57" HEIGHT="29" WC="0.96" CONTENT="för"/><SP WIDTH="21" VPOS="756" HPOS="916"/>
							<String ID="string_73" HPOS="937" VPOS="756" WIDTH="66" HEIGHT="29" WC="0.96" CONTENT="den"/><SP WIDTH="22" VPOS="756" HPOS="1003"/>
							<String ID="string_74" HPOS="1025" VPOS="754" WIDTH="19" HEIGHT="30" WC="0.96" CONTENT="4"/><SP WIDTH="24" VPOS="754" HPOS="1044"/>
							<String ID="string_75" HPOS="1068" VPOS="755" WIDTH="143" HEIGHT="39" WC="0.96" CONTENT="januari"/><SP WIDTH="25" VPOS="755" HPOS="1211"/>
							<String ID="string_76" HPOS="1236" VPOS="754" WIDTH="82" HEIGHT="30" WC="0.95" CONTENT="1950"/><SP WIDTH="23" VPOS="754" HPOS="1318"/>
							<String ID="string_77" HPOS="1341" VPOS="755" WIDTH="164" HEIGHT="39" WC="0.95" CONTENT="angivits;"/>
						</TextLine>
					</TextBlock>
					<TextBlock ID="block_5" HPOS="578" VPOS="805" WIDTH="1193" HEIGHT="90">
						<TextLine ID="line_12" HPOS="623" VPOS="805" WIDTH="1148" HEIGHT="40">
							<String ID="string_78" HPOS="623" VPOS="806" WIDTH="38" HEIGHT="34" WC="0.93" CONTENT="b)"/><SP WIDTH="31" VPOS="806" HPOS="661"/>
							<String ID="string_79" HPOS="692" VPOS="807" WIDTH="184" HEIGHT="38" WC="0.96" CONTENT="godkänna"/><SP WIDTH="19" VPOS="807" HPOS="876"/>
							<String ID="string_80" HPOS="895" VPOS="805" WIDTH="156" HEIGHT="40" WC="0.93" CONTENT="följande"/><SP WIDTH="18" VPOS="805" HPOS="1051"/>
							<String ID="string_81" HPOS="1069" VPOS="805" WIDTH="252" HEIGHT="39" WC="0.91" CONTENT="avlöningsstat"/><SP WIDTH="17" VPOS="805" HPOS="1321"/>
							<String ID="string_82" HPOS="1338" VPOS="806" WIDTH="55" HEIGHT="29" WC="0.93" CONTENT="för"/><SP WIDTH="16" VPOS="806" HPOS="1393"/>
							<String ID="string_83" HPOS="1409" VPOS="805" WIDTH="81" HEIGHT="29" WC="0.93" CONTENT="lots-"/><SP WIDTH="16" VPOS="805" HPOS="1490"/>
							<String ID="string_84" HPOS="1506" VPOS="806" WIDTH="65" HEIGHT="29" WC="0.93" CONTENT="och"/><SP WIDTH="17" VPOS="806" HPOS="1571"/>
							<String ID="string_85" HPOS="1588" VPOS="805" WIDTH="183" HEIGHT="39" WC="0.90" CONTENT="fyrstaten,"/>
						</TextLine>
						<TextLine ID="line_13" HPOS="578" VPOS="855" WIDTH="1190" HEIGHT="40">
							<String ID="string_86" HPOS="578" VPOS="858" WIDTH="51" HEIGHT="28" WC="0.96" CONTENT="att"/><SP WIDTH="22" VPOS="858" HPOS="629"/>
							<String ID="string_87" HPOS="651" VPOS="856" WIDTH="177" HEIGHT="39" WC="0.96" CONTENT="tillämpas"/><SP WIDTH="21" VPOS="856" HPOS="828"/>
							<String ID="string_88" HPOS="849" VPOS="855" WIDTH="74" HEIGHT="31" WC="0.96" CONTENT="tills"/><SP WIDTH="20" VPOS="855" HPOS="923"/>
							<String ID="string_89" HPOS="943" VPOS="856" WIDTH="117" HEIGHT="30" WC="0.96" CONTENT="vidare"/><SP WIDTH="23" VPOS="856" HPOS="1060"/>
							<String ID="string_90" HPOS="1083" VPOS="856" WIDTH="80" HEIGHT="29" WC="0.96" CONTENT="från"/><SP WIDTH="24" VPOS="856" HPOS="1163"/>
							<String ID="string_91" HPOS="1187" VPOS="856" WIDTH="64" HEIGHT="29" WC="0.96" CONTENT="och"/><SP WIDTH="23" VPOS="856" HPOS="1251"/>
							<String ID="string_92" HPOS="1274" VPOS="856" WIDTH="78" HEIGHT="29" WC="0.96" CONTENT="med"/><SP WIDTH="22" VPOS="856" HPOS="1352"/>
							<String ID="string_93" HPOS="1374" VPOS="855" WIDTH="204" HEIGHT="39" WC="0.93" CONTENT="budgetåret"/><SP WIDTH="25" VPOS="855" HPOS="1578"/>
							<String ID="string_94" HPOS="1603" VPOS="855" WIDTH="165" HEIGHT="35" WC="0.91" CONTENT="1950/51:"/>
						</TextLine>
					</TextBlock>
				</ComposedBlock>
				<ComposedBlock ID="cblock_2" HPOS="1038" VPOS="922" WIDTH="274" HEIGHT="39">
					<TextBlock ID="block_6" HPOS="1038" VPOS="922" WIDTH="274" HEIGHT="39">
						<TextLine ID="line_14" HPOS="1038" VPOS="922" WIDTH="274" HEIGHT="39">
							<String ID="string_95" HPOS="1038" VPOS="922" WIDTH="274" HEIGHT="39" WC="0.91" CONTENT="Avlöningsstat."/>
						</TextLine>
					</TextBlock>
				</ComposedBlock>
				<ComposedBlock ID="cblock_3" HPOS="576" VPOS="979" WIDTH="1183" HEIGHT="92">
					<TextBlock ID="block_7" HPOS="576" VPOS="979" WIDTH="1183" HEIGHT="92">
						<TextLine ID="line_15" HPOS="580" VPOS="979" WIDTH="1179" HEIGHT="41">
							<String ID="string_96" HPOS="580" VPOS="982" WIDTH="27" HEIGHT="29" WC="0.92" CONTENT="1."/><SP WIDTH="27" VPOS="982" HPOS="607"/>
							<String ID="string_97" HPOS="634" VPOS="981" WIDTH="211" HEIGHT="39" WC="0.91" CONTENT="Avlöningar"/><SP WIDTH="14" VPOS="981" HPOS="845"/>
							<String ID="string_98" HPOS="859" VPOS="981" WIDTH="53" HEIGHT="30" WC="0.96" CONTENT="till"/><SP WIDTH="15" VPOS="981" HPOS="912"/>
							<String ID="string_99" HPOS="927" VPOS="981" WIDTH="174" HEIGHT="31" WC="0.96" CONTENT="ordinarie"/><SP WIDTH="14" VPOS="981" HPOS="1101"/>
							<String ID="string_100" HPOS="1115" VPOS="980" WIDTH="227" HEIGHT="40" WC="0.96" CONTENT="tjänstemän,"/><SP WIDTH="15" VPOS="980" HPOS="1342"/>
							<String ID="string_101" HPOS="1357" VPOS="980" WIDTH="205" HEIGHT="40" WC="0.95" CONTENT="förslagsvis"/><SP WIDTH="24" VPOS="980" HPOS="1562"/>
							<String ID="string_102" HPOS="1586" VPOS="979" WIDTH="96" HEIGHT="31" WC="0.83" CONTENT="4094"/><SP WIDTH="15" VPOS="979" HPOS="1682"/>
							<String ID="string_103" HPOS="1697" VPOS="979" WIDTH="62" HEIGHT="31" WC="0.95" CONTENT="200"/>
						</TextLine>
						<TextLine ID="line_16" HPOS="576" VPOS="1030" WIDTH="986" HEIGHT="41">
							<String ID="string_104" HPOS="576" VPOS="1032" WIDTH="29" HEIGHT="30" WC="0.92" CONTENT="2."/><SP WIDTH="27" VPOS="1032" HPOS="605"/>
							<String ID="string_105" HPOS="632" VPOS="1032" WIDTH="212" HEIGHT="39" WC="0.91" CONTENT="Avlöningar"/><SP WIDTH="15" VPOS="1032" HPOS="844"/>
							<String ID="string_106" HPOS="859" VPOS="1032" WIDTH="52" HEIGHT="29" WC="0.93" CONTENT="till"/><SP WIDTH="17" VPOS="1032" HPOS="911"/>
							<String ID="string_107" HPOS="928" VPOS="1030" WIDTH="267" HEIGHT="31" WC="0.92" CONTENT="icke-ordinarie"/><SP WIDTH="15" VPOS="1030" HPOS="1195"/>
							<String ID="string_108" HPOS="1210" VPOS="1032" WIDTH="171" HEIGHT="39" WC="0.93" CONTENT="personal,"/><SP WIDTH="16" VPOS="1032" HPOS="1381"/>
							<String ID="string_109" HPOS="1397" VPOS="1031" WIDTH="165" HEIGHT="40" WC="0.92" CONTENT="förslags-"/>
						</TextLine>
					</TextBlock>
				</ComposedBlock>
				<ComposedBlock ID="cblock_4" HPOS="577" VPOS="1080" WIDTH="1183" HEIGHT="192">
					<TextBlock ID="block_8" HPOS="578" VPOS="1080" WIDTH="1182" HEIGHT="82">
						<TextLine ID="line_17" HPOS="679" VPOS="1080" WIDTH="1081" HEIGHT="32">
							<String ID="string_110" HPOS="679" VPOS="1083" WIDTH="50" HEIGHT="29" WC="0.0" CONTENT="ÖS"/><SP WIDTH="31" VPOS="1083" HPOS="729"/>
							<String ID="string_111" HPOS="760" VPOS="1076" WIDTH="12" HEIGHT="47" WC="0.0" CONTENT="—"/><SP WIDTH="20" VPOS="1076" HPOS="772"/>
							<String ID="string_112" HPOS="792" VPOS="1076" WIDTH="29" HEIGHT="47" WC="0.3" CONTENT="css"/><SP WIDTH="33" VPOS="1076" HPOS="821"/>
							<String ID="string_113" HPOS="854" VPOS="1076" WIDTH="33" HEIGHT="47" WC="0.0" CONTENT="iese"/><SP WIDTH="11" VPOS="1076" HPOS="887"/>
							<String ID="string_114" HPOS="898" VPOS="1076" WIDTH="12" HEIGHT="47" WC="0.47" CONTENT="se"/><SP WIDTH="11" VPOS="1076" HPOS="910"/>
							<String ID="string_115" HPOS="921" VPOS="1076" WIDTH="42" HEIGHT="47" WC="0.16" CONTENT="tester"/><SP WIDTH="20" VPOS="1076" HPOS="963"/>
							<String ID="string_116" HPOS="983" VPOS="1104" WIDTH="15" HEIGHT="7" WC="0.28" CONTENT="6"/><SP WIDTH="11" VPOS="1104" HPOS="998"/>
							<String ID="string_117" HPOS="1009" VPOS="1076" WIDTH="29" HEIGHT="47" WC="0.19" CONTENT="lära"/><SP WIDTH="17" VPOS="1076" HPOS="1038"/>
							<String ID="string_118" HPOS="1055" VPOS="1107" WIDTH="25" HEIGHT="3" WC="0.26" CONTENT="Ia"/><SP WIDTH="16" VPOS="1107" HPOS="1080"/>
							<String ID="string_119" HPOS="1096" VPOS="1076" WIDTH="47" HEIGHT="47" WC="0.49" CONTENT="KORR"/><SP WIDTH="18" VPOS="1076" HPOS="1143"/>
							<String ID="string_120" HPOS="1161" VPOS="1105" WIDTH="27" HEIGHT="6" WC="0.21" CONTENT="BM"/><SP WIDTH="9" VPOS="1105" HPOS="1188"/>
							<String ID="string_121" HPOS="1197" VPOS="1076" WIDTH="34" HEIGHT="47" WC="0.37" CONTENT="INR"/><SP WIDTH="10" VPOS="1076" HPOS="1231"/>
							<String ID="string_122" HPOS="1241" VPOS="1076" WIDTH="10" HEIGHT="47" WC="0.24" CONTENT="DN"/><SP WIDTH="14" VPOS="1076" HPOS="1251"/>
							<String ID="string_123" HPOS="1265" VPOS="1076" WIDTH="16" HEIGHT="47" WC="0.13" CONTENT="jeg"/><SP WIDTH="16" VPOS="1076" HPOS="1281"/>
							<String ID="string_124" HPOS="1297" VPOS="1076" WIDTH="25" HEIGHT="47" WC="0.30" CONTENT="el"/><SP WIDTH="8" VPOS="1076" HPOS="1322"/>
							<String ID="string_125" HPOS="1330" VPOS="1076" WIDTH="26" HEIGHT="47" WC="0.27" CONTENT="BAM"/><SP WIDTH="17" VPOS="1076" HPOS="1356"/>
							<String ID="string_126" HPOS="1373" VPOS="1076" WIDTH="13" HEIGHT="47" WC="0.42" CONTENT="IG"/><SP WIDTH="9" VPOS="1076" HPOS="1386"/>
							<String ID="string_127" HPOS="1395" VPOS="1105" WIDTH="5" HEIGHT="6" WC="0.39" CONTENT="0"/><SP WIDTH="18" VPOS="1105" HPOS="1400"/>
							<String ID="string_128" HPOS="1418" VPOS="1076" WIDTH="27" HEIGHT="47" WC="0.13" CONTENT="BSR"/><SP WIDTH="11" VPOS="1076" HPOS="1445"/>
							<String ID="string_129" HPOS="1456" VPOS="1076" WIDTH="11" HEIGHT="47" WC="0.18" CONTENT="10"/><SP WIDTH="16" VPOS="1076" HPOS="1467"/>
							<String ID="string_130" HPOS="1483" VPOS="1076" WIDTH="15" HEIGHT="47" WC="0.35" CONTENT="ån"/><SP WIDTH="8" VPOS="1076" HPOS="1498"/>
							<String ID="string_131" HPOS="1506" VPOS="1104" WIDTH="4" HEIGHT="6" WC="0.9" CONTENT="8"/><SP WIDTH="17" VPOS="1104" HPOS="1510"/>
							<String ID="string_132" HPOS="1527" VPOS="1076" WIDTH="29" HEIGHT="47" WC="0.0" CONTENT="ÖAR"/><SP WIDTH="32" VPOS="1076" HPOS="1556"/>
							<String ID="string_133" HPOS="1588" VPOS="1080" WIDTH="96" HEIGHT="31" WC="0.77" CONTENT="2170"/><SP WIDTH="13" VPOS="1080" HPOS="1684"/>
							<String ID="string_134" HPOS="1697" VPOS="1080" WIDTH="63" HEIGHT="30" WC="0.81" CONTENT="300"/>
						</TextLine>
						<TextLine ID="line_18" HPOS="578" VPOS="1131" WIDTH="984" HEIGHT="31">
							<String ID="string_135" HPOS="578" VPOS="1133" WIDTH="30" HEIGHT="29" WC="0.95" CONTENT="3."/><SP WIDTH="27" VPOS="1133" HPOS="608"/>
							<String ID="string_136" HPOS="635" VPOS="1131" WIDTH="178" HEIGHT="31" WC="0.92" CONTENT="Särskilda"/><SP WIDTH="23" VPOS="1131" HPOS="813"/>
							<String ID="string_137" HPOS="836" VPOS="1132" WIDTH="259" HEIGHT="30" WC="0.91" CONTENT="löneförmåner"/><SP WIDTH="21" VPOS="1132" HPOS="1095"/>
							<String ID="string_138" HPOS="1116" VPOS="1132" WIDTH="53" HEIGHT="30" WC="0.95" CONTENT="till"/><SP WIDTH="21" VPOS="1132" HPOS="1169"/>
							<String ID="string_139" HPOS="1190" VPOS="1131" WIDTH="173" HEIGHT="31" WC="0.96" CONTENT="ordinarie"/><SP WIDTH="22" VPOS="1131" HPOS="1363"/>
							<String ID="string_140" HPOS="1385" VPOS="1132" WIDTH="64" HEIGHT="30" WC="0.93" CONTENT="och"/><SP WIDTH="22" VPOS="1132" HPOS="1449"/>
							<String ID="string_141" HPOS="1471" VPOS="1131" WIDTH="91" HEIGHT="31" WC="0.92" CONTENT="icke-"/>
						</TextLine>
					</TextBlock>
					<TextBlock ID="block_9" HPOS="577" VPOS="1181" WIDTH="1183" HEIGHT="91">
						<TextLine ID="line_19" HPOS="685" VPOS="1181" WIDTH="1075" HEIGHT="41">
							<String ID="string_142" HPOS="685" VPOS="1183" WIDTH="175" HEIGHT="31" WC="0.96" CONTENT="ordinarie"/><SP WIDTH="32" VPOS="1183" HPOS="860"/>
							<String ID="string_143" HPOS="892" VPOS="1182" WIDTH="174" HEIGHT="40" WC="0.95" CONTENT="personal,"/><SP WIDTH="33" VPOS="1182" HPOS="1066"/>
							<String ID="string_144" HPOS="1099" VPOS="1182" WIDTH="207" HEIGHT="40" WC="0.92" CONTENT="förslagsvis"/><SP WIDTH="39" VPOS="1182" HPOS="1306"/>
							<String ID="string_145" HPOS="1345" VPOS="1205" WIDTH="207" HEIGHT="7" WC="0.87" CONTENT=".........."/><SP WIDTH="34" VPOS="1205" HPOS="1552"/>
							<String ID="string_146" HPOS="1586" VPOS="1182" WIDTH="94" HEIGHT="29" WC="0.84" CONTENT="1761"/><SP WIDTH="16" VPOS="1182" HPOS="1680"/>
							<String ID="string_147" HPOS="1696" VPOS="1181" WIDTH="64" HEIGHT="30" WC="0.95" CONTENT="500"/>
						</TextLine>
						<TextLine ID="line_20" HPOS="577" VPOS="1230" WIDTH="1183" HEIGHT="42">
							<String ID="string_148" HPOS="577" VPOS="1233" WIDTH="30" HEIGHT="30" WC="0.88" CONTENT="4,"/><SP WIDTH="27" VPOS="1233" HPOS="607"/>
							<String ID="string_149" HPOS="634" VPOS="1233" WIDTH="132" HEIGHT="38" WC="0.96" CONTENT="Rörligt"/><SP WIDTH="23" VPOS="1233" HPOS="766"/>
							<String ID="string_150" HPOS="789" VPOS="1233" WIDTH="130" HEIGHT="39" WC="0.96" CONTENT="tillägg,"/><SP WIDTH="22" VPOS="1233" HPOS="919"/>
							<String ID="string_151" HPOS="941" VPOS="1232" WIDTH="204" HEIGHT="40" WC="0.49" CONTENT="förslagsvis"/><SP WIDTH="28" VPOS="1232" HPOS="1145"/>
							<String ID="string_152" HPOS="1173" VPOS="1255" WIDTH="383" HEIGHT="7" WC="0.0" CONTENT=".ssssssssssss"/><SP WIDTH="-95" VPOS="1255" HPOS="1556"/>
							<String ID="string_153" HPOS="1461" VPOS="1227" WIDTH="99" HEIGHT="49" WC="0.19" CONTENT="rese"/><SP WIDTH="60" VPOS="1227" HPOS="1560"/>
							<String ID="string_154" HPOS="1620" VPOS="1231" WIDTH="63" HEIGHT="30" WC="0.95" CONTENT="606"/><SP WIDTH="14" VPOS="1231" HPOS="1683"/>
							<String ID="string_155" HPOS="1697" VPOS="1230" WIDTH="63" HEIGHT="30" WC="0.95" CONTENT="800"/>
						</TextLine>
					</TextBlock>
				</ComposedBlock>
				<GraphicalElement ID="cblock_5" HPOS="1237" VPOS="1283" WIDTH="532" HEIGHT="2"></GraphicalElement >
				<ComposedBlock ID="cblock_6" HPOS="1257" VPOS="1284" WIDTH="512" HEIGHT="56">
					<TextBlock ID="block_10" HPOS="1257" VPOS="1284" WIDTH="512" HEIGHT="56">
						<TextLine ID="line_21" HPOS="1257" VPOS="1284" WIDTH="512" HEIGHT="56">
							<String ID="string_156" HPOS="1257" VPOS="1284" WIDTH="143" HEIGHT="54" WC="0.38" CONTENT="Summa"/><SP WIDTH="24" VPOS="1284" HPOS="1400"/>
							<String ID="string_157" HPOS="1424" VPOS="1307" WIDTH="131" HEIGHT="30" WC="0.96" CONTENT="kronor"/><SP WIDTH="25" VPOS="1307" HPOS="1555"/>
							<String ID="string_158" HPOS="1580" VPOS="1307" WIDTH="19" HEIGHT="30" WC="0.94" CONTENT="8"/><SP WIDTH="14" VPOS="1307" HPOS="1599"/>
							<String ID="string_159" HPOS="1613" VPOS="1307" WIDTH="63" HEIGHT="30" WC="0.94" CONTENT="633"/><SP WIDTH="15" VPOS="1307" HPOS="1676"/>
							<String ID="string_160" HPOS="1691" VPOS="1306" WIDTH="78" HEIGHT="34" WC="0.96" CONTENT="000;"/>
						</TextLine>
					</TextBlock>
				</ComposedBlock>
				<ComposedBlock ID="cblock_7" HPOS="578" VPOS="1374" WIDTH="1195" HEIGHT="141">
					<TextBlock ID="block_11" HPOS="578" VPOS="1374" WIDTH="1195" HEIGHT="141">
						<TextLine ID="line_22" HPOS="623" VPOS="1374" WIDTH="1150" HEIGHT="41">
							<String ID="string_161" HPOS="623" VPOS="1375" WIDTH="35" HEIGHT="34" WC="0.84" CONTENT="c)"/><SP WIDTH="24" VPOS="1375" HPOS="658"/>
							<String ID="string_162" HPOS="682" VPOS="1376" WIDTH="51" HEIGHT="29" WC="0.93" CONTENT="till"/><SP WIDTH="17" VPOS="1376" HPOS="733"/>
							<String ID="string_163" HPOS="750" VPOS="1375" WIDTH="220" HEIGHT="29" WC="0.89" CONTENT="Lotsverket:"/><SP WIDTH="19" VPOS="1375" HPOS="970"/>
							<String ID="string_164" HPOS="989" VPOS="1374" WIDTH="214" HEIGHT="40" WC="0.91" CONTENT="Avlöningar"/><SP WIDTH="19" VPOS="1374" HPOS="1203"/>
							<String ID="string_165" HPOS="1222" VPOS="1374" WIDTH="52" HEIGHT="31" WC="0.93" CONTENT="till"/><SP WIDTH="17" VPOS="1374" HPOS="1274"/>
							<String ID="string_166" HPOS="1291" VPOS="1375" WIDTH="343" HEIGHT="40" WC="0.91" CONTENT="befattningshavare"/><SP WIDTH="19" VPOS="1375" HPOS="1634"/>
							<String ID="string_167" HPOS="1653" VPOS="1375" WIDTH="19" HEIGHT="29" WC="0.92" CONTENT="å"/><SP WIDTH="20" VPOS="1375" HPOS="1672"/>
							<String ID="string_168" HPOS="1692" VPOS="1375" WIDTH="81" HEIGHT="29" WC="0.92" CONTENT="lots-"/>
						</TextLine>
						<TextLine ID="line_23" HPOS="579" VPOS="1424" WIDTH="1193" HEIGHT="41">
							<String ID="string_169" HPOS="579" VPOS="1425" WIDTH="64" HEIGHT="30" WC="0.93" CONTENT="och"/><SP WIDTH="24" VPOS="1425" HPOS="643"/>
							<String ID="string_170" HPOS="667" VPOS="1426" WIDTH="172" HEIGHT="39" WC="0.91" CONTENT="fyrstaten"/><SP WIDTH="24" VPOS="1426" HPOS="839"/>
							<String ID="string_171" HPOS="863" VPOS="1426" WIDTH="56" HEIGHT="29" WC="0.96" CONTENT="för"/><SP WIDTH="21" VPOS="1426" HPOS="919"/>
							<String ID="string_172" HPOS="940" VPOS="1425" WIDTH="203" HEIGHT="40" WC="0.91" CONTENT="budgetåret"/><SP WIDTH="26" VPOS="1425" HPOS="1143"/>
							<String ID="string_173" HPOS="1169" VPOS="1425" WIDTH="148" HEIGHT="36" WC="0.91" CONTENT="1950/51"/><SP WIDTH="28" VPOS="1425" HPOS="1317"/>
							<String ID="string_174" HPOS="1345" VPOS="1425" WIDTH="121" HEIGHT="30" WC="0.96" CONTENT="anvisa"/><SP WIDTH="22" VPOS="1425" HPOS="1466"/>
							<String ID="string_175" HPOS="1488" VPOS="1426" WIDTH="49" HEIGHT="30" WC="0.93" CONTENT="ett"/><SP WIDTH="24" VPOS="1426" HPOS="1537"/>
							<String ID="string_176" HPOS="1561" VPOS="1424" WIDTH="211" HEIGHT="40" WC="0.91" CONTENT="förslagsan-"/>
						</TextLine>
						<TextLine ID="line_24" HPOS="578" VPOS="1475" WIDTH="486" HEIGHT="40">
							<String ID="string_177" HPOS="578" VPOS="1475" WIDTH="75" HEIGHT="40" WC="0.96" CONTENT="slag"/><SP WIDTH="18" VPOS="1475" HPOS="653"/>
							<String ID="string_178" HPOS="671" VPOS="1485" WIDTH="43" HEIGHT="21" WC="0.96" CONTENT="av"/><SP WIDTH="18" VPOS="1485" HPOS="714"/>
							<String ID="string_179" HPOS="732" VPOS="1476" WIDTH="19" HEIGHT="29" WC="0.88" CONTENT="8"/><SP WIDTH="14" VPOS="1476" HPOS="751"/>
							<String ID="string_180" HPOS="765" VPOS="1476" WIDTH="62" HEIGHT="30" WC="0.88" CONTENT="633"/><SP WIDTH="15" VPOS="1476" HPOS="827"/>
							<String ID="string_181" HPOS="842" VPOS="1476" WIDTH="64" HEIGHT="30" WC="0.96" CONTENT="000"/><SP WIDTH="19" VPOS="1476" HPOS="906"/>
							<String ID="string_182" HPOS="925" VPOS="1475" WIDTH="139" HEIGHT="31" WC="0.96" CONTENT="kronor."/>
						</TextLine>
					</TextBlock>
				</ComposedBlock>
				<ComposedBlock ID="cblock_8" HPOS="265" VPOS="1582" WIDTH="1511" HEIGHT="144">
					<TextBlock ID="block_12" HPOS="265" VPOS="1582" WIDTH="1511" HEIGHT="144">
						<TextLine ID="line_25" HPOS="315" VPOS="1582" WIDTH="1461" HEIGHT="41">
							<String ID="string_183" HPOS="315" VPOS="1582" WIDTH="96" HEIGHT="34" WC="0.91" CONTENT="45:0)"/><SP WIDTH="34" VPOS="1582" HPOS="411"/>
							<String ID="string_184" HPOS="445" VPOS="1582" WIDTH="217" HEIGHT="30" WC="0.91" CONTENT="Lotsverket:"/><SP WIDTH="33" VPOS="1582" HPOS="662"/>
							<String ID="string_185" HPOS="695" VPOS="1582" WIDTH="264" HEIGHT="30" WC="0.92" CONTENT="Omkostnader."/><SP WIDTH="30" VPOS="1582" HPOS="959"/>
							<String ID="string_186" HPOS="989" VPOS="1582" WIDTH="125" HEIGHT="40" WC="0.95" CONTENT="Kungl."/><SP WIDTH="32" VPOS="1582" HPOS="1114"/>
							<String ID="string_187" HPOS="1146" VPOS="1582" WIDTH="107" HEIGHT="41" WC="0.96" CONTENT="Maj:t"/><SP WIDTH="31" VPOS="1582" HPOS="1253"/>
							<String ID="string_188" HPOS="1284" VPOS="1582" WIDTH="64" HEIGHT="30" WC="0.95" CONTENT="har"/><SP WIDTH="30" VPOS="1582" HPOS="1348"/>
							<String ID="string_189" HPOS="1378" VPOS="1582" WIDTH="180" HEIGHT="40" WC="0.96" CONTENT="föreslagit"/><SP WIDTH="30" VPOS="1582" HPOS="1558"/>
							<String ID="string_190" HPOS="1588" VPOS="1582" WIDTH="188" HEIGHT="40" WC="0.96" CONTENT="riksdagen"/>
						</TextLine>
						<TextLine ID="line_26" HPOS="268" VPOS="1632" WIDTH="1501" HEIGHT="40">
							<String ID="string_191" HPOS="268" VPOS="1632" WIDTH="132" HEIGHT="39" WC="0.86" CONTENT="(punkt"/><SP WIDTH="16" VPOS="1632" HPOS="400"/>
							<String ID="string_192" HPOS="416" VPOS="1633" WIDTH="50" HEIGHT="36" WC="0.93" CONTENT="59,"/><SP WIDTH="18" VPOS="1633" HPOS="466"/>
							<String ID="string_193" HPOS="484" VPOS="1643" WIDTH="26" HEIGHT="21" WC="0.92" CONTENT="s."/><SP WIDTH="19" VPOS="1643" HPOS="510"/>
							<String ID="string_194" HPOS="529" VPOS="1633" WIDTH="180" HEIGHT="35" WC="0.88" CONTENT="106—108)"/><SP WIDTH="23" VPOS="1633" HPOS="709"/>
							<String ID="string_195" HPOS="732" VPOS="1635" WIDTH="49" HEIGHT="30" WC="0.96" CONTENT="att"/><SP WIDTH="15" VPOS="1635" HPOS="781"/>
							<String ID="string_196" HPOS="796" VPOS="1634" WIDTH="53" HEIGHT="30" WC="0.96" CONTENT="till"/><SP WIDTH="17" VPOS="1634" HPOS="849"/>
							<String ID="string_197" HPOS="866" VPOS="1634" WIDTH="263" HEIGHT="38" WC="0.96" CONTENT="ifrågavarande"/><SP WIDTH="20" VPOS="1634" HPOS="1129"/>
							<String ID="string_198" HPOS="1149" VPOS="1634" WIDTH="160" HEIGHT="31" WC="0.96" CONTENT="ändamål"/><SP WIDTH="19" VPOS="1634" HPOS="1309"/>
							<String ID="string_199" HPOS="1328" VPOS="1634" WIDTH="55" HEIGHT="30" WC="0.96" CONTENT="för"/><SP WIDTH="17" VPOS="1634" HPOS="1383"/>
							<String ID="string_200" HPOS="1400" VPOS="1634" WIDTH="201" HEIGHT="38" WC="0.93" CONTENT="budgetåret"/><SP WIDTH="21" VPOS="1634" HPOS="1601"/>
							<String ID="string_201" HPOS="1622" VPOS="1633" WIDTH="147" HEIGHT="36" WC="0.92" CONTENT="1950/51"/>
						</TextLine>
						<TextLine ID="line_27" HPOS="265" VPOS="1684" WIDTH="894" HEIGHT="42">
							<String ID="string_202" HPOS="265" VPOS="1684" WIDTH="125" HEIGHT="32" WC="0.95" CONTENT="anvisa"/><SP WIDTH="19" VPOS="1684" HPOS="390"/>
							<String ID="string_203" HPOS="409" VPOS="1686" WIDTH="49" HEIGHT="29" WC="0.93" CONTENT="ett"/><SP WIDTH="17" VPOS="1686" HPOS="458"/>
							<String ID="string_204" HPOS="475" VPOS="1685" WIDTH="274" HEIGHT="41" WC="0.92" CONTENT="förslagsanslag"/><SP WIDTH="18" VPOS="1685" HPOS="749"/>
							<String ID="string_205" HPOS="767" VPOS="1696" WIDTH="42" HEIGHT="21" WC="0.96" CONTENT="av"/><SP WIDTH="17" VPOS="1696" HPOS="809"/>
							<String ID="string_206" HPOS="826" VPOS="1686" WIDTH="19" HEIGHT="30" WC="0.93" CONTENT="2"/><SP WIDTH="15" VPOS="1686" HPOS="845"/>
							<String ID="string_207" HPOS="860" VPOS="1685" WIDTH="62" HEIGHT="30" WC="0.93" CONTENT="837"/><SP WIDTH="16" VPOS="1685" HPOS="922"/>
							<String ID="string_208" HPOS="938" VPOS="1685" WIDTH="62" HEIGHT="31" WC="0.96" CONTENT="000"/><SP WIDTH="18" VPOS="1685" HPOS="1000"/>
							<String ID="string_209" HPOS="1018" VPOS="1686" WIDTH="141" HEIGHT="30" WC="0.96" CONTENT="kronor."/>
						</TextLine>
					</TextBlock>
				</ComposedBlock>
				<ComposedBlock ID="cblock_9" HPOS="266" VPOS="1776" WIDTH="1509" HEIGHT="746">
					<TextBlock ID="block_13" HPOS="266" VPOS="1776" WIDTH="1506" HEIGHT="82">
						<TextLine ID="line_28" HPOS="313" VPOS="1776" WIDTH="1459" HEIGHT="42">
							<String ID="string_210" HPOS="313" VPOS="1777" WIDTH="241" HEIGHT="31" WC="0.92" CONTENT="Förevarande"/><SP WIDTH="26" VPOS="1777" HPOS="554"/>
							<String ID="string_211" HPOS="580" VPOS="1778" WIDTH="124" HEIGHT="40" WC="0.96" CONTENT="anslag"/><SP WIDTH="23" VPOS="1778" HPOS="704"/>
							<String ID="string_212" HPOS="727" VPOS="1780" WIDTH="38" HEIGHT="28" WC="0.96" CONTENT="är"/><SP WIDTH="24" VPOS="1780" HPOS="765"/>
							<String ID="string_213" HPOS="789" VPOS="1779" WIDTH="55" HEIGHT="29" WC="0.96" CONTENT="för"/><SP WIDTH="24" VPOS="1779" HPOS="844"/>
							<String ID="string_214" HPOS="868" VPOS="1778" WIDTH="236" HEIGHT="31" WC="0.96" CONTENT="innevarande"/><SP WIDTH="25" VPOS="1778" HPOS="1104"/>
							<String ID="string_215" HPOS="1129" VPOS="1779" WIDTH="169" HEIGHT="39" WC="0.96" CONTENT="budgetår"/><SP WIDTH="26" VPOS="1779" HPOS="1298"/>
							<String ID="string_216" HPOS="1324" VPOS="1778" WIDTH="144" HEIGHT="40" WC="0.96" CONTENT="uppfört"/><SP WIDTH="24" VPOS="1778" HPOS="1468"/>
							<String ID="string_217" HPOS="1492" VPOS="1778" WIDTH="80" HEIGHT="30" WC="0.96" CONTENT="med"/><SP WIDTH="26" VPOS="1778" HPOS="1572"/>
							<String ID="string_218" HPOS="1598" VPOS="1777" WIDTH="97" HEIGHT="30" WC="0.93" CONTENT="2679"/><SP WIDTH="14" VPOS="1777" HPOS="1695"/>
							<String ID="string_219" HPOS="1709" VPOS="1776" WIDTH="63" HEIGHT="31" WC="0.96" CONTENT="000"/>
						</TextLine>
						<TextLine ID="line_29" HPOS="266" VPOS="1827" WIDTH="143" HEIGHT="31">
							<String ID="string_220" HPOS="266" VPOS="1827" WIDTH="143" HEIGHT="31" WC="0.96" CONTENT="kronor."/>
						</TextLine>
					</TextBlock>
					<TextBlock ID="block_14" HPOS="267" VPOS="1877" WIDTH="1508" HEIGHT="645">
						<TextLine ID="line_30" HPOS="312" VPOS="1877" WIDTH="1460" HEIGHT="41">
							<String ID="string_221" HPOS="312" VPOS="1877" WIDTH="396" HEIGHT="40" WC="0.92" CONTENT="Departementschefen"/><SP WIDTH="25" VPOS="1877" HPOS="708"/>
							<String ID="string_222" HPOS="733" VPOS="1878" WIDTH="64" HEIGHT="30" WC="0.96" CONTENT="har"/><SP WIDTH="24" VPOS="1878" HPOS="797"/>
							<String ID="string_223" HPOS="821" VPOS="1877" WIDTH="171" HEIGHT="40" WC="0.93" CONTENT="tillstyrkt"/><SP WIDTH="25" VPOS="1877" HPOS="992"/>
							<String ID="string_224" HPOS="1017" VPOS="1878" WIDTH="259" HEIGHT="40" WC="0.92" CONTENT="lotsstyrelsens"/><SP WIDTH="26" VPOS="1878" HPOS="1276"/>
							<String ID="string_225" HPOS="1302" VPOS="1878" WIDTH="141" HEIGHT="39" WC="0.96" CONTENT="förslag,"/><SP WIDTH="26" VPOS="1878" HPOS="1443"/>
							<String ID="string_226" HPOS="1469" VPOS="1879" WIDTH="51" HEIGHT="30" WC="0.93" CONTENT="att"/><SP WIDTH="26" VPOS="1879" HPOS="1520"/>
							<String ID="string_227" HPOS="1546" VPOS="1877" WIDTH="226" HEIGHT="41" WC="0.91" CONTENT="lotsaspirant"/>
						</TextLine>
						<TextLine ID="line_31" HPOS="268" VPOS="1928" WIDTH="1505" HEIGHT="40">
							<String ID="string_228" HPOS="268" VPOS="1928" WIDTH="59" HEIGHT="30" WC="0.96" CONTENT="må"/><SP WIDTH="23" VPOS="1928" HPOS="327"/>
							<String ID="string_229" HPOS="350" VPOS="1928" WIDTH="107" HEIGHT="40" WC="0.96" CONTENT="enligt"/><SP WIDTH="24" VPOS="1928" HPOS="457"/>
							<String ID="string_230" HPOS="481" VPOS="1929" WIDTH="41" HEIGHT="29" WC="0.96" CONTENT="de"/><SP WIDTH="25" VPOS="1929" HPOS="522"/>
							<String ID="string_231" HPOS="547" VPOS="1929" WIDTH="11" HEIGHT="29" WC="0.93" CONTENT="i"/><SP WIDTH="24" VPOS="1929" HPOS="558"/>
							<String ID="string_232" HPOS="582" VPOS="1929" WIDTH="302" HEIGHT="39" WC="0.89" CONTENT="resereglementet"/><SP WIDTH="25" VPOS="1929" HPOS="884"/>
							<String ID="string_233" HPOS="909" VPOS="1930" WIDTH="55" HEIGHT="29" WC="0.96" CONTENT="för"/><SP WIDTH="24" VPOS="1930" HPOS="964"/>
							<String ID="string_234" HPOS="988" VPOS="1929" WIDTH="107" HEIGHT="30" WC="0.96" CONTENT="lotsar"/><SP WIDTH="25" VPOS="1929" HPOS="1095"/>
							<String ID="string_235" HPOS="1120" VPOS="1929" WIDTH="151" HEIGHT="39" WC="0.96" CONTENT="angivna"/><SP WIDTH="24" VPOS="1929" HPOS="1271"/>
							<String ID="string_236" HPOS="1295" VPOS="1929" WIDTH="199" HEIGHT="39" WC="0.96" CONTENT="grunderna"/><SP WIDTH="25" VPOS="1929" HPOS="1494"/>
							<String ID="string_237" HPOS="1519" VPOS="1928" WIDTH="140" HEIGHT="40" WC="0.93" CONTENT="åtnjuta"/><SP WIDTH="24" VPOS="1928" HPOS="1659"/>
							<String ID="string_238" HPOS="1683" VPOS="1935" WIDTH="90" HEIGHT="23" WC="0.91" CONTENT="rese-"/>
						</TextLine>
						<TextLine ID="line_32" HPOS="268" VPOS="1977" WIDTH="1505" HEIGHT="41">
							<String ID="string_239" HPOS="268" VPOS="1978" WIDTH="370" HEIGHT="40" WC="0.90" CONTENT="kostnadsersättning"/><SP WIDTH="24" VPOS="1978" HPOS="638"/>
							<String ID="string_240" HPOS="662" VPOS="1977" WIDTH="57" HEIGHT="32" WC="0.96" CONTENT="vid"/><SP WIDTH="24" VPOS="1977" HPOS="719"/>
							<String ID="string_241" HPOS="743" VPOS="1988" WIDTH="78" HEIGHT="21" WC="0.96" CONTENT="resa"/><SP WIDTH="24" VPOS="1988" HPOS="821"/>
							<String ID="string_242" HPOS="845" VPOS="1979" WIDTH="56" HEIGHT="30" WC="0.96" CONTENT="för"/><SP WIDTH="24" VPOS="1979" HPOS="901"/>
							<String ID="string_243" HPOS="925" VPOS="1978" WIDTH="190" HEIGHT="31" WC="0.96" CONTENT="inställelse"/><SP WIDTH="25" VPOS="1978" HPOS="1115"/>
							<String ID="string_244" HPOS="1140" VPOS="1979" WIDTH="53" HEIGHT="30" WC="0.93" CONTENT="till"/><SP WIDTH="28" VPOS="1979" HPOS="1193"/>
							<String ID="string_245" HPOS="1221" VPOS="1979" WIDTH="143" HEIGHT="34" WC="0.91" CONTENT="lärotur,"/><SP WIDTH="26" VPOS="1979" HPOS="1364"/>
							<String ID="string_246" HPOS="1390" VPOS="1979" WIDTH="111" HEIGHT="30" WC="0.96" CONTENT="under"/><SP WIDTH="23" VPOS="1979" HPOS="1501"/>
							<String ID="string_247" HPOS="1524" VPOS="1979" WIDTH="117" HEIGHT="30" WC="0.95" CONTENT="vilken"/><SP WIDTH="25" VPOS="1979" HPOS="1641"/>
							<String ID="string_248" HPOS="1666" VPOS="1979" WIDTH="70" HEIGHT="29" WC="0.95" CONTENT="han"/><SP WIDTH="26" VPOS="1979" HPOS="1736"/>
							<String ID="string_249" HPOS="1762" VPOS="1979" WIDTH="11" HEIGHT="29" WC="0.96" CONTENT="i"/>
						</TextLine>
						<TextLine ID="line_33" HPOS="271" VPOS="2028" WIDTH="1502" HEIGHT="41">
							<String ID="string_250" HPOS="271" VPOS="2029" WIDTH="64" HEIGHT="29" WC="0.96" CONTENT="och"/><SP WIDTH="23" VPOS="2029" HPOS="335"/>
							<String ID="string_251" HPOS="358" VPOS="2028" WIDTH="56" HEIGHT="30" WC="0.96" CONTENT="för"/><SP WIDTH="23" VPOS="2028" HPOS="414"/>
							<String ID="string_252" HPOS="437" VPOS="2029" WIDTH="53" HEIGHT="30" WC="0.96" CONTENT="sin"/><SP WIDTH="23" VPOS="2029" HPOS="490"/>
							<String ID="string_253" HPOS="513" VPOS="2028" WIDTH="202" HEIGHT="41" WC="0.96" CONTENT="utbildning"/><SP WIDTH="21" VPOS="2028" HPOS="715"/>
							<String ID="string_254" HPOS="736" VPOS="2029" WIDTH="51" HEIGHT="29" WC="0.96" CONTENT="till"/><SP WIDTH="23" VPOS="2029" HPOS="787"/>
							<String ID="string_255" HPOS="810" VPOS="2029" WIDTH="67" HEIGHT="30" WC="0.96" CONTENT="lots"/><SP WIDTH="23" VPOS="2029" HPOS="877"/>
							<String ID="string_256" HPOS="900" VPOS="2029" WIDTH="186" HEIGHT="39" WC="0.96" CONTENT="medföljer"/><SP WIDTH="24" VPOS="2029" HPOS="1086"/>
							<String ID="string_257" HPOS="1110" VPOS="2028" WIDTH="118" HEIGHT="41" WC="0.96" CONTENT="fartyg"/><SP WIDTH="21" VPOS="2028" HPOS="1228"/>
							<String ID="string_258" HPOS="1249" VPOS="2030" WIDTH="86" HEIGHT="29" WC="0.96" CONTENT="utan"/><SP WIDTH="24" VPOS="2030" HPOS="1335"/>
							<String ID="string_259" HPOS="1359" VPOS="2030" WIDTH="50" HEIGHT="29" WC="0.96" CONTENT="att"/><SP WIDTH="24" VPOS="2030" HPOS="1409"/>
							<String ID="string_260" HPOS="1433" VPOS="2029" WIDTH="89" HEIGHT="30" WC="0.96" CONTENT="lotsa"/><SP WIDTH="24" VPOS="2029" HPOS="1522"/>
							<String ID="string_261" HPOS="1546" VPOS="2029" WIDTH="44" HEIGHT="40" WC="0.96" CONTENT="på"/><SP WIDTH="24" VPOS="2029" HPOS="1590"/>
							<String ID="string_262" HPOS="1614" VPOS="2029" WIDTH="75" HEIGHT="39" WC="0.93" CONTENT="eget"/><SP WIDTH="23" VPOS="2029" HPOS="1689"/>
							<String ID="string_263" HPOS="1712" VPOS="2037" WIDTH="61" HEIGHT="21" WC="0.92" CONTENT="an-"/>
						</TextLine>
						<TextLine ID="line_34" HPOS="267" VPOS="2078" WIDTH="1505" HEIGHT="35">
							<String ID="string_264" HPOS="267" VPOS="2087" WIDTH="92" HEIGHT="26" WC="0.96" CONTENT="svar,"/><SP WIDTH="28" VPOS="2087" HPOS="359"/>
							<String ID="string_265" HPOS="387" VPOS="2081" WIDTH="90" HEIGHT="28" WC="0.96" CONTENT="samt"/><SP WIDTH="26" VPOS="2081" HPOS="477"/>
							<String ID="string_266" HPOS="503" VPOS="2079" WIDTH="58" HEIGHT="30" WC="0.96" CONTENT="vid"/><SP WIDTH="25" VPOS="2079" HPOS="561"/>
							<String ID="string_267" HPOS="586" VPOS="2087" WIDTH="79" HEIGHT="22" WC="0.96" CONTENT="resa"/><SP WIDTH="25" VPOS="2087" HPOS="665"/>
							<String ID="string_268" HPOS="690" VPOS="2080" WIDTH="88" HEIGHT="30" WC="0.96" CONTENT="efter"/><SP WIDTH="26" VPOS="2080" HPOS="778"/>
							<String ID="string_269" HPOS="804" VPOS="2078" WIDTH="161" HEIGHT="32" WC="0.96" CONTENT="avslutad"/><SP WIDTH="27" VPOS="2078" HPOS="965"/>
							<String ID="string_270" HPOS="992" VPOS="2080" WIDTH="109" HEIGHT="30" WC="0.96" CONTENT="sådan"/><SP WIDTH="25" VPOS="2080" HPOS="1101"/>
							<String ID="string_271" HPOS="1126" VPOS="2082" WIDTH="59" HEIGHT="27" WC="0.96" CONTENT="tur"/><SP WIDTH="26" VPOS="2082" HPOS="1185"/>
							<String ID="string_272" HPOS="1211" VPOS="2080" WIDTH="74" HEIGHT="30" WC="0.96" CONTENT="åter"/><SP WIDTH="29" VPOS="2080" HPOS="1285"/>
							<String ID="string_273" HPOS="1314" VPOS="2080" WIDTH="51" HEIGHT="30" WC="0.93" CONTENT="till"/><SP WIDTH="28" VPOS="2080" HPOS="1365"/>
							<String ID="string_274" HPOS="1393" VPOS="2080" WIDTH="261" HEIGHT="29" WC="0.91" CONTENT="stationsorten."/><SP WIDTH="28" VPOS="2080" HPOS="1654"/>
							<String ID="string_275" HPOS="1682" VPOS="2079" WIDTH="90" HEIGHT="29" WC="0.93" CONTENT="Bak-"/>
						</TextLine>
						<TextLine ID="line_35" HPOS="271" VPOS="2129" WIDTH="1503" HEIGHT="42">
							<String ID="string_276" HPOS="271" VPOS="2130" WIDTH="158" HEIGHT="38" WC="0.96" CONTENT="grunden"/><SP WIDTH="29" VPOS="2130" HPOS="429"/>
							<String ID="string_277" HPOS="458" VPOS="2129" WIDTH="53" HEIGHT="31" WC="0.92" CONTENT="till"/><SP WIDTH="30" VPOS="2129" HPOS="511"/>
							<String ID="string_278" HPOS="541" VPOS="2130" WIDTH="259" HEIGHT="39" WC="0.92" CONTENT="lotsstyrelsens"/><SP WIDTH="30" VPOS="2130" HPOS="800"/>
							<String ID="string_279" HPOS="830" VPOS="2130" WIDTH="265" HEIGHT="41" WC="0.96" CONTENT="framställning"/><SP WIDTH="26" VPOS="2130" HPOS="1095"/>
							<String ID="string_280" HPOS="1121" VPOS="2131" WIDTH="39" HEIGHT="29" WC="0.96" CONTENT="är"/><SP WIDTH="30" VPOS="2131" HPOS="1160"/>
							<String ID="string_281" HPOS="1190" VPOS="2131" WIDTH="50" HEIGHT="29" WC="0.96" CONTENT="att"/><SP WIDTH="29" VPOS="2131" HPOS="1240"/>
							<String ID="string_282" HPOS="1269" VPOS="2130" WIDTH="244" HEIGHT="39" WC="0.96" CONTENT="utbildningen"/><SP WIDTH="30" VPOS="2130" HPOS="1513"/>
							<String ID="string_283" HPOS="1543" VPOS="2140" WIDTH="41" HEIGHT="20" WC="0.93" CONTENT="av"/><SP WIDTH="30" VPOS="2140" HPOS="1584"/>
							<String ID="string_284" HPOS="1614" VPOS="2130" WIDTH="160" HEIGHT="40" WC="0.87" CONTENT="lotsaspi-"/>
						</TextLine>
						<TextLine ID="line_36" HPOS="268" VPOS="2179" WIDTH="1507" HEIGHT="38">
							<String ID="string_285" HPOS="268" VPOS="2180" WIDTH="169" HEIGHT="30" WC="0.56" CONTENT="ranterna"/><SP WIDTH="16" VPOS="2180" HPOS="437"/>
							<String ID="string_286" HPOS="453" VPOS="2196" WIDTH="42" HEIGHT="4" WC="0.88" CONTENT="-—"/><SP WIDTH="17" VPOS="2196" HPOS="495"/>
							<String ID="string_287" HPOS="512" VPOS="2188" WIDTH="76" HEIGHT="21" WC="0.96" CONTENT="som"/><SP WIDTH="18" VPOS="2188" HPOS="588"/>
							<String ID="string_288" HPOS="606" VPOS="2179" WIDTH="11" HEIGHT="29" WC="0.96" CONTENT="i"/><SP WIDTH="18" VPOS="2179" HPOS="617"/>
							<String ID="string_289" HPOS="635" VPOS="2179" WIDTH="188" HEIGHT="30" WC="0.96" CONTENT="allmänhet"/><SP WIDTH="18" VPOS="2179" HPOS="823"/>
							<String ID="string_290" HPOS="841" VPOS="2179" WIDTH="75" HEIGHT="30" WC="0.96" CONTENT="icke"/><SP WIDTH="19" VPOS="2179" HPOS="916"/>
							<String ID="string_291" HPOS="935" VPOS="2179" WIDTH="45" HEIGHT="30" WC="0.96" CONTENT="ha"/><SP WIDTH="18" VPOS="2179" HPOS="980"/>
							<String ID="string_292" HPOS="998" VPOS="2180" WIDTH="149" HEIGHT="29" WC="0.96" CONTENT="avlönad"/><SP WIDTH="19" VPOS="2180" HPOS="1147"/>
							<String ID="string_293" HPOS="1166" VPOS="2179" WIDTH="210" HEIGHT="38" WC="0.96" CONTENT="anställning"/><SP WIDTH="18" VPOS="2179" HPOS="1376"/>
							<String ID="string_294" HPOS="1394" VPOS="2179" WIDTH="58" HEIGHT="30" WC="0.93" CONTENT="vid"/><SP WIDTH="20" VPOS="2179" HPOS="1452"/>
							<String ID="string_295" HPOS="1472" VPOS="2179" WIDTH="243" HEIGHT="37" WC="0.91" CONTENT="lotsplatserna"/><SP WIDTH="18" VPOS="2179" HPOS="1715"/>
							<String ID="string_296" HPOS="1733" VPOS="2196" WIDTH="42" HEIGHT="3" WC="0.91" CONTENT="—"/>
						</TextLine>
						<TextLine ID="line_37" HPOS="270" VPOS="2229" WIDTH="1503" HEIGHT="42">
							<String ID="string_297" HPOS="270" VPOS="2229" WIDTH="44" HEIGHT="31" WC="0.95" CONTENT="bl."/><SP WIDTH="22" VPOS="2229" HPOS="314"/>
							<String ID="string_298" HPOS="336" VPOS="2240" WIDTH="30" HEIGHT="20" WC="0.95" CONTENT="a."/><SP WIDTH="23" VPOS="2240" HPOS="366"/>
							<String ID="string_299" HPOS="389" VPOS="2231" WIDTH="79" HEIGHT="29" WC="0.96" CONTENT="sker"/><SP WIDTH="21" VPOS="2231" HPOS="468"/>
							<String ID="string_300" HPOS="489" VPOS="2231" WIDTH="11" HEIGHT="29" WC="0.96" CONTENT="i"/><SP WIDTH="22" VPOS="2231" HPOS="500"/>
							<String ID="string_301" HPOS="522" VPOS="2231" WIDTH="66" HEIGHT="29" WC="0.96" CONTENT="den"/><SP WIDTH="23" VPOS="2231" HPOS="588"/>
							<String ID="string_302" HPOS="611" VPOS="2231" WIDTH="138" HEIGHT="29" WC="0.96" CONTENT="formen"/><SP WIDTH="22" VPOS="2231" HPOS="749"/>
							<String ID="string_303" HPOS="771" VPOS="2232" WIDTH="50" HEIGHT="28" WC="0.93" CONTENT="att"/><SP WIDTH="24" VPOS="2232" HPOS="821"/>
							<String ID="string_304" HPOS="845" VPOS="2231" WIDTH="244" HEIGHT="39" WC="0.92" CONTENT="aspiranterna"/><SP WIDTH="22" VPOS="2231" HPOS="1089"/>
							<String ID="string_305" HPOS="1111" VPOS="2230" WIDTH="171" HEIGHT="40" WC="0.93" CONTENT="medfölja"/><SP WIDTH="21" VPOS="2230" HPOS="1282"/>
							<String ID="string_306" HPOS="1303" VPOS="2231" WIDTH="155" HEIGHT="30" WC="0.92" CONTENT="lotsarna"/><SP WIDTH="22" VPOS="2231" HPOS="1458"/>
							<String ID="string_307" HPOS="1480" VPOS="2231" WIDTH="46" HEIGHT="40" WC="0.96" CONTENT="på"/><SP WIDTH="22" VPOS="2231" HPOS="1526"/>
							<String ID="string_308" HPOS="1548" VPOS="2231" WIDTH="120" HEIGHT="30" WC="0.93" CONTENT="dessas"/><SP WIDTH="23" VPOS="2231" HPOS="1668"/>
							<String ID="string_309" HPOS="1691" VPOS="2229" WIDTH="82" HEIGHT="31" WC="0.93" CONTENT="lots-"/>
						</TextLine>
						<TextLine ID="line_38" HPOS="271" VPOS="2279" WIDTH="1503" HEIGHT="41">
							<String ID="string_310" HPOS="271" VPOS="2280" WIDTH="210" HEIGHT="39" WC="0.83" CONTENT="ningsturer."/><SP WIDTH="28" VPOS="2280" HPOS="481"/>
							<String ID="string_311" HPOS="509" VPOS="2279" WIDTH="253" HEIGHT="41" WC="0.90" CONTENT="Aspiranterna"/><SP WIDTH="27" VPOS="2279" HPOS="762"/>
							<String ID="string_312" HPOS="789" VPOS="2281" WIDTH="36" HEIGHT="30" WC="0.96" CONTENT="få"/><SP WIDTH="26" VPOS="2281" HPOS="825"/>
							<String ID="string_313" HPOS="851" VPOS="2280" WIDTH="204" HEIGHT="40" WC="0.96" CONTENT="härigenom"/><SP WIDTH="27" VPOS="2280" HPOS="1055"/>
							<String ID="string_314" HPOS="1082" VPOS="2280" WIDTH="139" HEIGHT="31" WC="0.96" CONTENT="tillfälle"/><SP WIDTH="31" VPOS="2280" HPOS="1221"/>
							<String ID="string_315" HPOS="1252" VPOS="2281" WIDTH="49" HEIGHT="29" WC="0.96" CONTENT="att"/><SP WIDTH="27" VPOS="2281" HPOS="1301"/>
							<String ID="string_316" HPOS="1328" VPOS="2281" WIDTH="112" HEIGHT="29" WC="0.96" CONTENT="under"/><SP WIDTH="27" VPOS="2281" HPOS="1440"/>
							<String ID="string_317" HPOS="1467" VPOS="2280" WIDTH="138" HEIGHT="31" WC="0.95" CONTENT="erfaren"/><SP WIDTH="27" VPOS="2280" HPOS="1605"/>
							<String ID="string_318" HPOS="1632" VPOS="2280" WIDTH="142" HEIGHT="38" WC="0.96" CONTENT="ledning"/>
						</TextLine>
						<TextLine ID="line_39" HPOS="270" VPOS="2330" WIDTH="1504" HEIGHT="41">
							<String ID="string_319" HPOS="270" VPOS="2330" WIDTH="112" HEIGHT="31" WC="0.92" CONTENT="inlära"/><SP WIDTH="20" VPOS="2330" HPOS="382"/>
							<String ID="string_320" HPOS="402" VPOS="2331" WIDTH="158" HEIGHT="30" WC="0.92" CONTENT="ledernas"/><SP WIDTH="21" VPOS="2331" HPOS="560"/>
							<String ID="string_321" HPOS="581" VPOS="2331" WIDTH="88" HEIGHT="40" WC="0.96" CONTENT="djup"/><SP WIDTH="22" VPOS="2331" HPOS="669"/>
							<String ID="string_322" HPOS="691" VPOS="2331" WIDTH="63" HEIGHT="30" WC="0.93" CONTENT="och"/><SP WIDTH="21" VPOS="2331" HPOS="754"/>
							<String ID="string_323" HPOS="775" VPOS="2331" WIDTH="178" HEIGHT="40" WC="0.91" CONTENT="grundens"/><SP WIDTH="19" VPOS="2331" HPOS="953"/>
							<String ID="string_324" HPOS="972" VPOS="2332" WIDTH="205" HEIGHT="38" WC="0.96" CONTENT="belägenhet"/><SP WIDTH="22" VPOS="2332" HPOS="1177"/>
							<String ID="string_325" HPOS="1199" VPOS="2333" WIDTH="90" HEIGHT="28" WC="0.96" CONTENT="samt"/><SP WIDTH="21" VPOS="2333" HPOS="1289"/>
							<String ID="string_326" HPOS="1310" VPOS="2331" WIDTH="288" HEIGHT="30" WC="0.92" CONTENT="förekommande"/><SP WIDTH="21" VPOS="2331" HPOS="1598"/>
							<String ID="string_327" HPOS="1619" VPOS="2330" WIDTH="155" HEIGHT="40" WC="0.92" CONTENT="utprick-"/>
						</TextLine>
						<TextLine ID="line_40" HPOS="268" VPOS="2380" WIDTH="1506" HEIGHT="41">
							<String ID="string_328" HPOS="268" VPOS="2380" WIDTH="87" HEIGHT="41" WC="0.93" CONTENT="ning"/><SP WIDTH="15" VPOS="2380" HPOS="355"/>
							<String ID="string_329" HPOS="370" VPOS="2391" WIDTH="46" HEIGHT="20" WC="0.92" CONTENT="m."/><SP WIDTH="17" VPOS="2391" HPOS="416"/>
							<String ID="string_330" HPOS="433" VPOS="2391" WIDTH="45" HEIGHT="20" WC="0.91" CONTENT="m."/><SP WIDTH="17" VPOS="2391" HPOS="478"/>
							<String ID="string_331" HPOS="495" VPOS="2383" WIDTH="166" HEIGHT="29" WC="0.95" CONTENT="ävensom"/><SP WIDTH="18" VPOS="2383" HPOS="661"/>
							<String ID="string_332" HPOS="679" VPOS="2382" WIDTH="142" HEIGHT="38" WC="0.95" CONTENT="tillägna"/><SP WIDTH="21" VPOS="2382" HPOS="821"/>
							<String ID="string_333" HPOS="842" VPOS="2381" WIDTH="51" HEIGHT="40" WC="0.96" CONTENT="sig"/><SP WIDTH="17" VPOS="2381" HPOS="893"/>
							<String ID="string_334" HPOS="910" VPOS="2382" WIDTH="159" HEIGHT="39" WC="0.96" CONTENT="förmåga"/><SP WIDTH="16" VPOS="2382" HPOS="1069"/>
							<String ID="string_335" HPOS="1085" VPOS="2382" WIDTH="51" HEIGHT="30" WC="0.96" CONTENT="att"/><SP WIDTH="18" VPOS="2382" HPOS="1136"/>
							<String ID="string_336" HPOS="1154" VPOS="2381" WIDTH="147" HEIGHT="31" WC="0.96" CONTENT="bedöma"/><SP WIDTH="18" VPOS="2381" HPOS="1301"/>
							<String ID="string_337" HPOS="1319" VPOS="2381" WIDTH="94" HEIGHT="31" WC="0.93" CONTENT="olika"/><SP WIDTH="16" VPOS="2381" HPOS="1413"/>
							<String ID="string_338" HPOS="1429" VPOS="2381" WIDTH="255" HEIGHT="40" WC="0.91" CONTENT="fartygstypers"/><SP WIDTH="18" VPOS="2381" HPOS="1684"/>
							<String ID="string_339" HPOS="1702" VPOS="2390" WIDTH="72" HEIGHT="20" WC="0.90" CONTENT="ma-"/>
						</TextLine>
						<TextLine ID="line_41" HPOS="271" VPOS="2431" WIDTH="1503" HEIGHT="40">
							<String ID="string_340" HPOS="271" VPOS="2432" WIDTH="321" HEIGHT="39" WC="0.92" CONTENT="növeregenskaper"/><SP WIDTH="22" VPOS="2432" HPOS="592"/>
							<String ID="string_341" HPOS="614" VPOS="2442" WIDTH="46" HEIGHT="20" WC="0.92" CONTENT="m."/><SP WIDTH="23" VPOS="2442" HPOS="660"/>
							<String ID="string_342" HPOS="683" VPOS="2442" WIDTH="45" HEIGHT="20" WC="0.92" CONTENT="m."/><SP WIDTH="22" VPOS="2442" HPOS="728"/>
							<String ID="string_343" HPOS="750" VPOS="2431" WIDTH="115" HEIGHT="39" WC="0.93" CONTENT="Enligt"/><SP WIDTH="25" VPOS="2431" HPOS="865"/>
							<String ID="string_344" HPOS="890" VPOS="2432" WIDTH="258" HEIGHT="39" WC="0.92" CONTENT="lotsstyrelsens"/><SP WIDTH="23" VPOS="2432" HPOS="1148"/>
							<String ID="string_345" HPOS="1171" VPOS="2432" WIDTH="141" HEIGHT="39" WC="0.96" CONTENT="mening"/><SP WIDTH="21" VPOS="2432" HPOS="1312"/>
							<String ID="string_346" HPOS="1333" VPOS="2433" WIDTH="38" HEIGHT="28" WC="0.96" CONTENT="är"/><SP WIDTH="22" VPOS="2433" HPOS="1371"/>
							<String ID="string_347" HPOS="1393" VPOS="2432" WIDTH="56" HEIGHT="30" WC="0.96" CONTENT="det"/><SP WIDTH="23" VPOS="2432" HPOS="1449"/>
							<String ID="string_348" HPOS="1472" VPOS="2432" WIDTH="126" HEIGHT="39" WC="0.96" CONTENT="skäligt"/><SP WIDTH="23" VPOS="2432" HPOS="1598"/>
							<String ID="string_349" HPOS="1621" VPOS="2432" WIDTH="49" HEIGHT="28" WC="0.93" CONTENT="att"/><SP WIDTH="22" VPOS="2432" HPOS="1670"/>
							<String ID="string_350" HPOS="1692" VPOS="2431" WIDTH="82" HEIGHT="30" WC="0.91" CONTENT="lots-"/>
						</TextLine>
						<TextLine ID="line_42" HPOS="267" VPOS="2480" WIDTH="1506" HEIGHT="42">
							<String ID="string_351" HPOS="267" VPOS="2481" WIDTH="247" HEIGHT="41" WC="0.92" CONTENT="aspiranterna"/><SP WIDTH="19" VPOS="2481" HPOS="514"/>
							<String ID="string_352" HPOS="533" VPOS="2483" WIDTH="76" HEIGHT="29" WC="0.96" CONTENT="icke"/><SP WIDTH="23" VPOS="2483" HPOS="609"/>
							<String ID="string_353" HPOS="632" VPOS="2483" WIDTH="99" HEIGHT="29" WC="0.96" CONTENT="skola"/><SP WIDTH="20" VPOS="2483" HPOS="731"/>
							<String ID="string_354" HPOS="751" VPOS="2482" WIDTH="132" HEIGHT="30" WC="0.93" CONTENT="behöva"/><SP WIDTH="21" VPOS="2482" HPOS="883"/>
							<String ID="string_355" HPOS="904" VPOS="2480" WIDTH="195" HEIGHT="32" WC="0.92" CONTENT="vidkännas"/><SP WIDTH="22" VPOS="2480" HPOS="1099"/>
							<String ID="string_356" HPOS="1121" VPOS="2482" WIDTH="268" HEIGHT="30" WC="0.96" CONTENT="resekostnader"/><SP WIDTH="20" VPOS="2482" HPOS="1389"/>
							<String ID="string_357" HPOS="1409" VPOS="2482" WIDTH="55" HEIGHT="29" WC="0.96" CONTENT="för"/><SP WIDTH="23" VPOS="2482" HPOS="1464"/>
							<String ID="string_358" HPOS="1487" VPOS="2481" WIDTH="60" HEIGHT="31" WC="0.96" CONTENT="sitt"/><SP WIDTH="21" VPOS="2481" HPOS="1547"/>
							<String ID="string_359" HPOS="1568" VPOS="2481" WIDTH="205" HEIGHT="40" WC="0.96" CONTENT="deltagande"/>
						</TextLine>
					</TextBlock>
				</ComposedBlock>
			</PrintSpace>
		</Page>
	</Layout>
</alto>
