1914 2800
251 145 35 29 12
643 150 122 30 Första
789 150 239 36 lagutskottets
1051 150 175 31 utlåtande
1248 161 42 20 nr
1308 152 50 29 48.

251 232 81 32 mån
356 242 126 22 ansvar
502 233 106 37 enligt
631 234 177 32 allmänna
831 234 204 37 strafflagen
1058 234 31 37 ej
1113 235 59 31 må
1195 235 96 37 följa.
1317 235 65 30 Det
1405 245 100 27 synes
1531 235 130 32 således
1687 235 65 31 till-

252 283 145 36 räckligt
421 286 48 28 att
491 283 10 30 i
525 284 148 36 enlighet
698 285 79 29 med
801 285 67 30 vad
890 284 11 30 i
926 285 244 31 motsvarande
1193 285 62 31 fall
1278 286 121 36 plägar
1421 286 60 30 ske
1505 286 120 36 stadga
1649 285 106 31 straff

251 332 55 31 för
332 333 67 30 den
422 342 74 21 som
518 334 118 36 bryter
659 337 73 27 mot
754 335 68 29 vad
845 343 75 21 som
946 335 136 36 stadgas
1105 335 11 30 i
1141 336 18 29 2
1185 335 18 37 8
1229 336 81 29 eller
1333 335 216 31 föreskrivits
1572 336 80 30 med
1675 336 78 30 stöd

251 392 42 21 av
311 384 19 29 3
348 384 18 36 $
383 383 109 30 första
507 384 140 35 stycket.
667 384 376 31 Straffbestämmelsen
1058 385 97 30 torde
1171 385 188 36 lämpligen
1374 386 86 30 böra
1478 388 170 34 upptagas
1666 386 88 30 efter

251 432 384 37 skadeståndsreglerna
657 434 11 30 i
689 433 181 37 förslagets
891 435 19 29 5
932 434 29 37 8.

294 482 106 31 Bifall
422 482 50 30 till
494 483 170 36 lagrådets
688 483 207 31 hemställan
918 484 110 31 under
1050 486 20 29 3
1094 485 18 37 8
1136 485 198 30 föranleder
1355 488 50 28 att
1430 486 109 30 andra
1563 486 155 36 punkten
1740 485 12 31 i

249 532 229 31 förevarande
499 534 165 36 paragraf
690 534 127 36 utgår.»

292 582 65 31 Vid
380 584 19 29 5
421 581 20 40 8
463 584 11 29 i
495 583 164 37 förslaget
680 585 65 30 har
764 584 155 37 lagrådet
941 585 115 30 anfört
1081 585 167 36 följande:

295 644 12 15 »
314 633 226 31 Beträffande
555 635 113 30 skada
686 644 73 21 som
780 636 142 30 orsakas
942 645 41 21 av
1001 636 97 30 hund
1114 637 91 35 gälla
1221 636 58 30 för
1297 636 217 31 närvarande
1533 637 93 30 olika
1644 637 110 36 regler

251 682 54 31 för
330 683 42 30 de
395 683 62 31 fall
481 683 44 31 då
548 684 134 30 skadan
707 685 148 30 drabbat
879 685 164 36 hemdjur
1065 686 65 30 och
1156 685 44 32 då
1224 685 99 38 fråga
1346 686 40 30 är
1409 695 57 21 om
1490 696 117 21 annan
1632 687 120 30 skada.

248 732 69 31 För
335 733 110 31 skada
465 733 19 31 å
503 733 163 38 hemdjur
683 733 116 31 vilken
816 735 142 31 orsakas
977 744 42 21 av
1038 736 97 30 hund
1154 745 75 21 som
1249 745 96 22 avses
1364 737 11 29 i
1396 736 83 30 1893
1499 735 56 33 års
1576 737 54 36 lag
1649 736 102 37 angå-

248 784 86 30 ende
351 784 147 37 ändring
513 784 10 31 i
540 784 90 31 vissa
646 785 96 30 delar
757 794 42 21 av
830 786 40 29 22
887 786 79 35 kap.
984 786 19 29 6
1021 786 66 30 och
1104 787 16 28 7
1140 786 40 37 $$
1197 786 322 36 byggningabalken
1536 789 38 29 är
1592 787 161 31 hundens

248 835 102 35 ägare
372 834 343 38 ersättningsskyldig
734 836 193 30 oberoende
948 845 41 21 av
1012 835 167 32 vållande.
1203 836 79 31 Han
1302 838 81 35 äger
1403 836 146 32 sålunda
1570 837 31 38 ej
1622 838 52 30 till
1694 837 58 32 sitt

249 885 169 30 fredande
438 886 83 30 söka
540 886 77 30 leda
638 885 11 30 i
667 885 104 36 bevis,
791 889 50 28 att
860 887 133 30 skadan
1012 887 30 37 ej
1064 887 64 30 har
1147 888 51 29 sin
1216 888 114 36 grund
1349 887 11 31 i
1378 887 114 37 någon
1511 888 244 31 försummelse

249 934 80 31 från
345 935 89 30 hans
452 935 74 31 sida
542 938 85 28 utan
646 936 38 30 är
702 939 49 28 att
769 936 170 31 tillskriva
953 946 44 21 en
1015 937 294 36 olyckshändelse.
1329 938 75 30 Vad
1421 937 73 32 åter
1511 938 108 36 angår
1634 948 118 21 annan

250 983 110 32 skada
385 986 45 29 än
456 985 21 31 å
500 985 164 37 hemdjur
687 1005 45 4 —
758 986 126 31 främst
908 988 237 35 personskada
1170 1006 44 4 —
1240 988 115 37 gäller,
1382 987 115 32 såsom
1523 987 107 32 också
1656 988 95 31 inom

247 1035 122 36 högsta
399 1035 192 31 domstolen
621 1036 169 31 uttalades
819 1036 58 31 vid
908 1037 254 37 granskningen
1190 1047 42 21 av
1265 1038 84 30 1893
1378 1037 55 32 års
1461 1039 65 36 lag,
1556 1042 48 27 att
1631 1040 119 30 ersätt-

249 1085 295 37 ningsskyldighet
572 1086 153 31 inträder
754 1087 144 31 allenast
927 1087 10 31 i
966 1088 165 31 händelse
1158 1097 42 21 av
1229 1088 169 31 vållande.
1429 1088 205 37 Visserligen
1662 1089 88 31 före-

248 1136 98 36 ligga,
368 1136 46 36 på
437 1137 66 30 sätt
524 1146 41 21 av
587 1136 286 37 remissförslaget
894 1137 162 37 framgår,
1079 1139 154 35 exempel
1252 1139 11 30 i
1286 1138 203 37 rättspraxis
1509 1139 46 36 på
1575 1143 51 27 att
1646 1138 106 32 också

250 1185 54 31 för
334 1186 97 36 dylik
462 1187 109 30 skada
602 1187 189 37 ersättning
822 1189 153 29 utdömts
1005 1191 86 28 utan
1124 1192 49 27 att
1202 1188 161 31 vållande
1395 1189 80 30 från
1506 1190 245 36 hundägarens

249 1235 75 31 sida
353 1236 105 30 visats
488 1236 175 37 föreligga.
695 1237 80 30 Men
804 1237 11 30 i
845 1238 123 36 högsta
997 1238 209 30 domstolens
1237 1238 117 37 praxis
1385 1239 65 30 har
1480 1240 124 35 städse,
1636 1242 116 28 senast

248 1286 94 36 1942,
365 1286 258 36 upprätthållits
645 1287 143 30 fordran
807 1287 46 36 på
873 1287 168 37 vållande,
1063 1287 47 32 låt
1130 1297 81 22 vara
1234 1289 10 30 i
1265 1288 91 31 form
1377 1298 41 21 av
1439 1299 42 20 en
1504 1299 95 22 mera
1620 1290 130 31 allmän

248 1336 220 30 oaktsamhet
488 1337 221 30 beträffande
730 1337 161 37 tillsynen
914 1339 80 29 över
1015 1339 106 32 hund.

292 1385 243 38 Otvivelaktigt
564 1386 111 31 måste
704 1388 56 30 det
790 1387 184 31 betecknas
1005 1388 113 30 såsom
1149 1392 46 27 ett
1224 1388 305 33 missförhållande
1559 1394 49 27 att
1638 1391 112 30 hund-

246 1437 144 36 ägarens
421 1437 401 37 ersättningsskyldighet
851 1438 88 31 skall
966 1438 90 31 bliva
1085 1439 217 31 annorlunda
1333 1440 66 30 och
1427 1440 144 31 mildare
1598 1440 151 31 bedömd

249 1486 55 31 vid
332 1487 111 30 skada
472 1487 19 30 å
519 1497 127 27 person
673 1489 44 29 än
748 1488 21 31 å
796 1488 173 36 hemdjur.
999 1489 68 30 För
1094 1490 66 29 den
1188 1490 177 30 allmänna
1394 1490 354 37 rättsuppfattningen

247 1537 97 30 torde
366 1538 57 30 det
447 1537 103 31 också
573 1537 146 31 framstå
742 1537 115 31 såsom
880 1538 163 37 naturligt
1066 1543 47 27 att
1136 1540 108 30 skada
1266 1549 75 21 som
1365 1541 141 30 orsakas
1528 1550 43 21 av
1593 1550 42 21 en
1658 1540 90 32 bitsk

247 1587 80 30 eller
351 1586 98 38 eljest
471 1588 100 36 farlig
593 1588 98 30 hund
714 1589 87 30 skall
826 1590 143 30 ersättas
995 1599 41 20 av
1059 1590 158 30 hundens
1240 1591 112 35 ägare,
1375 1589 208 32 åtminstone
1605 1590 56 31 för
1683 1592 66 30 den

247 1637 165 31 händelse
433 1641 48 27 att
500 1647 42 21 av
561 1638 341 37 omständigheterna
922 1638 30 38 ej
975 1639 152 36 framgår
1146 1644 48 27 att
1213 1641 127 35 ägaren
1359 1642 40 29 är
1418 1641 43 30 fri
1481 1640 80 31 från
1580 1640 168 32 vållande.

248 1686 52 32 En
318 1687 149 37 ändring
484 1688 10 30 i
511 1698 46 20 nu
576 1688 154 31 rådande
747 1689 148 36 ordning
911 1690 39 29 är
966 1689 217 37 följaktligen
1199 1690 175 36 påkallad.
1394 1691 131 30 Härvid
1543 1691 117 31 kunde
1676 1691 72 31 må-

246 1737 119 31 hända
381 1737 230 38 ifrågasättas,
631 1748 56 20 om
706 1738 31 37 ej
759 1738 34 31 åt
809 1739 203 36 rättspraxis
1030 1740 107 30 borde
1154 1741 217 30 överlämnas
1389 1741 157 30 lösandet
1564 1751 42 21 av
1623 1741 125 37 ifråga-

247 1788 153 30 varande
419 1788 179 36 spörsmål.
617 1788 14 30 I
650 1788 189 31 allmänhet
857 1790 97 29 torde
973 1790 11 29 i
1002 1790 42 30 de
1061 1789 70 31 mål
1149 1799 75 21 som
1242 1791 143 31 komma
1404 1791 110 30 under
1531 1791 219 31 bedömande

247 1846 83 22 vara
353 1837 135 37 möjligt
512 1841 49 27 att
585 1839 79 30 med
690 1838 219 37 tillämpning
934 1849 42 20 av
999 1840 218 36 culparegeln
1240 1840 121 37 uppnå
1386 1844 46 27 ett
1456 1842 79 30 med
1558 1842 189 30 rättskäns-

247 1887 58 30 lan
326 1888 363 30 överensstämmande
709 1889 150 30 resultat.
883 1889 14 30 I
921 1889 41 30 de
983 1889 62 31 fall
1068 1889 43 31 då
1133 1889 158 32 vållande
1311 1890 32 37 ej
1367 1892 70 29 kan
1459 1891 198 37 fastställas,
1678 1893 71 29 kan

247 1937 89 30 dock
356 1941 48 26 ett
422 1937 135 31 friande
575 1939 142 29 resultat
736 1939 143 30 komma
898 1942 49 27 att
964 1939 146 31 framstå
1130 1939 113 31 såsom
1263 1941 167 30 stötande.
1452 1942 55 29 Att
1527 1941 116 36 praxis
1663 1945 86 28 utan

247 1988 75 29 stöd
345 1997 44 20 av
414 1988 55 36 lag
492 1988 109 30 skulle
627 1988 121 31 fastslå
772 1991 46 28 ett
842 1998 43 21 av
908 1989 158 30 vållande
1090 1990 192 30 oberoende
1307 1991 330 36 hundägareansvar
1659 1992 90 30 lärer

246 2036 207 37 näppeligen
477 2038 120 30 kunna
624 2041 152 33 antagas.
803 2039 203 36 Avgörande
1033 2040 75 29 skäl
1133 2049 101 27 synas
1261 2040 121 31 därför
1408 2041 68 30 tala
1502 2041 55 30 för
1582 2044 48 28 att
1655 2041 11 30 i
1693 2042 56 36 lag

245 2086 131 36 reglera
394 2087 349 31 skadeståndsrätten.
763 2088 73 30 Den
853 2088 167 37 reglering
1037 2099 42 21 av
1094 2090 118 36 ägares
1230 2090 425 37 skadeståndsskyldighet
1672 2101 75 21 som

244 2135 108 37 gjorts
371 2136 10 30 i
399 2137 227 31 förevarande
642 2138 165 36 paragraf
829 2157 23 3 —
872 2139 156 36 grundad
1047 2139 20 31 å
1085 2143 214 33 presumerat
1315 2140 324 38 vållande
1495 2131 24 51 —
1537 2140 96 38 synes
1651 2143 95 35 utgö-

246 2196 38 21 ra
300 2196 44 20 en
360 2187 319 31 tillfredsställande
696 2188 144 36 lösning.
860 2189 57 29 Att
934 2189 126 36 ägaren
1079 2199 42 20 av
1138 2190 164 36 hemdjur
1320 2191 105 30 vilket
1444 2192 126 30 skadas
1589 2201 43 21 av
1649 2192 99 30 hund

246 2244 123 28 genom
399 2238 66 29 den
493 2247 67 26 nya
589 2238 266 30 bestämmelsen
882 2239 157 30 kommer
1066 2242 58 33 att,
1154 2240 54 30 för
1236 2240 66 31 den
1329 2241 165 30 händelse
1520 2242 227 36 hundägaren

246 2285 87 31 visat
358 2286 51 37 sig
436 2296 82 21 vara
545 2287 44 30 fri
615 2287 80 31 från
722 2288 169 36 vållande,
919 2288 42 36 gå
986 2289 99 30 miste
1110 2299 57 20 om
1193 2290 66 30 den
1285 2290 69 31 rätt
1380 2290 50 30 till
1455 2291 191 37 ersättning
1671 2301 74 21 som

245 2336 106 31 också
372 2336 11 30 i
404 2336 109 37 dylikt
535 2337 62 30 fall
618 2337 56 30 för
694 2338 218 30 närvarande
933 2338 209 31 tillkommer
1162 2340 140 36 honom,
1324 2341 97 30 torde
1444 2340 196 37 visserligen
1663 2351 83 21 vara

245 2394 42 21 en
312 2386 87 30 nära
424 2395 66 28 nog
515 2386 233 38 ofrånkomlig
774 2388 217 30 konsekvens
1019 2398 42 21 av
1085 2389 279 31 önskvärdheten
1391 2393 49 28 att
1464 2390 134 31 erhålla
1621 2400 43 21 en
1689 2401 56 21 en-

245 2435 106 37 hetlig
374 2437 90 36 regel
488 2436 54 31 för
566 2437 41 30 de
632 2436 92 31 olika
749 2437 115 37 slagen
889 2447 43 21 av
957 2439 127 29 skador
1107 2448 79 21 men
1210 2439 11 30 i
1247 2440 62 30 sak
1334 2449 84 22 vara
1442 2443 85 28 utan
1552 2441 194 31 nämnvärd

244 2485 159 36 praktisk
423 2486 182 37 betydelse.
