2184 2618
373 196 42 30 42
856 193 255 33 Statsutskottets
1133 194 167 31 utlåtande
1323 194 53 31 Nr
1397 197 21 27 5
1430 194 39 30 ÅA.

480 278 75 32 Vad
588 278 67 31 den
688 277 196 31 kvalitativa
919 277 96 32 sidan
1040 288 40 20 av
1103 277 170 31 ärendena
1296 279 113 38 angår,
1433 278 38 30 så
1493 279 37 29 är
1552 277 190 32 innehållet
1764 289 41 20 av
1828 279 43 31 de
1894 279 74 31 från

374 321 108 41 byrån
504 322 174 39 utgångna
700 319 290 41 expeditionerna,
1014 319 146 31 frånsett
1183 321 49 29 att
1254 319 105 31 bland
1382 319 77 31 dem
1482 320 112 30 finnas
1618 331 42 20 en
1677 319 54 32 del
1748 320 146 40 enklare,
1911 322 58 30 lik-

374 363 55 30 väl
450 363 12 30 i
485 361 186 32 allmänhet
693 361 52 31 till
769 361 61 31 sitt
851 361 152 32 innehåll
1025 361 134 41 mycket
1182 361 170 31 skiftande
1376 361 65 31 och
1463 361 233 32 individuella.
1741 362 19 31 I
1782 362 77 31 dem
1874 364 96 40 ingår

375 405 103 31 också
512 406 50 29 ett
594 403 266 32 förhållandevis
898 405 154 30 avsevärt
1075 403 92 31 antal
1189 402 180 42 vidlyftiga
1392 403 183 32 skrivelser
1598 405 115 30 såsom
1737 404 233 43 underdåniga

375 445 210 38 utlåtanden,
620 446 128 40 förslag
781 445 52 31 till
866 445 240 41 författningar
1139 445 64 31 och
1236 445 415 41 författningsändringar,
1686 446 147 31 cirkulär
1860 458 42 20 m.
1927 459 29 19 m

375 489 62 30 Att
460 489 37 30 så
519 488 168 41 framgent
709 487 153 31 kommer
878 489 50 29 att
942 487 91 31 bliva
1048 487 96 31 fallet
1159 487 98 31 torde
1272 498 80 20 vara
1367 487 102 41 högst
1485 488 176 30 sannolikt
1676 488 77 31 med
1769 488 133 41 hänsyn
1918 490 52 30 till

375 530 43 31 de
441 541 47 20 nu
510 529 166 42 gällande,
699 531 125 39 ytterst
847 529 228 41 omfångsrika
1098 529 65 31 och
1178 529 52 31 till
1248 529 60 31 sitt
1323 529 152 31 innehåll
1490 531 146 39 mången
1651 532 88 39 gång
1753 530 73 31 icke
1843 532 38 29 så
1896 531 75 31 litet

376 572 216 31 svårtolkade
624 571 240 41 författningar
898 571 63 31 och
995 571 115 41 övriga
1143 571 258 31 bestimmelser
1423 572 191 31 berörande
1637 572 335 32 veterinärväsendet

375 625 74 20 som
485 614 121 31 sådant
629 616 160 29 ävensom
813 613 233 38 köttkontroll,
1070 613 295 42 veterinärhygien
1389 614 12 30 1
1424 614 109 41 övrigt
1557 614 65 31 och
1645 614 140 31 därmed
1808 625 163 21 samman-

375 656 179 41 hängande
576 656 121 40 frågor.

481 698 76 41 Nya
589 697 246 41 författningar,
872 708 73 20 som
978 698 136 30 komma
1136 698 50 30 att
1209 697 99 31 ställa
1331 698 147 41 anspråk
1500 700 44 39 på
1567 698 289 32 arbetskrafterna
1878 699 92 31 inom

377 741 188 41 styrelsens
599 740 264 40 veterinärbyrå,
897 740 71 30 lära
989 739 73 31 icke
1086 739 109 31 heller
1216 739 161 32 utebliva.
1423 740 178 41 Styrelsen
1624 740 129 31 tillåter
1776 741 52 41 sig
1850 741 122 31 endast

376 783 112 30 erimra
521 793 55 20 om
610 793 47 20 nu
679 782 231 41 föreliggande
934 781 126 42 förslag
1081 782 54 30 till
1157 781 200 41 förordning
1379 782 174 40 angående
1576 782 152 31 kontroll
1750 782 57 32 vid
1829 783 143 32 införsel

376 825 53 31 till
452 825 88 30 riket
563 835 40 20 av
625 824 175 31 köttvaror
822 823 65 31 och
910 823 141 41 djurfett
1073 834 43 20 m.
1141 834 42 20 m.

480 867 52 30 Av
565 866 59 31 det
657 866 141 31 anförda
820 865 98 31 torde
941 866 136 40 framgå,
1102 867 50 29 att
1175 865 65 31 den
1263 865 329 41 kanslitjänsteman,
1617 868 45 39 på
1684 866 112 31 vilken
1820 866 66 31 den
1910 867 61 31 for-

377 908 101 31 mella
499 908 299 41 handläggningen
821 918 40 20 av
884 908 41 30 de
948 908 190 30 veterinära
1161 907 170 31 ärendena
1347 908 206 37 ankommer,
1570 908 76 30 icke
1662 908 89 31 blott
1767 908 63 31 bör
1845 909 127 31 besitta

377 953 74 29 stor
472 950 92 31 rutin
587 950 11 31 i
621 950 94 41 fråga
738 961 54 19 om
822 949 369 42 expeditionsgöromål
1217 967 37 4 —
1277 951 49 29 att
1342 950 115 30 märka
1473 952 45 35 är,
1535 952 50 28 att
1601 951 51 30 ett
1668 952 87 29 stort
1771 951 92 30 antal
1881 952 90 29 ären-

376 993 67 30 den
467 994 57 29 äro
548 1003 40 20 av
612 992 220 41 synnerligen
854 991 216 32 brådskande
1086 991 238 32 beskaffenhet
1340 991 255 42 (skyndsamma
1610 992 124 41 nådiga
1749 993 170 37 remisser,
1936 995 36 28 år

379 1034 89 31 1919:
482 1034 51 41 58)
566 1036 162 29 ävensom
761 1036 50 29 att
837 1034 148 31 förutom
1009 1033 58 31 det
1089 1033 190 32 veterinära
1301 1034 281 31 medicinalrådet
1602 1034 126 41 jämväl
1752 1035 220 41 statsinspek-

377 1078 98 29 tören
503 1078 80 29 över
609 1076 272 31 köttkontrollen
904 1078 36 28 är
962 1075 245 42 föredragande
1231 1087 39 19 av
1293 1078 19 28 å
1334 1076 279 41 veterinärbyrån
1636 1076 222 31 förefallande
1882 1079 91 29 ären-

377 1119 67 30 den
479 1137 38 4 —
551 1121 83 28 utan
662 1120 84 30 även
769 1120 108 29 måste
901 1129 78 20 vara
1002 1118 218 41 synnerligen
1243 1118 53 30 väl
1319 1118 174 41 förtrogen
1516 1118 79 31 med
1618 1118 205 31 dithörande
1845 1119 127 31 författ-

376 1171 130 20 ningar.

439 1186 20 16 ”
482 1202 74 31 Här
578 1202 98 31 torde
700 1201 63 32 ock
784 1202 84 31 böra
891 1202 129 31 erinras
1043 1202 127 34 därom,
1195 1204 49 29 att
1266 1202 111 31 Eders
1400 1202 126 41 Kungl.
1550 1202 100 41 Maj:t
1672 1213 121 30 genom
1810 1203 162 31 skrivelse

377 1256 41 19 av
451 1244 66 31 den
551 1244 19 31 5
597 1255 91 20 mars
713 1244 81 31 1920
816 1244 219 40 bemyndigat
1058 1243 351 42 medicinalstyrelsen
1432 1246 50 29 att
1504 1244 157 41 medgiva
1683 1244 141 41 dispens
1847 1245 12 31 i
1881 1246 93 40 fråga

378 1297 55 20 om
446 1286 92 31 vissa
552 1286 52 31 för
616 1286 143 31 införsel
771 1286 200 31 meddelade
983 1286 212 31 föreskrifter
1207 1286 144 41 (Svensk
1362 1286 369 41 författningssamling
1753 1298 40 19 nr
1814 1287 157 41 79/1920).

377 1328 211 41 Härigenom
612 1328 62 31 har
694 1328 123 41 jämväl
841 1328 66 31 den
931 1339 73 20 som
1028 1328 209 31 sekreterare
1260 1328 257 41 tjänstgörande
1540 1329 177 30 notariens
1746 1340 122 20 ansvar
1883 1341 89 20 avse-

377 1372 75 29 värt
474 1370 107 31 ökats.

484 1412 133 31 Genom
652 1414 49 28 att
724 1412 205 41 avgörandet
962 1423 39 20 av
1024 1412 102 31 dessa
1148 1412 66 30 mål
1237 1412 211 41 överflyttats
1470 1413 43 40 på
1537 1412 353 41 medicinalstyrelsen
1913 1413 61 31 har

379 1454 202 41 visserligen
615 1454 129 31 antalet
771 1454 123 41 nådiga
916 1454 161 31 remisser
1099 1454 176 34 minskats,
1300 1465 77 20 men
1402 1456 18 28 å
1443 1454 105 31 andra
1572 1454 99 31 sidan
1695 1454 41 31 de
1759 1455 73 30 från
1856 1455 116 31 veteri-

379 1496 169 42 närbyrån
571 1496 169 41 utgående
764 1496 281 41 expeditionerna
1068 1496 108 31 ökats.

485 1538 140 31 Antalet
659 1549 40 20 av
732 1538 41 31 de
807 1539 12 30 i
842 1538 184 41 anledning
1048 1549 40 20 av
1111 1537 232 42 nyssnämnda
1366 1538 173 31 föreskrift
1562 1538 111 31 under
1695 1538 93 31 tiden
1811 1538 74 31 från
1909 1539 63 30 och

379 1581 79 30 med
491 1580 67 31 den
591 1580 20 31 5
644 1591 91 20 mars
768 1580 53 31 till
855 1581 63 30 och
956 1580 76 31 med
1067 1580 66 31 den
1173 1581 37 30 17
1244 1580 136 41 augusti
1416 1580 80 31 1920
1529 1591 40 19 av
1602 1580 371 42 medicinalstyrelsens

380 1622 254 41 veterinärbyrå
667 1622 199 31 meddelade
901 1622 179 41 dispenser
1113 1622 157 41 utgjorde
1306 1623 68 34 187,
1410 1622 209 31 omfattande
1653 1622 226 31 tillsammans
1912 1623 61 31 489

381 1664 243 41 expeditioner.
844 1687 3 3 .

486 1706 68 31 Det
577 1708 36 29 är
636 1706 201 41 uppenbart.
862 1708 49 29 att
934 1706 66 38 det,
1024 1706 78 31 med
1122 1706 66 31 den
1205 1706 203 40 omfattning
1423 1706 341 31 veterinärärendena
1778 1707 12 30 i
1806 1707 168 41 styrelsen

381 1759 141 20 numera
554 1748 85 41 tagit
672 1748 64 31 och
769 1749 78 30 med
880 1748 66 31 den
980 1748 170 41 mångfald
1184 1748 246 40 författningar,
1466 1759 73 20 som
1573 1748 58 30 vid
1666 1749 246 40 uppsättandet
1934 1760 40 19 av

381 1790 183 31 skrivelser
587 1792 18 29 å
627 1790 298 42 veterinärbyråns
948 1790 110 31 kansli
1083 1790 97 31 skola
1202 1790 181 41 tillämpas,
1408 1792 107 29 måste
1537 1801 80 20 vara
1640 1790 53 31 till
1715 1801 77 20 men
1815 1791 53 30 för
1883 1792 90 30 ären-

382 1833 107 30 denas
524 1832 131 31 snabba
689 1832 64 31 och
786 1843 196 29 noggranna
1004 1832 261 41 handläggning,
1291 1843 54 20 om
1369 1843 78 20 man
1470 1832 73 31 icke
1566 1832 66 31 kan
1656 1833 148 40 påräkna
1827 1835 49 28 att
1900 1843 72 21 som

381 1875 140 30 främste
554 1885 79 20 man
660 1876 44 39 på
724 1875 147 30 nämnda
893 1874 111 31 kansli
1026 1874 86 31 hava
1135 1885 42 20 en
1200 1885 134 30 person,
1360 1885 75 20 som
1458 1876 36 29 är
1515 1874 78 31 fullt
1616 1875 174 40 förtrogen
1813 1875 77 30 med
1913 1875 61 31 här

381 1916 278 32 förekommande
683 1916 139 31 arbeten
845 1916 64 31 och
933 1928 72 19 som
1028 1916 66 31 kan
1117 1917 171 30 förväntas
1311 1923 44 34 på
1377 1917 135 40 platsen
1535 1916 175 31 kvarbliva
1731 1918 111 39 någon
1858 1917 115 40 längre

381 1959 61 31 tid.
487 1959 69 30 Det
588 1960 37 29 är
657 1959 203 40 uppenbart,
895 1960 49 29 att
967 1959 93 30 detta
1082 1959 68 30 mål
1172 1959 133 41 mycket
1327 1959 112 30 bättre
1463 1958 85 31 skall
1570 1958 117 31 kunna
1710 1961 107 36 ernås,
1843 1970 54 20 om
1920 1960 53 30 be-

383 2000 189 41 fattningen
596 2001 165 40 uppföres
783 2001 11 30 i
818 2000 105 32 andra
945 2000 215 41 lönegraden.

487 2043 68 30 Det
587 2042 158 31 framstår
772 2043 133 30 således
929 2054 73 19 som
1026 2044 48 29 ett
1096 2042 169 31 kännbart
1287 2042 113 31 behov
1422 2044 49 29 att
1493 2053 121 29 genom
1638 2042 209 31 inrättandet
1870 2054 40 19 av
1932 2054 41 19 en

383 2085 298 40 sekreterartjänst
702 2084 57 31 vid
783 2085 168 41 styrelsen
973 2084 104 32 binda
1101 2090 37 25 så
1160 2084 214 31 kvalificerad
1398 2084 162 41 juridiskt
1586 2084 159 31 utbildad
1760 2085 213 38 arbetskraft,

384 2128 50 29 att
460 2126 66 31 den
548 2127 191 30 veterinära
761 2127 183 40 ledningen
968 2129 82 29 även
1074 2126 78 31 med
1176 2126 166 31 avseende
1367 2128 43 39 på
1432 2126 65 31 vad
1519 2127 200 31 densamma
1741 2127 11 30 1
1776 2127 93 30 detta
1896 2126 78 31 hiän-

384 2168 125 31 seende
543 2169 207 31 tillkommer
782 2171 104 29 måtte
919 2169 114 31 kunna
1066 2169 81 40 fylla
1175 2169 53 30 sin
1252 2169 135 41 uppgift
1410 2168 63 32 och
1494 2169 125 40 jimväl
1642 2169 67 30 den
1732 2169 209 31 kontinuitet
1962 2169 11 30 i

383 2210 133 31 arbetet
538 2218 108 31 ernås,
672 2222 73 20 som
769 2213 36 29 är
828 2211 272 41 oundgiängligen
1124 2210 194 42 nödvändig
1340 2211 53 30 för
1416 2210 194 32 erhållande
1634 2222 41 19 av
1698 2212 48 30 ett
1761 2212 73 39 gott
1850 2211 125 31 arbets-

384 2253 152 31 resultat.
