1880 2784
484 155 253 27 Statsutskottets
762 155 161 27 utlåtande
947 164 38 18 nr
1007 156 23 26 B
1053 155 36 27 98
1112 155 36 27 år
1171 155 75 28 1958
1605 158 18 30 3

129 234 11 29 i
161 234 184 30 Sundsvall
371 236 66 33 (Lv
450 235 36 34 5)
511 236 65 29 och
595 235 170 39 Göteborg
789 236 66 33 (Lv
869 236 51 33 6).
941 236 102 29 Vissa
1062 236 272 29 markområden
1354 236 11 29 i
1386 235 236 31 Stockholms-

132 288 140 29 trakten
293 288 98 30 torde
413 290 88 28 även
522 289 121 29 kunna
666 288 169 30 friställas
857 288 55 30 för
933 289 222 39 försäljning.
1178 289 65 29 Det
1265 288 266 39 sammanlagda
1554 288 69 30 för-

131 341 297 39 säljningsvärdet
443 342 71 29 kan
530 342 193 30 fastställas
740 342 88 30 först
843 342 89 30 efter
946 342 185 40 värdering
1146 342 45 40 på
1206 342 41 30 de
1263 342 155 30 aktuella
1433 342 188 40 platserna.

130 394 205 30 Intäkterna
363 395 174 30 beräknas
567 395 193 30 emellertid
788 395 47 29 bli
866 397 111 28 större
1006 397 44 29 än
1080 396 41 29 de
1151 396 150 39 angivna
1331 396 289 39 investeringsbe-

131 448 123 30 hoven.

186 511 117 29 Under
334 511 254 39 förutsättning
619 513 51 28 att
692 511 83 30 1958
795 511 56 30 års
872 512 143 39 riksdag
1035 512 107 29 fattar
1161 511 253 40 principbeslut
1434 521 57 20 om
1512 511 110 30 freds-

129 565 303 38 organisationens
452 564 231 40 utformning,
703 574 103 30 synes
825 564 229 40 erforderliga
1074 565 247 39 förändringar
1340 566 121 29 kunna
1483 573 139 31 genom-

130 616 95 31 föras
251 618 107 38 enligt
383 618 158 39 följande
565 618 228 40 preliminära
818 618 165 40 tidsplan.

452 726 119 30 Tidigast
872 726 237 30 Omorganisation

430 757 160 39 budgetåret
619 782 3 30 |
849 762 283 31 (Sammanslagning)

454 860 114 31 1959/60
647 860 22 24 K
689 860 15 24 3
726 860 162 24 omvandlas
908 860 40 24 till
968 860 16 24 S
1010 861 14 23 2

645 896 39 24 Lv
704 896 15 24 5
739 896 134 30 uppdelas

453 932 111 27 1960/61
644 931 84 25 InfSS
748 931 113 31 förläggs
881 931 39 25 till
940 931 10 24 I
972 932 36 23 41!

452 967 114 28 1961/62
644 967 39 24 Lv
702 967 16 24 6
739 967 114 30 förläggs
873 967 39 25 till
937 968 16 24 A
966 968 23 27 2,
1010 974 59 18 som
1089 967 134 31 uppdelas

644 1003 87 24 InfKS
752 1003 113 30 förläggs
885 1003 39 24 till
944 1003 10 23 I
978 1003 31 24 16

642 1039 23 23 A
687 1039 11 23 1
721 1039 114 30 förläggs
855 1039 38 24 till
914 1039 38 24 Lv
973 1039 24 28 2,
1018 1046 60 17 som
1097 1038 135 31 uppdelas
1245 1038 10 15 ?

455 1109 9 15 1
485 1109 163 25 Förutsätter
676 1111 37 23 att
741 1109 229 31 Gullbergsfältets
999 1110 172 29 anskaffning
1200 1109 129 31 påbörjas

419 1144 88 25 under
529 1145 76 24 1959.

185 1276 232 30 Arméchefen
439 1276 206 30 förutsätter
667 1278 50 28 att
738 1276 228 39 erforderliga
987 1277 112 29 medel
1119 1295 45 2 —
1183 1277 121 29 utöver
1326 1277 102 39 eljest
1449 1276 172 30 erforder-

129 1329 68 39 liga
221 1330 121 38 anslag
365 1330 45 39 på
434 1330 311 39 kapitalbudgeten
768 1348 44 3 —
836 1330 118 30 ställes
979 1330 53 29 till
1057 1330 207 39 förfogande
1292 1330 82 30 1—2
1400 1330 39 30 år
1464 1330 74 30 före
1563 1339 57 20 av-

127 1383 108 29 sedda
265 1383 206 38 tidpunkter
502 1383 54 29 för
587 1383 404 38 omorganisationernas
1022 1382 284 40 genomförande.
1327 1383 68 30 För
1415 1383 204 39 budgetåret

131 1436 140 31 1958/59
292 1436 228 38 erforderliga
539 1436 112 29 medel
669 1454 45 3 —
732 1445 39 21 ca
790 1436 18 29 2
827 1436 166 39 miljoner
1012 1436 130 29 kronor
1162 1437 120 28 utöver
1302 1436 176 30 ordinarie
1498 1436 122 39 anslag

126 1506 44 3 —
191 1488 205 30 förutsättes
419 1489 99 30 skola
538 1489 147 39 beviljas
707 1499 42 20 av
771 1489 83 29 1958
876 1489 57 29 års
954 1489 153 38 riksdag.

184 1551 13 28 I
220 1551 167 29 skrivelse
409 1551 67 29 den
499 1551 41 29 28
564 1550 155 30 februari
744 1550 82 30 1958
849 1551 65 29 har
948 1551 123 39 chefen
1093 1551 57 39 för
1172 1551 159 29 marinen
1366 1551 88 30 efter
1478 1551 140 30 samråd

127 1604 79 29 med
226 1604 378 39 marinförvaltningen
624 1604 174 30 redovisat
818 1605 183 29 resultatet
1022 1614 42 20 av
1083 1605 42 29 de
1144 1604 306 40 undersökningar
1471 1614 74 20 som
1566 1606 53 28 ut-

128 1657 88 29 förts
233 1657 79 29 med
330 1657 189 39 anledning
536 1667 42 20 av
595 1657 143 30 chefens
756 1657 55 30 för
829 1657 434 41 försvarsdepartementet
1281 1657 233 31 förenämnda
1533 1667 85 31 upp-

128 1710 94 39 drag.
261 1711 49 28 De
348 1711 324 38 rationaliseringar
709 1711 65 29 och
811 1711 246 39 minskningar
1084 1712 10 28 i
1122 1711 393 39 fredsorganisationen,
1544 1720 75 21 som

127 1763 242 30 marinchefen
405 1764 122 29 därvid
563 1764 158 33 föreslår,
746 1764 146 30 innebär
926 1764 74 29 dels
1035 1764 204 39 minskning
1263 1774 43 19 av
1329 1765 208 39 personalen
1560 1764 58 29 vid

127 1817 255 38 örlogsvarven,
404 1817 73 29 dels
509 1817 210 39 indragning
751 1827 41 19 av
812 1817 146 30 flottans
979 1818 166 28 kaserner
1165 1817 44 40 på
1230 1818 288 39 Skeppsholmen,
1540 1817 78 29 flot-

127 1871 78 27 tans
223 1870 117 28 skolor
357 1870 9 28 i
384 1869 171 39 Göteborg
577 1870 391 39 (Göteborgsskolorna)
991 1871 65 28 och
1074 1870 227 30 Härnösands
1320 1869 298 30 kustartillerikår

132 1922 77 33 (KA
224 1922 52 34 5),
299 1922 73 29 dels
396 1922 310 30 sammanförande
729 1932 42 20 av
793 1923 379 39 truppregistreringen
1195 1923 57 29 vid
1275 1923 267 29 kustartilleriet
1566 1923 52 29 till

126 1977 48 27 ett
191 1977 217 37 gemensamt
425 1976 253 39 truppregister
694 1976 10 28 i
722 1976 204 39 anslutning
943 1976 52 29 till
1013 1975 263 40 örlogsflottans
1294 1976 264 39 truppregister.

184 2037 12 28 I
219 2037 167 29 skrivelse
409 2037 67 29 den
499 2037 40 29 28
562 2037 156 30 februari
744 2037 82 30 1958
849 2038 65 29 har
936 2037 123 40 chefen
1082 2037 56 40 för
1160 2037 203 40 flygvapnet
1386 2038 65 29 och
1474 2037 144 40 flygför-

126 2090 202 38 valtningen
346 2090 175 30 redovisat
538 2091 182 29 resultatet
738 2100 41 20 av
795 2091 214 29 verkställda
1027 2091 228 39 utredningar
1273 2091 78 29 med
1370 2091 189 39 anledning
1577 2100 41 20 av

126 2143 143 29 chefens
304 2142 54 30 för
392 2143 435 40 försvarsdepartementet
861 2144 159 39 uppdrag
1043 2144 64 29 och
1131 2143 147 29 föreslår
1301 2143 134 34 därvid,
1459 2146 49 27 att
1533 2144 84 29 Svea

127 2196 194 39 flygflottilj
353 2197 43 33 (F
411 2196 36 33 8)
475 2197 64 29 och
563 2197 170 29 Hallands
757 2196 194 40 flygflottilj
984 2197 42 33 (F
1044 2196 55 34 14)
1127 2196 174 39 indrages.
1325 2196 198 40 Flygfälten
1549 2196 69 29 för-

127 2250 148 28 utsättes
299 2249 97 29 skola
419 2249 193 29 bibehållas
635 2258 75 20 som
733 2249 209 38 krigsbaser.
974 2249 4 29 I
1003 2249 170 29 samband
1196 2249 78 29 med
1297 2249 256 39 indragningen
1577 2258 39 20 av

126 2301 25 28 F
168 2301 39 28 14
226 2301 172 30 ombildas
417 2311 42 19 en
479 2301 200 39 jaktflottilj
703 2302 50 29 till
773 2301 255 39 attackflottilj.

183 2363 47 28 De
254 2362 198 39 föreslagna
477 2363 297 38 indragningarna
797 2372 41 20 av
863 2363 246 29 fredsförband
1134 2372 102 20 anser
1260 2362 51 39 sig
1335 2362 282 39 överbefälhava-

127 2424 58 20 ren
208 2416 120 28 kunna
351 2416 184 38 tillstyrka,
558 2416 87 29 dock
671 2416 76 29 med
770 2416 179 39 undantag
972 2416 54 29 för
1048 2416 253 39 indragningen
1324 2425 41 20 av
1388 2416 228 29 Härnösands

126 2469 297 29 kustartillerikår
448 2469 76 30 (KA
539 2469 51 29 5).
