1894 2838
518 182 105 26 Andra
643 181 214 34 lagutskottets
880 180 157 27 utlåtande
1059 179 42 27 Nr
1122 179 46 27 37.
1571 177 20 29 9

99 262 48 30 Av
167 262 65 30 den
253 261 184 31 förordade
456 261 265 29 bestämmelsen
741 260 102 38 följer
862 259 119 35 direkt,
1002 262 49 26 att
1071 258 187 38 helgdagar
1278 258 97 29 skola
1395 256 164 30 inräknas
1580 256 9 28 i

101 310 195 32 semestern,
321 307 113 29 därest
456 306 114 29 denna
594 305 99 39 utgår
715 305 79 30 med
817 304 105 30 minst
945 313 56 21 sex
1026 304 107 37 dagar
1155 303 9 29 i
1189 312 41 20 en
1254 302 97 38 följd.

142 387 47 31 På
210 388 208 30 hemställan
439 397 42 20 av
502 387 166 30 utskottet
689 389 103 36 antog
814 386 183 38 riksdagen
1020 385 55 30 för
1096 384 52 30 sin
1170 384 54 30 del
1247 383 108 30 sådan
1378 383 145 38 ändring
1546 392 42 20 av

97 444 19 28 4
138 442 19 39 8
177 442 107 39 tredje
305 442 141 38 stycket,
468 451 74 20 som
563 439 153 40 framgår
735 450 41 20 av
797 440 220 38 stadgandets
1039 438 200 31 nuvarande
1260 438 137 38 lydelse.

143 568 11 29 I
175 568 176 29 motionen
370 567 45 29 11:
429 568 64 28 330
511 567 64 29 har
593 566 117 30 vidare
729 567 128 37 yrkats,
877 568 49 27 att
947 566 38 28 10
1005 563 19 40 $
1045 564 105 30 måtte
1169 565 68 29 helt
1256 563 82 39 utgå
1358 573 39 20 ur
1417 564 108 37 lagen.

142 621 211 38 Stadgandet
376 621 9 29 i
411 622 38 28 10
473 619 19 40 8
517 620 153 30 saknade
692 619 246 39 motsvarighet
961 619 10 29 i
994 618 41 30 de
1059 618 237 37 sakkunnigas
1319 617 138 38 förslag.
1493 617 12 28 I
1532 616 54 29 sitt

98 675 158 37 yttrande
275 676 81 28 över
375 674 161 37 förslaget
556 674 161 29 lämnade
736 673 146 30 svenska
902 671 509 39 lantarbetsgivareföreningen
1431 680 42 20 en
1492 670 96 30 redo-

97 729 129 38 görelse
243 729 55 29 för
315 729 41 29 de
373 728 162 38 fridagar,
554 738 75 19 som
645 728 78 29 med
740 726 198 31 dåvarande
955 725 243 31 förhållanden
1216 725 194 30 tillkommo
1429 724 157 38 djurskö-

98 785 81 27 tare.
202 781 216 39 Föreningen
440 781 164 30 framhöll
626 780 158 36 därefter,
807 783 48 27 att
878 790 56 20 om
955 780 56 29 det
1034 779 109 30 skulle
1163 779 172 34 befinnas,
1358 781 48 26 att
1428 777 163 38 förslaget

95 836 166 31 innebure
281 846 42 20 en
342 835 194 39 ytterligare
556 835 169 39 utökning
744 845 42 20 av
806 835 262 38 djurskötarnas
1088 834 162 38 fridagar,
1271 833 203 38 föreningen
1493 831 94 39 finge

97 890 136 39 inlägga
255 900 43 20 en
318 890 156 29 bestämd
495 897 150 31 gensaga
665 889 165 30 däremot.
864 888 224 39 Synnerligen
1111 891 90 27 stora
1224 886 209 39 svårigheter
1452 886 137 39 yppade

98 944 50 39 sig
170 944 54 30 för
246 944 256 38 jordbrukarna
526 946 49 27 att
598 943 156 30 anordna
777 942 325 39 ledighetsvikariat.
1138 941 111 30 Bland
1272 941 75 29 icke
1371 940 218 39 djurskötare

97 1016 44 3 —
162 997 92 31 vilka
276 998 39 38 ju
336 997 93 39 finge
451 997 137 30 inträda
612 1006 73 21 som
707 998 163 28 ersättare
955 1005 81 21 vore
1059 995 219 39 stämningen
1300 994 45 39 på
1367 993 127 39 många
1515 992 73 31 håll

96 1055 74 26 rent
195 1061 42 20 av
261 1051 184 39 upprorisk
470 1051 79 30 med
574 1050 186 39 anledning
785 1060 42 20 av
852 1051 42 29 de
919 1050 63 29 tätt
1006 1049 289 30 förekommande
1321 1047 265 39 ersättartjänst-

98 1105 206 39 göringarna
329 1105 10 29 i
363 1104 223 39 ladugården.
624 1105 51 29 En
698 1104 170 39 utökning
892 1104 107 29 härav
1023 1103 116 30 kunde
1163 1103 124 29 tänkas
1312 1102 76 30 leda
1413 1101 50 30 till
1486 1102 101 37 högst

96 1159 178 39 allvarliga
296 1159 265 29 konsekvenser.

139 1220 265 38 Föredragande
424 1220 377 38 departementschefen
822 1220 158 30 anförde:

144 1292 73 30 Vad
248 1293 148 29 svenska
426 1291 511 39 lantarbetsgivareföreningen
967 1290 118 31 anfört
1115 1301 58 20 om
1203 1290 246 39 djurskötarna
1480 1290 38 29 är
1548 1298 42 20 av

97 1337 243 31 beskaffenhet
370 1340 49 27 att
449 1338 84 29 böra
564 1337 180 30 föranleda
775 1347 43 20 en
849 1336 297 31 särbestämmelse
1176 1335 56 30 för
1261 1335 114 30 denna
1405 1343 110 31 grupp
1546 1343 43 21 av

98 1383 242 38 arbetstagare.
382 1383 12 28 I
424 1383 88 29 vissa
543 1382 62 30 fall
633 1383 50 29 lär
711 1383 56 29 det
796 1382 174 38 nämligen
999 1382 57 29 vid
1086 1380 312 39 semesterledighet
1427 1380 53 30 för
1509 1380 79 29 dem

97 1429 119 29 kunna
245 1427 126 40 uppstå
400 1428 196 38 avgörande
627 1427 208 39 svårigheter
864 1430 48 27 att
941 1426 130 31 erhålla
1101 1426 239 30 vikarierande
1369 1424 217 31 arbetskraft.

97 1473 81 30 Skäl
201 1483 103 28 synas
327 1473 89 29 dock
438 1473 74 30 icke
534 1472 166 39 föreligga
722 1476 49 26 att
793 1473 71 29 helt
885 1472 200 38 undantaga
1108 1472 78 29 dem
1208 1470 79 31 från
1309 1470 279 39 lagstiftningens

97 1517 390 40 tillämpningsområde.
519 1518 49 30 De
585 1518 96 30 torde
699 1517 198 35 emellertid,
916 1517 113 30 därest
1047 1517 41 29 de
1106 1516 75 30 icke
1199 1517 119 29 kunna
1336 1514 75 31 utfå
1428 1515 160 39 ledighet,

98 1563 154 38 skäligen
274 1564 85 35 böra
382 1562 129 30 erhålla
534 1573 42 20 en
600 1563 203 30 ekonomisk
825 1561 267 40 kompensation
1115 1561 126 30 därför.
1278 1561 78 30 Med
1379 1561 136 38 hänsyn
1540 1560 49 30 till

97 1609 56 29 det
173 1608 147 31 sålunda
340 1607 146 31 anförda
505 1607 146 31 föreslår
669 1607 66 39 jag,
756 1611 49 27 att
824 1608 10 29 i
853 1608 99 38 lagen
971 1607 132 38 intages
1124 1616 41 20 en
1184 1606 241 30 bestämmelse
1444 1615 57 21 om
1521 1606 67 29 rätt

98 1654 54 29 för
173 1653 255 38 arbetsgivaren
450 1656 58 31 att,
531 1652 45 31 då
598 1653 55 30 det
675 1653 104 38 gäller
801 1663 41 20 en
864 1653 232 38 arbetstagare
1118 1652 57 30 vid
1196 1652 213 38 jordbruket,
1433 1661 74 20 som
1529 1660 59 20 an-

97 1699 128 29 vändes
244 1698 217 30 uteslutande
481 1698 50 30 till
551 1698 217 39 djurskötsel,
788 1699 121 37 utbyta
929 1701 186 26 semestern
1133 1700 72 27 mot
1225 1696 362 38 semesterersättning.

142 1745 10 28 I
178 1744 170 30 motioner
372 1744 44 29 II:
431 1745 63 29 490
518 1754 42 20 av
584 1744 78 30 herr
686 1744 165 30 Eriksson
876 1744 9 29 i
910 1743 141 39 Sandby
1075 1753 44 20 m.
1145 1743 35 29 fl.
1206 1743 66 30 och
1296 1742 44 30 II:
1355 1743 62 29 497
1443 1752 41 20 av
1508 1742 79 29 herr

97 1797 203 30 Nordström
320 1798 10 29 i
351 1797 178 30 Kramfors
549 1807 45 20 m.
615 1797 36 30 fl.
672 1797 157 38 yrkades,
850 1800 49 27 att
921 1798 39 29 10
980 1795 20 40 $
1020 1796 107 30 måtte
1147 1796 81 39 utgå
1248 1806 41 20 ur
1309 1796 108 38 lagen.

142 1852 12 28 I
175 1851 55 30 sitt
249 1850 189 34 utlåtande,
458 1861 74 20 som
552 1850 211 31 härutinnan
782 1851 200 38 godkändes
1001 1860 42 20 av
1062 1850 195 38 riksdagen,
1278 1850 112 29 anslöt
1409 1849 49 38 sig
1478 1849 109 29 andra

97 1904 223 38 lagutskottet
340 1905 50 29 till
411 1904 395 39 departementschefens
828 1904 232 39 uppfattning,
1082 1907 49 26 att
1152 1904 55 29 det
1228 1903 10 29 i
1259 1903 69 30 viss
1350 1902 238 38 utsträckning

98 1959 105 29 mötte
224 1957 209 39 svårigheter
454 1960 48 27 att
522 1958 126 29 bereda
670 1958 217 38 djurskötare
909 1957 311 37 semesterledighet
1241 1956 45 39 på
1308 1956 110 37 grund
1440 1965 42 20 av
1502 1955 85 30 bris-

97 2014 56 27 ten
178 2011 44 39 på
248 2011 238 30 vikarierande
512 2011 217 30 arbetskraft.
757 2011 171 30 Utskottet
953 2010 108 38 ansåg
1088 2010 49 39 sig
1163 2010 118 30 därför
1306 2010 84 29 böra
1416 2009 169 38 tillstyrka

98 2065 162 38 förslaget
290 2065 9 29 i
329 2075 46 20 nu
405 2064 264 39 ifrågavarande
697 2065 196 30 hänseende
921 2074 79 20 men
1030 2065 191 34 förutsatte,
1252 2066 48 27 att
1330 2063 256 38 arbetsgivarna

98 2120 76 29 med
201 2119 137 38 hänsyn
365 2119 47 29 till
440 2118 277 39 lagstiftningens
744 2119 88 38 syfte
858 2119 9 29 i
895 2120 122 28 största
1043 2118 141 38 möjliga
1211 2117 238 37 utsträckning
1477 2117 110 29 skulle

98 2173 114 28 lämna
236 2172 244 38 djurskötarna
506 2175 161 27 semester
690 2172 7 29 i
722 2173 111 29 stället
855 2172 54 30 för
930 2172 199 38 ersättning.

532 2349 38 28 B.
607 2349 289 29 Semestertidens
919 2348 234 38 förläggning.

144 2446 9 28 I
180 2445 158 38 samtliga
363 2455 46 20 nu
433 2445 264 37 ifrågavarande
721 2445 168 29 motioner
912 2446 103 36 yrkas
1039 2445 89 29 vissa
1153 2444 187 38 ändringar
1365 2444 6 29 i
1398 2445 107 36 lagen,
1531 2454 55 19 av-

98 2499 122 28 seende
238 2498 92 30 tiden
348 2499 51 29 för
417 2502 202 26 semesterns
637 2498 225 37 förläggning.
893 2497 150 31 Sålunda
1064 2497 140 30 föreslås
1223 2497 6 29 i
1249 2498 215 29 motionerna
1481 2497 27 29 I:
1525 2498 61 28 216
