1902 2790
267 162 40 29 60
608 157 451 32 Konstitutionsutskottets
1080 156 218 31 betänkande
1317 165 43 20 nr
1382 155 50 30 17.

272 244 318 40 Folkomröstning.

317 303 83 30 Som
423 312 88 20 ovan
534 303 136 29 anförts
692 302 88 29 talar
803 301 140 39 mycket
967 300 118 30 starka
1108 300 77 29 skäl
1208 299 53 30 för
1284 301 50 27 att
1356 308 42 20 en
1422 297 200 40 utbyggnad
1646 306 41 20 av
1710 305 65 21 nu-

272 353 154 29 varande
448 352 455 39 folkomröstningsinstitut
926 351 63 30 bör
1012 351 64 38 äga
1100 359 89 21 rum.
1213 350 74 29 Den
1312 349 80 33 kan,
1418 357 74 21 som
1515 348 11 29 i
1552 347 220 30 motionerna

274 403 27 29 1:
318 403 62 30 100
399 412 43 21 av
458 403 79 31 herr
559 402 158 39 Bergvall
736 411 45 20 m.
800 402 37 29 fl.
856 402 66 29 och
942 401 45 29 II:
1003 400 61 30 128
1084 410 42 20 av
1145 401 80 29 herr
1244 399 106 30 Ohlin
1369 408 45 20 m.
1435 399 36 29 fl.
1492 400 91 28 samt
1604 398 28 29 I:
1651 397 61 29 198
1732 407 42 19 av

274 453 79 29 berr
372 453 151 29 Ewerlöf
543 462 44 21 m.
608 453 38 29 fl.
666 453 65 29 och
751 453 45 29 II:
813 452 63 30 253
896 461 42 20 av
957 452 80 30 herr
1057 451 227 39 Hjalmarson
1303 459 46 20 m.
1370 449 37 32 fl.
1427 449 150 33 anföres,
1601 448 62 29 ske
1682 448 11 29 i
1714 457 59 19 an-

273 503 158 39 slutning
452 503 52 30 till
525 503 65 29 vad
612 503 149 39 högerns
783 503 64 29 och
870 502 222 40 folkpartiets
1115 502 280 39 representanter
1417 500 11 28 i
1449 498 214 31 reservation
1685 498 90 29 före-

273 553 103 39 slagit
394 553 12 29 i
429 553 82 30 1950
528 553 56 30 års
600 553 161 30 valsätts-
779 553 64 29 och
862 551 513 39 folkomröstningsutredning.
1403 550 6 29 I
1428 550 218 29 motionerna
1666 549 28 29 I:
1713 548 62 29 100

274 603 64 29 och
359 604 46 29 II:
424 603 61 29 128
506 603 62 31 har
589 603 166 39 förslaget
774 602 207 40 preciserats
1004 602 158 29 sålunda.

319 662 50 29 »1.
388 661 66 30 Det
473 662 236 28 konsultativa
727 661 234 33 referendum,
980 670 73 20 som
1072 661 107 29 redan
1198 660 115 29 finnes
1333 659 169 29 inskrivet
1520 660 9 28 i
1548 658 226 39 grundlagen,

274 704 61 29 bör
360 704 174 29 utformas
557 704 44 39 på
627 704 38 29 så
690 705 68 28 sätt
782 705 49 28 att
858 705 88 28 även
971 712 42 20 en
1041 702 178 30 minoritet
1243 702 8 28 i
1279 702 188 38 riksdagen
1492 701 69 29 kan
1586 700 189 29 framkalla

273 746 97 36 dylik
391 745 304 39 folkomröstning.
716 745 123 30 Denna
859 744 179 30 minoritet
1059 745 70 28 kan
1150 744 187 39 lämpligen
1359 744 212 28 bestämmas
1592 742 53 29 till
1667 741 40 30 40
1731 742 45 28 1e-

274 788 159 29 damöter
456 797 41 20 av
519 788 108 29 första
651 787 194 40 respektive
867 787 41 29 60
933 787 189 29 ledamöter
1146 796 42 19 av
1211 786 110 29 andra
1345 786 215 28 kammaren.

318 830 29 29 2.
369 830 316 38 Grundlagsfrågor
706 829 61 30 bör
787 829 201 29 alternativt
1009 829 121 28 kunna
1152 829 144 37 avgöras
1319 835 123 31 genom
1462 827 205 29 beslutande
1687 826 89 29 folk-

274 872 220 39 omröstning
513 873 44 38 på
578 872 57 30 det
656 873 114 32 sättet,
793 873 49 30 att
863 872 67 28 den
951 871 109 29 andra
1082 871 255 38 behandlingen
1359 870 58 29 må
1437 869 87 29 efter
1545 868 156 30 samfällt
1721 868 57 28 be-

275 915 69 28 slut
364 924 43 20 av
424 915 149 37 Konung
593 914 65 29 och
678 914 141 38 riksdag
839 914 148 29 ersättas
1007 913 78 29 med
1103 913 198 29 omedelbar
1321 911 305 38 folkomröstning.
1647 910 130 30 Sådant

273 957 115 28 beslut
408 966 43 20 av
471 957 185 37 riksdagen
676 956 62 29 bör
757 956 107 30 fattas
884 956 79 29 med
984 955 78 29 med
1083 955 227 29 kvalificerad
1331 953 188 39 majoritet.

319 999 29 30 3.
372 999 180 39 Möjlighet
573 998 52 29 till
647 998 205 30 beslutande
875 997 297 39 folkomröstning
1192 996 62 29 bör
1276 996 134 29 införas

319 1041 37 32 a)
388 1041 55 29 för
466 1041 107 29 sådan
597 1041 132 28 allmän
751 1039 221 40 lagstiftning
995 1048 74 21 som
1093 1039 80 29 sker
1196 1048 41 20 av
1261 1038 151 39 Konung
1434 1038 64 28 och
1521 1037 142 38 riksdag
1688 1045 90 21 sam-

276 1083 88 33 fällt,

319 1124 38 33 b)
388 1125 56 29 för
466 1125 116 38 frågor
605 1124 178 38 angående
807 1133 68 30 nya
900 1123 82 29 eller
1009 1122 151 30 utökade
1184 1122 220 38 statsanslag,

319 1167 35 32 c)
385 1167 55 31 för
462 1167 252 39 principbeslut
737 1166 148 29 rörande
911 1165 376 29 statsverksamhetens
1313 1163 219 39 gestaltning.

320 1209 201 39 Riksdagen
536 1208 61 30 bör
614 1208 90 29 dock
722 1215 122 32 genom
863 1206 258 39 samstämmigt
1136 1206 114 29 beslut
1266 1215 42 20 av
1323 1206 90 29 båda
1430 1205 189 29 kamrarna
1636 1204 11 29 i
1663 1205 115 37 träng-

276 1252 89 29 ande
386 1252 100 38 lägen
505 1251 120 29 kunna
645 1250 230 38 undandraga
895 1258 43 20 en
958 1249 69 29 viss
1047 1248 98 39 fråga
1166 1247 304 38 folkomröstning,
1491 1256 80 20 vare
1593 1247 51 38 sig
1663 1247 114 29 denna

276 1303 99 20 avser
398 1293 210 39 rådgivande
630 1293 82 28 eller
734 1291 206 30 beslutande
962 1290 305 38 folkomröstning.
1290 1289 136 39 Frågan
1451 1298 55 20 om
1530 1289 185 29 införande
1738 1297 42 20 av

277 1335 230 30 folkinitiativ
530 1335 62 29 bör
617 1334 101 30 anstå
743 1334 9 29 i
778 1334 175 29 avvaktan
978 1332 44 40 på
1047 1332 287 29 erfarenheterna
1359 1340 42 20 av
1427 1331 41 29 de
1492 1331 64 31 här
1580 1331 199 38 föreslagna

276 1378 249 29 reformerna.»

321 1444 127 39 Kungl.
467 1443 104 39 Maj:t
591 1452 103 30 synes
711 1442 83 29 böra
813 1442 53 29 till
886 1440 84 30 1954
988 1441 55 30 års
1063 1440 142 39 riksdag
1223 1440 194 38 framlägga
1434 1440 130 39 förslag
1582 1439 10 29 i
1612 1449 88 20 ovan
1720 1449 60 20 an-

279 1495 100 38 given
399 1494 166 38 riktning.

320 1545 66 28 Det
407 1544 64 29 har
492 1542 174 30 förordats
688 1543 50 28 att
759 1541 55 30 det
836 1540 144 29 särskilt
1000 1540 105 29 borde
1125 1540 136 38 prövas,
1284 1549 55 20 om
1362 1539 56 31 det
1440 1540 95 29 antal
1556 1539 191 30 ledamöter
1768 1539 10 29 i

276 1595 147 29 vardera
443 1595 204 29 kammaren
671 1592 83 37 (2/3)
778 1600 75 21 som
873 1591 107 38 enligt
999 1589 352 38 kommittéförslaget
1371 1589 90 30 skall
1481 1591 63 38 äga
1563 1591 69 28 rätt
1652 1591 50 28 att
1721 1589 59 40 på-

277 1645 93 29 kalla
390 1643 294 39 folkomröstning
702 1643 69 29 kan
788 1651 84 21 vara
890 1641 213 37 tillräckligt.
1122 1641 201 29 Uttalandet
1340 1640 132 30 vittnar
1490 1649 55 20 om
1565 1649 43 20 en
1626 1642 154 28 utomor-

278 1696 132 39 dentlig
428 1696 141 29 misstro
588 1697 72 27 mot
678 1693 223 30 minoriteten
920 1692 11 29 i
950 1701 43 20 en
1011 1691 363 40 folkrepresentation.
1394 1691 75 29 Den
1488 1700 41 20 av
1548 1692 233 28 reservanter-

277 1755 44 20 na
342 1746 11 29 i
376 1745 209 30 kommittén
605 1745 122 28 herrar
749 1743 157 39 Bergvall
928 1743 65 29 och
1015 1741 133 30 Håstad
1170 1741 198 40 föreslagna
1390 1741 146 30 andelen
1564 1741 120 39 (något
1706 1750 75 21 mer

278 1798 45 28 än
347 1797 66 36 1/4)
444 1796 176 30 förefaller
645 1795 81 29 fullt
749 1793 188 40 tillräcklig
963 1793 53 30 för
1042 1794 50 28 att
1117 1793 85 29 krav
1227 1801 55 21 om
1309 1792 295 39 folkomröstning
1630 1792 89 30 skall
1745 1791 35 30 få

278 1848 227 29 framställas.
525 1847 132 29 Bakom
676 1855 42 20 en
738 1845 108 29 sådan
865 1844 103 30 andel
987 1853 41 21 av
1047 1842 399 40 folkrepresentationen
1464 1843 158 30 kommer
1642 1850 139 31 genom-

279 1898 151 39 snittligt
454 1899 49 29 att
527 1897 52 29 stå
602 1896 163 39 omkring
787 1905 42 20 en
853 1894 127 39 miljon
1004 1894 149 30 svenska
1176 1893 236 39 medborgare.
1438 1893 104 39 Varje
1566 1893 148 39 höjning
1737 1901 44 21 av

278 1948 149 29 andelen
445 1948 48 36 2/;
510 1948 110 30 skulle
638 1947 125 29 närma
779 1947 66 29 den
863 1954 68 30 nya
949 1944 193 39 ordningen
1160 1944 51 30 till
1230 1946 50 28 att
1296 1944 48 29 bli
1363 1953 74 20 mer
1455 1943 64 30 och
1535 1952 75 21 mer
1628 1942 152 31 likartad

279 1999 79 29 med
376 1999 69 29 den
464 1998 106 30 redan
590 1997 169 39 gällande.

282 2091 180 29 Valsättet.

326 2150 74 29 Vad
423 2150 89 29 först
534 2149 171 29 beträffar
728 2148 67 30 den
816 2148 12 29 i
851 2147 221 30 motionerna
1095 2146 86 30 1:63
1205 2156 41 20 av
1269 2146 81 29 herr
1373 2145 111 30 Aman
1508 2145 65 30 och
1597 2144 57 30 fru
1678 2145 104 29 Lind-

280 2201 109 29 ström
413 2201 65 28 och
501 2200 44 29 II:
562 2200 40 29 89
624 2209 44 20 av
688 2199 79 29 herr
790 2198 137 40 Edberg
949 2207 45 20 m.
1018 2198 36 30 fl.
1077 2197 146 30 berörda
1247 2196 124 39 frågan
1393 2205 60 20 om
1473 2196 225 38 valsystemet
1718 2195 64 29 bör

279 2252 143 29 baseras
440 2252 44 39 på
501 2251 254 39 majoritetsval
773 2250 82 30 eller
875 2249 271 40 proportionella
1166 2248 66 33 val,
1251 2248 97 29 torde
1368 2247 79 30 med
1466 2247 58 38 fog
1542 2247 121 29 kunna
1683 2246 101 39 göras

280 2301 162 38 gällande
463 2302 49 28 att
533 2301 55 30 det
609 2299 272 40 proportionella
902 2299 163 29 valsättet
1086 2307 145 21 numera
1252 2297 63 30 har
1337 2297 67 31 fått
1425 2306 43 20 en
1487 2296 40 30 så
1548 2296 70 30 fast
1640 2295 143 31 förank-

279 2352 79 39 ring
375 2352 65 29 hos
458 2351 118 34 folket,
595 2353 51 27 att
665 2350 123 39 frågan
807 2359 55 20 om
881 2349 186 30 införande
1085 2358 43 21 av
1143 2348 255 39 majoritetsval
1419 2347 128 30 saknar
1565 2346 98 40 varje
1682 2347 101 29 aktu-

280 2402 107 29 alitet.
412 2402 93 30 även
529 2401 109 30 andra
664 2401 76 30 skäl
763 2400 88 30 talar
875 2400 170 29 häremot.
1070 2399 74 30 Den
1169 2399 154 38 antydan
1348 2407 76 21 som
1449 2398 109 39 gjorts
1582 2406 58 21 om
1665 2399 50 28 att
1740 2405 41 21 en

280 2452 189 39 utredning
495 2452 121 29 härom
644 2451 133 30 kanske
804 2450 92 31 ändå
922 2450 73 32 inte
1021 2449 112 31 skulle
1161 2449 110 30 sakna
1297 2448 148 31 intresse
1473 2448 178 30 förefaller
1677 2447 105 39 något

280 2503 110 30 oklar.
