1856 2830
246 181 41 30 20
584 182 286 31 Statsutskottets
893 182 177 31 utlåtande
1092 192 42 20 nr
1158 183 61 30 122
1240 183 40 30 år
1303 183 84 30 1968

245 263 108 30 måtte
384 263 136 31 besluta
552 265 50 29 att
634 264 54 31 för
720 264 204 40 budgetåret
959 264 140 33 1968/69
1132 265 121 30 anvisa
1284 265 358 40 reservationsanslag
1674 265 54 30 för

243 317 241 41 Anskaffning
506 328 43 20 av
572 318 231 40 flygmateriel
827 328 45 21 m.
897 329 44 19 m.
966 319 79 29 med
1072 318 91 31 1310
1175 318 61 30 445
1251 319 62 30 000
1338 319 51 30 kr.
1414 319 65 30 och
1503 321 50 29 att
1577 319 152 30 anmoda

244 371 125 40 Kungl.
392 372 106 40 Maj:t
519 373 50 29 att
594 373 106 30 sedan
722 372 425 40 bemyndigandebehovet
1170 373 240 30 framräknats
1433 373 83 40 göra
1539 373 190 31 framställ-

242 425 84 41 ning
345 426 52 30 till
418 426 187 39 riksdagen
625 435 57 21 om
702 426 226 40 erforderliga
947 426 314 41 bemyndiganden,

286 480 72 30 dels
378 481 41 29 de
438 480 224 40 likalydande
682 480 219 30 motionerna
921 480 29 29 I:
964 480 61 30 857
1047 490 41 20 av
1107 480 80 29 herr
1207 481 109 29 andre
1334 480 73 30 vice
1426 481 204 29 talmannen
1649 481 79 29 Ivar

241 534 199 30 Johansson
455 534 66 30 och
536 534 80 30 herr
631 535 136 39 Nyman
784 537 91 27 samt
889 534 48 30 II:
953 534 80 29 1111
1051 544 42 20 av
1107 534 81 29 herr
1203 534 99 30 Ståhl
1317 544 45 20 m.
1374 534 39 40 fl.
1429 535 71 29 vari
1518 534 207 35 hemställts,

242 588 103 30 såvitt
363 598 47 20 nu
429 589 38 30 är
484 589 11 30 i
514 588 107 40 fråga,
641 590 50 29 att
709 588 187 39 riksdagen
914 588 107 30 måtte
1039 588 136 30 besluta
1193 590 50 28 att
1261 588 52 30 till
1332 588 229 39 anskaffning
1580 598 42 20 av
1641 588 86 40 flyg-

242 643 156 29 materiel
431 652 102 20 m.m.
567 642 53 30 för
653 642 203 40 budgetåret
892 642 139 33 1968/69
1064 642 121 30 anvisa
1217 644 48 28 ett
1297 642 356 40 reservationsanslag
1685 652 42 20 av

245 697 91 30 1089
348 697 62 29 445
424 696 63 31 000
505 697 62 34 kr.,

287 751 73 29 dels
378 751 178 30 motionen
574 751 45 29 II:
638 751 82 30 1110
738 761 42 19 av
796 751 80 29 herr
893 751 151 30 Jansson
1063 760 45 21 m.
1125 751 39 40 fl.
1182 751 75 30 vari
1273 750 207 36 hemställts,
1501 751 103 31 såvitt
1622 760 48 20 nu
1689 752 38 29 är

241 805 11 30 i
278 805 108 40 fråga,
412 807 51 29 att
487 805 258 30 vederbörande
771 805 135 30 utskott
932 804 107 30 måtte
1064 805 160 30 utarbeta
1250 805 131 39 förslag
1405 805 53 29 till
1485 805 243 40 fördelningen

242 869 42 20 av
307 859 392 39 anslagsreduceringen
723 859 44 39 på
790 859 94 29 olika
907 859 291 38 materielanslag.

287 977 174 29 Utskottet
485 976 55 30 får
563 975 147 30 hänvisa
734 975 52 30 till
810 975 66 30 vad
901 976 169 29 utskottet
1096 975 110 30 under
1231 976 160 39 punkten
1418 976 14 29 1
1459 975 117 30 anfört
1600 975 130 30 beträf-

242 1031 105 29 fande
376 1030 366 39 försvarsutgifternas
772 1029 129 30 storlek
929 1028 111 30 under
1068 1029 40 30 de
1136 1030 177 29 närmaste
1342 1029 78 40 fyra
1447 1029 93 34 åren,
1570 1028 158 30 anskaff-

242 1084 373 40 ningsverksamheten
638 1084 11 29 i
672 1085 87 28 stort
782 1083 65 30 och
871 1082 401 40 långsiktsplaneringen
1295 1092 46 21 m.
1356 1092 45 20 m.

284 1139 98 29 Inom
403 1138 66 30 den
490 1148 44 20 av
554 1138 169 29 utskottet
746 1137 191 40 tillstyrkta
959 1137 247 39 utgiftsramen
1228 1137 54 30 för
1303 1137 57 30 det
1381 1137 154 29 militära
1556 1137 171 30 försvaret

238 1192 63 30 bör
320 1192 155 40 anslaget
493 1192 11 29 i
523 1192 152 39 enlighet
693 1191 79 30 med
791 1191 403 40 departementschefens
1215 1190 130 41 förslag
1365 1191 54 29 för
1438 1191 102 29 nästa
1558 1190 170 40 budgetår

241 1246 169 40 uppföras
429 1246 80 29 med
529 1246 15 29 1
561 1245 63 30 080
637 1244 63 31 445
715 1244 63 31 000
797 1246 52 29 kr.

282 1300 176 30 Utskottet
483 1299 192 40 tillstyrker
701 1300 50 29 att
776 1298 126 31 hittills
926 1298 222 41 outnyttjade
1174 1299 112 30 medel
1312 1299 111 30 under
1449 1299 278 41 kapitalbudget-

239 1354 121 39 anslag
381 1354 54 30 för
455 1353 252 39 investeringar
728 1353 95 30 inom
845 1353 200 39 flygvapnet
1066 1353 65 29 och
1152 1353 54 30 för
1227 1353 92 30 vissa
1340 1361 260 31 gemensamma
1622 1353 106 30 ända-

238 1408 70 30 mål
333 1407 57 31 må
413 1409 97 38 tagas
535 1408 10 29 i
569 1407 154 40 anspråk
747 1406 95 30 inom
867 1406 247 40 utgiftsramen
1138 1407 11 30 i
1174 1406 150 40 enlighet
1349 1406 79 31 med
1454 1407 273 40 departements-

239 1462 143 29 chefens
401 1462 131 39 förslag
550 1461 116 30 vartill
685 1462 70 29 kan
774 1462 142 29 komma
935 1460 54 30 del
1009 1471 41 20 av
1068 1461 41 29 de
1129 1461 41 29 62
1189 1461 88 39 milj.
1297 1462 52 28 kr.
1370 1470 74 21 som
1464 1461 54 30 får
1538 1461 189 30 förbrukas

238 1525 42 21 av
302 1515 346 31 reservationsmedel
673 1515 110 30 under
808 1516 101 29 nästa
932 1515 178 39 budgetår.

283 1570 176 30 Utskottet
476 1569 192 40 tillstyrker
685 1569 118 30 vidare
821 1570 47 28 ett
885 1567 509 41 beställningsbemyndigande
1412 1578 57 20 om
1486 1568 64 30 830
1567 1568 89 40 milj.
1674 1569 52 29 kr.

240 1624 54 29 för
327 1623 163 31 ändamål
522 1623 64 29 och
618 1622 80 30 med
730 1622 199 40 fördelning
960 1623 45 39 på
1036 1622 260 40 grundutgifter
1329 1623 64 29 och
1425 1622 302 40 kompletterande

240 1677 143 40 utgifter
402 1686 76 20 som
497 1676 385 40 departementschefen
903 1676 188 39 föreslagit.

284 1730 411 41 Departementschefens
718 1730 131 39 förslag
871 1730 10 29 i
904 1730 110 39 övrigt
1037 1738 103 31 synes
1162 1730 85 30 böra
1269 1730 176 39 godtagas.

283 1785 52 30 Av
366 1782 57 32 det
454 1784 149 31 anförda
635 1784 104 39 följer
771 1785 50 28 att
854 1784 169 29 utskottet
1056 1783 181 39 avstyrker
1270 1783 218 30 motionerna
1521 1783 107 31 1:856
1662 1783 64 30 och

240 1839 46 29 II:
304 1838 93 34 1109,
422 1837 29 31 I:
466 1837 62 30 857
554 1838 64 29 och
642 1837 46 30 II:
706 1837 80 29 1111
813 1838 90 29 samt
927 1837 45 30 II:
991 1837 92 35 1110,
1109 1836 162 40 samtliga
1293 1837 172 30 motioner
1490 1837 102 30 såvitt
1616 1847 48 20 nu
1689 1838 38 29 är

239 1893 10 28 i
270 1893 108 39 fråga.

283 1946 64 29 Det
368 1945 98 31 torde
487 1945 127 30 liksom
635 1944 125 31 hittills
782 1945 35 30 få
838 1945 190 29 ankomma
1048 1945 45 39 på
1113 1944 126 39 Kungl.
1261 1944 106 40 Maj:t
1388 1946 50 28 att
1459 1946 80 38 taga
1560 1945 164 39 ställning

237 2000 52 29 till
306 1999 94 30 vilka
417 1999 271 39 anskaffningar
706 2008 74 20 som
797 1999 62 29 bör
878 1997 60 31 ske
956 1999 95 29 inom
1068 2007 123 20 ramen
1208 1998 54 30 för
1280 1998 56 30 det
1353 1998 372 39 beställningsbemyn-

238 2053 148 40 digande
407 2062 74 21 som
501 2053 186 39 riksdagen
708 2053 69 29 kan
798 2053 142 29 komma
959 2054 49 27 att
1029 2052 128 29 lämna.

280 2107 227 30 Beträffande
527 2107 219 29 motionerna
767 2107 28 29 I:
811 2106 63 30 852
894 2107 65 28 och
979 2106 44 30 II:
1042 2106 82 29 1112
1145 2115 56 20 om
1222 2106 230 40 anskaffning
1471 2116 42 20 av
1532 2107 190 38 transport-

238 2161 158 40 flygplan
416 2161 51 38 Tp
489 2160 41 29 84
553 2160 205 29 »Hercules>
782 2159 59 30 vill
862 2159 170 30 utskottet
1053 2159 116 30 erinra
1190 2168 56 20 om
1269 2161 49 27 att
1340 2159 10 29 i
1372 2159 111 39 lägsta
1504 2159 221 39 utrednings-

237 2215 186 31 alternativ
447 2214 185 36 (A-nivån)
657 2214 89 30 hade
767 2213 197 40 föreslagits
985 2215 47 28 ett
1053 2213 112 40 dylikt
1185 2214 92 39 plan,
1299 2214 11 29 i
1331 2214 185 29 alternativ
1536 2213 26 30 B
1582 2214 58 30 två
1660 2214 62 29 och

237 2270 11 29 i
270 2268 185 31 alternativ
476 2268 24 30 C
521 2270 52 27 tre
596 2269 155 38 stycken.
774 2268 175 29 Utskottet
971 2268 59 29 vill
1053 2268 106 29 också
1180 2268 116 29 erinra
1317 2277 57 20 om
1397 2269 49 28 att
1469 2267 126 39 Kungl.
1619 2268 103 38 Maj:t

237 2324 55 29 för
316 2322 304 40 fyraårsperioden
643 2322 159 39 upptagit
825 2331 43 20 en
890 2323 78 38 post
991 2330 57 21 om
1072 2321 39 30 70
1135 2321 88 39 milj.
1247 2322 52 29 kr.
1323 2321 55 30 för
1401 2323 49 28 att
1474 2322 88 29 bl.a.
1586 2321 137 40 gradvis

237 2378 84 39 höja
344 2378 67 29 den
436 2377 208 38 strategiska
668 2375 221 40 rörligheten.
914 2375 117 39 Enligt
1055 2375 66 30 vad
1146 2375 169 30 utskottet
1339 2375 174 29 inhämtat
1538 2375 107 40 pågår
1670 2375 53 30 för

236 2431 217 30 närvarande
478 2431 94 29 inom
597 2429 432 40 försvarsdepartementet
1053 2429 264 39 undersökning
1341 2438 56 20 om
1421 2429 228 39 möjligheten
1674 2430 46 28 att

236 2486 108 29 utöka
366 2485 66 29 den
455 2483 207 39 strategiska
684 2482 399 40 transportkapaciteten
1107 2482 125 30 främst
1255 2482 55 30 för
1332 2482 390 39 personaltransporter.

237 2539 63 29 Det
319 2538 96 29 finns
434 2537 93 30 olika
545 2537 220 39 möjligheter
785 2537 54 29 för
858 2538 49 28 att
927 2537 107 29 utöka
1053 2536 115 29 denna
1186 2535 184 40 kapacitet,
1390 2535 44 30 bl.
1450 2544 28 21 a.
1498 2536 63 28 har
1581 2536 142 29 nämnts
