1922 2810
624 193 281 32 Bankoutskottets
930 192 162 32 memorial
1116 193 52 31 Nr
1192 195 28 28 1.
1620 192 37 31 19

316 299 277 33 Riksbankens
618 298 167 42 styrelse
810 299 74 32 och
908 299 108 32 vissa
1039 296 467 43 förvaltningsåtgärder.

872 369 75 42 S1

209 435 65 32 Vid
308 435 55 33 det
397 435 56 33 val
485 446 41 22 av
560 434 215 42 fullmäktige
808 435 9 31 i
847 434 219 39 riksbanken,
1089 445 73 21 som
1188 437 56 38 ägt
1268 445 74 21 rum
1369 434 107 32 under
1499 435 36 30 år
1562 435 94 37 1940,

163 489 62 32 har
257 489 52 32 för
342 488 217 43 valperioden
596 489 217 32 1940-1943
848 488 254 33 undertecknad
1138 487 155 33 Gränebo
1324 489 66 31 fått
1417 488 57 32 sitt
1501 487 158 42 uppdrag

163 543 145 41 förnyat.
345 543 66 32 Till
434 542 199 42 fullmäktig
656 543 86 32 efter
765 542 285 42 grosshandlaren
1076 542 80 32 Sten
1180 541 160 33 Stendahl
1358 541 63 32 har
1437 542 53 31 för
1505 541 153 32 nämnda

163 596 171 43 valperiod
360 599 119 30 utsetts
503 596 253 33 undertecknad
782 596 188 32 Anderson.

206 650 65 32 Till
295 651 218 41 suppleanter
536 651 53 31 för
613 650 92 32 tiden
731 651 74 31 från
831 649 90 34 valet
945 649 50 33 till
1020 650 75 32 dess
1120 652 74 38 nytt
1219 649 53 33 val
1293 649 231 32 innevarande
1541 651 36 30 år
1593 650 64 31 för-

163 704 123 42 siggått
309 704 91 32 hava
423 706 119 30 utsetts
566 703 188 33 bankrådet
777 703 129 32 Harald
933 704 209 41 Magnusson
1167 705 87 30 samt
1271 702 230 33 ledamöterna
1518 713 42 22 av
1577 703 80 32 riks-

162 757 126 42 dagens
312 759 107 31 första
442 757 175 32 kammare
641 757 125 41 Fritjof
789 757 136 32 Ekman
950 757 63 32 och
1036 756 81 33 Elof
1140 756 194 33 Andersson
1359 756 10 32 1
1394 756 214 42 Fältenborg.

207 811 228 42 Fullmäktige
458 811 89 34 hava
570 811 148 32 därefter
741 813 91 30 inom
857 811 52 41 sig
932 813 115 30 utsett:

207 865 49 32 till
288 866 72 32 vice
396 865 205 33 ordförande
634 869 88 28 samt
750 865 103 32 förste
878 864 184 42 deputerad
1089 865 62 32 och
1177 864 260 33 riksbankschef
1461 865 195 32 underteck-

161 919 67 32 nad
253 919 122 40 Rooth,

205 973 49 32 till
282 974 105 32 andre
411 973 205 42 deputerade
640 973 275 33 undertecknade
941 973 127 32 Amnér
1092 973 62 32 och
1180 972 185 41 Björnsson
1389 973 54 31 för
1467 972 189 42 respektive

161 1027 278 33 huvudkontoret
462 1027 63 33 och
549 1027 380 42 avdelningskontoren,

205 1081 49 32 till
277 1081 177 42 inspektör
477 1081 52 32 för
553 1080 272 42 sedeltryckeriet
848 1080 255 32 undertecknad
1128 1080 185 41 Björnsson
1339 1080 62 32 och

205 1134 49 32 till
278 1135 175 41 inspektör
477 1135 52 31 för
552 1134 268 42 pappersbruket
844 1133 253 33 undertecknad
1123 1134 156 32 Jonsson.

206 1188 176 41 Därjämte
406 1189 90 32 hava
519 1188 217 42 fullmäktige
760 1188 49 32 till
834 1188 72 32 vice
931 1187 263 32 riksbankschef
1216 1187 129 33 omvalt
1368 1187 286 33 bankdirektören

160 1242 196 33 Ferdinand
380 1241 182 43 Wallberg.

204 1296 74 32 Den
303 1307 42 22 av
369 1296 197 42 Konungen
591 1295 205 33 förordnade
813 1295 236 42 suppleanten,
1067 1295 331 42 generaldirektören
1416 1295 131 32 Anders
1565 1287 90 40 Örne

159 1350 63 32 har
245 1350 198 42 tjänstgjort
467 1352 109 30 såsom
601 1349 198 42 fullmäktig
823 1351 43 31 60
890 1350 114 41 dagar.
1041 1349 117 32 Förste
1176 1348 224 43 suppleanten
1417 1349 130 32 Harald
1564 1349 91 41 Mag-

160 1415 127 21 nusson
320 1405 63 31 har
415 1404 197 41 tjänstgjort
646 1405 109 31 såsom
790 1403 199 42 fullmäktig
1021 1404 62 31 och
1111 1403 104 32 andre
1239 1403 186 41 deputerad
1452 1404 61 31 142
1538 1403 114 41 dagar.

160 1458 114 32 Andre
297 1457 226 42 suppleanten
547 1457 126 41 Fritjof
692 1457 134 32 Ekman
844 1457 62 32 har
923 1457 197 41 tjänstgjort
1138 1458 110 30 såsom
1266 1456 198 42 fullmäktig
1482 1457 39 32 15
1538 1457 114 42 dagar.

159 1511 123 41 Tredje
306 1511 227 41 suppleanten
557 1510 80 32 Elof
661 1510 194 33 Andersson
880 1511 11 31 i
916 1510 215 42 Fältenborg,
1155 1521 71 21 som
1253 1510 64 32 den
1345 1511 41 32 10
1410 1510 139 32 oktober
1568 1511 85 31 1940

159 1564 128 39 avlidit,
312 1564 88 33 hade
425 1564 197 42 tjänstgjort
646 1566 110 30 såsom
782 1564 199 41 fullmäktig
1005 1565 18 31 2
1049 1564 114 41 dagar.

203 1618 64 32 Till
291 1618 87 41 följd
404 1629 42 22 av
471 1618 64 33 den
560 1618 114 32 starka
697 1618 172 42 ökningen
894 1618 10 31 1
930 1617 224 33 riksbankens
1172 1618 287 42 arbetsuppgifter
1475 1619 88 32 hava
1579 1618 75 32 full-

160 1672 148 42 mäktige
341 1672 177 32 förordnat
553 1671 130 33 Harald
717 1672 211 41 Magnusson
961 1675 49 29 att
1044 1673 75 30 från
1155 1672 62 32 och
1242 1672 75 32 med
1344 1672 65 32 den
1438 1674 14 30 1
1477 1672 63 41 juli
1569 1673 84 32 1940

158 1726 186 33 tillsvidare
368 1726 51 32 till
444 1725 75 33 dess
543 1728 75 38 nytt
643 1726 53 32 val
721 1736 41 22 av
787 1725 219 42 suppleanter
1029 1726 54 31 för
1106 1725 216 42 fullmäktige
1347 1726 178 41 försiggått
1549 1726 103 32 hand-

158 1779 99 42 lägga
280 1779 164 42 göromål,
470 1790 71 21 som
566 1780 186 32 ankomma
775 1781 44 40 på
843 1779 149 33 ledamot
1017 1790 42 22 av
1084 1779 222 33 direktionen.

202 1834 95 31 Efter
327 1832 256 42 framställning
616 1844 42 21 av
692 1832 215 42 fullmäktige
935 1833 88 32 hava
1049 1832 197 42 delegerade
1270 1834 52 31 för
1347 1834 199 40 riksdagens
1570 1834 82 32 verk

158 1887 155 38 beslutat,
337 1890 50 29 att
410 1887 50 32 till
485 1887 207 41 Magnusson
719 1887 84 32 skall
827 1887 110 31 under
961 1886 262 41 ifrågavarande
1248 1887 228 32 förordnande
1497 1889 81 39 utgå
1595 1887 56 32 lön

158 1940 104 41 enligt
287 1940 210 42 lönegraden
521 1940 57 31 RC
602 1942 30 29 4.

864 1992 21 42 $
910 1995 29 30 2.

203 2056 63 32 Till
291 2056 199 42 delegerade
515 2057 51 31 för
590 2056 198 41 riksdagens
818 2056 81 33 verk
925 2057 53 31 för
1003 2058 35 29 år
1065 2058 82 29 1941
1175 2056 87 32 hava
1286 2056 216 42 fullmäktige
1526 2058 53 31 för
1602 2057 49 32 sin

157 2110 53 32 del
235 2113 102 29 utsett
362 2110 274 32 undertecknade
661 2110 127 31 Amnér
813 2109 62 33 och
900 2109 197 41 Björnsson.

203 2163 227 41 Fullmäktige
464 2163 87 32 hava
581 2166 213 38 gemensamt
823 2163 77 31 med
925 2162 216 42 fullmäktige
1166 2163 9 31 i
1203 2163 323 41 riksgäldskontoret
1552 2168 100 28 utsett

157 2217 43 31 fil.
234 2217 38 31 dr
300 2217 41 31 K.
368 2216 213 32 Hildebrand
615 2216 62 32 och
714 2217 23 31 f.
764 2216 29 32 d.
820 2216 375 32 bankokommissarien
1222 2217 37 31 A.
1286 2216 102 32 Bertil
1413 2220 47 28 att
1484 2218 108 31 under
1617 2220 36 29 år

160 2272 81 29 1941
269 2272 18 29 å
312 2270 223 31 riksbankens
560 2270 62 31 och
648 2269 342 40 riksgäldskontorets
1015 2274 129 36 vägnar
1169 2269 142 40 deltaga,
1338 2270 77 31 herr
1440 2270 211 33 Hildebrand

157 2325 111 29 såsom
293 2323 149 31 ledamot
466 2323 8 31 i
500 2323 212 31 direktionen
740 2323 52 31 för
817 2323 88 31 Göta
929 2322 183 32 kanalverk
1140 2322 61 31 och
1227 2322 76 32 herr
1326 2323 102 31 Bertil
1454 2325 110 30 såsom
1586 2335 66 20 om-

157 2375 67 32 bud
252 2376 54 31 vid
333 2376 189 32 revisionen
547 2387 41 20 av
614 2386 132 21 samma
770 2376 90 32 verk.

204 2529 92 31 Inom
313 2528 203 41 styrelserna
531 2529 51 30 för
595 2528 370 40 avdelningsekontoren
981 2527 88 32 bava
1083 2528 150 40 följande
1245 2528 239 41 förändringar
1494 2532 56 38 ägt
1562 2540 88 21 rum:
