1902 2838
92 1511 153 27 Utskottet.

272 161 39 30 46
666 166 116 30 Andra
803 166 238 36 lagutskottets
1063 166 176 31 utlåtande
1260 167 48 30 Nr
1341 169 49 28 55.

321 250 399 38 Vägtrafiksakkunniga
737 250 197 36 framhålla,
953 253 49 27 att
1018 251 40 31 de
1075 250 45 30 ha
1139 250 49 36 sig
1205 251 138 35 bekant,
1360 253 48 27 att
1426 260 145 21 numera
1586 250 13 30 i
1616 251 161 30 markna-

277 301 65 30 den
368 300 217 31 förekomma
610 301 237 35 automobiler,
875 301 93 30 vilka
996 302 59 28 äro
1082 300 150 31 avsedda
1259 300 53 31 för
1339 301 91 29 ända
1455 301 51 29 till
1532 300 59 31 nio
1615 309 163 27 personer

276 354 83 27 utan
376 354 50 29 att
443 351 118 31 därför
578 352 84 30 böra
680 352 172 30 betraktas
870 361 76 21 som
964 351 210 30 omnibusar.
1213 350 78 31 Med
1309 351 137 36 hänsyn
1462 350 117 30 härtill
1595 350 125 31 föreslå
1737 351 41 30 de

278 401 227 37 sakkunniga,
529 405 49 28 att
603 402 61 30 sist
687 402 148 37 angivna
858 402 223 37 personantal
1106 402 207 30 bestämmes
1338 410 75 22 som
1437 401 192 30 maximum
1656 401 54 30 för
1735 410 43 21 en

276 452 328 37 personautomobil.

316 561 15 31 I
347 561 92 30 vissa
458 561 183 36 yttranden
658 562 80 29 över
754 562 41 29 de
816 561 237 36 sakkunnigas
1070 560 130 37 förslag
1216 560 64 30 har
1298 560 190 36 anmärkts,
1506 563 49 27 att
1572 569 42 21 en
1631 558 146 38 höjning

277 620 41 20 av
339 611 257 36 personantalet
618 611 56 30 för
696 611 216 37 personbilar
934 611 76 30 icke
1030 620 80 20 vore
1131 620 43 20 av
1195 611 148 29 behovet
1365 609 166 38 påkallad
1553 612 91 28 samt
1664 613 49 27 att
1734 619 42 21 en

277 661 94 36 dylik
391 661 130 37 ökning
541 662 122 30 endast
684 662 109 30 skulle
814 662 78 30 leda
914 662 51 30 till
984 661 184 30 maskerad
1189 661 192 36 linjetrafik
1402 663 90 28 samt
1513 661 92 29 ökad
1624 661 152 29 konkur-

276 722 87 20 rens.

318 813 265 36 Föredragande
602 813 389 40 departementschefen,
1012 812 181 31 statsrådet
1212 812 79 36 Leo,
1312 812 65 30 har
1396 812 76 30 icke
1494 815 110 27 ansett
1625 811 49 36 sig
1694 811 84 30 böra

276 863 136 31 biträda
440 863 171 37 förslaget,
641 866 50 28 att
720 863 113 31 såsom
860 863 319 36 personautomobil
1206 862 108 32 skulle
1342 871 100 21 anses
1472 863 87 29 även
1588 860 191 31 automobil

277 914 126 31 avsedd
428 914 55 31 för
506 914 187 31 befordran
716 924 42 21 av
781 915 19 30 8
822 914 83 31 eller
926 914 20 30 9
970 922 172 28 personer.
1189 913 75 30 Den
1287 923 48 20 nu
1358 912 195 31 fastställda
1576 913 157 35 gränsen,
1760 912 17 29 7

275 974 174 27 personer,
474 965 107 30 borde
605 965 104 36 enligt
734 963 378 38 departementschefen
1136 963 190 31 bibehållas
1351 964 65 29 och
1444 962 125 31 fordon
1594 962 55 31 för
1671 963 108 29 större

277 1016 93 30 antal
394 1025 164 27 personer
583 1015 149 37 alltjämt
759 1016 176 30 betraktas
964 1015 112 31 såsom
1102 1014 174 31 omnibus.

322 1108 14 29 I
361 1108 178 30 motionen
564 1108 46 30 II:
625 1108 64 30 723
715 1118 41 20 av
781 1108 80 30 herr
887 1107 172 37 Jeppsson
1084 1116 45 21 m.
1157 1106 37 38 fl.
1222 1105 155 36 föreslås,
1403 1108 50 28 att
1477 1106 148 35 gränsen
1652 1104 55 30 för
1732 1107 47 27 ett

276 1157 145 31 fordons
443 1158 286 30 klassificerande
752 1168 74 20 som
850 1157 320 38 personautomobil
1193 1157 82 30 eller
1296 1156 162 30 omnibus
1481 1156 102 30 sättes
1608 1155 50 30 till
1682 1157 95 28 auto-

276 1208 117 36 mobil,
418 1218 76 21 som
515 1209 38 29 är
573 1209 114 36 byggd
707 1208 56 30 för
783 1208 191 30 befordran
997 1218 42 20 av
1059 1208 102 36 högst
1181 1207 191 37 respektive
1394 1216 97 20 mera
1514 1207 46 29 än
1582 1205 57 31 nio
1662 1214 115 28 perso-

277 1268 69 21 ner.

322 1308 121 32 Såsom
459 1309 78 30 skäl
554 1309 123 30 härför
697 1309 138 30 anföres
855 1309 11 29 i
887 1308 187 35 motionen,
1096 1311 49 27 att
1170 1308 5 29 i
1194 1308 153 30 handeln
1366 1308 109 30 redan
1493 1307 126 30 funnes
1638 1315 140 28 person-

276 1360 90 30 bilar
383 1360 82 30 med
484 1359 185 37 sittplatser
687 1359 56 30 för
760 1359 66 30 fler
844 1360 46 29 än
911 1359 55 37 sju
984 1368 163 28 personer
1167 1359 65 29 och
1254 1361 49 27 att
1322 1358 240 36 utvecklingen
1582 1360 73 27 mot
1675 1355 103 38 något

276 1412 109 29 större
406 1410 229 30 automobiler
656 1410 175 30 sannolikt
849 1410 143 29 komme
1014 1412 48 27 att
1083 1409 199 30 fortskrida.

320 1503 50 30 De
392 1502 180 37 praktiska
597 1503 301 30 konsekvenserna
924 1511 43 21 av
993 1505 48 26 att
1064 1504 46 28 ett
1134 1501 125 30 fordon
1282 1501 185 30 betecknas
1493 1509 74 21 som
1593 1508 185 27 personau-

277 1554 144 30 tomobil
434 1554 82 30 eller
531 1553 161 30 omnibus
708 1554 59 29 äro
783 1552 183 37 betingade
981 1562 41 20 av
1037 1555 48 27 att
1102 1552 112 30 skilda
1228 1552 107 36 regler
1351 1551 11 30 i
1377 1551 91 30 vissa
1484 1551 191 30 avseenden
1690 1549 89 37 gälla

277 1604 54 31 för
349 1604 102 31 dessa
472 1605 71 35 slag
563 1613 42 21 av
627 1603 249 31 motorfordon.
922 1602 115 37 Enligt
1058 1603 40 29 24
1121 1600 20 41 8
1167 1603 13 29 1
1205 1611 104 21 mom.
1329 1602 13 30 i
1364 1601 123 36 Kungl.
1511 1601 118 37 Maj:ts
1652 1600 128 36 förslag

275 1655 53 30 till
347 1655 296 36 vägtrafikstadga
664 1654 87 30 skall
771 1653 218 37 hastigheten
1010 1653 53 31 för
1083 1652 356 37 personautomobiler
1458 1661 81 20 vara
1562 1651 44 30 fri
1626 1650 56 31 vid
1702 1650 77 30 färd

276 1709 96 27 utom
390 1705 245 37 tättbebyggda
654 1704 166 31 områden
839 1704 112 30 under
971 1704 55 30 det
1045 1706 48 27 att
1112 1702 201 31 omnibusar
1332 1702 12 30 i
1363 1701 243 31 motsvarande
1624 1700 61 31 fall
1704 1700 76 30 icke

277 1757 97 30 skola
398 1756 36 31 få
455 1756 186 31 framföras
664 1756 79 30 med
765 1756 106 35 högre
893 1754 172 36 hastighet
1087 1755 45 29 än
1155 1754 41 29 50
1219 1753 180 30 kilometer
1420 1752 12 30 i
1456 1752 154 30 timmen.
1656 1751 124 29 Vidare

277 1808 137 36 stadgas
433 1808 12 29 i
466 1808 40 29 29
526 1805 20 40 8
569 1808 13 28 1
605 1816 105 21 mom.
729 1806 158 36 gällande
908 1802 472 36 motorfordonsförordning,
1400 1805 50 27 att
1471 1801 138 30 särskilt
1627 1800 152 31 tillstånd

277 1861 49 27 att
352 1858 77 31 föra
456 1857 190 31 automobil
670 1857 10 30 i
706 1855 232 38 yrkesmässig
962 1854 106 31 trafik
1100 1850 209 41 (trafikkort)
1340 1853 76 30 icke
1442 1851 185 37 berättigar
1653 1851 52 30 till
1729 1850 49 30 fö-

277 1909 106 30 rande
406 1918 42 21 av
470 1907 162 31 omnibus
656 1907 11 30 i
688 1905 232 39 yrkesmässig
945 1904 116 37 trafik,
1087 1904 101 31 såvitt
1211 1903 30 38 ej
1268 1903 19 31 å
1310 1902 222 31 trafikkortet
1554 1902 149 30 lämnats
1727 1903 51 28 ut-

276 1959 161 37 tryckligt
460 1958 226 37 medgivande
708 1957 125 30 härtill.

321 2010 52 30 Då
400 2009 293 31 automobilernas
721 2006 233 37 bromsnings-
981 2006 66 30 och
1074 2003 497 37 manövreringsanordningar
1596 2001 98 31 blivit
1720 2001 61 30 allt

277 2070 95 22 mera
400 2060 174 35 effektiva,
602 2059 98 31 torde
726 2059 55 30 det
806 2067 42 21 ur
874 2054 466 37 trafiksäkerhetssynpunkt
1364 2053 78 31 icke
1470 2054 94 29 möta
1588 2052 107 36 några
1723 2051 55 30 be-

276 2111 229 37 tänkligheter
528 2113 48 28 att
599 2109 114 31 såsom
736 2106 357 39 personautomobiler
1114 2105 147 37 godtaga
1285 2105 85 29 även
1393 2103 105 36 något
1521 2103 108 30 större
1650 2110 129 27 vagnar

278 2164 44 29 än
346 2163 42 30 de
415 2171 75 21 som
516 2161 103 36 enligt
643 2160 157 37 gällande
825 2157 217 38 lagstiftning
1066 2156 83 31 falla
1175 2155 109 30 under
1311 2155 114 29 denna
1451 2152 214 36 beteckning.
1716 2152 63 30 Det

277 2214 97 30 torde
404 2214 87 29 även
521 2211 163 37 föreligga
713 2213 47 28 ett
788 2209 175 37 praktiskt
993 2208 112 30 behov
1134 2209 50 28 att
1215 2207 118 29 kunna
1362 2204 162 31 använda
1555 2202 117 37 dylika
1701 2209 77 28 vag-

276 2274 65 20 nar
371 2267 21 28 t.
422 2274 51 20 ex.
504 2262 53 31 för
587 2263 212 34 transporter
829 2259 53 31 till
914 2259 65 30 och
1011 2257 78 31 från
1120 2256 204 36 arbetsplats
1355 2255 82 30 eller
1465 2254 54 30 för
1550 2252 231 37 skolskjutsar

277 2318 84 27 utan
388 2315 124 30 hinder
540 2323 42 21 av
611 2313 41 30 de
679 2310 259 32 inskränkande
966 2307 268 35 bestämmelser,
1263 2315 74 21 som
1367 2305 89 36 gälla
1486 2304 55 31 för
1567 2303 211 30 omnibusar.

277 2363 399 39 Vägtrafiksakkunniga
700 2363 45 30 ha
771 2363 86 28 även
880 2359 186 36 föreslagit,
1091 2361 49 28 att
1164 2358 78 30 med
1268 2354 319 39 personautomobil
1612 2353 87 30 skall
1724 2361 54 20 av-

278 2425 51 22 ses
349 2415 190 31 automobil
557 2423 75 22 som
652 2415 38 30 är
707 2412 112 37 byggd
839 2411 55 31 för
912 2410 187 31 befordran
1118 2418 43 21 av
1179 2408 101 36 högst
1297 2406 58 31 nio
1374 2414 174 28 personer.
1591 2404 50 30 De
1660 2403 10 30 i
1689 2402 91 30 vissa

277 2467 183 38 yttranden
484 2465 152 31 uttalade
658 2463 220 36 farhågorna,
903 2464 50 28 att
974 2461 66 30 den
1061 2469 42 21 av
1127 2459 42 30 de
1193 2457 219 36 sakkunniga
1435 2454 184 32 förordade
1642 2452 136 37 höjnin-
