1898 2836
120 2320 152 27 Utskottet.

290 148 39 30 d2
679 151 116 30 Andra
819 150 239 37 lagutskottets
1084 149 177 31 utlåtande
1285 150 49 30 Nr
1361 151 49 28 55.

290 245 61 21 ren
368 235 338 37 utstyrselkaraktär,
728 234 75 30 icke
824 234 86 30 böra
929 234 121 36 utgöra
1069 233 124 29 hinder
1213 232 54 30 för
1285 232 268 37 typbesiktning.
1599 232 199 30 Emellertid

290 279 101 30 finna
415 279 42 29 de
483 277 218 37 sakkunniga
728 277 78 30 med
831 277 106 29 tanke
964 275 44 38 på
1035 276 111 29 andra
1172 284 94 21 mera
1292 275 189 36 väsentliga
1508 274 187 36 ändringar
1723 275 75 29 icke

291 321 156 36 lämpligt
464 323 49 27 att
530 320 126 30 mildra
673 319 268 36 författningens
960 319 84 29 krav
1064 317 46 38 på
1131 317 64 30 full
1214 317 340 30 överensstämmelse
1575 317 128 29 mellan
1723 319 75 34 typ-

290 370 135 30 vagnen
448 363 65 30 och
533 363 41 29 de
597 370 138 28 vagnar,
757 362 55 29 för
833 361 94 30 vilka
948 360 260 37 typbesiktning
1229 359 179 37 åberopas.
1456 359 63 30 Det
1543 360 89 29 lärer
1654 359 10 29 i
1687 360 112 29 stället

291 406 37 30 få
357 405 211 35 förutsättas,
596 407 49 27 att
673 404 57 30 vid
759 403 264 37 tillämpningen
1052 412 43 20 av
1123 401 265 38 ifrågavarande
1419 402 257 29 bestämmelser
1706 402 92 29 avvi-

291 448 112 30 kelser
419 457 43 21 av
481 448 66 30 den
566 447 165 30 karaktär
748 456 75 20 som
842 455 83 28 nyss
944 448 128 34 antytts
1090 445 76 30 icke
1183 445 175 30 betraktas
1377 443 115 31 såsom
1509 444 122 30 hinder
1651 444 54 29 för
1722 446 76 34 typ-

290 490 207 36 besiktning.

335 533 50 29 Av
407 533 235 36 stadgandena
662 532 10 29 i
695 532 41 30 34
758 529 20 40 8
801 531 159 37 gällande
980 529 466 37 motorfordonsförordning
1469 528 162 37 framgår,
1654 531 48 27 att
1724 531 74 34 typ-

291 575 196 37 besiktning
510 573 129 37 jämväl
664 575 38 29 är
726 574 181 36 medgiven
931 572 221 31 beträffande
1179 572 234 36 motorcyklar
1441 572 10 29 i
1477 571 145 37 egentlig
1649 571 149 36 mening.

292 618 49 30 De
367 617 219 37 sakkunniga
609 617 100 35 hava,
736 619 83 27 utan
846 618 50 28 att
919 615 99 30 finna
1042 615 188 36 anledning
1254 617 48 27 att
1327 614 88 29 fatta
1440 613 215 37 ståndpunkt
1679 614 51 29 till
1758 614 42 29 de

292 660 215 36 motstridiga
529 659 178 37 meningar
728 668 75 20 som
822 667 104 28 synas
948 657 84 31 råda
1052 656 178 37 angående
1251 655 224 37 möjligheten
1497 658 48 28 att
1568 656 104 36 enligt
1692 665 106 20 nuva-

291 703 109 30 rande
420 702 257 30 bestämmelser
697 701 233 37 typbesiktiga
948 700 214 36 motorcykel
1184 700 77 29 med
1282 699 137 36 bivagn,
1440 701 110 27 ansett
1570 698 50 37 sig
1638 699 86 29 böra
1742 707 56 20 av-

292 745 88 30 fatta
402 746 20 29 9
444 743 20 39 8
485 746 18 28 2
525 754 103 20 mom.
649 744 11 29 i
682 744 56 30 sitt
758 743 130 37 förslag
911 742 45 38 på
978 742 122 30 sådant
1121 743 76 34 sätt,
1222 744 48 28 att
1291 742 96 35 dylik
1411 741 259 37 typbesiktning
1692 741 106 29 fram-

292 788 92 29 deles
405 786 227 37 möjliggöres.
675 785 106 31 Såvitt
802 795 43 21 av
864 786 42 29 de
927 785 219 36 sakkunniga
1167 785 70 29 kan
1255 784 176 35 bedömas,
1452 784 62 29 bör
1533 793 42 20 en
1595 782 109 31 sådan
1724 786 75 33 typ-

292 830 197 36 besiktning
507 830 74 29 icke
597 830 94 29 möta
709 828 107 37 några
834 828 181 36 praktiska
1032 827 134 30 hinder.

336 872 116 36 Enligt
477 872 162 36 förslaget
664 871 88 30 skall
775 870 260 37 typbesiktning
1061 871 87 28 även
1176 870 119 29 kunna
1322 869 60 29 ske
1407 868 220 30 beträffande
1653 867 146 38 släpfor-

292 915 80 30 don.
418 910 93 34 Även
532 924 57 20 om
613 914 57 30 det
693 914 70 30 kan
784 913 190 35 förväntas,
999 915 49 27 att
1069 911 260 37 typbesiktning
1353 920 42 20 av
1420 910 131 31 sådana
1573 910 126 30 fordon
1725 910 76 30 icke

292 958 159 29 kommer
473 959 48 28 att
541 958 64 35 äga
627 966 79 20 rum
726 956 10 30 i
760 955 114 36 någon
897 955 195 30 nämnvärd
1114 954 249 35 utsträckning,
1389 953 97 30 torde
1507 953 56 30 det
1587 953 75 29 icke
1684 952 117 30 finnas

292 1000 188 36 anledning
505 1002 48 27 att
579 999 149 30 utesluta
755 999 100 29 dessa
882 997 126 30 fordon
1034 996 80 31 från
1140 997 67 29 den
1233 995 148 36 förmån,
1412 1005 75 20 som
1512 995 104 37 ligger
1644 995 10 29 i
1681 995 118 36 typbe-

292 1042 207 37 siktningen.

337 1119 14 29 I
375 1118 43 30 de
441 1117 234 36 sakkunnigas
699 1116 129 37 förslag
849 1116 65 29 har
937 1116 20 29 9
979 1113 19 39 8
1023 1116 17 29 2
1064 1124 105 20 mom.
1194 1114 109 30 första
1325 1114 132 35 stycket
1481 1112 155 37 följande
1658 1113 141 36 lydelse:

338 1169 211 29 Tillverkare
571 1168 64 29 här
657 1167 11 30 i
690 1167 88 30 riket
802 1176 43 20 av
869 1169 127 27 motor-
1019 1166 80 30 eller
1125 1164 203 37 släpfordon
1351 1164 81 30 eller
1459 1164 63 29 här
1545 1164 10 29 i
1578 1163 88 30 riket
1687 1164 113 29 bosatt

294 1211 239 36 generalagent
557 1210 55 30 för
635 1209 109 30 sådan
764 1209 198 30 tillverkare
986 1208 10 29 i
1017 1208 156 29 utlandet
1196 1206 58 31 må
1277 1207 120 29 kunna
1419 1205 131 31 erhålla
1574 1205 154 31 tillstånd
1752 1208 49 27 att

293 1253 37 31 få
355 1253 94 30 olika
473 1255 98 34 typer
597 1261 42 21 av
663 1251 266 36 tillverkningen
956 1250 212 36 besiktigade
1195 1248 293 37 (typbesiktning)
1517 1248 9 29 i
1550 1248 67 30 den
1643 1248 157 36 ordning,

293 1305 91 21 ovan
404 1296 10 29 i
448 1297 6 28 I
477 1304 103 21 mom.
604 1295 86 35 sägs,
711 1294 79 30 med
811 1294 132 29 verkan
965 1295 49 28 att
1034 1291 96 37 varje
1151 1291 200 35 automobil,
1373 1291 223 36 motorcykel,
1620 1290 78 30 med
1720 1290 81 30 eller

293 1341 84 27 utan
403 1338 136 36 bivagn,
567 1337 80 30 eller
673 1336 213 37 släpfordon,
912 1345 75 20 som
1014 1344 43 20 av
1082 1334 221 30 tillverkaren
1330 1334 82 29 eller
1441 1334 283 36 generalagenten
1751 1333 49 29 in-

293 1383 99 34 tygas
419 1390 82 20 vara
530 1380 10 29 i
569 1379 65 30 full
664 1378 341 30 överensstämmelse
1033 1377 79 30 med
1141 1376 183 37 besiktigat
1352 1375 199 37 typfordon,
1583 1375 88 30 skall
1701 1384 100 20 anses

294 1432 73 21 som
390 1432 57 21 om
467 1422 160 30 fordonet
645 1420 211 37 besiktigats.

337 1497 264 37 Föredragande
628 1496 380 37 departementschefen
1033 1495 116 30 anför:

338 1550 50 29 De
411 1548 217 37 sakkunniga
651 1548 90 29 hava
764 1546 187 37 föreslagit,
974 1548 48 28 att
1046 1545 260 38 typbesiktning
1328 1544 89 31 skall
1443 1544 119 30 kunna
1587 1544 60 29 ske
1671 1542 130 37 jämväl

295 1592 9 29 i
323 1591 100 37 fråga
444 1601 58 20 om
521 1590 212 37 släpfordon.
776 1589 94 30 Enär
893 1588 96 37 varje
1009 1587 203 38 släpfordon
1236 1588 87 29 skall
1349 1586 32 38 (9
1404 1585 20 39 &
1448 1587 18 29 3
1489 1596 103 20 mom.
1615 1586 9 29 i
1646 1585 154 37 proposi-

293 1634 136 30 tionens
460 1632 139 38 förslag)
638 1640 122 29 genom
789 1631 316 49 besiktningsmans
1136 1630 135 37 försorg
1302 1629 110 30 förses
1444 1629 78 30 med
1553 1631 46 27 ett
1632 1628 169 30 instansat

293 1675 373 37 identifieringsmärke
692 1675 65 30 och
784 1674 121 30 därför
930 1674 11 29 i
968 1674 59 29 allt
1051 1673 63 29 fall
1140 1672 109 31 måste
1275 1672 155 30 inställas
1456 1671 92 30 inför
1573 1671 227 35 besiktnings-

294 1728 93 26 man,
415 1728 100 27 synes
543 1718 188 30 emellertid
760 1716 228 37 medgivande
1016 1725 42 21 av
1085 1714 260 38 typbesiktning
1374 1714 55 30 för
1457 1714 203 36 släpfordon
1692 1713 110 29 sakna

293 1761 185 37 betydelse.
522 1761 62 36 Jag
604 1769 100 21 anser
727 1760 69 36 mig
815 1759 121 30 därför
958 1759 74 29 icke
1054 1759 86 29 böra
1160 1758 135 29 biträda
1318 1758 42 29 de
1381 1756 236 36 sakkunnigas
1639 1755 128 35 förslag
1791 1754 10 29 i

293 1804 116 30 denna
429 1804 63 29 del.

342 1880 14 29 I
373 1879 176 30 motionen
564 1877 47 31 II:
626 1879 63 30 723
707 1887 41 21 av
766 1878 79 29 herr
862 1877 172 37 Jeppsson
1051 1886 44 20 m.
1114 1876 37 37 fl.
1170 1876 150 30 anföres:

341 1928 80 31 Med
447 1928 207 36 hänvisning
680 1928 51 30 till
758 1928 148 30 svenska
934 1926 583 35 automobilhandlareföreningens
1546 1924 163 30 skrivelse
1737 1924 66 29 och

296 1971 80 30 med
396 1970 299 37 understrykande
716 1980 41 20 av
778 1970 42 30 de
841 1969 236 36 sakkunnigas
1098 1968 234 37 uppfattning,
1356 1970 48 28 att
1425 1966 240 38 påmontering
1688 1976 41 20 av
1750 1965 51 31 så-

296 2013 93 30 dana
411 2012 369 37 utrustningsdetaljer,
805 2021 76 21 som
904 2012 75 29 icke
1002 2011 10 30 i
1034 2010 104 37 något
1161 2011 167 30 avseende
1351 2010 168 30 förändra
1542 2009 177 30 fordonets
1743 2009 58 29 ka-

295 2054 120 31 raktär
439 2055 80 30 eller
541 2053 469 37 beskattningsförhållande,
1034 2053 208 35 exempelvis
1266 2052 348 36 körriktningsvisare
1638 2051 81 30 eller
1743 2051 59 35 dy-

296 2096 73 36 likt,
387 2096 76 31 icke
479 2096 87 30 skall
581 2097 122 35 utgöra
718 2096 123 30 hinder
857 2095 56 31 för
928 2095 391 37 typbesiktningsintygs
1335 2094 221 36 utfärdande,
1574 2093 37 30 få
1626 2093 33 30 vi
1676 2092 126 31 föreslå

297 2141 48 27 att
366 2138 189 37 stadgande
576 2139 123 29 härom
720 2138 131 36 intages
873 2138 11 29 i
904 2138 228 30 förevarande
1152 2140 163 27 moment.

341 2180 49 30 På
416 2181 85 35 skäl,
529 2190 73 20 som
629 2190 42 21 av
697 2180 41 30 de
764 2179 220 37 sakkunniga
1009 2179 144 36 anförts,
1180 2179 96 30 torde
1302 2179 222 36 stadgandets
1551 2178 250 37 tillämpnings-

296 2222 144 31 område
461 2223 85 29 böra
567 2223 194 29 utsträckas
783 2223 88 29 även
892 2222 52 30 till
965 2222 166 36 bivagnar
1154 2222 66 30 och
1243 2221 213 36 släpfordon.

343 2315 116 36 Enligt
486 2314 411 37 vägtrafiksakkunnigas
925 2313 223 37 uppfattning
1176 2314 63 29 bör
1266 2313 232 36 inmontering
1524 2322 42 21 av
1593 2313 207 36 exempelvis

297 2375 42 20 en
364 2365 205 37 cigarrkopp
591 2365 84 30 eller
696 2368 46 27 ett
765 2365 240 35 blomsterglas
1027 2363 20 31 å
1070 2373 42 21 en
1135 2372 99 28 vagn,
1260 2373 74 21 som
1359 2364 10 29 i
1391 2364 111 35 övrigt
1524 2364 38 29 är
1583 2364 11 29 i
1617 2363 65 30 full
1704 2364 94 28 över-

297 2416 258 30 ensstämmelse
575 2416 80 30 med
676 2416 66 30 den
762 2414 212 37 besiktigade
994 2417 206 34 typvagnen,
1223 2414 74 31 icke
1319 2415 121 35 utgöra
1462 2413 123 31 hinder
1607 2414 54 30 för
1682 2413 118 37 typbe-

298 2467 162 36 siktning.
507 2467 170 30 Utskottet
696 2467 153 30 ansluter
870 2466 50 36 sig
935 2466 53 30 till
1008 2466 113 30 denna
1141 2465 233 37 uppfattning.
1422 2466 48 29 De
1493 2464 218 36 sakkunniga
1731 2464 69 30 för-
