1908 2834
277 146 38 30 96
674 152 117 31 Andra
813 154 239 35 lagutskottets
1074 154 176 32 utlåtande
1271 156 49 30 Nr
1341 157 50 30 55.

279 235 121 29 randet
419 244 44 20 av
481 235 206 31 förkörsrätt
703 236 56 30 för
775 237 348 31 huvudledstrafiken
1144 241 114 34 syntes
1276 240 86 29 även
1380 239 10 30 i
1408 240 52 30 sin
1478 239 82 31 mån
1578 250 83 21 vara
1680 243 104 35 ägnat

279 287 48 27 att
348 285 165 31 befordra
534 287 230 30 strävandena
782 290 49 27 att
850 287 120 37 uppnå
989 297 43 21 en
1051 291 128 34 tystare
1199 289 116 30 trafik.

322 385 52 30 En
394 386 215 36 redogörelse
626 386 55 31 för
700 388 42 29 de
759 388 193 36 yttranden,
972 397 74 21 som
1066 389 143 36 avgivits
1227 391 80 29 över
1327 391 41 29 de
1387 391 236 37 sakkunnigas
1642 392 139 37 förslag,

279 436 187 32 återfinnes
488 437 20 31 å
531 437 60 31 sid.
615 439 40 29 67
678 439 65 29 och
768 439 41 30 68
830 438 11 31 i
862 439 270 36 propositionen.

320 545 265 37 Föredragande
603 546 380 39 departementschefen
1001 548 115 30 anför:

320 605 74 30 Den
416 605 56 30 för
492 604 95 38 varje
608 605 38 31 år
667 606 262 30 framträdande
949 607 174 37 ökningen
1143 617 42 20 av
1205 608 218 36 vägtrafiken
1445 609 73 36 har,
1542 609 114 31 såsom
1678 620 42 21 av
1741 612 41 29 de

276 648 219 36 sakkunniga
520 647 218 37 framhållits,
764 649 58 29 lett
845 649 49 30 till
917 652 50 27 att
989 650 319 37 huvudvägsregeln
1331 651 9 29 i
1365 652 185 36 praktiken
1574 653 175 37 tillämpas
1772 654 9 30 i

276 691 131 35 ganska
427 693 72 27 stor
518 691 238 37 utsträckning
774 691 88 30 både
881 692 11 29 i
911 693 163 29 städerna
1092 693 65 29 och
1179 692 44 38 på
1245 694 248 37 landsbygden.
1537 695 121 30 Ehuru
1677 697 104 29 onek-

276 733 87 36 ligen
386 733 76 30 skäl
483 732 148 37 alltjämt
652 734 120 30 kunna
791 734 141 30 anföras
953 738 73 27 mot
1045 735 183 31 införande
1249 745 43 21 av
1314 746 42 20 en
1377 737 210 37 trafikregel,
1611 748 75 20 som
1707 740 74 29 stri-

275 775 59 30 der
355 778 73 27 mot
450 785 43 21 en
514 785 115 21 annan
649 776 55 30 för
725 785 135 21 samma
879 777 275 30 trafiksituation
1178 778 224 36 föreskriven,
1428 789 101 27 synes
1550 781 56 29 det
1628 781 70 37 mig
1722 783 58 28 än-

275 818 88 30 dock
384 828 85 21 vara
488 821 49 27 att
556 818 191 37 föredraga,
770 822 48 27 att
838 827 123 29 genom
982 829 43 20 en
1045 820 167 37 reglering
1231 830 43 21 av
1295 822 375 37 huvudvägstrafikens
1692 824 88 30 före-

274 861 184 29 trädesrätt
480 862 157 35 borttaga
659 862 42 29 de
721 862 109 29 risker
850 872 41 20 ur
910 862 478 38 trafiksäkerhetssynpunkt,
1413 874 74 21 som
1509 866 272 37 uppenbarligen

275 904 59 28 äro
358 903 167 30 förenade
549 904 78 29 med
648 907 49 27 att
718 913 42 21 en
784 904 9 29 i
817 905 186 36 praktiken
1024 905 180 37 tillämpad
1226 906 155 37 körregel
1402 906 71 31 står
1495 907 10 30 i
1528 908 85 30 strid
1636 909 79 30 med
1739 910 42 29 de

275 945 108 36 legala
399 946 306 30 bestämmelserna
720 946 44 37 på
781 946 166 31 området.
988 947 67 30 För
1070 948 72 29 min
1158 949 54 29 del
1228 958 100 21 anser
1342 949 58 37 jag
1418 949 115 36 också,
1551 950 10 30 i
1579 951 108 30 likhet
1702 952 79 30 med

275 988 41 29 de
333 988 230 37 sakkunniga,
582 991 48 27 att
649 989 260 30 företrädesrätt
929 990 55 29 för
1004 991 356 36 huvudvägstrafiken
1380 992 65 30 har
1464 993 53 29 sin
1535 993 174 36 betydelse
1726 994 54 30 för

274 1030 171 30 ernående
464 1040 43 20 av
525 1040 42 21 en
588 1031 124 38 smidig
731 1032 117 35 trafik,
867 1032 177 37 samtidigt
1063 1042 74 21 som
1159 1033 56 30 det
1236 1043 101 27 synes
1356 1035 71 36 mig
1447 1035 173 37 naturligt,
1642 1039 49 27 att
1712 1039 67 28 tra-

275 1072 93 31 fiken
385 1072 21 31 å
422 1074 43 29 de
482 1073 50 30 till
549 1083 41 20 en
608 1074 187 37 huvudväg
812 1075 207 30 anslutande
1035 1075 188 38 bivägarna
1242 1077 63 29 bör
1320 1077 90 30 hava
1428 1078 147 30 särskild
1594 1079 186 37 anledning

274 1117 57 33 att,
354 1116 57 29 vid
435 1116 80 30 färd
538 1116 35 29 in
595 1115 44 38 på
659 1117 196 36 huvudväg,
877 1117 154 37 iakttaga
1055 1119 124 29 största
1201 1118 228 38 försiktighet.

318 1157 66 30 Om
405 1157 59 38 jag
484 1157 99 31 alltså
605 1159 10 29 i
639 1159 134 37 princip
794 1160 58 29 vill
873 1160 138 30 ansluta
1033 1161 69 36 mig
1122 1161 51 29 till
1192 1162 42 29 de
1258 1162 236 37 sakkunnigas
1516 1163 138 37 förslag,
1679 1174 100 20 anser

273 1198 57 39 jag
350 1201 89 29 dock
460 1201 191 30 detsamma
672 1201 9 30 i
701 1202 91 30 vissa
810 1203 195 29 avseenden
1027 1203 76 36 giva
1125 1204 320 37 huvudvägsregeln
1464 1206 60 29 allt
1546 1205 55 30 för
1621 1209 85 27 stort
1727 1210 51 27 ut-

274 1252 142 26 rymme.
450 1243 65 37 Jag
535 1244 63 29 har
620 1244 121 30 därför
763 1243 35 31 åt
820 1245 19 29 4
862 1243 21 39 8$
907 1245 18 30 5
947 1254 105 21 mom.
1078 1245 73 30 låtit
1172 1246 75 36 giva
1269 1256 42 20 en
1334 1247 204 37 avfattning,
1562 1258 75 20 som
1657 1250 122 36 tydligt

273 1285 187 35 utmärker,
485 1288 49 27 att
556 1285 95 36 varje
674 1286 124 35 förare,
822 1286 94 30 såväl
938 1287 11 29 i
971 1287 202 30 situationer
1194 1288 45 30 då
1260 1290 255 36 vänsterregeln
1538 1292 38 28 är
1597 1291 183 37 tillämplig

273 1337 74 20 som
364 1327 45 31 då
426 1328 321 37 huvudvägsregeln
766 1329 88 30 skall
872 1329 99 37 gälla,
993 1330 38 29 är
1048 1330 135 36 skyldig
1201 1333 48 28 att
1268 1331 153 37 iakttaga
1440 1333 148 30 särskild
1605 1334 172 37 försiktig-

273 1370 56 30 het
347 1370 57 30 vid
420 1370 80 30 färd
517 1370 35 30 in
569 1370 44 37 på
629 1371 173 30 korsande
819 1372 168 29 körbana.
1006 1372 125 30 Vidare
1146 1373 64 30 har
1224 1372 59 38 jag
1301 1373 74 31 låtit
1393 1374 117 38 intaga
1526 1377 253 36 vänsterregeln

272 1411 114 31 såsom
404 1413 68 29 den
490 1413 161 36 primära,
673 1414 142 29 varmed
833 1413 58 38 jag
908 1413 131 38 åsyftat
1058 1417 48 27 att
1126 1422 38 29 ge
1183 1417 138 35 uttryck
1341 1416 21 30 å
1381 1417 268 38 tillbörligheten
1667 1428 43 21 av
1730 1422 49 28 att

272 1456 259 29 vederbörande
551 1456 239 36 myndigheter
809 1455 41 38 gå
870 1460 153 27 varsamt
1042 1457 91 30 fram
1153 1458 56 30 vid
1229 1458 264 37 ifrågavarande
1515 1461 262 38 klassificering.

273 1497 52 30 En
351 1498 233 36 begränsning
607 1507 42 21 av
673 1499 129 29 antalet
829 1499 227 37 huvudvägar
1082 1509 101 27 synes
1210 1501 172 37 nämligen
1410 1503 104 36 nödig
1540 1504 107 30 bland
1671 1508 107 27 annat

271 1541 78 29 med
371 1541 139 36 hänsyn
535 1540 50 30 till
609 1543 57 33 att,
693 1540 45 37 på
760 1542 66 29 sätt
847 1542 42 29 de
912 1542 219 37 sakkunniga
1154 1543 185 37 föreslagit,
1366 1545 66 29 den
1457 1546 236 31 trafikerande
1718 1548 59 29 all-

271 1583 186 30 mänheten
481 1582 108 31 måste
612 1590 123 29 genom
760 1584 233 36 uppsättande
1018 1594 42 20 av
1083 1586 211 35 vägmärken
1318 1586 21 31 å
1363 1587 153 37 bivägar,
1541 1598 74 21 som
1641 1590 137 30 ansluta

270 1625 50 29 till
342 1625 197 36 huvudväg,
562 1634 124 21 varnas
708 1626 55 30 för
785 1626 166 37 korsning
971 1628 80 29 med
1072 1628 195 37 huvudväg.
1315 1629 245 32 Bestämmelse
1581 1641 56 21 om
1659 1632 119 37 dylika

272 1668 145 29 märken
444 1668 65 29 har
535 1668 136 36 intagits
697 1668 10 29 i
738 1669 38 30 13
805 1667 30 39 8.
883 1669 206 37 Visserligen
1115 1671 96 30 torde
1238 1672 119 36 dylika
1383 1673 145 30 märken
1554 1674 75 30 icke
1657 1675 120 30 kunna

271 1711 181 34 uppsättas
470 1709 45 38 på
531 1710 155 30 enskilda
703 1711 151 37 bivägar,
872 1721 79 21 men
967 1711 59 38 jag
1041 1713 57 29 vill
1118 1713 113 30 erinra
1249 1724 57 20 om
1323 1717 49 27 att
1391 1715 180 37 möjlighet
1587 1717 113 30 finnes
1717 1720 59 33 att,

270 1752 62 29 där
355 1752 39 30 så
418 1762 101 21 anses
544 1752 162 37 påkallat,
730 1754 58 30 vid
810 1755 275 36 huvudvägarna
1107 1757 161 35 uppsätta
1291 1758 211 35 vägmärken
1529 1760 78 29 med
1632 1760 145 36 varning

271 1794 54 30 för
350 1795 104 37 farlig
479 1796 164 37 korsning
667 1797 79 29 med
773 1797 135 30 enskild
935 1797 112 37 biväg.
1095 1798 56 30 Att
1177 1799 309 37 varningsmärken
1514 1803 179 34 uppsättas
1719 1803 57 29 vid

271 1837 207 36 korsningar
496 1838 126 30 mellan
643 1837 57 32 två
720 1839 226 37 huvudvägar
967 1840 107 36 torde,
1097 1840 114 31 såsom
1230 1842 42 29 de
1291 1842 219 38 sakkunniga
1529 1844 133 36 uttalat,
1684 1845 92 29 bliva

270 1880 223 36 nödvändigt.

317 1922 12 29 I
354 1922 201 36 anslutning
579 1923 50 29 till
653 1924 67 29 vad
742 1924 286 36 länsstyrelserna
1053 1926 10 29 i
1088 1926 151 36 Uppsala
1264 1928 64 29 och
1353 1928 198 31 Malmöhus
1577 1930 57 29 län
1658 1930 116 30 anfört

270 1964 63 29 har
353 1964 9 29 i
386 1964 229 31 förevarande
638 1965 126 30 liksom
787 1966 10 30 i
819 1966 118 37 övriga
958 1968 211 36 paragrafer,
1193 1969 75 29 däri
1293 1970 190 36 stadgande
1508 1971 9 29 i
1542 1970 122 32 sådant
1690 1973 84 29 hän-

271 2007 121 29 seende
411 2007 200 36 meddelats,
634 2008 124 30 införts
777 2011 49 27 att
847 2008 45 37 på
911 2009 377 37 polismyndigheterna
1308 2012 9 29 i
1339 2013 192 36 respektive
1551 2014 113 30 städer
1687 2015 88 29 skall

270 2049 190 30 ankomma
489 2052 49 27 att
565 2050 86 30 fatta
678 2051 112 30 beslut
819 2051 222 31 beträffande
1068 2053 150 30 trafiken
1249 2054 87 30 även
1366 2055 96 30 inom
1491 2056 178 30 städernas
1700 2057 74 30 icke

269 2091 186 36 planlagda
480 2091 174 31 områden.

314 2191 13 29 I
344 2193 178 29 motionen
538 2193 44 29 II:
598 2193 62 30 723
675 2203 42 20 av
735 2194 80 29 herr
831 2194 173 36 Jeppsson
1021 2205 44 20 m.
1083 2195 37 38 fl.
1137 2195 154 37 föreslås,
1311 2200 48 27 att
1375 2197 229 32 förevarande
1622 2203 152 27 moment

269 2240 104 32 måtte
395 2242 150 31 avfattas
569 2243 9 30 i
601 2243 149 37 enlighet
774 2245 79 29 med
876 2245 42 30 de
940 2246 212 37 sakkunigas
1176 2247 138 37 förslag.

313 2293 13 28 I
350 2293 178 30 motionen
551 2294 147 36 anföres,
722 2297 49 28 att
797 2296 277 36 propositionens
1100 2297 129 36 förslag
1254 2301 114 34 syntes
1395 2300 122 29 endast
1543 2300 166 30 innebära
1732 2311 41 20 en

269 2342 79 36 föga
374 2344 129 37 lycklig
525 2345 221 37 omkastning
770 2355 42 20 av
838 2346 41 30 de
904 2347 246 37 sakkunnigas,
1179 2349 104 30 vilket
1307 2349 43 37 på
1375 2353 47 27 ett
1448 2351 164 36 betydligt
1639 2351 135 30 klarare

268 2394 65 28 sätt
355 2395 149 35 reglerar
524 2394 263 37 ifrågavarande
807 2397 262 36 betydelsefulla
1093 2398 252 32 förhållanden.
