1902 2844
519 155 116 31 Andra
658 154 239 37 lagutskottets
919 152 176 32 utlåtande
1117 152 47 31 Nr
1188 153 50 30 55.
1572 144 58 31 107

122 242 81 30 skilt
230 241 20 31 å
278 240 184 37 ofjädrade
489 236 389 33 sommararbetsåkdon
907 239 115 34 syntes
1051 236 177 30 dessutom
1258 235 117 37 glasen
1402 235 146 30 utsättas
1577 233 54 31 för

124 295 70 28 stor
212 292 72 30 risk
305 294 49 27 att
371 291 128 30 skakas
515 290 135 35 sönder,
669 289 126 29 liksom
815 288 43 29 de
876 287 58 30 vid
954 296 56 21 av-
1030 287 66 29 och
1114 285 197 38 pålastning
1329 288 90 28 samt
1439 285 57 30 vid
1514 285 117 36 skogs-

123 343 148 37 körning
288 343 62 29 lätt
368 341 116 30 kunde
502 340 178 31 förstöras.
723 338 212 37 Härigenom
954 337 117 30 kunde
1089 337 234 30 kostnaderna
1342 336 93 30 bliva
1453 336 67 29 rätt
1537 336 94 35 bety-

122 394 125 30 dande.
290 393 67 30 För
379 392 109 37 övrigt
510 393 115 35 syntes
647 390 66 30 den
733 389 198 36 föreslagna
952 387 238 37 anordningen
1211 387 75 31 icke
1305 396 84 21 vara
1411 395 42 21 av
1474 386 157 35 behovet,

121 454 61 21 om
200 443 259 31 motorförarna
479 442 151 36 iakttoge
651 440 105 37 nödig
777 440 208 30 varsamhet.

168 494 118 31 Andra
306 493 222 37 lagutskottet
546 492 199 30 förklarade
763 491 51 37 sig
833 491 75 30 icke
926 491 121 29 kunna
1066 488 116 38 undgå
1201 491 49 28 att
1269 491 80 34 taga
1366 489 137 36 hänsyn
1521 488 52 30 till
1592 487 42 30 de

122 546 88 35 skäl,
232 555 75 21 som
325 545 11 30 i
354 544 217 31 motionerna
591 543 134 30 anförts
744 544 73 28 mot
837 542 57 30 det
915 541 10 30 i
946 540 258 38 propositionen
1223 539 215 31 innefattade
1459 538 174 37 förslaget.

125 596 115 37 Enligt
257 596 183 30 utskottets
457 594 139 37 mening
613 596 116 34 syntes
749 594 178 35 strängare
945 591 258 31 bestämmelser
1224 592 45 29 än
1289 590 41 31 de
1348 590 108 30 redan
1475 589 159 37 gällande

124 647 76 31 icke
219 648 86 29 böra
329 645 266 38 ifrågakomma.
639 645 14 29 I
677 654 43 20 en
740 644 58 30 vid
821 643 183 30 utskottets
1026 641 178 31 utlåtande
1227 641 106 37 fogad
1356 640 212 31 reservation
1592 649 42 21 av

125 698 120 30 herrar
265 697 163 30 Frändén
445 697 65 30 och
531 696 137 30 Gardell
688 695 160 37 yrkades,
869 696 49 28 att
936 703 43 21 av
999 693 218 37 länsstyrelse
1236 692 173 30 meddelat
1427 691 206 30 förordnan-

123 749 45 30 de
189 758 57 20 om
267 746 436 39 belysningsanordningar
722 745 21 31 å
764 745 76 30 icke
862 744 238 31 motordrivna
1122 743 126 30 fordon
1272 743 75 30 icke
1368 742 110 30 skulle
1498 741 37 31 få
1555 750 80 21 avse

126 799 79 31 med
226 799 146 36 dragare
392 798 159 36 förspänt
571 796 154 37 ofjädrat
746 794 245 32 arbetsåkdon.

173 908 84 30 1930
276 908 56 30 års
354 907 140 37 riksdag
513 906 159 31 biträdde
693 905 184 31 utskottets
899 904 178 30 uttalande
1099 903 79 30 med
1198 903 67 30 den
1287 902 183 37 jämkning
1491 911 75 21 som
1585 901 50 30 in-

127 959 194 30 nefattades
341 958 10 30 i
375 957 237 38 nyssnämnda
632 956 222 31 reservation.

171 1059 136 37 Frågan
332 1069 58 20 om
416 1058 195 37 skyldighet
635 1060 50 27 att
710 1057 77 30 föra
813 1055 396 38 belysningsanordning
1234 1054 21 31 å
1279 1054 137 36 fordon,
1445 1053 191 37 förspända

127 1111 78 30 med
226 1111 155 36 dragare,
400 1110 64 30 har
483 1109 195 30 sedermera
696 1107 89 31 varit
806 1106 147 31 föremål
975 1106 54 30 för
1050 1105 212 38 behandling
1280 1105 58 30 vid
1361 1105 81 30 1932
1463 1105 67 29 och
1552 1104 83 30 1933

125 1161 57 31 års
206 1161 192 37 riksdagar.

172 1213 14 29 I
206 1222 42 20 en
269 1212 132 30 motion
423 1211 57 30 vid
503 1211 84 30 1932
610 1210 56 30 års
686 1209 141 37 riksdag
848 1218 43 21 av
912 1209 79 29 herr
1013 1207 173 37 Nylander
1208 1206 196 38 påyrkades
1423 1205 110 31 sådan
1553 1205 84 30 änd-

128 1263 77 37 ring
225 1263 10 30 i
255 1263 19 30 5
296 1261 20 41 8
338 1261 332 38 vägtrafikstadgan,
692 1263 50 27 att
762 1259 196 38 skyldighet
979 1259 139 30 komme
1137 1260 49 28 att
1206 1257 166 38 föreligga
1394 1257 55 30 för
1470 1257 69 29 alla
1559 1256 80 30 med

128 1314 146 37 dragare
292 1313 192 37 förspända
504 1312 137 35 fordon,
662 1321 75 20 som
757 1310 211 31 framfördes
986 1309 21 31 å
1023 1310 66 36 väg
1105 1309 110 30 under
1235 1308 150 36 mörker,
1404 1310 49 28 att
1472 1307 78 30 föra
1570 1306 68 37 ljus

128 1365 81 30 eller
224 1364 177 35 reflektor,
421 1363 93 30 vilka
531 1362 144 30 kastade
692 1362 63 30 vitt
772 1362 85 29 sken
874 1359 128 32 framåt
1018 1360 66 30 och
1102 1361 67 29 rött
1188 1360 85 29 sken
1289 1358 117 31 bakåt.

173 1415 14 30 I
212 1414 179 31 utlåtande
417 1415 81 29 över
524 1413 177 31 motionen
728 1412 192 30 hänvisade
945 1410 257 31 vederbörande
1231 1410 171 37 tillfälliga
1431 1408 130 31 utskott
1587 1408 52 30 till

128 1468 49 28 att
200 1466 66 30 den
291 1465 11 30 i
323 1465 177 30 motionen
522 1464 132 37 yrkade
676 1463 155 37 lydelsen
855 1471 43 21 av
923 1461 265 37 ifrågavarande
1213 1460 306 36 författningsrum
1544 1459 93 29 inne-

129 1517 84 29 bure
234 1525 43 21 en
297 1515 168 30 avsevärd
484 1514 191 37 skärpning
696 1523 43 20 av
761 1513 42 30 de
823 1512 269 35 bestämmelser,
1114 1521 75 20 som
1210 1511 175 30 förordats
1408 1519 43 21 av
1476 1510 82 30 1930
1583 1508 55 31 års

129 1567 150 36 riksdag,
302 1566 67 30 och
392 1566 153 29 närmast
569 1574 83 20 voro
677 1573 42 21 av
742 1572 134 21 samma
901 1563 169 30 innebörd
1095 1571 74 21 som
1194 1562 123 35 Kungl.
1342 1560 118 37 Maj:ts
1484 1560 154 37 proposi-

129 1617 73 30 tion
224 1617 58 30 vid
306 1616 84 30 1930
413 1615 55 31 års
488 1615 151 36 riksdag.
683 1613 52 32 Då
754 1613 110 31 sådan
887 1613 190 37 skärpning
1097 1613 149 30 bestämi
1269 1611 150 31 avvisats
1441 1620 42 21 av
1505 1610 134 30 riksda-

131 1675 63 29 gen
213 1666 38 32 år
273 1668 84 29 1930
377 1667 65 30 och
463 1665 108 38 några
591 1675 69 27 nya
679 1666 85 35 skäl,
785 1674 75 21 som
882 1664 110 30 skulle
1013 1664 119 29 kunna
1152 1663 182 30 föranleda
1354 1662 51 30 till
1428 1660 212 38 frångående

130 1727 43 21 av
190 1719 67 29 den
273 1717 225 37 ståndpunkt,
517 1717 185 36 riksdagen
720 1715 45 31 då
782 1715 131 36 intagit,
931 1714 30 38 ej
981 1715 202 35 förebragts,
1202 1713 109 30 funne
1330 1713 166 30 utskottet
1512 1711 31 38 ej
1565 1711 75 30 skäl

129 1769 173 36 tillstyrka
322 1768 99 30 bifall
441 1768 51 30 till
512 1767 186 30 motionen.
745 1767 15 29 I
783 1766 150 37 enlighet
956 1765 145 30 härmed
1124 1765 77 30 blev
1224 1764 177 30 motionen
1422 1764 10 29 i
1455 1763 185 36 riksdagen

129 1820 172 36 avslagen.

178 1920 138 30 Samme
333 1919 172 30 motionär
525 1918 201 36 upprepade
745 1917 56 30 sitt
820 1917 157 37 yrkande
995 1916 10 30 i
1022 1925 42 21 en
1084 1916 130 30 motion
1235 1915 58 30 vid
1312 1916 85 29 1933
1417 1914 54 30 års
1491 1914 150 36 riksdag.

179 1969 264 31 Vederbörande
468 1969 171 37 tillfälliga
666 1968 130 30 utskott
823 1967 57 30 vid
911 1968 82 29 1933
1019 1965 55 31 års
1101 1966 141 37 riksdag
1266 1965 153 30 uttalade
1444 1965 10 29 i
1478 1965 57 29 sitt
1562 1965 80 29 över

133 2020 177 30 motionen
329 2020 146 36 avgivna
494 2018 189 36 utlåtande,
703 2021 49 27 att
773 2017 44 31 då
839 2018 10 29 i
868 2018 203 29 densamma
1091 2017 79 35 inga
1191 2025 69 27 nya
1281 2016 75 30 skäl
1378 2016 193 35 förebragts
1590 2017 52 27 ut-

133 2072 80 29 över
233 2071 89 35 dem,
343 2080 75 20 som
436 2069 87 31 varit
540 2069 127 35 kända,
688 2070 63 29 när
770 2068 222 37 likalydande
1013 2067 131 30 motion
1161 2065 39 32 år
1223 2067 82 29 1932
1323 2066 172 36 avslagits,
1514 2066 66 29 och
1599 2064 44 31 då

134 2121 290 30 kostnadsskälen
449 2120 74 30 icke
550 2129 81 20 vore
657 2120 55 29 för
738 2119 184 30 utskottets
948 2117 383 37 ståndpunktstagande
1357 2116 205 37 avgörande,
1591 2118 51 27 ut-

134 2173 125 28 skottet
284 2172 75 29 icke
382 2170 125 37 ansåge
530 2170 186 37 anledning
739 2170 166 36 föreligga
928 2172 49 26 att
1000 2167 123 38 frångå
1144 2168 53 30 sin
1222 2167 38 31 år
1287 2168 82 30 1932
1396 2167 153 30 uttalade
1575 2176 67 20 me-

135 2222 82 36 ning
236 2223 65 29 och
319 2222 56 29 för
392 2222 66 29 den
478 2221 110 29 skulle
609 2221 213 34 hemställde,
842 2222 49 27 att
911 2219 175 30 motionen
1108 2219 73 29 icke
1202 2217 105 31 måtte
1328 2218 180 29 föranleda
1530 2216 113 36 någon

134 2271 130 37 åtgärd.
315 2272 188 29 Utskottets
528 2271 207 30 hemställan
759 2270 127 30 bifölls.

182 2371 401 37 Vägtrafiksakkunniga
606 2370 147 36 yttrade:

179 2432 49 29 De
249 2432 120 28 kunna
391 2430 73 30 icke
486 2428 180 31 underlåta
691 2431 48 27 att
762 2427 90 37 ånyo
876 2430 152 34 upptaga
1052 2426 132 37 frågan,
1209 2426 173 30 huruvida
1404 2425 240 37 skyldigheten

135 2477 48 27 att
206 2474 110 30 under
340 2473 138 29 mörker
502 2472 75 29 föra
599 2470 435 37 belysningsanordningar
1057 2469 20 30 å
1103 2469 124 30 fordon
1250 2468 190 36 förspända
1465 2468 79 29 med
1567 2468 74 29 dra-
