1892 2814
285 145 37 29 16
679 148 379 31 Jordbruksutskottets
1086 148 176 31 utlåtande
1286 158 43 21 nr
1355 151 48 28 64.

284 231 111 37 nings-
420 232 66 30 och
510 231 332 32 försöksinstitution
866 233 63 29 och
955 233 72 29 dels
1050 242 40 20 en
1114 232 110 30 klinik
1249 233 55 30 för
1326 232 344 37 husdjurssjukvård.
1697 228 90 35 Över

287 282 231 29 betänkandet
549 280 146 38 avgåvos
723 281 86 31 efter
837 282 119 30 remiss
987 282 180 37 yttranden
1198 292 43 21 av
1271 283 254 36 statskontoret,
1553 283 231 39 justitiekans-

284 333 226 36 lersämbetet,
539 333 360 36 medicinalstyrelsen,
927 334 356 36 byggnadsstyrelsen,
1312 334 359 37 lantbruksstyrelsen,
1700 335 86 29 riks-

284 384 342 36 räkenskapsverket,
653 383 124 31 chefen
805 385 54 29 för
886 384 129 36 armén,
1043 384 175 30 allmänna
1245 384 266 38 lönenämnden,
1540 385 165 37 styrelsen
1732 384 55 31 för

284 435 384 36 lantbrukshögskolan,
690 435 168 36 styrelsen
876 435 55 30 för
950 435 372 36 veterinärhögskolan,
1343 435 165 36 styrelsen
1529 434 54 31 för
1603 435 183 30 veterinär-

284 485 232 36 inrättningen
532 485 10 30 i
558 485 116 35 Skara,
689 485 285 36 länsstyrelserna
989 486 64 29 och
1071 484 457 37 hushållningssällskapens
1544 485 242 37 förvaltnings-

284 535 129 30 utskott
434 535 10 29 i
465 535 223 36 Jönköpings,
711 535 177 35 Hallands,
910 535 186 36 Göteborgs
1115 535 65 30 och
1199 535 127 36 Bohus,
1348 531 184 41 Älvsborgs
1555 540 88 27 samt
1664 536 123 30 Skara-

284 585 99 36 borgs
405 587 68 34 län,
496 585 398 37 lantbruksakademien,
918 585 312 36 stadsfullmäktige
1252 586 11 30 i
1286 586 118 37 Skara,
1426 587 165 36 styrelsen
1614 587 55 30 för
1691 587 93 30 insti-

284 638 83 28 tutet
384 636 55 30 för
457 635 352 37 husdjursförädling,
829 636 152 30 Svenska
1001 636 483 37 veterinärläkarföreningen,
1504 637 185 36 Sydvästra
1708 637 76 30 Sve-

283 685 86 37 riges
394 686 340 36 veterinärförening,
763 686 211 36 Skaraborgs
1000 688 74 29 läns
1099 687 339 37 veterinärförening,
1466 687 152 36 Sveriges
1644 687 140 31 smides-

284 737 25 29 &
329 736 205 31 mekaniska
552 737 317 30 verkstadsidkares
888 736 226 31 riksförbund
1133 739 164 28 ävensom
1316 737 278 31 Skandinaviska
1614 739 170 29 kreaturs-

286 786 358 37 försäkringsbolaget.
675 787 352 36 Medicinalstyrelsen
1055 787 242 31 överlämnade
1324 787 202 31 utlåtanden
1551 788 80 31 från
1656 792 128 27 statens

282 837 461 37 veterinärbakteriologiska
760 839 142 29 anstalts
919 839 142 35 nämnd,
1080 838 152 31 Svenska
1250 838 451 37 länsveterinärföreningen
1720 840 65 29 och

283 887 150 31 Svenska
457 887 541 37 distriktsveterinärföreningen.
1023 887 128 31 Chefen
1172 890 55 29 för
1250 890 118 29 armén
1391 888 195 38 åberopade
1608 889 177 30 utlåtande

285 936 79 31 från
397 938 370 36 arméförvaltningens
798 938 467 36 intendenturdepartement.
1297 939 65 30 Vid
1394 940 181 36 styrelsens
1609 940 55 30 för
1698 941 86 29 lant-

284 988 302 36 brukshögskolan
611 989 158 36 yttrande
797 988 139 37 fogades
961 988 178 31 utlåtande
1165 988 80 31 från
1269 990 209 36 högskolans
1504 990 279 31 försöksnämnd.

286 1038 169 37 Styrelsen
477 1039 57 30 för
556 1039 362 36 veterinärhögskolan
942 1040 242 30 överlämnade
1204 1039 177 31 utlåtande
1404 1039 80 31 från
1506 1041 209 35 högskolans
1737 1041 46 30 lä-

283 1090 254 36 rarkollegium.
558 1091 300 36 Länsstyrelserna
877 1091 10 29 i
908 1091 224 36 Jönköpings,
1157 1091 186 36 Göteborgs
1366 1091 65 30 och
1451 1091 128 35 Bohus,
1601 1087 184 40 Älvsborgs

283 1145 89 26 samt
400 1141 212 37 Skaraborgs
642 1143 58 29 län
727 1142 243 31 överlämnade
998 1141 201 31 utlåtanden
1227 1141 79 31 från
1334 1142 257 30 vederbörande
1618 1142 166 30 länsvete-

281 1193 140 30 rinärer.

329 1242 200 30 Sedermera
549 1242 118 30 inkom
688 1241 80 31 från
790 1242 278 31 Skandinaviska
1088 1242 511 37 kreatursförsäkringsbolaget
1618 1253 43 20 en
1679 1243 68 30 den
1765 1244 18 29 3

284 1302 91 20 mars
397 1293 82 30 1943
498 1292 213 37 dagtecknad
733 1292 172 36 skrivelse,
924 1292 104 36 enligt
1045 1292 113 31 vilken
1176 1293 145 36 bolaget,
1340 1294 111 29 under
1470 1293 246 37 förutsättning
1736 1296 48 28 att

284 1343 613 36 veterinärinrättningssakkunnigas
921 1342 129 37 förslag
1073 1343 137 30 komme
1234 1346 49 27 att
1305 1344 10 29 i
1335 1344 253 36 huvudsakliga
1612 1344 95 31 delar
1730 1353 52 27 ge-

283 1393 187 36 nomföras,
492 1393 150 30 förband
664 1393 51 36 sig
735 1396 50 27 att
804 1393 50 30 till
874 1393 204 30 statsverket
1099 1394 199 30 överlämna
1320 1394 69 30 dels
1413 1394 57 30 för
1492 1395 228 35 anläggandet
1742 1404 41 20 av

280 1444 67 30 den
363 1444 332 37 försöksavdelning,
717 1454 76 20 som
811 1445 41 29 de
872 1444 218 36 sakkunniga
1109 1444 185 36 föreslagit,
1317 1445 139 35 233,600
1478 1446 137 34 kronor,
1638 1445 71 31 dels
1729 1444 54 31 för

282 1495 125 30 driften
429 1495 59 31 vid
509 1496 229 36 avdelningen
761 1496 109 29 under
892 1496 40 29 de
954 1494 59 31 två
1035 1495 107 30 första
1166 1495 323 31 verksamhetsåren
1514 1496 117 33 48,675
1655 1496 129 29 kronor

280 1546 137 37 årligen,
437 1546 172 39 varjämte
625 1547 136 36 bolaget
780 1546 210 36 meddelade,
1012 1549 48 27 att
1078 1547 160 35 beloppet
1257 1557 57 20 om
1333 1547 141 35 233,600
1496 1547 129 29 kronor
1643 1547 140 29 komme

283 1600 48 27 att
351 1606 40 21 av
413 1597 137 36 bolaget
570 1597 167 30 utbetalas
759 1596 182 31 successivt
962 1596 87 30 efter
1071 1596 331 31 överenskommelse
1423 1600 90 27 samt
1535 1597 41 30 de
1598 1596 107 37 årliga
1726 1598 55 29 be-

283 1648 125 35 loppen
431 1648 11 29 i
464 1647 149 30 förskott
635 1647 57 30 vid
713 1647 159 30 vartdera
892 1646 327 31 verksamhetsårets
1242 1647 132 39 början.

327 1698 76 30 Med
424 1698 164 30 skrivelse
609 1698 64 29 den
696 1698 42 30 30
763 1698 142 30 oktober
931 1698 83 30 1943
1038 1698 242 30 överlämnade
1303 1697 349 37 medicinalstyrelsen
1675 1707 44 21 en
1741 1708 41 20 av

281 1748 122 30 chefen
426 1749 55 30 för
505 1749 181 37 styrelsens
711 1748 267 37 veterinärbyrå,
1004 1748 283 30 medicinalrådet
1310 1749 82 29 Axel
1416 1748 145 36 Alegren
1587 1749 195 36 upprättad,

283 1799 66 30 den
369 1800 39 29 22
427 1799 11 29 i
459 1808 134 21 samma
613 1798 129 31 månad
763 1799 215 36 dagtecknad
996 1799 230 36 promemoria
1245 1797 177 38 angående
1441 1799 146 30 behovet
1607 1810 41 20 av
1670 1799 111 30 forsk-

282 1851 228 35 ningsanstalt
535 1851 79 29 med
638 1849 225 37 försöksgård
887 1850 55 30 för
968 1850 227 31 utforskande
1220 1851 66 29 och
1312 1850 244 36 bekämpande
1579 1859 42 20 av
1648 1849 134 30 ofrukt-

282 1901 132 29 samhet
436 1901 67 29 och
525 1900 291 39 bristsjukdomar
837 1901 64 29 hos
924 1900 159 39 husdjur,
1106 1901 10 29 i
1138 1910 77 21 vars
1238 1901 216 36 synpunkter
1478 1900 303 37 medicinalstyrel-

283 1960 59 21 sen
367 1951 153 30 uttalade
546 1951 55 30 sitt
626 1951 264 30 instämmande.
917 1951 13 30 I
955 1950 256 37 promemorian
1236 1951 191 36 framhölls,
1454 1951 107 30 bland
1586 1954 115 32 annat,
1727 1951 55 30 det

283 2002 195 30 önskvärda
496 2002 11 30 i
523 2005 49 27 att
589 2011 41 21 en
647 2002 297 36 kompletterande
961 2002 183 36 utredning
1161 2002 222 30 verkställdes
1403 2000 178 38 angående
1597 2001 184 31 veterinär-

282 2052 251 36 inrättningens
559 2052 11 30 i
598 2052 107 30 Skara
731 2052 303 36 omorganisation,
1060 2052 86 30 helst
1170 2052 112 30 under
1308 2052 212 30 medverkan
1544 2062 42 20 av
1611 2052 171 30 särskilda

282 2103 227 36 sakkunniga.
538 2103 233 36 Utredningen
796 2103 105 30 borde
928 2112 80 21 avse
1037 2103 70 30 dels
1135 2103 248 36 inrättningens
1410 2102 292 37 omorganisation
1732 2102 50 30 till

282 2163 42 20 en
347 2154 124 30 anstalt
494 2154 55 30 för
573 2153 181 36 forskning
775 2154 12 29 i
810 2153 108 30 första
940 2154 97 29 hand
1058 2153 220 30 beträffande
1301 2153 152 30 sterilitet
1475 2163 79 20 men
1575 2154 85 29 även
1684 2153 10 29 i
1716 2153 66 29 den

282 2204 217 37 omfattning,
528 2214 73 20 som
630 2204 155 31 nämnda
812 2204 218 36 sakkunniga
1056 2204 115 30 kunde
1198 2213 84 21 anse
1309 2204 152 36 lämplig,
1492 2203 220 31 beträffande
1741 2203 41 30 de

279 2256 165 36 cgentliga
467 2256 350 36 bristsjukdomarna,
842 2256 71 30 dels
939 2256 209 30 inrättandet
1172 2265 42 21 av
1237 2265 45 21 en
1307 2254 296 37 klinikavdelning
1626 2254 11 30 i
1662 2253 119 31 Skara.

325 2307 143 31 Jämlikt
499 2307 121 36 Kungl.
651 2305 121 37 Maj:ts
800 2306 277 37 bemyndigande
1106 2307 64 29 den
1200 2306 20 30 3
1250 2306 180 30 december
1461 2305 84 30 1943
1574 2304 207 31 tillkallades

278 2356 215 31 sistnämnda
519 2357 66 36 dag
608 2355 340 38 expeditionschefen
973 2356 11 29 i
1008 2355 460 37 jordbruksdepartementet
1494 2354 36 30 G.
1555 2354 37 31 A.
1619 2354 164 35 Bouveng

281 2410 49 27 att
355 2407 184 30 verkställa
562 2406 263 36 överarbetning
849 2415 42 21 av
913 2405 615 45 veterinärinrättningssakkunnigas
1551 2404 229 34 betänkande,

279 2457 168 38 varjämte
472 2458 237 31 förordnande
733 2457 218 31 meddelades
978 2457 56 31 för
1056 2457 259 36 professorerna
1338 2457 58 30 vid
1419 2454 363 37 veterinärhögskolan
