2154 2626
408 216 121 31 Andra
553 216 209 31 kammarens
785 213 141 32 andra
949 212 178 41 tillfälliga
1148 213 138 31 utskotts
1307 210 174 33 utlåtande
1503 211 52 31 Nr
1578 213 28 28 6.
1755 211 17 29 3

200 295 278 48 riprodukterna
504 294 148 35 beredas
679 295 112 34 större
819 291 461 47 avsättningsmöjligheter
1297 303 132 34 genom
1457 288 275 36 underlättande
1768 300 44 23 av

202 348 101 34 deras
342 347 185 45 transport
569 345 67 35 och
676 343 234 36 distribution
950 342 83 35 med
1087 341 232 36 undvikande
1360 343 38 33 så
1439 340 103 47 långt
1580 340 144 46 möjligt
1766 351 44 23 av

202 397 217 47 fördyrande
459 395 279 36 mellanhänder.
794 393 193 36 Utskottet
1027 405 102 23 anser
1155 393 11 34 i
1194 393 117 34 likhet
1338 391 81 36 med
1446 389 365 48 lantbruksstyrelsen

203 448 117 35 denna
347 448 102 46 fråga
476 459 83 23 vara
584 446 85 34 värd
698 445 70 35 den
798 446 131 34 största
956 443 329 47 uppmärksamhet.

336 498 152 47 Tydligt
515 501 47 41 är,
591 498 54 33 att
674 496 81 35 hela
796 496 61 34 det
896 495 65 34 här
994 494 232 35 förevarande
1253 493 212 47 spörsmålet
1491 492 127 35 kräver
1645 504 44 23 en
1717 491 98 46 plan-

202 550 132 46 mässig
360 548 272 45 undersökning
659 560 42 21 av
729 546 68 35 alla
825 546 43 34 de
896 545 117 35 medel
1040 545 67 35 och
1134 546 163 45 utvägar,
1326 556 77 23 som
1430 543 123 34 kunna
1579 542 167 35 befordra
1771 554 43 22 en

203 599 331 36 tillfredsställande
568 598 144 46 lösning
739 609 43 23 av
810 597 208 34 detsamma.
1074 595 230 35 Motionären
1332 595 65 34 har
1415 593 288 46 huvudsakligen
1721 592 94 47 tagit

203 651 89 35 sikte
319 652 46 46 på
396 650 69 35 vad
499 662 76 23 som
615 649 65 34 bör
706 650 143 44 åtgöras
876 647 57 34 för
959 646 212 35 havsfiskets
1198 645 211 47 främjande.
1464 644 128 46 Enligt
1618 643 197 35 utskottets

203 702 94 35 åsikt
324 702 75 44 bör,
429 702 115 34 såsom
579 702 89 32 även
700 711 44 22 av
766 697 368 46 lantbruksstyrelsen
1161 696 227 44 framhållits,
1418 707 45 23 en
1490 694 181 36 eventuell
1697 694 119 35 utred-

204 753 100 46 ning,
333 753 57 34 för
430 753 55 33 att
525 752 84 34 ernå
648 749 216 46 allsidighet,
907 751 89 32 även
1037 748 153 34 omfatta
1225 746 507 46 utvecklingsmöjligheterna
1759 745 57 34 för

204 803 107 35 fisket
337 803 12 34 i
377 804 84 33 våra
487 800 210 47 skärgårdar
724 800 67 35 och
819 800 193 34 sötvatten.

337 853 87 35 Med
459 852 195 45 anledning
681 864 43 22 av
751 850 69 35 vad
861 849 149 35 sålunda
1037 861 92 23 ovan
1163 849 138 34 anförts
1327 848 55 35 får
1408 847 180 35 utskottet
1614 846 200 43 hemställa,

707 953 55 33 att
803 950 110 35 andra
952 950 208 34 kammaren
1187 950 56 34 för
1269 949 57 35 sin
1353 949 57 35 del
1437 950 112 33 måtte
1578 947 148 44 besluta,
1756 948 54 33 att

608 1002 192 46 riksdagen
839 1001 84 34 ville
963 1001 12 34 i
1016 1000 168 35 skrivelse
1226 1000 57 35 till
1325 999 138 47 Kungl.
1497 998 108 46 Maj:t
1632 997 180 44 anhhålla,

607 1055 55 33 att
701 1052 139 46 Kungl.
884 1051 108 47 Maj:t
1035 1051 84 35 ville
1158 1051 72 35 låta
1257 1050 137 44 utreda,
1424 1050 95 34 vilka
1546 1048 165 47 åtgärder
1737 1060 77 23 som

607 1104 122 34 kunna
753 1103 68 35 och
839 1103 86 34 böra
943 1102 164 46 vidtagas
1125 1102 56 34 för
1198 1103 55 33 att
1271 1101 247 35 åstadkomma
1544 1112 44 23 en
1628 1099 93 35 ökad
1756 1111 59 23 an-

607 1154 186 46 vändning
833 1166 43 21 av
917 1153 67 34 fisk
1017 1153 98 35 inom
1156 1152 133 44 landet,
1318 1152 67 35 och
1412 1152 57 34 för
1494 1150 191 46 riksdagen
1709 1150 105 34 fram-

604 1205 104 46 lägga
749 1204 42 35 de
819 1203 144 46 förslag,
992 1203 119 35 vartill
1139 1203 241 45 utredningen
1399 1202 72 35 kan
1489 1202 83 46 giva
1599 1200 206 46 anledning.

341 1306 211 35 Stockholm
580 1305 69 35 den
677 1305 21 35 5
726 1317 94 22 mars
850 1304 106 34 1920.

777 1409 51 34 På
854 1406 204 36 utskottets
1084 1407 152 43 vägnar:

825 1509 42 34 E.
897 1505 291 38 MOBERGER.

335 1660 205 31 Närvarande
563 1659 54 30 vid
640 1659 208 30 förevarande
871 1657 132 31 ärendes
1026 1655 278 38 slutbehandling:
1329 1655 108 29 herrar
1460 1652 180 40 Moberger,
1663 1651 151 40 Sjögren,

201 1701 168 38 Isaksson,
404 1701 92 37 Fast,
528 1701 146 31 Larsson
697 1701 10 29 i
731 1701 141 35 Kroken,
896 1697 154 39 Hedvall,
1074 1696 172 40 Svedberg,
1266 1693 167 42 Hellberg,
1450 1693 104 33 Schill
1570 1696 57 29 och
1644 1693 172 32 Johanson

202 1745 11 29 i
235 1744 227 39 Hallagården.
