1868 2782
270 159 38 31 12
588 160 123 29 Första
730 160 246 38 lagutskottets
995 159 178 31 utlåtande
1190 170 44 21 nr
1251 161 38 29 31
1310 162 39 29 år
1368 161 84 30 1960

274 243 197 38 ningsform
497 243 62 30 bör
584 242 120 31 därför
729 243 77 30 icke
830 243 224 31 inskränkas.
1081 245 169 38 Reglerna
1275 254 57 21 om
1358 245 411 39 kungörelsedelgivning

273 293 78 29 med
371 302 139 30 person,
531 302 73 21 som
624 293 64 30 har
709 294 87 30 känt
815 294 149 30 hemvist
984 294 95 30 inom
1100 294 100 34 riket,
1220 295 63 29 bör
1302 295 223 39 följaktligen
1544 295 193 30 bibehållas
1756 295 12 30 i

273 343 328 39 rättegångsbalken
623 343 58 30 vid
705 343 101 30 sidan
829 353 41 21 av
892 344 42 30 de
957 353 70 30 nya
1049 344 539 40 delgivningsbestämmelserna.
1611 345 66 30 Det
1700 348 69 27 tor-

274 392 41 30 de
335 392 35 31 få
389 394 192 29 ankomma
600 393 44 40 på
664 395 116 28 rätten
801 396 49 27 att
869 394 148 35 besluta,
1037 403 57 21 om
1113 395 58 29 det
1191 404 66 20 ena
1276 395 83 29 eller
1378 395 58 30 det
1456 396 111 29 andra
1587 405 42 20 av
1648 396 42 29 de
1710 395 58 30 två

273 443 333 39 delgivningssätten
628 443 90 30 skall
741 444 187 39 tillämpas.

317 493 170 39 Reglerna
506 502 57 21 om
582 494 66 29 den
668 503 70 30 nya
758 494 356 39 delgivningsformen
1134 495 99 29 torde
1252 495 189 39 lämpligen
1460 495 85 30 böra
1564 497 173 38 upptagas
1756 496 12 29 i

274 543 40 30 33
333 543 78 40 kap.
433 544 40 29 12
495 543 16 38 $
532 544 109 30 andra
659 544 137 39 stycket
814 544 338 39 rättegångsbalken.
1171 545 268 40 Lagändringen
1459 545 198 30 föranleder
1674 546 94 30 vissa

272 593 158 31 formella
452 593 227 40 jämkningar
699 594 12 29 i
735 594 39 29 12
796 594 64 30 och
883 594 37 29 17
946 594 38 37 $$
1008 594 290 39 konkurslagen.»

274 684 166 36 Lagrådet

315 742 172 39 Lagrådet
510 743 159 31 anförde:

319 793 111 30 >Från
446 793 96 30 äldre
556 794 221 40 lagstiftning
792 796 148 38 upptogs
956 795 11 29 i
985 794 83 30 1734
1083 795 56 30 års
1154 796 56 39 lag
1225 795 55 30 för
1295 796 174 29 tvistemål
1485 796 67 29 den
1566 796 205 40 ordningen,

272 846 50 28 att
341 853 42 20 en
404 845 181 34 svarande,
607 853 74 22 som
704 845 99 30 sökte
823 845 92 30 hålla
936 845 53 40 sig
1009 846 128 33 undan,
1158 846 11 29 i
1189 845 95 32 vissa
1305 846 61 30 fall
1387 847 120 29 kunde
1528 846 115 40 delges
1665 847 105 29 stäm-

272 894 83 39 ning
377 902 125 32 genom
526 896 50 28 att
598 895 65 29 den
687 895 110 30 fästes
818 896 44 39 på
884 896 90 31 hans
996 896 160 31 husdörr.
1179 897 78 29 Med
1280 897 190 38 ändringar
1492 897 12 29 i
1527 897 97 39 fråga
1648 906 57 20 om
1727 897 43 29 de

271 945 161 29 närmare
453 945 343 39 förutsättningarna
815 955 45 20 m.
881 955 45 20 m.
947 946 169 30 bibehölls
1137 947 95 29 detta
1254 946 213 35 förfarande,
1491 956 25 21 s.
1538 948 33 29 k.
1594 946 176 40 spikning,

271 994 53 30 till
341 995 79 30 dess
438 995 59 30 det
516 995 10 29 i
545 1005 67 29 nya
630 995 329 40 rättegångsbalken
979 997 145 30 ersattes
1143 1006 43 21 av
1205 997 182 39 möjlighet
1406 997 52 30 till
1481 997 289 39 surrogatdelgiv-

271 1044 83 40 ning
372 1045 196 40 respektive
587 1046 411 40 kungörelsedelgivning
1021 1046 57 34 (33
1097 1047 79 39 kap.
1197 1047 118 34 8—10,
1337 1048 49 33 12,
1409 1047 50 34 13,
1480 1047 41 30 20
1544 1047 71 37 88).
1636 1047 48 30 På
1704 1047 67 31 vis-

272 1104 38 21 sa
336 1095 109 30 andra
474 1096 166 29 områden
667 1096 237 31 förekommer
931 1096 154 40 alltjämt
1113 1096 399 41 spikningsförfarande.
1541 1097 144 31 Erinras
1712 1098 59 30 må

272 1145 146 30 sålunda
436 1154 58 21 om
511 1146 309 31 bestämmelserna
837 1146 54 31 för
908 1147 275 39 överbringande
1201 1157 43 21 av
1261 1148 254 30 underrättelse
1535 1148 50 29 till
1605 1148 166 40 gäldenär

272 1197 50 28 att
344 1196 202 39 utmätning
567 1197 97 30 sökts
687 1197 83 29 eller
793 1197 51 29 till
867 1197 182 39 hyresgäst
1072 1199 50 29 att
1144 1197 262 40 verkställighet
1428 1199 139 38 begärts
1591 1208 42 20 av
1655 1198 116 30 beslut

272 1255 56 20 om
348 1246 197 40 avhysning
570 1246 57 34 (60
648 1247 65 30 och
737 1247 61 30 193
821 1246 37 38 8$
880 1247 345 40 utsökningslagen).
1247 1248 52 29 En
1321 1248 262 40 framställning
1605 1258 42 21 av
1667 1249 104 39 justi-

271 1295 352 32 tieombudsmannen
647 1296 364 34 (ämbetsberättelsen
1033 1298 83 30 1949
1136 1308 25 20 s.
1182 1298 81 34 228)
1288 1308 56 21 om
1364 1298 150 40 ändring
1534 1308 41 21 av
1594 1299 102 30 dessa
1715 1300 56 29 be-

272 1347 218 29 stämmelser
516 1347 51 29 till
591 1348 347 30 överensstämmelse
963 1349 80 30 med
1068 1349 346 39 rättegångsbalkens
1440 1349 331 40 delgivningsregler

272 1396 96 30 ledde
386 1396 30 40 ej
438 1397 54 30 till
510 1399 106 28 annat
633 1398 45 29 än
696 1407 44 21 en
756 1398 186 39 jämkning
959 1398 11 29 i
989 1399 182 39 lagtexten,
1191 1398 237 31 innebärande
1447 1401 51 28 att
1516 1400 255 30 underrättelse

271 1446 11 29 i
301 1446 273 40 fortsättningen
591 1447 30 40 ej
644 1447 96 40 finge
759 1448 109 30 fästas
887 1449 45 39 på
951 1449 127 30 dörren
1097 1450 206 29 annorledes
1324 1451 44 28 än
1387 1450 11 29 i
1419 1450 106 30 slutet
1544 1450 134 30 kuvert.
1699 1451 73 29 Mot

271 1497 66 30 den
364 1506 42 21 av
431 1497 444 40 justitieombudsmannen
903 1499 186 30 förordade
1117 1499 176 31 reformen
1321 1501 167 29 framhöll
1517 1501 253 39 föredragande

271 1548 394 39 departementschefen,
689 1550 52 29 att
763 1549 66 29 den
852 1551 118 38 syntes
993 1550 118 30 alltför
1133 1550 197 39 vittgående
1353 1551 56 30 för
1432 1553 51 28 att
1505 1551 84 30 böra
1611 1551 159 39 vidtagas

271 1597 56 30 vid
348 1607 43 21 en
412 1598 179 40 tidpunkt,
612 1599 44 31 då
678 1608 43 22 en
744 1599 294 40 genomgripande
1060 1600 242 40 omarbetning
1324 1610 42 21 av
1387 1601 79 30 hela
1489 1601 281 39 utsökningsrät-

271 1649 57 28 ten
342 1657 81 21 vore
439 1649 167 39 tämligen
621 1650 87 29 nära
724 1649 229 31 förestående.
971 1650 78 30 Han
1065 1650 159 31 erinrade
1240 1651 12 29 i
1268 1651 111 40 övrigt
1395 1651 45 30 bl.
1458 1660 30 22 a.
1505 1653 51 29 att
1573 1654 47 27 ett
1637 1652 133 39 kungö-

271 1698 294 31 relseförfarande
589 1699 75 31 icke
689 1700 12 29 i
726 1700 57 30 det
808 1700 236 40 föreliggande
1069 1702 290 39 sammanhanget
1383 1702 107 30 borde
1515 1702 144 35 införas,
1686 1703 84 29 enär

270 1749 234 39 borgenärens
524 1749 221 40 möjligheter
765 1752 50 28 att
835 1751 124 30 snabbt
980 1751 132 30 erhålla
1131 1751 201 40 utmätning
1351 1751 203 41 därigenom
1576 1752 112 30 skulle
1709 1753 61 29 all-

270 1799 123 40 varligt
412 1799 203 31 försämras.
639 1800 99 34 (NJA
757 1801 29 29 II
807 1801 79 30 1951
908 1810 26 22 s.
953 1801 63 30 577
1036 1811 29 21 o.
1084 1801 91 35 578.)

314 1849 63 31 Det
395 1849 251 40 ålderdomliga
665 1850 407 40 spikningsförfarandet
1090 1852 110 30 måste
1219 1853 87 29 även
1323 1853 12 29 i
1354 1852 54 30 sin
1427 1852 229 31 modifierade
1677 1854 92 29 form

270 1908 83 21 vara
375 1900 107 39 ägnat
506 1902 50 28 att
577 1901 111 30 väcka
711 1902 198 39 uppseende
932 1902 108 30 bland
1063 1902 66 30 den
1153 1903 118 30 söktes
1294 1910 153 32 grannar
1470 1904 66 29 och
1559 1904 111 30 andra
1694 1913 76 21 som

269 1950 85 30 råka
373 1958 34 22 se
425 1951 59 29 det
502 1951 78 30 med
598 1950 90 40 sigill
707 1951 164 30 försedda
889 1952 168 39 anslaget.
1076 1952 116 40 Enligt
1211 1953 66 30 vad
1296 1953 245 31 erfarenheten
1560 1954 88 30 visat
1668 1955 102 29 drab-

269 2000 62 30 bar
348 2000 170 40 obehaget
535 2001 121 30 härvid
674 2001 77 31 icke
768 2002 97 30 alltid
883 2002 88 30 blott
989 2003 67 29 den
1074 2003 108 30 sökte.
1200 2003 70 30 När
1288 2012 42 21 en
1348 2003 217 32 inneboende
1583 2005 113 33 sökes,
1715 2006 55 29 tro

269 2050 133 30 kanske
421 2059 210 31 grannarna,
649 2053 52 29 att
720 2052 108 29 saken
846 2052 107 39 gäller
971 2053 131 31 dennes
1119 2053 201 40 hyresvärd.
1340 2054 92 30 Från
1452 2054 317 40 delgivningsman-

270 2109 85 21 nens
373 2099 76 32 sida
467 2102 72 29 kan
556 2102 63 30 lätt
637 2102 198 40 förväxling
853 2104 71 33 ske,
943 2104 64 29 när
1025 2103 11 29 i
1054 2104 101 30 huset
1174 2104 42 30 bo
1236 2104 87 30 flera
1341 2104 221 40 hyresgäster
1580 2106 78 30 med
1679 2115 90 20 sam-

269 2159 58 21 ma
347 2160 108 20 namn
477 2160 30 21 o.
530 2161 25 21 s.
575 2161 30 21 v.
627 2152 66 30 Om
715 2153 119 39 dylika
855 2153 62 30 fall
938 2163 63 20 var
1021 2155 162 29 närmare
1204 2154 49 30 tal
1274 2154 12 29 i
1306 2154 462 40 justitieombudsmannens

269 2202 246 30 ovannämnda
537 2202 271 40 framställning.
828 2204 64 29 Det
914 2204 98 29 torde
1033 2205 109 29 under
1162 2205 64 29 här
1248 2205 148 39 angivna
1417 2205 246 30 förhållanden
1683 2206 87 30 böra

268 2252 125 29 krävas
412 2253 122 29 starka
552 2253 74 29 skäl
644 2253 55 30 för
717 2255 51 28 att
784 2254 58 30 det
860 2254 88 29 skall
967 2263 103 21 anses
1087 2254 213 40 nödvändigt
1318 2257 50 29 att
1386 2255 166 31 införliva
1571 2256 198 40 spiknings-

270 2301 219 31 förfarandet
507 2303 86 29 även
609 2304 79 30 med
707 2304 68 29 den
792 2313 67 30 nya
877 2304 406 40 rättegångsordningen.

313 2352 342 40 Ändringsförslaget
675 2354 130 30 hänför
826 2353 50 40 sig
896 2354 52 29 till
969 2355 111 29 andra
1100 2356 135 38 stycket
1255 2356 11 29 i
1287 2356 41 30 33
1349 2356 79 40 kap.
1453 2356 39 30 12
1516 2356 16 37 8
1554 2356 214 40 rättegångs-

270 2400 135 32 balken.
425 2402 74 30 Där
517 2411 97 22 avses
634 2403 57 30 det
712 2402 73 36 fall,
805 2405 49 28 att
873 2413 43 20 en
935 2403 170 41 handling
1124 2405 89 29 skall
1233 2405 115 39 delges
1367 2406 116 39 någon
1502 2415 74 21 som
1595 2407 64 29 har
1678 2407 87 30 känt

268 2451 149 31 hemvist
436 2452 11 29 i
467 2451 100 36 riket,
587 2453 120 31 varvid
727 2454 89 29 dock
835 2453 124 31 hinder
979 2454 55 29 för
1053 2454 243 40 delgivningen
1315 2456 123 33 möter,
1457 2456 12 29 i
1489 2457 57 29 det
1566 2458 50 28 att
1635 2458 132 30 varken
