2228 2616
447 165 17 28 2
579 162 115 32 Andra
717 164 216 31 Kammarens
957 161 185 43 Tillfälliga
1171 163 144 32 Utskotts
1337 164 77 34 (N:o
1436 165 31 37 4)
1497 161 174 35 Utlåtande
1694 165 62 32 N:o
1778 164 51 32 38.

542 249 112 36 Detta
683 248 238 37 förhållande
949 249 159 37 innebär
1136 263 44 23 en
1212 250 218 49 oförneklig
1449 250 71 36 och
1539 255 76 32 rätt
1634 251 203 36 allvarsam
1859 251 157 49 olägen-

408 299 66 36 het
501 299 241 47 därutinnan,
769 305 54 31 att
851 305 148 31 statens
1028 300 317 37 affärsdrifvande
1373 301 94 36 verk
1488 304 119 33 måste
1627 301 107 49 ligga
1753 301 121 37 under
1893 301 11 36 1
1925 302 92 36 kon-

408 350 212 36 kurrensen
662 350 87 36 med
789 350 47 36 de
878 355 103 32 stora
1022 350 174 37 enskilda
1238 352 202 48 företagen
1482 365 60 22 om
1584 352 46 36 de
1667 353 110 35 bästa
1804 352 211 36 krafterna.

410 399 265 49 Olägenheten
704 400 230 37 framträder
961 401 147 36 kanske
1137 401 95 37 allra
1252 407 98 31 mest
1369 405 49 45 på
1431 402 396 48 järnvägsväsendets
1848 403 167 45 område,

409 451 69 36 där
518 456 102 31 stora
659 451 178 36 enskilda
876 451 195 49 banbolag
1111 452 125 36 drifva
1264 452 57 37 sin
1350 453 144 36 rörelse
1522 453 63 36 vid
1614 453 109 36 sidan
1752 453 42 36 af
1819 453 198 48 statsjärn-

407 506 181 43 vägarna.
637 502 72 35 Det
738 507 39 31 är
804 502 132 47 kändt,
966 507 54 31 att
1047 503 46 35 de
1113 507 123 32 större
1252 502 354 50 järnvägsbolagen
1626 503 106 49 gifva
1752 504 80 36 sina
1852 503 163 37 ledande

409 557 88 31 män
525 551 149 48 villkor,
704 565 80 23 som
812 552 12 36 1
847 552 187 49 trygghet
1054 558 101 31 mäta
1175 553 61 49 sig
1255 554 86 36 med
1361 553 441 49 statstjänstemännens,
1823 567 87 24 men
1930 554 87 36 med

408 602 151 49 hänsyn
586 602 58 36 till
672 602 282 50 lönebeloppen
982 603 235 49 ojämförligt
1244 604 212 49 öfverstiga
1484 604 101 37 hvad
1614 617 47 24 en
1688 604 233 49 tjänsteman
1953 604 65 37 vid

409 653 272 36 statsbanorna
722 666 89 23 vare
854 654 61 49 sig
943 654 68 36 har
1039 653 92 37 eller
1159 654 191 49 någonsin
1377 655 77 36 kan
1482 655 149 49 hoppas
1659 659 59 33 nå.
1773 655 162 49 Följden
1965 661 53 41 är,

409 709 56 30 att
493 703 159 49 dugliga
680 704 145 36 krafter
852 708 51 45 gå
931 704 107 37 öfver
1065 704 84 37 från
1178 705 271 37 statsbanorna
1477 705 57 36 till
1555 705 152 37 enskild
1727 706 130 48 tjänst,
1880 707 140 36 medan

410 757 92 42 åter,
547 768 59 22 om
637 767 47 23 en
712 754 331 49 chefsbefattning
1069 755 63 36 vid
1160 755 272 37 statsbanorna
1460 756 73 36 blir
1560 756 116 49 ledig,
1705 756 65 37 det
1797 762 41 31 är
1866 757 152 48 fåfängt

410 810 56 31 att
507 805 92 36 söka
627 805 59 36 för
714 805 88 36 dess
831 805 278 49 öfvertagande
1137 806 116 37 vinna
1277 820 46 23 en
1352 806 260 37 framstående
1641 806 149 37 enskild
1814 807 204 49 järnvägs-

409 868 100 23 man.
563 856 87 35 Men
679 856 216 48 anspråken
923 859 49 46 på
999 856 97 47 dem,
1125 870 82 23 som
1237 857 144 36 förestå
1401 863 145 30 statens
1560 857 221 49 järnvägar,
1801 858 11 35 i
1833 858 183 36 afseende

410 909 21 33 å
471 905 219 47 fackinsikt,
732 906 461 50 organisationsförmåga
1234 907 70 37 och
1338 907 204 49 duglighet
1569 908 107 36 öfver
1704 908 159 46 hufvud,
1895 912 121 33 måste

409 961 98 32 växa
548 956 85 36 med
670 957 315 49 järnvägsnätets
1025 958 235 48 utveckling,
1289 958 70 36 och
1389 958 65 36 det
1477 958 73 36 blir
1577 958 60 36 för
1665 963 124 32 staten
1818 959 69 36 allt
1914 972 104 23 mera

410 1006 207 49 angeläget
645 1012 54 31 att
727 1007 129 37 kunna
886 1008 58 36 för
968 1007 88 37 dess
1072 1008 238 49 förvaltning
1329 1009 170 48 påräkna
1519 1008 151 37 landets
1685 1009 159 36 främsta
1859 1009 157 37 krafter.

408 1058 116 36 Detta
565 1063 40 30 är
646 1057 41 36 af
724 1057 279 49 omisskännlig
1046 1058 195 49 betydelse
1282 1060 59 35 för
1374 1058 378 49 statsjärnvägarnas
1776 1060 177 36 ekonomi
1982 1060 33 48 ej

409 1107 148 37 mindre
586 1113 46 31 än
661 1108 59 36 för
748 1108 355 37 samfärdsmedlets
1132 1109 175 48 förmåga
1335 1114 55 31 att
1418 1112 49 46 på
1495 1109 110 36 bästa
1633 1114 77 32 sätt
1738 1115 192 32 motsvara
1951 1110 67 37 all-

409 1159 225 36 mänhetens
662 1158 127 37 behof.

545 1208 151 37 Vården
724 1209 71 36 och
823 1209 65 36 det
915 1209 197 48 praktiska
1139 1209 264 49 utnyttjandet
1432 1210 42 35 af
1490 1214 146 32 statens
1657 1215 101 32 stora
1779 1211 237 49 skogsegen-

410 1259 133 37 domar
578 1259 125 36 tarfva
744 1259 186 36 likaledes
973 1273 46 22 en
1059 1259 180 49 förening
1279 1260 42 36 af
1347 1260 207 37 fackinsikt
1582 1261 71 36 och
1682 1261 333 50 affärsduglighet,

409 1310 156 36 hvilken
594 1315 41 31 är
662 1323 105 23 mera
793 1310 56 35 till
877 1310 200 36 finnandes
1104 1310 117 36 bland
1250 1310 65 37 det
1342 1310 198 49 praktiska
1568 1311 129 37 lifvets
1726 1317 87 32 män
1842 1318 48 31 än
1914 1313 101 36 inom

410 1360 362 37 ämbetskretsarne.
827 1360 200 49 Telegraf-
1055 1361 71 36 och
1154 1361 234 48 postverken
1416 1361 136 37 kräfva
1581 1362 260 49 affärsmässig
1869 1363 145 37 skötsel

408 1411 85 37 icke
522 1411 146 36 mindre
697 1416 47 31 än
773 1411 440 49 ämbetsmannamässig
1241 1411 270 49 noggrannhet
1537 1412 58 36 för
1620 1418 56 30 att
1694 1413 107 48 gifva
1820 1418 126 32 staten
1966 1413 50 37 all

410 1462 75 36 den
513 1461 168 36 inkomst
708 1461 70 36 och
806 1474 93 24 vara
927 1461 258 37 allmänheten
1214 1462 57 36 till
1299 1462 67 36 allt
1394 1462 64 37 det
1485 1475 118 36 gagn,
1620 1476 87 23 man
1728 1463 42 36 af
1785 1464 114 36 dessa
1923 1464 93 36 verk

409 1513 77 36 kan
524 1512 154 49 begära.
733 1512 74 36 För
835 1512 120 36 andra
983 1512 179 37 områden
1193 1513 42 36 af
1260 1513 262 49 affärsmässig
1548 1513 258 48 verksamhet,
1835 1527 83 23 som
1947 1515 68 36 här

408 1563 85 37 icke
507 1563 167 36 behöfva
690 1562 182 37 särskildt
887 1568 236 42 omnämnas,
1140 1563 129 37 kunna
1283 1577 148 23 samma
1447 1564 239 49 synpunkter
1696 1570 115 43 göras
1821 1565 193 49 gällande.

559 1613 221 49 Riksdagen
816 1613 70 37 har
927 1613 119 37 redan
1086 1618 48 44 på
1163 1619 54 31 ett
1245 1614 155 37 område
1429 1614 157 36 inrättat
1614 1615 107 36 löner
1749 1616 86 36 med
1864 1616 151 49 hänsyn

408 1664 57 36 till
507 1664 339 48 nödvändigheten
888 1669 55 31 att
981 1664 126 37 kunna
1135 1665 170 47 påräkna
1332 1678 47 23 en
1408 1664 87 37 fullt
1523 1665 235 49 fackmässig
1786 1667 71 36 och
1885 1667 131 36 affärs-

408 1714 138 49 duglig
573 1714 155 46 skötsel,
757 1715 195 48 nämligen
980 1714 505 50 riksbanksförvaltningen.
1529 1715 126 37 Sedan
1680 1720 40 32 år
1750 1719 90 34 1901
1864 1717 152 49 uppbär

409 1765 160 37 sålunda
596 1765 120 37 förste
745 1765 263 49 deputeraden
1037 1765 200 37 därstädes
1265 1771 54 31 ett
1339 1766 284 49 sammanlagdt
1642 1767 158 37 arfvode
1821 1768 41 36 af
1878 1769 137 46 20,000

408 1816 153 41 kronor,
590 1815 71 37 och
688 1815 150 49 platsen
868 1816 169 36 besattes
1066 1829 146 23 samma
1232 1819 40 33 år
1291 1817 86 36 med
1398 1829 47 24 en
1460 1817 194 36 bankman
1672 1818 42 36 af
1724 1818 138 36 facket.
1899 1819 116 36 Detta

407 1866 141 49 belopp
590 1871 41 31 är
671 1867 34 47 ej
747 1866 146 37 normal
923 1866 366 48 ämbetsmannalön,
1318 1873 92 30 utan
1439 1872 152 32 närmar
1619 1867 61 49 sig
1708 1882 103 23 mera
1839 1869 175 36 enskilda

408 1922 121 31 större
558 1917 286 48 affärsföretags
872 1916 228 38 chefslöner.

543 1968 73 36 Det
656 1981 90 23 vore
787 1967 130 37 säkert
958 1968 330 49 ändamålsenligt,
1317 1982 59 22 om
1407 1968 220 49 Riksdagen
1657 1969 178 37 fortsatte
1864 1973 49 46 på
1940 1970 73 37 den

408 2017 158 37 därmed
606 2017 179 50 inslagna
812 2023 126 43 vägen
966 2019 71 36 och
1065 2018 155 49 vidtoge
1250 2019 271 48 anordningar,
1551 2024 65 41 att,
1645 2025 69 31 när
1742 2033 46 23 en
1816 2021 199 48 chefspost

407 2067 75 37 blir
521 2067 105 50 ledig
653 2069 60 36 vid
744 2072 119 45 något
892 2068 42 36 af
959 2075 146 30 statens
1134 2069 319 37 affärsdrifvande
1483 2070 103 45 verk,
1615 2070 144 37 sådana
1787 2071 228 37 lönevillkor

407 2118 130 36 kunde
577 2119 150 48 bjudas,
768 2125 55 30 att
863 2119 152 37 landets
1056 2119 220 49 dugligaste
1317 2121 72 35 och
1429 2120 60 37 för
1530 2120 151 49 platsen
1710 2126 98 32 mest
1835 2121 178 49 lämpade

406 2169 148 37 krafter
581 2169 129 37 kunde
738 2170 190 49 påräknas
958 2170 58 36 för
1044 2170 224 37 densamma
1296 2174 59 32 stå
1382 2170 58 36 till
1469 2171 110 36 buds.
1620 2171 68 36 Ett
1716 2176 75 32 sätt
1819 2177 41 31 är
1881 2178 54 30 att
1955 2172 60 35 för

405 2220 113 36 dessa
546 2219 262 50 befattningar
835 2220 84 37 icke
949 2220 115 37 hafva
1091 2224 128 45 någon
1248 2221 62 36 lön
1339 2224 49 45 på
1417 2226 87 42 stat,
1524 2227 92 31 utan
1638 2228 175 43 uppgöra
1832 2222 87 36 med
1941 2222 73 35 den
