1886 2802
272 112 37 30 10
717 119 276 32 Statsutskottets
1017 121 176 31 utlåtande
1218 131 42 21 nr
1281 122 70 31 186.

273 196 73 29 Vad
374 196 242 31 inkomsterna
646 197 172 31 beträffar
846 208 104 30 synas
977 200 369 40 medlemsavgifterna
1373 202 56 29 för
1459 202 205 40 budgetåret
1695 204 84 30 böra

272 248 170 38 upptagas
466 247 52 29 till
541 248 147 30 allenast
714 248 64 30 300
793 249 61 30 000
879 250 140 30 kronor.
1043 251 13 28 I
1081 251 115 30 stället
1221 252 55 29 för
1300 252 56 30 det
1378 252 200 31 beräknade
1602 254 177 30 överskot-

271 298 48 28 tet
347 297 45 39 på
422 297 62 30 100
499 297 62 30 000
588 299 132 29 kronor
747 299 56 30 för
828 300 204 39 budgetåret
1063 301 149 35 1946/47
1241 303 152 39 uppstod
1421 305 48 27 ett
1498 304 209 30 underskott
1733 305 46 39 på

273 347 37 29 15
326 347 62 30 000
409 348 142 30 kronor.
576 349 239 40 Sammanlagt
837 350 112 30 skulle
971 351 103 31 alltså
1094 352 236 39 tillgångarna
1350 354 144 30 komma
1515 356 51 28 att
1587 355 117 39 uppgå
1725 355 53 30 till

272 397 61 30 740
348 398 62 30 000
433 399 131 29 kronor
588 399 55 30 för
667 400 236 30 innevarande
926 401 169 40 budgetår
1125 402 80 34 (455
1221 403 63 30 000
1308 404 130 29 kronor
1463 404 9 29 i
1502 405 211 40 statsbidrag
1739 407 36 35 +

270 448 63 29 300
347 448 61 30 000
434 449 131 30 kronor
588 450 11 29 i
624 450 320 40 medlemsavgifter
966 470 45 3 —
1037 452 38 30 15
1090 452 63 31 000
1178 453 142 35 kronor,
1347 454 194 39 utgörande
1568 456 210 30 underskott

270 498 55 30 för
352 499 205 39 budgetåret
587 500 184 36 1946/47).
800 502 74 29 Vad
903 503 191 38 utgifterna
1122 503 174 31 beträffar
1323 504 46 30 ha
1398 514 75 21 som
1503 506 144 30 nämnts
1676 507 102 29 dessa

269 549 145 39 tidigare
435 550 190 30 beräknats
644 551 53 29 till
719 551 63 30 905
798 552 62 30 000
880 553 140 30 kronor.
1044 554 66 29 Till
1132 554 91 39 följd
1245 564 42 21 av
1307 556 108 29 redan
1437 556 112 30 under
1572 556 205 40 budgetåret

273 599 146 37 1946/47
450 600 123 40 gjorda
599 602 197 39 åtaganden
822 603 64 29 och
911 603 150 31 framför
1088 604 62 30 allt
1175 605 53 29 till
1255 605 91 40 följd
1372 615 43 21 av
1441 607 42 29 de
1509 607 152 39 ständigt
1689 610 89 37 steg-

270 651 81 29 rade
378 651 165 40 anspråk,
572 661 75 20 som
675 652 114 30 ställts
815 653 45 40 på
887 654 193 30 institutets
1111 655 181 31 allmänna
1319 657 225 30 verksamhet
1573 658 95 29 såväl
1695 658 82 30 från

269 701 158 30 utlandet
456 711 75 20 som
560 702 80 30 från
667 704 151 29 svenska
843 705 243 39 myndigheter
1112 706 65 29 och
1206 707 289 38 organisationer,
1522 708 65 29 har
1613 709 58 29 det
1700 708 77 30 icke

267 752 89 30 visat
376 752 51 39 sig
446 752 138 40 möjligt
603 755 50 28 att
674 754 175 30 nedskära
868 755 191 39 utgifterna
1079 756 52 29 till
1151 757 57 29 det
1230 756 135 41 belopp,
1386 767 74 20 som
1480 758 56 29 för
1556 759 220 30 närvarande

268 802 72 29 står
363 802 53 29 till
438 803 195 30 institutets
654 804 219 39 förfogande.
895 805 396 40 Departementschefen
1313 808 64 29 har
1399 808 207 36 framhållit,
1632 811 51 28 att
1704 810 72 30 han

267 852 88 30 efter
383 862 42 20 en
455 854 226 39 omsorgsfull
710 856 172 38 prövning
910 856 149 30 kommit
1087 857 52 29 till
1171 858 67 29 den
1270 858 200 35 slutsatsen,
1501 861 51 28 att
1580 860 196 30 institutets

267 903 222 30 verksamhet
513 905 111 29 under
644 905 237 30 innevarande
903 906 169 40 budgetår
1092 907 77 30 icke
1190 909 72 29 kan
1283 909 11 29 i
1318 909 112 39 skälig
1451 906 214 43 omfattning
1690 920 87 30 upp-

266 954 184 30 rätthållas
471 955 111 29 under
602 964 43 21 en
667 956 277 39 kostnadsgräns
964 967 42 20 av
1026 957 62 30 865
1104 958 63 30 000
1187 959 141 30 kronor.
1350 960 79 29 Icke
1450 960 109 30 minst
1579 961 89 29 hade
1690 961 87 30 hän-

268 1013 63 30 syn
355 1005 53 29 till
436 1005 131 39 dagens
592 1006 284 31 internationella
903 1007 74 40 läge
1004 1009 296 39 nödvändiggjort
1328 1010 55 30 för
1412 1010 176 31 institutet
1615 1013 51 28 att
1693 1012 83 29 full-

266 1054 88 39 följa
375 1055 41 30 de
440 1056 307 40 arbetsuppgifter,
774 1067 73 20 som
871 1058 137 30 kunnat
1031 1059 196 39 inrymmas
1252 1060 97 30 inom
1374 1061 116 30 denna
1513 1062 260 30 kostnadsram.

310 1105 67 30 För
403 1106 194 30 institutets
623 1107 167 32 fortsatta
815 1108 115 30 arbete
956 1109 95 30 inom
1077 1110 117 30 denna
1221 1120 77 20 ram
1326 1111 112 30 skulle
1465 1112 104 30 alltså
1596 1112 178 31 erfordras

266 1157 48 28 ett
329 1156 201 40 ytterligare
549 1157 121 40 bidrag
689 1167 43 21 av
754 1158 79 34 (865
848 1159 62 30 000
927 1177 45 3 —
988 1159 61 30 740
1064 1160 63 30 000
1146 1161 59 34 =)
1229 1161 61 30 125
1306 1161 62 31 000
1386 1162 141 30 kronor.

311 1248 185 31 Utskottet.
520 1249 51 30 Av
594 1250 66 29 vad
685 1250 11 29 i
721 1251 144 29 ärendet
888 1251 137 30 anförts
1049 1261 102 30 synes
1176 1254 148 38 framgå,
1350 1256 50 27 att
1425 1256 48 28 ett
1497 1255 200 39 ytterligare
1724 1255 50 30 bi-

264 1298 85 39 drag
369 1308 42 21 av
434 1299 61 30 125
511 1299 62 30 000
593 1300 131 30 kronor
748 1302 38 28 är
808 1301 220 40 erforderligt
1049 1303 55 29 för
1124 1305 51 28 att
1199 1304 155 30 Svenska
1374 1304 176 31 institutet
1573 1305 90 30 skall
1684 1306 90 29 kun-

264 1358 45 20 na
334 1350 110 29 under
470 1350 237 30 innevarande
730 1351 170 40 budgetår
921 1352 12 29 i
957 1353 112 39 skälig
1090 1354 216 39 omfattning
1330 1355 241 39 upprätthålla
1596 1356 54 30 sin
1673 1357 101 29 verk-

266 1400 144 30 samhet.
440 1400 177 31 Utskottet
644 1402 39 29 är
710 1402 121 30 därför
859 1402 110 32 berett
996 1403 187 39 tillstyrka,
1214 1406 51 29 att
1294 1405 56 29 det
1379 1414 47 20 nu
1457 1406 130 30 äskade
1615 1406 157 40 anslaget

263 1450 149 30 anvisas.

308 1501 175 30 Utskottet
508 1502 212 35 hemställer,

618 1580 50 28 att
695 1579 189 39 riksdagen
913 1580 59 30 må
998 1580 53 30 till
1081 1580 463 41 Upplysningsverksamhet
1573 1583 12 30 i
1613 1583 159 31 utlandet

574 1629 180 40 angående
782 1630 138 40 Sverige
949 1631 19 29 å
996 1631 210 39 tilläggsstat
1237 1632 30 29 II
1298 1633 53 29 till
1381 1633 192 30 riksstaten
1602 1634 56 29 för
1686 1634 87 30 bud-

573 1680 130 38 getåret
732 1680 151 36 1947/48
908 1681 121 30 anvisa
1055 1684 48 27 ett
1130 1682 123 40 anslag
1278 1692 42 21 av
1349 1683 60 30 125
1425 1683 63 30 000
1516 1684 142 30 kronor.

304 1778 73 34 7:0)
403 1779 203 36 Ytterligare
626 1780 111 29 medel
755 1781 54 29 till
829 1781 217 30 kommittéer
1067 1783 64 28 och
1152 1783 225 36 utredningar
1396 1793 123 26 genom
1540 1785 231 36 sakkunniga.

263 1829 13 29 I
302 1829 150 39 enlighet
478 1830 79 30 med
582 1830 126 39 Kungl.
736 1831 124 39 Maj:ts
886 1831 131 40 förslag
1049 1832 130 40 (punkt
1206 1833 29 35 7,
1264 1843 26 20 s.
1318 1834 39 29 16
1383 1835 65 29 och
1476 1835 57 34 17)
1565 1836 66 29 och
1658 1836 112 30 under

262 1879 140 30 erinran
426 1897 46 4 —
494 1882 50 28 att
568 1881 57 30 det
650 1890 47 20 nu
723 1882 130 30 äskade
880 1882 296 40 tilläggsanslaget
1203 1884 12 29 i
1240 1884 149 30 främsta
1415 1888 152 27 rummet
1595 1887 39 29 är
1658 1888 112 28 avsett

261 1930 52 29 till
339 1930 145 39 utgifter
511 1931 55 29 för
592 1932 204 38 utgivandet
822 1942 42 21 av
888 1933 303 40 framställningar
1216 1935 82 29 över
1326 1935 155 39 Sveriges
1506 1937 264 39 utrikespolitik

261 1980 110 29 under
394 1981 57 30 det
475 1982 111 29 andra
607 1982 233 40 världskriget
862 1983 66 30 och
951 1984 54 29 för
1028 1985 41 29 de
1092 1985 224 39 sakkunniga
1340 1986 56 29 för
1420 1987 189 39 utredning
1632 1996 43 21 av
1699 1987 71 30 frå-

262 2038 66 31 gan
356 2040 56 20 om
438 2032 68 29 den
533 2032 141 39 slutliga
698 2033 255 40 dispositionen
978 2044 42 20 av
1046 2035 93 30 vissa
1164 2036 104 38 tyska
1296 2036 331 39 tillgodohavanden
1652 2037 12 30 i
1691 2037 78 31 Sve-

260 2081 70 39 rige
357 2081 460 40 (tyskmedelskommittén)
843 2102 44 3 —
908 2085 201 30 hemställer
1131 2086 182 34 utskottet,

613 2160 50 28 att
682 2159 187 40 riksdagen
888 2160 59 30 må
965 2160 52 30 till
1038 2161 204 40 Ytterligare
1260 2162 114 30 medel
1391 2162 53 30 till
1460 2163 225 30 kommittéer
1702 2164 65 30 och

570 2209 229 40 utredningar
820 2219 124 31 genom
969 2211 222 41 sakkunniga
1215 2212 21 30 å
1257 2212 210 40 tilläggsstat
1492 2214 30 29 II
1544 2214 54 29 till
1622 2214 146 30 rikssta-

568 2261 58 28 ten
648 2260 56 29 för
728 2260 204 40 budgetåret
956 2261 150 37 1947/48
1129 2263 123 30 anvisa
1274 2265 48 28 ett
1346 2264 358 40 reservationsanslag
1726 2265 42 30 av

568 2309 42 31 40
625 2310 62 30 000
714 2311 141 30 kronor.
