2115 2651
628 209 384 42 Bevillningsutskottets
1036 211 217 31 Betänkande
1275 211 64 31 N:o
1364 213 28 31 8.
1711 211 58 32 141

723 298 124 48 136:0)
892 304 52 31 att
988 302 19 33 å
1049 299 162 49 koppar-
1249 299 70 36 och
1349 312 122 23 annan
1502 298 32 49 ej
1568 299 244 50 specificerad

618 351 229 37 metalltråd:
879 351 116 37 andra
1024 352 84 49 slag
1136 355 114 33 måtte
1281 357 121 32 sättas
1432 365 47 23 en
1508 352 67 37 tull
1605 352 42 36 af
1673 354 46 35 10
1749 357 64 31 öre

617 404 59 36 för
707 407 17 33 1
756 405 198 47 kilogram.

324 560 208 49 Angående
564 562 148 48 träsprit
738 567 121 43 yttrar
886 564 42 34 A.
958 563 44 36 E.
1033 563 181 36 Petersson
1242 562 11 36 1
1283 561 57 37 sin
1369 562 162 36 motion:

325 613 148 37 »Sedan
516 613 297 49 tillverkningen
848 614 41 36 af
913 614 157 49 träsprit
1099 627 154 24 numera
1281 627 139 35 genom
1452 614 73 37 den
1555 619 167 44 antagna
1751 615 64 36 de-

221 665 357 49 natureringslagen
622 666 59 36 för
721 667 158 36 bränvin
917 668 70 35 och
1016 667 96 49 sprit
1140 668 171 35 kommer
1340 673 54 30 att
1422 666 118 37 blifva
1569 667 157 36 föremål
1757 667 58 36 för

220 717 178 37 inhemsk
428 719 303 48 företagsamhet
760 719 71 36 och
860 720 67 36 här
954 720 11 36 i
995 720 129 36 landet
1152 720 73 36 kan
1255 719 282 37 åstadkommas
1557 719 57 36 till
1634 719 87 36 fullt
1740 719 75 37 lika

221 770 146 49 godhet
397 771 71 36 och
497 771 57 37 till
583 771 75 37 lika
686 772 125 48 billigt
839 772 78 49 pris
948 785 80 24 som
1058 772 11 36 i
1098 772 182 49 utlandet,
1311 775 40 34 så
1380 772 161 37 föreslås
1570 772 156 37 härmed
1755 773 61 35 för

223 824 156 48 träsprit
409 837 47 22 en
485 824 67 35 tull
581 824 42 36 af
648 826 70 45 0,50
748 825 142 35 kronor
918 838 69 36 per
1016 825 218 48 kilogram.»

325 876 68 36 Att
422 875 59 37 för
509 876 168 49 träsprit,
709 890 80 23 som
819 891 155 23 numera
1004 882 40 31 är
1073 891 46 22 en
1147 877 125 48 vigtig
1297 890 88 23 vara
1406 877 59 36 för
1485 879 137 46 många
1642 876 174 49 närings-

221 928 131 37 idkare
396 931 126 34 såsom
566 929 419 48 denatureringsmedel
1026 930 59 36 för
1126 929 170 47 bränvin,
1332 929 210 37 bestämma
1576 942 46 23 en
1652 929 164 37 särskild

225 981 78 46 tull,
333 983 121 34 måste
484 994 112 23 anses
627 985 41 33 så
696 982 153 48 mycket
877 982 270 49 angelägnare,
1178 995 81 23 som
1290 982 63 36 det
1380 981 178 46 inträffat,
1585 986 55 31 att
1659 981 158 49 träsprit

223 1032 296 37 tullbehandlats
563 1034 98 36 efter
702 1040 134 30 taxans
880 1034 289 37 bestämmelser
1211 1034 197 48 angående
1451 1039 68 31 art.
1549 1033 167 37 Bränvin
1745 1034 71 36 och

224 1085 103 49 Sprit
356 1091 98 31 samt
481 1086 190 37 förtullats
692 1086 85 36 med
810 1089 17 33 1
859 1087 120 36 krona
1009 1089 47 34 20
1086 1092 63 31 öre
1179 1100 68 36 per
1276 1086 94 37 liter.
1428 1086 87 36 Men
1544 1086 47 36 då
1622 1087 71 35 100
1722 1086 94 36 kilo-

223 1151 107 35 gram
372 1139 157 48 träsprit
571 1139 112 36 kosta
714 1140 70 35 125
816 1140 20 35 å
869 1141 70 34 130
971 1139 150 48 kronor,
1152 1138 120 37 skulle
1302 1138 73 37 den
1404 1139 41 36 af
1471 1138 237 37 motionären
1740 1139 76 35 för-

224 1189 141 37 ordade
394 1191 201 36 tullsatsen
625 1191 41 36 af
693 1193 47 35 50
771 1196 64 31 öre
864 1205 69 35 per
961 1191 185 49 kilogram
1177 1192 151 35 komma
1357 1196 55 31 att
1430 1195 138 45 utgöra
1588 1192 48 35 40
1655 1195 162 44 procent

224 1242 41 36 af
289 1255 137 24 varans
456 1243 128 48 värde,
614 1257 45 23 en
689 1244 163 47 tullsats,
882 1243 153 37 hvilken
1064 1244 189 36 utskottet
1281 1244 32 49 ej
1346 1244 143 36 kunnat
1514 1244 101 36 finna
1635 1249 114 31 annat
1769 1249 48 31 än

224 1295 59 36 för
311 1295 89 48 hög.

328 1373 199 37 Utskottet
556 1373 231 48 hemställer,

730 1479 124 46 137:0)
885 1484 53 30 att
966 1479 12 35 i
1007 1478 184 36 tulltaxan
1222 1481 113 33 måtte
1364 1478 144 36 införas
1539 1491 46 23 en
1614 1492 50 35 ny
1690 1477 127 37 rubrik

631 1532 167 48 Träsprit
838 1531 86 36 med
966 1544 46 23 en
1053 1531 150 36 tullsats
1239 1531 41 35 af
1307 1533 46 34 30
1384 1536 64 31 öre
1478 1530 59 37 för
1568 1533 17 33 1
1616 1530 199 49 kilogram.

328 1721 129 37 Under
498 1721 178 37 rubriken
707 1727 164 32 trävaror
905 1727 189 44 upptager
1123 1722 195 46 tulltaxan,
1350 1722 113 37 bland
1492 1728 126 42 annat,
1650 1722 168 50 följande

226 1773 309 37 bestämmelser:

1415 1887 135 27 Qvantitet
1573 1887 39 21 för

1439 1922 140 39 tullberäk-
1668 1921 113 23 Tullsats
1814 1919 3 44 |

1463 1963 101 21 ningen.

425 2022 72 36 alla
526 2022 117 36 andra
672 2035 80 23 mer
782 2022 92 37 eller
902 2022 146 37 mindre
1085 2022 178 37 arbetade
1292 2028 75 31 trä-
1651 2017 152 42 Kronor|öre

475 2087 123 35 varor,
621 2075 189 36 derunder
833 2075 227 49 inbegripna
1085 2075 190 37 snickare-
1297 2076 67 36 och
1753 2067 63 44 ||

475 2126 407 38 stolmakarearbeten:
1753 2119 64 52 -

247 2174 85 57 552.
527 2179 42 36 af
594 2179 83 36 furu
706 2179 93 37 eller
827 2192 107 36 gran,
963 2185 91 31 utan
1069 2179 192 49 betsning,
1279 2181 88 36 mål-

578 2231 95 49 ning
702 2232 91 36 eller
822 2232 196 49 lackering
1052 2264 105 4 ms..0
1179 2264 184 5 sees
1399 2235 16 34 1
1448 2233 184 48 kilogram)
1673 2258 49 3 —
1741 2229 25 56 |
1787 2237 30 42 2

247 2285 103 35 553.
527 2284 41 36 af
592 2284 259 48 nyssnämnda
879 2285 154 47 träslag,
1062 2285 86 36 med
1173 2283 209 51 betsning,
1813 2324 1 8 .

348 2343 2 42 |
578 2336 168 50 målning
775 2337 91 37 eller
894 2337 197 49 lackering
1130 2369 231 6 me...
1304 2332 60 59 ov...
1399 2340 16 34 1
1447 2337 187 50 kilogram)
1672 2360 49 4 —
1752 2335 2 54 |
1785 2340 29 49 4

1877 564 119 30 Träsprit.

1876 1728 130 23 Trävaror.
