2102 2662
79 832 130 24 LTeksaker.

118 1897 60 23 Lan.

313 210 59 31 102
687 208 381 41 Bevillningsutskottets
1090 208 218 32 Betänkande
1331 208 63 32 N:o
1419 210 29 29 8.

270 303 116 32 annat
413 298 96 37 kött.
565 298 96 36 Kött
689 298 42 36 af
755 298 108 47 höns,
901 297 237 50 kycklingar,
1167 302 104 45 gäss,
1307 297 183 37 kalkoner
1519 296 71 37 och
1617 296 12 36 i
1658 296 206 38 allmänhet

270 351 106 49 fogel
406 351 107 37 torde
542 351 57 37 till
628 351 95 49 följd
752 351 42 37 af
819 351 65 37 sitt
913 350 114 38 värde
1055 351 93 37 böra
1176 350 119 50 draga
1324 363 143 24 samma
1495 350 68 37 tull
1593 364 81 23 som
1703 349 105 38 vildt.

373 404 198 38 Utskottet
599 404 220 37 hemställer
848 404 140 47 derför,

771 509 100 50 88:0)
902 515 55 31 att
992 509 85 37 kött
1114 509 42 37 af
1190 509 72 37 alla
1300 509 83 49 slag
1420 508 41 37 af
1496 508 104 49 fogel
1639 513 97 32 samt
1769 507 94 37 vildt

667 566 115 34 måtte
825 566 141 33 åsättas
1010 576 46 23 en
1097 562 68 37 tull
1200 562 42 37 af
1267 564 46 35 20
1343 567 65 32 öre
1438 561 58 37 för
1528 565 16 33 1
1576 561 187 48 kilogram
1792 561 71 36 och

668 616 117 37 andra
814 616 83 49 slag
926 616 41 37 af
992 616 95 48 kött,
1122 615 33 49 ej
1196 615 281 50 specificerade,
1508 628 45 23 en
1582 614 69 37 tull
1680 614 42 36 af
1748 617 18 34 7
1798 619 64 32 öre

667 669 183 36 likaledes
880 669 60 36 för
971 671 17 34 1
1020 668 198 48 kilogram.

373 825 134 36 Tullen
537 828 20 33 å
586 826 173 36 leksaker:
797 827 47 48 af
876 830 54 32 trä
965 827 83 35 eller
1084 832 259 29 sammansatta
1381 830 136 40 ämnen,
1560 826 79 35 med
1668 825 82 35 eller
1777 832 87 28 utan

270 879 165 48 betsning,
464 879 162 48 målning
668 879 83 36 eller
792 879 178 48 lackering
1010 880 121 47 utgår,
1162 877 121 49 enligt
1321 877 176 48 gällande
1527 876 169 47 tulltaxa,
1726 876 83 36 med
1843 878 18 34 1

269 931 121 36 krona
419 933 47 34 50
497 936 64 30 öre
590 944 69 35 per
688 931 198 48 kilogram.

373 983 54 37 Af
452 984 177 36 leksaker
658 983 191 37 infördes:

374 1057 39 33 år
444 1056 97 34 1882
582 1088 12 2 >
640 1088 48 2 oo
928 1088 11 2 2
948 1048 66 57 osänsa
1044 1086 24 2 ENS
1136 1086 2 2 fä
1182 1086 130 2 KASINO
1390 1086 2 2 a
1497 1053 135 46 76,681
1663 1050 201 49 kilogram,

387 1120 16 21 »
446 1108 95 35 1883
666 1140 104 2 sn
998 1138 4 4 .
1120 1120 2 2 ns
1184 1138 96 4 senses
1392 1105 243 46 HO,113
1742 1116 17 23 »

387 1172 17 22 »
446 1161 97 35 1884
589 1191 83 5 on
1072 1189 152 6 RE
1326 1189 94 5 un
1500 1158 139 45 00.440
1746 1169 17 22 »

387 1224 16 22 »
446 1213 97 35 1885
576 1244 48 4 ...
794 1244 4 2 |
900 1242 60 6 Nisa
1060 1242 2 2 T
1108 1242 140 4 oNvrntr
1360 1241 72 4 nen
1501 1210 136 46 07.889
1746 1221 16 22 »

389 1276 17 23 »
448 1265 96 35 1886
574 1295 130 5 ov.
1501 1263 138 46 48,013
1747 1274 16 21 »

378 1316 81 38 Och
488 1316 97 37 hade
613 1296 191 69 importen
830 1296 42 56 år
905 1296 94 57 1886
1023 1294 63 58 ett
1113 1294 116 57 värde
1246 1294 54 57 af
1326 1294 163 68 120,033
1519 1314 153 36 kronor.

374 1404 58 36 Då
460 1403 177 37 leksaker
664 1417 158 23 numera
849 1406 48 46 på
926 1409 54 31 ett
996 1402 257 56 framstående
1283 1406 74 33 sätt
1386 1401 196 37 tillverkas
1602 1400 101 36 inom
1724 1399 140 48 landet,

273 1469 87 24 men
406 1456 191 49 importen
636 1456 119 48 deraf,
795 1456 64 37 det
897 1456 169 46 oaktadt,
1096 1458 126 34 såsom
1253 1454 115 37 ofvan
1397 1467 129 36 synes,
1556 1458 40 31 är
1624 1453 147 48 ganska
1801 1452 64 37 be-

271 1509 135 49 tydlig,
436 1509 220 36 hemställer
683 1509 199 48 utskottet,

773 1612 101 49 89:0)
905 1618 55 31 att
987 1612 117 37 tullen
1134 1614 20 34 å
1181 1610 290 50 ifrågavarande
1501 1610 84 48 slag
1614 1609 39 37 af
1690 1608 176 37 leksaker

673 1665 108 49 höjes
812 1666 83 36 från
924 1665 65 36 sitt
1017 1664 216 37 nuvarande
1263 1664 153 49 belopp,
1449 1666 17 33 1
1498 1664 120 35 krona
1648 1663 47 36 50
1716 1666 77 42 öre,
1809 1660 57 36 till

673 1721 20 33 2
724 1719 142 35 kronor
896 1718 58 36 för
985 1720 17 34 1
1034 1717 199 48 kilogram.

377 1877 163 35 Husblås
569 1876 60 36 och
654 1876 134 48 gelatin
817 1874 118 48 draga
964 1873 60 37 för
1052 1872 236 37 närvarande
1318 1886 47 23 en
1394 1872 68 36 tull
1491 1871 44 36 af
1552 1873 17 34 1
1592 1871 120 35 krona
1734 1871 45 35 70
1801 1874 64 31 öre

275 1929 59 36 för
366 1930 17 34 1
415 1928 199 48 kilogram,
644 1927 381 49 pappersomslagets
1054 1925 82 50 vigt
1170 1924 246 48 inberäknad,
1447 1928 97 32 samt
1573 1924 118 36 andra
1719 1923 79 48 slag
1827 1921 45 48 af

274 1982 62 36 lim
365 1994 46 23 en
440 1980 69 37 tull
538 1980 41 36 af
607 1982 45 35 10
682 1985 64 31 öre
775 1992 69 36 per
873 1979 198 48 kilogram.
1133 1978 16 36 I
1178 1977 182 37 afseende
1390 1980 20 33 å
1438 1977 124 39 denna
1591 1974 134 37 artikel
1752 1974 114 49 yrkar

274 2034 88 36 herr
396 2033 41 37 G.
467 2034 106 48 Berg,
603 2038 55 31 att
685 2032 119 36 tullen
833 2035 20 33 å
879 2032 81 35 lim:
991 2031 118 36 andra
1138 2030 94 49 slag,
1262 2033 116 33 måtte
1406 2029 109 48 höjas
1545 2028 55 36 till
1631 2029 47 35 20
1708 2032 65 31 öre
1798 2039 69 36 per

274 2086 186 48 kilogram
492 2086 71 36 och
591 2085 188 47 andrager
806 2085 56 35 till
892 2084 86 36 stöd
1007 2083 140 48 derför,
1177 2088 55 31 att
1260 2083 117 36 ehuru
1405 2082 37 35 vi
1469 2080 221 47 tillsvidare,
1717 2079 12 36 i
1758 2092 108 23 anse-

276 2139 96 36 ende
401 2138 56 36 till
486 2137 287 48 traktatsenligt
806 2137 193 48 ingångna
1027 2135 266 47 förbindelser,
1323 2140 64 31 äro
1417 2133 183 38 hindrade
1629 2137 53 31 att
1712 2131 155 48 vidtaga

275 2190 223 49 förhöjning
534 2190 12 36 i
582 2190 162 36 tullarna
780 2192 20 34 å
834 2190 45 36 de
908 2189 57 36 till
993 2188 282 49 garfveriyrket
1302 2186 168 38 hörande
1499 2184 366 49 hufvudprodukter,

275 2244 37 35 vi
355 2243 96 36 dock
490 2248 64 31 äro
589 2243 11 35 i
634 2242 148 36 tillfälle
812 2247 54 31 att
893 2241 123 36 bättre
1046 2246 48 31 än
1121 2240 135 37 hittills
1287 2239 147 49 skydda
1463 2252 46 23 en
1538 2238 42 36 af
1605 2238 124 35 denna
1757 2236 110 36 hårdt

275 2296 152 48 tryckta
459 2295 157 48 närings
645 2295 261 48 biprodukter,
936 2293 192 48 nemligen
1157 2293 156 47 limmet,
1344 2293 114 34 hvarå
1486 2296 41 31 är
1556 2295 77 31 satt
1660 2303 47 23 en
1736 2291 41 33 så
1803 2288 64 48 låg

275 2348 80 48 tull,
386 2353 54 31 att
469 2348 74 36 den
570 2347 83 36 icke
684 2346 167 50 skyddar
880 2351 79 31 mot
987 2346 237 36 konkurrens
1254 2345 42 36 af
1321 2358 47 23 en
1395 2343 180 37 utländsk
1601 2341 120 37 delvis
1743 2346 123 31 sämre
