1902 2829
505 181 286 33 Statsutskottets
826 186 179 31 utlåtande
1039 197 43 21 nr
1115 189 20 29 6
1168 189 39 31 år
1242 190 84 31 1970
1637 196 18 29 3

171 259 54 30 del
248 270 41 20 av
311 263 165 38 anslagen
499 264 158 31 kommer
678 267 153 39 vägarna
852 270 111 29 under
984 271 208 41 beteckning
1215 274 137 39 »övriga
1374 275 203 40 länsvägar»
1603 277 51 29 till

170 313 64 35 del,

215 385 73 31 dels
312 387 42 31 de
378 389 223 40 likalydande
624 393 219 31 motionerna
865 395 31 29 I:
913 395 62 30 140
999 406 42 20 av
1064 397 80 30 herr
1168 399 82 29 Karl
1274 400 199 32 Pettersson
1497 402 64 29 och
1586 403 70 30 frö-

171 440 68 29 ken
268 441 165 41 Stenberg
462 447 89 26 samt
579 445 44 30 II:
643 446 60 30 159
731 456 42 21 av
800 448 121 30 herrar
949 450 183 31 Petersson
1159 452 10 29 i
1199 452 157 31 Gäddvik
1383 455 65 29 och
1475 455 141 31 Nilsson
1644 457 11 29 i

171 493 115 40 Agnäs
308 496 73 29 vari
403 496 196 33 hemställts
621 502 51 27 att
691 501 187 40 riksdagen
898 503 10 29 i
932 504 165 31 skrivelse
1119 506 51 29 till
1192 507 125 39 Kungl.
1339 508 106 37 Maj:t
1466 509 108 31 måtte
1596 520 60 20 an-

170 547 94 31 hålla
284 551 51 28 att
355 550 41 30 de
416 551 175 32 ordinarie
611 554 411 40 vägbyggnadsramarna
1041 559 11 29 i
1073 559 41 30 de
1136 561 391 41 sysselsättningssvaga
1547 564 109 39 regio-

170 611 110 21 nerna
303 604 77 29 icke
405 605 158 31 minskas
589 608 79 29 med
694 610 264 40 anslagsbelopp
984 614 245 30 motsvarande
1255 615 149 30 kostnad
1431 616 55 30 för
1511 617 144 40 vägpro-

169 655 76 37 jekt
267 666 74 21 som
362 658 174 31 överföres
557 660 79 30 från
657 662 173 31 ordinarie
851 664 329 41 vägbyggnadsplan
1200 667 52 30 till
1272 665 341 49 beredskapsarbete,

215 727 73 30 dels
314 730 41 29 de
381 730 223 40 likalydande
629 734 218 31 motionerna
871 736 110 30 I:482
1006 747 42 20 av
1073 738 80 30 herr
1179 739 85 30 Paul
1290 740 152 31 Jansson
1467 752 45 19 m.
1527 742 37 30 fl.
1590 743 63 29 och

171 781 45 30 II:
233 782 62 30 815
320 792 42 21 av
384 784 80 29 herr
487 785 193 31 Blomkvist
703 797 45 20 m.
762 789 37 29 fl.
823 790 73 29 vari
919 790 196 31 hemställts
1139 795 51 27 att
1212 793 187 40 riksdagen
1422 795 57 30 vid
1502 796 153 30 behand-

171 835 71 39 ling
263 846 42 20 av
326 837 11 29 i
360 839 472 40 statsverkspropositionens
853 843 58 29 bil.
934 844 18 29 8
975 845 156 38 anslaget
1152 847 26 28 B
1200 847 29 29 5.
1252 847 128 40 Bidrag
1400 849 53 29 till
1475 849 180 40 byggande

171 898 42 20 av
235 890 227 31 kommunala
484 893 105 38 vägar
612 894 64 29 och
700 896 97 37 gator
820 898 165 38 upptaget
1007 898 123 40 belopp
1153 900 44 39 på
1220 900 60 29 331
1306 901 164 37 miljoner
1492 903 129 30 kronor
1644 905 10 28 i

171 943 92 30 årets
288 946 69 28 stat
380 945 158 31 minskas
563 948 78 29 med
667 948 40 30 50
733 949 163 39 miljoner
921 951 129 30 kronor
1076 961 74 22 som
1175 954 155 30 överförs
1356 955 52 30 till
1434 956 56 30 det
1516 957 139 39 statliga

170 997 196 39 byggandet
389 1008 42 20 av
454 1000 88 29 riks-
565 1001 65 29 och
653 1002 192 40 länsvägar,

214 1068 74 30 dels
314 1070 41 29 de
380 1071 223 39 likalydande
628 1074 219 30 motionerna
870 1076 31 28 I:
917 1075 62 30 723
1005 1086 42 20 av
1071 1077 80 30 herr
1175 1078 115 30 Johan
1316 1080 126 29 Olsson
1467 1064 39 55 m.
1519 1081 45 30 fl.
1590 1082 62 29 och

170 1122 45 30 If:
231 1122 63 31 822
310 1133 44 20 av
366 1124 81 30 herr
462 1125 169 31 Eriksson
647 1126 11 30 i
672 1127 195 31 Bäckmora
882 1138 45 21 m.
942 1129 37 30 fl.
994 1131 75 29 vari
1084 1131 197 31 hemställts
1298 1135 49 27 att
1364 1134 187 40 riksdagen
1567 1135 87 30 måt-

168 1178 33 28 te
222 1177 10 29 i
256 1178 165 30 skrivelse
443 1179 51 29 till
518 1180 124 40 Kungl.
665 1182 105 39 Maj:t
792 1183 111 30 uttala
925 1186 49 27 att
996 1184 67 30 den
1085 1185 209 41 flerårsplan
1317 1187 54 30 för
1392 1189 263 39 vägbyggandet

168 1231 111 30 under
301 1233 164 38 perioden
491 1234 213 31 1970—1974
729 1245 74 21 som
826 1239 131 29 statens
979 1240 151 38 vägverk
1153 1240 164 40 framlagt
1340 1242 107 30 måtte
1469 1244 185 38 omprövas

171 1285 79 29 med
272 1286 89 30 sikte
381 1287 45 39 på
448 1297 41 21 en
512 1289 169 30 snabbare
703 1292 235 39 upprustning
959 1293 65 29 och
1046 1294 199 39 utbyggnad
1269 1305 42 20 av
1331 1296 162 39 vägnätet
1515 1297 11 30 i
1547 1298 108 39 regio-

171 1347 61 21 ner
254 1339 62 30 där
337 1339 58 31 det
415 1341 38 29 är
474 1342 179 39 angeläget
675 1346 50 27 att
746 1345 119 30 stärka
886 1346 191 39 näringsliv
1098 1348 64 29 och
1183 1348 212 40 bebyggelse,

214 1419 74 30 dels
310 1421 41 29 de
372 1422 223 39 likalydande
616 1424 219 31 motionerna
857 1426 28 29 I:
902 1426 63 30 364
987 1437 42 19 av
1050 1427 125 31 fröken
1196 1429 175 30 Pehrsson
1392 1431 65 29 och
1477 1431 81 30 herr
1581 1431 75 31 Olle

171 1473 170 31 Eriksson
363 1478 90 27 samt
474 1475 47 30 II:
537 1476 63 30 402
623 1487 42 20 av
686 1478 81 30 herr
788 1479 149 30 Persson
959 1481 10 29 i
991 1481 120 30 Heden
1133 1483 73 29 vari
1229 1483 196 31 hemställts
1449 1486 50 28 att
1521 1485 135 30 riksda-

171 1534 64 32 gen
256 1528 108 30 måtte
385 1529 11 29 i
418 1529 166 31 skrivelse
606 1531 52 29 till
680 1532 125 39 Kungl.
828 1533 106 37 Maj:t
954 1535 111 29 uttala
1086 1537 50 28 att
1156 1536 262 40 vägbyggandet
1438 1538 11 29 i
1470 1538 186 40 Älvsborgs

172 1581 57 29 län
249 1582 90 29 skall
356 1582 150 31 inriktas
524 1584 45 39 på
586 1585 66 29 den
671 1586 212 40 omfattning
902 1596 74 21 som
995 1588 104 30 krävs
1118 1589 55 30 för
1191 1599 42 20 en
1251 1591 127 39 positiv
1396 1592 199 40 utveckling
1614 1602 40 20 av

171 1634 112 31 länets
304 1636 93 29 olika
417 1637 105 35 delar,
544 1638 106 39 enligt
675 1639 4 29 i
701 1640 218 30 motionerna
939 1642 150 39 angivna
1108 1642 187 38 riktlinjer,

215 1715 73 29 dels
312 1717 41 29 de
377 1717 223 40 likalydande
623 1720 219 30 motionerna
866 1721 27 30 1:
912 1721 60 30 709
997 1732 42 20 av
1061 1723 121 29 herrar
1205 1724 79 29 Eric
1308 1724 162 30 Carlsson
1494 1725 65 30 och
1582 1726 74 30 Nils

171 1769 140 30 Nilsson
331 1773 90 27 samt
438 1771 48 29 II:
500 1771 64 29 819
583 1782 42 20 av
642 1773 122 29 herrar
783 1774 159 30 Eliasson
961 1775 10 29 i
992 1775 184 31 Sundborn
1196 1777 64 29 och
1278 1778 70 29 Boo
1366 1779 73 29 vari
1458 1778 197 31 hemställts

172 1824 50 28 att
243 1823 188 39 riksdagen
452 1824 57 30 vid
530 1825 257 41 behandlingen
808 1837 42 20 av
872 1829 156 39 anslaget
1050 1830 52 29 till
1125 1830 179 39 byggande
1326 1841 43 20 av
1391 1832 139 39 statliga
1550 1833 106 39 vägar

172 1876 108 32 måtte
297 1879 119 34 uttala,
436 1880 50 29 att
502 1879 195 40 byggandet
715 1890 42 21 av
773 1881 183 40 länsvägar
973 1883 55 29 för
1044 1883 38 30 år
1101 1884 80 29 1971
1201 1885 10 29 i
1230 1885 242 40 Kopparbergs
1490 1886 58 30 län
1567 1887 88 29 skall

171 1930 46 30 ha
237 1931 108 30 minst
366 1941 135 21 samma
520 1933 213 40 omfattning
754 1944 74 21 som
850 1936 110 30 under
981 1936 38 30 år
1043 1937 82 30 1969
1148 1940 91 28 samt
1260 1940 50 28 att
1330 1939 294 41 vägplaneringen
1644 1941 11 29 i

171 1985 94 29 länet
287 1985 54 29 för
364 1986 95 29 tiden
481 1987 153 30 därefter
657 1988 89 29 skall
768 1989 149 30 inriktas
940 1990 45 39 på
1007 2000 42 20 en
1070 1991 213 40 omfattning
1305 2001 74 21 som
1401 1993 105 30 krävs
1528 1994 55 29 för
1605 1996 50 28 att

171 2038 120 40 uppnå
313 2048 42 20 en
377 2040 127 39 positiv
525 2041 237 39 befolknings-
783 2043 65 29 och
870 2043 411 42 näringslivsutveckling
1303 2046 10 29 i
1337 2047 103 34 länet,

215 2118 73 30 dels
316 2120 41 30 de
385 2120 223 40 likalydande
635 2123 219 30 motionerna
882 2124 27 29 1:
928 2124 61 30 726
1018 2134 41 20 av
1086 2125 80 30 herr
1193 2126 217 30 Richardson
1438 2127 65 30 och
1528 2127 48 30 II:
1590 2128 62 29 831

172 2182 42 20 av
230 2173 81 29 herr
329 2174 193 39 Hyltander
539 2176 73 28 vari
630 2176 121 38 yrkats
770 2178 50 28 att
837 2177 187 39 riksdagen
1041 2178 108 31 måtte
1166 2179 137 30 besluta
1321 2182 50 28 att
1388 2181 11 29 i
1418 2180 167 32 skrivelse
1601 2181 54 30 till

172 2227 125 39 Kungl.
319 2227 106 39 Maj:t
446 2228 185 30 hemställa
652 2232 50 27 att
722 2239 82 20 man
825 2231 57 29 vid
903 2231 210 31 kommande
1134 2233 183 39 planering
1337 2236 54 27 tar
1411 2234 138 40 hänsyn
1572 2235 51 30 till
1643 2236 12 28 i

170 2280 220 30 motionerna
412 2281 196 31 framförda
631 2283 218 39 synpunkter
871 2284 221 31 beträffande
1114 2286 65 39 väg
1201 2286 41 30 48
1265 2287 64 29 och
1352 2288 10 29 i
1386 2288 169 30 samband
1578 2288 77 30 där-

170 2335 79 28 med
270 2335 55 28 för
345 2334 84 30 åren
451 2335 82 30 1972
554 2336 65 29 och
641 2336 83 30 1973
744 2337 120 39 vidgar
884 2346 165 22 ramarna
1068 2340 79 29 med
1168 2340 226 40 erforderliga
1413 2341 134 41 belopp,

214 2414 74 29 dels
306 2415 42 29 de
366 2415 223 39 likalydande
607 2416 219 31 motionerna
844 2418 28 29 I:
890 2418 62 29 724
971 2428 42 20 av
1029 2419 121 29 herrar
1168 2420 83 29 Karl
1270 2421 199 30 Pettersson
1487 2422 64 29 och
1570 2422 85 29 Erik

171 2467 128 31 Olsson
317 2470 90 28 samt
423 2468 49 30 II:
485 2469 64 30 834
567 2479 43 21 av
624 2469 81 30 herr
722 2471 152 30 Jönsson
893 2472 10 29 i
921 2472 310 40 Ingemarsgården
1249 2483 45 20 m.
1309 2474 37 30 fl.
1365 2474 74 30 vari
1456 2474 197 31 hemställts

170 2522 50 29 att
242 2521 187 40 riksdagen
452 2522 58 30 vid
532 2522 256 40 behandlingen
812 2533 42 21 av
876 2525 620 41 kommunikationsdepartementets
1520 2528 135 30 huvud-
