1895 2829
498 173 284 30 Statsutskottets
811 173 179 30 utlåtande
1016 183 43 20 nr
1086 174 20 29 6
1132 173 39 30 år
1199 173 84 30 1970
1595 175 37 28 37

193 254 31 29 d.
250 254 220 30 beträffande
489 254 68 39 fria
577 263 95 21 resor
693 255 56 29 vid
768 254 152 39 överfart
941 255 52 29 till
1009 255 191 39 fastlandet
1219 255 56 39 för
1295 254 115 40 bofast
1430 254 202 40 befolkning

148 307 44 38 på
211 307 252 38 skärgårdsöar
481 318 42 20 av
540 309 81 29 herr
639 309 175 39 Dahlgren
839 309 90 39 (cp).

191 415 28 29 8.
246 415 55 30 vid
329 416 158 38 punkten
515 417 20 28 3
568 416 155 34 (Statens
751 417 393 30 trafiksäkerhetsverk:
1173 417 454 40 Förvaltningskostnader)

148 469 220 30 beträffande
392 469 198 31 inrättande
611 479 42 20 av
675 480 40 20 en
738 470 291 40 utredningsbyrå
1052 481 42 20 av
1114 471 121 30 herrar
1256 471 158 30 Bohman
1441 471 83 36 (m),
1548 472 85 29 Axel

148 523 201 30 Andersson
381 524 86 39 (fp),
494 525 64 29 Per
583 525 191 29 Jacobsson
807 525 86 39 (fp),
920 526 174 38 Bengtson
1125 525 90 40 (cp),
1242 525 80 30 Eric
1347 525 166 30 Peterson
1545 525 86 40 (fp),

150 577 211 40 Strandberg
385 578 83 34 (m),
488 578 114 30 Johan
622 579 126 29 Olsson
773 579 90 39 (cp),
883 579 159 30 Eliasson
1062 580 11 29 i
1093 579 185 30 Sundborn
1303 579 90 40 (cp),
1413 580 190 30 Gustafson
1621 580 11 29 i

148 631 170 39 Göteborg
348 632 86 39 (fp),
460 632 243 29 Nordstrandh
732 632 83 35 (m),
841 632 115 30 Cassel
986 632 82 35 (m),
1095 633 176 38 Dahlgren
1301 633 89 39 (cp),
1415 633 183 40 Westberg
1621 633 11 29 i

149 685 146 36 Ljusdal
322 685 72 40 (fp)
420 686 63 29 och
506 685 179 30 Sundman
712 686 75 40 (cp)
813 695 74 21 som
909 696 101 20 anser
1031 688 50 28 att

194 738 73 30 dels
290 739 57 30 det
369 740 119 39 stycke
510 740 10 29 i
543 740 188 30 utskottets
753 741 162 38 yttrande
937 740 44 40 på
1004 750 26 20 s.
1055 741 39 29 18
1118 749 73 22 som
1214 740 119 37 börjar
1356 741 79 30 med
1459 741 34 29 »>I
1516 742 117 29 anled-

151 793 84 39 ning
250 803 60 20 av»
329 794 64 28 och
409 794 111 29 slutar
535 794 78 29 med
632 795 29 28 »>i
678 794 118 39 fråga»
814 794 77 30 bort
906 795 46 29 ha
967 794 157 37 följande
1140 795 144 38 lydelse:

196 847 32 29 »I
254 847 187 39 anledning
465 857 42 20 av
531 848 218 29 motionerna
774 848 28 29 I:
820 848 60 29 737
906 848 64 29 och
995 848 44 30 II:
1057 848 60 29 851
1144 857 56 20 om
1224 848 200 30 inrättande
1448 858 42 21 av
1514 858 42 20 en
1581 850 53 27 ut-

150 900 252 39 redningsbyrå
420 901 94 29 inom
532 901 414 30 trafiksäkerhetsverket
963 901 59 30 vill
1040 902 170 29 utskottet
1228 902 116 29 erinra
1361 911 56 20 om
1435 904 51 28 att
1503 902 130 39 förslag

151 954 121 30 härom
292 955 107 29 redan
419 955 145 38 tidigare
582 955 183 29 framförts
785 965 41 19 av
843 955 119 30 verket
979 973 44 3 —
1041 956 89 29 dock
1149 957 85 28 utan
1254 957 50 28 att
1321 955 107 30 vinna
1447 956 187 29 statsmak-

149 1010 117 27 ternas
289 1008 110 29 bifall.
424 1009 410 38 Departementschefens
859 1009 131 39 förslag
1013 1009 110 29 under
1147 1009 229 30 förevarande
1399 1010 114 38 punkt
1537 1010 97 28 inne-

149 1062 62 29 bär
235 1062 118 29 vidare
378 1071 43 20 en
446 1061 205 40 reducering
675 1063 11 28 i
712 1062 219 30 förhållande
957 1063 52 29 till
1033 1062 137 30 verkets
1196 1062 131 39 förslag
1351 1063 80 29 med
1456 1062 79 30 hela
1561 1063 71 34 12,3

150 1116 88 36 milj.
259 1116 52 28 kr.
331 1116 51 29 Av
402 1115 454 40 statsverkspropositionen
875 1115 155 40 framgår
1050 1117 50 28 att
1119 1115 110 40 byrån
1249 1116 45 29 bl.
1309 1125 29 21 a.
1359 1116 112 30 skulle
1491 1116 142 30 handha

149 1169 57 29 det
233 1169 221 39 nödvändiga
480 1169 336 39 utvecklingsarbete
843 1178 74 21 som
944 1170 128 30 behövs
1099 1170 95 29 inom
1220 1169 330 31 trafiksäkerheten.
1578 1169 57 30 Åt-

151 1223 123 39 gärder
291 1224 9 28 i
319 1223 99 39 fråga
435 1232 56 20 om
508 1223 299 39 inskränkningar
824 1224 10 28 i
853 1223 64 29 och
935 1223 170 40 reglering
1123 1233 41 20 av
1181 1224 221 38 vägtrafiken
1417 1224 101 29 berör
1537 1226 97 27 snart

151 1279 76 37 sagt
251 1276 98 37 varje
375 1277 188 29 människa
588 1277 65 29 och
678 1277 111 30 måste
814 1277 119 29 därför
959 1287 84 20 vara
1068 1278 93 29 klart
1188 1277 296 31 dokumenterade
1511 1285 122 32 genom

151 1331 227 38 utredningar
404 1331 65 29 och
494 1331 121 29 försök
642 1333 90 27 samt
758 1331 79 29 med
863 1331 198 30 kännedom
1088 1340 56 20 om
1171 1331 190 30 utländska
1386 1331 247 30 erfarenheter.

151 1385 127 29 Utöver
299 1385 66 29 vad
388 1393 73 21 som
485 1384 155 39 framgår
661 1385 10 29 i
693 1385 261 39 propositionen
976 1385 70 29 kan
1068 1385 148 30 nämnas
1239 1385 294 39 arbetsuppgifter
1555 1385 79 30 med

150 1439 156 38 problem
331 1438 131 30 sådana
487 1447 73 21 som
584 1439 235 34 däckdubbar,
842 1439 229 38 vägsaltning,
1095 1438 284 30 differentierade
1402 1439 155 34 körkort,
1582 1441 53 27 ut-

151 1492 165 39 vidgning
339 1501 42 20 av
403 1492 355 39 kontrollbesiktning
779 1492 65 29 och
867 1492 218 39 utformning
1108 1502 42 20 av
1172 1492 236 37 trafikmiljön
1430 1493 10 29 i
1465 1492 171 40 stadspla-

152 1555 61 20 ner
235 1546 64 29 och
321 1546 238 39 arbetsplaner
581 1546 55 29 för
657 1546 115 39 vägar.
794 1546 111 29 Medel
926 1546 62 29 bör
1009 1546 87 29 bl.a.
1119 1555 42 20 av
1184 1546 149 39 angivna
1356 1546 75 30 skäl
1454 1547 106 38 enligt
1582 1549 53 27 ut-

152 1600 147 29 skottets
325 1599 227 39 uppfattning
578 1601 136 27 snarast
742 1600 118 29 ställas
886 1600 52 28 till
964 1599 138 30 verkets
1128 1599 206 39 förfogande
1360 1600 55 29 för
1441 1601 50 28 att
1515 1600 120 29 verket

151 1653 90 29 skall
264 1653 122 29 kunna
408 1653 151 38 fullgöra
583 1653 53 29 sin
660 1653 137 39 uppgift
820 1653 11 29 i
854 1653 115 29 denna
991 1653 65 30 del.
1080 1653 75 30 Vad
1178 1653 170 30 utskottet
1371 1653 122 30 härom
1518 1653 117 30 anfört

150 1707 61 29 bör
229 1716 42 20 av
288 1706 187 40 riksdagen
493 1715 57 30 ges
568 1707 125 39 Kungl.
711 1706 106 40 Maj:t
834 1707 53 29 till
904 1707 148 29 känna.»

195 1760 74 30 dels
291 1761 188 29 utskottets
502 1761 210 29 hemställan
735 1761 110 29 under
867 1761 18 29 2
908 1761 77 29 bort
1007 1761 46 29 ha
1073 1760 158 36 följande
1253 1761 144 39 lydelse:

508 1814 50 30 »2.
586 1816 50 27 att
662 1814 187 39 riksdagen
877 1814 79 30 med
983 1814 99 30 bifall
1109 1814 53 29 till
1189 1814 218 30 motionerna
1436 1814 28 30 I:
1482 1814 60 30 737
1571 1815 65 29 och

462 1868 45 29 II:
524 1868 61 29 851
616 1876 74 21 som
719 1868 54 29 sin
800 1868 141 39 mening
969 1876 58 31 ger
1055 1868 125 38 Kungl.
1210 1867 106 40 Maj:t
1344 1868 52 29 till
1424 1868 119 30 känna
1570 1869 65 29 vad

462 1922 170 29 utskottet
659 1922 118 29 anfört
803 1922 148 29 rörande
978 1922 199 29 inrättande
1205 1931 42 20 av
1274 1931 43 20 en
1343 1922 294 39 utredningsbyrå

462 1976 95 29 inom
578 1975 444 34 trafiksäkerhetsverket,»

195 2083 29 29 9.
249 2083 58 29 vid
334 2082 158 40 punkten
520 2084 19 29 3
572 2082 155 34 (Statens
755 2082 393 30 trafiksäkerhetsverk:
1178 2082 452 40 Förvaltningskostnader)

152 2137 222 30 beträffande
403 2136 187 39 utredning
619 2137 147 29 rörande
797 2136 315 39 trafiksäkerheten
1142 2146 41 20 av
1210 2137 122 29 herrar
1361 2137 158 29 Bohman
1553 2136 82 35 (m),

152 2191 85 34 Axel
264 2191 201 30 Andersson
498 2191 85 39 (fp),
613 2191 64 29 Per
703 2190 191 30 Jacobsson
928 2190 86 40 (fp),
1041 2191 175 38 Bengtson
1249 2190 89 40 (cp),
1366 2191 79 29 Eric
1471 2190 166 30 Peterson

159 2245 86 39 (fp),
268 2244 211 39 Strandberg
507 2244 83 34 (m),
611 2244 115 29 Johan
748 2244 126 30 Olsson
901 2244 89 39 (cp),
1014 2243 159 31 Eliasson
1194 2244 11 29 i
1229 2244 184 29 Sundborn
1440 2243 90 40 (cp),
1553 2243 84 30 Gus-

153 2299 118 29 tafson
303 2299 10 28 i
345 2298 169 39 Göteborg
551 2298 86 39 (fp),
668 2298 244 29 Nordstrandh
950 2297 82 34 (m),
1066 2297 115 29 Cassel
1218 2297 83 34 (m),
1333 2297 176 39 Dahlgren
1546 2297 90 39 (cp),

154 2352 183 39 Westberg
355 2353 10 28 i
385 2351 147 37 Ljusdal
556 2351 71 40 (fp)
652 2351 65 30 och
737 2351 180 29 Sundman
941 2351 75 39 (cp)
1042 2359 73 21 som
1135 2360 102 20 anser
1256 2353 50 27 att

198 2405 73 29 dels
292 2406 56 29 det
371 2406 118 38 stycke
509 2406 10 28 i
541 2406 187 28 utskottets
748 2405 163 39 yttrande
931 2404 45 40 på
996 2413 25 21 s.
1046 2404 38 30 19
1106 2413 74 21 som
1200 2404 119 37 börjar
1339 2405 80 29 med
1441 2404 197 30 »Utskottet

152 2459 78 30 vill>
255 2459 65 30 och
344 2459 110 29 slutar
476 2458 80 30 med
580 2459 199 29 >motionen
801 2458 46 29 II:
866 2458 57 29 13»
948 2458 78 29 bort
1049 2459 149 28 ersättas
1221 2458 77 29 med
1321 2460 72 27 text
1416 2467 42 20 av
1480 2458 156 39 följande

152 2513 144 40 lydelse:

201 2567 136 30 >Under
360 2576 121 20 senare
504 2566 38 30 år
563 2566 64 30 har
648 2566 341 39 ansträngningarna
1010 2567 51 28 att
1081 2565 141 30 minska
1243 2565 330 40 olycksfrekvensen
1594 2565 45 40 på
