2176 2577
715 175 103 32 Stats-
829 174 170 33 Utskottets
1029 172 172 34 Utlåtande
1225 172 64 31 N:o
1313 173 53 30 14.
1750 168 60 31 151

237 261 42 36 af
317 258 199 49 åtskilliga
558 256 275 50 myndigheter
874 253 221 38 framstäldt
1137 252 160 48 förslag,
1342 250 72 37 och
1457 251 65 36 det
1551 255 41 31 är
1622 248 232 49 visserligen

236 310 206 48 sannolikt,
474 315 56 31 att
560 310 107 36 detta
697 307 105 38 antal
830 306 206 38 framdeles
1064 305 77 36 kan
1171 304 158 36 komma
1359 308 56 31 att
1445 302 206 48 erfordras,
1682 314 89 24 men
1799 304 57 32 att

237 364 120 36 redan
385 377 52 22 nu
467 361 129 37 dertill
624 361 143 48 bevilja
797 359 125 37 medel
941 363 42 31 är
1002 358 84 36 icke
1103 355 323 50 oundgängligen
1442 354 149 49 nödigt.
1648 354 57 36 Då
1720 352 136 49 hvarje

239 416 144 36 station
413 415 209 36 beräknats
648 418 57 32 att
733 413 112 36 kosta
876 412 113 44 4,000
1019 410 154 47 kronor,
1204 407 125 38 skulle
1357 407 220 36 kostnaden
1606 406 97 36 för
1680 400 20 62 4
1725 404 132 38 statio-

242 481 67 23 ner
350 470 132 46 uppgå
523 466 59 36 till
627 466 139 46 16,000
805 465 156 45 kronor,
1004 461 156 37 hvartill
1203 460 99 36 dock
1345 460 156 36 komma
1544 458 212 36 kostnader
1798 456 59 36 för

240 525 252 43 transporter,
536 516 288 51 dykeribiträde
863 529 47 22 m.
938 528 62 34 m.,
1030 514 134 36 hvilka
1192 512 214 37 kostnader
1435 511 60 36 för
1526 512 20 35 6
1573 509 190 38 stationer
1791 508 65 36 be-

240 572 157 36 räknats
440 571 59 36 till
545 571 112 46 1,000
700 569 156 47 kronor,
892 580 88 23 men
1008 566 59 36 för
1095 565 164 37 allenast
1288 566 24 34 4
1341 563 189 38 stationer
1560 562 92 37 böra
1682 560 174 38 minskas

240 624 59 36 till
331 625 72 35 700
432 623 153 36 kronor.

370 675 143 36 Vidare
547 674 70 36 har
645 672 202 38 Utskottet
875 670 129 37 funnit
1031 669 120 49 inköp
1181 669 42 35 af
1246 667 495 49 nivelleringsinstrument
1769 664 87 37 icke

240 727 166 37 behöfva
441 727 70 36 ske
540 726 12 35 i
583 728 41 34 så
654 729 80 31 stor
763 722 247 48 omfattning,
1042 734 81 24 som
1154 720 41 37 af
1219 720 143 49 Kongl.
1381 720 109 48 Maj:t
1510 717 236 49 föreslagits,
1763 722 92 31 utan

240 785 57 31 att
326 792 46 23 en
402 777 256 48 nedsättning
684 776 115 36 äfven
828 776 70 35 här
925 775 78 35 kan
1033 787 70 35 ega
1133 786 97 34 rum,
1261 772 42 36 af
1326 772 203 37 Utskottet
1564 769 200 38 beräknad
1798 768 55 36 till

244 833 112 46 1,000
397 830 153 47 kronor,
591 829 47 36 då
680 828 151 36 således
874 826 177 48 anslaget
1080 824 131 37 härtill
1245 823 121 38 borde
1395 823 235 36 bestämmas
1656 821 57 36 till
1743 821 114 47 3,000

242 884 143 35 kronor
412 882 13 35 1
455 881 130 37 stället
614 881 59 36 för
701 881 116 46 4,000
844 879 156 35 kronor.

371 933 114 37 Hvad
514 932 168 37 derefter
697 931 242 37 vidkommer
955 929 217 37 kostnaden
1187 928 60 36 för
1264 926 203 38 underhåll
1486 926 71 37 och
1574 925 136 49 tillsyn
1728 924 41 36 af
1782 928 75 32 sta-

238 987 177 36 tionerna
443 1000 48 22 m.
522 999 62 30 m.,
616 987 41 33 så
686 984 70 36 bör
785 981 250 50 naturligtvis
1064 980 178 48 anslaget
1257 979 132 36 härtill
1411 979 235 35 bestämmas
1674 976 60 36 till
1749 976 108 48 lägre

241 1038 151 49 belopp,
423 1038 47 35 då
499 1036 240 37 stationerna
767 1035 118 36 varda
912 1034 117 43 färre;
1060 1033 71 36 och
1148 1032 89 36 med
1254 1032 154 47 hänsyn
1425 1029 130 37 härtill
1572 1029 70 36 har
1662 1028 196 37 Utskottet

240 1090 188 36 beräknat
457 1094 57 31 att
542 1089 58 35 för
624 1087 135 49 hvarje
789 1086 143 37 station
962 1084 124 37 skulle
1114 1083 189 37 behöfvas
1333 1084 75 35 425
1438 1082 145 36 kronor
1600 1080 148 49 årligen
1765 1079 93 37 eller

240 1142 161 49 tillhopa
434 1142 110 46 1,700
573 1141 156 35 kronor.

372 1192 196 48 Slutligen
597 1194 164 34 återstår
797 1190 41 35 af
862 1190 46 36 de
932 1188 221 47 kostnader,
1183 1187 60 36 för
1271 1186 136 36 hvilka
1437 1199 51 22 nu
1517 1186 159 48 begärts
1706 1183 149 48 anslag,

241 1244 218 38 kostnaden
500 1244 59 35 för
600 1241 510 51 precisionsnivellementet
1151 1240 12 35 i
1206 1239 196 36 mellersta
1437 1238 72 36 och
1538 1236 115 37 södra
1683 1235 173 48 Sverige,

242 1296 199 38 beräknad
469 1295 59 36 till
557 1296 115 47 9,000
701 1295 145 35 kronor
873 1293 123 36 under
1026 1293 19 35 5
1076 1295 49 32 år.
1183 1291 17 35 I
1229 1291 129 35 denna
1372 1294 90 44 post
1477 1288 163 37 föreslår
1656 1287 202 38 Utskottet

242 1362 49 23 en
320 1347 253 49 nedsättning
601 1346 59 36 till
691 1347 113 46 6,750
833 1345 155 42 kronor,
1018 1357 47 23 en
1094 1342 267 48 nedsättning,
1393 1354 82 24 som
1505 1340 84 37 icke
1610 1340 175 36 kommer
1801 1344 56 30 att

242 1401 172 36 medföra
443 1413 127 22 annan
595 1398 160 47 verkan,
787 1402 48 31 än
864 1402 55 30 att
936 1396 183 36 arbetena
1134 1395 59 36 för
1209 1394 296 36 nivellementet
1522 1395 124 33 måste
1661 1390 195 37 bedrifvas

242 1456 119 45 något
393 1452 285 48 långsammare
707 1454 49 31 än
786 1462 82 22 som
896 1447 102 37 varit
1026 1447 124 36 afsedt
1179 1446 72 36 och
1281 1445 152 36 således
1459 1447 62 33 må
1538 1444 129 36 hända
1684 1442 173 37 medföra

243 1503 343 48 nödvändigheten
616 1507 56 31 att
702 1504 50 46 på
777 1501 94 35 flera
900 1502 41 33 år
968 1498 198 37 utsträcka
1194 1496 456 49 nivelleringsarbetena.

371 1554 194 38 Jemförags
598 1568 53 21 nu
685 1553 47 35 de
762 1552 147 47 anslag,
942 1564 82 23 som
1054 1550 41 36 af
1119 1549 142 49 Kongl.
1292 1549 110 48 Maj:t
1431 1549 172 47 begärts,
1634 1547 88 36 med
1751 1546 100 48 dem,

242 1621 82 23 som
366 1607 203 36 Utskottet
612 1603 214 49 föreslagit,
865 1606 41 33 så
935 1602 124 36 skulle
1089 1602 46 36 de
1165 1606 174 31 närmast
1368 1599 246 37 förestående
1640 1598 217 49 utgifterna

242 1659 113 37 ställa
383 1658 63 49 sig
476 1661 50 46 på
549 1657 172 49 följande
752 1660 92 33 sätt:

1102 1753 89 50 enligt
1210 1752 97 50 Kongl.
1327 1756 95 43 Maj:ts
1459 1755 88 34 enligt
1564 1754 158 43 Utskottets
1741 1753 115 33 förslag:

1093 1792 115 33 förslag:
1226 1792 46 32 för
1290 1799 34 19 en
1342 1799 90 25 gång:
1548 1790 45 33 för
1612 1798 35 18 en
1664 1788 88 35 gång:

295 1865 249 37 anordnande
574 1864 42 36 af
642 1863 324 49 vattenhöjdmät-

243 1917 308 48 NINgsstatloner
582 1946 359 7 .sssescsemeee-cc-eee

294 1969 118 48 inköp
427 1968 540 47 afnivelleringsinstrument

243 2035 48 22 m.
322 2035 49 22 m.
402 2021 72 35 och
499 2019 226 50 markering
747 2020 42 36 af
801 2019 166 37 normal-

995 1915 141 37 kronor
1166 1915 152 47 25,000:
1354 1935 45 6 —
1439 1914 144 35 kronor
1614 1913 150 47 16,700:
1794 1933 50 5 —

242 2073 273 49 höjdpunkter.
547 2104 4 4 =
583 2103 383 5 msessmmsmsmmmsesnssn
1062 2099 22 20 ”
1193 2071 126 47 4.000:
1350 2089 51 7 —
1507 2098 22 19 >
1638 2069 126 47 3,000:
1794 2089 50 4 —

1173 2155 114 35 ständig
1305 2155 74 34 årlig
1619 2154 112 34 ständig
1749 2152 74 36 årlig

1207 2191 133 26 kostnad:
1657 2188 131 28 kostnad:

295 2230 59 37 för
391 2228 204 39 underhåll
639 2228 71 37 och
754 2227 135 49 tillsyn
932 2228 41 35 af

243 2282 240 37 stationerna
509 2295 48 23 Mm.
589 2294 302 23 M..ccocescec-ee.
1060 2308 23 19 ”
1191 2280 126 46 2,500:
1349 2300 49 5 —
1506 2307 23 19 2
1640 2279 124 47 1,700:
1795 2299 50 4 —
