2192 2574
714 182 101 33 Stats-
826 181 166 33 Utskottets
1022 180 172 33 Utlåtande
1217 181 64 32 N:o
1304 184 50 30 14.
1761 181 61 30 119

247 266 62 34 der
338 264 170 35 afvaktan
537 263 45 47 på
610 264 291 45 genomförandet
929 262 37 35 af
985 273 43 24 en
1049 261 188 35 förändrad
1253 260 241 47 organisation
1511 260 39 36 af
1563 260 301 36 veterinärimrätt-

248 316 131 47 ningen
412 316 11 35 i
452 314 114 36 Skara
595 315 109 36 sådan
733 316 154 45 ändring
916 314 39 35 af
981 315 46 34 22
1059 312 20 49 $
1105 314 9 34 i
1144 312 240 49 nyssnämnda
1416 313 215 46 reglemente
1655 312 115 36 skulle
1800 325 65 35 ega

248 380 88 34 rum,
366 372 50 31 att
445 366 302 48 afgångsexamen
776 367 115 35 skulle
921 366 145 35 omfatta
1096 365 70 36 alla
1195 365 58 36 vid
1282 364 116 36 denna
1428 364 207 36 läroanstalt
1663 365 202 35 inhemtade

248 420 323 47 kunskapsämnen,
600 420 194 46 hvarjemte
823 418 231 46 förklarades,
1084 421 51 31 att
1164 417 124 44 elever,
1318 429 75 23 som
1421 416 11 36 i
1452 416 110 36 sådan
1578 417 152 46 ordning
1748 417 116 35 blefve

247 471 78 36 från
366 472 242 46 inrättningen
649 470 290 36 utexaminerade
983 470 77 34 med
1099 469 189 47 godkända
1329 468 116 49 betyg,
1473 468 114 36 skulle
1616 481 66 34 ega
1712 471 51 32 att
1793 473 70 31 mot

247 528 120 43 recept
408 523 226 36 utbekomma
677 523 77 35 från
785 523 128 47 apotek
943 521 38 36 så
1009 521 59 35 väl
1095 521 132 47 häftigt
1255 521 181 36 verkande
1464 532 73 24 som
1567 521 124 47 andra,
1721 520 142 47 vanliga

248 576 288 44 medikamenter,
565 575 122 35 hvilka
712 575 53 35 för
793 574 162 46 utöfning
985 573 39 35 af
1048 572 309 48 djurläkareyrket
1386 572 235 37 erfordrades.

380 627 142 47 »Enligt
562 626 93 36 hvad
697 625 365 47 Medicinalstyrelsen
1104 625 156 47 upplyst,
1289 628 38 31 är
1357 624 194 36 emellertid
1583 624 133 35 antalet
1744 624 39 36 af
1808 624 54 35 så-

247 680 92 35 dana
380 680 78 34 från
502 678 420 46 veterinärinrättningen
952 677 10 35 i
992 676 111 36 Skara
1132 676 291 36 utexaminerade
1453 688 78 23 men
1561 676 29 46 ej
1621 676 241 46 legitimerade

248 732 215 34 veterinärer
491 730 72 36 helt
591 730 196 47 obetydligt
815 730 64 35 och
910 729 98 35 torde
1038 741 146 23 numera
1213 728 27 47 ej
1273 728 190 47 öfverstiga
1494 730 60 33 30.

376 782 144 36 »Redan
549 782 10 34 i
589 782 123 47 början
738 782 39 34 af
806 780 204 38 1860-talet
1038 780 89 35 hade
1157 779 194 36 emellertid
1383 779 122 36 väckts
1530 780 101 46 fråga
1661 791 55 23 om
1738 791 41 23 en
1796 779 66 36 för-

246 835 139 36 bättrad
417 834 443 45 veterinärundervisning.
917 832 116 36 Sedan
1061 832 181 46 åtskilliga
1271 831 188 48 yttranden
1488 831 158 47 afgifvits
1663 831 38 35 af
1713 831 149 35 embets-

247 887 86 35 verk
375 886 65 36 och
483 886 241 46 auktoriteter,
768 884 230 36 förordnades
1035 884 39 35 år
1119 885 96 35 1863
1259 884 52 35 för
1353 883 162 35 ärendets
1552 886 162 32 närmare
1741 883 119 35 utred-

246 939 88 46 ning
376 950 42 23 en
462 937 142 47 komité,
639 949 73 23 som
742 937 9 34 i
781 937 58 35 sitt
868 937 67 34 den
966 937 47 33 24
1043 935 71 47 Maj
1150 938 95 33 1865
1276 935 134 46 afgifna
1438 934 228 36 betänkande
1696 934 164 47 föreslog,

246 994 52 31 att
339 989 174 36 anstalten
546 989 12 34 i
599 988 203 36 Stockholm
846 988 115 35 skulle
1003 987 109 35 blifva
1155 987 59 35 det
1255 986 180 47 egentliga
1468 986 392 47 veterinärläroverket,

245 1042 150 35 ordnadt
432 1041 45 47 på
518 1041 38 35 af
594 1041 216 34 komiterade
853 1039 189 46 föreslaget
1082 1042 81 43 sätt,
1200 1051 79 23 men
1307 1038 245 46 inrättningen
1581 1038 11 34 i
1621 1038 113 35 Skara
1761 1038 99 35 »med

246 1093 210 36 oförändrad
499 1092 215 46 benämning
750 1091 217 36 fortfarande
1011 1090 193 36 bibehållas
1233 1091 114 35 såsom
1376 1102 43 23 en
1450 1090 175 35 veterinär
1655 1089 206 47 sjukvårds-

245 1145 131 36 anstalt
417 1145 78 35 med
538 1143 162 36 ändamål
736 1144 166 46 derjemte
936 1146 52 31 att
1017 1142 158 36 meddela
1205 1142 290 46 undervisning
1480 1137 23 57 i
1526 1141 334 36 veterimärkunska-

246 1209 70 35 pen
346 1196 65 36 och
441 1195 165 36 särskildt
635 1196 67 34 den
731 1195 56 35 del
816 1195 110 45 deraf,
956 1206 73 24 som
1059 1194 91 35 afser
1179 1193 258 47 hofbeslaget».
1491 1192 79 36 Den
1590 1193 269 47 undervisning,

245 1261 73 23 som
347 1252 99 31 utom
474 1248 11 34 i
514 1247 224 45 hofbeslaget
766 1247 114 35 skulle
909 1246 56 34 vid
996 1246 242 45 inrättningen
1267 1245 179 35 meddelas
1474 1245 11 34 i
1502 1245 200 35 veterinära
1718 1248 141 44 ämnen,

246 1301 108 34 borde
383 1300 150 35 inrättas
563 1299 75 35 med
669 1298 168 36 särskildt
866 1298 163 35 afseende
1058 1298 20 34 å
1101 1297 371 47 jordbruksnäringen
1502 1301 91 30 samt
1622 1296 112 45 alltså,
1764 1300 95 32 utom

245 1352 67 35 den
355 1351 154 36 kliniska
550 1350 225 48 sjukvården,
820 1350 98 35 bestå
945 1349 11 35 i
985 1349 132 36 sådana
1157 1348 233 36 »kortfattade
1433 1349 125 34 kurser
1590 1348 12 34 i
1630 1347 230 47 hemdjurens

245 1404 155 35 anatomi
429 1403 65 35 och
524 1401 176 49 fysiologi,
730 1402 102 35 deras
861 1401 92 36 afvel
983 1401 65 35 och
1075 1400 145 47 skötsel,
1250 1413 73 23 som
1353 1399 249 36 företrädesvis
1631 1399 118 35 kunde
1776 1412 84 23 vara

244 1455 189 47 gagnande
462 1455 54 34 för
544 1454 202 46 ynglingar,
782 1453 131 44 hvilka,
949 1453 75 35 med
1055 1452 92 35 förut
1175 1452 202 35 förvärfvad
1408 1451 129 35 allmän
1565 1451 172 47 bildning,
1768 1463 91 34 egna

244 1507 55 46 sig
327 1507 35 34 åt
402 1506 325 46 jordbruksyrket».
784 1504 161 37 Examen
980 1504 112 35 skulle
1126 1504 166 36 anställas
1323 1503 76 35 med
1428 1502 66 36 och
1524 1503 107 47 betyg
1659 1502 136 36 lemnas
1823 1503 37 34 åt

244 1557 427 48 hofslagarelärlingarne.

373 1608 407 47 »Sundhetsko!legium,
823 1607 108 36 hördt
959 1607 97 36 öfver
1085 1607 96 35 detta
1215 1606 143 47 förslag,
1392 1605 158 36 uttalade
1580 1605 67 36 den
1677 1605 103 47 åsigt,
1810 1609 50 32 att

244 1661 241 46 inrättningen
514 1661 10 34 i
554 1659 112 36 Skara
696 1660 106 36 borde
831 1660 128 35 ordnas
985 1659 111 35 såsom
1127 1663 50 31 ett
1192 1658 162 35 läroverk
1371 1658 53 34 för
1440 1657 208 46 fullständig
1664 1657 193 35 veterinär-

245 1713 169 47 bildning.
470 1713 145 35 'FTvenne
657 1712 142 46 förslag,
840 1711 166 36 affattade
1036 1711 10 34 i
1072 1710 156 46 enlighet
1256 1710 80 35 med
1365 1710 116 34 denna
1510 1709 103 47 åsigt,
1644 1708 118 35 blefvo
1792 1709 66 35 ock

243 1766 38 34 af
301 1765 112 35 Eders
455 1764 130 46 Kongl.
628 1763 101 47 Maj:t
771 1763 196 46 framlagda
1009 1762 54 35 för
1101 1764 97 33 1873
1225 1761 63 36 och
1321 1763 97 34 1874
1448 1761 57 34 års
1533 1759 214 47 Riksdagar,
1778 1772 80 24 men

242 1828 120 24 vunno
391 1817 28 46 ej
464 1815 342 48 representationens
848 1814 271 47 godkännande.
1172 1813 62 36 Ett
1275 1817 79 44 nytt
1374 1812 153 49 förslag
1551 1812 11 34 i
1591 1823 134 24 samma
1753 1812 102 47 syfte,

242 1868 191 47 framlagdt
462 1868 54 35 för
544 1869 96 34 1878
671 1867 56 35 års
756 1867 173 46 Riksdag,
958 1866 89 35 hade
1076 1877 133 23 samma
1234 1865 74 35 öde.
1366 1863 160 36 Arendet
1554 1863 91 35 hade
1674 1863 111 35 under
1814 1863 42 35 ti-

242 1920 67 35 den
336 1919 207 36 behandlats
571 1919 40 35 af
635 1931 42 22 en
707 1919 39 35 år
780 1921 96 33 1874
906 1918 123 35 tillsatt
1057 1929 46 35 ny
1133 1917 142 45 komité,
1305 1928 74 23 som
1408 1916 65 35 den
1505 1919 19 32 5
1550 1914 195 36 December
1765 1926 91 24 sam-

241 1984 57 23 ma
332 1971 38 35 år
399 1971 97 46 afgaf
525 1970 221 37 betänkande
775 1970 183 47 angående
987 1969 365 36 veterinärväsendets
1381 1967 189 36 ordnande.
1608 1966 130 36 Deruti
1766 1966 90 36 före-

242 2024 105 46 slogs,
376 2023 106 35 bland
513 2027 118 39 annat,
662 2026 50 31 att
740 2022 244 46 inrättningen
1013 2022 10 34 i
1053 2019 112 37 Skara
1195 2020 127 46 skulle,
1345 2019 109 47 jemte
1475 2019 52 35 sin
1550 2018 138 48 uppgift
1704 2022 49 31 att
1771 2030 85 24 vara

242 2074 221 36 vårdanstalt
504 2075 51 34 för
592 2074 103 46 sjuka
724 2074 79 47 djur
832 2073 64 36 och
927 2072 318 47 hofbeslagsskola,
1274 2071 138 36 utbilda
1440 2070 335 48 privatveterinärer
1803 2070 54 35 för

241 2127 248 36 landtbrukets
518 2125 115 36 behof.
689 2125 415 46 Inträdesfordringarna
1134 2124 113 34 skulle
1277 2136 83 22 vara
1389 2123 97 46 lägre
1515 2126 44 32 än
1578 2122 52 35 till
1645 2122 211 35 läroanstal-

242 2184 57 30 ten
328 2179 10 35 i
364 2178 205 36 Stockholm
598 2176 65 36 och
692 2177 301 46 undervisningen
1023 2175 135 36 mindre
1190 2175 255 47 vetenskaplig,
1478 2186 79 23 men
1572 2173 109 36 likväl
1699 2174 156 35 tillräck-

241 2230 50 47 lig
334 2235 49 31 att
426 2229 136 37 utbilda
604 2228 148 46 dugliga
795 2229 185 47 praktiska
1022 2227 223 36 veterinärer.
1301 2226 69 36 Det
1399 2226 38 35 af
1463 2226 158 35 komitén
1649 2225 207 36 utarbetade

241 2281 135 48 förslag
418 2283 10 35 i
459 2283 114 35 denna
601 2280 57 35 del
687 2280 190 36 framlades
906 2281 38 34 af
969 2279 112 35 Eders
1111 2276 133 49 Kongl.
1274 2278 105 48 Maj:t
1403 2290 127 35 genom
1560 2277 108 47 nådig
1696 2277 158 48 proposi-

241 2334 74 35 tion
345 2334 52 36 för
430 2337 95 34 1875
552 2334 57 35 års
638 2331 172 49 Riksdag,
840 2332 64 36 och
934 2331 170 46 begärdes
1133 2331 52 35 för
1202 2330 78 36 dess
1296 2330 276 48 genomförande
1593 2341 41 23 en
1651 2328 203 48 förhöjning
