2196 2560
378 177 40 30 38
828 174 102 33 Stats-
947 170 177 48 Utskottets
1139 176 175 33 Utlåtande
1337 176 64 31 N:o
1426 179 49 29 14.

1841 257 115 28 Kronor.

433 307 122 47 jemte
599 304 138 37 bostad
777 305 87 36 med
895 305 147 37 möbler
1071 305 71 36 och
1173 305 248 49 sängkläder,
1452 306 98 49 lyse,
1579 308 87 48 ved,
1697 314 101 31 tvätt

438 358 73 36 och
545 357 88 36 kost
669 356 79 36 lika
782 357 88 36 med
899 358 193 35 allmänna
1122 357 252 48 afdelningen
1404 363 100 31 samt
1534 361 126 34 såsom
1690 360 106 36 kost-

436 408 485 49 förbättringspenningar
951 412 74 32 200
1055 409 158 87 kronor;

332 461 302 57 sysslomannen
660 492 24 4 ...
730 492 72 4 .....
1160 492 86 4 ENN
1287 494 5 2 S
1302 491 63 5 dte
1398 492 170 5 Feber
1600 493 16 4 a
1670 494 122 4 SNR
1840 467 113 44 3000

432 513 124 47 jemte
586 492 326 68 boställsvåning
922 491 79 56 och
1029 491 90 67 ved;

949 630 213 33 Hernösands
1187 630 159 42 hospital.

330 708 320 46 Öfverläkaren
627 704 54 66 ...
1182 750 98 4 NärselN
1312 750 137 4 Si-A
1492 750 120 4 fr
1706 752 72 2 on
1839 723 112 45 67500

430 770 125 47 jemte
582 748 312 69 boställsvåning
908 749 88 57 och
1022 746 91 77 ved;

328 821 233 36 biträdande
592 821 178 35 läkaren
804 852 24 4 .....
1839 825 113 46 2,5300

429 873 124 48 jemte
595 873 138 35 bostad
774 852 102 56 med
894 851 162 58 möbler
1071 852 71 57 och
1160 852 178 69 sängklä
1343 852 81 69 der,
1444 853 104 69 lyse,
1578 852 87 68 ved,
1694 854 101 56 tvätt

435 924 72 36 och
537 924 124 36 första
689 923 178 36 klassens
895 924 106 45 kost;

330 975 299 58 sysslomannen
704 1008 38 2 ...
1156 1007 636 5 FE
1862 971 19 58 KL
1878 981 73 34 UL

430 1027 124 48 jemte
583 1006 325 69 boställsvåning
916 1008 80 55 och
1014 1008 122 55 ved.

463 1130 56 35 De
562 1130 58 36 för
658 1130 347 49 aflöningsstatens
1040 1130 248 49 tillämpning
1327 1130 145 49 nödiga
1500 1131 164 48 utgifter
1692 1131 191 37 bestridas
1913 1132 43 36 af

329 1182 354 48 förslagsanslaget
711 1181 57 36 till
797 1181 190 48 hospitals
1017 1181 236 37 underhåll.»

463 1233 75 36 Vid
568 1233 252 48 tillämpning
845 1233 39 35 af
911 1233 129 36 denna
1069 1238 77 31 stat
1176 1233 125 36 skulle
1330 1233 213 47 iakttagas:

464 1291 53 29 att
544 1287 66 33 två
634 1284 235 48 tredjedelar
897 1285 42 35 af
963 1285 74 36 den
1066 1285 190 36 kontanta
1285 1285 226 48 aflöningen
1540 1289 139 44 utgöra
1708 1284 66 37 lön
1800 1286 72 36 och
1902 1298 48 24 en

331 1336 193 47 tredjedel
553 1336 526 49 tjenstgöringspenningar;

465 1394 53 29 att
545 1387 231 36 biträdande
805 1388 143 46 läkare,
989 1401 82 22 som
1102 1393 42 30 är
1182 1387 190 36 medicine
1403 1387 173 36 licentiat
1605 1388 71 36 och
1705 1388 150 36 boende
1886 1388 65 36 vid

331 1438 225 49 hospitalet,
588 1452 93 34 eger
714 1444 55 31 att
795 1439 153 36 utöfver
977 1439 116 36 ofvan
1122 1439 202 36 bestämda
1353 1439 175 47 aflöning
1555 1439 207 37 bekomma
1800 1440 151 47 årligen

335 1493 112 44 1,000
491 1490 155 47 kronor,
691 1491 121 35 under
853 1491 128 35 vilkor
1014 1496 56 30 att
1099 1491 77 35 han
1200 1490 87 36 icke
1318 1491 88 35 med
1435 1490 271 49 befattningen
1736 1493 127 34 såsom
1892 1491 57 36 bi-

331 1541 190 37 trädande
551 1542 134 36 läkare
714 1542 154 36 förenar
896 1555 128 23 annan
1052 1542 135 48 tjenst;
1219 1548 100 30 samt

464 1600 52 28 att
545 1593 58 36 för
628 1593 227 36 biträdande
885 1594 142 47 läkare,
1059 1607 82 23 som
1181 1593 87 36 icke
1298 1599 41 30 är
1369 1593 151 37 boende
1550 1594 64 35 vid
1643 1593 222 49 hospitalet,
1896 1593 54 35 af-

331 1644 189 49 löningen
548 1644 13 35 i
592 1645 75 36 alla
696 1645 206 36 händelser
926 1648 115 45 utgår
1068 1645 88 36 med
1186 1645 138 36 endast
1353 1648 114 44 2,000
1497 1645 143 36 kronor
1667 1658 60 22 om
1753 1647 81 34 året
1856 1649 94 31 utan

332 1699 131 46 någon
492 1700 77 31 rätt
598 1696 58 36 till
687 1697 344 36 naturaförmåner.

463 1747 143 37 Vidare
648 1748 70 36 har
759 1748 143 49 Kongl.
937 1748 110 48 Maj:t
1082 1747 202 50 föreslagit
1312 1748 227 48 Riksdagen
1568 1753 57 31 att
1654 1747 208 49 medgifva,
1893 1753 57 30 att

330 1799 59 35 till
431 1799 176 48 aflöning
648 1802 37 33 åt
728 1799 125 49 öfrige
896 1800 65 35 vid
1002 1800 170 36 nämnda
1213 1799 172 49 hospital
1428 1799 253 48 erforderlige
1714 1799 236 48 tjenstemän

331 1850 143 48 Kongl.
505 1850 110 47 Maj:t
644 1854 117 33 måtte
792 1851 219 48 medgifvas
1028 1856 77 31 rätt
1122 1857 67 42 att,
1208 1851 169 36 förutom
1393 1851 47 36 de
1457 1851 332 36 naturaförmåner
1806 1851 141 47 Kongl.

331 1902 111 48 Maj:t
470 1902 130 35 kunde
630 1902 103 36 finna
763 1903 145 48 skäligt
936 1902 229 48 bestämma,
1195 1903 10 35 1
1235 1903 279 47 hufvudsaklig
1543 1902 407 36 öfverensstämmelse

331 1954 89 35 med
463 1953 424 49 Medicinalstyrelsens
925 1954 149 48 förslag
1107 1955 178 35 använda
1315 1959 55 31 ett
1400 1955 165 35 kontant
1594 1954 139 49 belopp
1764 1954 41 36 af
1830 1954 119 47 högst

335 2007 138 45 16,000
503 2005 145 36 kronor
677 2005 86 36 utaf
782 2005 350 48 förslagsanslaget
1161 2006 59 35 till
1250 2006 189 48 hospitals
1468 2005 212 36 underhåll.

464 2056 76 36 Vid
569 2057 282 47 föredragning
878 2057 13 35 i
921 2056 217 37 Statsrådet
1159 2058 41 35 af
1221 2058 96 36 detta
1334 2058 142 36 ärende
1494 2057 159 36 anförde
1669 2055 280 49 föredragande

331 2108 458 49 Departementschefen:

461 2160 39 36 »I
522 2160 212 48 anledning
763 2159 118 48 deraf,
908 2166 56 30 att
992 2161 124 35 under
1145 2161 46 36 de
1221 2173 136 24 senare
1388 2163 90 34 åren
1508 2161 91 36 flere
1627 2157 322 50 hospitalsdirek-

332 2211 127 36 tioner
501 2212 127 48 ingått
671 2212 58 35 till
770 2212 404 49 Medicinalstyrelsen
1211 2213 85 35 med
1331 2212 331 47 framställningar
1691 2224 61 22 om
1780 2209 169 36 löneför-

331 2262 177 49 bättring
534 2264 59 36 för
626 2263 442 49 hospitalstjenstemän,
1099 2264 153 36 hvilkas
1282 2264 283 35 löneförmåner
1594 2267 148 30 ansetts
1771 2274 92 22 vara
1891 2261 59 36 för

331 2314 91 47 låga
451 2314 12 35 i
488 2315 242 36 förhållande
759 2314 59 37 till
847 2315 111 36 deras
987 2315 259 37 ansvarsfulla
1271 2315 72 36 och
1372 2316 263 35 mödosamma
1663 2312 287 49 tjenstebefatt-
