1892 2846
230 175 20 30 2
696 177 230 28 Statsutskottets
947 176 149 28 utlåtande
1117 176 50 28 Nr
1189 173 50 32 64.

231 251 74 31 tion
329 251 64 31 och
415 250 64 32 vad
502 251 140 31 därmed
665 251 99 31 stode
787 251 13 31 i
813 251 174 32 samband.
1033 251 134 31 Genom
1183 251 115 41 utslag
1314 250 66 32 den
1397 251 19 31 9
1432 251 65 41 maj
1513 251 80 31 1922
1609 251 125 32 dömde

231 302 122 41 Kungl.
378 301 112 41 Maj:t,
515 301 51 32 dit
589 302 102 31 målet
714 302 164 41 slutligen
900 301 169 42 fullföljts,
1123 302 135 31 Falkman
1282 303 50 30 att
1354 301 53 31 för
1429 301 225 39 vårdslöshet,
1671 302 63 31 för-

232 353 185 31 summelse
440 352 65 32 och
529 352 176 32 oförstånd
728 352 11 31 i
763 353 213 41 fullgörande
1000 364 39 20 av
1063 352 262 42 ämbetsplikter
1347 352 11 31 i
1382 352 169 32 avseende
1574 354 19 29 å
1605 352 129 42 Gurlys

231 403 204 41 försäljning
468 403 65 31 och
566 403 195 41 reparation
797 405 88 29 samt
909 403 63 31 vad
995 403 141 31 därmed
1159 403 100 32 stode
1281 403 12 31 i
1317 403 167 31 samband
1506 414 79 20 vara
1607 403 12 31 i
1642 403 93 31 mist-

231 453 85 41 ning
339 464 39 21 av
402 453 60 32 sitt
485 453 135 32 ämbete
643 455 114 30 såsom
781 453 263 32 marindirektör
1060 465 41 20 av
1115 454 109 31 första
1239 454 129 41 graden
1385 453 56 32 vid
1457 453 277 42 mariningenjör-

231 504 105 31 kåren
359 504 108 31 under
489 506 57 29 två
568 504 168 32 månader.

284 554 143 33 Kronan
459 554 171 32 instämde
664 555 192 31 emellertid
881 555 162 32 Ekström
1067 555 53 31 till
1145 554 221 32 Stockholms
1389 554 235 32 rådstuvurätt
1647 556 89 30 samt

230 605 129 42 yrkade
389 605 181 32 Ekströms
593 605 232 42 förpliktande
848 607 50 30 att
920 606 53 30 till
994 606 131 31 kronan
1149 605 116 42 utgiva
1288 605 75 32 dels
1385 605 274 41 köpeskillingen
1682 606 54 30 för

231 656 114 38 båten,
372 656 90 38 1,500
494 656 135 38 kronor,
653 656 74 31 dels
759 656 63 31 ock
846 656 188 42 ersättning
1056 657 53 30 för
1131 656 232 31 kostnaderna
1385 656 53 31 för
1459 656 123 31 båtens
1604 667 131 30 repara-

232 706 74 32 tion
341 707 77 31 med
440 707 115 38 26,022
577 707 125 31 kronor
724 707 42 31 45
790 708 67 37 öre,
881 707 88 31 båda
991 709 164 39 posterna
1177 707 104 41 jämte
1304 708 107 30 ränta.
1456 707 278 31 Rådstuvurätten

232 757 202 35 meddelade
467 757 80 31 dom
570 757 12 31 i
604 757 149 31 nämnda
786 757 67 31 mål
884 757 65 32 den
982 758 41 31 25
1054 757 144 32 oktober
1223 757 90 38 1922,
1331 757 73 31 däri
1430 759 44 39 på
1497 757 141 31 anförda
1661 757 74 31 skäl

231 807 279 32 rådstuvurätten
534 808 123 31 dömde
680 808 163 31 Ekström
868 809 49 30 att
936 808 11 31 i
969 808 160 31 fordrade
1151 808 214 32 hänseendet
1387 807 53 32 till
1456 808 129 31 kronan
1609 807 124 42 utgiva,

231 859 151 31 förutom
418 859 92 38 1,500
536 858 125 32 kronor
685 861 114 29 såsom
822 859 224 41 köpesumma
1068 859 53 31 för
1143 859 112 38 båten,
1280 859 52 30 för
1355 858 80 31 dess
1458 858 276 31 iståndsättande

231 909 95 39 5,345
359 909 126 32 kronor
508 910 18 31 9
550 911 67 35 öre,
641 909 61 32 allt
732 909 106 42 jämte
868 911 105 30 ränta.
1019 909 133 32 Genom
1176 909 80 31 dom
1280 909 66 31 den
1372 910 39 30 14
1433 908 185 32 november
1642 908 91 38 1924,

232 971 75 20 som
342 971 87 20 vann
456 961 76 40 laga
554 960 97 35 kraft,
673 960 82 31 fann
781 960 81 31 Svea
884 960 125 31 hovrätt
1031 959 29 42 ej
1086 960 72 31 skäl
1181 961 51 29 att
1253 961 83 40 göra
1358 959 145 41 ändring
1524 959 12 30 i
1558 959 176 31 rådstuvu-

231 1012 132 30 rättens
386 1010 88 32 dom.

284 1061 121 32 Under
427 1061 218 42 åberopande
667 1072 40 20 av
730 1063 50 29 att
803 1061 67 31 den
896 1060 372 42 reparationskostnad,
1293 1060 52 32 för
1368 1060 113 32 vilken
1504 1060 160 41 täckning
1687 1062 48 29 så-

230 1112 108 31 lunda
359 1112 73 32 icke
459 1112 164 38 erhållits,
639 1112 160 41 utgjorde
822 1111 133 42 (26,022:45
1032 1112 23 31 —
1074 1111 102 39 5,345:
1189 1112 41 31 09
1244 1111 50 42 =)
1317 1112 113 37 20,677
1454 1111 126 31 kronor
1602 1111 40 31 36
1666 1112 68 37 öre,

230 1163 129 41 yrkade
391 1163 129 31 kronan
555 1163 147 31 härefter
734 1163 92 31 inför
860 1162 353 42 stationskrigsrätten
1237 1164 58 36 att,
1320 1164 81 29 enär
1423 1161 165 32 Falkman
1610 1172 124 31 genom

230 1214 249 38 försummelse,
503 1213 216 32 vårdslöshet
753 1213 66 31 och
853 1213 177 31 oförstånd
1052 1213 12 31 i
1088 1213 160 40 tjänsten,
1272 1213 113 31 varför
1412 1212 164 31 Falkman
1599 1212 135 31 ådömts

230 1275 132 26 ansvar,
396 1264 163 31 föranlett
588 1264 111 31 denna
731 1263 135 38 förlust,
890 1263 164 31 Falkman
1088 1265 105 29 måtte
1216 1263 183 41 förpliktas
1421 1264 50 30 att
1493 1263 53 31 till
1568 1262 131 32 kronan
1722 1262 12 31 i

232 1314 209 32 skadestånd
474 1314 117 41 utgiva
612 1313 150 32 nämnda
784 1314 128 41 belopp
936 1315 37 30 så
997 1314 63 31 ock
1083 1315 49 29 att
1155 1313 81 32 därå
1258 1313 101 41 gälda
1381 1314 97 30 ränta
1501 1315 161 29 ävensom
1686 1315 50 29 ut-

231 1365 78 41 giva
331 1365 207 41 gottgörelse
561 1365 52 31 för
635 1365 12 30 i
670 1364 103 32 målet
797 1364 164 31 utdömda
983 1363 369 42 vittnesersättningar.
1388 1363 345 41 Stationskrigsrätten

230 1416 82 31 fann
335 1416 11 30 i
369 1416 113 41 utslag
515 1415 66 31 den
607 1416 14 30 1
645 1415 63 41 juli
744 1415 81 31 1932
848 1415 148 31 kronans
1019 1414 93 31 talan
1134 1414 74 31 icke
1231 1414 116 31 kunna
1369 1414 145 31 bifallas.
1560 1414 174 40 Krigshov-

229 1468 117 36 rätten,
371 1466 59 31 där
452 1466 131 31 kronan
610 1465 187 32 besvärade
821 1465 61 41 sig,
906 1465 149 41 prövade
1077 1465 12 31 i
1112 1465 114 41 utslag
1249 1465 67 31 den
1339 1465 40 31 23
1403 1465 64 41 maj
1494 1465 80 31 1933
1597 1465 137 31 rättvist

231 1519 59 36 att,
312 1517 79 31 med
413 1517 145 41 ändring
581 1528 39 20 av
643 1516 227 41 krigsrättens
892 1516 122 41 utslag,
1038 1516 12 31 1
1074 1517 38 30 så
1134 1517 107 30 måtto
1264 1515 119 31 bifalla
1398 1516 150 31 kronans
1565 1516 101 37 talan,
1683 1517 51 29 att

230 1567 165 32 Falkman
418 1567 225 42 förpliktades
669 1569 72 29 mot
763 1566 109 32 kvitto
896 1567 51 30 till
970 1567 131 30 kronan
1124 1566 116 42 utgiva
1262 1567 112 37 17,676
1397 1566 127 32 kronor
1546 1567 19 30 2
1581 1568 58 29 öre
1655 1566 79 31 med

230 1618 83 31 därå
335 1618 148 41 löpande
506 1618 67 31 fem
597 1619 142 40 procent
761 1619 98 30 ränta
881 1617 73 31 från
975 1617 66 31 den
1067 1617 38 31 15
1121 1617 65 41 maj
1206 1617 90 38 1931,
1313 1616 72 32 tills
1401 1617 177 40 betalning
1594 1616 138 39 skedde,

230 1671 162 30 ävensom
426 1670 50 30 att
502 1670 157 40 gottgöra
691 1668 131 31 kronan
856 1667 64 32 vad
952 1667 131 31 kronan
1117 1668 108 40 ålagts
1259 1667 116 41 utgiva
1396 1667 12 31 i
1432 1667 190 41 ersättning
1644 1667 89 31 till
1717 1663 20 51 i

230 1720 105 31 målet
364 1719 150 32 avhörda
546 1719 131 32 vittnen
711 1718 80 32 med
819 1719 60 31 285
912 1718 134 31 kronor.
1094 1717 114 32 Sedan
1235 1718 165 31 Falkman
1433 1718 98 41 yrkat
1554 1717 178 42 ändring
1711 1713 23 51 i

229 1770 296 41 krigshovrättens
553 1770 120 41 utslag,
697 1769 151 42 prövade
872 1769 121 40 Kungl.
1017 1769 104 40 Maj:t
1143 1768 11 31 i
1177 1769 115 41 utslag
1315 1768 66 31 den
1399 1769 39 30 23
1454 1768 180 31 december
1651 1768 81 31 1933

230 1821 139 31 rättvist
391 1823 43 39 på
457 1821 58 31 det
538 1822 69 30 sätt
629 1820 105 31 ändra
756 1819 294 41 krigshovrättens
1075 1819 112 41 utslag
1203 1818 213 32 beträffande
1432 1819 232 37 huvudsaken,
1682 1820 50 30 att

230 1872 59 31 det
311 1871 128 42 belopp
462 1871 164 31 Falkman
649 1870 88 32 hade
761 1872 51 29 att
834 1870 12 31 i
869 1869 209 32 skadestånd
1101 1869 115 42 utgiva
1238 1869 55 31 till
1315 1870 130 31 kronan
1465 1869 198 32 bestämdes
1679 1869 53 31 till

231 1922 113 38 12,578
371 1922 125 31 kronor
532 1922 38 31 15
605 1923 56 30 öre
684 1921 79 31 med
785 1922 97 30 ränta
905 1920 80 31 därå
1008 1920 86 31 efter
1116 1920 65 31 den
1206 1931 39 20 av
1268 1920 275 41 krigshovrätten
1568 1920 164 41 stadgade

228 1974 166 41 grunden.
438 1973 18 31 I
486 1973 93 41 fråga
612 1984 54 20 om
700 1971 235 42 ersättningen
968 1971 53 31 till
1043 1971 11 31 i
1078 1971 103 31 målet
1213 1971 110 31 hörda
1344 1971 133 31 vittnen
1499 1971 81 31 fann
1604 1970 126 42 Kungl.

229 2024 99 41 Maj:t
351 2024 28 41 ej
405 2023 73 32 skäl
501 2025 50 30 att
573 2025 81 39 göra
676 2022 146 41 ändring
843 2022 12 30 i
877 2021 294 41 krigshovrättens
1194 2022 122 41 utslag.

282 2074 63 32 Uti
379 2085 41 20 en
454 2074 53 31 till
540 2073 125 41 Kungl.
689 2073 100 41 Maj:t
816 2072 104 32 ställd
943 2072 107 38 skrift,
1075 2072 214 41 dagtecknad
1312 2072 67 31 den
1404 2073 38 30 19
1465 2072 150 32 februari
1639 2072 91 37 1934,

228 2125 62 30 har
323 2136 47 20 nu
393 2124 165 31 Falkman
578 2123 142 32 anhållit
744 2125 50 29 att
816 2122 92 32 bliva
930 2122 132 32 befriad
1085 2123 73 31 från
1182 2124 49 30 att
1254 2122 117 42 utgiva
1394 2122 57 32 det
1474 2123 106 41 enligt
1602 2122 127 41 Kungl.

228 2175 118 41 Maj:ts
362 2175 224 31 omförmälda
602 2174 112 41 utslag
730 2173 66 32 den
814 2174 40 30 23
870 2173 180 31 december
1067 2173 80 32 1933
1163 2173 167 31 utdömda
1346 2173 383 41 ersättningsbeloppet,

229 2226 114 38 12,578
376 2226 126 31 kronor
537 2226 38 31 15
599 2227 65 36 öre,
687 2225 106 41 jämte
815 2225 98 30 ränta
935 2224 81 31 därå
1039 2226 160 29 ävensom
1223 2224 393 42 rättegångskostnader.
1663 2224 68 31 Till

228 2276 80 32 stöd
341 2277 53 30 för
426 2276 236 41 ansökningen
696 2275 62 31 har
790 2274 165 32 Falkman
983 2275 121 38 anfört,
1129 2276 50 29 att
1201 2274 68 31 han
1293 2277 44 39 på
1359 2275 111 41 grund
1493 2286 40 20 av
1556 2275 109 31 under
1687 2274 43 32 de

227 2328 137 30 senaste
388 2328 79 30 åren
490 2328 258 40 genomgångna
772 2324 206 43 sjukdomar,
1002 2325 329 41 processkostnader
1353 2325 12 31 i
1385 2325 186 42 anledning
1587 2336 39 21 av
1642 2336 87 21 ovan

226 2377 190 32 relaterade
442 2377 68 31 mål
541 2388 41 20 m.
607 2388 41 20 m.
672 2377 65 30 fått
760 2376 54 31 sin
839 2375 158 32 ekonomi
1019 2377 156 30 avsevärt
1197 2376 180 41 försvagad
1401 2376 64 31 och
1488 2387 141 20 numera
1654 2376 74 31 icke

227 2427 89 32 hade
349 2427 106 32 andra
487 2428 181 41 tillgångar
701 2427 52 31 för
781 2426 62 32 sitt
865 2426 183 41 uppehälle
1072 2428 42 29 än
1137 2426 128 31 honom
1289 2426 258 32 tillkommande
1570 2426 157 41 pension.

279 2478 19 32 I
331 2478 176 32 utlåtande
542 2478 65 31 den
641 2478 18 31 8
692 2488 92 21 mars
809 2477 81 32 1934
912 2477 61 31 har
995 2476 350 41 marinförvaltningen
1367 2477 121 39 anfört,
1512 2479 50 29 att
1585 2476 144 32 ämbets-
