2171 2576
327 216 17 29 8
848 211 99 31 Stats-
961 206 165 46 Utskottets
1140 210 163 32 Utlåtande
1328 211 64 31 N:o
1415 212 31 30 6.

327 295 91 35 stält
446 294 59 35 till
534 293 138 47 Kongl.
703 291 124 44 Maj:ts
856 290 237 50 förfogande,
1123 291 123 35 skulle
1275 290 37 36 få
1336 291 87 35 låna
1444 290 65 36 det
1529 290 155 49 belopp,
1706 304 80 23 som
1806 291 156 43 felades,

327 358 86 22 men
456 345 48 35 då
546 342 233 37 lånefonden
814 355 68 23 var
920 343 212 47 oansenlig,
1161 341 169 48 jemförd
1360 341 87 36 med
1477 341 47 35 de
1553 341 277 37 lånesökandes
1859 348 105 30 stora

327 396 115 43 antal,
485 394 129 36 kunde
657 392 366 37 Skåne—Hallands
1061 392 301 48 jernvägsbolag
1403 393 32 46 ej
1480 392 148 35 erhålla
1666 405 80 22 mer
1780 393 11 34 i
1818 393 62 35 lån
1916 400 48 28 än

328 447 200 43 1,500,000
559 445 154 43 kronor,
743 449 55 31 ett
826 444 143 48 belopp
1000 444 31 47 ej
1062 443 89 36 fullt
1180 443 272 36 motsvarande
1481 456 47 22 en
1557 442 171 47 tredjedel
1753 442 40 36 af
1810 444 154 47 anlägg-

328 495 342 48 ningskostnaden.

429 546 56 35 En
515 546 65 35 vid
609 545 177 36 sistlidna
816 548 59 32 års
904 544 157 48 riksdag
1089 543 41 36 af
1155 557 144 23 samme
1329 544 193 35 motionär
1551 543 110 48 gjord
1682 543 283 48 framställning

328 610 61 22 om
431 597 62 35 lån
537 600 39 32 åt
614 595 365 37 Skåne—Hallands
1012 595 412 47 jernvägsaktiebolag
1454 594 97 36 hade
1582 593 187 48 afslagits;
1800 594 71 35 och
1900 594 66 35 det

328 647 111 45 hade,
481 647 64 35 vid
579 647 108 35 tiden
721 646 59 36 för
809 646 164 35 berörda
1001 646 167 35 motions
1197 645 193 48 pröfning,
1420 645 31 47 ej
1481 645 101 35 varit
1610 645 150 47 möjligt
1789 650 56 30 att
1872 657 94 35 nog-

326 703 115 42 grant
482 697 184 47 bestyrka
706 697 100 35 huru
849 702 99 30 stort
985 696 142 48 belopp
1165 696 145 35 banans
1344 696 236 47 anläggning
1607 695 123 36 skulle
1760 695 127 44 kosta;
1916 708 50 22 nu

329 749 177 35 deremot
542 761 94 23 vore
675 747 151 36 arbetet
862 751 40 32 så
935 747 107 48 långt
1070 747 248 35 framskridet
1346 750 56 32 att
1430 759 87 22 man
1547 746 87 35 med
1663 746 146 36 visshet
1836 746 128 35 kunde

329 798 155 49 angifva
514 799 233 36 åtminstone
778 799 72 34 den
881 810 160 32 summa,
1071 810 81 23 som
1182 797 97 35 allra
1307 797 109 34 minst
1445 795 197 37 behöfdes.

432 992 74 36 Vid
536 992 286 48 behandlingen
852 991 40 36 af
917 991 251 36 förevarande
1202 990 143 48 förslag
1375 991 68 35 har
1476 990 200 36 Utskottet
1709 991 97 46 tagit
1839 989 60 36 del
1930 989 40 36 af

331 1043 169 48 följande
530 1044 83 35 dels
642 1043 62 35 vid
734 1044 243 35 motionerna
1006 1042 152 48 fogade,
1187 1041 81 36 dels
1290 1041 200 36 Utskottet
1510 1041 319 35 tillhandahållna
1850 1041 116 35 hand-

330 1096 137 45 lingar,
497 1094 208 48 nemligen:

435 1142 75 47 1:0)
553 1158 46 22 en
643 1144 40 35 af
707 1143 198 49 Kaptenen
943 1144 64 36 vid
1043 1143 137 48 Kongl.
1221 1142 100 49 Väg-
1355 1143 71 35 och
1465 1142 500 48 vattenbyggnadscorpsen

332 1194 42 37 G.
418 1195 226 47 Lindeqvist
686 1195 73 35 den
796 1198 20 33 8
855 1194 214 36 December
1109 1196 95 34 1883
1234 1194 212 47 upprättad
1476 1193 404 48 kostnadsberäkning
1907 1193 60 35 för

331 1245 364 36 Skåne—Hallands
732 1246 173 47 jernväg,
937 1244 39 36 af
1003 1245 168 35 innehåll
1209 1250 62 38 att,
1311 1244 48 35 då
1397 1244 65 35 det
1497 1244 59 35 till
1585 1244 126 46 grund
1741 1243 60 35 för
1828 1243 138 35 under-

331 1297 117 47 dånig
476 1297 170 35 ansökan
675 1309 61 22 om
765 1296 229 35 koncession
1024 1295 58 35 för
1112 1295 233 48 anläggning
1373 1293 41 36 af
1435 1295 162 46 jernväg
1626 1295 138 45 mellan
1792 1293 176 49 Helsing-

332 1347 96 47 borg
457 1347 72 35 och
558 1346 202 37 Halmstad
790 1347 71 35 och
892 1346 141 35 mellan
1062 1345 180 48 Höganäs
1276 1344 108 36 öfver
1414 1345 162 47 Kattarp
1606 1345 59 35 till
1693 1343 149 49 Astorp
1872 1357 95 35 upp-

330 1398 153 35 rättade
511 1397 186 47 förslaget
724 1404 174 41 upptoge
928 1396 60 36 för

328 1449 214 47 jernvägen
584 1447 515 48 Helsingborg—Halmstad
1131 1460 45 22 en
1210 1446 196 36 beräknad
1440 1447 103 35 kost-

379 1494 7 53 5
395 1512 8 22 8
411 1499 47 35 26
458 1494 44 53 ME
1571 1496 62 35 Kr.
1665 1498 212 43 3,693,000:
1906 1516 49 4 —

327 1550 214 47 jernvägen
570 1548 397 49 Höganäs—Kattarp
1000 1579 61 5 ......
1071 1581 2 2 rserssa
1170 1579 27 5 rss
1206 1580 47 4 saras
1262 1579 26 5 era
1312 1578 55 6 renas
1376 1578 82 6 renarna
1476 1578 62 5 annen
1595 1561 13 15 »
1644 1543 33 57 >
1703 1549 174 42 416,000:
1906 1566 49 5 —

328 1601 213 46 jernvägen
573 1599 160 49 Kattarp
765 1595 183 57 —ÅStörp:
967 1629 390 6 smmmmismmsemmmsmsmemsmmea
1378 1629 161 5 smo
1596 1609 14 19 »
1704 1600 173 41 -321,000:
1907 1617 44 5 —

1384 1656 157 37 Summa
1570 1657 63 35 Kr.
1664 1659 213 42 4,430,000:
1906 1675 50 6 —

436 1722 87 23 men
552 1709 65 36 vid
646 1709 237 47 granskning
903 1708 41 36 af
961 1709 106 35 detta
1087 1708 145 48 förslag
1251 1708 10 35 i
1284 1707 137 47 Kongl.
1446 1707 98 46 Väg-

335 1760 71 35 och
445 1760 542 48 vattenbyggnadsstyrelsen,
1025 1758 61 36 för
1122 1759 191 36 vinnande
1349 1758 40 35 af
1419 1764 124 30 större

334 1810 176 36 soliditet
540 1811 10 34 i
576 1811 232 47 jernvägens
843 1810 180 48 byggnad
1058 1823 139 34 genom
1226 1809 252 35 användande
1508 1808 40 36 af

335 1867 137 41 tyngre
502 1861 72 35 och
605 1861 208 48 kraftigare
848 1862 140 34 skenor
1026 1861 71 35 och
1127 1860 60 36 för
1216 1859 148 36 ökande
1394 1859 41 36 af
1459 1860 86 34 dess

334 1910 290 49 trafikförmåga
665 1925 140 34 genom
848 1910 247 36 anskaffande
1130 1910 40 36 af
1205 1916 123 30 större
1367 1910 177 35 rullande

336 1962 187 44 materiel,
555 1962 193 48 åtskilliga
777 1962 142 47 belopp
950 1967 145 30 ansetts
1124 1961 94 35 böra
1239 1961 130 47 läggas
1390 1961 59 35 till
1470 1961 73 35 den

336 2013 220 35 beräknade
587 2013 375 43 kostnadssumman,
993 2012 216 47 utgörande
1238 2012 253 35 tillsammans
1513 2043 27 4 ...
1572 2011 62 35 Kr.
1705 2012 173 41 -367,500:
1907 2028 48 4 —

335 2063 139 47 Kongl.
510 2062 106 48 Maj:t
654 2064 12 34 i
702 2063 93 47 följd
836 2063 113 35 häraf
982 2063 66 35 vid
1084 2063 300 35 koncessionens
1425 2061 120 36 utfär-

337 2114 125 35 dande
492 2114 73 35 och
595 2113 291 48 arbetsplanens
914 2113 284 48 godkännande
1227 2112 59 36 för
1310 2113 235 47 jernvägens

337 2165 234 48 anläggning
600 2164 168 36 faststält
798 2177 46 22 en
873 2164 346 44 kostnadssumma,
1248 2168 81 30 Stor
1347 2194 198 5 u...........
1600 2175 14 17 »
1666 2164 211 42 4,797,500:
1906 2179 49 5 —

439 2221 53 29 att
515 2215 345 47 jernvägsbolaget
879 2215 20 35 i
928 2214 249 37 förenämnda
1206 2214 157 46 nådiga!
1384 2214 231 43 koncession,
1642 2221 90 27 enär
1752 2213 9 34 i
1784 2213 71 35 den
1876 2212 93 47 god-

336 2265 127 36 kända
493 2267 139 46 planen
660 2266 197 47 lutningar
879 2268 111 34 1:60
1011 2269 21 32 å
1052 2265 124 36 banan
1195 2264 201 36 flerstädes
1416 2264 252 42 förekomme,
1693 2263 275 48 förständigats
