<?xml version="1.0" encoding="UTF-8"?>
<alto xmlns="http://www.loc.gov/standards/alto/ns-v3#" xmlns:xlink="http://www.w3.org/1999/xlink" xmlns:xsi="http://www.w3.org/2001/XMLSchema-instance" xsi:schemaLocation="http://www.loc.gov/standards/alto/ns-v3# http://www.loc.gov/alto/v3/alto-3-0.xsd">
	<Description>
		<MeasurementUnit>pixel</MeasurementUnit>
		<sourceImageInformation>
			<fileName>/tmp/tess_9jhk_6ig_input.PNG</fileName>
		</sourceImageInformation>
		<OCRProcessing ID="OCR_0">
			<ocrProcessingStep>
				<processingSoftware>
					<softwareName>tesseract 5.3.0</softwareName>
				</processingSoftware>
			</ocrProcessingStep>
		</OCRProcessing>
	</Description>
	<Layout>
		<Page WIDTH="2234" HEIGHT="2650" PHYSICAL_IMG_NR="0" ID="page_0">
			<PrintSpace HPOS="0" VPOS="0" WIDTH="2234" HEIGHT="2650">
				<ComposedBlock ID="cblock_0" HPOS="447" VPOS="221" WIDTH="1056" HEIGHT="42">
					<TextBlock ID="block_0" HPOS="447" VPOS="221" WIDTH="1056" HEIGHT="42">
						<TextLine ID="line_0" HPOS="447" VPOS="221" WIDTH="1056" HEIGHT="42">
							<String ID="string_0" HPOS="447" VPOS="222" WIDTH="19" HEIGHT="32" WC="0.97" CONTENT="8"/><SP WIDTH="427" VPOS="222" HPOS="466"/>
							<String ID="string_1" HPOS="893" VPOS="221" WIDTH="244" HEIGHT="42" WC="0.69" CONTENT="Lagutskottets"/><SP WIDTH="30" VPOS="221" HPOS="1137"/>
							<String ID="string_2" HPOS="1167" VPOS="222" WIDTH="175" HEIGHT="33" WC="0.96" CONTENT="Utlåtande"/><SP WIDTH="23" VPOS="222" HPOS="1342"/>
							<String ID="string_3" HPOS="1365" VPOS="224" WIDTH="66" HEIGHT="32" WC="0.94" CONTENT="N:o"/><SP WIDTH="22" VPOS="224" HPOS="1431"/>
							<String ID="string_4" HPOS="1453" VPOS="223" WIDTH="50" HEIGHT="31" WC="0.96" CONTENT="18."/>
						</TextLine>
					</TextBlock>
				</ComposedBlock>
				<ComposedBlock ID="cblock_1" HPOS="405" VPOS="308" WIDTH="1599" HEIGHT="1818">
					<TextBlock ID="block_1" HPOS="405" VPOS="308" WIDTH="1596" HEIGHT="934">
						<TextLine ID="line_1" HPOS="405" VPOS="308" WIDTH="1592" HEIGHT="50">
							<String ID="string_5" HPOS="405" VPOS="309" WIDTH="113" HEIGHT="37" WC="0.96" CONTENT="äfven"/><SP WIDTH="27" VPOS="309" HPOS="518"/>
							<String ID="string_6" HPOS="545" VPOS="314" WIDTH="136" HEIGHT="44" WC="0.93" CONTENT="utgöra"/><SP WIDTH="27" VPOS="314" HPOS="681"/>
							<String ID="string_7" HPOS="708" VPOS="309" WIDTH="247" HEIGHT="37" WC="0.92" CONTENT="valnämnder"/><SP WIDTH="26" VPOS="309" HPOS="955"/>
							<String ID="string_8" HPOS="981" VPOS="309" WIDTH="57" HEIGHT="37" WC="0.96" CONTENT="till"/><SP WIDTH="27" VPOS="309" HPOS="1038"/>
							<String ID="string_9" HPOS="1065" VPOS="309" WIDTH="182" HEIGHT="38" WC="0.96" CONTENT="utseende"/><SP WIDTH="29" VPOS="309" HPOS="1247"/>
							<String ID="string_10" HPOS="1276" VPOS="310" WIDTH="41" HEIGHT="36" WC="0.96" CONTENT="af"/><SP WIDTH="21" VPOS="310" HPOS="1317"/>
							<String ID="string_11" HPOS="1338" VPOS="309" WIDTH="209" HEIGHT="38" WC="0.96" CONTENT="ledamöter"/><SP WIDTH="26" VPOS="309" HPOS="1547"/>
							<String ID="string_12" HPOS="1573" VPOS="309" WIDTH="14" HEIGHT="38" WC="0.96" CONTENT="i"/><SP WIDTH="18" VPOS="309" HPOS="1587"/>
							<String ID="string_13" HPOS="1605" VPOS="308" WIDTH="238" HEIGHT="49" WC="0.96" CONTENT="Riksdagens"/><SP WIDTH="19" VPOS="308" HPOS="1843"/>
							<String ID="string_14" HPOS="1862" VPOS="308" WIDTH="135" HEIGHT="38" WC="0.96" CONTENT="Första"/>
						</TextLine>
						<TextLine ID="line_2" HPOS="406" VPOS="361" WIDTH="1591" HEIGHT="49">
							<String ID="string_15" HPOS="406" VPOS="361" WIDTH="212" HEIGHT="37" WC="0.96" CONTENT="Kammare."/><SP WIDTH="55" VPOS="361" HPOS="618"/>
							<String ID="string_16" HPOS="673" VPOS="361" WIDTH="75" HEIGHT="37" WC="0.96" CONTENT="Det"/><SP WIDTH="38" VPOS="361" HPOS="748"/>
							<String ID="string_17" HPOS="786" VPOS="366" WIDTH="180" HEIGHT="32" WC="0.95" CONTENT="stämmer"/><SP WIDTH="33" VPOS="366" HPOS="966"/>
							<String ID="string_18" HPOS="999" VPOS="361" WIDTH="65" HEIGHT="37" WC="0.93" CONTENT="illa"/><SP WIDTH="29" VPOS="361" HPOS="1064"/>
							<String ID="string_19" HPOS="1093" VPOS="362" WIDTH="176" HEIGHT="37" WC="0.91" CONTENT="öfverens"/><SP WIDTH="27" VPOS="362" HPOS="1269"/>
							<String ID="string_20" HPOS="1296" VPOS="362" WIDTH="86" HEIGHT="36" WC="0.96" CONTENT="med"/><SP WIDTH="27" VPOS="362" HPOS="1382"/>
							<String ID="string_21" HPOS="1409" VPOS="361" WIDTH="261" HEIGHT="49" WC="0.96" CONTENT="grundlagens"/><SP WIDTH="29" VPOS="361" HPOS="1670"/>
							<String ID="string_22" HPOS="1699" VPOS="361" WIDTH="96" HEIGHT="36" WC="0.96" CONTENT="anda"/><SP WIDTH="28" VPOS="361" HPOS="1795"/>
							<String ID="string_23" HPOS="1823" VPOS="361" WIDTH="70" HEIGHT="37" WC="0.93" CONTENT="och"/><SP WIDTH="27" VPOS="361" HPOS="1893"/>
							<String ID="string_24" HPOS="1920" VPOS="374" WIDTH="77" HEIGHT="24" WC="0.93" CONTENT="me-"/>
						</TextLine>
						<TextLine ID="line_3" HPOS="405" VPOS="412" WIDTH="1592" HEIGHT="49">
							<String ID="string_25" HPOS="405" VPOS="413" WIDTH="107" HEIGHT="48" WC="0.95" CONTENT="ning,"/><SP WIDTH="29" VPOS="413" HPOS="512"/>
							<String ID="string_26" HPOS="541" VPOS="418" WIDTH="54" HEIGHT="32" WC="0.96" CONTENT="att"/><SP WIDTH="28" VPOS="418" HPOS="595"/>
							<String ID="string_27" HPOS="623" VPOS="413" WIDTH="111" HEIGHT="37" WC="0.96" CONTENT="dessa"/><SP WIDTH="28" VPOS="413" HPOS="734"/>
							<String ID="string_28" HPOS="762" VPOS="414" WIDTH="72" HEIGHT="47" WC="0.96" CONTENT="val,"/><SP WIDTH="30" VPOS="414" HPOS="834"/>
							<String ID="string_29" HPOS="864" VPOS="427" WIDTH="80" HEIGHT="23" WC="0.96" CONTENT="som"/><SP WIDTH="28" VPOS="427" HPOS="944"/>
							<String ID="string_30" HPOS="972" VPOS="413" WIDTH="13" HEIGHT="36" WC="0.95" CONTENT="i"/><SP WIDTH="27" VPOS="413" HPOS="985"/>
							<String ID="string_31" HPOS="1012" VPOS="413" WIDTH="94" HEIGHT="37" WC="0.94" CONTENT="sista"/><SP WIDTH="27" VPOS="413" HPOS="1106"/>
							<String ID="string_32" HPOS="1133" VPOS="414" WIDTH="102" HEIGHT="36" WC="0.96" CONTENT="hand"/><SP WIDTH="27" VPOS="414" HPOS="1235"/>
							<String ID="string_33" HPOS="1262" VPOS="413" WIDTH="208" HEIGHT="37" WC="0.96" CONTENT="bestämma"/><SP WIDTH="28" VPOS="413" HPOS="1470"/>
							<String ID="string_34" HPOS="1498" VPOS="413" WIDTH="108" HEIGHT="37" WC="0.96" CONTENT="öfver"/><SP WIDTH="27" VPOS="413" HPOS="1606"/>
							<String ID="string_35" HPOS="1633" VPOS="413" WIDTH="194" HEIGHT="37" WC="0.95" CONTENT="bildandet"/><SP WIDTH="18" VPOS="413" HPOS="1827"/>
							<String ID="string_36" HPOS="1845" VPOS="413" WIDTH="41" HEIGHT="36" WC="0.92" CONTENT="af"/><SP WIDTH="15" VPOS="413" HPOS="1886"/>
							<String ID="string_37" HPOS="1901" VPOS="412" WIDTH="96" HEIGHT="37" WC="0.91" CONTENT="folk-"/>
						</TextLine>
						<TextLine ID="line_4" HPOS="406" VPOS="464" WIDTH="1592" HEIGHT="51">
							<String ID="string_38" HPOS="406" VPOS="465" WIDTH="372" HEIGHT="50" WC="0.91" CONTENT="representationens"/><SP WIDTH="30" VPOS="465" HPOS="778"/>
							<String ID="string_39" HPOS="808" VPOS="479" WIDTH="71" HEIGHT="23" WC="0.95" CONTENT="ena"/><SP WIDTH="27" VPOS="479" HPOS="879"/>
							<String ID="string_40" HPOS="906" VPOS="465" WIDTH="107" HEIGHT="48" WC="0.96" CONTENT="hälft,"/><SP WIDTH="30" VPOS="465" HPOS="1013"/>
							<String ID="string_41" HPOS="1043" VPOS="465" WIDTH="108" HEIGHT="38" WC="0.96" CONTENT="skola"/><SP WIDTH="28" VPOS="465" HPOS="1151"/>
							<String ID="string_42" HPOS="1179" VPOS="466" WIDTH="177" HEIGHT="37" WC="0.96" CONTENT="omfattas"/><SP WIDTH="29" VPOS="466" HPOS="1356"/>
							<String ID="string_43" HPOS="1385" VPOS="466" WIDTH="86" HEIGHT="36" WC="0.96" CONTENT="med"/><SP WIDTH="29" VPOS="466" HPOS="1471"/>
							<String ID="string_44" HPOS="1500" VPOS="468" WIDTH="40" HEIGHT="34" WC="0.96" CONTENT="så"/><SP WIDTH="26" VPOS="468" HPOS="1540"/>
							<String ID="string_45" HPOS="1566" VPOS="466" WIDTH="112" HEIGHT="47" WC="0.96" CONTENT="ringa"/><SP WIDTH="26" VPOS="466" HPOS="1678"/>
							<String ID="string_46" HPOS="1704" VPOS="465" WIDTH="160" HEIGHT="37" WC="0.96" CONTENT="intresse"/><SP WIDTH="29" VPOS="465" HPOS="1864"/>
							<String ID="string_47" HPOS="1893" VPOS="464" WIDTH="105" HEIGHT="47" WC="0.96" CONTENT="eller,"/>
						</TextLine>
						<TextLine ID="line_5" HPOS="405" VPOS="517" WIDTH="1592" HEIGHT="50">
							<String ID="string_48" HPOS="405" VPOS="522" WIDTH="137" HEIGHT="32" WC="0.93" CONTENT="rättare"/><SP WIDTH="30" VPOS="522" HPOS="542"/>
							<String ID="string_49" HPOS="572" VPOS="518" WIDTH="125" HEIGHT="48" WC="0.89" CONTENT="sagdt,"/><SP WIDTH="29" VPOS="518" HPOS="697"/>
							<String ID="string_50" HPOS="726" VPOS="518" WIDTH="86" HEIGHT="36" WC="0.96" CONTENT="med"/><SP WIDTH="29" VPOS="518" HPOS="812"/>
							<String ID="string_51" HPOS="841" VPOS="520" WIDTH="40" HEIGHT="34" WC="0.96" CONTENT="så"/><SP WIDTH="28" VPOS="520" HPOS="881"/>
							<String ID="string_52" HPOS="909" VPOS="517" WIDTH="136" HEIGHT="37" WC="0.95" CONTENT="allmän"/><SP WIDTH="28" VPOS="517" HPOS="1045"/>
							<String ID="string_53" HPOS="1073" VPOS="517" WIDTH="247" HEIGHT="50" WC="0.95" CONTENT="likgiltighet,"/><SP WIDTH="30" VPOS="517" HPOS="1320"/>
							<String ID="string_54" HPOS="1350" VPOS="531" WIDTH="81" HEIGHT="23" WC="0.96" CONTENT="som"/><SP WIDTH="28" VPOS="531" HPOS="1431"/>
							<String ID="string_55" HPOS="1459" VPOS="531" WIDTH="51" HEIGHT="22" WC="0.96" CONTENT="nu"/><SP WIDTH="28" VPOS="531" HPOS="1510"/>
							<String ID="string_56" HPOS="1538" VPOS="522" WIDTH="41" HEIGHT="32" WC="0.96" CONTENT="är"/><SP WIDTH="29" VPOS="522" HPOS="1579"/>
							<String ID="string_57" HPOS="1608" VPOS="517" WIDTH="116" HEIGHT="36" WC="0.93" CONTENT="fallet."/><SP WIDTH="44" VPOS="517" HPOS="1724"/>
							<String ID="string_58" HPOS="1768" VPOS="517" WIDTH="229" HEIGHT="48" WC="0.90" CONTENT="Derigenom"/>
						</TextLine>
						<TextLine ID="line_6" HPOS="405" VPOS="569" WIDTH="1593" HEIGHT="49">
							<String ID="string_59" HPOS="405" VPOS="569" WIDTH="137" HEIGHT="37" WC="0.90" CONTENT="blifver"/><SP WIDTH="41" VPOS="569" HPOS="542"/>
							<String ID="string_60" HPOS="583" VPOS="570" WIDTH="80" HEIGHT="36" WC="0.96" CONTENT="ofta"/><SP WIDTH="40" VPOS="570" HPOS="663"/>
							<String ID="string_61" HPOS="703" VPOS="573" WIDTH="195" HEIGHT="45" WC="0.88" CONTENT="utgången"/><SP WIDTH="43" VPOS="573" HPOS="898"/>
							<String ID="string_62" HPOS="941" VPOS="569" WIDTH="39" HEIGHT="37" WC="0.96" CONTENT="af"/><SP WIDTH="38" VPOS="569" HPOS="980"/>
							<String ID="string_63" HPOS="1018" VPOS="569" WIDTH="114" HEIGHT="37" WC="0.96" CONTENT="dessa"/><SP WIDTH="41" VPOS="569" HPOS="1132"/>
							<String ID="string_64" HPOS="1173" VPOS="573" WIDTH="40" HEIGHT="33" WC="0.95" CONTENT="så"/><SP WIDTH="40" VPOS="573" HPOS="1213"/>
							<String ID="string_65" HPOS="1253" VPOS="570" WIDTH="115" HEIGHT="48" WC="0.93" CONTENT="högst"/><SP WIDTH="41" VPOS="570" HPOS="1368"/>
							<String ID="string_66" HPOS="1409" VPOS="569" WIDTH="146" HEIGHT="49" WC="0.85" CONTENT="vigtiga"/><SP WIDTH="28" VPOS="569" HPOS="1555"/>
							<String ID="string_67" HPOS="1583" VPOS="569" WIDTH="62" HEIGHT="37" WC="0.93" CONTENT="val"/><SP WIDTH="28" VPOS="569" HPOS="1645"/>
							<String ID="string_68" HPOS="1673" VPOS="569" WIDTH="259" HEIGHT="36" WC="0.91" CONTENT="öfverlemnad"/><SP WIDTH="28" VPOS="569" HPOS="1932"/>
							<String ID="string_69" HPOS="1960" VPOS="571" WIDTH="38" HEIGHT="34" WC="0.95" CONTENT="åt"/>
						</TextLine>
						<TextLine ID="line_7" HPOS="407" VPOS="619" WIDTH="1591" HEIGHT="51">
							<String ID="string_70" HPOS="407" VPOS="621" WIDTH="184" HEIGHT="49" WC="0.96" CONTENT="slumpen,"/><SP WIDTH="29" VPOS="621" HPOS="591"/>
							<String ID="string_71" HPOS="620" VPOS="621" WIDTH="144" HEIGHT="37" WC="0.96" CONTENT="hvilket"/><SP WIDTH="25" VPOS="621" HPOS="764"/>
							<String ID="string_72" HPOS="789" VPOS="622" WIDTH="84" HEIGHT="36" WC="0.96" CONTENT="icke"/><SP WIDTH="28" VPOS="622" HPOS="873"/>
							<String ID="string_73" HPOS="901" VPOS="621" WIDTH="73" HEIGHT="37" WC="0.96" CONTENT="kan"/><SP WIDTH="28" VPOS="621" HPOS="974"/>
							<String ID="string_74" HPOS="1002" VPOS="635" WIDTH="89" HEIGHT="23" WC="0.96" CONTENT="vara"/><SP WIDTH="28" VPOS="635" HPOS="1091"/>
							<String ID="string_75" HPOS="1119" VPOS="621" WIDTH="57" HEIGHT="37" WC="0.96" CONTENT="till"/><SP WIDTH="28" VPOS="621" HPOS="1176"/>
							<String ID="string_76" HPOS="1204" VPOS="626" WIDTH="117" HEIGHT="44" WC="0.96" CONTENT="nytta,"/><SP WIDTH="29" VPOS="626" HPOS="1321"/>
							<String ID="string_77" HPOS="1350" VPOS="635" WIDTH="89" HEIGHT="23" WC="0.96" CONTENT="vare"/><SP WIDTH="30" VPOS="635" HPOS="1439"/>
							<String ID="string_78" HPOS="1469" VPOS="622" WIDTH="59" HEIGHT="48" WC="0.96" CONTENT="sig"/><SP WIDTH="26" VPOS="622" HPOS="1528"/>
							<String ID="string_79" HPOS="1554" VPOS="621" WIDTH="61" HEIGHT="37" WC="0.96" CONTENT="för"/><SP WIDTH="27" VPOS="621" HPOS="1615"/>
							<String ID="string_80" HPOS="1642" VPOS="621" WIDTH="63" HEIGHT="36" WC="0.96" CONTENT="det"/><SP WIDTH="27" VPOS="621" HPOS="1705"/>
							<String ID="string_81" HPOS="1732" VPOS="620" WIDTH="145" HEIGHT="37" WC="0.96" CONTENT="mindre"/><SP WIDTH="29" VPOS="620" HPOS="1877"/>
							<String ID="string_82" HPOS="1906" VPOS="619" WIDTH="92" HEIGHT="38" WC="0.96" CONTENT="eller"/>
						</TextLine>
						<TextLine ID="line_8" HPOS="408" VPOS="672" WIDTH="1589" HEIGHT="50">
							<String ID="string_83" HPOS="408" VPOS="673" WIDTH="63" HEIGHT="37" WC="0.96" CONTENT="det"/><SP WIDTH="41" VPOS="673" HPOS="471"/>
							<String ID="string_84" HPOS="512" VPOS="678" WIDTH="120" HEIGHT="32" WC="0.96" CONTENT="större"/><SP WIDTH="44" VPOS="678" HPOS="632"/>
							<String ID="string_85" HPOS="676" VPOS="673" WIDTH="207" HEIGHT="37" WC="0.87" CONTENT="samhället."/><SP WIDTH="56" VPOS="673" HPOS="883"/>
							<String ID="string_86" HPOS="939" VPOS="673" WIDTH="66" HEIGHT="36" WC="0.96" CONTENT="Att"/><SP WIDTH="32" VPOS="673" HPOS="1005"/>
							<String ID="string_87" HPOS="1037" VPOS="686" WIDTH="50" HEIGHT="24" WC="0.96" CONTENT="en"/><SP WIDTH="32" VPOS="686" HPOS="1087"/>
							<String ID="string_88" HPOS="1119" VPOS="673" WIDTH="224" HEIGHT="49" WC="0.96" CONTENT="förändring"/><SP WIDTH="26" VPOS="673" HPOS="1343"/>
							<String ID="string_89" HPOS="1369" VPOS="674" WIDTH="14" HEIGHT="36" WC="0.72" CONTENT="1"/><SP WIDTH="27" VPOS="674" HPOS="1383"/>
							<String ID="string_90" HPOS="1410" VPOS="673" WIDTH="123" HEIGHT="37" WC="0.96" CONTENT="denna"/><SP WIDTH="27" VPOS="673" HPOS="1533"/>
							<String ID="string_91" HPOS="1560" VPOS="672" WIDTH="99" HEIGHT="38" WC="0.96" CONTENT="anda"/><SP WIDTH="26" VPOS="672" HPOS="1659"/>
							<String ID="string_92" HPOS="1685" VPOS="672" WIDTH="164" HEIGHT="37" WC="0.96" CONTENT="indirekt"/><SP WIDTH="28" VPOS="672" HPOS="1849"/>
							<String ID="string_93" HPOS="1877" VPOS="672" WIDTH="120" HEIGHT="37" WC="0.96" CONTENT="skulle"/>
						</TextLine>
						<TextLine ID="line_9" HPOS="407" VPOS="724" WIDTH="1590" HEIGHT="51">
							<String ID="string_94" HPOS="407" VPOS="725" WIDTH="130" HEIGHT="36" WC="0.90" CONTENT="utöfva"/><SP WIDTH="33" VPOS="725" HPOS="537"/>
							<String ID="string_95" HPOS="570" VPOS="725" WIDTH="235" HEIGHT="47" WC="0.91" CONTENT="återverkan,"/><SP WIDTH="36" VPOS="725" HPOS="805"/>
							<String ID="string_96" HPOS="841" VPOS="738" WIDTH="61" HEIGHT="23" WC="0.96" CONTENT="om"/><SP WIDTH="28" VPOS="738" HPOS="902"/>
							<String ID="string_97" HPOS="930" VPOS="730" WIDTH="47" HEIGHT="31" WC="0.95" CONTENT="än"/><SP WIDTH="26" VPOS="730" HPOS="977"/>
							<String ID="string_98" HPOS="1003" VPOS="725" WIDTH="13" HEIGHT="36" WC="0.95" CONTENT="i"/><SP WIDTH="28" VPOS="725" HPOS="1016"/>
							<String ID="string_99" HPOS="1044" VPOS="725" WIDTH="112" HEIGHT="49" WC="0.96" CONTENT="ringa"/><SP WIDTH="28" VPOS="725" HPOS="1156"/>
							<String ID="string_100" HPOS="1184" VPOS="728" WIDTH="96" HEIGHT="45" WC="0.95" CONTENT="mån,"/><SP WIDTH="28" VPOS="728" HPOS="1280"/>
							<String ID="string_101" HPOS="1308" VPOS="728" WIDTH="49" HEIGHT="47" WC="0.96" CONTENT="på"/><SP WIDTH="27" VPOS="728" HPOS="1357"/>
							<String ID="string_102" HPOS="1384" VPOS="725" WIDTH="259" HEIGHT="49" WC="0.96" CONTENT="grundlagens"/><SP WIDTH="27" VPOS="725" HPOS="1643"/>
							<String ID="string_103" HPOS="1670" VPOS="724" WIDTH="239" HEIGHT="37" WC="0.96" CONTENT="föreskrifter"/><SP WIDTH="28" VPOS="724" HPOS="1909"/>
							<String ID="string_104" HPOS="1937" VPOS="737" WIDTH="60" HEIGHT="23" WC="0.96" CONTENT="om"/>
						</TextLine>
						<TextLine ID="line_10" HPOS="406" VPOS="775" WIDTH="1593" HEIGHT="50">
							<String ID="string_105" HPOS="406" VPOS="777" WIDTH="133" HEIGHT="37" WC="0.95" CONTENT="Första"/><SP WIDTH="41" VPOS="777" HPOS="539"/>
							<String ID="string_106" HPOS="580" VPOS="777" WIDTH="248" HEIGHT="37" WC="0.94" CONTENT="Kammarens"/><SP WIDTH="43" VPOS="777" HPOS="828"/>
							<String ID="string_107" HPOS="871" VPOS="777" WIDTH="187" HEIGHT="48" WC="0.94" CONTENT="bildande,"/><SP WIDTH="42" VPOS="777" HPOS="1058"/>
							<String ID="string_108" HPOS="1100" VPOS="778" WIDTH="75" HEIGHT="36" WC="0.96" CONTENT="kan"/><SP WIDTH="35" VPOS="778" HPOS="1175"/>
							<String ID="string_109" HPOS="1210" VPOS="778" WIDTH="58" HEIGHT="36" WC="0.96" CONTENT="för"/><SP WIDTH="33" VPOS="778" HPOS="1268"/>
							<String ID="string_110" HPOS="1301" VPOS="778" WIDTH="101" HEIGHT="36" WC="0.96" CONTENT="visso"/><SP WIDTH="28" VPOS="778" HPOS="1402"/>
							<String ID="string_111" HPOS="1430" VPOS="778" WIDTH="82" HEIGHT="36" WC="0.96" CONTENT="icke"/><SP WIDTH="29" VPOS="778" HPOS="1512"/>
							<String ID="string_112" HPOS="1541" VPOS="790" WIDTH="113" HEIGHT="24" WC="0.96" CONTENT="anses"/><SP WIDTH="29" VPOS="790" HPOS="1654"/>
							<String ID="string_113" HPOS="1683" VPOS="779" WIDTH="123" HEIGHT="34" WC="0.96" CONTENT="såsom"/><SP WIDTH="29" VPOS="779" HPOS="1806"/>
							<String ID="string_114" HPOS="1835" VPOS="781" WIDTH="53" HEIGHT="32" WC="0.96" CONTENT="ett"/><SP WIDTH="29" VPOS="781" HPOS="1888"/>
							<String ID="string_115" HPOS="1917" VPOS="775" WIDTH="82" HEIGHT="37" WC="0.96" CONTENT="skäl"/>
						</TextLine>
						<TextLine ID="line_11" HPOS="408" VPOS="827" WIDTH="1590" HEIGHT="52">
							<String ID="string_116" HPOS="408" VPOS="834" WIDTH="78" HEIGHT="31" WC="0.95" CONTENT="mot"/><SP WIDTH="39" VPOS="834" HPOS="486"/>
							<String ID="string_117" HPOS="525" VPOS="829" WIDTH="229" HEIGHT="47" WC="0.96" CONTENT="densamma,"/><SP WIDTH="43" VPOS="829" HPOS="754"/>
							<String ID="string_118" HPOS="797" VPOS="843" WIDTH="59" HEIGHT="23" WC="0.96" CONTENT="om"/><SP WIDTH="43" VPOS="843" HPOS="856"/>
							<String ID="string_119" HPOS="899" VPOS="830" WIDTH="73" HEIGHT="36" WC="0.95" CONTENT="den"/><SP WIDTH="35" VPOS="830" HPOS="972"/>
							<String ID="string_120" HPOS="1007" VPOS="829" WIDTH="13" HEIGHT="36" WC="0.96" CONTENT="i"/><SP WIDTH="33" VPOS="829" HPOS="1020"/>
							<String ID="string_121" HPOS="1053" VPOS="830" WIDTH="72" HEIGHT="36" WC="0.96" CONTENT="och"/><SP WIDTH="27" VPOS="830" HPOS="1125"/>
							<String ID="string_122" HPOS="1152" VPOS="830" WIDTH="60" HEIGHT="36" WC="0.96" CONTENT="för"/><SP WIDTH="28" VPOS="830" HPOS="1212"/>
							<String ID="string_123" HPOS="1240" VPOS="830" WIDTH="59" HEIGHT="48" WC="0.96" CONTENT="sig"/><SP WIDTH="27" VPOS="830" HPOS="1299"/>
							<String ID="string_124" HPOS="1326" VPOS="835" WIDTH="41" HEIGHT="31" WC="0.96" CONTENT="är"/><SP WIDTH="26" VPOS="835" HPOS="1367"/>
							<String ID="string_125" HPOS="1393" VPOS="829" WIDTH="137" HEIGHT="50" WC="0.96" CONTENT="nyttig."/><SP WIDTH="56" VPOS="829" HPOS="1530"/>
							<String ID="string_126" HPOS="1586" VPOS="829" WIDTH="67" HEIGHT="36" WC="0.91" CONTENT="Att"/><SP WIDTH="26" VPOS="829" HPOS="1653"/>
							<String ID="string_127" HPOS="1679" VPOS="827" WIDTH="319" HEIGHT="50" WC="0.91" CONTENT="landstingselek-"/>
						</TextLine>
						<TextLine ID="line_12" HPOS="406" VPOS="879" WIDTH="1594" HEIGHT="48">
							<String ID="string_128" HPOS="406" VPOS="886" WIDTH="169" HEIGHT="32" WC="0.90" CONTENT="torernas"/><SP WIDTH="34" VPOS="886" HPOS="575"/>
							<String ID="string_129" HPOS="609" VPOS="881" WIDTH="202" HEIGHT="37" WC="0.91" CONTENT="mellanled"/><SP WIDTH="26" VPOS="881" HPOS="811"/>
							<String ID="string_130" HPOS="837" VPOS="881" WIDTH="64" HEIGHT="36" WC="0.96" CONTENT="vid"/><SP WIDTH="27" VPOS="881" HPOS="901"/>
							<String ID="string_131" HPOS="928" VPOS="881" WIDTH="110" HEIGHT="37" WC="0.96" CONTENT="valen"/><SP WIDTH="28" VPOS="881" HPOS="1038"/>
							<String ID="string_132" HPOS="1066" VPOS="881" WIDTH="57" HEIGHT="36" WC="0.96" CONTENT="till"/><SP WIDTH="28" VPOS="881" HPOS="1123"/>
							<String ID="string_133" HPOS="1151" VPOS="881" WIDTH="134" HEIGHT="37" WC="0.96" CONTENT="Första"/><SP WIDTH="27" VPOS="881" HPOS="1285"/>
							<String ID="string_134" HPOS="1312" VPOS="882" WIDTH="231" HEIGHT="36" WC="0.95" CONTENT="Kammaren"/><SP WIDTH="28" VPOS="882" HPOS="1543"/>
							<String ID="string_135" HPOS="1571" VPOS="880" WIDTH="121" HEIGHT="37" WC="0.93" CONTENT="skulle"/><SP WIDTH="27" VPOS="880" HPOS="1692"/>
							<String ID="string_136" HPOS="1719" VPOS="881" WIDTH="187" HEIGHT="46" WC="0.90" CONTENT="bortfalla,"/><SP WIDTH="30" VPOS="881" HPOS="1906"/>
							<String ID="string_137" HPOS="1936" VPOS="879" WIDTH="64" HEIGHT="37" WC="0.96" CONTENT="det"/>
						</TextLine>
						<TextLine ID="line_13" HPOS="407" VPOS="930" WIDTH="1592" HEIGHT="53">
							<String ID="string_138" HPOS="407" VPOS="933" WIDTH="166" HEIGHT="37" WC="0.96" CONTENT="minskar"/><SP WIDTH="35" VPOS="933" HPOS="573"/>
							<String ID="string_139" HPOS="608" VPOS="936" WIDTH="49" HEIGHT="47" WC="0.96" CONTENT="på"/><SP WIDTH="32" VPOS="936" HPOS="657"/>
							<String ID="string_140" HPOS="689" VPOS="933" WIDTH="95" HEIGHT="37" WC="0.95" CONTENT="intet"/><SP WIDTH="34" VPOS="933" HPOS="784"/>
							<String ID="string_141" HPOS="818" VPOS="938" WIDTH="73" HEIGHT="31" WC="0.92" CONTENT="sätt"/><SP WIDTH="27" VPOS="938" HPOS="891"/>
							<String ID="string_142" HPOS="918" VPOS="933" WIDTH="170" HEIGHT="48" WC="0.91" CONTENT="utsigten"/><SP WIDTH="27" VPOS="933" HPOS="1088"/>
							<String ID="string_143" HPOS="1115" VPOS="933" WIDTH="61" HEIGHT="36" WC="0.96" CONTENT="för"/><SP WIDTH="27" VPOS="933" HPOS="1176"/>
							<String ID="string_144" HPOS="1203" VPOS="934" WIDTH="101" HEIGHT="48" WC="0.95" CONTENT="goda"/><SP WIDTH="29" VPOS="934" HPOS="1304"/>
							<String ID="string_145" HPOS="1333" VPOS="934" WIDTH="71" HEIGHT="36" WC="0.90" CONTENT="och"/><SP WIDTH="29" VPOS="934" HPOS="1404"/>
							<String ID="string_146" HPOS="1433" VPOS="932" WIDTH="393" HEIGHT="38" WC="0.64" CONTENT="samhällsbevarande"/><SP WIDTH="28" VPOS="932" HPOS="1826"/>
							<String ID="string_147" HPOS="1854" VPOS="931" WIDTH="61" HEIGHT="38" WC="0.95" CONTENT="val"/><SP WIDTH="27" VPOS="931" HPOS="1915"/>
							<String ID="string_148" HPOS="1942" VPOS="930" WIDTH="57" HEIGHT="38" WC="0.96" CONTENT="till"/>
						</TextLine>
						<TextLine ID="line_14" HPOS="408" VPOS="983" WIDTH="1591" HEIGHT="50">
							<String ID="string_149" HPOS="408" VPOS="985" WIDTH="124" HEIGHT="37" WC="0.96" CONTENT="denna"/><SP WIDTH="40" VPOS="985" HPOS="532"/>
							<String ID="string_150" HPOS="572" VPOS="985" WIDTH="191" HEIGHT="37" WC="0.96" CONTENT="kammare"/><SP WIDTH="43" VPOS="985" HPOS="763"/>
							<String ID="string_151" HPOS="806" VPOS="985" WIDTH="71" HEIGHT="36" WC="0.96" CONTENT="och"/><SP WIDTH="41" VPOS="985" HPOS="877"/>
							<String ID="string_152" HPOS="918" VPOS="990" WIDTH="41" HEIGHT="31" WC="0.96" CONTENT="är"/><SP WIDTH="31" VPOS="990" HPOS="959"/>
							<String ID="string_153" HPOS="990" VPOS="986" WIDTH="60" HEIGHT="35" WC="0.96" CONTENT="för"/><SP WIDTH="27" VPOS="986" HPOS="1050"/>
							<String ID="string_154" HPOS="1077" VPOS="985" WIDTH="117" HEIGHT="48" WC="0.96" CONTENT="öfrigt"/><SP WIDTH="28" VPOS="985" HPOS="1194"/>
							<String ID="string_155" HPOS="1222" VPOS="985" WIDTH="133" HEIGHT="37" WC="0.96" CONTENT="endast"/><SP WIDTH="28" VPOS="985" HPOS="1355"/>
							<String ID="string_156" HPOS="1383" VPOS="989" WIDTH="54" HEIGHT="33" WC="0.96" CONTENT="ett"/><SP WIDTH="26" VPOS="989" HPOS="1437"/>
							<String ID="string_157" HPOS="1463" VPOS="985" WIDTH="214" HEIGHT="48" WC="0.96" CONTENT="motstycke"/><SP WIDTH="27" VPOS="985" HPOS="1677"/>
							<String ID="string_158" HPOS="1704" VPOS="985" WIDTH="57" HEIGHT="36" WC="0.96" CONTENT="till"/><SP WIDTH="27" VPOS="985" HPOS="1761"/>
							<String ID="string_159" HPOS="1788" VPOS="983" WIDTH="100" HEIGHT="37" WC="0.95" CONTENT="hvad"/><SP WIDTH="29" VPOS="983" HPOS="1888"/>
							<String ID="string_160" HPOS="1917" VPOS="996" WIDTH="82" HEIGHT="24" WC="0.96" CONTENT="som"/>
						</TextLine>
						<TextLine ID="line_15" HPOS="408" VPOS="1035" WIDTH="1592" HEIGHT="49">
							<String ID="string_161" HPOS="408" VPOS="1038" WIDTH="118" HEIGHT="36" WC="0.96" CONTENT="redan"/><SP WIDTH="39" VPOS="1038" HPOS="526"/>
							<String ID="string_162" HPOS="565" VPOS="1051" WIDTH="52" HEIGHT="22" WC="0.95" CONTENT="nu"/><SP WIDTH="42" VPOS="1051" HPOS="617"/>
							<String ID="string_163" HPOS="659" VPOS="1037" WIDTH="87" HEIGHT="37" WC="0.96" CONTENT="sker"/><SP WIDTH="39" VPOS="1037" HPOS="746"/>
							<String ID="string_164" HPOS="785" VPOS="1037" WIDTH="104" HEIGHT="36" WC="0.96" CONTENT="inom"/><SP WIDTH="27" VPOS="1037" HPOS="889"/>
							<String ID="string_165" HPOS="916" VPOS="1036" WIDTH="130" HEIGHT="37" WC="0.96" CONTENT="Andra"/><SP WIDTH="28" VPOS="1036" HPOS="1046"/>
							<String ID="string_166" HPOS="1074" VPOS="1036" WIDTH="240" HEIGHT="47" WC="0.96" CONTENT="Kammaren,"/><SP WIDTH="30" VPOS="1036" HPOS="1314"/>
							<String ID="string_167" HPOS="1344" VPOS="1037" WIDTH="67" HEIGHT="36" WC="0.93" CONTENT="der"/><SP WIDTH="28" VPOS="1037" HPOS="1411"/>
							<String ID="string_168" HPOS="1439" VPOS="1036" WIDTH="178" HEIGHT="37" WC="0.91" CONTENT="valsättet"/><SP WIDTH="27" VPOS="1036" HPOS="1617"/>
							<String ID="string_169" HPOS="1644" VPOS="1049" WIDTH="140" HEIGHT="35" WC="0.96" CONTENT="genom"/><SP WIDTH="30" VPOS="1049" HPOS="1784"/>
							<String ID="string_170" HPOS="1814" VPOS="1035" WIDTH="186" HEIGHT="37" WC="0.95" CONTENT="elektorer"/>
						</TextLine>
						<TextLine ID="line_16" HPOS="408" VPOS="1087" WIDTH="1593" HEIGHT="52">
							<String ID="string_171" HPOS="408" VPOS="1090" WIDTH="41" HEIGHT="36" WC="0.96" CONTENT="af"/><SP WIDTH="38" VPOS="1090" HPOS="449"/>
							<String ID="string_172" HPOS="487" VPOS="1090" WIDTH="59" HEIGHT="48" WC="0.96" CONTENT="sig"/><SP WIDTH="41" VPOS="1090" HPOS="546"/>
							<String ID="string_173" HPOS="587" VPOS="1089" WIDTH="91" HEIGHT="50" WC="0.96" CONTENT="sjelf"/><SP WIDTH="39" VPOS="1089" HPOS="678"/>
							<String ID="string_174" HPOS="717" VPOS="1094" WIDTH="40" HEIGHT="31" WC="0.96" CONTENT="är"/><SP WIDTH="33" VPOS="1094" HPOS="757"/>
							<String ID="string_175" HPOS="790" VPOS="1092" WIDTH="47" HEIGHT="46" WC="0.96" CONTENT="på"/><SP WIDTH="27" VPOS="1092" HPOS="837"/>
							<String ID="string_176" HPOS="864" VPOS="1093" WIDTH="76" HEIGHT="44" WC="0.95" CONTENT="väg"/><SP WIDTH="28" VPOS="1093" HPOS="940"/>
							<String ID="string_177" HPOS="968" VPOS="1093" WIDTH="54" HEIGHT="32" WC="0.96" CONTENT="att"/><SP WIDTH="29" VPOS="1093" HPOS="1022"/>
							<String ID="string_178" HPOS="1051" VPOS="1088" WIDTH="206" HEIGHT="37" WC="0.95" CONTENT="försvinna."/><SP WIDTH="57" VPOS="1088" HPOS="1257"/>
							<String ID="string_179" HPOS="1314" VPOS="1088" WIDTH="49" HEIGHT="37" WC="0.79" CONTENT="Så"/><SP WIDTH="27" VPOS="1088" HPOS="1363"/>
							<String ID="string_180" HPOS="1390" VPOS="1088" WIDTH="114" HEIGHT="49" WC="0.96" CONTENT="länge"/><SP WIDTH="28" VPOS="1088" HPOS="1504"/>
							<String ID="string_181" HPOS="1532" VPOS="1088" WIDTH="240" HEIGHT="48" WC="0.96" CONTENT="grundlagen"/><SP WIDTH="27" VPOS="1088" HPOS="1772"/>
							<String ID="string_182" HPOS="1799" VPOS="1087" WIDTH="202" HEIGHT="49" WC="0.96" CONTENT="ingenting"/>
						</TextLine>
						<TextLine ID="line_17" HPOS="409" VPOS="1139" WIDTH="1592" HEIGHT="51">
							<String ID="string_183" HPOS="409" VPOS="1141" WIDTH="152" HEIGHT="49" WC="0.96" CONTENT="stadgar"/><SP WIDTH="28" VPOS="1141" HPOS="561"/>
							<String ID="string_184" HPOS="589" VPOS="1155" WIDTH="60" HEIGHT="23" WC="0.94" CONTENT="om"/><SP WIDTH="31" VPOS="1155" HPOS="649"/>
							<String ID="string_185" HPOS="680" VPOS="1145" WIDTH="114" HEIGHT="33" WC="0.96" CONTENT="sättet"/><SP WIDTH="26" VPOS="1145" HPOS="794"/>
							<String ID="string_186" HPOS="820" VPOS="1141" WIDTH="60" HEIGHT="36" WC="0.96" CONTENT="för"/><SP WIDTH="28" VPOS="1141" HPOS="880"/>
							<String ID="string_187" HPOS="908" VPOS="1140" WIDTH="289" HEIGHT="49" WC="0.95" CONTENT="landstingsval,"/><SP WIDTH="28" VPOS="1140" HPOS="1197"/>
							<String ID="string_188" HPOS="1225" VPOS="1140" WIDTH="75" HEIGHT="36" WC="0.96" CONTENT="kan"/><SP WIDTH="28" VPOS="1140" HPOS="1300"/>
							<String ID="string_189" HPOS="1328" VPOS="1140" WIDTH="64" HEIGHT="36" WC="0.96" CONTENT="det"/><SP WIDTH="26" VPOS="1140" HPOS="1392"/>
							<String ID="string_190" HPOS="1418" VPOS="1140" WIDTH="83" HEIGHT="37" WC="0.96" CONTENT="icke"/><SP WIDTH="29" VPOS="1140" HPOS="1501"/>
							<String ID="string_191" HPOS="1530" VPOS="1153" WIDTH="114" HEIGHT="23" WC="0.96" CONTENT="anses"/><SP WIDTH="29" VPOS="1153" HPOS="1644"/>
							<String ID="string_192" HPOS="1673" VPOS="1140" WIDTH="116" HEIGHT="36" WC="0.96" CONTENT="strida"/><SP WIDTH="27" VPOS="1140" HPOS="1789"/>
							<String ID="string_193" HPOS="1816" VPOS="1144" WIDTH="80" HEIGHT="31" WC="0.96" CONTENT="mot"/><SP WIDTH="26" VPOS="1144" HPOS="1896"/>
							<String ID="string_194" HPOS="1922" VPOS="1139" WIDTH="79" HEIGHT="48" WC="0.96" CONTENT="god"/>
						</TextLine>
						<TextLine ID="line_18" HPOS="411" VPOS="1191" WIDTH="1368" HEIGHT="51">
							<String ID="string_195" HPOS="411" VPOS="1193" WIDTH="163" HEIGHT="49" WC="0.96" CONTENT="ordning"/><SP WIDTH="27" VPOS="1193" HPOS="574"/>
							<String ID="string_196" HPOS="601" VPOS="1198" WIDTH="55" HEIGHT="31" WC="0.96" CONTENT="att"/><SP WIDTH="28" VPOS="1198" HPOS="656"/>
							<String ID="string_197" HPOS="684" VPOS="1192" WIDTH="176" HEIGHT="37" WC="0.96" CONTENT="förändra"/><SP WIDTH="28" VPOS="1192" HPOS="860"/>
							<String ID="string_198" HPOS="888" VPOS="1193" WIDTH="102" HEIGHT="36" WC="0.93" CONTENT="detta"/><SP WIDTH="27" VPOS="1193" HPOS="990"/>
							<String ID="string_199" HPOS="1017" VPOS="1192" WIDTH="139" HEIGHT="37" WC="0.92" CONTENT="valsätt"/><SP WIDTH="26" VPOS="1192" HPOS="1156"/>
							<String ID="string_200" HPOS="1182" VPOS="1197" WIDTH="90" HEIGHT="31" WC="0.96" CONTENT="utan"/><SP WIDTH="27" VPOS="1197" HPOS="1272"/>
							<String ID="string_201" HPOS="1299" VPOS="1192" WIDTH="163" HEIGHT="49" WC="0.96" CONTENT="ändring"/><SP WIDTH="26" VPOS="1192" HPOS="1462"/>
							<String ID="string_202" HPOS="1488" VPOS="1192" WIDTH="13" HEIGHT="36" WC="0.96" CONTENT="i"/><SP WIDTH="27" VPOS="1192" HPOS="1501"/>
							<String ID="string_203" HPOS="1528" VPOS="1191" WIDTH="251" HEIGHT="49" WC="0.96" CONTENT="grundlagen."/>
						</TextLine>
					</TextBlock>
					<TextBlock ID="block_2" HPOS="408" VPOS="1242" WIDTH="1595" HEIGHT="663">
						<TextLine ID="line_19" HPOS="510" VPOS="1242" WIDTH="1491" HEIGHT="51">
							<String ID="string_204" HPOS="510" VPOS="1245" WIDTH="17" HEIGHT="36" WC="0.96" CONTENT="I"/><SP WIDTH="33" VPOS="1245" HPOS="527"/>
							<String ID="string_205" HPOS="560" VPOS="1245" WIDTH="65" HEIGHT="37" WC="0.96" CONTENT="det"/><SP WIDTH="32" VPOS="1245" HPOS="625"/>
							<String ID="string_206" HPOS="657" VPOS="1245" WIDTH="206" HEIGHT="37" WC="0.96" CONTENT="anförande"/><SP WIDTH="34" VPOS="1245" HPOS="863"/>
							<String ID="string_207" HPOS="897" VPOS="1245" WIDTH="54" HEIGHT="36" WC="0.93" CONTENT="till"/><SP WIDTH="30" VPOS="1245" HPOS="951"/>
							<String ID="string_208" HPOS="981" VPOS="1244" WIDTH="430" HEIGHT="49" WC="0.91" CONTENT="statsrådsprotokollet,"/><SP WIDTH="31" VPOS="1244" HPOS="1411"/>
							<String ID="string_209" HPOS="1442" VPOS="1257" WIDTH="81" HEIGHT="24" WC="0.95" CONTENT="som"/><SP WIDTH="28" VPOS="1257" HPOS="1523"/>
							<String ID="string_210" HPOS="1551" VPOS="1244" WIDTH="208" HEIGHT="36" WC="0.93" CONTENT="innehåller"/><SP WIDTH="28" VPOS="1244" HPOS="1759"/>
							<String ID="string_211" HPOS="1787" VPOS="1242" WIDTH="214" HEIGHT="37" WC="0.91" CONTENT="motiverin-"/>
						</TextLine>
						<TextLine ID="line_20" HPOS="408" VPOS="1294" WIDTH="1593" HEIGHT="52">
							<String ID="string_212" HPOS="408" VPOS="1311" WIDTH="76" HEIGHT="35" WC="0.96" CONTENT="gen"/><SP WIDTH="38" VPOS="1311" HPOS="484"/>
							<String ID="string_213" HPOS="522" VPOS="1297" WIDTH="57" HEIGHT="36" WC="0.95" CONTENT="till"/><SP WIDTH="40" VPOS="1297" HPOS="579"/>
							<String ID="string_214" HPOS="619" VPOS="1311" WIDTH="52" HEIGHT="22" WC="0.96" CONTENT="nu"/><SP WIDTH="41" VPOS="1311" HPOS="671"/>
							<String ID="string_215" HPOS="712" VPOS="1297" WIDTH="174" HEIGHT="49" WC="0.96" CONTENT="gällande"/><SP WIDTH="42" VPOS="1297" HPOS="886"/>
							<String ID="string_216" HPOS="928" VPOS="1296" WIDTH="352" HEIGHT="49" WC="0.95" CONTENT="riksdagsordning,"/><SP WIDTH="34" VPOS="1296" HPOS="1280"/>
							<String ID="string_217" HPOS="1314" VPOS="1297" WIDTH="68" HEIGHT="35" WC="0.95" CONTENT="har"/><SP WIDTH="32" VPOS="1297" HPOS="1382"/>
							<String ID="string_218" HPOS="1414" VPOS="1296" WIDTH="87" HEIGHT="36" WC="0.95" CONTENT="dess"/><SP WIDTH="28" VPOS="1296" HPOS="1501"/>
							<String ID="string_219" HPOS="1529" VPOS="1296" WIDTH="196" HEIGHT="36" WC="0.96" CONTENT="författare"/><SP WIDTH="31" VPOS="1296" HPOS="1725"/>
							<String ID="string_220" HPOS="1756" VPOS="1294" WIDTH="245" HEIGHT="50" WC="0.95" CONTENT="synnerligen"/>
						</TextLine>
						<TextLine ID="line_21" HPOS="408" VPOS="1346" WIDTH="1593" HEIGHT="51">
							<String ID="string_221" HPOS="408" VPOS="1349" WIDTH="172" HEIGHT="48" WC="0.91" CONTENT="vältaligt"/><SP WIDTH="42" VPOS="1349" HPOS="580"/>
							<String ID="string_222" HPOS="622" VPOS="1349" WIDTH="71" HEIGHT="37" WC="0.92" CONTENT="och"/><SP WIDTH="43" VPOS="1349" HPOS="693"/>
							<String ID="string_223" HPOS="736" VPOS="1349" WIDTH="201" HEIGHT="36" WC="0.91" CONTENT="bevisande"/><SP WIDTH="41" VPOS="1349" HPOS="937"/>
							<String ID="string_224" HPOS="978" VPOS="1348" WIDTH="190" HEIGHT="37" WC="0.91" CONTENT="framstält"/><SP WIDTH="35" VPOS="1348" HPOS="1168"/>
							<String ID="string_225" HPOS="1203" VPOS="1348" WIDTH="63" HEIGHT="36" WC="0.96" CONTENT="det"/><SP WIDTH="27" VPOS="1348" HPOS="1266"/>
							<String ID="string_226" HPOS="1293" VPOS="1348" WIDTH="239" HEIGHT="37" WC="0.93" CONTENT="omedelbara"/><SP WIDTH="27" VPOS="1348" HPOS="1532"/>
							<String ID="string_227" HPOS="1559" VPOS="1347" WIDTH="199" HEIGHT="37" WC="0.91" CONTENT="valsättets"/><SP WIDTH="27" VPOS="1347" HPOS="1758"/>
							<String ID="string_228" HPOS="1785" VPOS="1346" WIDTH="216" HEIGHT="37" WC="0.92" CONTENT="företräden"/>
						</TextLine>
						<TextLine ID="line_22" HPOS="409" VPOS="1398" WIDTH="1593" HEIGHT="50">
							<String ID="string_229" HPOS="409" VPOS="1402" WIDTH="157" HEIGHT="36" WC="0.96" CONTENT="framför"/><SP WIDTH="41" VPOS="1402" HPOS="566"/>
							<String ID="string_230" HPOS="607" VPOS="1401" WIDTH="64" HEIGHT="37" WC="0.92" CONTENT="det"/><SP WIDTH="41" VPOS="1401" HPOS="671"/>
							<String ID="string_231" HPOS="712" VPOS="1401" WIDTH="226" HEIGHT="37" WC="0.92" CONTENT="medelbara."/><SP WIDTH="56" VPOS="1401" HPOS="938"/>
							<String ID="string_232" HPOS="994" VPOS="1401" WIDTH="75" HEIGHT="36" WC="0.95" CONTENT="Det"/><SP WIDTH="42" VPOS="1401" HPOS="1069"/>
							<String ID="string_233" HPOS="1111" VPOS="1413" WIDTH="133" HEIGHT="23" WC="0.96" CONTENT="senare"/><SP WIDTH="41" VPOS="1413" HPOS="1244"/>
							<String ID="string_234" HPOS="1285" VPOS="1413" WIDTH="112" HEIGHT="24" WC="0.95" CONTENT="anser"/><SP WIDTH="36" VPOS="1413" HPOS="1397"/>
							<String ID="string_235" HPOS="1433" VPOS="1401" WIDTH="75" HEIGHT="36" WC="0.96" CONTENT="han"/><SP WIDTH="27" VPOS="1401" HPOS="1508"/>
							<String ID="string_236" HPOS="1535" VPOS="1402" WIDTH="49" HEIGHT="46" WC="0.96" CONTENT="på"/><SP WIDTH="28" VPOS="1402" HPOS="1584"/>
							<String ID="string_237" HPOS="1612" VPOS="1399" WIDTH="153" HEIGHT="49" WC="0.96" CONTENT="mycket"/><SP WIDTH="56" VPOS="1399" HPOS="1765"/>
							<String ID="string_238" HPOS="1821" VPOS="1399" WIDTH="71" HEIGHT="36" WC="0.96" CONTENT="goda"/><SP WIDTH="28" VPOS="1399" HPOS="1892"/>
							<String ID="string_239" HPOS="1920" VPOS="1398" WIDTH="82" HEIGHT="37" WC="0.96" CONTENT="skäl"/>
						</TextLine>
						<TextLine ID="line_23" HPOS="410" VPOS="1450" WIDTH="1590" HEIGHT="51">
							<String ID="string_240" HPOS="410" VPOS="1453" WIDTH="133" HEIGHT="37" WC="0.96" CONTENT="endast"/><SP WIDTH="31" VPOS="1453" HPOS="543"/>
							<String ID="string_241" HPOS="574" VPOS="1453" WIDTH="92" HEIGHT="37" WC="0.96" CONTENT="böra"/><SP WIDTH="28" VPOS="1453" HPOS="666"/>
							<String ID="string_242" HPOS="694" VPOS="1453" WIDTH="152" HEIGHT="37" WC="0.95" CONTENT="komma"/><SP WIDTH="27" VPOS="1453" HPOS="846"/>
							<String ID="string_243" HPOS="873" VPOS="1453" WIDTH="13" HEIGHT="36" WC="0.95" CONTENT="i"/><SP WIDTH="27" VPOS="1453" HPOS="886"/>
							<String ID="string_244" HPOS="913" VPOS="1453" WIDTH="117" HEIGHT="48" WC="0.96" CONTENT="fråga,"/><SP WIDTH="31" VPOS="1453" HPOS="1030"/>
							<String ID="string_245" HPOS="1061" VPOS="1452" WIDTH="68" HEIGHT="37" WC="0.96" CONTENT="der"/><SP WIDTH="28" VPOS="1452" HPOS="1129"/>
							<String ID="string_246" HPOS="1157" VPOS="1458" WIDTH="103" HEIGHT="31" WC="0.93" CONTENT="stora"/><SP WIDTH="28" VPOS="1458" HPOS="1260"/>
							<String ID="string_247" HPOS="1288" VPOS="1452" WIDTH="150" HEIGHT="37" WC="0.91" CONTENT="afstånd"/><SP WIDTH="28" VPOS="1452" HPOS="1438"/>
							<String ID="string_248" HPOS="1466" VPOS="1452" WIDTH="171" HEIGHT="36" WC="0.96" CONTENT="försvåra"/><SP WIDTH="27" VPOS="1452" HPOS="1637"/>
							<String ID="string_249" HPOS="1664" VPOS="1451" WIDTH="237" HEIGHT="41" WC="0.96" CONTENT="omedelbara"/><SP WIDTH="27" VPOS="1451" HPOS="1901"/>
							<String ID="string_250" HPOS="1928" VPOS="1450" WIDTH="72" HEIGHT="37" WC="0.96" CONTENT="val."/>
						</TextLine>
						<TextLine ID="line_24" HPOS="409" VPOS="1502" WIDTH="1592" HEIGHT="52">
							<String ID="string_251" HPOS="409" VPOS="1505" WIDTH="113" HEIGHT="37" WC="0.96" CONTENT="Detta"/><SP WIDTH="27" VPOS="1505" HPOS="522"/>
							<String ID="string_252" HPOS="549" VPOS="1505" WIDTH="12" HEIGHT="36" WC="0.96" CONTENT="i"/><SP WIDTH="27" VPOS="1505" HPOS="561"/>
							<String ID="string_253" HPOS="588" VPOS="1505" WIDTH="110" HEIGHT="49" WC="0.96" CONTENT="fråga"/><SP WIDTH="28" VPOS="1505" HPOS="698"/>
							<String ID="string_254" HPOS="726" VPOS="1519" WIDTH="60" HEIGHT="22" WC="0.95" CONTENT="om"/><SP WIDTH="28" VPOS="1519" HPOS="786"/>
							<String ID="string_255" HPOS="814" VPOS="1505" WIDTH="62" HEIGHT="36" WC="0.95" CONTENT="val"/><SP WIDTH="28" VPOS="1505" HPOS="876"/>
							<String ID="string_256" HPOS="904" VPOS="1505" WIDTH="40" HEIGHT="36" WC="0.96" CONTENT="af"/><SP WIDTH="23" VPOS="1505" HPOS="944"/>
							<String ID="string_257" HPOS="967" VPOS="1505" WIDTH="277" HEIGHT="48" WC="0.93" CONTENT="riksdagsmän."/><SP WIDTH="51" VPOS="1505" HPOS="1244"/>
							<String ID="string_258" HPOS="1295" VPOS="1504" WIDTH="110" HEIGHT="36" WC="0.95" CONTENT="Klart"/><SP WIDTH="27" VPOS="1504" HPOS="1405"/>
							<String ID="string_259" HPOS="1432" VPOS="1508" WIDTH="40" HEIGHT="32" WC="0.97" CONTENT="är"/><SP WIDTH="28" VPOS="1508" HPOS="1472"/>
							<String ID="string_260" HPOS="1500" VPOS="1503" WIDTH="221" HEIGHT="47" WC="0.95" CONTENT="emellertid,"/><SP WIDTH="37" VPOS="1503" HPOS="1721"/>
							<String ID="string_261" HPOS="1758" VPOS="1507" WIDTH="54" HEIGHT="33" WC="0.96" CONTENT="att"/><SP WIDTH="28" VPOS="1507" HPOS="1812"/>
							<String ID="string_262" HPOS="1840" VPOS="1503" WIDTH="46" HEIGHT="37" WC="0.96" CONTENT="de"/><SP WIDTH="21" VPOS="1503" HPOS="1886"/>
							<String ID="string_263" HPOS="1907" VPOS="1502" WIDTH="94" HEIGHT="47" WC="0.96" CONTENT="skäl,"/>
						</TextLine>
						<TextLine ID="line_25" HPOS="412" VPOS="1555" WIDTH="1590" HEIGHT="49">
							<String ID="string_264" HPOS="412" VPOS="1570" WIDTH="80" HEIGHT="24" WC="0.96" CONTENT="som"/><SP WIDTH="36" VPOS="1570" HPOS="492"/>
							<String ID="string_265" HPOS="528" VPOS="1557" WIDTH="76" HEIGHT="37" WC="0.96" CONTENT="tala"/><SP WIDTH="33" VPOS="1557" HPOS="604"/>
							<String ID="string_266" HPOS="637" VPOS="1558" WIDTH="60" HEIGHT="36" WC="0.96" CONTENT="för"/><SP WIDTH="28" VPOS="1558" HPOS="697"/>
							<String ID="string_267" HPOS="725" VPOS="1557" WIDTH="63" HEIGHT="36" WC="0.96" CONTENT="det"/><SP WIDTH="27" VPOS="1557" HPOS="788"/>
							<String ID="string_268" HPOS="815" VPOS="1556" WIDTH="237" HEIGHT="37" WC="0.93" CONTENT="omedelbara"/><SP WIDTH="28" VPOS="1556" HPOS="1052"/>
							<String ID="string_269" HPOS="1080" VPOS="1556" WIDTH="198" HEIGHT="37" WC="0.92" CONTENT="valsättets"/><SP WIDTH="29" VPOS="1556" HPOS="1278"/>
							<String ID="string_270" HPOS="1307" VPOS="1555" WIDTH="247" HEIGHT="49" WC="0.96" CONTENT="användning"/><SP WIDTH="26" VPOS="1555" HPOS="1554"/>
							<String ID="string_271" HPOS="1580" VPOS="1555" WIDTH="65" HEIGHT="36" WC="0.93" CONTENT="vid"/><SP WIDTH="27" VPOS="1555" HPOS="1645"/>
							<String ID="string_272" HPOS="1672" VPOS="1555" WIDTH="330" HEIGHT="48" WC="0.90" CONTENT="riksdagsmanna-"/>
						</TextLine>
						<TextLine ID="line_26" HPOS="409" VPOS="1606" WIDTH="1593" HEIGHT="51">
							<String ID="string_273" HPOS="409" VPOS="1608" WIDTH="72" HEIGHT="48" WC="0.93" CONTENT="val,"/><SP WIDTH="42" VPOS="1608" HPOS="481"/>
							<String ID="string_274" HPOS="523" VPOS="1622" WIDTH="70" HEIGHT="35" WC="0.90" CONTENT="ega"/><SP WIDTH="41" VPOS="1622" HPOS="593"/>
							<String ID="string_275" HPOS="634" VPOS="1614" WIDTH="100" HEIGHT="31" WC="0.95" CONTENT="ännu"/><SP WIDTH="41" VPOS="1614" HPOS="734"/>
							<String ID="string_276" HPOS="775" VPOS="1614" WIDTH="120" HEIGHT="31" WC="0.95" CONTENT="större"/><SP WIDTH="41" VPOS="1614" HPOS="895"/>
							<String ID="string_277" HPOS="936" VPOS="1609" WIDTH="178" HEIGHT="48" WC="0.96" CONTENT="giltighet"/><SP WIDTH="43" VPOS="1609" HPOS="1114"/>
							<String ID="string_278" HPOS="1157" VPOS="1608" WIDTH="11" HEIGHT="36" WC="0.96" CONTENT="i"/><SP WIDTH="40" VPOS="1608" HPOS="1168"/>
							<String ID="string_279" HPOS="1208" VPOS="1608" WIDTH="107" HEIGHT="48" WC="0.96" CONTENT="fråga"/><SP WIDTH="28" VPOS="1608" HPOS="1315"/>
							<String ID="string_280" HPOS="1343" VPOS="1622" WIDTH="61" HEIGHT="22" WC="0.92" CONTENT="om"/><SP WIDTH="27" VPOS="1622" HPOS="1404"/>
							<String ID="string_281" HPOS="1431" VPOS="1607" WIDTH="428" HEIGHT="49" WC="0.89" CONTENT="landstingsmannaval."/><SP WIDTH="56" VPOS="1607" HPOS="1859"/>
							<String ID="string_282" HPOS="1915" VPOS="1606" WIDTH="87" HEIGHT="37" WC="0.91" CONTENT="Val-"/>
						</TextLine>
						<TextLine ID="line_27" HPOS="409" VPOS="1658" WIDTH="1594" HEIGHT="52">
							<String ID="string_283" HPOS="409" VPOS="1661" WIDTH="196" HEIGHT="36" WC="0.92" CONTENT="kretsarne"/><SP WIDTH="42" VPOS="1661" HPOS="605"/>
							<String ID="string_284" HPOS="647" VPOS="1666" WIDTH="64" HEIGHT="31" WC="0.96" CONTENT="äro"/><SP WIDTH="43" VPOS="1666" HPOS="711"/>
							<String ID="string_285" HPOS="754" VPOS="1661" WIDTH="67" HEIGHT="37" WC="0.96" CONTENT="der"/><SP WIDTH="36" VPOS="1661" HPOS="821"/>
							<String ID="string_286" HPOS="857" VPOS="1660" WIDTH="158" HEIGHT="48" WC="0.93" CONTENT="mindre,"/><SP WIDTH="28" VPOS="1660" HPOS="1015"/>
							<String ID="string_287" HPOS="1043" VPOS="1660" WIDTH="444" HEIGHT="50" WC="0.91" CONTENT="personalkännedomen"/><SP WIDTH="27" VPOS="1660" HPOS="1487"/>
							<String ID="string_288" HPOS="1514" VPOS="1659" WIDTH="241" HEIGHT="50" WC="0.96" CONTENT="följaktligen"/><SP WIDTH="28" VPOS="1659" HPOS="1755"/>
							<String ID="string_289" HPOS="1783" VPOS="1664" WIDTH="120" HEIGHT="32" WC="0.96" CONTENT="större"/><SP WIDTH="28" VPOS="1664" HPOS="1903"/>
							<String ID="string_290" HPOS="1931" VPOS="1658" WIDTH="72" HEIGHT="37" WC="0.96" CONTENT="och"/>
						</TextLine>
						<TextLine ID="line_28" HPOS="411" VPOS="1710" WIDTH="1591" HEIGHT="50">
							<String ID="string_291" HPOS="411" VPOS="1712" WIDTH="228" HEIGHT="37" WC="0.96" CONTENT="allmännare"/><SP WIDTH="41" VPOS="1712" HPOS="639"/>
							<String ID="string_292" HPOS="680" VPOS="1713" WIDTH="171" HEIGHT="47" WC="0.73" CONTENT="utbredd,"/><SP WIDTH="44" VPOS="1713" HPOS="851"/>
							<String ID="string_293" HPOS="895" VPOS="1719" WIDTH="96" HEIGHT="30" WC="0.94" CONTENT="samt"/><SP WIDTH="40" VPOS="1719" HPOS="991"/>
							<String ID="string_294" HPOS="1031" VPOS="1713" WIDTH="181" HEIGHT="36" WC="0.94" CONTENT="intresset"/><SP WIDTH="31" VPOS="1713" HPOS="1212"/>
							<String ID="string_295" HPOS="1243" VPOS="1713" WIDTH="59" HEIGHT="36" WC="0.96" CONTENT="för"/><SP WIDTH="26" VPOS="1713" HPOS="1302"/>
							<String ID="string_296" HPOS="1328" VPOS="1712" WIDTH="112" HEIGHT="37" WC="0.96" CONTENT="valen"/><SP WIDTH="27" VPOS="1712" HPOS="1440"/>
							<String ID="string_297" HPOS="1467" VPOS="1725" WIDTH="103" HEIGHT="23" WC="0.93" CONTENT="mera"/><SP WIDTH="29" VPOS="1725" HPOS="1570"/>
							<String ID="string_298" HPOS="1599" VPOS="1711" WIDTH="111" HEIGHT="48" WC="0.91" CONTENT="lifligt"/><SP WIDTH="28" VPOS="1711" HPOS="1710"/>
							<String ID="string_299" HPOS="1738" VPOS="1711" WIDTH="70" HEIGHT="36" WC="0.93" CONTENT="och"/><SP WIDTH="28" VPOS="1711" HPOS="1808"/>
							<String ID="string_300" HPOS="1836" VPOS="1710" WIDTH="166" HEIGHT="37" WC="0.92" CONTENT="omedel-"/>
						</TextLine>
						<TextLine ID="line_29" HPOS="410" VPOS="1762" WIDTH="1592" HEIGHT="52">
							<String ID="string_301" HPOS="410" VPOS="1765" WIDTH="85" HEIGHT="37" WC="0.96" CONTENT="bart"/><SP WIDTH="38" VPOS="1765" HPOS="495"/>
							<String ID="string_302" HPOS="533" VPOS="1765" WIDTH="211" HEIGHT="37" WC="0.96" CONTENT="berörande"/><SP WIDTH="41" VPOS="1765" HPOS="744"/>
							<String ID="string_303" HPOS="785" VPOS="1765" WIDTH="131" HEIGHT="49" WC="0.93" CONTENT="hvarje"/><SP WIDTH="42" VPOS="1765" HPOS="916"/>
							<String ID="string_304" HPOS="958" VPOS="1764" WIDTH="161" HEIGHT="37" WC="0.91" CONTENT="valman."/><SP WIDTH="58" VPOS="1764" HPOS="1119"/>
							<String ID="string_305" HPOS="1177" VPOS="1764" WIDTH="139" HEIGHT="37" WC="0.76" CONTENT="Skälen"/><SP WIDTH="39" VPOS="1764" HPOS="1316"/>
							<String ID="string_306" HPOS="1355" VPOS="1764" WIDTH="60" HEIGHT="36" WC="0.96" CONTENT="för"/><SP WIDTH="32" VPOS="1764" HPOS="1415"/>
							<String ID="string_307" HPOS="1447" VPOS="1764" WIDTH="64" HEIGHT="36" WC="0.96" CONTENT="det"/><SP WIDTH="27" VPOS="1764" HPOS="1511"/>
							<String ID="string_308" HPOS="1538" VPOS="1763" WIDTH="239" HEIGHT="37" WC="0.91" CONTENT="omedelbara"/><SP WIDTH="27" VPOS="1763" HPOS="1777"/>
							<String ID="string_309" HPOS="1804" VPOS="1762" WIDTH="198" HEIGHT="37" WC="0.91" CONTENT="valsättets"/>
						</TextLine>
						<TextLine ID="line_30" HPOS="411" VPOS="1814" WIDTH="1592" HEIGHT="48">
							<String ID="string_310" HPOS="411" VPOS="1817" WIDTH="247" HEIGHT="36" WC="0.96" CONTENT="användande"/><SP WIDTH="45" VPOS="1817" HPOS="658"/>
							<String ID="string_311" HPOS="703" VPOS="1821" WIDTH="63" HEIGHT="32" WC="0.96" CONTENT="äro"/><SP WIDTH="44" VPOS="1821" HPOS="766"/>
							<String ID="string_312" HPOS="810" VPOS="1816" WIDTH="145" HEIGHT="37" WC="0.96" CONTENT="således"/><SP WIDTH="42" VPOS="1816" HPOS="955"/>
							<String ID="string_313" HPOS="997" VPOS="1817" WIDTH="68" HEIGHT="36" WC="0.96" CONTENT="här"/><SP WIDTH="41" VPOS="1817" HPOS="1065"/>
							<String ID="string_314" HPOS="1106" VPOS="1821" WIDTH="135" HEIGHT="32" WC="0.94" CONTENT="nästan"/><SP WIDTH="41" VPOS="1821" HPOS="1241"/>
							<String ID="string_315" HPOS="1282" VPOS="1829" WIDTH="103" HEIGHT="24" WC="0.95" CONTENT="mera"/><SP WIDTH="40" VPOS="1829" HPOS="1385"/>
							<String ID="string_316" HPOS="1425" VPOS="1815" WIDTH="151" HEIGHT="37" WC="0.96" CONTENT="talande"/><SP WIDTH="41" VPOS="1815" HPOS="1576"/>
							<String ID="string_317" HPOS="1617" VPOS="1820" WIDTH="50" HEIGHT="31" WC="0.93" CONTENT="än"/><SP WIDTH="41" VPOS="1820" HPOS="1667"/>
							<String ID="string_318" HPOS="1708" VPOS="1815" WIDTH="62" HEIGHT="36" WC="0.92" CONTENT="vid"/><SP WIDTH="39" VPOS="1815" HPOS="1770"/>
							<String ID="string_319" HPOS="1809" VPOS="1814" WIDTH="194" HEIGHT="48" WC="0.91" CONTENT="riksdags-"/>
						</TextLine>
						<TextLine ID="line_31" HPOS="412" VPOS="1869" WIDTH="233" HEIGHT="36">
							<String ID="string_320" HPOS="412" VPOS="1869" WIDTH="233" HEIGHT="36" WC="0.90" CONTENT="mannaval.»"/>
						</TextLine>
					</TextBlock>
					<TextBlock ID="block_3" HPOS="411" VPOS="1917" WIDTH="1593" HEIGHT="209">
						<TextLine ID="line_32" HPOS="514" VPOS="1917" WIDTH="1490" HEIGHT="53">
							<String ID="string_321" HPOS="514" VPOS="1921" WIDTH="51" HEIGHT="36" WC="0.96" CONTENT="På"/><SP WIDTH="36" VPOS="1921" HPOS="565"/>
							<String ID="string_322" HPOS="601" VPOS="1920" WIDTH="125" HEIGHT="50" WC="0.96" CONTENT="grund"/><SP WIDTH="37" VPOS="1920" HPOS="726"/>
							<String ID="string_323" HPOS="763" VPOS="1920" WIDTH="40" HEIGHT="37" WC="0.96" CONTENT="af"/><SP WIDTH="24" VPOS="1920" HPOS="803"/>
							<String ID="string_324" HPOS="827" VPOS="1920" WIDTH="98" HEIGHT="37" WC="0.93" CONTENT="hvad"/><SP WIDTH="29" VPOS="1920" HPOS="925"/>
							<String ID="string_325" HPOS="954" VPOS="1920" WIDTH="278" HEIGHT="37" WC="0.92" CONTENT="motionärerne"/><SP WIDTH="29" VPOS="1920" HPOS="1232"/>
							<String ID="string_326" HPOS="1261" VPOS="1919" WIDTH="156" HEIGHT="37" WC="0.96" CONTENT="sålunda"/><SP WIDTH="28" VPOS="1919" HPOS="1417"/>
							<String ID="string_327" HPOS="1445" VPOS="1919" WIDTH="136" HEIGHT="47" WC="0.93" CONTENT="anfört,"/><SP WIDTH="29" VPOS="1919" HPOS="1581"/>
							<String ID="string_328" HPOS="1610" VPOS="1918" WIDTH="199" HEIGHT="37" WC="0.91" CONTENT="hemställa"/><SP WIDTH="28" VPOS="1918" HPOS="1809"/>
							<String ID="string_329" HPOS="1837" VPOS="1917" WIDTH="62" HEIGHT="37" WC="0.92" CONTENT="de:"/><SP WIDTH="30" VPOS="1917" HPOS="1899"/>
							<String ID="string_330" HPOS="1929" VPOS="1921" WIDTH="75" HEIGHT="33" WC="0.91" CONTENT="»att"/>
						</TextLine>
						<TextLine ID="line_33" HPOS="411" VPOS="1969" WIDTH="1590" HEIGHT="52">
							<String ID="string_331" HPOS="411" VPOS="1972" WIDTH="217" HEIGHT="49" WC="0.96" CONTENT="Riksdagen"/><SP WIDTH="41" VPOS="1972" HPOS="628"/>
							<String ID="string_332" HPOS="669" VPOS="1972" WIDTH="89" HEIGHT="37" WC="0.96" CONTENT="ville"/><SP WIDTH="41" VPOS="1972" HPOS="758"/>
							<String ID="string_333" HPOS="799" VPOS="1973" WIDTH="59" HEIGHT="36" WC="0.96" CONTENT="för"/><SP WIDTH="42" VPOS="1973" HPOS="858"/>
							<String ID="string_334" HPOS="900" VPOS="1973" WIDTH="58" HEIGHT="36" WC="0.96" CONTENT="sin"/><SP WIDTH="28" VPOS="1973" HPOS="958"/>
							<String ID="string_335" HPOS="986" VPOS="1972" WIDTH="60" HEIGHT="37" WC="0.96" CONTENT="del"/><SP WIDTH="29" VPOS="1972" HPOS="1046"/>
							<String ID="string_336" HPOS="1075" VPOS="1972" WIDTH="158" HEIGHT="47" WC="0.95" CONTENT="besluta,"/><SP WIDTH="29" VPOS="1972" HPOS="1233"/>
							<String ID="string_337" HPOS="1262" VPOS="1971" WIDTH="65" HEIGHT="37" WC="0.97" CONTENT="det"/><SP WIDTH="27" VPOS="1971" HPOS="1327"/>
							<String ID="string_338" HPOS="1354" VPOS="1971" WIDTH="282" HEIGHT="37" WC="0.96" CONTENT="nedanstående"/><SP WIDTH="30" VPOS="1971" HPOS="1636"/>
							<String ID="string_339" HPOS="1666" VPOS="1970" WIDTH="103" HEIGHT="37" WC="0.96" CONTENT="delar"/><SP WIDTH="27" VPOS="1970" HPOS="1769"/>
							<String ID="string_340" HPOS="1796" VPOS="1969" WIDTH="41" HEIGHT="37" WC="0.96" CONTENT="af"/><SP WIDTH="24" VPOS="1969" HPOS="1837"/>
							<String ID="string_341" HPOS="1861" VPOS="1969" WIDTH="140" HEIGHT="48" WC="0.96" CONTENT="Kongl."/>
						</TextLine>
						<TextLine ID="line_34" HPOS="411" VPOS="2021" WIDTH="1592" HEIGHT="53">
							<String ID="string_342" HPOS="411" VPOS="2025" WIDTH="274" HEIGHT="49" WC="0.96" CONTENT="förordningen"/><SP WIDTH="29" VPOS="2025" HPOS="685"/>
							<String ID="string_343" HPOS="714" VPOS="2038" WIDTH="59" HEIGHT="23" WC="0.96" CONTENT="om"/><SP WIDTH="28" VPOS="2038" HPOS="773"/>
							<String ID="string_344" HPOS="801" VPOS="2024" WIDTH="194" HEIGHT="48" WC="0.96" CONTENT="landsting"/><SP WIDTH="28" VPOS="2024" HPOS="995"/>
							<String ID="string_345" HPOS="1023" VPOS="2025" WIDTH="40" HEIGHT="36" WC="0.96" CONTENT="af"/><SP WIDTH="26" VPOS="2025" HPOS="1063"/>
							<String ID="string_346" HPOS="1089" VPOS="2025" WIDTH="73" HEIGHT="36" WC="0.96" CONTENT="den"/><SP WIDTH="30" VPOS="2025" HPOS="1162"/>
							<String ID="string_347" HPOS="1192" VPOS="2027" WIDTH="42" HEIGHT="34" WC="0.96" CONTENT="21"/><SP WIDTH="34" VPOS="2027" HPOS="1234"/>
							<String ID="string_348" HPOS="1268" VPOS="2037" WIDTH="97" HEIGHT="23" WC="0.90" CONTENT="mars"/><SP WIDTH="35" VPOS="2037" HPOS="1365"/>
							<String ID="string_349" HPOS="1400" VPOS="2025" WIDTH="94" HEIGHT="35" WC="0.96" CONTENT="1862"/><SP WIDTH="30" VPOS="2025" HPOS="1494"/>
							<String ID="string_350" HPOS="1524" VPOS="2026" WIDTH="116" HEIGHT="33" WC="0.96" CONTENT="måtte"/><SP WIDTH="29" VPOS="2026" HPOS="1640"/>
							<String ID="string_351" HPOS="1669" VPOS="2021" WIDTH="139" HEIGHT="38" WC="0.93" CONTENT="erhålla"/><SP WIDTH="19" VPOS="2021" HPOS="1808"/>
							<String ID="string_352" HPOS="1827" VPOS="2022" WIDTH="176" HEIGHT="47" WC="0.92" CONTENT="ungefär-"/>
						</TextLine>
						<TextLine ID="line_35" HPOS="411" VPOS="2076" WIDTH="682" HEIGHT="50">
							<String ID="string_353" HPOS="411" VPOS="2076" WIDTH="103" HEIGHT="49" WC="0.96" CONTENT="ligen"/><SP WIDTH="26" VPOS="2076" HPOS="514"/>
							<String ID="string_354" HPOS="540" VPOS="2077" WIDTH="168" HEIGHT="49" WC="0.96" CONTENT="följande"/><SP WIDTH="29" VPOS="2077" HPOS="708"/>
							<String ID="string_355" HPOS="737" VPOS="2077" WIDTH="164" HEIGHT="36" WC="0.96" CONTENT="ändrade"/><SP WIDTH="29" VPOS="2077" HPOS="901"/>
							<String ID="string_356" HPOS="930" VPOS="2076" WIDTH="163" HEIGHT="49" WC="0.96" CONTENT="lydelse:"/>
						</TextLine>
					</TextBlock>
				</ComposedBlock>
				<ComposedBlock ID="cblock_2" HPOS="413" VPOS="2283" WIDTH="1591" HEIGHT="90">
					<TextBlock ID="block_4" HPOS="413" VPOS="2283" WIDTH="1591" HEIGHT="90">
						<TextLine ID="line_36" HPOS="514" VPOS="2283" WIDTH="1490" HEIGHT="50">
							<String ID="string_357" HPOS="514" VPOS="2284" WIDTH="401" HEIGHT="49" WC="0.90" CONTENT="Landstingsmännen"/><SP WIDTH="27" VPOS="2284" HPOS="915"/>
							<String ID="string_358" HPOS="942" VPOS="2283" WIDTH="119" HEIGHT="49" WC="0.37" CONTENT="väljas"/><SP WIDTH="42" VPOS="2283" HPOS="1061"/>
							<String ID="string_359" HPOS="1103" VPOS="2304" WIDTH="121" HEIGHT="6" WC="0.67" CONTENT="——"/><SP WIDTH="34" VPOS="2304" HPOS="1224"/>
							<String ID="string_360" HPOS="1258" VPOS="2301" WIDTH="669" HEIGHT="10" WC="0.64" CONTENT="—————————"/><SP WIDTH="28" VPOS="2301" HPOS="1927"/>
							<String ID="string_361" HPOS="1955" VPOS="2302" WIDTH="49" HEIGHT="5" WC="0.76" CONTENT="—"/>
						</TextLine>
						<TextLine ID="line_37" HPOS="413" VPOS="2335" WIDTH="560" HEIGHT="38">
							<String ID="string_362" HPOS="413" VPOS="2355" WIDTH="46" HEIGHT="8" WC="0.54" CONTENT="—"/><SP WIDTH="31" VPOS="2355" HPOS="459"/>
							<String ID="string_363" HPOS="490" VPOS="2358" WIDTH="49" HEIGHT="6" WC="0.20" CONTENT="—"/><SP WIDTH="29" VPOS="2358" HPOS="539"/>
							<String ID="string_364" HPOS="568" VPOS="2359" WIDTH="49" HEIGHT="5" WC="0.68" CONTENT="—"/><SP WIDTH="29" VPOS="2359" HPOS="617"/>
							<String ID="string_365" HPOS="646" VPOS="2358" WIDTH="50" HEIGHT="6" WC="0.78" CONTENT="—"/><SP WIDTH="28" VPOS="2358" HPOS="696"/>
							<String ID="string_366" HPOS="724" VPOS="2358" WIDTH="49" HEIGHT="7" WC="0.86" CONTENT="—"/><SP WIDTH="28" VPOS="2358" HPOS="773"/>
							<String ID="string_367" HPOS="801" VPOS="2335" WIDTH="172" HEIGHT="38" WC="0.96" CONTENT="sålunda:"/>
						</TextLine>
					</TextBlock>
				</ComposedBlock>
			</PrintSpace>
		</Page>
	</Layout>
</alto>
