1864 2786
505 177 253 28 Statsutskottets
782 174 162 28 utlåtande
967 181 39 19 nr
1028 173 16 27 3
1068 173 35 27 år
1127 172 74 27 1956
1558 171 42 28 43

112 261 115 29 städes
251 260 85 29 ökas
360 259 80 29 från
465 257 62 30 120
550 257 53 29 till
626 256 162 39 omkring
813 254 61 30 140
899 255 92 28 samt
1013 255 51 27 att
1087 252 10 29 i
1121 251 206 38 anslutning
1350 250 52 29 till
1426 248 176 30 anstalten

111 314 57 30 må
188 313 177 30 anordnas
387 308 505 43 skogshuggarförläggningar
913 307 81 30 med
1014 306 91 40 plats
1128 305 54 29 för
1203 304 200 39 ytterligare
1426 303 48 28 ett
1497 301 105 30 30-tal

112 368 216 38 vårdtagare.
361 366 67 29 Till
450 365 91 39 följd
562 364 109 29 härav
692 363 159 29 kommer
874 361 57 30 det
953 361 51 28 att
1024 359 48 30 bli
1095 357 215 39 nödvändigt
1331 358 51 28 att
1404 356 11 29 i
1438 356 70 28 viss
1531 363 72 21 om-

112 421 153 39 fattning
289 419 204 31 överskrida
517 418 194 30 anstaltens
736 415 197 39 avlönings-
957 413 65 30 och
1047 411 355 38 omkostnadsanslag
1427 409 55 30 för
1507 409 97 29 inne-

112 474 153 30 varande
285 472 180 41 budgetår.
499 472 65 29 Det
584 471 89 29 hade
694 469 91 30 varit
805 468 179 34 önskvärt,
1006 468 51 28 att
1079 464 298 40 socialstyrelsens
1400 463 131 39 förslag
1554 462 51 29 in-

113 528 149 30 kommit
281 527 10 29 i
311 526 111 31 sådan
440 526 51 30 tid
510 526 51 29 att
580 524 125 39 frågan
724 523 137 29 kunnat
880 520 236 32 underställas
1136 519 199 39 riksdagen.
1367 517 79 30 Med
1466 516 139 38 hänsyn

113 582 54 29 till
193 580 298 41 angelägenheten
517 588 42 20 av
584 579 51 29 att
662 577 125 30 snabbt
813 575 246 30 åstadkomma
1084 573 93 30 ökad
1203 572 177 39 kapacitet
1406 570 58 30 vid
1490 569 115 29 Venn-

114 634 284 41 garnsanstalten
423 633 65 30 har
515 632 95 30 detta
636 631 11 29 i
673 631 68 30 den
767 629 206 41 uppkomna
1000 626 214 31 situationen
1240 625 73 29 inte
1339 624 91 30 varit
1457 622 148 40 möjligt.

170 689 66 29 Det
270 696 102 21 anses
406 696 47 20 nu
486 686 73 29 inte
592 685 122 29 kunna
747 684 176 32 bedömas,
947 681 12 29 i
980 681 119 29 vilken
1122 679 214 39 omfattning
1359 677 112 30 behov
1495 685 43 21 av
1562 685 42 20 en

115 742 111 30 sådan
261 740 154 40 tillfällig
450 738 174 40 utökning
660 747 43 20 av
739 737 194 30 anstaltens
959 733 191 42 platsantal
1175 733 72 30 kan
1271 732 144 29 komma
1442 731 50 29 att
1517 729 91 30 före-

116 796 91 40 ligga
231 795 112 30 under
367 795 101 29 nästa
493 792 179 40 budgetår.
698 791 48 29 På
771 790 113 40 grund
909 790 110 29 härav
1044 786 149 32 föreslår
1219 782 387 43 departementschefen

116 851 51 28 att
185 849 113 30 under
318 847 194 31 anstaltens
531 844 307 40 avlöningsanslag
855 843 175 30 beräknas
1048 842 50 29 ett
1119 839 144 32 särskilt
1278 839 127 39 belopp
1425 847 43 20 av
1487 836 41 31 50
1542 836 63 30 000

117 903 140 33 kronor,
284 901 108 30 vilket
418 901 90 29 efter
533 899 126 39 Kungl.
688 897 125 40 Maj:ts
837 895 266 31 bestämmande
1127 894 66 29 bör
1218 893 11 29 i
1256 892 83 30 mån
1365 901 42 21 av
1432 891 112 30 behov
1570 889 37 30 få

117 956 181 30 användas
324 955 54 30 för
404 953 244 31 bibehållande
674 951 73 30 helt
769 950 85 30 eller
880 949 109 31 delvis
1016 957 42 21 av
1083 948 67 32 den
1177 945 175 40 tillfälliga
1378 944 228 39 utökningen.

174 1008 332 39 Anstaltsstyrelsen
535 1007 65 29 har
629 1006 72 39 lagt
727 1005 94 29 fram
849 1002 210 32 alternativa
1087 1001 134 39 förslag
1248 1009 60 20 om
1335 998 201 31 inrättande
1565 1006 43 20 av

117 1072 43 21 en
197 1061 243 40 heltidstjänst
476 1060 55 30 för
569 1060 119 29 läkare
714 1058 57 30 vid
797 1057 186 30 anstalten.
1010 1056 67 29 Det
1102 1063 103 21 anses
1233 1053 174 30 tveksamt
1433 1050 174 31 huruvida

118 1115 297 40 förutsättningar
436 1114 99 30 finns
557 1113 57 30 för
637 1122 44 20 en
701 1111 140 39 lösning
864 1120 43 21 av
927 1109 196 31 anstaltens
1147 1106 201 40 läkarfråga
1372 1105 109 39 enligt
1504 1104 105 39 något

119 1179 42 21 av
179 1170 41 30 de
238 1169 196 39 framlagda
452 1166 243 31 alternativen.
713 1162 397 43 Departementschefen
1128 1163 37 28 är
1184 1161 10 29 i
1213 1161 77 29 vart
1309 1159 63 30 fall
1390 1158 71 30 inte
1480 1158 128 30 beredd

119 1225 51 29 att
185 1232 47 21 nu
248 1224 36 28 ta
300 1221 167 40 ställning
480 1221 53 29 till
548 1220 186 38 förslagen,
750 1219 86 29 utan
851 1225 113 25 anser,
981 1217 52 29 att
1045 1224 44 21 en
1107 1216 161 28 närmare
1284 1213 172 40 prövning
1471 1212 64 29 bör
1549 1220 60 21 an-

120 1276 54 31 stå
190 1277 12 30 i
222 1276 151 31 avbidan
391 1275 45 40 på
453 1274 201 40 ytterligare
674 1271 209 31 erfarenhet.
904 1271 167 29 Däremot
1090 1267 149 31 föreslås
1258 1267 79 30 med
1358 1265 190 39 anledning
1567 1274 42 20 av

119 1331 68 30 vad
223 1330 171 39 styrelsen
429 1328 120 30 anfört
582 1325 222 31 beträffande
841 1324 127 30 arvode
1005 1323 53 29 till
1094 1321 225 33 husläkaren,
1356 1320 52 30 att
1446 1320 48 28 ett
1529 1317 80 31 från

122 1383 19 30 4
155 1383 63 30 000
237 1383 53 30 till
310 1383 17 29 5
343 1382 63 30 000
427 1382 131 29 kronor
576 1380 138 39 förhöjt
731 1379 126 39 belopp
875 1377 176 31 beräknas
1070 1376 57 30 för
1150 1375 125 30 sådant
1296 1373 137 34 arvode,
1456 1374 50 29 att
1527 1371 83 40 utgå

121 1437 108 39 enligt
253 1446 41 20 av
317 1435 127 40 Kungl.
468 1434 107 40 Maj:t
598 1432 204 31 meddelade
824 1430 275 31 bestämmelser.

175 1490 129 30 Vidare
326 1488 148 31 föreslås
497 1489 52 28 att
570 1496 42 20 en
635 1487 111 39 tjänst
770 1494 74 21 som
867 1482 284 31 kontorsbiträde
1173 1482 12 28 i
1208 1481 77 30 Ce
1267 1476 22 54 8
1310 1480 138 39 utbytes
1472 1480 71 28 mot
1567 1488 44 20 en

122 1542 387 39 kanslibiträdestjänst
532 1541 11 29 i
568 1540 44 30 Ce
627 1540 50 29 11.
701 1540 67 29 För
793 1537 277 40 möjliggörande
1096 1545 43 20 av
1161 1535 92 30 ökad
1278 1533 121 40 tillsyn
1423 1533 20 30 å
1467 1532 145 30 vårdav-

121 1597 231 39 delningarna
375 1595 172 33 förordas,
571 1595 51 28 att
644 1593 112 30 medel
777 1591 176 30 beräknas
977 1590 54 30 för
1055 1598 43 21 en
1122 1598 46 30 ny
1191 1588 111 39 tjänst
1324 1587 12 30 i
1360 1586 45 31 Ce
1420 1586 50 34 12,
1494 1585 118 30 vilken

120 1651 12 30 i
157 1649 349 32 överensstämmelse
530 1648 79 29 med
634 1645 340 39 anstaltsstyrelsens
1000 1643 132 39 förslag
1154 1642 64 30 bör
1241 1650 101 21 avses
1366 1640 55 30 för
1446 1639 167 39 antingen

123 1713 43 21 en
184 1703 271 40 sjuksköterska
471 1702 83 29 eller
569 1710 47 21 en
631 1701 149 29 förman.

177 1758 69 29 För
273 1754 462 41 löneklassuppflyttningar
763 1752 101 40 höjes
890 1751 159 39 anslaget
1075 1750 80 29 med
1183 1748 97 31 3200
1308 1748 130 29 kronor
1466 1746 65 30 och
1559 1746 54 29 för

124 1810 210 39 omräkning
353 1819 42 20 av
414 1810 124 39 posten
557 1807 51 30 till
628 1806 121 39 rörligt
768 1806 78 29 med
866 1804 40 30 47
922 1803 64 31 000
1005 1804 140 29 kronor.

181 1917 13 29 I
214 1926 42 20 en
275 1917 97 28 inom
389 1915 112 29 andra
521 1915 206 28 kammaren
748 1921 42 20 av
809 1911 81 29 herr
910 1909 109 30 Helén
1041 1918 44 20 m.
1107 1908 38 39 fl.
1165 1907 104 30 väckt
1290 1906 133 30 motion
1449 1905 63 34 (II:
1529 1904 80 33 561)

124 1970 212 33 hemställes,
358 1969 105 30 såvitt
483 1977 47 21 nu
552 1969 38 28 är
610 1967 11 28 i
642 1966 109 39 fråga,
772 1967 51 28 att
843 1964 187 37 riksdagen
1052 1961 107 30 måtte
1180 1961 122 30 utöver
1321 1959 12 30 i
1352 1958 264 41 propositionen

125 2023 199 39 föreslagna
342 2022 125 39 belopp
488 2021 53 29 till
560 2019 204 39 avlöningar
785 2017 120 31 anvisa
926 2018 48 28 ett
994 2016 125 39 belopp
1140 2024 41 20 av
1203 2013 40 30 18
1257 2013 63 30 000
1340 2013 132 29 kronor
1492 2011 55 31 för
1566 2012 51 29 in-

126 2076 162 30 rättande
317 2084 41 21 av
386 2084 43 20 en
458 2073 243 39 heltidstjänst
729 2072 55 29 för
813 2070 119 30 läkare
962 2069 57 30 vid
1049 2068 175 30 anstalten
1253 2067 79 29 med
1363 2064 254 40 avlöningsför-

126 2129 121 30 måner
270 2128 107 38 enligt
400 2137 42 20 av
465 2126 126 39 Kungl.
616 2125 105 38 Maj:t
745 2123 202 31 meddelade
970 2121 274 31 bestämmelser.

182 2181 188 39 Angående
392 2179 252 39 motiveringen
666 2178 53 29 för
739 2177 174 39 yrkandet
934 2175 166 30 hänvisas
1121 2175 51 28 till
1196 2174 187 29 motionen.

184 2286 175 31 Utskottet
385 2286 60 29 vill
478 2286 3 28 i
508 2284 203 30 nuvarande
738 2284 73 38 läge
836 2282 77 29 icke
941 2282 166 28 motsätta
1135 2280 51 38 sig
1212 2277 406 41 departementschefens

129 2340 131 39 förslag
282 2341 51 27 att
357 2339 112 29 under
492 2336 341 39 avlöningsanslaget
857 2334 174 30 beräknas
1056 2334 49 28 ett
1127 2333 126 38 belopp
1277 2341 43 20 av
1343 2331 41 29 50
1399 2330 63 29 000
1489 2331 129 28 kronor

130 2395 49 28 att
205 2402 42 20 av
273 2392 125 39 Kungl.
425 2391 107 39 Maj:t
557 2390 55 29 vid
639 2389 109 30 behov
776 2388 180 30 användas
983 2387 54 29 för
1064 2385 154 38 tillfällig
1245 2384 173 38 utökning
1444 2392 43 20 av
1513 2383 106 39 plats-

129 2447 132 29 antalet
285 2445 55 30 vid
368 2445 185 29 anstalten.

186 2500 11 28 I
222 2499 109 29 likhet
352 2499 76 28 med
452 2495 385 41 departementschefen
860 2503 101 20 anser
985 2493 167 29 utskottet
1176 2493 51 28 att
1248 2491 65 29 den
1336 2499 42 20 av
1400 2489 220 39 anstaltssty-
