1870 2764
244 128 37 31 10
545 127 122 39 Tredje
688 127 244 39 lagutskottets
952 126 178 30 utlåtande
1148 135 43 20 nr
1207 127 42 29 32
1268 126 39 30 år
1328 127 83 29 1964

398 206 224 33 (Nuvarande
648 206 147 39 lydelse)

1167 205 225 40 (Föreslagen
1419 205 146 40 lydelse)

1011 277 42 21 av
1083 268 194 39 Konungen
1309 268 82 29 eller
1421 268 67 30 den
1521 268 201 39 myndighet

1011 313 194 39 Konungen
1239 313 218 29 bestämmer.

912 391 134 37 24
974 387 18 46 a
1014 387 35 46 8.

287 446 70 29 Har
377 446 194 39 Konungen
590 464 43 3 -—
649 463 45 4 —
925 464 15 2 -

1119 464 5 2 -
1142 465 44 3 -—
1207 446 51 29 till
1280 446 101 30 bilen.

285 490 159 30 Rörande
468 490 197 39 besiktning
686 499 76 21 som
784 499 49 21 nu
854 499 98 20 avses

240 535 98 30 skola
365 535 306 30 bestämmelserna
698 535 11 29 i
733 535 41 29 24
799 534 21 37 $
844 535 20 29 2
888 535 64 29 och

242 580 20 29 3
293 589 104 20 mom.
430 580 64 39 äga
525 580 245 29 motsvarande
804 579 149 39 tillämp-

241 624 93 39 ning.

284 670 66 29 Det
375 678 43 21 av
446 669 370 39 besiktningsmannen
844 668 109 40 utfär-

240 713 87 30 dade
359 713 132 40 intyget
524 713 87 30 skall
643 713 178 29 medföras
841 712 110 30 under

242 757 77 30 färd
348 758 79 29 med
456 758 211 39 släpvagnen
695 757 66 30 och
792 757 87 30 skall
909 757 44 39 på

240 802 186 39 tillsägelse
451 802 164 39 uppvisas
643 801 53 30 för
723 801 230 39 besiktnings-

241 855 82 21 man
358 847 83 29 eller
473 846 183 40 polisman.
694 846 134 39 Intyget
863 846 89 30 skall

242 900 81 21 vara
357 891 11 29 1
403 891 125 30 sådant
561 891 110 34 skick,
706 893 50 28 att
792 891 55 29 det
882 891 69 29 kan

241 936 134 29 avläsas
399 938 85 27 utan
508 935 182 40 svårighet.

1053 669 108 38 Intyg,
1181 668 156 39 utfärdat
1356 667 56 30 vid
1430 668 198 39 besiktning
1645 676 75 21 som

1008 721 47 20 nu
1074 721 110 27 avses,
1205 712 88 30 skall
1314 712 176 30 medföras
1511 712 111 29 under
1643 711 77 30 färd

1008 758 79 29 med
1110 757 212 39 släpvagnen
1345 757 66 29 och
1434 756 89 30 skall
1547 756 43 40 på
1613 756 108 30 tillsä-

1008 802 90 38 gelse
1121 801 166 39 uppvisas
1310 801 54 29 för
1387 800 229 39 bilinspektör
1639 801 81 29 eller

1008 846 183 39 polisman.
1210 845 134 40 Intyget
1362 845 89 30 skall
1468 854 83 21 vara
1568 845 11 29 i
1596 844 125 30 sådant

1010 890 108 34 skick,
1140 892 50 28 att
1213 890 57 30 det
1291 890 69 29 kan
1382 889 137 30 avläsas
1541 891 84 28 utan
1648 889 73 30 svå-

1007 935 122 39 righet.

1051 979 167 29 Närmare
1242 978 222 40 föreskrifter
1489 987 55 20 om
1570 977 153 30 särskild

1009 1022 387 40 kopplingsbesiktning
1449 1022 177 30 meddelas
1680 1031 42 21 av

1009 1069 194 38 Konungen
1258 1067 83 30 eller
1396 1068 66 29 den
1518 1067 204 39 myndighet

1008 1113 192 39 Konungen
1228 1112 218 29 bestämmer.

931 1193 39 29 65
995 1193 28 37 8.

283 1247 19 28 2
330 1255 104 21 mom.
464 1246 135 30 Brukas
628 1246 225 29 motordrivet
883 1246 68 29 for-

239 1291 69 30 don
324 1291 81 30 eller
423 1291 202 39 släpfordon
642 1291 10 29 i
668 1291 88 29 strid
773 1293 71 27 mot
863 1292 35 28 11
921 1291 28 36 8,

241 1336 37 30 12
297 1336 15 38 8
333 1337 14 29 1
365 1345 114 25 mom.,
498 1337 36 30 13
553 1336 15 36 $
589 1337 13 28 1
621 1344 104 21 mom.
743 1336 83 29 eller
842 1336 38 29 24
899 1345 17 20 a
933 1336 15 36 8

238 1380 110 30 första
365 1381 133 36 stycket
515 1380 81 29 eller
612 1382 72 27 mot
702 1380 248 33 bestämmelse,

239 1434 74 21 som
337 1425 189 30 meddelats
550 1425 77 30 med
653 1425 78 30 stöd
755 1433 43 22 av
823 1425 37 29 27
889 1425 15 37 8
933 1426 14 28 1

237 1479 114 25 mom.,
370 1470 83 29 eller
471 1472 71 27 mot
561 1470 38 30 27
621 1470 16 37 8
658 1471 18 29 2
696 1470 84 29 eller
810 1470 7 30 3
836 1478 113 25 mom.,

238 1515 82 29 eller
337 1514 130 30 brukas
484 1514 159 30 fordonet
660 1514 11 29 i
690 1514 85 30 strid
792 1516 71 27 mot
880 1514 70 39 för-

240 1559 79 37 bud,
335 1568 74 21 som
423 1559 188 29 meddelats
625 1558 105 38 enligt
745 1558 52 36 22,
812 1558 41 29 23
868 1558 82 30 eller

239 1604 42 29 23
312 1613 19 20 a
363 1604 30 36 $,
427 1612 80 21 vare
540 1604 124 38 ägaren
701 1603 163 29 förfallen
898 1603 50 29 till

238 1649 192 38 dagsböter.

282 2005 20 27 5
318 2012 104 20 mom.
443 2003 125 35 Envar,
588 2012 75 20 SOM
681 2021 44 3 —
741 2020 46 5 —
803 2020 43 3 —
864 2020 44 3 —
925 2021 44 3 —

280 2048 67 29 Till
376 2057 135 20 samma
540 2047 105 30 straff
673 2056 82 21 vare
785 2047 65 29 den
880 2047 69 29 för-

237 2092 117 34 fallen,
373 2101 75 21 som
465 2093 135 29 lämnar
617 2092 187 39 veterligen
823 2091 126 40 oriktig

236 2138 137 39 uppgift
400 2138 11 28 i
441 2137 168 40 typintyg,
637 2145 120 21 varom
784 2136 165 30 förmäles

237 2182 10 29 i
275 2182 38 29 15
341 2182 15 36 8
384 2182 18 29 2
429 2190 117 25 mom.,
573 2182 80 29 eller
680 2181 11 29 i
718 2181 231 39 ansöknings-

236 2226 178 39 handling,
439 2235 75 20 som
537 2234 97 21 avses
659 2226 9 29 i
695 2225 39 30 12
760 2225 16 37 8
802 2225 18 30 2
843 2234 104 21 mom.

237 2271 109 29 andra
363 2271 135 39 stycket
515 2270 81 30 eller
612 2270 40 29 27
672 2270 16 36 8
707 2269 20 30 4
744 2278 103 21 mom.
865 2270 83 30 and-

235 2325 38 20 ra
296 2315 143 39 stycket.

281 2405 19 28 6
318 2413 104 20 mom.
442 2405 86 32 Den,
548 2413 74 20 som
640 2403 117 39 bryter
778 2406 69 26 mot
870 2403 38 29 10
931 2403 15 36 $

236 2449 18 29 5
281 2457 102 21 mom.
411 2449 111 29 första
549 2448 132 38 stycket
708 2448 82 29 eller
817 2448 40 28 24
883 2447 20 36 $
930 2448 14 28 1

1051 1247 19 28 2
1097 1255 105 20 mom.
1232 1246 136 29 Brukas
1397 1245 225 29 motordrivet
1652 1244 69 29 for-

1007 1291 68 29 don
1100 1291 81 29 eller
1207 1290 203 39 släpfordon
1434 1290 12 29 i
1471 1290 87 30 strid
1581 1291 73 28 mot
1681 1289 36 29 11

1009 1335 28 36 8,
1064 1335 38 29 12
1128 1335 15 36 8
1173 1335 13 29 I
1213 1343 116 26 mom.,
1357 1334 39 30 13
1423 1334 15 36 8$
1467 1334 14 29 1
1508 1342 105 21 mom.
1638 1333 81 30 eller

1008 1378 40 31 24
1074 1389 19 20 a
1120 1380 15 36 8
1162 1379 112 30 första
1300 1379 134 39 stycket
1460 1378 82 30 eller
1567 1379 73 28 mot
1664 1377 55 30 be-

1007 1424 208 33 stämmelse,
1236 1432 75 20 som
1331 1423 192 29 meddelats
1543 1422 78 30 med
1642 1422 76 29 stöd

1007 1477 41 21 av
1067 1468 39 29 27
1129 1467 15 37 8
1169 1468 14 28 I
1205 1476 116 25 mom,.,
1342 1467 81 30 eller
1443 1468 74 28 mot
1537 1466 39 30 27
1599 1465 15 38 $
1636 1465 18 30 2
1674 1466 45 29 el-

1007 1513 48 29 ler
1091 1512 7 30 3
1122 1521 116 25 mom.,
1262 1512 82 30 eller
1368 1511 131 30 brukas
1524 1510 161 30 fordonet
1708 1510 10 29 i

1006 1556 86 30 strid
1112 1558 73 28 mot
1205 1555 203 41 körförbud,
1430 1564 75 21 som
1527 1554 192 31 meddelats

1006 1601 105 39 enligt
1131 1601 39 29 14
1187 1600 22 37 $
1228 1601 14 28 1
1262 1609 105 20 mom.
1386 1599 110 30 andra
1514 1599 145 39 stycket,
1677 1599 42 29 23

1005 1645 21 36 $
1047 1645 109 30 andra
1178 1644 146 40 stycket,
1346 1644 42 30 23
1410 1653 20 21 a
1452 1643 22 37 $
1497 1643 110 39 tredje
1629 1643 90 39 styc-

1006 1690 58 29 ket
1082 1689 81 30 eller
1182 1689 41 30 24
1242 1688 21 37 $
1280 1689 20 29 3
1317 1697 106 21 mom.
1444 1687 110 40 tredje
1572 1687 146 39 stycket,

1006 1734 82 29 eller
1111 1742 74 21 som
1213 1733 101 39 eljest
1336 1732 108 39 gäller
1468 1732 142 39 jämlikt
1635 1732 39 29 14
1698 1731 21 36 $

1009 1779 14 28 1
1051 1787 105 21 mom.
1183 1778 110 29 andra
1320 1776 146 40 stycket,
1494 1776 42 29 22
1561 1776 21 37 $
1608 1775 110 30 andra

1009 1823 145 39 stycket,
1189 1823 42 29 23
1264 1822 21 36 $
1317 1821 115 40 fjärde
1467 1821 136 39 stycket
1637 1820 82 29 eller

1007 1868 41 29 24
1073 1868 21 36 $
1119 1868 19 29 3
1164 1876 105 20 mom.
1295 1866 106 40 femte
1428 1865 136 40 stycket
1591 1865 82 29 eller
1701 1865 18 29 4

1005 1921 116 27 monm.,
1137 1920 81 22 vare
1232 1912 126 38 ägaren
1374 1910 164 30 förfallen
1553 1909 52 30 till
1620 1909 98 39 dags-

1006 1957 107 30 böter.

986 2020 45 3 —
1048 2019 44 4 —
1109 2019 44 3 —
1173 2001 79 29 med
1272 2000 194 39 dagsböter.

1049 2046 67 29 Till
1145 2054 135 21 samma
1309 2044 105 30 straff
1443 2052 81 21 vare
1554 2043 66 30 den
1650 2043 69 30 för-

1007 2091 116 33 fallen,
1141 2098 75 22 som
1234 2090 135 29 lämnar
1387 2088 186 39 veterligen
1591 2088 128 39 oriktig

1005 2135 137 40 uppgift
1170 2135 10 29 i
1209 2134 169 40 typintyg,
1406 2141 119 22 varom
1553 2133 165 30 förmäles

1006 2180 10 29 i
1044 2180 38 29 15
1110 2179 15 37 8
1153 2179 19 30 2
1198 2187 117 25 mom.,
1341 2178 82 30 eller
1450 2178 10 29 i
1487 2177 232 39 ansöknings-

1006 2224 178 39 handling,
1208 2232 75 21 som
1306 2231 97 21 avses
1427 2223 10 29 i
1464 2222 39 30 12
1529 2222 15 37 $&
1570 2222 19 29 2
1613 2230 104 21 mom.

1006 2269 108 30 andra
1141 2268 146 39 stycket,
1313 2267 41 30 20
1381 2267 21 37 $
1428 2268 20 28 6
1474 2275 106 21 mom.
1606 2266 111 39 första

1007 2314 81 29 eller
1105 2312 110 40 tredje
1232 2312 134 39 stycket
1383 2312 82 29 eller
1483 2311 39 30 27
1543 2311 15 37 8
1576 2310 19 30 4
1613 2320 104 20 mom.

1006 2358 108 30 andra
1138 2356 145 40 stycket.

1049 2403 20 28 6
1087 2410 104 21 mom,
1211 2402 86 33 Den,
1317 2410 74 20 som
1409 2401 117 38 bryter
1547 2402 70 27 mot
1639 2400 39 29 10
1700 2400 16 36 8

1006 2447 18 29 5
1047 2455 102 21 mom.
1175 2446 109 29 första
1309 2445 133 39 stycket
1466 2445 82 30 eller
1570 2444 75 30 icke
1670 2445 47 29 ef-
