2201 2681
401 204 18 29 6
880 205 255 30 Bonkoutskottets
1157 205 158 31 Memorial
1336 207 57 29 N:o
1419 208 25 28 9.

492 281 364 39 Hufvudkontorets
882 282 254 38 ombudsman
1165 283 69 38 har
1260 284 201 50 redogjort
1488 286 60 37 för
1575 285 291 49 ifrågavarande
1890 289 77 38 for-

358 332 159 50 dringar
554 338 98 33 samt
693 333 60 39 för
781 333 46 38 de
856 333 89 39 med
975 335 87 38 dem
1090 334 184 51 vidtagna
1300 336 419 50 indrifningsåtgärder
1746 340 72 37 och
1845 341 122 38 utsik-

356 390 112 32 terna
496 389 56 34 att
580 385 146 38 erhålla
753 389 129 45 någon
909 388 134 37 vidare
1071 386 200 51 betalning
1299 390 20 35 å
1342 388 391 51 fordringsposterna,
1763 392 73 37 och
1852 391 115 39 fram-

357 440 70 45 går
455 436 119 48 däraf,
603 442 55 32 att
686 437 46 38 de
761 438 406 50 betalningsskyldige
1196 439 184 49 antingen
1409 439 120 38 aflidit
1556 441 71 37 och
1656 443 35 48 ej
1720 443 248 39 efterlämnat

356 491 122 46 några
505 488 209 50 tillgångar
742 489 94 37 eller
864 495 66 43 att,
960 491 68 37 där
1051 490 143 38 sådana
1213 491 158 48 funnits,
1389 491 114 38 dessa
1522 492 96 38 efter
1637 494 330 39 urarfvakonkurs

360 539 304 48 slutredovisats,
706 540 92 39 eller
841 542 72 36 ock
955 547 54 33 att
1040 542 12 36 i
1081 541 47 39 de
1157 542 76 47 fall,
1264 542 47 37 då
1339 542 47 38 de
1415 543 405 52 betalningsskyldige
1849 547 117 48 lefva,

359 591 115 38 dessa
501 592 201 37 befunnits
729 592 182 50 utfattiga
939 593 73 38 och
1039 597 49 46 på
1114 593 126 49 grund
1268 594 42 37 af
1333 594 387 51 ålderdomssvaghet
1739 598 229 50 oförmögna

357 643 58 37 till
459 644 132 37 arbete
635 644 95 37 eller
770 644 71 38 fått
874 645 156 48 ackord,
1060 658 83 24 som
1171 645 11 37 i
1209 645 257 39 föreskrifven
1494 647 165 49 ordning
1686 649 157 50 guldits,
1873 650 95 39 eller

360 695 74 36 ock
461 695 163 47 begifvit
647 695 61 47 sig
726 696 217 37 utomlands
962 703 92 30 utan
1073 702 55 31 att
1146 697 12 36 i
1177 697 202 37 hemorten
1399 697 226 39 efterlämna
1641 700 101 37 känd
1760 702 205 47 egendom.

493 796 58 39 Då
579 796 179 49 samtliga
786 810 49 23 nu
857 797 56 37 till
934 796 234 51 afskrifning
1187 797 221 49 föreslagna
1428 798 219 50 fordringar
1666 801 71 38 och
1757 801 210 51 tillgångar

359 848 305 48 uppenbarligen
692 852 65 33 äro
784 855 92 30 utan
907 848 67 38 allt
1001 850 118 36 värde
1148 855 99 31 samt
1265 849 176 38 fortsatta
1460 852 180 48 åtgärder
1655 852 58 38 för
1732 853 234 39 krafrättens

359 898 270 38 bibehållande
659 905 80 31 mot
766 900 290 37 vederbörande
1080 900 230 48 gäldenärer
1333 900 57 38 för
1408 901 234 39 riksbanken
1662 904 138 38 endast
1818 905 149 38 medför

359 950 124 37 ökade
523 951 223 47 kostnader,
786 951 123 38 finner
945 952 189 37 utskottet
1174 951 83 38 icke
1297 955 130 46 någon
1467 953 210 51 anledning
1714 961 55 32 att
1796 956 170 39 vidare
1943 946 24 62 i

357 1002 315 50 räkenskaperna
713 1002 201 38 balansera
953 1003 294 49 ifrågavarande
1291 1004 234 49 fordringar;
1568 1007 74 36 och
1670 1007 210 38 föranlåtes
1907 1014 59 31 ut-

359 1053 146 38 skottet
533 1053 129 38 därför
690 1053 215 49 hemställa,

863 1162 55 32 ait
958 1157 222 48 Riksdagen
1221 1161 60 34 må
1316 1157 208 49 medgifva,
1553 1164 55 32 att
1630 1158 169 50 följande
1829 1162 138 37 osäkra

762 1207 219 48 fordringar
1013 1208 66 37 vid
1106 1208 258 38 riksbankens
1392 1208 291 39 hufvudkontor
1710 1215 61 33 må
1798 1225 45 23 ur
1871 1213 95 36 kon-

762 1264 122 31 torets
909 1259 265 49 räkenskaper
1202 1260 218 48 afskrifvas,
1448 1261 212 48 nämligen:

790 1313 17 33 1
838 1309 261 51 hypotekslåD
1120 1342 443 6 ssmsmmmmsmsn
1353 1305 24 59 sr
1387 1342 176 6 serna
1569 1345 16 16 ..
1615 1312 66 37 Kr.
1735 1314 150 46 42,532:
1915 1325 50 28 50,

762 1363 47 34 28
838 1361 132 36 VÄXlår
985 1393 128 5 ooosssssser
1132 1394 454 6 srsssrrssssrrrsnssssrerrrssrerrrrnnrnnn
1634 1391 22 21 2»
1737 1366 147 47 66,946:
1916 1376 48 28 95.

790 1414 17 34 1
834 1412 286 37 kassakreditiV
1154 1445 263 5 oossmsmmmmmmmmns
1437 1446 105 4 sens
1561 1447 26 4 sn
1635 1443 22 19 -
1762 1417 123 45 3,922:
1915 1427 50 27 86,

786 1465 23 34 4
839 1463 329 49 afbetalningslån
1189 1459 151 57 smu.ssmmmsm.
1359 1496 160 5 sens
1558 1497 28 4 sn
1634 1494 22 15 -
1763 1469 120 39 7,289:
1914 1478 49 27 56.

1430 1524 157 38 Summa
1614 1525 66 38 Kr.
1712 1528 171 43 120,691:
1914 1538 47 28 87.

492 1624 224 38 Stockholm
747 1624 74 37 den
846 1626 46 36 23
921 1638 101 24 mars
1053 1626 107 36 1906.

858 1726 51 37 På
936 1727 339 37 bankoutskottets
1303 1731 162 44 vägnar:

982 1827 135 38 JOHN
1144 1828 196 38 RETTIG.

798 2392 168 22 STOCKHOLM,
986 2393 58 16 P.A.
1060 2392 103 17 NYMANS
1182 2387 214 23 EFTERTRÄDARE.
1434 2392 73 19 1906.
