1916 2846
330 138 40 31 18
650 142 414 40 Bevillningsutskottets
1085 151 187 32 memorial
1293 151 52 32 Nr
1367 153 52 31 27.

285 214 128 37 ligaste
436 217 407 36 organisationsformen
867 222 56 32 för
947 225 195 32 utövandet
1167 237 46 21 av
1234 229 256 35 partihandeln
1514 232 80 31 med
1618 233 165 38 rusdryc-

285 266 71 37 ker,
380 269 89 29 utan
492 278 105 27 synes
619 271 63 31 vid
704 281 44 22 en
772 273 100 37 dylik
895 276 195 37 utredning
1114 277 137 36 jämväl
1274 290 49 21 nu
1347 281 238 34 förevarande
1608 286 175 35 spörsmål

286 317 85 32 böra
390 318 100 33 bliva
512 321 149 32 föremål
684 323 55 31 för
762 324 154 38 förnyad
937 324 247 46 omprövning.

324 370 71 32 Vid
419 371 203 33 revisionen
646 384 46 21 av
717 375 295 40 Spritcentralen,
1037 390 74 21 som
1136 381 66 32 har
1227 385 54 29 att
1307 383 164 38 iakttaga
1498 386 59 31 det
1581 388 200 33 allmännas

284 421 175 32 intressen
487 426 162 30 närmast
676 426 97 32 inom
801 428 294 40 beskattningens
1123 434 154 37 område,
1307 438 87 33 göra
1422 437 55 36 sig
1506 438 156 36 givetvis
1691 443 90 29 även

283 473 113 32 andra
419 476 223 35 synpunkter
663 479 166 35 gällande
852 483 47 28 än
921 482 13 30 i
956 482 107 37 fråga
1085 494 56 21 om
1164 486 158 31 revision
1344 498 46 20 av
1411 491 51 29 ett
1487 491 139 36 vanligt
1650 492 130 32 affärs-

283 524 148 38 företag.
477 526 68 33 Det
569 538 104 27 synes
699 530 123 32 därför
847 534 190 36 angeläget
1061 537 54 30 att
1141 536 61 32 vid
1228 538 104 31 sidan
1356 550 45 20 av
1428 540 41 31 de
1494 542 186 38 revisorer,
1706 554 74 21 som

282 575 128 34 främst
434 577 96 33 hava
555 582 52 29 att
634 581 182 33 företräda
842 584 340 35 revisionstekniska
1208 590 65 30 och
1298 591 275 38 affärsmässiga
1599 596 178 35 synpunk-

281 629 64 35 ter,
365 628 12 31 i
397 629 184 33 allmänna
601 633 298 37 angelägenheter
918 637 148 32 erfarna
1086 640 64 30 och
1171 640 162 37 kunniga
1352 652 168 27 personer
1542 645 146 33 beredas
1710 647 70 31 till-

282 679 85 32 fälle
394 682 53 30 att
474 684 111 29 utöva
610 684 222 38 granskning
858 697 46 21 av
930 688 196 38 företagets
1153 691 141 33 skötsel.
1341 694 125 37 Enligt
1492 696 193 33 utskottets
1711 708 68 22 me-

280 730 87 37 ning
386 732 62 31 bör
469 734 96 31 valet
582 745 46 21 av
646 736 135 32 sådana
801 738 186 38 revisorer,
1009 741 115 32 vilkas
1144 744 101 30 antal
1265 745 196 37 lämpligen
1481 747 62 32 bör
1565 748 213 34 bestämmas

280 782 57 31 till
356 785 63 35 tre,
441 785 183 32 anförtros
645 788 37 31 åt
703 788 423 42 riksgäldsfullmäktige,
1148 794 99 32 vilka
1270 796 13 31 i
1306 797 92 32 flera
1419 798 67 31 fall
1507 799 95 32 hava
1624 802 53 31 att
1701 804 77 30 utse

278 838 288 32 representanter
587 838 13 30 i
621 838 149 38 företag,
792 841 96 32 inom
909 843 101 32 vilka
1030 845 58 31 det
1109 846 183 33 allmänna
1314 848 66 32 har
1401 850 230 33 ekonomiska
1652 853 125 32 intres-

279 896 62 21 sen
390 888 53 30 att
486 888 145 33 bevaka.
683 891 70 31 För
785 895 53 29 att
870 894 192 33 framhäva
1093 897 248 38 fullmäktiges
1372 902 175 36 ställning
1578 904 116 31 såsom
1726 908 50 29 ett

278 937 84 32 från
389 939 118 36 själva
535 941 201 33 revisionen
764 944 84 32 fullt
878 945 197 34 fristående
1105 949 256 38 valkollegium
1388 952 67 31 har
1483 955 174 32 utskottet
1687 957 89 31 före-

277 990 119 36 slagit,
424 993 55 29 att
507 992 228 39 fullmäktige
764 996 99 31 skola
891 999 78 30 utse
998 999 176 33 revisorer
1205 1004 99 29 utom
1333 1004 56 31 sin
1416 1013 90 28 egen
1534 1006 106 32 krets.

315 1091 238 34 Beträffande
573 1096 232 38 utdelningen
824 1099 22 31 å
865 1101 260 33 stamaktierna
1147 1102 32 37 ($
1200 1105 18 30 6
1236 1105 12 30 i
1266 1105 325 40 bolagsordningen
1610 1111 64 30 och
1695 1110 18 36 $
1732 1112 41 30 2i

276 1144 135 32 avtalet
440 1146 81 31 med
551 1148 343 38 stamaktieägarna)
926 1152 66 31 har
1023 1154 172 32 utskottet
1226 1159 117 30 ansett
1374 1158 55 37 sig
1459 1159 86 32 böra
1575 1161 199 37 hemställa,

275 1196 53 30 att
353 1195 205 39 kamrarna,
583 1200 79 31 med
687 1200 259 35 frånträdande
971 1215 46 20 av
1042 1205 79 31 sina
1147 1206 98 33 förut
1271 1208 138 33 fattade
1435 1210 127 37 beslut,
1588 1214 111 31 måtte
1725 1215 49 30 bi-

275 1247 104 31 träda
404 1250 353 38 sammanjämkning
783 1255 46 34 på
855 1254 57 31 det
939 1257 83 35 sätt,
1048 1259 53 29 att
1128 1258 235 37 utdelningen
1388 1263 20 29 å
1435 1264 157 31 nämnda
1618 1265 117 32 aktier
1762 1267 10 30 i

275 1297 179 38 förslagen
475 1303 174 34 upptages
671 1303 58 31 till
750 1303 68 36 5'/>
840 1308 154 33 procent.

313 1399 285 34 Vidkommande
631 1413 91 21 ovan
757 1406 237 33 omförmälda
1028 1409 453 42 diskvalifikationsgrund
1514 1416 57 36 för
1604 1417 168 33 ledamot-

272 1451 88 36 skap
382 1453 12 29 i
415 1453 177 36 styrelsen
616 1454 31 36 ($
669 1456 37 31 10
727 1466 103 22 mom.
853 1459 17 29 2
893 1459 12 30 i
926 1459 339 40 bolagsordningen)
1289 1465 66 31 har
1378 1467 174 32 utskottet
1574 1469 121 32 funnit
1717 1471 54 36 sig

272 1502 85 32 böra
384 1504 200 38 hemställa,
610 1508 53 30 att
689 1508 115 32 första
830 1509 209 34 kammaren
1066 1513 159 33 biträder
1252 1517 114 31 andra
1392 1518 227 34 kammarens
1646 1522 125 32 beslut.

311 1604 182 34 Utskottet
521 1608 58 30 får
604 1608 198 39 hemställa,

711 1715 55 30 att
796 1714 194 38 riksdagen
1019 1718 111 32 måtte
1160 1719 14 31 i
1204 1720 172 34 skrivelse
1406 1723 58 32 till
1494 1724 134 38 Kungl.
1660 1726 109 38 Maj:t

670 1765 156 38 anhålla,

710 1816 35 36 a)
777 1820 54 29 att
880 1819 135 38 Kungl.
1054 1822 109 37 Maj:t
1192 1824 86 32 ville
1305 1826 21 30 å
1355 1828 136 31 statens
1522 1831 138 34 vägnar
1689 1831 80 31 med

670 1868 252 39 Aktiebolaget
950 1872 87 32 Vin-
1066 1875 26 30 &
1120 1875 286 36 Spritcentralen
1435 1880 117 31 träffa
1581 1883 99 30 avtal
1708 1893 60 21 an-

669 1921 136 35 gående
831 1923 219 36 upplåtande
1075 1936 46 20 av
1145 1929 74 30 rätt
1245 1930 54 30 att
1324 1929 85 32 idka
1433 1932 231 35 partihandel
1688 1936 80 31 med

666 1972 214 37 rusdrycker
903 1975 12 30 i
937 1976 244 38 huvudsaklig
1204 1981 350 35 överensstämmelse
1577 1986 79 31 med
1679 1988 51 30 ett
1754 1988 11 30 i

669 2023 192 33 utskottets
895 2026 224 34 betänkande
1153 2039 43 22 nr
1230 2032 39 30 21
1300 2032 148 39 intaget,
1482 2036 117 31 såsom
1632 2038 134 32 utskot-

668 2076 68 31 tets
760 2075 135 40 förslag
919 2078 188 34 betecknat
1130 2081 137 38 förslag
1290 2085 80 32 med
1395 2086 41 31 de
1459 2087 209 39 ändringar,
1692 2100 74 22 som

668 2126 142 38 framgå
836 2138 46 21 av
909 2130 58 31 det
995 2131 173 37 följande:
