2186 2634
685 156 347 34 Jordbruksutskottets
1056 157 164 34 utlåtande
1244 157 52 33 Nr
1321 158 50 33 47.
1746 158 42 32 13

955 631 60 40 Nr
1043 631 60 41 47.

775 786 115 28 Ankom
908 786 43 28 till
969 787 180 37 Riksdagens
1168 787 94 28 kansli
1281 787 52 28 den
1354 787 32 28 10
1404 796 76 19 mars
1500 787 66 28 1911
1588 787 39 27 kl.
1645 788 18 26 4
1681 798 22 18 e.
1722 798 36 17 m.

434 927 206 47 Utlåtande,
674 929 14 34 i
721 929 199 44 anledning
962 930 39 41 af
1041 928 138 46 Kungl.
1223 928 132 44 Maj:ts
1387 929 228 45 proposition
1644 929 187 45 angående

624 997 222 46 upplåtande
874 997 48 44 af
943 997 204 46 lägenheter
1159 997 95 43 från
1266 997 110 44 förra
1391 997 320 43 fänriksbostället
1729 998 98 45 Berg

624 1077 47 24 nr
698 1069 21 32 1
750 1067 12 33 i
796 1065 191 47 Göteborgs
1015 1067 63 35 och
1105 1066 124 36 Bohus
1259 1066 70 35 län.

1488 1171 76 45 (1:a
1591 1170 101 46 Afd.)

353 1325 17 34 I
398 1336 46 24 en
485 1324 62 36 till
583 1324 220 47 Riksdagen
844 1325 74 34 den
954 1327 44 33 10
1027 1325 195 36 nästlidne
1250 1324 170 37 februari
1449 1324 153 45 aflåten,
1630 1324 62 36 till
1715 1325 108 46 jord-

223 1376 333 36 bruksutskottets
596 1375 277 37 förberedande
913 1376 236 48 behandling
1188 1377 185 36 hänvisad
1400 1376 255 47 proposition,
1684 1389 47 23 nr
1762 1380 60 42 77,

223 1427 72 37 har
333 1428 140 47 Kungl.
515 1427 111 47 Maj:t
666 1428 122 35 under
829 1429 242 46 åberopande
1109 1429 43 35 af
1187 1429 151 47 bilagdt
1378 1429 143 46 utdrag
1550 1427 42 36 af
1621 1429 203 35 statsråds-

223 1480 240 47 protokollet
490 1479 107 37 öfver
622 1479 379 47 jordbruksärenden
1028 1480 61 36 för
1116 1493 145 24 samma
1289 1481 76 46 dag
1383 1480 201 47 föreslagit
1603 1480 219 47 Riksdagen

222 1531 204 48 medgifva,
462 1535 54 33 att
538 1531 59 36 till
616 1531 101 36 förra
736 1531 323 37 fänriksbostället
1091 1534 9 33 1
1122 1532 142 36 mantal
1283 1532 100 48 Berg
1402 1544 45 23 nr
1469 1533 18 33 1
1509 1531 12 36 i
1535 1530 125 37 Kville
1680 1532 142 35 socken

224 1582 40 36 af
302 1582 216 49 Göteborgs
560 1582 70 37 och
667 1582 130 37 Bohus
825 1583 63 36 län
915 1583 168 37 hörande
1111 1584 271 48 lägenheterna
1411 1582 196 46 Dammen,
1638 1582 184 37 Timmer-

223 1647 132 36 myren
396 1635 70 36 och
498 1634 139 37 Kärret
666 1637 60 33 må
754 1634 94 36 hvar
877 1634 58 37 för
963 1635 62 47 sig
1052 1635 85 36 med
1165 1635 13 36 1
1206 1634 414 49 statsrådsprotokollet
1648 1639 173 31 närmare

224 1685 154 49 angifna
406 1686 191 46 områden,
627 1686 121 48 enligt
775 1686 133 48 kungl.
937 1687 256 47 kungörelsen
1222 1687 72 35 den
1324 1688 45 34 31
1400 1685 200 37 december
1629 1687 96 35 1909
1756 1700 65 21 an-

223 1737 146 48 gående
399 1737 224 36 förändrade
651 1737 168 48 grunder
847 1737 59 36 för
934 1738 178 47 åtgärder
1139 1738 12 35 i
1179 1738 100 48 syfte
1304 1743 53 30 att
1377 1740 36 33 åt
1433 1737 146 36 mindre
1599 1736 224 37 bemedlade

223 1788 69 37 och
334 1788 241 37 obemedlade
617 1788 139 37 bereda
796 1788 146 37 tillfälle
975 1793 55 32 att
1059 1789 193 37 förvärfva
1279 1788 430 49 egnahemslägenheter
1736 1789 85 35 från

221 1840 102 37 vissa
363 1840 352 49 kronoegendomar
756 1841 70 35 och
859 1841 84 36 med
971 1840 247 49 iakttagande
1247 1841 40 36 af
1312 1840 44 37 de
1384 1840 11 36 i
1423 1840 133 48 kungl.
1585 1839 149 37 brefvet
1762 1839 58 37 till

222 1891 323 50 domänstyrelsen
574 1905 144 23 samma
746 1892 75 48 dag
848 1892 12 36 i
888 1892 110 49 fråga
1022 1905 60 23 om
1103 1892 292 49 tillämpningen
1415 1892 41 36 af
1472 1891 161 37 berörda
1652 1891 171 49 grunder

221 1943 217 37 meddelade
473 1948 172 32 närmare
672 1944 298 47 bestämmelser,
1000 1944 84 36 från
1112 1944 287 47 ifrågavarande
1427 1943 188 48 egendom
1645 1944 174 48 upplåtas

221 1995 84 36 med
333 1995 184 37 förbehåll
545 1995 231 37 beträffande
804 1995 263 37 förstnämnda
1096 1998 63 34 två
1187 1995 230 49 lägenheter,
1446 2000 56 31 att
1530 1994 68 36 där
1622 1995 198 48 befintliga

220 2046 226 49 byggnader
478 2047 32 48 ej
542 2047 91 47 ingå
660 2046 12 36 i
700 2046 291 49 försäljningen,
1020 2052 99 31 samt
1147 2047 12 35 i
1187 2047 108 48 fråga
1323 2059 60 23 om
1404 2050 127 44 torpet
1549 2046 187 35 Dammen
1757 2059 62 22 om

219 2103 76 30 rätt
336 2098 59 36 för
435 2097 274 37 innehafvaren
751 2097 41 36 af
823 2103 123 43 torpet
974 2097 301 49 Timmermyren
1304 2102 55 31 att
1386 2097 129 35 hämta
1544 2097 66 35 sitt
1637 2096 119 37 behof
1782 2097 41 35 af

220 2149 79 36 torf
323 2151 21 34 å
372 2161 47 24 en
447 2150 102 35 inom
577 2149 206 36 Dammens
811 2149 152 36 område
991 2149 162 48 belägen
1181 2149 213 36 torfmosse.

349 2201 430 47 Departementschefen
819 2201 72 35 har
931 2201 61 36 till
1032 2202 166 35 berörda
1239 2200 389 47 statsrådsprotokoll
1669 2200 12 35 i
1710 2200 110 36 detta

221 2254 139 35 ärende
389 2252 129 37 anfört
545 2252 182 47 följande:
