1872 2780
262 146 36 29 14
574 147 389 31 Jordbruksutskottets
985 149 178 30 utlåtande
1182 158 43 21 nr
1246 150 39 30 15
1303 150 39 30 år
1363 150 84 30 1957

304 230 74 29 Den
401 231 110 29 totala
532 231 348 40 kostnadsökningen
902 234 103 38 utgör
1022 233 163 40 omkring
1207 233 41 30 24
1270 236 144 37 procent
1437 244 42 20 av
1502 236 66 29 den
1591 244 175 22 nuvaran-

260 280 41 30 de
323 282 114 28 staten
458 281 55 30 för
535 282 436 31 sötvattenslaboratoriets
994 283 435 41 sjöregleringsavdelning
1451 286 65 28 och
1538 286 163 40 omkring
1724 287 41 30 20

260 333 142 37 procent
420 340 43 21 av
481 332 241 30 laboratoriets
740 333 78 29 hela
836 335 78 28 stat.

304 381 365 40 Utredningsmannen
703 384 163 39 upplyser
897 384 130 35 vidare,
1058 386 50 28 att
1140 386 41 29 de
1212 386 321 39 nyanskaffningar
1558 396 42 20 av
1632 387 133 30 möbler

260 432 64 28 och
344 432 352 40 kontorsutrustning
717 443 44 20 m.
783 443 55 25 m.,
859 443 77 20 som
955 434 287 41 förstärkningen
1263 436 208 35 föranleder,
1494 446 42 20 av
1557 438 208 29 sötvattens-

261 482 224 30 laboratoriet
509 483 63 29 har
594 483 190 30 beräknats
808 484 76 30 icke
908 485 143 30 komma
1074 487 51 28 att
1149 486 117 39 uppgå
1290 486 53 30 till
1365 487 107 39 högre
1496 487 125 40 belopp
1645 489 45 29 än
1715 490 49 28 att

260 533 94 29 detta
385 533 72 29 kan
484 543 153 29 rymmas
669 535 112 29 under
812 535 400 40 omkostnadsanslaget.
1244 537 166 29 Däremot
1443 538 70 29 kan
1546 538 217 40 utökningen

260 584 188 29 eventuellt
471 584 157 30 medföra
649 593 43 20 en
714 585 307 39 engångskostnad
1043 586 54 30 för
1118 586 338 40 iordningställande
1478 597 43 21 av
1542 597 69 31 nya
1634 589 131 30 arbets-

259 642 88 20 rum.

303 718 13 29 I
333 717 100 40 fråga
449 727 58 20 om
522 718 504 40 intendentsorganisationens
1042 721 243 40 förstärkning
1302 722 136 30 erinrar
1457 722 306 41 utredningsman-

260 777 67 20 nen
345 777 58 20 om
422 768 315 40 fiskeristyrelsens
758 770 144 39 tidigare
922 771 214 30 omnämnda
1155 772 263 40 framställning
1438 773 54 29 till
1511 773 125 40 Kungl.
1658 774 106 39 Maj:t

258 819 66 29 den
349 819 38 29 12
409 819 80 39 juni
514 819 92 36 1956,
629 820 11 29 i
662 820 119 30 vilken
803 821 170 39 styrelsen
996 822 207 30 hemställde
1224 822 46 30 bl.
1292 832 41 27 a.,
1356 825 51 28 att
1429 823 126 40 Kungl.
1577 824 107 39 Maj:t
1708 825 54 29 för

257 868 206 39 budgetåret
495 870 138 35 1956/57
664 870 108 30 måtte
796 872 72 29 dels
897 871 209 40 bemyndiga
1136 873 170 39 styrelsen
1336 875 51 28 att
1415 873 12 29 i
1456 874 205 40 erforderlig
1691 884 72 20 om-

259 918 147 39 fattning
424 920 156 30 meddela
599 920 411 32 fiskeriintendenterna
998 914 20 50 i
1030 923 79 29 övre
1129 933 105 20 norra
1252 924 63 30 och
1335 924 104 31 nedre
1459 933 102 22 norra
1580 925 183 30 distrikten

256 969 138 39 partiell
419 970 295 39 tjänstebefrielse
740 972 79 30 från
843 973 41 29 de
910 980 151 32 grupper
1087 982 43 20 av
1153 974 163 35 ärenden,
1343 975 172 39 styrelsen
1538 975 223 35 bestämmer,

258 1022 90 27 samt
375 1022 52 28 att
454 1020 11 29 i
494 1021 203 40 anslutning
725 1022 118 29 härtill
873 1023 160 31 meddela
1060 1023 166 40 lämpliga
1248 1033 167 31 personer
1444 1025 237 31 förordnande
1711 1028 50 28 att

258 1071 77 29 med
357 1070 231 31 vikariatslön
611 1072 155 30 bestrida
788 1073 101 30 dessa
913 1074 165 38 göromål,
1103 1075 74 29 dels
1201 1075 64 29 ock
1289 1075 160 40 medgiva
1472 1077 51 29 att
1545 1076 58 30 vid
1629 1078 132 28 statens

257 1120 114 30 lokala
399 1121 410 31 fiskeriadministration
838 1123 89 30 skall
957 1123 37 31 få
1021 1125 167 29 anställas
1216 1125 58 30 två
1301 1125 227 31 fiskmästare
1555 1127 12 29 i
1595 1127 165 39 lönegrad

257 1171 45 39 Cg
325 1171 36 29 17
380 1172 66 28 och
468 1172 57 30 två
545 1172 307 31 kontorsbiträden
873 1174 12 28 i
906 1174 46 39 Cg
975 1174 29 29 8.
1026 1174 92 30 Även
1141 1175 219 31 sistnämnda
1382 1177 162 39 personal
1567 1177 112 30 skulle
1702 1187 59 20 an-

257 1222 130 29 vändas
411 1222 56 29 för
490 1222 240 40 förstärkning
753 1233 42 19 av
815 1224 41 29 de
878 1223 91 30 båda
992 1224 212 40 nordligaste
1228 1226 197 29 distrikten.
1451 1227 311 40 Utredningsman-

257 1281 67 20 nen
348 1280 144 32 uppger,
516 1275 50 27 att
589 1273 297 39 fiskeristyrelsen
909 1274 109 40 enligt
1041 1275 138 39 uppgift
1204 1275 176 36 förutsatt,
1406 1278 51 28 att
1481 1278 110 29 medel
1617 1278 53 29 till
1694 1279 67 29 den

257 1322 150 39 begärda
427 1323 286 39 förstärkningen
734 1324 111 29 skulle
865 1324 119 30 anslås
1004 1325 86 29 även
1110 1325 55 30 för
1186 1335 120 21 senare
1325 1327 181 39 budgetår,
1528 1328 37 30 så
1585 1329 100 39 länge
1706 1329 55 29 be-

257 1373 68 29 hov
342 1373 108 30 därav
471 1373 191 40 föreligger.

302 1423 115 39 Enligt
441 1424 380 39 utredningsmannens
845 1425 142 39 mening
1008 1426 38 29 är
1069 1426 65 29 den
1159 1436 43 20 av
1223 1426 297 40 fiskeristyrelsen
1544 1429 148 30 sålunda
1712 1430 50 30 fö-

255 1474 159 39 reslagna
440 1474 286 40 förstärkningen
753 1484 42 20 av
830 1475 53 30 de
919 1475 123 31 båda
1078 1477 563 32 norrlandsdistrikten
1676 1481 84 29 nöd-

254 1524 136 39 vändig,
410 1525 56 29 för
483 1526 50 28 att
550 1525 66 29 den
633 1525 155 30 rådande
806 1526 168 29 balansen
994 1527 88 29 skall
1100 1527 120 30 kunna
1240 1528 182 30 avarbetas
1441 1530 64 29 och
1522 1531 150 29 väntade
1691 1540 68 30 nya

255 1575 153 39 anspråk
425 1575 46 39 på
484 1575 228 40 utredningar
730 1576 10 29 i
757 1577 191 29 vattenmål
966 1577 88 29 skall
1073 1577 121 30 kunna
1212 1578 210 40 tillgodoses.
1442 1580 74 30 Vad
1535 1580 146 40 tidigare
1700 1591 60 20 an-

256 1625 87 29 förts
371 1634 58 20 om
457 1626 68 29 den
553 1626 167 29 framtida
748 1627 490 39 utbyggnadsverksamheten
1265 1629 11 29 i
1303 1629 175 31 Norrland
1506 1638 57 32 ger
1591 1631 82 30 fullt
1702 1632 58 39 fog

255 1675 54 30 för
332 1677 222 38 antagandet,
578 1678 50 27 att
650 1676 147 30 behovet
820 1686 41 20 av
884 1677 282 40 förstärkningar
1189 1679 11 29 i
1224 1680 114 30 denna
1361 1681 213 40 omfattning
1599 1682 160 30 kommer

254 1727 50 28 att
325 1726 169 39 föreligga
515 1727 109 29 under
645 1727 220 40 överskådlig
886 1728 61 30 tid.
971 1728 92 29 även
1085 1730 108 29 sedan
1215 1730 296 40 tillströmningen
1534 1741 42 20 av
1597 1742 68 30 nya
1688 1733 70 30 mål

255 1778 142 28 mattats
418 1777 169 35 kommer,
608 1777 103 30 anför
732 1778 370 39 utredningsmannen,
1125 1780 79 30 med
1227 1781 45 29 all
1294 1781 163 30 säkerhet
1479 1782 214 41 efterfrågan
1715 1784 45 39 på

254 1827 335 39 fiskesakkunnigas
616 1828 213 29 medverkan
856 1829 11 28 i
893 1830 237 29 vattenmålen
1157 1832 51 28 att
1234 1832 110 29 under
1372 1832 81 39 lång
1481 1832 49 31 tid
1556 1843 83 20 vara
1667 1834 91 30 oför-

256 1877 172 30 minskad.
453 1878 92 29 Från
568 1879 40 28 de
627 1879 234 29 norrländska
883 1880 362 30 vattendomstolarna
1268 1882 64 29 har
1356 1883 149 29 sålunda
1529 1885 155 34 uttalats,
1709 1887 50 27 att

255 1937 81 20 man
358 1937 101 20 avser
481 1930 51 27 att
555 1929 37 29 så
615 1929 96 39 långt
734 1929 137 39 möjligt
894 1930 157 39 utnyttja
1072 1930 269 31 intendenterna
1364 1934 88 28 även
1475 1934 54 29 för
1552 1935 205 30 utlåtanden

253 1979 145 29 rörande
416 1978 57 30 det
490 1979 155 29 enskilda
662 1979 262 30 fiskeintresset.
942 1981 77 29 Med
1035 1981 136 37 hänsyn
1189 1981 115 30 härtill
1322 1984 88 30 talar
1428 1984 236 38 övervägande
1683 1986 73 29 skäl

254 2028 53 30 för
334 2030 49 28 att
410 2029 42 29 de
480 2038 68 30 nya
573 2029 216 30 intendents-
816 2030 63 29 och
907 2030 494 42 fiskmästarbefattningarna
1429 2035 174 40 varaktigt
1632 2036 125 39 knytes

254 2079 52 29 till
330 2080 41 29 de
395 2079 92 30 båda
512 2080 375 30 norrlandsdistrikten
914 2081 66 29 och
1006 2082 166 39 uppföres
1199 2083 45 39 på
1268 2085 96 28 extra
1391 2085 175 30 ordinarie
1594 2088 79 28 stat.
1700 2087 58 29 Ut-

254 2129 321 40 redningsmannen
606 2140 103 20 anser
740 2133 59 32 att,
831 2131 117 30 vilken
979 2133 326 39 anställningsform
1337 2143 76 21 som
1445 2136 44 29 än
1519 2136 121 39 väljes,
1672 2137 86 29 fisk-

253 2181 178 28 mästarna
452 2190 43 20 av
515 2181 314 39 rekryteringsskäl
849 2182 62 29 bör
928 2183 155 39 placeras
1104 2183 11 29 i
1137 2184 164 39 lönegrad
1325 2185 49 35 19,
1398 2188 245 28 motsvarande
1665 2188 92 29 löne-

253 2230 211 40 ställningen
485 2231 54 29 för
558 2231 468 40 hushållningssällskapens
1047 2233 339 32 fiskeriassistenter.
1409 2236 77 29 Han
1509 2237 175 39 upplyser,
1707 2239 50 28 att

254 2280 296 40 fiskeristyrelsen
572 2282 43 39 på
637 2282 182 39 förfrågan
840 2283 169 39 uppgivit,
1031 2285 50 28 att
1103 2285 162 38 personal
1288 2287 78 28 med
1388 2286 206 41 erforderlig
1616 2288 142 40 kompe-

253 2332 76 28 lens
349 2331 54 30 för
424 2332 203 29 besättande
648 2341 43 20 av
710 2333 57 29 två
789 2342 66 29 nya
876 2333 441 42 intendentsbefattningar
1338 2336 117 30 finnes
1477 2339 50 28 att
1544 2338 97 40 tillgå
1661 2339 96 29 inom

253 2381 466 31 fiskeriadministrationen.

297 2432 366 39 Utredningsmannen
686 2433 104 30 anför
811 2433 128 36 vidare,
963 2435 50 29 att
1035 2435 56 29 det
1114 2436 114 29 starkt
1250 2436 69 30 kan
1342 2437 235 40 ifrågasättas,
1601 2448 57 20 om
1681 2439 75 29 icke
