1887 2826
421 148 404 40 Bevillningsutskottets
841 149 218 30 betänkande
1072 159 43 19 nr
1129 151 38 28 41
1183 151 40 29 år
1238 151 84 29 1969
1598 154 14 28 1

807 502 50 35 Nr
885 503 49 35 41

350 605 405 40 Bevillningsutskottets
797 607 219 30 betänkande
1057 607 80 30 med
1177 608 188 39 anledning
1405 617 42 21 av
1487 609 127 39 Kungl.

570 659 125 40 Maj:ts
724 660 217 40 proposition
971 661 178 40 angående
1177 661 364 40 försöksverksamhet
1570 663 45 39 på

572 713 57 30 det
642 713 372 41 nykterhetspolitiska
1029 715 158 30 området
1199 715 109 40 jämte
1321 716 182 30 motioner.

738 879 266 42 Propositionen

176 981 13 28 I
207 990 97 31 prop.
326 981 98 30 1969:
441 982 41 30 86
499 982 148 30 föreslås
665 984 50 28 att
733 982 187 40 riksdagen
938 983 226 40 bemyndigar
1182 984 125 39 Kungl.
1326 984 106 37 Maj:t
1451 987 59 32 att,
1529 987 86 28 utan

129 1034 124 30 hinder
280 1044 41 20 av
349 1035 528 41 ölförsäljningsförordningen,
905 1037 121 39 medge
1053 1037 67 30 den
1147 1037 362 31 försöksverksamhet
1535 1038 79 30 med

130 1089 279 39 ölutskänkning
427 1089 46 39 på
491 1089 154 30 militära
666 1090 286 30 marketenterier
974 1100 74 20 som
1070 1091 252 40 föredragande
1343 1091 273 40 departements-

128 1142 125 30 chefen
273 1142 157 30 förordat
451 1143 65 30 och
536 1145 50 28 att
605 1144 160 30 meddela
783 1145 162 29 närmare
965 1144 220 30 föreskrifter
1205 1145 55 30 för
1280 1145 273 39 genomförande
1572 1155 43 20 av

127 1195 116 31 denna
257 1196 374 31 försöksverksamhet.

173 1303 179 40 Förslaget
374 1312 98 21 avser
493 1304 241 40 utskänkning
756 1314 42 20 av
818 1305 33 30 öl
872 1314 41 20 av
934 1307 59 38 typ
1015 1305 28 29 A
1065 1305 65 30 och
1152 1308 59 38 typ
1232 1306 36 34 B,
1291 1307 32 29 d.
1337 1315 30 20 v.
1382 1315 25 21 s.
1429 1307 131 39 vanligt
1581 1307 34 29 öt

129 1357 66 29 och
208 1358 174 29 mellanöl.

174 1463 227 31 Beträffande
416 1464 122 30 skälen
552 1465 54 29 för
621 1464 166 41 förslaget
799 1465 164 30 hänvisar
978 1467 170 29 utskottet
1162 1467 52 29 till
1227 1467 272 40 propositionen.

766 1630 222 33 Motionerna

782 1716 185 29 Yrkanden

177 1784 34 34 1)
240 1785 221 30 motionerna
480 1786 29 30 I:
528 1785 83 30 1006
632 1795 41 21 av
691 1786 81 30 herr
790 1787 85 29 Karl
893 1787 200 30 Pettersson
1114 1788 65 29 och
1198 1787 47 30 II:
1262 1787 83 31 1157
1366 1797 41 21 av
1426 1788 80 30 herr
1526 1788 90 30 Nils-

128 1847 64 20 son
208 1838 11 30 i
232 1839 116 39 Agnäs
361 1848 46 21 m.
421 1838 39 41 fl.

174 1894 50 28 att
237 1892 189 40 riksdagen
440 1893 113 30 avslår
567 1894 277 39 propositionen;

175 1946 36 33 2)
240 1946 222 30 motionerna
476 1946 28 30 I:
523 1946 81 30 1021
622 1956 41 20 av
677 1947 80 29 herr
772 1947 150 30 Axelson
937 1957 45 20 m.
996 1948 38 39 fl.
1051 1949 64 29 och
1129 1949 47 29 II:
1193 1949 84 29 1176
1292 1959 42 20 av
1348 1950 80 29 herr
1446 1950 170 30 Wiklund

129 1999 11 29 i
156 1999 201 30 Stockholm
370 2009 46 20 m.
429 2000 39 40 fl.

175 2055 49 27 att
237 2053 188 40 riksdagen
440 2054 113 29 avslår
567 2054 277 40 propositionen;

176 2106 35 34 3)
241 2107 219 30 motionerna
479 2107 32 29 I:
527 2107 84 30 1022
632 2117 41 20 av
692 2108 79 29 herr
791 2108 149 40 Nyquist
958 2118 46 20 m.
1024 2108 37 40 fl.
1084 2111 89 28 samt
1194 2110 44 30 II:
1257 2110 82 30 1174
1360 2120 42 20 av
1421 2111 80 30 herr
1520 2111 96 30 Rask

129 2160 66 30 och
210 2160 58 30 fru
281 2160 172 40 Bergman

174 2215 50 28 att
238 2214 188 39 riksdagen
440 2215 113 29 avslår
567 2216 277 38 propositionen;

173 2267 38 34 4)
240 2267 180 30 motionen
434 2267 45 30 II:
498 2268 83 30 1175
595 2277 42 20 av
650 2268 80 30 herr
746 2268 227 40 Wennerfors

176 2322 49 28 att
242 2321 188 39 riksdagen
447 2322 12 28 i
479 2322 165 29 skrivelse
662 2322 53 29 till
733 2322 125 40 Kungl.
877 2323 106 39 Maj:t
1000 2323 157 30 anhåller
1176 2333 56 21 om
1250 2324 305 41 tidsbegränsning
1573 2335 44 21 av

130 2374 156 30 försöket
300 2375 79 29 med
393 2375 243 39 utskänkning
650 2384 42 21 av
705 2376 32 29 öl
752 2376 44 39 på
810 2376 93 29 fasta
915 2376 286 31 marketenterier
1215 2378 96 29 inom
1325 2378 181 30 försvaret.

164 2556 16 24 1
222 2553 110 30 Bikhang
350 2553 47 24 till
411 2553 171 30 riksdagens
596 2553 148 30 protokoll
759 2554 76 24 1969.
851 2554 14 24 7
881 2555 83 23 saml.
979 2555 40 23 Nr
1037 2558 32 22 41
