1878 2780
259 154 37 29 12
553 157 123 40 Tredje
699 159 246 38 lagutskottets
971 162 178 30 utlåtande
1171 172 42 20 nr
1234 165 41 28 24
1297 165 39 29 år
1360 166 84 29 1963

255 233 101 39 lagda
380 234 52 29 till
457 235 296 41 vintersäsongen.
779 239 59 29 Ett
862 241 78 37 nytt
963 240 113 41 inslag
1100 242 10 28 i
1137 243 472 39 planeringsverksamheten
1634 247 38 29 är
1697 248 41 29 de

255 286 96 30 förra
381 287 75 30 året
487 289 185 30 utfärdade
703 291 310 32 bestämmelserna
1043 303 58 21 om
1131 295 499 42 bostadsbyggnadsprogram,
1663 310 75 20 som

254 339 152 31 flertalet
426 341 210 31 kommuner
656 344 78 29 med
754 354 95 21 mera
870 347 217 30 omfattande
1107 348 324 41 bostadsbyggande
1453 352 87 29 skall
1562 349 175 48 upprätta.

254 392 65 29 Det
338 394 58 28 rör
416 394 52 39 sig
487 403 56 21 om
564 396 160 30 rullande
744 398 264 39 femårsplaner,
1029 409 76 21 som
1125 402 88 29 skall
1235 402 112 30 hållas
1368 404 155 31 aktuella
1543 414 124 30 genom
1687 408 50 28 att

254 445 132 40 årligen
403 447 142 39 förnyas
562 448 55 30 för
633 450 40 29 de
690 450 157 31 närmast
863 452 157 40 följande
1037 454 71 29 fem
1124 455 263 31 kalenderåren.

297 503 67 30 Vid
392 505 383 42 remissbehandlingen
804 518 43 20 av
876 510 68 29 den
972 513 234 37 promemoria
1235 522 57 21 om
1323 515 330 41 säsongutjämning
1682 518 53 29 för

252 555 377 41 byggnadsindustrins
658 561 214 31 arbetskraft
902 572 75 21 som
1005 565 193 30 utarbetats
1227 566 96 30 inom
1353 564 384 48 socialdepartementet

252 609 65 30 har
346 610 58 30 det
435 611 164 32 fortsatta
627 613 146 31 behovet
801 625 44 20 av
885 616 238 40 åtgärder
1164 619 11 29 i
1217 620 519 41 säsongutjämnande

252 663 130 38 syfte
412 664 199 31 vitsordats.
632 667 178 40 Förslaget
836 669 5 29 i
862 669 521 42 departemenispromemorian
1404 677 51 27 att
1476 675 66 29 den
1563 685 174 21 nuvaran-

251 716 41 29 de
313 716 397 43 byggnadsregleringen
733 721 89 30 skall
844 723 183 30 avvecklas
1049 725 66 29 och
1138 726 374 41 säsongutjämningen
1535 729 124 40 övergå
1683 730 52 30 till

251 771 51 28 att
320 770 48 29 bli
387 780 43 20 en
449 772 249 40 angelägenhet
718 774 54 29 för
802 775 232 41 frivillig
1093 780 268 30 samverkan
1393 782 128 29 mellan
1541 782 194 40 företagare

251 823 65 29 och
335 823 236 41 arbetstagare
591 826 110 30 under
720 828 96 29 aktiv
835 829 212 31 medverkan
1067 831 80 29 från
1166 832 570 43 arbelsmarknadsmyndigheter-

252 884 62 21 nas
335 876 76 31 sida
430 878 65 29 har
515 878 147 31 allmänt
681 881 183 39 godtagits.
884 883 49 29 På
952 892 42 20 en
1014 884 53 29 del
1088 885 70 29 håll
1178 885 65 30 har
1262 886 89 29 dock
1370 890 126 36 yppats
1517 889 218 30 tveksamhet

251 929 179 39 angående
458 931 66 29 den
552 932 86 34 takt,
666 934 74 29 vari
768 935 248 41 avvecklingen
1044 937 70 30 kan
1143 939 233 38 genomföras.
1405 941 329 40 Betänkligheterna

252 991 102 30 synes
371 984 158 30 närmast
547 987 135 37 grunda
702 987 51 39 sig
769 988 44 38 på
831 990 52 28 att
899 990 192 29 resultaten
1108 1000 43 20 av
1168 992 67 29 den
1252 992 126 30 hittills
1396 993 166 31 bedrivna
1581 995 154 30 försöks-

250 1035 268 31 verksamheten
540 1039 78 29 med
640 1039 45 29 fri
709 1041 182 40 plancring
911 1042 72 30 inte
1004 1043 39 29 är
1064 1044 71 29 helt
1157 1045 163 39 entydiga
1341 1047 84 28 eller
1445 1047 11 29 i
1477 1048 96 39 varje
1596 1049 61 29 fall
1679 1049 55 29 för

249 1088 204 41 bristfälligt
468 1091 201 31 redovisade
686 1093 54 29 för
755 1095 50 28 att
821 1094 109 40 några
947 1096 180 31 bestämda
1143 1098 183 30 slutsatser
1343 1100 113 29 skulle
1472 1101 120 30 kunna
1609 1102 124 40 dragas

250 1150 56 20 om
326 1145 185 36 systemets
530 1145 273 31 användbarhet.

294 1199 422 34 Försöksverksamheten
733 1204 64 29 har
816 1206 96 29 ännu
929 1206 119 40 pågått
1066 1207 273 32 förhållandevis
1358 1210 79 30 kort
1458 1211 48 29 tid
1523 1212 64 29 och
1604 1212 129 30 tillåter

250 1252 51 29 väl
327 1252 72 30 inte
423 1254 107 39 några
554 1256 105 30 säkra
683 1257 194 30 slutsatser.
903 1259 13 28 I
941 1261 48 28 ett
1012 1261 170 29 avseende
1207 1271 102 30 synes
1334 1263 90 29 dock
1448 1264 285 31 erfarenheterna

248 1314 82 21 vara
353 1306 298 33 dokumenterade
674 1310 64 29 och
760 1311 160 38 positiva,
944 1312 175 40 nämligen
1142 1315 66 29 vad
1232 1315 107 38 gäller
1361 1316 68 29 den
1453 1318 278 39 samarbetsvilja

248 1359 65 29 och
337 1359 58 30 det
419 1360 157 35 intresse,
602 1370 76 22 som
704 1363 40 29 de
768 1364 149 30 berörda
940 1367 164 37 parterna
1128 1367 64 29 har
1216 1368 99 30 visat.
1342 1369 172 39 Systemel
1539 1372 78 29 med
1643 1380 89 20 sam-

248 1411 289 32 arbetsnämnder
558 1423 102 31 synes
680 1425 83 21 vara
783 1417 105 39 ägnat
908 1420 52 28 att
980 1419 93 30 bilda
1093 1421 169 39 underlag
1283 1422 55 29 för
1358 1432 43 19 en
1423 1423 147 30 effektiv
1590 1424 142 40 frivillig

247 1464 193 41 planering.
464 1467 52 29 En
540 1467 110 31 sådan
673 1469 149 41 ordning
846 1471 74 29 står
942 1472 11 29 i
977 1473 64 38 god
1065 1474 184 40 samklang
1273 1476 79 29 med
1377 1476 233 32 strävandena
1636 1478 94 29 inom

247 1518 483 42 arbetsmarknadspolitiken
757 1525 51 27 att
835 1524 46 29 nå
910 1524 267 32 förtroendefull
1207 1529 209 30 samverkan
1445 1530 127 30 mellan
1601 1531 130 30 arbets-

247 1571 347 41 marknadsorganen
613 1575 65 29 och
696 1576 41 29 de
757 1577 158 30 närmast
935 1578 144 30 berörda
1098 1579 276 33 intressenterna
1393 1583 65 29 och
1478 1584 135 38 grunda
1634 1594 95 30 myn-

246 1623 223 39 digheternas
490 1626 214 40 åtgöranden
724 1629 44 39 på
788 1626 449 50 samförståndslösningar.

289 1682 73 30 Mot
381 1682 230 40 bakgrunden
632 1695 42 20 av
693 1686 66 29 vad
779 1696 48 20 nu
848 1688 137 30 anförts
1006 1689 116 30 finner
1141 1691 61 39 jag
1221 1693 51 28 att
1294 1692 88 29 även
1403 1693 68 29 den
1491 1693 239 31 kvarvarande

245 1734 235 40 lagreglerade
506 1737 367 42 tillståndsgivningen
900 1741 63 30 bör
991 1743 189 30 successivt
1207 1745 194 30 avvecklas.
1431 1746 12 29 I
1472 1747 151 39 enlighet
1651 1748 79 29 här-

246 1788 78 30 med
346 1788 63 29 bör
431 1789 273 40 giltighetstiden
727 1792 55 30 för
807 1793 83 30 1943
913 1794 57 30 års
993 1795 55 40 lag
1070 1805 56 20 om
1152 1797 286 41 tillståndstvång
1461 1799 54 30 för
1537 1800 193 40 byggnads-

245 1840 117 31 arbete
379 1841 72 30 inte
468 1843 189 40 förlängas.
674 1845 74 30 Den
766 1846 138 39 upphör
921 1848 44 29 då
981 1850 51 28 att
1049 1850 90 38 gälla
1157 1851 79 29 med
1254 1852 174 39 utgången
1446 1862 43 20 av
1504 1853 78 39 juni
1600 1854 129 30 månad

244 1893 12 29 i
272 1893 49 30 år.
341 1894 81 30 Som
438 1896 60 39 jag
518 1898 96 28 strax
631 1898 89 30 skall
739 1899 123 31 beröra
879 1900 63 30 bör
959 1910 43 21 en
1020 1902 410 42 fullmaktslagstiftning
1447 1915 42 20 av
1507 1909 108 28 annat
1632 1908 97 29 inne-

244 1946 70 30 håll
336 1948 180 40 samtidigt
535 1950 101 30 träda
656 1951 63 30 till.

288 2004 437 40 Organisationen
771 2019 54 21 av
870 2011 90 30 den
1005 2012 256 41 frivilliga
1307 2017 298 34 samverkan,
1653 2027 75 21 som

243 2057 89 30 skall
350 2059 124 39 utgöra
491 2061 158 38 grunden
667 2062 55 29 för
740 2063 67 30 den
824 2064 169 31 framtida
1009 2066 482 40 planeringsverksamheten,
1509 2070 61 29 bör
1587 2071 11 29 i
1616 2071 111 30 första

242 2110 94 30 hand
356 2111 111 41 bygga
486 2114 44 38 på
548 2116 49 28 ett
618 2117 130 37 system
768 2117 79 30 med
868 2118 367 32 samarbetsnämnder
1254 2131 43 20 av
1315 2122 68 30 den
1403 2125 54 28 art
1477 2133 75 20 som
1573 2124 154 30 försöks-

242 2164 51 29 vis
320 2165 153 39 prövats.
501 2166 64 30 Det
593 2167 63 30 bör
683 2169 190 31 ankomma
901 2171 45 39 på
973 2172 484 43 arbetsmarknadsstyrelsen
1485 2179 51 28 att
1564 2178 162 30 närmare

242 2216 144 39 planera
403 2219 66 29 och
484 2219 77 31 leda
576 2221 236 31 nämndernas
828 2224 224 31 verksamhet
1068 2226 65 29 och
1149 2236 101 21 svara
1266 2228 56 29 för
1337 2228 181 41 indelning
1534 2230 10 29 i
1560 2231 165 39 lämpliga

241 2269 153 32 distrikt.
416 2272 66 29 Till
504 2274 264 40 utgångspunkt
789 2285 103 30 synes
913 2277 12 29 i
946 2278 220 31 sistnämnda
1186 2280 199 31 hänseende
1407 2282 121 31 kunna
1548 2285 98 38 tagas
1668 2284 58 30 det

240 2322 11 29 i
274 2323 502 44 arbetsmarknadsstyrelsens
800 2330 289 39 remissyttrande
1114 2332 196 32 framförda
1335 2335 167 40 förslaget
1526 2345 57 21 om
1607 2346 43 20 en
1674 2337 52 29 in-

241 2375 151 41 delning,
411 2386 76 22 som
503 2379 11 29 i
530 2380 187 30 huvudsak
734 2382 158 30 ansluter
910 2384 52 39 sig
978 2384 52 29 till
1049 2385 226 40 indelningen
1292 2387 11 29 i
1322 2397 26 20 s.
1367 2388 33 29 k.
1418 2389 213 39 A-regioner.
1649 2391 75 29 Den

240 2438 42 20 av
298 2430 484 43 arbetsmarknadsstyrelsen
800 2435 186 32 förordade
1005 2439 363 41 sammansättningen
1387 2450 42 21 av
1446 2442 218 31 nämnderna
1680 2461 45 3 —

239 2482 57 30 två
320 2483 217 32 företrädare
561 2486 55 30 för
639 2488 361 39 byggarbetsgivarna,
1026 2491 56 30 två
1106 2491 57 30 för
1185 2492 275 41 arbetstagarna,
1485 2495 57 30 två
1567 2495 55 30 för
1646 2496 41 30 de
1711 2497 11 28 i
