1870 2792
522 170 284 30 Statsutskottets
834 167 178 30 utlåtande
1039 176 41 19 nr
1108 167 48 27 11.
1548 161 40 29 29

96 255 170 29 utskottet
292 256 50 27 att
367 254 40 28 de
433 251 221 39 sakkunniga
680 250 137 29 utreder
843 248 190 29 orsakerna
1058 246 51 29 till
1135 246 67 28 den
1229 254 72 19 som
1328 243 57 29 det
1411 240 177 31 förefaller

96 308 136 29 mindre
252 307 87 39 goda
360 305 255 31 effektiviteten
635 304 9 29 i
663 302 203 30 karolinska
887 301 206 39 sjukhusets
1113 298 81 29 kök.

141 361 74 30 Vad
235 357 384 40 departementschefen
641 357 10 29 i
672 355 110 39 övrigt
802 352 180 40 föreslagit
1004 351 197 31 föranleder
1221 350 30 39 ej
1275 350 139 29 erinran
1438 348 77 29 från
1538 349 51 26 ut-

98 415 147 29 skottets
263 414 84 29 sida.

142 468 74 29 Den
248 467 11 29 i
291 467 219 29 motionerna
544 465 27 29 I:
590 464 39 29 78
662 464 64 29 och
759 463 44 29 II:
823 462 59 29 102
915 460 123 30 väckta
1072 459 123 38 frågan
1227 467 56 19 om
1316 455 198 30 inrättande
1548 463 41 20 av

99 520 236 39 befattningar
362 529 75 20 som
465 517 143 31 ledande
636 515 269 40 sjuksköterska
934 515 10 28 i
974 514 36 29 15
1038 512 209 39 lönegraden
1275 510 56 29 vid
1357 510 91 29 vissa
1477 508 113 29 avdel-

99 575 123 38 ningar
241 584 42 20 av
300 573 205 30 karolinska
525 572 186 39 sjukhuset
730 570 63 29 och
814 567 362 31 serafimerlasarettet
1197 565 63 29 har
1280 574 40 19 av
1339 563 125 38 Kungl.
1485 561 105 38 Maj:t

98 628 177 40 upptagits
298 628 9 28 i
330 626 262 40 propositionen
616 634 40 19 nr
684 624 70 29 165.

144 682 11 28 I
179 681 152 30 rådande
353 681 73 38 läge
450 680 69 28 kan
542 679 169 29 utskottet
734 677 74 29 icke
831 675 175 39 tillstyrka
1031 673 144 38 tidigare
1199 672 73 28 icke
1296 669 144 30 berörda
1463 667 127 39 yrkan-

98 734 67 30 den
186 735 11 29 i
215 734 219 29 motionerna
452 732 30 28 I:
500 731 49 36 77,
569 731 30 29 1:
617 731 39 28 78
676 730 62 29 och
759 729 46 28 II:
823 729 72 35 102,
916 737 74 20 som
1011 729 37 27 är
1069 725 198 38 hänförliga
1288 724 51 29 till
1362 721 227 31 förevarande

98 789 132 38 anslag.

144 843 12 28 I
178 841 219 30 motionerna
418 841 27 28 I:
463 840 40 29 33
523 839 63 29 och
607 839 44 28 II:
668 838 40 29 63
729 838 63 28 har
814 834 207 40 föreslagits,
1044 836 49 27 att
1114 832 186 38 riksdagen
1321 831 10 29 i
1353 829 165 31 skrivelse
1538 827 52 30 till

101 894 126 39 Kungl.
251 893 107 39 Maj:t
384 892 107 30 måtte
517 890 193 33 hemställa,
737 891 49 28 att
813 888 126 39 Kungl.
965 887 105 38 Maj:t
1095 886 107 29 måtte
1229 884 179 39 uppdraga
1433 883 35 29 åt
1493 882 97 28 kom-

98 949 192 29 missionen
314 948 54 29 för
393 946 264 38 förhandlingar
681 943 148 30 rörande
854 941 203 30 karolinska
1082 939 185 40 sjukhuset
1293 947 44 19 m.
1362 946 45 20 m.
1432 938 48 27 att
1506 944 85 30 upp-

99 1005 79 36 taga
200 999 267 40 förhandlingar
489 999 79 29 med
587 996 221 31 Stockholms
830 996 79 29 stad
930 993 177 39 angående
1131 990 275 41 hjärtklinikens
1430 990 18 28 å
1470 987 121 31 Söder-

99 1054 190 40 sjukhuset
321 1053 211 40 upplåtande
563 1052 56 38 för
648 1046 437 41 undervisningsändamål
1115 1056 45 19 m.
1192 1055 45 19 m.
1269 1045 175 30 Utskottet
1476 1042 115 29 finner

98 1109 67 29 vad
189 1109 10 29 i
224 1108 101 29 dessa
351 1107 171 29 motioner
547 1105 134 30 anförts
707 1103 259 30 beaktansvärt.
993 1099 203 31 Emellertid
1223 1098 109 29 måste
1357 1098 63 28 här
1448 1105 74 21 som
1548 1094 44 40 på

100 1162 111 29 andra
233 1161 167 29 områden
425 1169 42 20 en
492 1158 191 39 avvägning
709 1158 60 28 ske
793 1156 128 29 mellan
946 1155 55 29 det
1026 1155 10 28 i
1061 1154 65 29 och
1151 1153 53 29 för
1231 1152 49 39 sig
1306 1149 197 31 önskvärda
1527 1148 64 29 och

99 1215 42 29 de
169 1214 200 34 kostnader,
397 1213 57 30 det
483 1212 110 30 skulle
622 1211 149 38 betinga.
801 1209 123 39 Slutlig
955 1207 164 38 ställning
1149 1206 52 29 till
1231 1205 122 38 frågan
1381 1204 61 29 bör
1472 1202 120 29 därför

100 1269 76 29 icke
196 1270 97 37 tagas
312 1267 120 30 förrän
451 1265 235 30 kostnaderna
705 1264 71 29 kan
796 1262 226 31 överblickas.
1042 1260 78 30 Med
1139 1260 138 38 hänsyn
1296 1258 52 29 till
1368 1257 56 29 det
1444 1255 148 30 anförda

101 1321 160 30 förordar
286 1321 181 32 utskottet,
492 1321 48 28 att
565 1318 186 38 riksdagen
776 1316 157 30 anhåller
959 1317 48 27 att
1032 1313 125 39 Kungl.
1183 1312 104 39 Maj:t
1313 1310 107 30 måtte
1446 1309 70 30 låta
1540 1310 53 27 ut-

100 1375 84 29 reda
213 1375 41 29 de
284 1372 297 40 organisatoriska
611 1372 64 29 och
706 1369 230 30 ekonomiska
967 1366 340 37 förutsättningarna
1338 1364 54 29 för
1422 1362 171 38 ifrågava-

101 1428 107 29 rande
227 1426 230 40 hjärtkliniks
477 1424 211 40 upplåtande
709 1424 53 28 för
781 1419 436 40 undervisningsändamål
1236 1427 45 20 m.
1300 1427 44 19 m.

146 1481 74 29 Vad
243 1480 162 38 slutligen
428 1478 106 39 angår
555 1477 40 29 de
619 1486 40 20 av
682 1476 205 37 riksdagens
911 1473 168 30 revisorer
1103 1471 122 40 gjorda
1247 1470 270 38 iakttagelserna
1541 1468 52 29 rö-

102 1534 107 29 rande
232 1531 272 40 poliklinikerna
530 1531 55 29 vid
609 1528 202 30 karolinska
835 1526 188 40 sjukhuset
1048 1526 63 28 och
1137 1522 372 39 serafimerlasarettet,
1535 1521 57 29 vill

101 1587 171 29 utskottet
298 1585 234 39 understryka
558 1584 234 29 revisorernas
821 1580 179 30 uttalande
1026 1589 56 20 om
1108 1577 292 32 önskvärdheten,
1426 1575 31 39 ej
1486 1574 107 29 minst

103 1650 40 19 ur
160 1639 203 30 humanitär
381 1638 189 40 synpunkt,
588 1647 41 20 av
646 1638 49 28 att
712 1635 243 30 väntetiderna
972 1633 65 29 blir
1056 1633 37 29 så
1109 1632 102 29 korta
1229 1640 74 20 som
1322 1629 137 39 möjligt
1475 1628 57 29 vid
1551 1636 42 20 en

101 1693 223 30 verksamhet
344 1702 41 20 av
404 1690 227 31 förevarande
650 1692 63 27 art.
732 1689 176 30 Utskottet
928 1686 160 30 förordar
1107 1685 129 33 därför,
1257 1686 49 27 att
1325 1683 186 38 riksdagen
1530 1681 62 28 hos

102 1746 126 39 Kungl.
245 1746 105 38 Maj:t
367 1744 211 33 hemställer,
596 1745 49 28 att
661 1743 66 29 den
744 1752 41 19 av
802 1741 217 29 revisorerna
1037 1739 196 37 föreslagna
1249 1736 231 38 utredningen
1496 1735 98 28 kom-

103 1809 73 20 mer
195 1799 51 29 till
265 1799 113 29 stånd.

148 1852 115 30 Under
281 1851 219 39 åberopande
518 1860 40 19 av
576 1850 56 28 det
652 1848 146 30 anförda
817 1846 202 30 hemställer
1039 1845 180 32 utskottet,

458 1905 50 28 att
531 1902 187 39 riksdagen
741 1900 56 30 må

458 1957 23 28 I.
507 1956 9 29 i
542 1954 187 38 anledning
756 1963 40 20 av
822 1953 178 29 motionen
1027 1952 28 28 I:
1073 1950 63 30 258
1163 1950 9 29 i
1199 1949 165 29 skrivelse
1392 1948 49 28 till
1469 1945 125 39 Kungl.

415 2010 102 38 Maj:t
539 2008 74 39 giva
635 2007 170 29 tillkänna
827 2006 65 29 vad
912 2005 169 29 utskottet
1103 2013 87 19 ovan
1211 2002 132 33 anfört;

461 2063 37 28 II.
525 2062 131 29 besluta
682 2063 49 27 att
756 2060 74 29 icke
856 2059 120 29 bifalla
1003 2057 177 29 motionen
1207 2056 27 28 I:
1252 2055 55 33 77;

461 2116 54 28 HI.
542 2115 77 29 med
639 2114 96 29 bifall
757 2113 50 29 till
830 2112 124 37 Kungl.
975 2111 123 38 Maj:ts
1120 2110 128 36 förslag
1270 2110 89 27 samt
1382 2107 77 29 med
1479 2106 116 36 avslag

415 2169 19 29 å
459 2169 215 28 motionerna
703 2167 25 28 I:
747 2166 39 29 78
810 2166 63 28 och
898 2165 44 28 II:
963 2164 69 32 102,
1060 2164 7 28 i
1091 2163 64 29 vad
1180 2163 40 28 de
1245 2170 97 20 avser
1370 2159 225 29 förevarande

416 2222 128 36 anslag,

460 2275 35 28 a)
525 2272 206 39 bemyndiga
762 2271 125 37 Kungl.
918 2269 103 38 Maj:t
1052 2270 49 27 att
1131 2268 138 36 vidtaga
1299 2267 40 28 de
1370 2265 188 37 ändringar
1588 2264 9 28 i

415 2325 428 40 personalförteckningen
876 2323 52 28 för
957 2321 202 29 karolinska
1191 2320 196 38 sjukhuset,
1416 2318 93 29 vilka
1539 2317 59 38 på-

416 2379 110 29 kallas
548 2388 40 19 av
607 2378 64 29 vad
693 2374 386 41 departementschefen
1102 2373 154 28 förordat
1279 2372 8 28 i
1310 2371 287 38 statsrådsproto-

418 2432 101 28 kollet
541 2432 79 28 över
642 2429 285 30 inrikesärenden
949 2428 52 28 för
1021 2427 65 28 den
1108 2427 17 27 2
1146 2425 141 39 januari
1310 2425 97 32 1953;

461 2485 36 29 b)
528 2484 183 37 godkänna
738 2481 155 39 följande
919 2479 251 37 avlöningsstat
1197 2478 51 28 för
1274 2477 200 29 karolinska
1502 2475 96 38 sjuk-

418 2539 109 31 huset,
548 2539 48 27 att
618 2536 174 38 tillämpas
813 2535 69 28 tills
901 2533 116 30 vidare
1038 2533 41 28 fr.
1100 2542 29 18 o.
1150 2542 43 18 m.
1215 2530 200 37 budgetåret
1442 2529 153 29 1953/54:
