2214 2630
721 172 250 31 Statsutskottets
1001 171 170 32 Utlåtande
1199 171 62 31 N:o
1289 173 47 27 10.
1719 170 62 32 353

224 250 62 35 till
314 251 46 34 de
388 251 162 45 trakter,
580 252 71 35 där
678 251 233 35 frökontroll
940 251 104 35 inom
1073 254 112 31 orten
1205 250 86 35 icke
1311 263 68 22 var
1399 251 210 45 anordnad,
1631 254 49 42 på
1699 252 123 45 grund

227 301 138 35 hvaraf
402 303 71 35 allt
512 304 93 34 flera
637 303 436 46 hushållningssällskap
1102 302 242 46 småningom
1373 302 119 35 funno
1521 302 57 46 sig
1605 302 222 37 föranlåtna

226 356 60 33 att
327 354 146 36 inrätta
513 354 234 36 frökontroll
788 355 104 35 inom
934 366 96 35 resp.
1066 357 116 41 orter,
1213 354 45 34 de
1292 356 43 32 10
1364 353 121 36 första
1512 357 92 32 åren
1632 358 96 32 utan
1757 355 71 35 allt

223 406 140 45 bidrag
389 406 86 35 från
503 409 146 32 statens
676 406 93 35 sida.

355 458 73 34 Det
469 458 70 34 har
582 458 70 34 allt
692 457 239 35 fortfarande
973 457 100 35 visat
1106 457 70 46 sig,
1207 459 59 33 att
1294 468 46 23 en
1369 457 118 34 sådan
1516 457 145 35 anstalt
1688 458 141 35 verkar

229 508 206 46 kraftigast
462 508 105 35 inom
595 509 68 34 det
689 508 76 44 län,
795 508 70 36 där
893 509 73 34 den
995 514 43 29 är
1065 508 164 46 belägen
1259 508 71 35 och
1359 508 69 34 där
1442 507 287 45 jordbrukaren
1749 509 78 35 kan

226 560 157 35 komma
423 571 105 23 mera
559 560 13 34 i
605 560 132 34 direkt
764 560 194 45 personlig
988 559 182 46 beröring
1197 559 87 34 med
1312 559 211 34 anstaltens
1550 558 276 46 föreståndare,

226 611 73 35 och
341 611 194 46 betydligt
575 611 150 35 mindre
762 611 12 35 i
810 614 88 32 mån
934 610 41 35 af
999 610 196 36 afståndet
1221 610 86 34 från
1336 609 203 45 anstalten,
1569 613 96 32 utan
1694 614 60 32 att
1782 612 46 34 de

226 663 223 34 nuvarande
496 663 121 45 »goda
654 662 456 36 kommunikationerna»
1144 662 12 35 i
1185 664 128 43 någon
1341 661 283 35 vidsträcktare
1653 665 91 33 mån
1771 663 57 35 in-

225 714 139 36 verkat
391 715 13 34 1
433 715 107 34 detta
568 714 227 36 hänseende.

356 767 54 34 De
438 766 258 45 fröhandlare,
726 765 72 37 och
827 766 45 35 de
900 766 111 35 torde
1038 778 93 23 vara
1159 765 85 35 icke
1272 764 49 46 få,
1351 776 80 23 som
1461 764 91 46 vilja
1579 763 84 38 föra
1690 766 140 35 under-

227 817 145 47 haltigt
412 818 134 35 utsäde
579 818 13 34 i
625 818 250 44 marknaden,
911 817 117 35 hafva
1059 817 110 35 detta
1201 816 148 47 ganska
1376 816 106 35 klart
1509 816 60 35 för
1597 816 58 47 sig
1683 817 73 35 och
1783 818 46 35 de

225 869 149 35 inrätta
416 869 82 35 sina
540 873 209 42 agenturer
789 869 72 35 och
903 870 58 33 sin
1001 869 142 35 handel
1175 868 171 35 därefter
1372 868 62 34 till
1462 870 100 33 stort
1589 867 155 48 förfång
1770 869 61 35 för

222 920 288 45 jordbrukaren
539 921 72 35 och
638 920 61 35 för
726 921 74 34 den
828 920 149 46 redliga
1008 919 242 36 fröhandeln.

356 971 150 36 Samma
545 971 166 36 resultat
752 972 111 35 torde
895 984 90 22 man
1013 971 116 35 hafva
1157 970 168 35 kommit
1351 970 63 35 till
1441 970 13 35 i
1482 970 180 37 utlandet
1688 971 14 36 i
1730 974 100 34 stort

227 1023 96 45 sedt,
366 1024 49 34 då
455 1035 89 23 man
586 1024 81 45 där,
709 1024 88 34 med
836 1023 38 36 få
917 1024 212 45 undantag,
1163 1025 28 33 t.
1222 1035 58 23 ex.
1311 1022 12 35 i
1351 1022 204 46 Tyskland,
1589 1022 166 37 inrättat
1783 1036 47 23 en

226 1052 144 70 mängd
411 1053 424 58 frökontrollanstalter
875 1075 60 36 för
976 1075 45 35 de
1064 1074 106 51 olika
1212 1076 175 34 orternas
1427 1073 126 47 behof,
1597 1075 46 62 de
1679 1074 110 37 festa
1817 1076 13 34 i

226 1103 178 70 förening
431 1128 87 35 med
546 1128 122 35 andra
695 1127 277 36 institutioner.

357 1179 122 36 Sedan
519 1191 53 23 nu
614 1179 219 47 Riksdagen
875 1179 151 36 anvisat
1067 1177 126 36 medel
1224 1178 62 35 till
1312 1177 265 47 befrämjande
1606 1177 42 36 af
1670 1179 75 35 den
1772 1179 58 36 in-

226 1230 161 36 hemska
427 1230 256 48 fröodlingen,
718 1231 122 35 skulle
869 1231 226 46 antagligen
1123 1229 113 36 äfven
1263 1230 126 35 denna
1416 1230 80 35 lida
1523 1232 101 34 stort
1652 1231 176 46 afbräck,

227 1293 64 24 om
311 1281 283 37 frökontrollen
615 1283 187 35 ordnades
821 1284 88 34 med
928 1283 136 34 endast
1083 1284 23 32 4
1127 1281 188 36 anstalter
1333 1281 107 36 inom
1458 1281 144 36 landet.
1641 1282 191 37 Särskildt

226 1333 124 47 gäller
391 1334 109 35 detta
540 1335 46 34 de
619 1334 150 35 mindre
797 1334 301 47 jordbrukarna,
1128 1345 82 23 som
1233 1332 45 47 ju
1306 1336 161 44 antagas
1495 1333 111 36 skola
1633 1334 156 48 deltaga
1817 1335 14 35 i

228 1384 378 47 fröodlingsarbetet.

359 1438 75 34 För
474 1440 60 33 att
573 1437 40 35 få
654 1449 47 23 en
733 1437 14 35 i
778 1437 148 48 riktiga
959 1439 88 44 spår
1080 1436 91 35 ledd
1197 1435 195 47 fröodling
1420 1435 13 36 i
1461 1438 115 44 gång,
1605 1437 112 35 torde
1744 1437 87 37 icke

228 1490 129 46 någon
398 1489 174 36 afsevärd
612 1488 109 47 hjälp
761 1489 14 35 i
814 1490 48 35 de
901 1489 110 35 flesta
1051 1488 68 36 fall
1160 1488 134 35 kunna
1335 1487 165 36 erhållas
1531 1488 86 35 från
1650 1491 59 33 ett
1735 1488 97 37 fåtal

228 1541 199 45 anstalter,
469 1541 164 46 belägna
663 1541 119 36 oftast
808 1544 51 44 på
885 1541 118 47 långa
1031 1540 163 45 afstånd,
1224 1540 50 35 då
1302 1540 107 35 dessa
1437 1540 206 36 anstalters
1671 1540 160 47 tjänste-

227 1598 92 30 män
361 1593 234 46 antagligen,
638 1593 187 35 förutsatt
862 1596 61 32 att
949 1592 92 47 prof
1063 1592 87 35 från
1179 1592 121 35 andra
1328 1595 106 32 orter
1460 1592 191 45 insändas,
1680 1592 152 37 hvilket

228 1644 102 36 dock
370 1645 112 35 torde
509 1657 93 23 vara
630 1645 278 47 tvifvelaktigt,
937 1644 14 35 i
979 1644 214 36 allmänhet
1221 1643 123 36 skulle
1371 1643 39 36 få
1437 1643 90 48 föga
1555 1644 58 36 tid
1643 1644 100 47 öfrig
1770 1648 62 33 att

227 1697 124 34 ordna
380 1697 73 35 och
480 1696 92 47 följa
600 1696 368 46 fröodlingsarbetet
995 1696 106 36 inom
1129 1698 41 33 så
1190 1698 105 33 stora
1314 1696 194 45 områden,
1529 1708 82 23 som
1630 1696 72 36 här
1721 1696 108 37 afses.

358 1749 91 35 Man
489 1748 121 36 tänke
651 1748 59 47 sig
748 1749 105 35 blott
894 1760 47 23 en
970 1749 118 34 sådan
1115 1747 316 47 kontrollsäsong
1458 1759 81 24 som
1568 1750 44 33 år
1643 1751 108 43 1903,
1781 1750 50 35 då

229 1800 151 35 landets
416 1800 259 46 jordbrukare
704 1800 224 47 antagligen
956 1800 123 35 skulle
1107 1799 165 35 förlorat
1298 1802 142 44 många
1467 1799 179 47 miljoner
1673 1800 157 45 kronor,

230 1864 63 23 om
334 1852 32 46 ej
409 1853 46 34 de
496 1852 105 35 inom
643 1852 105 35 olika
789 1856 105 32 orter
934 1852 196 35 inrättade
1170 1851 477 36 frökontrollanstalterna
1679 1852 153 36 kunnat

228 1903 120 36 räcka
379 1904 87 35 dem
494 1916 47 23 en
568 1903 193 48 hjälpsam
787 1904 121 45 hand;
936 1904 75 35 hur
1038 1903 124 36 skulle
1191 1903 136 35 endast
1354 1905 23 32 4
1406 1903 189 36 anstalter
1621 1903 14 35 i
1662 1907 82 32 rätt
1771 1904 60 36 tid

229 1955 153 36 kunnat
409 1955 218 36 undersöka
656 1956 46 35 de
730 1956 179 47 omkring
940 1958 136 43 60,000
1106 1954 92 47 prof
1222 1954 41 36 af
1287 1955 146 46 utsäde,
1463 1967 78 24 som
1571 1956 50 34 då
1639 1955 189 47 insändes,

231 2007 74 36 och
331 2007 86 37 icke
446 2008 78 35 kan
551 2020 91 23 man
671 2011 155 43 antaga,
856 2011 59 32 att
935 2007 291 36 föreståndaren
1246 2007 49 35 då
1312 2007 153 36 kunnat
1485 2009 116 45 åtaga
1620 2007 59 47 sig
1698 2009 132 34 arbete

229 2060 15 34 i
271 2072 129 23 annan
427 2059 189 48 riktning,
646 2059 42 37 af
711 2060 102 35 hvad
841 2060 83 46 slag
951 2060 67 35 det
1044 2071 94 23 vara
1166 2061 73 34 må.

360 2111 197 47 Därjämte
584 2114 65 33 må
675 2111 183 47 påpekas,
888 2113 61 34 att
976 2112 66 34 det
1069 2110 254 36 ansvarsfulla
1351 2111 144 45 arbete,
1516 2123 82 24 som
1617 2110 150 48 åligger
1785 2112 46 35 de

230 2163 163 36 svenska
420 2163 485 45 frökontrollanstalterna,
934 2175 87 23 men
1044 2162 87 36 icke
1151 2162 239 36 tillkommer
1408 2163 208 45 utlandets,
1637 2163 195 46 nämligen

230 2215 304 48 plomberingen,
554 2216 88 35 med
661 2215 197 63 svårighet
877 2215 122 35 skulle
1019 2215 133 35 kunna
1167 2213 242 48 genomföras
1424 2215 62 36 till
1501 2215 128 46 fyllest
1644 2214 42 36 af
1696 2215 136 35 endast

231 2270 23 32 4
283 2245 297 59 kontrollanter.

322 2326 71 32 Bih.
420 2327 49 32 till
492 2327 112 32 Riksd.
629 2327 88 31 Prot.
746 2327 92 33 1908.
884 2328 20 31 4
928 2327 98 31 Saml.
1052 2325 18 31 1
1095 2324 82 41 Afd.
1224 2326 41 31 10
1288 2325 94 40 Häft.
1747 2326 41 31 45
