2188 2738
642 200 386 41 Bevillnings-Utskottets
1052 201 208 30 Betänkande
1282 199 64 32 N:o
1373 201 47 30 11.
1755 205 13 26 1

923 706 90 39 N:o
1040 706 74 39 17.

725 877 76 28 Ank.
827 877 44 28 till
895 877 103 29 Riksd.
1024 878 103 28 Kansli
1150 878 54 28 den
1231 878 36 28 10
1292 876 59 37 Maj
1378 878 89 33 1876,
1491 877 39 28 kl.
1555 879 17 26 8
1598 886 23 20 e.
1646 886 36 19 m.

442 1036 18 26 51
498 1045 14 4 -
781 1036 15 22 Oo
981 1045 14 4 a
1054 1041 5 6 .
1215 1035 10 21 Li
1518 1044 14 4 a

436 1041 233 43 Betänkande,
698 1042 188 45 angdende
915 1040 238 47 beräkningen
1181 1044 40 45 af
1249 1040 91 42 tull-,
1351 1046 111 41 post-,
1479 1040 337 48 stämpelpappers-,

618 1092 410 47 bränvinsbrännnings-
1056 1092 60 35 och
1136 1091 679 47 hviubetssocker-tillverkningsmedlen.

362 1260 120 36 Sedan
512 1262 213 46 grunderna
753 1261 59 36 för
839 1263 172 46 samtliga
1040 1260 276 36 ofvannämnda
1332 1261 263 46 bevillningars
1612 1259 207 45 utgörande

222 1324 149 22 numera
415 1312 122 36 blifvit
577 1313 40 35 af
654 1313 204 48 Riksdagen
901 1312 205 44 faststälda,
1134 1312 64 35 har
1227 1312 74 44 det,
1327 1312 145 47 jemlikt
1500 1309 17 48 4
1548 1313 45 33 40
1623 1310 196 47 Riksdags-

224 1362 221 49 ordningen,
483 1365 120 48 ålegat
643 1364 190 36 Utskottet
874 1370 53 29 att
966 1362 211 48 förslagsvis
1221 1363 160 35 beräkna
1423 1363 43 34 de
1508 1362 313 47 inkomstbelopp,

225 1414 126 35 hvilka
379 1413 38 36 af
441 1415 105 35 dessa
574 1416 242 46 bevillningar
847 1419 54 31 må
931 1415 118 35 under
1078 1418 38 31 år
1147 1415 91 34 1877
1270 1427 88 22 vara
1386 1419 54 29 att
1466 1412 181 37 förvänta.

364 1465 74 35 Vid
479 1466 278 47 behandlingen
798 1466 39 35 af
874 1466 103 36 detta
1010 1465 136 36 ärende
1174 1465 66 35 har
1266 1464 192 36 Utskottet
1486 1471 170 40 nogsamt
1684 1464 137 45 erfarit,

224 1516 127 35 hvilka
389 1517 239 47 svårigheter,
662 1530 76 22 som
773 1517 56 35 för
870 1517 242 43 närvarande,
1148 1517 46 34 då
1221 1516 330 46 statsregleringen
1580 1516 94 35 skall
1704 1517 119 34 under

224 1566 98 36 förra
364 1567 106 36 delen
512 1567 39 36 af
587 1571 79 32 året
706 1575 185 40 uppgöras
932 1567 56 36 för
1029 1567 305 36 nästkommande
1363 1566 233 43 kalenderår,
1624 1565 114 37 förete
1767 1568 56 47 sig

226 1617 61 35 vid
319 1618 245 49 beräkningar
592 1618 39 35 af
656 1618 245 36 omförmälda
929 1619 89 48 slag.
1074 1618 85 36 Man
1189 1618 133 35 saknar
1350 1618 185 46 nemligen
1564 1618 8 34 i
1602 1616 171 37 afseende
1803 1621 19 32 å

226 1669 186 47 åtskilliga
440 1670 264 35 inkomsttitlar
732 1670 70 35 den
830 1669 165 48 ledning,
1024 1682 78 22 som
1131 1668 158 36 afslutad
1317 1669 206 46 räkenskap
1551 1667 57 35 för
1638 1668 63 35 det
1721 1673 102 31 näst-

227 1717 222 50 föregående
478 1724 78 31 året
582 1720 124 36 kunde
733 1721 139 44 lemna;
902 1720 67 35 och
999 1733 84 22 man
1112 1720 132 35 saknar
1272 1727 99 27 ännu
1402 1732 100 22 mera
1531 1719 120 45 grund
1680 1717 56 36 för
1758 1722 65 32 nå-

227 1771 186 46 gorlunda
454 1771 232 47 tillförlitligt
719 1771 235 36 bedömande
983 1771 99 35 såväl
1112 1770 39 35 af
1176 1770 68 36 den
1274 1768 188 37 blifvande
1490 1769 162 35 skörden
1682 1782 79 23 som
1790 1769 39 35 af

228 1821 211 37 stundande
483 1823 276 46 konjunkturer
798 1823 11 34 i
850 1821 278 44 affärsverlden,
1163 1821 37 36 af
1225 1821 125 35 hvilka
1379 1820 162 35 faktorer
1569 1820 92 35 dock
1690 1820 43 35 de
1761 1821 64 35 be-

229 1873 198 48 tydligaste
462 1873 395 47 bevillningstitlarnas
884 1874 138 47 belopp
1051 1876 39 32 så
1118 1872 227 46 väsentligen
1374 1871 101 35 bero.
1531 1870 14 35 I
1575 1874 133 45 många
1737 1872 89 34 hän-

229 1925 161 34 seenden
420 1917 16 59 =
458 1925 181 35 estaltade
680 1925 58 47 sig
771 1924 281 36 förhållandena
1081 1923 245 42 annorlunda,
1355 1935 60 22 om
1444 1921 233 48 budgetåret,
1706 1925 121 32 såsom

229 1975 10 35 1
270 1975 135 35 Åtskilli
438 1989 19 21 a
485 1975 115 36 andra
627 1975 143 44 länder,
798 1979 38 31 så
865 1975 195 43 ordnades,
1090 1980 54 29 att
1172 1974 84 35 dess
1285 1973 128 47 början
1442 1972 124 35 infölle
1596 1985 99 23 mera
1725 1986 101 22 owme-

230 2025 146 36 delbart
439 2026 71 36 fter
551 2026 103 36 tiden
696 2024 59 37 för
795 2025 356 48 riksförsamlingens
1192 2037 180 23 samvaro.
1426 2023 199 43 Utskottet,
1654 2036 81 23 som
1764 2024 63 35 det

229 2076 80 36 icke
337 2077 83 35 tord
472 2078 207 35 tillkomma
707 2084 54 28 att
787 2078 9 34 i
826 2077 105 35 dessa
959 2076 234 36 hänseenden
1221 2075 202 36 framställa
1450 2078 113 44 något
1579 2073 149 49 förslag,
1742 2088 86 22 men

230 2141 81 22 som
352 2141 76 23 eme
446 2128 114 36 lertid
602 2134 93 30 trott
735 2129 55 46 sig
831 2128 77 35 icke
948 2128 114 35 sakna
1101 2126 201 48 anledning
1329 2131 54 30 att
1411 2127 9 33 i
1450 2127 267 46 sammanhang
1745 2126 82 35 med

230 2178 193 38 förevaran
453 2193 19 22 e
512 2179 143 47 frågors
697 2179 224 48 behandling
961 2178 203 36 framställa
1203 2178 120 35 denna
1364 2177 174 49 antydan,
1579 2176 169 48 öfvergår
1776 2190 51 22 nu

231 2231 54 35 till
315 2231 64 35 det
407 2244 18 22 e
455 2231 139 47 entliga
622 2236 134 30 ämnet.

281 2302 7 2 ?
316 2288 74 30 Bih.
416 2286 50 31 tU
487 2287 114 31 RBiksd.
627 2288 87 30 Prot.
739 2287 89 30 1876.
875 2287 20 29 5
919 2285 98 31 Saml.
1064 2287 18 29 1
1106 2286 73 38 Afd.
1227 2285 40 30 10
1290 2284 93 35 Häft.
1729 2287 12 27 1
