1876 2844
523 139 277 31 Statsutskottets
825 140 177 31 utlåtande
1027 141 47 30 Nr
1098 141 72 29 128.
1563 136 38 30 13

94 222 178 35 synpunkt
295 222 226 36 lämpligaste.
558 223 281 37 Köpeskillingen
863 224 56 30 för
942 224 188 36 järnvägen
1155 225 89 29 skall
1266 225 122 35 utgöra
1412 224 11 30 i
1448 227 80 28 runt
1552 225 47 30 tal

94 272 141 35 878,000
256 274 137 35 kronor,
413 273 116 30 vilken
550 283 137 22 summa
706 275 89 29 skall
815 275 154 36 erläggas
989 275 71 30 dels
1079 276 80 29 med
1179 278 47 27 ett
1247 275 146 30 kontant
1411 275 126 36 belopp
1557 284 42 21 av

93 323 162 39 omkring
277 325 139 35 508,000
440 325 138 35 kronor,
604 325 72 30 dels
699 333 124 28 genom
845 326 230 35 övertagande
1099 335 42 20 av
1166 326 91 29 vissa
1281 326 136 35 bolaget
1441 325 158 31 åvilande

94 375 150 36 skulder,
272 375 70 31 dels
366 376 66 29 ock
458 383 123 28 genom
606 379 49 27 att
681 376 136 36 bolaget
840 375 130 31 befrias
995 375 78 31 från
1095 376 201 37 skyldighet
1320 379 49 27 att
1394 376 51 30 till
1471 379 127 27 statens

93 425 188 37 järnvägar
297 426 150 31 inbetala
465 427 195 30 resterande
680 427 113 35 skuld,
812 427 162 38 omkring
994 427 113 35 19,500
1126 427 141 35 kronor,
1286 426 55 31 för
1358 427 103 30 andel
1480 426 11 30 i
1507 427 91 29 kost-

93 477 156 30 naderna
278 477 54 30 för
359 477 206 36 förändring
593 487 42 21 av
664 477 246 37 spårsystemet
939 477 10 30 i
978 476 197 37 Markaryd.
1216 477 240 36 Beräkningen
1487 486 42 21 av
1558 477 41 30 de

92 528 197 36 ytterligare
312 528 155 37 insatser,
493 537 74 21 som
590 527 110 32 måste
725 529 100 35 göras
850 528 79 31 från
954 531 128 28 statens
1105 528 76 31 sida
1206 527 56 31 för
1286 531 48 27 att
1358 527 125 37 bringa
1506 527 92 37 järn-

89 578 126 36 vägens
238 579 249 36 anläggningar
508 579 64 30 och
593 579 156 30 materiel
770 579 11 29 i
803 582 44 27 ett
867 579 320 30 tillfredsställande
1209 578 96 30 skick
1326 579 108 29 slutar
1456 577 21 31 å
1499 578 98 30 alter-

92 630 117 30 nativa
227 630 135 36 belopp,
383 630 108 30 därav
512 631 55 29 det
584 640 65 21 ena
668 639 100 22 avser
787 631 55 29 det
861 630 195 35 minimum,
1078 640 74 20 som
1172 632 128 28 ansetts
1320 629 277 36 oundgängligen

92 681 214 36 nödvändigt
324 681 54 30 för
397 681 207 36 järnvägens
624 681 163 30 fortsatta
807 681 92 36 drift,
920 682 66 29 och
1005 681 55 30 det
1080 681 110 30 andra
1211 681 66 30 vad
1296 690 74 20 som
1391 680 111 30 skulle
1521 680 76 30 krä-

93 741 58 21 vas
168 732 57 29 för
242 735 49 27 att
308 735 77 33 taga
402 732 77 36 igen
497 732 153 30 eftersatt
668 732 174 36 förnyelse
858 732 65 29 och
941 731 123 37 bringa
1079 731 296 36 anläggningarna
1393 730 11 30 i
1422 730 82 31 nivå
1520 730 79 31 med

92 782 162 31 nutidens
275 784 93 29 krav.
401 782 65 31 Det
486 783 242 30 förstnämnda
748 783 160 35 beloppet
925 781 135 37 uppgår
1080 782 50 30 till
1150 781 141 36 605,000
1310 782 131 29 kronor
1458 781 66 30 och
1543 781 56 30 det

92 833 217 31 sistnämnda
331 834 50 30 till
408 834 171 35 1,135,000
603 834 140 29 kronor.
780 832 76 31 Med
878 832 260 37 utgångspunkt
1162 832 81 30 från
1267 835 45 27 ett
1337 831 262 31 driftöverskott

92 894 41 20 av
150 885 121 35 94,000
289 886 137 34 kronor,
447 884 247 30 motsvarande
710 884 88 30 efter
814 883 197 36 avsättning
1029 883 49 30 till
1095 882 306 37 förnyelsefonden
1420 881 177 37 järnvägs-

92 936 169 30 rörelsens
287 936 174 30 överskott
487 935 10 30 i
524 935 160 30 medeltal
712 935 111 30 under
847 934 82 31 åren
958 934 225 35 1931-—1938,
1211 933 109 31 skulle
1346 932 102 31 alltså
1474 933 123 30 räntan

91 986 21 31 å
137 990 130 27 statens
290 986 252 37 kapitalinsats,
568 986 74 30 däri
667 985 175 30 inräknad
866 985 194 30 kostnaden
1086 984 55 30 för
1166 984 207 36 järnvägens
1400 983 196 31 iståndsätt-

91 1038 92 36 ning,
207 1037 118 37 uppgå
345 1037 50 30 till
418 1037 48 30 6.3
490 1036 192 37 respektive
705 1037 49 29 4.7
776 1038 151 34 procent,
952 1035 171 31 beroende
1145 1034 47 37 på
1216 1034 10 30 i
1248 1034 114 30 vilken
1387 1033 211 36 omfattning

87 1088 117 30 banan
225 1087 230 31 iståndsättes.
478 1086 388 37 Departementschefen
886 1085 203 31 framhåller
1109 1085 199 35 emellertid,
1331 1087 49 28 att
1402 1084 67 30 den
1492 1083 103 30 fram-

91 1139 71 31 tida
185 1139 264 36 förräntningen
475 1139 96 30 torde
595 1139 143 29 komma
764 1141 48 27 att
835 1138 93 29 bliva
953 1137 112 30 sämre
1089 1138 45 29 än
1160 1137 68 29 vad
1253 1136 99 30 dessa
1376 1135 122 31 siffror
1521 1135 76 36 giva

91 1190 56 30 vid
167 1191 151 34 handen,
342 1193 90 27 samt
455 1190 186 30 fortsätter:

136 1241 146 36 Hänsyn
307 1241 108 30 måste
442 1241 172 35 nämligen
641 1243 97 33 tagas
763 1239 61 36 till,
850 1239 108 30 bland
985 1241 114 32 annat,
1126 1241 49 27 ait
1202 1237 219 30 biltrafikens
1450 1236 148 36 alltjämt

91 1283 203 37 fortgående
317 1283 191 36 expansion
533 1283 95 29 torde
653 1283 144 29 komma
823 1284 47 28 att
896 1280 245 36 ofördelaktigt
1166 1279 153 37 påverka
1343 1279 255 30 inkomstsidan

92 1329 89 27 samt
207 1329 49 27 att
281 1325 218 30 underhållet
526 1334 41 21 av
591 1325 211 34 materielen,
828 1324 115 30 vilken
968 1323 40 30 är
1032 1323 11 30 i
1067 1323 110 30 starkt
1203 1323 111 29 behov
1339 1331 42 21 av
1409 1321 95 30 såväl
1530 1321 67 30 för-

91 1369 117 35 nyelse
233 1378 75 20 som
332 1368 180 35 utökning,
536 1370 88 27 samt
649 1366 241 36 avsättningen
913 1366 52 29 till
989 1365 306 36 förnyelsefonden
1319 1364 97 30 torde
1440 1363 159 30 medföra

92 1411 111 29 ökade
228 1411 196 29 kostnader.
464 1409 124 30 Härtill
615 1410 169 34 kommer,
811 1411 47 27 att
885 1407 58 31 vid
969 1410 47 27 ett
1043 1407 232 30 införlivande
1302 1416 42 20 av
1370 1406 190 36 järnvägen
1587 1405 10 29 i

87 1453 278 33 statsbanenätet,
393 1451 107 29 vilket
526 1451 187 28 emellertid
741 1451 197 28 förutsättes
966 1449 96 30 skola
1088 1449 67 29 tills
1183 1448 117 29 vidare
1325 1447 109 35 anstå,
1462 1457 42 20 en
1531 1447 63 29 till-

91 1495 182 35 lämpning
294 1504 41 20 av
358 1494 282 30 statsbanetaxan
663 1493 112 30 skulle
797 1492 158 30 medföra
977 1501 42 21 en
1042 1491 363 41 inkomstminskning,
1429 1489 170 36 varjämte

91 1537 75 30 icke
188 1536 187 36 obetydligt
398 1535 113 30 ökade
531 1534 303 37 personalutgifter
857 1534 111 30 skulle
990 1533 205 30 tillkomma.
1231 1534 26 28 A
1280 1533 108 30 andra
1413 1533 99 29 sidan
1535 1533 63 29 har

87 1578 239 30 erfarenheten
349 1577 81 36 givit
453 1577 58 29 vid
532 1577 147 33 handen,
704 1579 48 26 att
773 1576 88 29 vissa
883 1574 44 37 på
949 1575 278 29 driftsresultatet
1250 1574 211 30 inverkande
1483 1573 111 30 fakto-

91 1630 54 21 rer
167 1621 58 29 vid
250 1620 230 36 övertagande
504 1629 41 20 av
570 1629 41 20 en
633 1619 148 36 järnväg
804 1617 77 31 från
907 1621 128 28 statens
1060 1618 73 29 sida
1157 1617 159 36 vanligen
1339 1616 126 31 utfalla
1490 1625 106 27 gynn-

91 1672 173 21 sammare
286 1664 43 28 än
350 1663 66 29 vad
439 1661 46 37 på
508 1661 149 30 förhand
680 1660 102 36 vågat
804 1663 152 33 antagas.
992 1659 99 31 Detta
1114 1660 107 35 gäller
1241 1659 146 30 sålunda
1410 1659 106 30 bland
1538 1668 58 21 an-

90 1708 59 27 nat
171 1704 375 36 trafikomfattningen,
569 1704 114 29 vilken
705 1704 71 29 kan
798 1703 178 29 förväntas
998 1703 75 34 öka,
1097 1701 171 36 varjämte
1289 1701 307 36 rationaliserings-

92 1746 159 44 åtgärder
273 1747 10 30 i
305 1747 127 30 driften
455 1746 97 30 torde
574 1746 143 29 komma
739 1748 49 27 att
810 1745 138 30 minska
969 1744 91 31 vissa
1081 1744 255 36 driftsutgifter.

133 1790 96 29 Även
253 1799 57 21 om
332 1788 263 36 förräntningen
618 1797 42 21 av
686 1790 129 27 statens
837 1786 241 37 kapitalinsats
1102 1785 47 37 på
1173 1786 112 36 grund
1309 1795 42 21 av
1374 1795 48 21 nu
1448 1785 148 37 angivna

86 1830 244 31 förhållanden
358 1831 76 29 icke
462 1830 69 29 kan
559 1839 98 20 anses
686 1829 71 29 helt
786 1829 213 34 säkerställd,
1029 1829 37 28 är
1092 1828 190 29 emellertid
1308 1830 48 27 att
1383 1828 134 34 märka,
1546 1830 48 27 att

91 1873 190 37 järnvägen
301 1873 73 30 icke
396 1873 40 29 är
455 1871 114 37 någon
589 1871 316 31 underskottsbana
926 1872 66 29 och
1014 1874 48 27 att
1081 1870 154 30 tekniskt
1256 1873 62 27 sett
1339 1870 192 36 järnvägen
1552 1869 45 37 på

92 1916 111 36 grund
233 1925 43 20 av
305 1915 51 30 sin
385 1915 91 34 höga
505 1914 347 35 byggnadsstandard
881 1913 81 35 äger
992 1915 46 27 ett
1064 1912 197 35 betydande
1290 1912 114 30 värde.
1447 1911 74 30 Den
1549 1921 47 20 nu

90 1957 265 36 ifrågavarande
381 1955 343 36 affärsuppgörelsen
750 1964 99 26 synes
875 1954 76 30 icke
975 1954 106 30 heller
1103 1954 86 30 böra
1214 1954 174 30 betraktas
1415 1953 115 31 såsom
1554 1963 41 20 en

91 1999 227 36 självständig
339 1998 317 35 affärsuppgörelse
676 1999 85 27 utan
784 1996 95 30 torde
899 1996 86 30 böra
1007 2005 51 20 ses
1079 1996 9 29 i
1109 1996 256 35 sammanhang
1386 1998 78 29 med
1486 1996 41 30 de
1548 1995 47 31 åt-

91 2041 123 37 gärder
235 2041 54 29 för
311 2043 45 27 ett
377 2038 303 36 enhetliggörande
702 2048 42 20 av
767 2038 56 30 det
845 2038 148 29 svenska
1013 2036 267 37 järnvägsnätet,
1306 2037 93 31 vilka
1422 2036 58 38 jag
1503 2038 93 29 förut

91 2084 10 29 i
123 2084 67 35 dag
214 2082 164 31 förordat.

134 2149 115 36 Enligt
277 2148 234 35 föreliggande
538 2147 127 35 förslag
692 2147 111 29 skulle
830 2147 119 35 anslag
976 2156 47 20 nu
1051 2146 136 30 anvisas
1216 2147 86 29 även
1329 2147 50 29 till
1408 2146 91 31 vissa
1526 2147 67 29 för-

91 2201 129 35 nyelse-
246 2201 65 29 och
336 2198 433 34 moderniseringsarbeten
796 2197 54 29 vid
878 2196 199 36 järnvägen.
1114 2197 102 29 Detta
1243 2197 127 35 anslag,
1397 2207 75 19 som
1498 2207 97 19 avser

90 2252 41 29 de
150 2254 87 27 mest
259 2251 188 34 angelägna
467 2249 161 29 arbetena
649 2258 42 19 av
713 2258 45 19 nu
780 2247 264 35 ifrågavarande
1063 2248 81 33 slag,
1165 2248 65 28 har
1251 2250 127 27 ansetts
1397 2248 120 28 kunna
1539 2248 53 28 be-

90 2303 142 34 gränsas
259 2302 48 29 till
337 2300 136 34 130,000
499 2300 136 28 kronor.

132 2351 164 34 Slutligen
326 2351 140 33 begäres
497 2348 226 34 medgivande
753 2350 48 27 att
831 2346 43 36 på
906 2347 134 33 villkor,
1071 2356 73 19 som
1177 2347 186 29 fastställas
1394 2356 42 20 av
1469 2347 121 34 Kungl.

85 2402 110 35 Maj:t,
223 2401 34 30 få
282 2400 140 35 försälja
448 2399 90 29 vissa
562 2399 9 29 i
594 2398 371 35 järnvägsfastigheten
994 2396 164 35 ingående
1185 2396 278 36 markområden,
1490 2397 101 34 vilka,

90 2452 100 30 såvitt
209 2452 39 28 är
267 2452 90 33 känt,
376 2450 31 34 ej
428 2450 151 29 behövas
599 2450 54 28 för
672 2448 102 34 något
795 2448 126 33 statligt
941 2447 171 29 ändamål.
1159 2448 128 28 Härvid
1308 2448 194 36 inflytande
1524 2448 66 28 för-

120 2517 111 30 Bihang
252 2517 41 24 till
312 2516 166 30 riksdagens
497 2514 143 31 protokoll
664 2514 74 23 1939.
775 2513 15 23 6
814 2512 78 24 saml.
927 2512 41 23 Nr
987 2511 49 26 124
1071 2512 54 23 —128.
1546 2510 14 23 3
