1888 2814
545 159 291 37 Statsutskottets
850 156 181 36 utlåtande
1046 168 41 22 nr
1100 158 34 31 8.
1546 151 43 30 25

144 242 357 37 Museilektor.
545 236 399 45 Departementschefen
977 234 100 34 anför
1108 234 121 33 härom
1263 229 163 43 följande.
1458 227 133 35 Akade-

100 290 94 34 mien
214 289 63 33 har
298 287 175 42 föreslagit
495 283 219 36 anställande
736 295 44 21 av
804 294 42 21 en
868 281 216 42 tjänsteman
1106 277 81 34 med
1210 275 146 35 särskild
1378 272 138 44 uppgift
1539 276 54 29 att

100 332 240 45 upprätthålla
358 330 153 35 kontakt
528 329 127 34 mellan
673 326 184 34 historiska
877 329 135 29 museet
1031 324 65 32 och
1116 320 246 35 allmänheten.
1382 319 56 32 En
1457 317 135 34 liknan-

101 380 42 33 de
162 378 189 41 befattning
367 377 62 33 har
448 375 102 34 sedan
567 373 169 41 åtskilliga
756 372 35 33 år
807 370 140 35 tillbaka
964 368 128 34 funnits
1112 366 58 34 vid
1187 364 158 35 nordiska
1364 367 139 30 museet.
1521 360 67 35 Vid

100 423 181 34 historiska
304 426 127 29 museet
452 420 61 33 har
533 419 102 33 sedan
656 421 53 30 ett
730 429 62 30 par
813 416 37 33 år
869 413 141 34 tillbaka
1030 424 43 21 en
1094 411 210 42 tjänsteman
1326 407 181 35 försöksvis
1532 418 57 21 av-

103 469 107 33 delats
230 468 78 33 med
328 464 225 42 huvudsaklig
570 461 140 44 uppgift
730 466 52 29 att
804 458 277 36 omhänderhava
1103 457 67 33 den
1190 450 398 48 populärvetenskapliga

104 512 296 41 undervisningen
426 510 65 33 och
515 506 252 45 propagandan
791 505 53 33 för
867 508 145 30 museet.
1036 502 68 42 Jag
1126 501 63 33 har
1213 499 53 34 för
1290 510 84 31 egen
1399 498 54 33 del
1477 495 119 34 funnit

103 557 225 34 akademiens
343 553 266 44 ifrågavarande
622 551 128 42 förslag
764 553 78 31 värt
858 549 57 33 det
931 550 125 32 största
1073 544 210 36 beaktande.
1298 544 127 33 Därest
1440 546 52 30 ett
1508 544 88 30 stort

106 601 296 34 centralmuseum
419 611 44 21 av
479 597 188 34 historiska
683 599 152 30 museets
850 593 168 34 karaktär
1033 591 74 34 icke
1124 590 88 33 skall
1227 589 47 33 bli
1291 600 42 21 en
1350 587 113 34 sluten
1479 589 119 29 veten-

107 646 136 42 skaplig
257 644 201 34 institution
473 642 53 33 för
540 640 166 35 historisk
720 638 181 42 forskning
917 641 85 29 utan
1019 640 52 30 ett
1086 635 11 33 i
1114 633 194 35 vidsträckt
1325 631 141 41 mening
1481 630 117 32 levan-

108 690 42 33 de
168 701 173 27 museum,
358 688 111 34 måste
488 687 194 33 detsamma
701 684 99 33 alltid
818 686 119 31 sträva
955 680 87 34 efter
1060 684 55 29 att
1132 678 111 34 väcka
1263 677 64 33 och
1345 672 255 36 vidmakthålla

109 734 252 34 allmänhetens
385 733 143 33 intresse
551 730 52 34 för
628 730 53 33 sin
705 727 232 34 verksamhet.
960 725 66 33 Ett
1051 735 162 22 museum
1237 721 52 34 får
1312 721 10 33 i
1346 718 255 35 allmänhetens

109 782 91 39 ögon
219 778 75 34 icke
311 789 84 22 vara
414 776 124 34 enbart
555 787 43 21 en
616 773 148 42 samling
781 770 169 35 utställda
970 768 91 34 döda
1078 767 77 42 ting
1172 771 87 29 utan
1277 765 110 33 måste
1405 774 125 32 genom
1549 761 53 34 sin

110 835 84 30 egen
218 821 227 35 verksamhet
467 819 111 34 förmå
601 817 230 42 levandegöra
855 816 43 33 de
919 812 267 36 kulturminnen
1210 812 59 33 det
1294 814 88 29 satts
1406 813 53 30 att
1483 806 119 34 vårda.

110 867 57 34 En
182 867 110 34 sådan
305 862 519 47 populariseringsverksamhet
838 861 62 33 bör
913 857 148 44 givetvis
1076 855 129 35 erhålla
1218 854 153 41 enhetlig
1384 851 141 42 ledning
1539 849 65 35 och

111 911 260 43 planläggning.
393 910 67 42 Jag
480 912 37 30 är
538 908 90 33 dock
649 907 75 33 icke
745 905 128 34 beredd
895 909 54 28 att
971 903 53 33 för
1045 899 221 36 närvarande
1288 897 175 42 tillstyrka
1487 901 52 28 att
1562 906 42 21 en

113 956 146 34 särskild
282 955 112 42 tjänst
416 954 147 34 inrättas
585 952 52 33 för
662 949 200 36 ändamålet
884 953 87 29 utan
993 946 218 38 förutsätter,
1234 948 54 30 att
1311 944 68 33 den
1402 939 203 35 nuvarande

111 998 376 42 försöksanordningen
506 997 182 33 fortsättes
707 995 115 42 någon
840 993 64 34 tid.

158 1063 74 41 Ny
272 1071 272 24 amanuens
585 1059 20 32 å
647 1051 692 41 fornminnesavdelningen.
1382 1046 219 35 Akademien

114 1107 65 34 har
207 1107 192 33 motiverat
426 1105 62 33 sitt
515 1103 128 42 förslag
669 1102 123 33 härom
819 1101 45 42 på
891 1098 155 42 följande
1074 1100 81 30 sätt.
1206 1093 260 42 Avdelningens
1492 1102 115 32 perso-

114 1151 58 34 nal
194 1151 65 34 har
280 1150 111 34 under
414 1160 118 23 senare
556 1148 38 33 år
617 1147 74 33 icke
715 1146 91 33 varit
830 1143 182 42 tillräcklig
1035 1141 53 34 för
1111 1145 53 30 att
1187 1143 180 30 motsvara
1389 1136 151 35 behovet
1563 1146 45 22 av

116 1194 225 36 arbetskraft.
367 1193 149 35 Särskilt
539 1193 45 32 ha
611 1190 213 43 svårigheter
848 1192 113 39 yppat
987 1187 50 42 sig
1061 1185 61 34 vid
1148 1183 203 35 utförandet
1376 1194 45 21 av
1446 1179 161 35 fältarbe-

118 1246 73 35 ten,
214 1240 96 33 vilka
335 1238 156 44 påkallas
516 1249 44 21 av
584 1236 108 34 bland
717 1239 107 29 annat
847 1231 231 42 ansökningar
1102 1242 58 22 om
1184 1227 160 36 tillstånd
1368 1231 54 29 att
1445 1226 165 40 borttaga

117 1285 267 41 fornlämningar
400 1283 63 33 och
479 1281 120 43 dylikt.
616 1280 137 34 Bristen
770 1280 45 41 på
832 1275 208 37 arbetskraft
1058 1275 62 34 har
1136 1272 159 40 medfört,
1313 1276 54 29 att
1383 1283 41 22 en
1442 1270 53 33 del
1513 1272 92 31 ären-

119 1331 63 33 den
198 1330 73 33 icke
286 1329 133 33 kunnat
434 1330 139 39 avgöras
589 1326 93 33 inom
698 1324 110 42 rimlig
822 1323 63 33 tid.
902 1322 68 33 För
987 1325 50 29 att
1056 1320 10 33 i
1083 1320 111 41 någon
1212 1318 81 33 mån
1311 1316 85 34 råda
1414 1316 60 33 bot
1492 1313 115 34 härför

118 1374 165 34 erfordras
300 1385 40 22 en
356 1385 47 30 ny
420 1368 378 42 amanuensbefattning
815 1368 20 33 å
852 1366 232 41 avdelningen.
1100 1362 212 35 Akademien
1328 1359 206 39 hemställer,
1553 1362 54 30 att

118 1419 111 34 medel
246 1419 110 33 måtte
373 1417 136 33 anvisas
526 1415 52 33 för
597 1413 212 36 anställande
825 1424 44 22 av
886 1423 40 22 en
946 1420 186 23 amanuens
1148 1408 11 34 i
1174 1407 54 33 Eo
1243 1409 53 31 18.

166 1481 69 33 Till
262 1480 77 33 stöd
362 1478 54 35 för
439 1478 59 34 det
521 1478 11 33 i
556 1475 217 35 motionerna
799 1472 221 35 framställda
1043 1470 174 43 yrkandet
1242 1468 135 34 anföres
1401 1467 11 33 i
1436 1464 178 35 motionen

122 1534 29 33 I:
167 1537 65 30 205
255 1533 108 33 bland
386 1535 110 30 annat
516 1529 166 43 följande.

169 1596 74 33 Det
266 1594 60 34 vill
353 1605 105 31 synas
483 1604 74 22 som
582 1604 57 21 om
664 1590 89 33 brist
775 1589 45 42 på
844 1585 214 36 arbetskraft
1082 1585 110 33 skulle
1215 1583 90 34 vålla
1330 1581 210 42 svårigheter
1563 1579 55 33 för

125 1639 232 42 avdelningen
386 1638 60 33 vid
475 1635 186 35 utförande
690 1647 46 21 av
763 1635 42 33 de
831 1631 224 39 fältarbeten,
1084 1641 76 22 som
1188 1627 109 43 enligt
1325 1629 87 30 1942
1441 1626 54 32 års
1523 1623 94 34 forn-

126 1684 193 42 minneslag
343 1682 110 34 måste
477 1680 135 34 utföras
639 1692 45 21 av
710 1675 421 37 riksantikvarieimbetet
1157 1673 10 33 i
1194 1672 171 34 samband
1391 1669 81 34 med
1497 1667 121 35 ansök-

125 1729 124 42 ningar
272 1740 58 21 om
353 1726 156 35 tillstånd
533 1730 54 29 att
611 1723 197 35 undersöka
832 1722 65 33 och
921 1721 162 40 borttaga
1106 1716 275 42 fornlämningar
1404 1714 65 34 och
1493 1712 126 43 dylikt.

126 1772 285 44 Uppenbarligen
433 1771 71 33 kan
528 1770 99 33 detta
650 1768 105 33 också
777 1765 158 35 medföra
960 1763 220 43 olägenheter
1203 1761 53 33 för
1279 1759 247 38 allmänheten,
1550 1757 70 33 olä-

128 1818 175 42 genheter,
324 1828 76 22 som
419 1815 122 33 kunna
560 1814 48 33 bli
629 1824 70 30 nog
719 1812 36 33 så
774 1810 191 39 kännbara,
986 1813 25 29 t.
1034 1820 51 21 ex.
1107 1807 43 33 då
1172 1806 59 33 det
1251 1804 101 43 gäller
1376 1808 55 29 att
1451 1802 35 33 få
1507 1801 113 42 dispo-

127 1874 83 21 nera
230 1874 43 21 en
294 1865 90 29 tomt
406 1859 54 33 för
480 1856 346 44 byggnadsändamål
848 1854 65 33 och
935 1852 126 43 dylikt.
1082 1851 57 33 Då
1161 1851 101 33 dessa
1282 1847 220 43 olägenheter
1523 1856 98 22 anses

128 1907 123 32 kunna
272 1904 184 42 avhjälpas
481 1914 124 31 genom
628 1913 43 21 en
693 1897 266 36 förhållandevis
983 1897 36 33 så
1041 1895 99 34 enkel
1162 1893 124 42 åtgärd
1308 1904 74 22 som
1405 1888 218 36 anställande

130 1963 45 21 av
194 1962 43 21 en
257 1960 202 27 amanuens,
479 1958 101 31 synes
601 1945 57 33 det
678 1941 283 36 undertecknade
981 1952 86 21 vara
1083 1938 182 39 önskvärt,
1283 1942 53 29 att
1354 1935 54 33 för
1426 1933 199 35 ändamålet

132 1993 223 42 erforderliga
373 1992 114 33 medel
507 1990 118 35 ställas
643 1989 54 33 till
717 1986 215 43 förfogande.

178 2074 122 35 Såsom
318 2085 45 21 av
380 2072 67 33 den
463 2069 161 35 lämnade
639 2066 239 44 redogörelsen
896 2065 154 41 framgår
1065 2063 63 34 har
1145 2060 206 36 akademien
1366 2057 191 40 hemställt,
1574 2060 53 30 att

134 2140 42 21 en
198 2124 354 42 musgseilektorstjänst
573 2126 112 29 måtte
707 2121 147 33 inrättas
875 2118 60 33 vid
958 2122 133 29 statens
1112 2114 188 34 historiska
1322 2123 171 23 museum.
1525 2111 18 32 I
1565 2109 62 33 Lik-

134 2181 61 33 het
219 2180 80 33 med
327 2174 383 45 departementschefen
736 2185 99 21 anser
859 2171 176 34 utskottet
1061 2174 66 33 att,
1153 2168 115 33 därest
1292 2170 51 29 ett
1367 2169 91 29 stort
1482 2157 145 52 central-

135 2244 161 22 museum
318 2244 44 20 av
383 2229 186 34 historiska
590 2231 154 30 museets
764 2225 167 33 karaktär
952 2223 75 33 icke
1049 2221 85 34 skall
1156 2220 47 33 bli
1224 2232 42 20 en
1288 2219 112 33 sluten
1422 2216 207 41 vetenskap-

136 2286 47 41 lig
204 2284 201 34 institution
427 2282 53 33 för
500 2280 166 34 historisk
687 2278 182 41 forskning
889 2282 87 28 utan
998 2279 50 29 ett
1070 2275 9 32 i
1103 2272 199 34 vidsträckt
1323 2270 140 41 mening
1483 2267 149 34 levande

137 2349 173 27 museum,
330 2336 112 33 måste
465 2335 196 33 detsamma
681 2334 120 30 sträva
820 2330 86 33 efter
925 2333 53 29 att
999 2327 110 33 väcka
1128 2326 65 32 och
1214 2322 254 35 vidmakthålla
1488 2321 143 33 allmän-

137 2391 122 33 hetens
275 2390 145 32 intresse
437 2387 52 33 för
507 2386 49 33 sin
574 2384 235 34 verksamhet.
836 2382 54 32 En
910 2381 107 33 sådan
1036 2374 519 47 populariseringsverksamhet
1570 2373 63 33 bör

140 2444 106 40 enligt
279 2438 401 45 departementschefens
711 2436 140 40 mening
880 2433 147 43 givetvis
1058 2431 128 34 erhålla
1217 2428 153 41 enhetlig
1398 2426 140 41 ledning
1568 2424 65 34 och

141 2494 257 45 planläggning.
435 2492 184 34 Utskottet
647 2490 93 33 delar
766 2490 115 32 denna
905 2484 240 44 uppfattning,
1170 2495 76 21 men
1273 2485 37 30 är
1336 2484 89 30 även
1450 2491 80 22 ense
1553 2478 80 33 med

143 2545 385 46 departementschefen
556 2556 55 22 om
641 2548 52 27 att
721 2542 64 33 den
813 2541 51 33 för
892 2537 217 35 närvarande
1136 2534 213 40 fungerande
1376 2530 258 36 försöksanord-

1681 2064 143 27 Utskottet.
