1886 2812
552 173 293 36 Statsutskottets
857 174 183 35 utlåtande
1053 186 42 22 nr
1108 177 34 31 8.
1557 177 43 30 39

469 254 37 43 b)
528 254 54 34 till
605 253 156 44 Uppsala
777 253 222 35 universitet:
1016 253 242 43 Anskaffande
1277 267 45 22 av
1341 253 72 36 viss
1430 253 170 35 utländsk

424 307 241 44 vetenskaplig
712 307 173 34 litteratur
918 312 53 30 ett
1006 308 354 43 reservationsanslag
1395 320 46 22 av
1475 311 43 31 40
1533 311 66 31 000

422 360 140 35 kronor.

154 477 92 43 69:0)
273 477 170 43 Uppsala
470 476 239 36 universitet:
748 476 232 44 Utrustning
1007 477 61 34 för
1093 476 310 44 meteorologiska
1429 477 172 34 observa-

108 531 114 35 toriet
249 531 5 35 i
275 531 157 35 Marsta,
451 531 19 34 I
491 530 152 44 enlighet
662 530 81 34 med
763 530 133 44 Kungl.
917 530 127 43 Maj:ts
1065 529 127 45 förslag
1214 530 131 43 (punkt
1365 534 55 38 69,
1440 542 27 22 s.
1489 533 112 31 151—

109 585 78 41 153)
211 584 201 34 hemställer
434 584 189 40 utskottet,

469 643 55 29 att
543 638 185 43 riksdagen
749 638 57 34 må
826 637 52 35 till
903 637 154 43 Uppsala
1075 637 222 34 universitet:
1320 637 208 42 Utrustning
1545 637 56 42 för

424 690 290 43 meteorologiska
731 690 253 35 observatoriet
1011 691 4 34 i
1031 691 140 33 Marsta
1189 690 54 34 för
1260 690 210 43 budgetåret
1489 688 109 44 1946/

424 748 44 31 47
490 744 123 35 anvisa
632 749 53 30 ett
705 744 351 43 reservationsanslag
1074 756 48 22 av
1142 747 42 31 90
1199 748 65 31 000
1285 744 139 33 kronor.

152 861 93 43 70:0)
272 861 171 43 Uppsala
461 860 240 35 universitet:
724 860 231 43 Utrustning
974 860 61 34 för
1054 860 103 33 vissa
1177 859 217 34 seminarier
1414 860 100 33 inom
1533 859 66 33 hu-

106 915 222 34 manistiska
351 915 204 34 sektionen.
576 914 19 34 I
617 913 152 43 enlighet
789 913 80 35 med
889 912 133 43 Kungl.
1043 912 127 43 Maj:ts
1190 911 131 44 förslag
1344 911 129 43 (punkt
1494 915 56 37 70,
1573 923 27 22 s.

109 972 64 30 153
199 968 65 34 och
291 969 78 41 154)
398 967 202 34 hemställer
624 966 191 40 utskottet,

473 1026 55 29 att
547 1020 185 43 riksdagen
752 1021 57 33 må
828 1020 53 34 till
905 1019 153 43 Uppsala
1076 1017 223 36 universitet:
1323 1017 207 43 Utrustning
1548 1017 55 43 för

425 1074 95 34 vissa
543 1073 202 35 seminarier
768 1073 97 34 inom
889 1072 257 34 humanistiska
1169 1071 184 35 sektionen
1376 1071 53 34 för
1453 1071 148 42 budget-

425 1128 75 34 året
517 1126 157 44 1946/47
691 1126 123 35 anvisa
828 1132 53 29 ett
894 1125 353 43 reservationsanslag
1261 1137 45 22 av
1322 1128 43 31 50
1379 1128 66 31 000
1460 1124 141 33 kronor.

154 1237 93 42 71:0)
274 1235 128 35 Lunds
427 1235 240 34 universitet:
694 1234 246 43 Avlöningar.
987 1232 229 35 Beträffande
1240 1232 69 34 vad
1335 1231 132 43 Kungl.
1491 1230 111 43 Maj:t

112 1289 130 43 (punkt
262 1290 56 42 71)
342 1289 179 43 föreslagit
540 1288 186 42 riksdagen
747 1288 11 33 i
778 1287 97 43 fråga
894 1299 61 22 om
975 1286 119 43 anslag
1113 1285 53 34 till
1186 1284 231 35 förevarande
1437 1282 164 36 ändamål

110 1343 144 43 avgiver
277 1343 176 35 utskottet
479 1354 119 22 senare
622 1341 112 34 under
758 1340 184 43 riksdagen
966 1338 197 41 utlåtande,
1187 1338 109 35 vilket
1318 1338 147 34 härmed

562 1394 167 35 anmäles.

155 1503 92 42 '72:0)
275 1501 129 34 Lunds
427 1500 239 34 universitet:
692 1498 285 35 Omkostnader.
999 1497 19 34 I
1041 1496 152 43 enlighet
1215 1496 80 34 med
1317 1495 133 43 Kungl.
1473 1494 129 43 Maj:ts

109 1556 129 43 förslag
264 1555 129 43 (punkt
416 1558 56 37 72,
495 1567 26 21 s.
547 1556 64 31 154
637 1552 65 34 och
729 1552 94 42 155),
847 1551 112 34 vilket
982 1550 147 34 innebär
1152 1562 42 21 en
1217 1547 282 44 anslagshöjning
1522 1547 80 34 med

110 1614 43 31 33
168 1614 65 30 000
248 1610 140 39 kronor,
403 1607 281 42 huvudsakligen
700 1605 182 34 föranledd
901 1617 45 21 av
961 1603 113 35 ökade
1089 1602 191 35 kostnader
1295 1602 54 34 för
1364 1601 148 40 bränsle,
1528 1600 74 43 lyse

109 1665 66 33 och
195 1668 121 30 vatten
336 1667 94 30 samt
449 1661 167 43 städning
635 1660 66 34 och
720 1659 193 42 rengöring,
932 1656 202 35 hemställer
1153 1656 189 40 utskottet,

472 1720 54 30 att
543 1714 186 42 riksdagen
748 1713 58 34 må
826 1712 51 35 till
897 1711 122 34 Lunds
1036 1708 220 36 universitet:
1275 1706 257 36 Omkostnader
1550 1705 53 34 för

428 1769 207 43 budgetåret
670 1766 155 43 1946/47
860 1764 123 35 anvisa
1017 1768 53 29 ett
1102 1761 267 44 förslagsanslag
1388 1772 48 22 av
1456 1762 65 31 223
1536 1762 65 30 000

426 1823 139 34 kronor.

156 1932 92 42 73:o)
276 1931 129 34 Lunds
423 1928 240 35 universitet:
685 1925 172 35 Materiel
875 1935 48 23 m.
942 1934 46 23 m.
1006 1921 231 35 Beträffande
1255 1920 70 34 vad
1342 1919 133 42 Kungl.
1492 1916 112 43 Maj:t

113 1985 130 43 (punkt
264 1985 57 41 73)
345 1981 175 44 föreslagit
538 1980 188 42 riksdagen
747 1979 10 33 i
778 1978 98 42 fråga
896 1989 58 21 om
978 1975 120 42 anslag
1117 1974 54 33 till
1192 1972 227 35 förevarande
1440 1968 163 36 ändamål

111 2038 143 44 avgiver
274 2037 177 34 utskottet
471 2046 119 23 senare
611 2032 112 35 under
744 2030 183 43 riksdagen
948 2027 194 41 utlåtande,
1162 2026 108 34 vilket
1289 2024 142 35 härmed

565 2085 165 36 anmäles,

156 2198 92 42 '74:0)
276 2197 128 34 Lunds
423 2193 240 37 universitet:
687 2191 196 41 Bokinköp
904 2190 67 33 och
990 2185 258 42 bokbindning
1267 2185 61 33 för
1346 2181 257 36 universitets-

110 2251 228 35 biblioteket.
354 2249 127 34 Lunds
496 2246 239 34 universitet:
753 2241 266 36 Anskaffande
1035 2250 48 23 av
1097 2240 79 33 viss
1190 2236 178 35 utländsk
1382 2234 222 41 vetenskap-

111 2305 54 42 lig
185 2304 202 33 litteratur.
408 2301 19 33 I
450 2299 152 43 enlighet
623 2297 82 34 med
724 2295 132 42 Kungl.
878 2294 126 41 Maj:ts
1026 2291 128 42 förslag
1178 2290 131 42 (punkt
1329 2292 55 36 74,
1405 2300 26 21 s.
1454 2290 64 30 155
1539 2285 65 34 och

114 2357 94 41 156),
237 2355 108 34 vilket
373 2352 219 36 beträffande
620 2348 245 35 förstnämnda
894 2346 157 41 anslaget
1079 2343 145 34 innebär
1251 2353 42 22 en
1322 2337 283 44 anslagshöjning

112 2409 81 34 med
213 2412 42 30 22
268 2411 65 30 000
354 2407 129 33 kronor
504 2405 9 34 i
534 2403 92 43 syfte
647 2407 55 29 att
721 2400 195 44 uppbringa
937 2398 155 42 anslaget
1112 2397 52 33 till
1184 2393 257 43 förkrigsnivån
1461 2391 65 34 och
1547 2391 57 33 be-

112 2462 175 35 träffande
311 2461 60 33 det
395 2457 219 36 sistnämnda
639 2455 157 41 anslaget
819 2464 98 23 avser
941 2450 191 35 anvisande
1154 2461 44 21 av
1223 2446 171 36 särskilda
1417 2444 112 35 medel
1553 2442 52 35 till

112 2514 229 35 förevarande
363 2510 171 41 ändamål,
554 2508 198 35 hemställer
774 2506 189 39 utskottet,
