1886 2812
548 180 291 36 Statsutskottets
852 182 183 36 utlåtande
1049 195 42 22 nr
1104 186 33 32 8.
1550 189 40 30 19

145 258 92 43 35:o0)
265 258 144 44 Bidrag
425 260 58 33 till
499 261 328 34 musikhistoriska
842 265 155 32 museet.
1012 263 19 34 I
1048 263 153 44 enlighet
1217 264 82 34 med
1315 264 132 44 Kungl.
1463 265 128 43 Maj:ts

98 310 129 44 förslag
246 311 129 43 (punkt
392 316 56 37 35,
465 325 27 22 s.
510 316 43 31 80
571 314 66 33 och
655 313 72 43 81),
744 314 110 35 vilket
870 315 145 34 innebär
1031 328 42 22 en
1090 316 285 44 anslagshöjning
1390 318 80 34 med
1490 322 20 30 2
1524 321 66 32 500

97 363 141 43 kronor,
260 364 200 35 hemställer
482 366 187 42 utskottet,

462 424 53 30 att
537 420 184 43 riksdagen
742 421 58 34 må
822 421 113 35 såsom
956 422 133 43 Bidrag
1113 423 54 34 till
1187 423 307 36 musikhistoriska
1514 436 76 22 mu-

416 477 73 30 seet
514 472 52 35 för
594 473 209 45 budgetåret
832 474 156 44 1946/47
1016 475 123 35 anvisa
1165 481 53 31 ett
1245 477 122 43 anslag
1394 490 46 22 av
1468 481 41 31 13
1524 481 66 31 500

415 526 139 35 kronor.

145 640 91 41 36:0)
265 640 144 43 Bidrag
424 641 58 34 till
498 641 326 44 Drottningholms
841 645 299 34 teatermuseum.
1159 645 18 34 I
1192 644 154 44 enlighet
1361 647 81 34 med
1458 647 133 43 Kungl.

98 691 129 44 Maj:ts
249 692 129 45 förslag
403 694 129 43 (punkt
556 698 56 38 36,
636 707 27 23 s.
686 699 40 30 81
753 696 66 34 och
843 697 72 42 82),
938 697 113 35 vilket
1072 697 146 35 innebär
1241 711 44 22 en
1309 699 283 44 anslagshöjning

98 745 80 34 med
195 749 65 31 800
276 746 143 41 kronor,
434 747 202 35 hemställer
651 748 186 42 utskottet,

461 805 55 31 att
539 801 185 43 riksdagen
746 802 56 34 må
827 803 53 33 till
902 801 133 45 Bidrag
1059 803 54 35 till
1135 802 310 45 Drottningholms
1467 809 123 31 teater-

415 865 162 23 museum
597 854 52 35 för
668 854 208 44 budgetåret
896 856 157 43 1946/47
1073 857 122 34 anvisa
1214 862 51 31 ett
1285 858 121 43 anslag
1423 871 45 22 av
1489 862 21 30 8
1524 862 65 31 800

414 906 140 36 kronor.

583 1066 247 53 Kyrkliga
858 1067 243 42 ändamål.

142 1163 92 43 37:0)
261 1163 265 44 Domkapitlen
551 1167 68 32 och
644 1165 353 36 stiftsnämnderna:
1024 1166 247 45 Avlöningar.
1295 1169 19 33 I
1338 1168 151 44 enlighet
1512 1169 79 35 med

95 1215 134 44 Kungl.
242 1215 128 45 Maj:ts
385 1216 128 45 förslag
529 1218 133 43 (punkt
676 1222 55 37 37,
746 1232 28 22 s.
787 1220 165 43 83—94),
966 1221 111 35 vilket
1090 1221 146 35 innebär
1250 1234 43 22 en
1308 1222 283 44 anslagshöjning

96 1270 80 34 med
196 1273 23 30 4
232 1273 65 32 000
317 1270 142 42 kronor,
476 1271 202 35 hemställer
697 1273 186 42 utskottet,

459 1330 56 30 att
533 1325 185 44 riksdagen
737 1327 58 33 må

460 1379 34 42 a)
513 1378 215 45 bemyndiga
742 1380 132 43 Kungl.
892 1380 111 43 Maj:t
1018 1386 57 31 att
1090 1381 146 44 vidtaga
1251 1394 46 22 av
1314 1382 275 44 departements-

414 1431 121 34 chefen
550 1432 152 43 angivna
717 1433 185 43 ändringar
915 1434 11 34 i
941 1434 469 44 personalförteckningarna
1422 1436 54 34 för
1492 1437 97 34 dom-

412 1484 154 43 kapitlen
587 1484 66 36 och
671 1485 53 34 för
743 1486 67 34 den
830 1487 155 43 skogliga
1002 1488 206 42 personalen
1227 1488 64 35 hos
1311 1488 278 36 stiftsnämnder-

415 1550 57 29 na,
508 1543 57 29 att
602 1538 173 44 tillämpas
812 1539 70 35 tills
921 1540 122 34 vidare
1079 1540 78 35 från
1183 1541 67 34 och
1275 1543 81 34 med
1383 1542 207 43 budgetåret

414 1591 169 43 1946/4'7;

458 1644 37 44 b)
514 1645 188 43 godkänna
714 1645 152 43 följande
882 1646 189 44 ändringar
1085 1647 11 34 i
1111 1647 299 44 avlöningsstaten
1425 1648 53 35 för
1492 1649 96 35 dom-

413 1697 158 44 kapitlen
590 1699 66 33 och
673 1698 325 43 stiftsnämnderna,
1016 1705 55 30 att
1088 1700 179 44 tillämpas
1284 1701 71 35 tills
1373 1702 120 35 vidare
1510 1702 79 35 från

413 1751 65 34 och
504 1752 79 34 med
612 1751 208 44 budgetåret
847 1752 168 43 1946/47:

794 1849 406 44 Avlöningsstat.

919 1911 161 43 Utgifter:

528 2058 51 28 II.
613 2058 328 36 Kanslipersonal
971 2059 67 29 hos
1066 2060 136 36 övriga
1230 2061 242 37 domkapitel

688 2116 98 24 samt
814 2112 361 30 stiftsnämnderna
1202 2124 43 19 m.
1270 2125 44 18 m.

416 2171 30 30 1.
469 2168 210 43 Avlöningar
696 2169 50 34 till
764 2169 167 34 ordinarie
949 2169 222 44 tjänstemän,
1188 2171 65 42 för-

467 2221 142 42 SlAgSViS
647 2248 598 9 moseeseerrresserer
1032 2217 58 53 rer
1102 2217 77 53 rose
1191 2217 58 53 rr
1276 2224 126 35 kronor
1426 2229 65 31 298
1508 2230 64 31 100

413 2329 32 30 3.
469 2326 210 43 Avlöningar
702 2327 52 33 till
778 2326 99 44 övrig
903 2327 254 36 icke-ordinarie
1183 2340 70 31 per-

468 2380 93 33 SONA
599 2407 644 9 ooseeeseeserererrrr
1031 2376 36 51 er
1076 2376 36 51 er
1123 2376 78 51 seen
1209 2376 36 51 rr
1334 2398 16 16 »
1425 2387 64 32 157
1503 2388 66 31 400

413 2435 32 31 4.
469 2432 132 43 Rörligt
620 2432 126 44 tillägg,
764 2432 194 44 förslagsvis
985 2461 258 8 ............
1334 2451 16 17 »
1446 2441 43 31 68
1503 2442 66 31 000

1108 2497 144 35 Summa
1274 2499 125 35 kronor
1423 2504 64 31 556
1503 2505 77 31 500.
