1882 2810
268 163 43 32 38
719 167 291 39 Statsutskottets
1023 173 182 37 utlåtande
1219 187 42 22 nr
1273 179 34 32 8.

970 252 404 46 Avlöningsstat.

592 311 30 31 1.
645 309 139 36 Arvode
802 311 50 35 till
873 313 375 39 universitetskanslern
1274 346 166 9 ........
1471 322 126 36 kronor
1622 328 42 31 17
1678 329 66 31 000

590 365 31 31 2.
644 362 210 45 Avlöningar
877 366 49 35 till
951 368 164 36 ordinarie
1136 370 223 43 tjänstemän,
1382 373 67 42 för-

643 416 144 43 SÅAQSViS
821 445 620 17 mosereeesrrereeerr
1209 412 57 57 rer
1276 412 55 57 rss
1344 412 33 57 rr
1390 412 55 57 osa
1532 445 17 16 »
1621 434 123 33 21000

590 472 31 31 3.
645 469 209 45 Avlöningar
871 473 48 34 till
937 474 252 37 icke-ordinarie
1207 481 153 40 personal
1411 507 30 8 ...
1531 498 17 16 -»
1622 488 122 32 11000

585 524 33 32 4.
641 522 135 45 Rörligt
788 525 126 44 tillägg,
926 527 194 44 förslagsvis
1138 557 302 11 ..............
1531 552 15 18 >
1642 541 20 30 4
1679 542 64 31 100

1300 595 143 36 Summa
1465 598 129 36 kronor
1617 604 42 31 53
1676 605 77 38 100;

633 656 36 43 b)
698 657 53 34 till
779 658 553 43 Universitetskanslersämbetet:
1354 668 218 44 Avlöningar
1593 671 53 35 för
1671 673 88 34 bud-

584 709 133 42 getåret
737 711 155 44 1946/47
912 715 124 34 anvisa
1052 721 56 30 ett
1126 716 267 47 förslagsanslag
1409 734 47 22 av
1475 726 42 31 53
1534 727 63 32 100
1616 724 141 42 kronor;

630 764 31 40 c)
701 764 54 34 till
796 764 562 44 Universitetskanslersämbetet:
1395 773 263 39 Omkostnader
1696 778 55 35 för

587 815 206 44 budgetåret
831 820 157 43 1946/47
1025 823 122 35 anvisa
1182 830 53 30 ett
1270 825 269 48 förslagsanslag
1574 843 45 22 av
1656 835 101 31 2600

585 869 139 37 kronor.

309 990 92 43 65:0)
430 991 170 43 Uppsala
620 994 238 37 universitet:
881 998 246 45 Avlöningar.
1158 1002 224 37 Beträffande
1402 1007 71 34 vad
1492 1007 132 43 Kungl.
1644 1008 112 43 Maj:t

266 1041 130 43 (punkt
417 1045 58 41 65)
499 1044 175 46 föreslagit
694 1048 183 44 riksdagen
898 1051 11 34 i
930 1051 98 44 fråga
1048 1065 58 22 om
1127 1055 121 43 anslag
1270 1057 52 34 till
1342 1056 228 38 förevarande
1591 1061 163 34 ändamål

263 1095 142 43 avgiver
423 1098 175 36 utskottet
619 1112 119 23 senare
757 1103 112 34 under
888 1104 184 45 riksdagen
1095 1108 192 44 utlåtande,
1307 1110 110 36 vilket
1436 1111 145 36 härmed

628 1155 164 35 anmäles.

305 1265 92 43 66:0)
426 1267 170 42 Uppsala
612 1269 239 37 universitet:
871 1273 286 38 Omkostnader.
1173 1277 18 33 I
1207 1278 150 43 enlighet
1375 1280 81 34 med
1473 1281 133 43 Kungl.
1623 1282 128 43 Maj:ts

263 1315 127 46 förslag
414 1320 132 42 (punkt
566 1325 57 37 66,
644 1335 27 22 s.
696 1327 65 31 147
783 1325 65 34 och
872 1327 94 42 148),
990 1328 110 35 vilket
1121 1329 147 36 innebär
1290 1344 43 21 en
1355 1334 288 44 anslagshöjning
1664 1337 82 34 med

259 1373 45 31 47
317 1374 65 32 200
410 1373 142 43 kronor,
579 1376 279 45 huvudsakligen
886 1379 182 37 föranledd
1096 1395 46 22 av
1168 1384 111 35 ökade
1306 1385 190 36 kostnader
1522 1388 55 34 för
1603 1385 148 52 bränsle,

257 1423 75 43 lyse
350 1425 65 34 och
432 1432 124 30 vatten
574 1435 92 29 samt
683 1431 165 44 städning
864 1433 65 34 och
945 1435 193 44 rengöring,
1154 1437 199 36 hemställer
1368 1440 185 43 utskottet,

621 1487 54 30 att
700 1483 184 45 riksdagen
908 1487 58 34 må
989 1487 54 35 till
1072 1488 153 44 Uppsala
1248 1491 218 36 universitet:
1492 1493 260 38 Omkostnader

575 1534 53 35 för
645 1536 210 44 budgetåret
873 1539 157 44 1946/47
1048 1542 123 35 anvisa
1187 1548 50 31 ett
1255 1544 268 46 förslagsanslag
1540 1560 45 22 av
1603 1552 65 30 382
1683 1553 66 30 200

574 1588 140 36 kronor.

301 1692 92 42 67:0)
422 1691 171 45 Uppsala
620 1696 238 36 universitet:
888 1699 174 36 Materiel
1090 1712 47 23 m.
1165 1713 47 23 m.
1261 1704 230 36 Beträffande
1519 1707 70 34 vad
1614 1704 133 52 Kungl.

255 1742 110 44 Maj:t
386 1745 131 43 (punkt
537 1747 57 43 67)
615 1747 176 45 föreslagit
807 1750 187 45 riksdagen
1012 1752 11 34 i
1040 1753 96 44 fråga
1156 1767 58 22 om
1233 1757 120 43 anslag
1371 1758 53 34 till
1442 1758 228 37 förevarande
1689 1765 58 30 än-

255 1796 116 35 damål
396 1798 143 43 avgiver
561 1801 175 36 utskottet
761 1815 121 23 senare
906 1806 112 34 under
1040 1807 186 44 riksdagen
1250 1810 193 42 utlåtande,
1467 1812 111 35 vilket
1601 1813 145 35 härmed

707 1856 167 36 anmäles.

299 1957 91 43 68:0)
419 1957 170 44 Uppsala
614 1961 238 36 universitet:
880 1963 197 46 Bokinköp
1103 1968 69 33 och
1196 1968 257 45 bokbindning
1477 1972 62 34 för
1563 1972 182 35 universi-

251 2009 305 38 tetsbiblioteket.
592 2012 170 45 Uppsala
795 2016 240 36 universitet:
1071 2019 268 37 Anskaffande
1371 2033 50 24 av
1454 2024 78 34 viss
1566 2025 179 35 utländsk

251 2063 265 44 vetenskaplig
532 2066 201 35 litteratur.
751 2067 19 34 I
787 2069 151 43 enlighet
955 2071 79 34 med
1053 2071 133 44 Kungl.
1205 2073 127 43 Maj:ts
1348 2074 130 45 förslag
1497 2077 130 43 (punkt
1644 2083 55 39 63,
1717 2092 26 22 s.

253 2117 209 43 148—151),
482 2118 107 35 vilket
610 2119 221 37 beträffande
850 2123 60 35 det
928 2123 244 36 förstnämnda
1191 2126 156 43 anslaget
1367 2128 144 36 innebär
1530 2143 42 21 en
1591 2131 152 44 anslags-

250 2167 146 45 höjning
414 2171 81 34 med
516 2175 42 30 23
573 2176 66 31 500
657 2173 130 36 kronor
807 2175 10 34 i
837 2175 94 43 syfte
949 2182 54 30 att
1022 2178 197 44 uppbringa
1238 2181 156 43 anslaget
1412 2182 53 35 till
1486 2183 256 44 förkrigsnivån

250 2222 67 33 och
336 2222 222 37 beträffande
574 2225 58 35 det
648 2226 220 36 sistnämnda
885 2230 157 43 anslaget
1059 2243 100 22 avser
1175 2233 191 36 anvisande
1382 2247 47 22 av
1446 2235 166 36 särskilda
1628 2238 114 34 medel

249 2274 53 35 till
319 2274 228 38 förevarande
565 2279 173 41 ändamål,
756 2280 198 36 hemställer
970 2279 187 51 utskottet,

613 2337 55 29 att
688 2333 184 43 riksdagen
892 2335 57 34 må
968 2335 54 34 för
1041 2336 207 44 budgetåret
1268 2342 85 32 1946
1358 2339 66 43 /47
1443 2341 122 35 anvisa

612 2385 33 42 a)
667 2385 53 34 till
741 2386 154 43 Uppsala
910 2388 221 35 universitet:
1146 2390 185 45 Bokinköp
1347 2393 66 34 och
1431 2393 241 45 bolkbindning
1687 2396 54 42 för

566 2437 435 38 universitetsbiblioteket
1044 2448 54 31 ett
1128 2444 354 45 reservationsanslag
1516 2459 44 22 av
1596 2451 63 30 148
1674 2452 66 32 500

565 2490 139 42 kronor;
