1940 2824
535 138 120 31 Första
680 136 239 38 lagutskottets
944 133 176 33 utlåtande
1144 132 49 32 Nr
1216 135 29 31 3.
1631 127 19 30 öd

144 226 178 39 synpunkt
336 226 89 30 lärer
443 233 81 22 vara
539 222 147 38 förtjänt
700 232 43 21 av
759 220 37 33 så
813 221 139 38 mycket
967 221 107 30 större
1089 218 196 32 beaktande
1302 227 76 22 som
1396 226 44 22 en
1456 216 75 32 icke
1546 216 102 31 önsk-

144 279 86 30 värd
252 278 141 31 tendens
416 277 132 30 kunnat
569 274 198 31 förmärkas
780 276 48 28 att
841 272 159 32 överföra
1014 274 148 33 tonnage
1175 269 81 31 från
1268 269 131 32 utrikes
1410 268 69 31 fart
1491 268 50 30 till
1555 267 93 30 kust-

146 329 117 32 trafik.
284 329 13 30 I
315 329 108 30 likhet
440 327 78 30 med
538 325 320 37 sjöfartsnämnden
877 324 65 30 och
960 322 115 37 övriga
1093 322 11 30 i
1121 321 143 31 ärendet
1280 320 112 31 hörda
1409 318 241 38 myndigheter

146 381 116 30 finner
281 379 57 38 jag
359 380 56 30 det
436 377 119 32 därför
575 377 187 36 angeläget,
785 378 47 28 att
846 374 131 32 sådana
990 371 395 40 lagstiftningsåtgärder
1398 371 107 30 redan
1517 379 47 20 nu
1578 369 71 31 vid-

147 434 104 34 tagas,
270 434 47 28 att
335 430 122 36 Kungl.
475 428 98 39 Maj:t
588 426 148 32 erhåller
751 426 179 39 möjlighet
946 428 48 28 att
1010 423 204 38 genomföra
1232 421 224 37 erforderliga
1470 419 181 39 reglering-

145 492 38 20 ar
202 491 42 21 av
266 482 66 30 den
353 480 130 31 inrikes
504 478 220 32 fraktfarten.
768 477 63 31 Det
850 486 101 28 synes
970 475 165 38 lämpligt,
1156 477 50 28 att
1225 474 41 31 de
1285 472 147 32 sålunda
1450 471 202 38 ifrågasatta

146 533 363 37 lagbestämmelserna
535 529 255 33 sammanföras
817 529 80 30 med
925 528 108 31 redan
1059 526 160 38 gällande
1246 524 259 32 bestämmelser
1533 524 117 30 röran-

147 586 42 30 de
210 584 166 37 reglering
396 593 42 21 av
460 584 65 29 den
545 582 130 31 utrikes
696 580 218 31 fraktfarten.
960 579 114 36 Lagen
1093 578 66 31 den
1181 578 41 29 22
1243 576 75 37 juni
1342 576 85 30 1939
1447 584 57 21 om
1523 573 129 32 förbud

147 636 10 30 i
179 636 90 30 vissa
288 635 61 30 fall
369 637 72 28 mot
462 633 129 31 utrikes
612 632 165 31 fraktfart
797 632 80 29 med
898 630 139 31 svenskt
1057 629 114 37 fartyg
1192 637 45 21 m.
1259 637 45 21 m.
1325 627 99 30 torde
1444 625 145 32 sålunda
1610 641 44 5 —

148 686 115 31 såsom
285 684 318 38 sjöfartsnämnden
624 682 177 37 föreslagit
820 699 44 4 —
884 682 85 30 böra
992 681 143 30 ersättas
1156 679 80 30 med
1258 688 42 21 en
1320 687 96 21 mera
1438 676 216 32 omfattande

148 738 65 36 lag,
236 737 159 37 gällande
416 734 94 32 såväl
533 736 66 30 den
622 734 130 30 utrikes
775 742 74 22 som
872 733 67 30 den
960 731 128 31 inrikes
1111 729 210 32 fraktfarten
1344 738 81 21 men
1446 728 11 30 i
1479 727 109 36 Övrigt
1611 736 42 21 av

149 788 11 30 i
185 787 184 32 huvudsak
396 786 183 31 enahanda
603 783 155 32 innehåll
783 793 74 21 som
884 783 83 31 1939
993 781 55 32 års
1072 782 66 36 lag.

196 840 114 36 Enligt
339 836 339 39 sjöfartsnämndens
709 835 128 36 förslag
867 834 111 31 skulle
1007 833 65 30 den
1103 831 205 37 ifrågasatta
1338 839 70 31 nya
1436 830 100 36 lagen
1564 828 91 38 gälla

151 891 68 30 alla
240 891 147 30 svenska
408 889 114 39 fartyg
542 890 83 29 utan
648 887 137 36 hänsyn
807 886 50 31 till
879 885 181 35 storleken,
1082 884 90 30 dock
1193 885 49 28 att
1262 882 82 30 visst
1365 881 178 36 undantag
1565 879 89 31 före-

151 941 68 31 slås
243 941 221 31 beträffande
490 940 55 30 det
570 948 95 21 mera
689 938 108 30 lokalt
823 936 199 37 sysselsatta
1046 935 378 36 passagerartonnaget.
1473 931 62 36 Jag
1560 931 97 30 delar

152 993 192 30 nämndens
365 990 235 38 uppfattning,
620 992 49 28 att
688 989 11 30 i
720 987 219 32 förhållande
959 986 50 31 till
1030 986 65 30 den
1117 984 202 31 nuvarande
1337 981 319 39 gränsdragningen

153 1054 43 20 en
223 1043 166 36 väsentlig
416 1040 202 38 utvidgning
645 1040 66 31 bör
739 1040 69 30 ske.
862 1037 199 32 Emellertid
1089 1037 91 30 lärer
1209 1036 56 30 det
1291 1035 11 30 i
1332 1034 184 37 praktiken
1545 1033 112 30 under

153 1096 80 35 inga
259 1093 244 32 förhållanden
528 1093 143 29 komma
697 1090 11 30 i
736 1089 97 37 fråga
862 1092 50 28 att
941 1087 203 38 genomföra
1171 1096 42 21 en
1240 1085 168 38 reglering
1435 1083 222 32 beträffande

153 1146 115 39 fartyg
291 1154 42 22 av
357 1145 41 30 de
421 1144 86 30 allra
529 1142 128 31 minsta
682 1139 390 37 storleksordningarna.
1122 1138 64 30 Det
1211 1146 99 28 synes
1333 1135 46 32 då
1402 1135 76 31 icke
1501 1133 157 38 lämpligt

154 1200 49 27 att
224 1196 70 31 låta
316 1197 100 35 lagen
441 1204 59 21 ens
522 1193 152 31 formellt
696 1192 147 30 omfatta
864 1190 120 37 dylika
1004 1189 123 37 fartyg.
1162 1188 70 31 Var
1253 1188 147 36 gränsen
1423 1186 87 31 skall
1533 1186 124 36 dragas

154 1249 70 29 kan
247 1248 156 29 däremot
426 1255 82 21 vara
532 1243 146 32 föremål
704 1243 55 31 för
782 1241 207 32 diskussion.
1038 1241 124 30 Därest
1185 1240 98 36 lagen
1310 1239 97 36 göres
1432 1236 181 37 tillämplig
1638 1235 21 32 å

154 1297 382 38 registreringspliktiga
561 1296 114 38 fartyg
697 1312 45 4 —
765 1294 30 31 d.
821 1303 29 21 v.
877 1303 25 21 s.
930 1293 123 35 fartyg,
1078 1291 95 31 vilka
1196 1291 60 30 äro
1281 1289 152 32 avsedda
1457 1291 48 28 att
1527 1286 131 38 nyttjas

157 1350 49 30 till
234 1347 272 37 handelssjöfart
536 1347 81 30 eller
646 1345 162 31 resandes
837 1342 259 33 fortskaffande
1127 1342 67 31 och
1224 1341 64 37 äga
1317 1350 43 21 en
1390 1339 196 37 dräktighet
1616 1347 42 22 av

157 1401 41 30 20
225 1400 200 36 registerton
452 1398 81 31 eller
557 1397 187 31 därutöver
767 1412 44 5 —
837 1404 101 28 synes
965 1403 83 21 man
1075 1393 90 30 dock
1193 1392 105 31 vinna
1327 1390 174 38 garantier
1527 1389 56 31 för
1611 1391 49 29 att

157 1452 66 30 alla
253 1451 124 38 fartyg,
407 1458 75 21 som
511 1448 11 30 i
551 1447 185 37 praktiken
765 1447 120 29 kunna
915 1444 257 37 ifrågakomma
1202 1443 56 30 för
1286 1441 178 37 reglering,
1494 1440 165 31 omfattas

157 1511 43 21 av
226 1502 109 36 lagen,
366 1499 176 36 samtidigt
569 1508 75 21 som
672 1500 163 33 tonnaget
863 1505 42 22 av
937 1496 42 30 de
1006 1495 85 30 allra
1119 1494 128 30 minsta
1277 1491 382 37 storleksordningarna

157 1553 86 29 även
282 1551 152 30 formellt
472 1550 134 30 lämnas
644 1548 143 31 utanför
822 1547 118 36 lagens
968 1543 391 38 tillämpningsområde.
1410 1542 64 37 Jag
1500 1541 162 31 förordar

158 1603 92 36 förty
270 1612 41 21 en
330 1601 96 40 dylik
444 1600 193 36 avfattning
655 1609 42 21 av
717 1597 265 37 ifrågavarande
998 1596 251 31 bestämmelse.
1292 1594 74 31 Vad
1384 1593 153 31 härefter
1553 1591 109 37 angår

159 1654 67 30 den
257 1652 249 37 nyssnämnda,
540 1657 43 25 av
614 1649 322 38 sjöfartsnämnden
970 1647 197 36 föreslagna
1200 1643 461 38 undantagsbestämmelsen

157 1704 80 30 med
266 1703 168 31 avseende
466 1700 20 32 å
516 1701 82 30 visst
629 1702 353 36 passagerartonnage
1010 1698 95 30 delar
1137 1696 58 38 jag
1225 1696 194 31 nämndens
1439 1693 224 39 uppfattning

159 1756 221 30 härutinnan.
437 1754 183 35 Undantag
647 1753 99 30 torde
775 1751 147 31 sålunda
950 1751 85 30 böra
1064 1750 101 36 göras
1194 1747 223 31 beträffande
1445 1753 216 30 passagerar-

161 1806 112 37 fartyg
297 1806 78 30 med
400 1815 41 21 en
464 1803 315 36 bruttodräktighet
803 1800 266 37 understigande
1095 1800 65 30 350
1184 1799 211 37 registerton.
1444 1797 78 30 Med
1545 1805 117 28 passa-

161 1857 213 38 gerarfartyg
396 1856 97 30 torde
514 1855 122 30 härvid
657 1855 87 29 böra
766 1852 126 32 förstås
915 1852 123 35 fartyg,
1063 1851 56 30 för
1140 1850 105 30 vilket
1266 1848 160 38 gällande
1447 1855 215 30 passagerar-

162 1906 308 40 fartygscertifikat
495 1906 39 29 är
558 1905 166 30 utfärdat.
750 1923 44 3 —
819 1902 288 37 Bogserfartygen
1133 1901 98 30 torde
1258 1900 167 34 däremot,
1453 1897 114 32 såsom
1596 1896 67 37 sjö-

161 1956 265 32 fartsnämnden
448 1954 183 35 föreslagit,
654 1955 85 29 böra
761 1952 195 37 inbegripas
977 1952 109 30 under
1108 1950 211 37 regleringen
1342 1950 132 29 oavsett
1495 1947 170 31 storleken

161 2009 65 30 och
242 2006 181 37 bogsering
442 2006 84 30 böra
545 2003 193 38 jämställas
758 2004 77 30 med
856 2002 184 31 fraktande
1060 2011 42 21 av
1122 2002 84 35 gods
1226 2000 78 30 med
1324 1999 125 36 fartyg.

207 2055 92 34 Även
322 2067 56 21 om
400 2057 99 35 lagen
521 2055 145 31 sålunda
687 2073 44 3 —
752 2055 77 29 med
851 2052 237 39 nyssnämnda
1111 2051 178 37 undantag
1309 2068 44 4 —
1375 2048 207 38 principiellt
1604 2049 63 30 bör

164 2111 88 35 gälla
277 2109 68 30 alla
370 2108 115 37 fartyg
509 2116 55 21 om
591 2106 105 31 minst
722 2106 40 30 20
788 2104 199 37 registerton
1014 2105 37 29 är
1077 2103 57 30 det
1160 2102 104 30 likväl
1290 2101 205 37 uppenbart,
1522 2102 48 28 att
1598 2099 67 30 för-

163 2160 178 31 ordnande
361 2158 104 37 enligt
486 2158 97 36 lagen
600 2157 63 29 bör
684 2157 118 29 kunna
822 2165 80 21 avse
923 2155 143 30 allenast
1086 2154 115 37 fartyg
1222 2162 41 21 av
1283 2152 68 30 viss
1373 2149 294 36 storleksordning

163 2211 81 30 eller
264 2219 41 21 av
324 2209 84 30 visst
427 2209 72 36 slag
518 2209 80 30 eller
618 2208 65 29 ock
703 2207 120 31 endast
842 2207 115 36 fartyg
977 2206 10 29 i
1006 2205 67 30 viss
1093 2204 69 30 fart
1183 2213 30 21 o.
1234 2213 25 21 s.
1280 2213 30 20 v.
1354 2202 64 30 Det
1439 2202 62 30 bör
1521 2200 146 31 sålunda

166 2261 86 37 ligga
270 2260 9 29 i
298 2259 122 36 Kungl.
440 2257 117 36 Maj:ts
574 2258 95 29 hand
687 2260 48 27 att
754 2255 76 31 från
845 2257 50 29 tid
912 2256 50 29 till
981 2264 115 20 annan
1114 2255 203 33 bestämma,
1337 2253 9 30 i
1365 2252 115 30 vilken
1497 2251 170 31 utsträck-

165 2311 81 35 ning
275 2307 323 37 regleringstvånget
627 2307 88 29 skall
744 2306 97 36 gälla.
906 2304 191 37 Självfallet
1127 2304 63 29 bör
1218 2301 450 38 regleringsverksamheten

165 2360 74 31 icke
263 2359 194 30 utsträckas
481 2359 119 29 utöver
625 2358 67 29 vad
717 2357 55 30 det
796 2356 151 30 aktuella
968 2355 86 36 läget
1079 2355 138 34 kräver;
1243 2352 121 31 härför
1389 2352 87 30 talar
1501 2352 84 29 även
1613 2351 57 29 det

165 2421 42 20 av
224 2409 318 37 sjöfartshämnden
556 2408 185 30 anmärkta
759 2405 241 35 förhållandet,
1018 2408 48 27 att
1083 2407 46 28 ett
1146 2403 246 31 utsträckande
1410 2412 42 20 av
1470 2401 198 37 reglerings-

166 2460 136 37 tvånget
322 2460 50 30 till
393 2460 115 37 fartyg
528 2468 40 21 av
589 2458 136 30 mindre
746 2457 126 31 storlek
894 2456 135 31 medför
1050 2465 42 21 en
1114 2455 100 36 högst
1236 2453 194 38 betydande
1452 2452 218 37 ansvällning
