1940 2822
553 137 121 31 Första
699 135 238 37 lagutskottets
962 132 177 33 utlåtande
1163 132 48 31 Nr
1235 133 30 30 3.
1639 124 18 30 3

155 224 66 32 vad
243 223 10 31 i
276 224 20 31 3
321 224 18 37 8
364 223 39 30 är
423 221 143 37 stadgat,
591 219 139 32 straffes
752 219 165 37 fartygets
939 219 102 35 ägare
1064 217 81 31 eller
1166 216 77 36 den,
1267 224 76 22 som
1365 213 97 38 eljest
1487 215 79 36 äger
1589 212 67 33 för-

156 275 78 37 foga
258 275 82 30 över
367 273 158 37 fartyget,
552 271 80 31 med
658 270 182 36 dagsböter
865 269 80 31 eller
973 267 153 37 fängelse
1150 267 11 30 i
1187 267 97 36 högst
1315 268 47 28 ett
1387 264 48 31 år.

870 371 18 30 5
914 370 28 38 8.

200 444 111 35 Böter,
332 452 76 21 som
426 440 142 33 ådömas
590 440 103 37 enligt
714 439 114 31 denna
848 438 65 37 lag,
934 435 38 33 så
990 436 66 32 ock
1075 436 67 31 vad
1160 436 66 31 den
1246 434 178 38 brottslige
1443 433 81 32 eller
1543 442 116 22 annan

156 493 96 39 eljest
275 492 140 38 jämlikt
437 492 113 31 denna
574 491 56 37 lag
653 489 184 38 förpliktas
862 488 116 37 utgiva
1001 487 138 31 tillfalla
1160 486 146 31 kronan.

201 630 121 31 Denna
346 629 56 37 lag
426 628 114 31 träder
563 627 10 31 i
596 626 93 32 kraft
710 626 111 37 dagen
843 625 86 31 efter
953 625 76 35 den,
1056 622 44 32 då
1122 623 99 37 lagen
1242 621 106 38 enligt
1370 619 84 33 därå
1478 619 182 33 meddelad

157 680 137 38 uppgift
323 678 80 33 från
432 678 132 39 trycket
593 676 186 33 utkommit
804 676 11 31 i
846 675 131 32 Svensk
1003 672 385 38 författningssamling.

202 731 79 32 Med
296 730 169 32 avseende
482 728 20 32 å
517 729 125 37 fartyg,
662 737 74 22 som
755 727 58 31 vid
831 727 67 31 den
914 726 50 31 tid
983 724 44 33 då
1046 724 246 37 förordnande,
1310 732 120 22 varom
1447 722 11 31 i
1475 723 18 30 2
1515 722 18 38 8
1554 721 107 31 första

158 782 131 38 stycket
310 782 88 36 sägs,
419 780 114 32 träder
553 780 10 30 i
587 778 218 37 tillämpning
831 779 37 30 är
890 775 157 39 upplåtet
1069 775 51 31 till
1140 774 183 37 utlänning
1346 782 123 29 genom
1492 772 93 32 avtal
1605 781 56 22 om

158 832 291 37 tidsbefraktning
471 831 81 31 eller
574 829 191 39 nyttjande,
789 828 89 31 skall
900 828 67 31 vad
988 827 11 31 i
1020 826 115 31 denna
1154 826 55 37 lag
1229 825 139 37 stadgas
1390 824 76 32 icke
1488 823 174 38 tillämpas

159 884 38 32 så
214 884 100 37 länge
335 883 126 31 avtalet
482 883 39 30 är
543 881 167 38 gällande.

202 935 83 37 Har,
311 933 46 32 då
383 932 236 33 förordnande
645 941 74 22 som
746 940 84 28 nyss
857 933 90 34 sagts
972 929 116 31 träder
1112 928 11 31 i
1149 927 230 38 tillämpning,
1407 926 115 38 fartyg
1549 923 114 39 avgått

159 985 79 33 från
258 988 63 34 ort,
343 985 64 31 där
427 984 83 38 gods
532 983 157 31 inlastats
711 982 81 31 eller
815 979 156 33 varifrån
994 979 182 38 bogsering
1199 978 89 31 skall
1310 978 71 37 ske,
1405 977 80 31 eller
1505 976 158 32 befinner

160 1037 49 38 sig
228 1037 149 37 fartyget
396 1036 57 30 vid
471 1034 155 32 nämnda
648 1034 162 37 tidpunkt
831 1031 45 39 på
897 1041 76 22 resa
991 1034 85 28 utan
1098 1031 75 36 last,
1196 1028 67 38 må,
1284 1032 85 29 utan
1388 1028 124 32 hinder
1531 1037 43 21 av
1596 1027 66 31 för-

159 1087 204 37 ordnandet,
399 1086 117 37 godset
550 1083 206 34 fortskaffas
791 1084 52 30 till
876 1082 341 32 bestämmelseorten
1249 1080 83 31 eller
1364 1088 101 23 resan
1497 1078 51 32 dit
1581 1078 82 31 fort-

160 1141 115 30 sättas.

205 1189 131 32 Genom
359 1189 114 31 denna
496 1188 56 37 lag
575 1187 179 37 upphäves
778 1186 101 36 lagen
901 1185 66 31 den
990 1185 41 30 22
1056 1183 76 38 juni
1160 1183 82 31 1939
1275 1181 54 41 (nr
1353 1180 75 41 300)
1457 1190 58 22 om
1538 1180 126 32 förbud

161 1242 10 30 i
193 1241 90 31 vissa
305 1240 63 31 fall
391 1242 72 29 mot
485 1239 131 31 utrikes
641 1237 164 32 fraktfart
826 1237 80 30 med
927 1235 140 32 svenskt
1090 1234 114 37 fartyg
1226 1243 47 22 m.
1297 1243 62 27 m.;
1381 1232 89 32 dock
1494 1234 49 29 att
1567 1231 67 31 vad
1654 1231 10 30 i

162 1292 66 31 den
244 1301 49 22 nu
310 1290 190 38 upphävda
518 1290 100 37 lagen
636 1289 136 37 stadgas
792 1287 11 31 i
826 1286 98 39 fråga
943 1296 58 22 om
1022 1284 111 33 sådan
1149 1285 111 31 under
1278 1284 96 32 tiden
1394 1283 55 32 för
1467 1283 118 37 lagens
1607 1282 58 37 gil-

163 1343 105 38 tighet
285 1341 178 38 begången
480 1341 172 36 förseelse,
673 1349 74 22 som
768 1339 11 30 i
796 1339 100 36 lagen
915 1347 108 27 avses,
1044 1337 88 31 skall
1153 1337 63 36 äga
1235 1334 220 39 tillämpning
1473 1335 88 31 även
1582 1333 84 32 efter

163 1394 55 31 det
240 1394 101 36 lagen
364 1393 11 30 i
399 1392 108 37 övrigt
528 1392 153 36 upphört
705 1393 48 28 att
776 1390 100 36 gälla.

209 1589 13 30 I
248 1586 100 38 fråga
373 1596 58 22 om
457 1587 41 30 de
525 1585 85 36 skäl,
639 1594 74 22 som
738 1584 91 37 ligga
853 1584 50 30 till
928 1582 113 38 grund
1069 1582 55 30 för
1150 1581 122 36 Kungl.
1302 1579 118 37 Maj:ts
1445 1579 140 36 förslag,
1613 1577 54 32 får

164 1640 173 35 utskottet,
372 1638 3 30 i
401 1638 66 30 den
491 1635 84 32 mån
599 1635 215 37 redogörelse
840 1634 120 31 därför
986 1633 31 37 ej
1044 1633 135 30 lämnas
1203 1632 65 30 här
1295 1631 123 36 nedan,
1445 1630 147 32 hänvisa
1618 1629 49 30 till

164 1689 269 38 propositionen.

209 1790 114 37 Enligt
345 1791 14 29 1
385 1790 18 37 8
425 1790 99 36 lagen
545 1789 67 31 den
632 1789 40 29 22
685 1787 76 37 juni
778 1787 83 30 1939
878 1786 53 39 (nr
944 1784 75 41 300)
1040 1795 57 21 om
1111 1784 127 31 förbud
1251 1784 11 30 i
1276 1783 91 31 vissa
1380 1782 62 32 fall
1455 1784 72 29 mot
1540 1781 129 32 utrikes

166 1841 165 31 fraktfart
349 1840 80 31 med
444 1839 140 31 svenskt
600 1838 114 37 fartyg
732 1847 46 21 m.
798 1847 45 21 m.
862 1838 78 36 äger
960 1836 124 36 Kungl.
1103 1834 102 37 Maj:t
1221 1834 58 31 vid
1297 1833 77 38 krig
1390 1834 80 30 eller
1487 1832 182 37 krigsfara,

166 1893 72 30 vari
257 1891 89 31 riket
367 1890 159 31 befinner
548 1889 61 37 sig,
632 1889 80 31 eller
731 1887 99 37 eljest
848 1887 110 31 under
978 1885 301 36 utomordentliga,
1303 1894 43 21 av
1367 1884 76 37 krig
1466 1882 205 32 föranledda

168 1942 243 32 förhållanden
429 1940 176 36 förordna,
624 1942 48 28 att
692 1939 66 30 vad
778 1938 11 31 i
809 1940 18 29 2
848 1938 65 31 och
931 1939 20 29 3
969 1938 41 37 88
1029 1936 11 31 i
1058 1937 99 36 lagen
1176 1936 138 36 stadgas
1334 1935 88 31 skall
1440 1935 64 36 äga
1523 1933 148 37 tillämp-

167 1994 91 36 ning.
305 1992 131 31 Varder
455 1991 30 38 ej
507 1990 172 31 meddelat
702 1988 235 32 förordnande
961 1997 43 21 av
1025 1985 235 38 nästföljande
1282 1985 141 37 riksdag
1443 1984 96 31 inom
1560 1983 112 31 trettio

168 2045 106 37 dagar
291 2042 80 33 från
390 2043 201 36 riksdagens
610 2040 124 38 början
754 2040 105 37 gillat,
878 2039 88 31 skall
984 2038 193 31 detsamma
1195 2037 86 30 efter
1301 2034 172 39 utgången
1492 2044 42 22 av
1551 2035 121 31 nämn-

169 2096 44 31 da
232 2095 50 31 tid
300 2095 160 37 upphöra
479 2096 49 28 att
549 2092 105 31 lända
675 2091 49 31 till
746 2090 235 32 efterrättelse.
1027 2089 131 31 Genom
1178 2087 205 38 kungörelse
1403 2086 66 31 den
1488 2087 20 30 6
1528 2088 144 36 septem-

169 2147 58 30 ber
251 2146 83 31 1939
362 2145 53 40 (nr
437 2143 75 40 640)
539 2144 65 30 har
624 2143 122 36 Kungl.
767 2141 102 37 Maj:t
891 2141 173 30 meddelat
1084 2139 236 31 förordnande
1342 2147 74 21 som
1437 2146 82 28 nyss
1540 2137 39 30 är
1600 2138 73 35 sagt

169 2200 48 28 att
233 2197 90 37 gälla
342 2194 79 32 från
439 2196 65 30 och
523 2194 80 31 med
619 2194 65 30 den
703 2194 36 29 11
758 2192 194 37 september
971 2192 84 30 1939
1074 2191 66 30 tills
1160 2189 126 31 vidare.
1330 2187 262 32 Förordnandet
1610 2187 63 30 har

170 2257 41 21 av
232 2247 186 36 riksdagen
437 2246 111 36 gillats
574 2244 138 39 (urtima
732 2243 202 36 riksdagens
956 2241 164 31 skrivelse
1141 2241 66 30 den
1229 2241 16 29 7
1269 2239 145 31 oktober
1436 2238 83 31 1939
1543 2246 41 22 nr
1606 2235 67 41 14).

171 2300 13 29 I
203 2300 18 29 2
241 2299 18 37 8
278 2296 234 32 omförmälda
531 2296 54 35 lag
606 2295 136 35 stadgas
763 2293 108 31 bland
891 2294 116 33 annat,
1028 2294 49 27 att
1095 2290 79 31 med
1195 2290 141 31 svenskt
1355 2289 123 37 fartyg,
1499 2297 76 22 som
1596 2288 78 36 äger

170 2358 42 21 en
230 2346 316 37 bruttodräktighet
568 2355 42 20 av
632 2346 62 29 200
714 2343 202 38 registerton
936 2342 81 31 eller
1041 2341 193 35 därutöver,
1256 2339 85 38 gods
1365 2338 75 31 icke
1462 2337 58 32 må
1542 2337 132 31 fraktas

171 2399 127 31 mellan
318 2398 130 31 utrikes
467 2399 91 29 orter
579 2396 81 30 eller
679 2395 129 30 mellan
825 2393 125 31 svensk
970 2393 66 30 och
1056 2391 130 32 utrikes
1205 2393 53 28 ort
1278 2392 86 29 utan
1383 2392 48 29 att
1449 2387 227 38 medgivande

173 2450 114 31 därtill
312 2449 149 31 lämnats
487 2457 42 21 av
555 2447 122 36 Kungl.
702 2444 101 37 Maj:t
826 2445 81 30 eller
930 2444 67 30 den
1021 2442 123 37 Kungl.
1171 2440 101 37 Maj:t
1298 2440 116 31 därtill
1439 2438 235 38 bemyndigat;
