2208 2632
410 152 39 30 10
641 159 109 29 Första
774 161 179 30 kammarens
978 162 145 31 andra
1148 167 150 38 tillfälliga
1322 171 121 29 utskotts
1465 173 150 30 utlåtande
1638 175 47 29 Nr
1709 177 51 28 16.

408 234 39 37 på
482 235 96 30 våren
613 238 59 29 och
707 248 181 23 sommaren
923 242 261 34 förekommande
1218 247 95 31 laxen
1337 251 35 28 är
1394 251 41 37 på
1458 254 59 36 väg
1540 262 67 29 upp
1631 255 49 29 till
1705 256 200 31 Mörrumsån
1930 259 76 31 eller

406 278 95 30 också
524 279 100 32 delvis
647 283 55 37 går
724 292 69 31 upp
817 285 49 30 till
890 286 98 30 andra
1011 288 88 30 älvar
1121 290 48 30 för
1193 294 46 27 att
1262 292 81 37 leka,
1369 295 35 28 så
1426 294 64 31 kan
1514 296 105 31 denna
1641 299 89 39 fråga
1747 300 128 31 utredas
1891 303 113 31 endast

405 332 113 28 genom
542 325 197 32 omfattande
763 329 302 40 märkningsförsök.

515 368 169 32 Huruvida
712 372 55 30 det
789 373 50 30 för
862 377 46 28 att
930 375 110 31 kunna
1064 378 104 30 utföra
1191 379 91 31 dessa
1306 383 293 39 märkningsförsök
1623 387 91 31 bleve
1738 390 196 41 nödvändigt
1957 396 46 28 att

404 411 83 40 köpa
521 413 54 30 lax
609 415 117 39 fångad
756 419 130 30 utanför
908 419 53 31 det
984 423 183 30 nuvarande
1190 424 317 41 fredningsområdet,
1533 430 76 30 eller
1632 431 54 31 det
1710 443 73 21 vore
1807 436 127 40 möjligt
1956 441 46 27 att

402 456 49 29 för
484 457 183 33 ändamålet
701 462 144 31 anordna
879 464 159 40 laxfångst
1072 467 87 30 inom
1184 468 86 31 detta
1293 472 138 36 område,
1457 473 109 31 därom
1591 475 63 31 kan
1678 476 322 44 lantbruksstyrelsen

402 501 41 38 på
465 501 126 39 frågans
615 506 185 31 nuvarande
824 508 198 40 ståndpunkt
1045 511 70 30 icke
1138 515 84 36 yttra
1245 515 55 38 sig.

512 547 259 33 Vidkommande
796 552 66 29 åter
885 554 310 41 äganderättsfrågan
1219 559 35 29 så
1277 559 89 31 torde
1391 560 103 32 denna
1510 563 184 40 lämpligast
1710 566 76 31 böra
1802 569 197 31 överlämnas

400 590 32 29 åt
466 592 102 37 någon
604 593 54 29 vid
692 595 191 31 hithörande
917 598 257 42 arkivforskning
1207 612 60 21 van
1305 614 121 29 person,
1450 606 50 30 för
1523 607 61 31 den
1608 609 152 31 händelse
1784 615 48 27 att
1855 612 54 31 det
1930 615 69 30 icke

400 633 144 32 befinnes
576 647 75 20 vara
684 639 306 41 ändamålsenligare
1025 647 48 27 att
1106 655 113 29 genom
1254 650 207 37 processuellt
1483 651 181 33 förfarande
1687 655 34 29 få
1739 655 111 40 frågan
1873 659 123 30 utredd.

509 680 49 30 Då
591 681 126 40 frågans
741 685 36 29 så
800 686 61 30 vitt
883 687 127 39 möjligt
1032 688 208 42 fullständiga
1263 693 171 40 utredning
1456 698 35 27 är
1514 706 40 21 av
1578 700 115 29 största
1716 700 209 31 ekonomiska
1949 703 48 30 be-

398 723 121 39 tydelse
554 725 49 30 för
637 737 39 19 en
704 731 64 28 rätt
791 730 95 30 talrik
909 731 309 43 fiskarebefolkning,
1243 747 93 21 anser
1358 738 332 43 lantbruksstyrelsen,
1716 745 110 31 oaktat
1850 746 39 30 de
1912 757 83 21 avse-

397 767 97 31 värda
521 769 179 39 kostnader,
726 783 70 20 som
821 775 208 40 utredningen
1053 780 161 30 sannolikt
1236 781 104 31 skulle
1364 784 151 37 medföra,
1541 789 48 27 att
1612 787 54 31 det
1689 798 73 21 vore
1787 790 140 40 önskligt
1951 795 46 27 att

397 821 36 20 en
459 812 90 40 dylik
573 816 171 40 utredning
768 818 91 31 bleve
883 820 116 31 utförd.

506 857 184 33 Stockholm
716 862 60 30 den
803 863 40 29 28
869 874 83 21 mars
978 865 94 30 1916.

1082 938 233 41 Underdånigst

1007 991 206 31 WILHELM
1237 994 143 31 FLACH

540 1080 144 32 Fredrik
707 1082 188 40 Egerström
1577 1096 68 32 Osc.
1672 1097 180 41 Nordqvist

1807 1419 122 42 Bilaga
1954 1425 28 27 2.

748 1503 169 37 Yttrande
937 1506 93 41 från
1060 1508 253 38 DListerlandets
1334 1508 298 55 Jiskeriförening.

550 1606 79 30 TiLL
653 1608 147 31 ANDRA
824 1610 269 33 KAMMARENS
1117 1610 159 35 FJÄRDE
1301 1613 283 36 TILLFÄLLIGA
1610 1621 200 32 UTSKOTT.

496 1685 63 30 Till
582 1696 71 21 svar
676 1689 19 28 å
718 1689 75 29 eder
816 1690 149 31 skrivelse
989 1702 39 20 av
1045 1693 62 30 den
1125 1694 18 29 9
1159 1695 139 30 februari
1312 1696 87 30 detta
1414 1698 42 36 år,
1475 1700 161 38 angående
1653 1702 108 39 begärt
1776 1705 148 37 yttrande
1941 1716 38 20 av

384 1728 226 33 Listerlandets
645 1732 262 41 fiskeriförening,
943 1736 161 31 huruvida
1132 1738 60 31 den
1220 1750 113 28 genom
1359 1743 163 30 motionen
1549 1744 60 30 109
1634 1746 11 29 i
1668 1747 100 30 andra
1791 1748 186 32 kammaren

382 1772 55 30 vid
460 1774 82 30 årets
565 1775 128 40 riksdag
716 1778 138 38 begärda
878 1780 210 40 utredningen
1112 1793 39 20 av
1174 1784 116 39 Kungl.
1317 1785 94 40 Maj:t
1434 1788 59 29 och
1511 1788 70 31 dess
1602 1789 96 31 därav
1715 1791 188 32 föranledda
1918 1795 59 29 för-

382 1816 67 39 slag
471 1818 11 29 i
505 1819 130 31 ärendet
657 1821 63 30 kan
745 1832 92 21 anses
862 1834 73 19 vara
958 1835 39 19 av
1020 1826 139 32 rådande
1182 1829 223 31 förhållanden
1430 1832 149 39 påkallad
1600 1838 84 27 samt
1699 1836 62 30 vad
1776 1837 10 29 i
1804 1837 173 40 anledning

382 1861 95 30 därav
511 1864 181 39 ytterligare
720 1866 65 30 kan
814 1878 74 20 vara
911 1872 46 27 att
980 1871 120 37 anföra,
1125 1873 57 29 vill
1206 1874 292 41 fiskeriföreningen
1522 1878 129 39 tillägga
1673 1880 144 40 följande
1841 1882 50 30 till
1915 1884 60 29 vad

381 1915 66 21 som
472 1907 87 31 förut
583 1909 91 31 blivit
696 1911 200 31 framhållet:

623 2010 27 28 1.
700 2010 55 29 Om
779 2010 144 31 nämnda
940 2011 274 43 fredningslinjes
1239 2015 153 33 tillkomst
1415 2018 54 31 och
1492 2020 200 41 sträckning.

489 2086 61 30 Det
573 2097 93 29 synes
690 2099 50 20 oss
765 2090 84 30 klart
873 2109 41 3 —
938 2096 174 27 motsatsen
1136 2095 87 30 torde
1247 2098 29 38 ej
1302 2097 111 31 kunna
1436 2100 123 30 bevisas
1583 2120 42 3 —
1646 2106 47 27 att
1709 2103 189 32 densamma
1914 2107 59 29 till-

378 2128 137 32 kommit
538 2135 78 26 utan
640 2134 102 38 någon
768 2135 124 39 hänsyn
916 2137 49 29 till
989 2138 228 32 Listerlandets
1234 2141 247 33 fiskeriidkande
1498 2145 194 41 befolkning,
1711 2149 193 39 visserligen,
1922 2161 49 20 en-

377 2172 57 39 ligt
457 2175 200 38 traditionen,
682 2178 30 29 d.
738 2189 68 20 v.s.
833 2180 97 39 enligt
953 2182 62 30 vad
1039 2182 39 30 de
1101 2184 105 38 gamla
1229 2186 163 31 meddelat
1414 2189 69 29 sina
1506 2192 92 28 söner
1614 2191 61 30 den
1692 2202 59 20 ena
1767 2195 202 30 mansåldern

377 2218 78 29 efter
478 2219 61 30 den
564 2221 98 30 andra
685 2232 115 28 genom
826 2228 45 26 ett
894 2235 56 29 par
973 2227 233 38 århundraden,
1231 2232 243 39 ursprungligen
1498 2235 41 37 på
1556 2245 38 20 en
1611 2236 57 37 tid,
1686 2237 41 30 då
1742 2237 228 33 Listerlandets
