2195 2687
370 187 20 31 2
594 185 117 33 Andra
736 186 204 32 kammarens
963 185 103 32 andra
1092 183 168 42 tillfälliga
1284 184 137 32 utskotts
1445 184 168 32 utlåtande
1637 184 52 31 Nr
1713 186 52 30 10.

370 279 182 37 huruvida
594 280 66 35 och
702 279 14 35 i
748 279 126 35 vilken
901 278 255 47 utsträckning
1184 278 128 48 bidrag
1340 291 44 22 av
1412 277 207 36 statsmedel
1648 279 57 33 må
1733 277 125 36 kunna
1886 280 87 45 utgå

370 334 56 36 till
469 334 241 45 skoldistrikt,
754 334 101 36 vilka
896 334 157 35 beslutat
1096 334 160 35 anordna
1284 331 389 48 läkarundersökning,
1704 332 13 35 i
1746 335 113 33 större
1887 333 86 35 eller

370 389 140 36 mindre
538 389 234 47 omfattning,
795 402 43 22 av
857 388 186 48 lärjungar
1064 388 13 35 i
1097 391 88 32 små-
1205 389 66 34 och
1291 387 258 44 folkskolorna,
1572 390 93 32 samt
1686 386 55 37 för
1761 387 212 48 Riksdagen

370 444 200 47 framlägga
599 444 60 35 det
687 444 146 46 förslag,
864 442 121 36 vartill
1013 442 244 48 utredningen
1285 442 73 35 kan
1388 442 83 47 giva
1500 441 207 47 anledning.

477 499 72 35 Till
577 499 81 35 stöd
686 498 55 36 för
770 499 123 34 denna
921 497 215 36 hemställan
1164 498 67 34 har
1258 497 179 35 utskottet
1466 496 135 36 anfört:

483 554 71 34 »På
583 552 269 47 framställning
881 565 44 23 av
960 552 138 47 Kungl.
1134 552 106 48 Maj:t
1268 551 179 48 beviljade
1476 550 213 47 Riksdagen
1718 553 39 32 år
1789 553 97 33 1911
1919 550 56 36 til

369 607 234 37 bestridande
632 621 45 23 av
705 607 154 48 utgifter
888 607 54 35 för
971 606 316 47 undersökningar
1315 606 153 35 rörande
1487 605 487 36 hälsovårdsförbållandena

369 663 63 36 vid
461 662 89 36 folk-
580 663 67 35 och
677 662 198 35 småskolor
904 663 20 33 å
953 662 166 46 Sveriges
1148 661 202 47 landsbygd
1380 664 52 32 ett
1460 660 124 47 anslag
1617 662 46 44 på
1696 663 104 32 extra
1826 663 73 32 stat
1918 661 56 35 för

370 720 39 32 år
454 719 100 32 1912
586 729 43 23 av
661 719 114 41 5,000
804 716 145 35 kronor.
1008 716 114 34 Dessa
1150 714 319 47 undersökningar
1499 714 127 43 skulle,
1659 717 114 32 såsom
1802 714 14 34 1
1844 713 129 36 Andra

370 772 230 35 kammarens
629 772 114 34 andra
772 769 183 48 tillfälliga
982 769 159 37 utskotts
1170 770 187 35 utlåtande
1385 769 117 35 finnes
1531 771 197 41 omnämnt,
1758 767 214 37 verkställas

369 839 129 35 genom
535 826 154 36 svenska
718 824 537 48 provinsialläkarföreningens
1284 824 139 46 försorg
1451 824 65 35 och
1546 823 150 35 omfatta
1724 823 110 35 bland
1863 827 111 32 annat

370 881 188 35 skolhuset
587 881 80 34 med
695 879 205 47 inredning,
931 878 331 47 undervisningens
1292 878 136 48 hygien
1457 880 93 33 samt
1578 877 251 48 lärjungarnas
1859 878 114 35 hälso-

368 935 176 36 tillstånd.
602 935 68 35 Låt
698 947 95 31 vara,
825 935 52 34 att
905 934 70 35 den
1004 947 50 22 nu
1082 934 158 34 nämnda
1268 933 173 47 åtgärden
1468 933 128 34 endast
1616 931 137 48 åsyftar
1773 933 52 34 att
1846 934 126 45 åväga-

369 990 131 47 bringa
528 1002 46 22 en
612 988 266 49 jämförelsevis
920 989 202 46 begränsad
1150 988 67 35 och
1245 987 292 46 huvudsakligen
1566 986 181 36 statistisk
1775 987 198 35 undersök-

368 1044 101 48 ning,
501 1047 39 33 så
568 1044 95 36 visar
692 1043 158 36 beslutet
879 1043 103 44 dock,
1014 1046 53 31 att
1094 1041 212 48 Riksdagen
1336 1041 183 48 bebjärtar
1547 1041 129 47 frågan
1695 1053 56 23 om
1771 1041 200 35 undersök-

368 1099 134 47 ningar
529 1099 154 35 rörande
711 1097 306 36 hälsotillståndet
1045 1097 110 36 bland
1183 1097 141 35 landets
1354 1099 88 32 små-
1471 1096 66 35 och
1566 1095 282 36 folkskolebarn.

476 1153 57 35 En
577 1154 113 34 sådan
731 1152 229 46 Riksdagens
996 1151 228 46 ståndpunkt
1251 1151 117 35 finner
1395 1150 181 35 utskottet
1605 1162 85 23 vara
1717 1149 160 47 naturlig
1906 1150 66 35 och

368 1206 125 48 riktig.
552 1207 143 35 Statens
724 1206 153 35 intresse
907 1218 43 23 av
979 1208 54 32 att
1060 1205 156 35 barnens
1246 1204 267 36 hälsotillstånd
1540 1206 46 45 på
1615 1207 52 31 ett
1685 1203 110 47 tidigt
1815 1203 156 35 stadium

368 1261 225 35 undersökes
621 1261 118 46 ligger
766 1260 13 35 i
808 1260 120 35 alltför
957 1265 118 41 öppen
1106 1260 68 47 dag
1194 1259 55 35 för
1269 1263 53 30 att
1343 1259 63 34 här
1426 1259 140 34 behöva
1584 1263 166 29 närmare
1768 1257 201 36 utvecklas.

369 1316 152 46 Månget
563 1314 153 48 sjukligt
759 1314 105 47 anlag
901 1314 100 35 torde
1030 1316 45 44 på
1105 1316 38 32 så
1171 1312 54 36 vis
1254 1312 125 35 kunna
1408 1312 136 36 kvävas
1571 1311 14 35 i
1614 1311 56 35 sin
1698 1311 112 44 linda,
1841 1312 131 34 medan

370 1370 61 34 det
472 1369 180 35 måhända
681 1368 103 48 eljest
813 1369 142 34 kunnat
984 1368 172 46 ödelägga
1184 1366 189 36 individen
1401 1367 66 35 och
1496 1372 102 38 även,
1629 1378 54 23 om
1715 1366 61 34 det
1804 1365 96 36 varit
1928 1378 45 23 av

370 1423 283 36 smittobärande
681 1426 67 40 art,
780 1422 123 47 sprida
931 1422 56 47 sig
1016 1421 55 48 sig
1090 1421 56 36 till
1165 1422 91 35 hans
1275 1420 220 48 omgivning.
1550 1420 56 35 En
1641 1418 115 48 enligt
1775 1420 198 35 utskottets

369 1477 148 48 mening
558 1477 119 47 viktig
720 1477 187 47 synpunkt
949 1476 12 35 i
991 1476 118 35 denna
1137 1476 101 47 fråga
1267 1482 40 29 är
1334 1475 125 35 vidare
1489 1476 80 43 den,
1601 1477 53 33 att
1683 1487 44 22 en
1757 1486 43 24 av
1830 1475 43 34 de
1902 1473 71 47 pri-

369 1538 99 29 mära
497 1531 349 47 förutsättningarna
875 1531 55 36 för
958 1530 268 47 framgångsrik
1255 1530 177 46 skolgång
1460 1535 39 29 är
1528 1528 189 47 kroppslig
1747 1529 110 35 hälsa.
1916 1528 57 35 Då

370 1590 119 32 staten
531 1588 66 34 och
639 1586 263 35 kommunerna
944 1586 89 34 offra
1075 1585 146 47 mycket
1258 1584 55 35 för
1342 1583 401 46 skolundervisningen,
1775 1595 107 34 synes
1912 1583 60 34 det

370 1641 150 34 framstå
562 1653 75 23 som
680 1653 45 22 en
760 1640 139 47 ganska
940 1638 122 48 rimlig
1090 1638 230 36 konsekvens
1349 1641 53 32 att
1430 1637 81 36 icke
1539 1637 189 36 underlåta
1757 1649 46 22 en
1832 1637 137 46 åtgärd,

369 1707 75 23 som
473 1695 13 35 i
515 1696 71 46 hög
614 1695 88 47 grad
731 1700 39 30 är
799 1694 119 47 ägnad
947 1697 53 32 att
1027 1698 87 42 göra
1133 1692 310 47 undervisningen
1463 1691 162 36 effektiv.
1671 1691 179 47 Slutligen
1870 1691 102 35 torde

368 1755 93 29 även
492 1749 155 48 förtjäna
677 1748 217 44 framhållas,
926 1750 52 33 att
1008 1747 175 35 föräldrar
1211 1747 65 35 och
1305 1747 176 34 målsmän
1509 1747 59 34 väl
1596 1746 126 34 kunna
1751 1757 103 23 anses
1880 1746 93 34 hava

367 1807 74 30 rätt
483 1803 133 44 fordra,
662 1807 53 31 att
756 1803 13 34 i
811 1802 202 48 möjligaste
1055 1804 83 32 mån
1180 1801 226 47 förebygges,
1451 1802 54 33 att
1546 1801 104 34 deras
1683 1799 92 35 barn
1803 1798 13 36 i
1845 1799 127 35 skolan

369 1857 134 46 ådraga
531 1856 55 48 sig
614 1857 123 35 smitta
766 1857 86 34 eller
880 1856 132 35 ohälsa.

475 1911 71 35 För
577 1911 180 36 utskottet
785 1910 66 35 har
880 1911 60 34 det
969 1909 81 35 från
1078 1908 128 49 början
1234 1911 88 32 stått
1349 1908 107 43 klart,
1487 1910 53 33 att
1569 1908 44 34 de
1640 1906 331 47 undersökningar,

368 1977 123 23 varom
534 1966 66 35 här
642 1970 39 30 är
723 1965 112 46 fråga,
879 1964 81 35 icke
988 1964 86 35 böra
1102 1968 105 42 göras
1236 1962 269 47 obligatoriska,
1535 1967 90 30 utan
1654 1964 53 32 att
1736 1962 61 34 det
1825 1961 64 35 bör
1918 1962 56 33 stå

368 2019 99 48 varje
509 2019 233 36 skoldistrikt
784 2019 81 34 fritt
907 2021 62 41 att,
1006 2017 14 35 i
1048 2018 71 34 den
1148 2020 83 32 mån
1259 2017 215 46 betydelsen
1504 2029 43 23 av
1577 2016 134 35 sådana
1739 2014 234 36 läkarunder-

369 2073 197 47 sökningar
608 2073 163 36 kommer
799 2072 57 36 till
884 2070 279 49 uppskattning,
1195 2070 140 37 besluta
1364 2071 133 35 därom.
1555 2069 194 36 Huruvida
1776 2068 199 36 undersök-

368 2127 181 48 ningarna
595 2128 128 35 endast
765 2128 89 35 böra
896 2139 84 23 avse
1024 2127 43 34 de
1109 2124 240 48 nyinskrivna
1379 2124 318 36 folkskolebarnen
1726 2123 67 35 och
1822 2123 151 35 sålunda

369 2181 64 35 ske
463 2181 140 48 årligen
631 2182 88 35 eller
748 2182 179 46 företagas
956 2179 203 48 periodiskt
1186 2180 84 34 med
1299 2178 95 35 vissa
1422 2179 211 34 mellanrum
1663 2178 66 34 och
1759 2177 45 34 då
1824 2177 149 35 omfatta

368 2236 169 47 samtliga
579 2236 234 47 skoipliktiga
855 2236 100 43 barn,
1000 2241 39 28 är
1081 2234 178 35 utskottet
1290 2233 82 36 icke
1405 2233 13 35 i
1448 2233 106 35 stånd
1583 2235 53 33 att
1664 2232 55 35 för
1747 2231 225 36 närvarande

367 2291 161 35 bedöma.
587 2291 74 35 Vid
704 2291 70 34 den
812 2289 198 47 utredning
1051 2289 135 43 härom,
1232 2300 75 23 som
1350 2287 114 47 enligt
1504 2286 199 36 utskottets
1732 2285 147 47 mening
1906 2285 65 35 bör

368 2343 144 37 komma
557 2345 57 35 till
643 2345 116 44 stånd,
790 2344 101 35 torde
921 2344 85 35 böra
1035 2342 161 44 beaktas,
1228 2345 52 32 att
1308 2344 46 44 på
1383 2345 51 32 ett
1463 2353 126 23 senare
1618 2340 156 35 stadium
1804 2352 44 23 av
1877 2339 94 35 skol-
