2174 2626
390 227 19 29 2
853 220 241 41 Lagutskottets
1116 217 172 32 utlåtande
1310 216 51 31 Nr
1381 218 55 29 28.

485 306 56 34 Av
582 303 248 46 lagrummets
871 299 147 43 lydelse
1056 298 179 45 frawgår,
1276 300 54 31 att
1372 292 204 47 meningen
1618 290 97 37 varit
1756 294 53 32 att
1835 289 117 37 tiller-

351 355 125 36 kännva
503 354 121 36 vittne
654 351 136 36 endast
815 363 102 23 rese-
945 349 70 36 och
1035 344 480 46 traktamentsersättuiug.
1560 340 223 38 Emellertid
1805 340 66 36 har
1889 339 63 36 vid

350 404 259 38 domstolarne
636 401 162 37 utbildat
825 400 61 48 sig
914 412 47 24 en
988 398 128 49 praxis
1144 402 55 31 att
1227 395 227 38 tillerkänna
1481 393 120 36 vittne
1629 390 211 46 ersättning
1859 391 94 47 jäm-

350 455 61 36 väl
452 455 55 36 för
546 452 209 49 tidspillan,
797 451 136 36 besvär
971 453 180 32 ävensom
1192 447 117 37 andra
1349 443 272 38 omkostnader
1661 447 48 31 än
1751 441 47 36 de
1838 452 115 24 ovan-

351 506 178 45 nämnda,
570 508 95 32 även
708 502 47 37 då
778 500 263 48 ersättningen
1070 498 32 48 ej
1134 497 98 37 skall
1260 499 47 47 på
1334 500 76 32 sätt
1438 493 155 37 särskilt
1616 498 41 31 är
1685 491 153 47 stadgat
1862 493 93 44 utgå

351 569 46 23 av
439 555 191 37 allmänna
657 552 135 37 medel.
842 552 135 36 Denna
1004 549 128 50 praxis
1161 547 169 50 grundar
1357 546 61 48 sig
1441 548 48 46 på
1516 543 197 50 uppenbar
1741 541 175 47 billighet
1942 541 13 35 i

352 610 141 43 många
521 604 73 37 fall.

487 655 181 37 Däremot
708 658 70 44 gör
813 652 136 47 lagens
987 648 324 51 gammalmodiga
1337 645 258 51 uppfattning,
1624 648 55 32 att
1707 643 119 36 vittne
1855 640 99 37 skall

354 707 48 36 ha
437 706 120 36 betalt
595 704 99 37 efter
733 704 58 36 sin
830 701 212 48 värdighet,
1070 701 59 47 sig
1157 699 154 49 mycket
1338 697 78 37 ofta
1445 694 231 39 fortfarande
1704 692 176 49 gällande
1908 694 49 46 på

354 762 55 31 ett
449 761 86 40 sätt,
578 769 82 23 gom
702 753 197 48 verkligen
941 752 85 36 icke
1055 756 41 32 är
1123 748 252 52 upplyftande
1405 747 144 36 varken
1578 745 56 37 för
1662 744 182 46 vittnena,
1869 755 87 36 par-

354 813 108 31 terna
494 806 92 38 eller
614 804 226 38 domstolen.
894 802 76 37 Vid
999 802 238 36 domstolens
1264 799 191 48 prövning
1479 810 45 23 av
1554 794 402 46 vittnesersättvingar

354 864 110 41 tages
504 856 149 48 ganska
695 855 156 37 allmänt
878 853 149 48 hänsyn
1055 852 56 36 till
1138 851 159 37 vittnets
1320 862 96 34 rang
1445 848 71 36 och
1545 847 10 35 i
1583 845 210 49 synnerhet
1819 844 138 36 förmö-

331 920 3 2 '
352 906 362 50 genhetsställning.
764 905 58 36 En
863 902 168 50 gammal
1070 900 317 48 domstolspraxis
1416 904 53 41 är,
1498 895 296 50 mångenstädes
1823 894 135 36 åtmin-

354 965 121 40 stone,
506 963 54 31 att
587 963 55 31 ett
669 956 133 47 vittne,
830 967 88 24 vars
941 953 164 49 anspråk
1135 951 111 38 blivit
1269 950 153 37 bestritt
1450 952 125 33 såsom
1604 948 58 35 för
1691 946 106 48 högt,
1820 944 138 37 tillfrå-

354 1022 71 34 gas
466 1022 59 23 om
565 1007 182 48 beloppet
788 1019 46 23 av
870 1005 58 36 sin
957 1003 177 48 taxering
1162 1005 124 34 såsom
1317 1014 46 23 en
1392 999 138 46 värdig
1557 1003 142 31 mätare
1728 1000 48 45 på
1799 995 160 36 vittnets

354 1059 218 48 värdighet.
623 1058 153 47 Lagens
812 1054 269 38 bestämmelse
1121 1054 69 36 har
1227 1052 112 37 också
1373 1050 134 37 verkat
1535 1045 348 40 demoraliserande
1911 1047 50 47 på

355 1110 74 36 den
472 1109 191 36 allmänna
703 1106 297 51 uppfattningen
1040 1105 11 36 i
1089 1105 125 36 denna
1253 1102 116 47 fråga.
1423 1100 69 37 Ett
1522 1100 190 45 förmöget
1752 1097 119 36 vittne
1896 1101 65 31 vet

355 1160 80 37 ofta
475 1161 203 47 knappast,
705 1158 72 37 hur
805 1158 94 47 högt
927 1156 75 36 han
1030 1155 94 37 skall
1153 1153 208 50 uppskatta
1385 1152 67 36 sitt
1478 1148 361 39 inställelsebesvär.
1894 1146 68 36 Att

355 1211 242 48 avläggande
637 1223 46 23 av
727 1206 218 39 vittnesmål
969 1211 41 32 är
1037 1219 48 23 en
1109 1219 46 22 av
1182 1205 115 47 lagen
1326 1201 191 50 påbjuden
1546 1198 282 48 medborgerlig
1850 1197 111 49 plikt,

356 1263 68 35 har
451 1266 137 31 nästan
617 1259 95 37 fallit
744 1259 6 36 i
777 1258 187 48 glömska.
1019 1256 59 37 En
1105 1255 150 49 ganska
1282 1253 129 47 vanlig
1436 1250 264 47 föreställning
1727 1254 41 31 är
1788 1252 53 32 att
1861 1260 100 33 man,

356 1310 191 50 åberopad
589 1324 80 23 som
713 1310 130 47 vittne,
871 1309 70 36 bör
968 1306 120 38 tillåta
1115 1306 62 48 sig
1205 1310 55 32 att
1285 1316 114 38 passa
1426 1305 49 47 på
1502 1300 164 38 tillfället
1694 1299 70 37 och
1791 1303 95 44 göra
1914 1310 48 23 en

354 1362 95 36 liten
477 1362 101 36 affär.

492 1412 182 36 Parterna
714 1411 151 35 komma
905 1408 131 37 vidare
1076 1409 49 47 på
1165 1406 105 37 detta
1308 1409 75 32 sätt
1411 1408 55 31 att
1495 1401 237 48 obehörigen
1760 1400 201 46 betungas.

357 1464 75 36 Det
472 1462 163 37 drabbar
663 1461 193 37 dessutom
886 1458 188 46 orättvist,
1102 1457 47 36 då
1178 1456 87 47 den,
1295 1468 81 23 som
1405 1457 118 34 måste
1551 1452 165 48 åberopa
1744 1455 54 31 ett
1824 1451 141 35 förmö-

360 1520 67 41 get
466 1513 134 47 vittne,
641 1512 55 36 får
735 1510 214 37 vidkännas
990 1522 47 23 en
1078 1507 98 48 dryg
1205 1506 127 48 utgift,
1360 1505 120 36 under
1508 1504 64 36 det
1595 1507 54 31 att
1672 1501 86 48 den,
1786 1513 82 24 som
1894 1500 69 36 har

356 1572 113 28 turen
511 1568 54 32 att
600 1563 129 35 kunna
757 1561 164 48 åberopa
943 1565 55 31 ett
1020 1558 129 48 fattigt
1176 1557 132 44 vittne,
1337 1555 145 49 slipper
1511 1553 125 36 undan
1663 1551 89 37 vida
1778 1550 183 49 billigare.

490 1613 183 37 Parterna
704 1611 99 37 bliva
830 1613 117 34 också
976 1609 149 37 alltmer
1153 1615 92 29 utan
1270 1606 66 37 allt
1349 1605 125 49 skydd
1489 1611 78 29 mot
1581 1603 228 36 överdrivna
1826 1605 138 32 ersätt-

358 1663 287 50 ningsanspråk
688 1663 82 35 från
809 1661 161 36 vittnen.
1015 1659 75 36 Det
1130 1663 42 31 är
1212 1657 195 48 nämligen
1451 1655 116 36 sedan
1600 1654 115 47 länge
1750 1652 68 37 sed
1846 1650 117 38 bland

359 1716 221 36 sakförarne
619 1718 55 31 att
714 1713 34 49 ej
791 1711 63 37 vid
892 1710 216 37 domstolen
1131 1707 210 38 framställa
1368 1710 127 44 någon
1525 1703 255 48 anmärkning
1808 1708 78 30 mot
1914 1701 48 36 de

359 1780 45 23 av
444 1770 215 44 motparten
698 1763 94 36 eller
825 1775 45 23 av
898 1761 148 37 vittnen
1080 1758 178 38 fordrade
1287 1757 260 47 ersättningar
1578 1755 53 35 för
1658 1753 210 38 inställelse
1898 1752 63 36 vid

359 1816 226 37 domstolen.
641 1814 76 36 Det
749 1825 111 25 auses
888 1825 44 22 ur
960 1809 366 48 advokatsynpunkt
1352 1820 92 24 vara
1473 1806 76 48 god
1573 1810 82 43 ton,
1679 1818 81 23 som
1789 1816 87 24 man
1905 1802 60 37 för

360 1867 66 36 sitt
468 1865 215 38 anseendes
726 1862 99 37 skull
853 1863 67 36 bör
948 1860 215 50 uppehålla,
1193 1865 55 31 att
1275 1864 90 32 utan
1394 1856 260 48 småaktighet
1681 1854 179 49 medgiva
1889 1853 75 36 vad

360 1922 237 44 motpartens
626 1915 120 36 vittne
775 1914 129 47 begär.
960 1909 453 50 Rättegångskostnaden
1444 1908 94 36 ökas
1561 1909 48 47 på
1636 1906 106 36 detta
1761 1910 75 32 sätt
1855 1916 110 24 avse-

359 1973 85 31 värt
471 1968 59 36 för
557 1972 178 44 parterna
762 1977 137 34 genom
929 1968 55 31 att
1011 1962 246 37 sakförarnes
1285 1959 130 49 praxis
1436 1958 33 49 ej
1493 1958 145 36 lämnar
1653 1956 86 36 dem
1755 1954 210 48 tillräcklig

361 2019 117 35 frihet
510 2023 55 31 att
596 2020 195 43 överväga
818 2014 74 36 vad
920 2013 138 36 vittnet
1085 2011 175 47 skäligen
1290 2011 66 36 bör
1384 2009 50 36 ha
1463 2009 73 36 och
1564 2007 73 36 vad
1666 2006 297 37 huvudmannen

362 2070 74 35 kan
479 2071 50 45 gå
567 2068 11 35 i
617 2066 91 37 land
749 2064 86 37 med
870 2070 55 30 att
955 2063 136 47 betala,
1119 2063 128 36 därest
1274 2062 76 35 han
1376 2060 74 36 blir
1479 2058 110 49 ålagd
1617 2063 55 31 att
1699 2057 12 36 i
1739 2057 94 36 sista
1859 2054 105 38 hand

363 2120 212 36 vidkännas
604 2116 274 47 ersättningen.

497 2169 59 36 En
584 2166 234 48 välgörande
847 2164 254 48 motsättning
1128 2162 58 37 till
1214 2162 106 36 detta
1345 2156 519 51 oefterrättlighetstillstånd
1885 2160 80 32 mö-

363 2226 58 31 ter
448 2221 13 36 i
487 2218 210 50 Tyskland,
722 2217 67 36 där
815 2229 139 34 genom
984 2228 48 23 en
1059 2213 225 48 förordning
1312 2225 47 23 av
1389 2211 75 37 den
1493 2213 40 34 30
1532 2209 110 50 juni
1664 2210 95 35 1878
1780 2207 85 37 med
1883 2206 82 37 däri

363 2272 74 36 den
469 2273 43 34 17
543 2270 72 47 maj
648 2269 94 36 1898
771 2267 184 46 vidtagna
983 2264 206 48 ändringar
1216 2263 235 37 bestämmas
1481 2261 103 36 vissa
1610 2259 182 37 latituder
1819 2258 59 37 för
1907 2270 58 23 er-
