2140 2644
665 146 265 49 Lag-Utskottets
959 142 173 41 Utlåtande
1154 143 61 38 N:o
1236 146 50 36 39.
1719 142 11 31 |

888 653 76 44 N:o
992 654 69 43 39.

739 816 80 29 Ank.
844 815 47 29 till
914 814 104 28 Riksd.
1043 812 111 29 Kansli
1177 811 55 27 den
1258 811 36 26 19
1319 809 84 28 Mars
1429 808 88 36 1881,
1542 807 40 28 kl.
1607 807 17 27 5
1649 815 22 18 e.
1696 798 39 36 m.

373 963 280 45 Lag-Utskottets
687 962 194 42 Utlåtande,
909 961 13 33 i
949 959 187 44 anledning
1163 958 44 43 af
1227 956 97 35 väckt
1350 955 122 35 motion
1491 966 51 23 om
1555 953 222 44 förändrade

572 1013 250 36 bestämmelser
853 1011 149 36 rörande
1034 1010 186 44 bevakning
1253 1008 44 43 af
1325 1007 229 43 varufordran
1581 1006 12 34 i
1620 1005 156 34 konkurs.

299 1167 124 37 Under
451 1167 202 43 anförande,
683 1168 54 32 att
762 1166 57 33 det
847 1165 38 34 af
910 1175 42 24 en
979 1164 55 34 del
1061 1160 37 37 så
1124 1163 60 34 väl
1211 1162 47 33 in-
1287 1171 71 24 som
1384 1159 184 35 utländske
1590 1157 187 34 affärsmän

174 1220 205 45 begagnade
419 1221 72 32 sätt
530 1220 54 33 att
624 1217 89 45 sälja
753 1217 75 34 sina
868 1226 105 26 varor
999 1213 44 46 på
1052 1214 80 43 tid,
1160 1223 78 24 men
1265 1212 77 34 med
1367 1212 70 43 hög
1464 1209 315 43 rabattberäkning

175 1273 59 34 vid
266 1272 150 34 kontant
448 1270 121 44 liqvid,
597 1269 126 43 blefve,
753 1279 53 23 om
832 1268 157 43 köparen
1016 1264 132 36 råkade
1175 1264 11 34 i
1212 1264 167 42 konkurs,
1408 1262 54 34 till
1490 1258 140 46 förfång
1656 1260 54 33 för
1737 1260 41 33 de

175 1325 223 42 borgenärer,
428 1331 70 24 som
525 1321 90 34 hade
643 1331 24 23 s.
696 1320 34 34 k.
759 1329 62 24 ren
847 1318 154 43 fordran,
1030 1319 90 32 samt
1147 1318 53 31 att
1228 1325 42 24 en
1296 1313 148 43 ändring
1470 1312 12 34 1
1509 1311 160 44 gällande
1696 1311 82 33 kon-

175 1374 146 43 kurslag
352 1372 12 34 i
396 1372 103 44 syfte,
533 1372 55 34 det
615 1371 172 44 borgenär,
815 1369 152 34 hvilkens
984 1367 156 44 fordran
1165 1366 51 34 uti
1242 1364 185 35 konkursbo
1449 1362 182 45 grundade
1658 1361 51 43 sig
1730 1362 50 43 på

177 1425 147 43 räkning
355 1423 64 43 för
458 1434 111 31 varor,
609 1423 78 33 med
725 1420 300 44 rabattberäkning
1063 1418 60 34 vid
1148 1418 140 33 kontant
1315 1415 106 44 liqvid
1447 1414 87 34 inom
1563 1413 69 34 viss
1660 1412 59 42 tid,
1749 1413 34 41 ej

178 1476 108 34 skulle
326 1485 61 34 ega
426 1477 70 31 rätt
525 1473 65 43 för
629 1474 114 33 denna
782 1472 54 34 sin
867 1471 154 42 fordran
1053 1469 125 35 bevaka
1209 1479 72 22 mer
1314 1472 45 29 än
1385 1465 248 44 nettobeloppet,
1663 1465 118 41 syntes

179 1526 189 43 önskvärd,
397 1525 65 34 har
488 1525 53 34 uti
569 1535 43 23 en
638 1524 91 34 inom
756 1522 124 35 Andra
907 1521 215 35 Kammaren
1150 1518 157 45 afgifven
1336 1517 63 34 och
1425 1516 54 34 till
1501 1514 281 45 Lag-Utskottet

176 1577 173 35 hänvisad
376 1576 141 43 motion,
545 1574 70 35 N:o
650 1577 57 41 23,
740 1573 96 34 Herr
867 1573 87 34 Eric
982 1571 120 35 Albert
1128 1569 196 41 Tumdblad,
1353 1568 77 33 med
1456 1566 174 43 fönyande
1658 1565 38 33 af
1721 1565 61 33 sitt

178 1628 157 34 sistlidne
361 1627 145 43 riksdag
534 1625 146 44 afgifna,
709 1636 78 23 men
814 1622 44 36 då
885 1624 11 33 i
923 1620 89 37 båda
1039 1621 200 35 Kamrarne
1267 1619 160 43 afslagna
1454 1617 142 43 förslag,
1617 1614 164 45 påyrkat,

183 1681 75 32 »att
297 1677 204 44 Riksdagen
541 1674 109 36 måtte
676 1677 148 42 besluta,
853 1677 65 41 att,
947 1674 54 34 till
1027 1672 129 44 Kongl.
1186 1670 107 45 Maj:t
1319 1667 82 46 ingå
1428 1669 77 33 med
1531 1669 165 42 begäran,
1726 1666 58 33 det

179 1729 129 45 Kongl.
338 1728 108 45 Maj:t
473 1729 137 33 täcktes
637 1728 53 34 till
717 1726 206 35 kommande
950 1724 159 43 Riksdag
1134 1723 175 34 inkomma
1323 1721 78 33 med
1422 1719 131 43 förslag
1567 1718 54 34 till
1635 1717 150 43 ändring

180 1781 84 34 eller
292 1780 125 43 tillägg
445 1779 39 34 af
507 1780 103 42 lagen
623 1779 12 33 i
650 1779 125 43 antydt
790 1777 92 44 syfte
898 1773 179 47 angående
1092 1773 234 36 varufordran
1339 1771 77 34 med
1431 1769 346 43 rabattberäkning.>

307 1984 18 36 I
352 1982 126 48 frågan
504 1984 141 44 yttrade
672 1982 188 36 Utskottet
886 1981 60 36 vid
972 1980 158 36 sistlidna
1157 1976 57 38 års
1240 1978 157 45 riksdag:

313 2052 12 14 »
334 2036 73 35 Det
434 2037 98 33 torde
558 2036 78 33 icke
663 2036 119 32 kunna
808 2033 177 43 förnekas,
1002 2035 53 31 att
1077 2032 65 33 den
1156 2031 52 33 uti
1224 2030 172 34 motionen
1412 2026 236 43 omförmälda,
1663 2025 122 33 under-

183 2089 159 33 stundom
383 2086 281 35 förekommande
699 2084 227 44 affärspraxis
954 2083 37 34 af
1016 2081 299 44 varuförsäljning
1342 2083 70 32 mot
1438 2079 181 43 betalning
1645 2075 44 46 på
1716 2077 71 34 Viss

185 2140 61 42 tid,
287 2139 77 33 med
403 2139 69 43 hög
512 2138 119 33 rabatt
670 2136 60 34 vid
767 2136 150 33 kontant
943 2134 120 44 liqvid,
1091 2134 71 33 kan
1190 2132 59 34 vid
1276 2132 58 34 det
1361 2131 39 35 af
1423 2131 215 35 motionären
1666 2127 121 35 omför-

184 2190 116 34 mälda
327 2189 74 44 fall,
431 2189 83 34 eller
542 2185 42 37 då
611 2188 166 43 köparen,
806 2186 107 34 innan
939 2186 70 33 han
1036 2185 111 34 betalt
1174 2184 156 42 skulden,
1347 2183 73 34 före
1436 2183 83 34 eller
1535 2181 88 35 efter
1637 2179 150 35 förfallo-

269 2247 77 32 Bih.
374 2246 51 32 till
449 2244 115 33 Riksd.
589 2245 87 31 Prot.
701 2246 92 30 1881.
839 2245 19 29 7
881 2243 98 32 Saml.
1024 2246 41 29 19
1089 2241 96 41 Häft.
1711 2240 10 25 1
