2192 2590
721 189 105 32 Stats-
836 189 172 33 Utskottets
1038 190 173 32 Utlåtande
1235 191 61 31 N:o
1322 194 50 28 10.
1788 194 42 30 25

254 269 144 36 kronor
427 269 149 48 årligen
604 268 196 48 utgående
831 268 180 49 anslaget
1040 270 59 35 till
1128 269 286 49 »befrämjande
1444 270 12 35 i
1482 270 211 37 allmänhet
1723 272 41 36 af
1778 272 95 37 han-

255 320 62 36 del
347 321 71 36 och
447 321 154 49 sjöfart»
633 321 148 49 årligen
810 321 203 48 besparats
1043 321 11 36 i
1086 325 18 32 7
1136 325 41 32 år
1212 323 134 46 18,800
1373 321 142 37 kronor
1545 323 72 36 och
1645 324 124 36 under
1793 328 15 33 1
1833 328 41 33 år

257 375 139 46 16,600
435 374 152 45 kronor,
619 372 92 36 eller
739 373 12 35 i
781 372 180 37 medeltal
986 373 147 49 årligen
1166 375 137 46 18,525
1334 373 153 37 kronor.
1547 375 54 35 Af
1627 374 245 39 Statskonto-

254 430 80 31 rets
376 425 152 49 liggare
571 424 59 36 för
659 427 40 33 år
731 426 112 46 1885,
872 425 162 48 jemförd
1064 426 87 35 med
1182 425 397 37 memorialböckerna
1609 427 59 35 för
1696 428 92 36 flere
1819 434 52 42 år,

254 477 195 36 inhemtas
493 477 83 46 ock,
620 482 56 30 att
718 477 75 36 den
837 476 98 36 enda
979 477 148 48 årligen
1171 481 20 33 å
1235 478 104 35 detta
1384 478 138 49 anslag
1551 479 320 38 återkommande

256 529 283 49 dispositionen
573 528 104 36 afser
705 534 55 31 ett
792 529 137 48 belopp
960 528 42 36 af
1023 531 112 46 2,700
1166 530 143 35 kronor
1337 529 59 36 till
1425 530 273 49 godtgörande
1729 533 42 35 af
1797 533 74 36 för-

255 582 107 35 skott
403 580 42 36 af
479 581 167 36 svenske
689 581 72 36 och
805 581 140 35 norske
975 581 184 36 konsuler
1187 582 59 35 till
1274 582 204 36 nödstälde
1509 583 168 36 svenske
1707 584 162 48 sjömän,

255 633 72 35 och
354 633 193 47 granskar
576 646 88 22 man
694 632 47 36 de
770 645 137 23 senare
938 636 111 32 årens
1078 633 294 49 förteckningar
1403 637 20 33 å
1452 634 46 36 de
1517 635 122 47 årliga
1656 636 215 47 utgifterna

254 685 84 35 från
367 684 376 49 besparingsfonden
772 684 60 36 för
855 684 241 48 jordbruket,
1127 685 168 36 handeln
1325 686 71 35 och
1426 686 250 49 näringarna,
1708 691 42 32 så
1770 688 100 36 före-

254 736 175 36 kommer
461 737 116 36 bland
612 736 114 36 dessa
756 736 161 49 utgifter
945 737 87 35 icke
1060 739 128 45 någon
1219 738 178 35 afsevärd
1427 744 99 42 post,
1558 751 82 23 som
1670 739 75 36 kan
1775 740 95 36 hän-

254 788 103 36 föras
386 788 59 36 till
474 789 46 35 de
550 788 189 47 ändamål,
770 801 83 23 som
883 788 87 36 med
1000 789 63 35 det
1092 802 51 22 nu
1172 789 296 48 ifrågavarande
1489 791 179 47 anslaget
1685 791 185 36 särskildt

254 840 114 36 afses.

384 892 181 36 Deremot
593 893 108 35 torde
731 892 93 36 böra
853 893 184 48 påpekas,
1069 897 56 31 att
1154 893 306 48 besparingarna
1488 894 84 36 från
1588 895 190 36 Handels-
1796 897 72 35 och

255 944 300 48 sjöfartsfonden
585 943 166 37 faktiskt
780 945 143 35 lemnat
954 957 47 23 en
1024 944 144 48 jemväl
1198 945 77 35 ofta
1305 946 146 35 anlitad
1468 946 167 49 tillgång
1652 947 58 36 för
1727 948 139 48 Kongl.

253 996 110 47 Maj:t
405 1000 56 31 att
504 995 170 37 bestrida
717 997 145 35 sådana
904 996 173 48 utgifter,
1122 1009 82 22 som
1235 997 80 36 afse
1344 997 189 36 handelns
1559 999 72 35 och
1660 999 207 47 sjöfartens

256 1047 224 48 främjande.
538 1047 132 37 Under
699 1048 144 35 sådana
877 1047 267 36 förhållanden
1174 1049 99 35 lärer
1301 1049 65 35 det
1395 1049 86 36 icke
1512 1050 131 36 kunna
1671 1051 194 47 förnekas,

254 1105 56 29 att
352 1099 64 36 det
451 1099 189 36 särskilda
675 1100 178 48 anslaget
883 1099 52 35 till
967 1099 283 48 »befrämjande
1280 1101 9 33 i
1322 1100 209 36 allmänhet
1560 1102 43 35 af
1626 1102 140 36 handel
1797 1104 70 35 och

254 1150 155 48 sjöfart
453 1156 40 29 är
535 1151 59 35 för
636 1151 104 35 detta
785 1151 192 36 särskilda
1007 1151 176 36 ändamål
1212 1152 215 47 obehöfligt
1457 1158 110 41 stort,
1598 1154 71 35 och
1699 1160 56 30 att
1785 1155 83 35 det-

254 1215 147 23 samma
444 1202 127 36 derför
615 1202 66 35 bör
719 1203 213 35 nedsättas.
990 1202 70 36 Om
1103 1204 104 35 detta
1252 1203 228 49 medgifves,
1511 1207 164 33 återstår
1704 1206 164 36 allenast

256 1254 133 48 frågan
424 1267 60 22 om
515 1254 96 35 huru
641 1260 80 29 stor
749 1254 305 47 nedsättningen
1086 1255 69 35 bör
1185 1254 131 37 blifva.
1375 1255 51 36 På
1455 1257 129 46 grund
1614 1257 42 36 af
1680 1258 103 35 hvad
1813 1258 49 35 of-

253 1319 76 22 van
373 1305 149 36 anförts
553 1305 122 36 skulle
704 1305 233 48 visserligen
968 1318 48 23 en
1045 1306 253 49 nedsättning
1327 1307 41 35 af
1396 1309 138 45 18,800
1565 1308 141 36 kronor
1735 1309 132 36 kunna

254 1370 114 22 anses
397 1370 94 23 vara
520 1357 146 47 möjlig,
697 1370 88 22 men
814 1357 215 45 Utskottet,
1061 1371 79 22 som
1172 1357 85 36 bort
1285 1359 176 47 iakttaga
1491 1359 50 35 all
1571 1360 75 36 den
1667 1360 200 49 försigtig-

254 1409 78 47 het,
376 1422 81 22 som
488 1413 40 31 är
556 1409 121 47 nödig
705 1409 62 36 vid
799 1409 288 47 behandlingen
1114 1409 40 35 af
1180 1410 130 47 frågor
1339 1423 60 22 om
1430 1411 231 48 minskning
1686 1412 42 35 af
1751 1413 116 47 länge

253 1460 185 36 anvisade
467 1461 150 47 anslag,
647 1466 92 29 utan
769 1466 57 29 att
854 1460 148 49 förslag
1032 1461 229 36 derutinnan
1292 1461 213 37 framstälts
1535 1462 34 36 af
1580 1463 143 47 Kongl.
1744 1464 121 48 Maj:t,

253 1512 70 35 har
347 1511 42 36 af
413 1513 119 35 sådan
562 1512 211 47 anledning
803 1512 200 36 förskaffat
1033 1512 62 48 sig
1124 1513 251 49 upplysning,
1398 1514 191 36 huruvida
1605 1515 261 48 tilläfventyrs

251 1563 123 36 under
402 1564 72 35 den
504 1568 195 31 närmaste
728 1563 209 36 framtiden
966 1567 121 45 några
1115 1564 161 48 utgifter
1305 1578 92 22 vore
1427 1570 56 31 att
1513 1571 123 31 motse
1666 1567 58 35 för
1749 1567 122 36 behof

252 1615 218 47 hänförliga
498 1615 57 36 till
584 1615 100 47 dem,
714 1615 60 36 för
802 1615 133 36 hvilka
965 1615 177 48 anslaget
1167 1621 41 30 är
1238 1616 204 47 bestämdt,
1476 1618 123 35 samti
1618 1619 137 35 sådant
1771 1618 95 36 hän-

252 1667 141 35 seende
421 1667 201 46 inhemtat,
653 1672 56 30 att
737 1667 123 35 under
888 1667 46 35 de
963 1672 194 30 närmaste
1188 1670 90 33 åren
1307 1668 245 36 erfordrades
1583 1670 125 35 medel
1734 1670 58 36 för
1808 1676 58 30 ut-

251 1718 184 47 gifvande
466 1718 42 36 af
532 1732 45 22 en
608 1732 54 34 ny
689 1718 171 49 upplaga
890 1718 41 36 af
944 1731 46 22 en
1007 1719 245 36 kommersiel
1269 1719 219 48 signalbok,
1510 1720 183 37 hvilkens
1710 1728 155 30 senaste

251 1770 170 48 upplaga
464 1770 110 36 äfven
616 1770 200 36 bekostats
859 1770 43 35 af
939 1770 238 36 statemedel.
1233 1771 83 36 Den
1361 1771 132 36 härför
1521 1773 145 48 nödiga
1695 1774 169 48 utgiften

250 1822 70 35 har
348 1822 211 36 beräknats
588 1821 58 36 till
676 1822 113 47 3,000
819 1821 159 45 kronor;
1011 1822 71 35 och
1111 1822 200 36 Utskottet
1327 1836 113 23 anser
1462 1824 140 48 derför,
1621 1830 55 30 att
1692 1826 173 36 nedsätt-

250 1873 146 48 ningen
438 1873 71 36 bör
542 1879 138 31 stanna
709 1873 66 36 vid
804 1878 56 31 ett
889 1873 141 48 belopp
1060 1873 41 36 af
1128 1874 138 46 10,500
1297 1875 152 47 kronor,
1480 1876 48 35 då
1557 1876 181 48 anslaget
1767 1877 97 36 såle-

250 1925 67 35 des
353 1924 126 36 skulle
509 1925 153 36 komma
692 1930 56 30 att
777 1929 141 44 utgöra
951 1926 137 46 11,000
1119 1925 153 48 kronor,
1304 1926 12 35 i
1346 1927 130 36 stället
1504 1927 59 36 för
1592 1941 50 22 nu
1672 1929 193 48 uppförda

250 1978 140 46 21,500
420 1976 153 49 kronor,
603 1976 283 37 hemställande
916 1977 113 36 alltså
1057 1977 214 48 Utskottet,

784 2085 57 30 att
874 2081 225 48 Riksdagen
1133 2083 61 33 må
1221 2081 84 36 från
1335 2083 72 35 och
1437 2083 86 35 med
1556 2085 97 34 1887
1684 2084 179 36 nedsätta

654 2131 65 36 det
762 2131 193 40 ordinarie
997 2133 181 47 anslaget
1210 2133 58 36 till
1297 2134 284 48 »befrämjande
1611 2135 10 35 i
1652 2135 212 37 allmänhet

653 2183 42 36 af
732 2183 141 36 handel
911 2185 71 35 och
1012 2184 155 49 sjöfart»
1195 2184 83 37 från
1309 2199 49 22 nu
1388 2186 192 48 uppförda
1610 2187 140 47 21,500
1775 2188 88 36 kro-

651 2248 71 23 nor
750 2234 57 36 till
839 2237 139 46 11,000
1010 2236 152 36 kronor.

337 2343 73 32 Bih.
435 2344 51 31 till
509 2344 113 31 RBiksd.
649 2344 85 31 Prot.
761 2346 98 30 1886.
905 2348 21 28 4
952 2345 98 31 Saml.
1075 2348 18 28 1
1119 2347 77 39 Afd.
1223 2349 20 29 7
1266 2348 96 38 Häft.
1800 2350 19 28 4
