1882 2834
295 176 38 29 10
434 176 123 31 Första
577 177 220 31 kammarens
814 183 142 30 andra
976 183 171 38 tillfälliga
1168 184 147 30 utskotts
1337 186 176 30 utlåtande
1536 188 47 29 Nr
1603 190 29 28 3.

291 263 103 38 enligt
423 263 250 41 Domkapitlets
701 267 139 40 mening
866 268 177 42 ingenting
1071 274 48 27 att
1147 273 156 31 häremot
1331 274 123 32 erinra.
1484 273 93 34 Även
1606 280 78 28 med
1713 280 64 29 den

293 308 83 31 allra
400 311 124 29 största
549 312 64 29 och
638 316 85 26 mest
748 313 330 33 oförbehållsamma
1102 318 144 39 aktning
1271 319 55 30 för
1350 320 56 30 det
1430 322 126 35 arbete,
1583 333 74 20 som
1682 324 96 30 alltid

294 354 105 29 under
417 354 111 36 svåra,
548 356 72 30 ofta
638 357 108 30 under
765 358 77 30 hart
860 360 63 29 när
942 360 139 40 olidliga
1100 362 244 32 förhållanden
1363 369 184 34 presterats
1568 369 64 29 och
1653 371 124 35 preste-

294 408 52 20 ras
372 408 41 20 av
440 400 99 30 deras
566 401 119 36 lärare,
713 402 109 31 måste
851 404 232 40 Domkapitlet
1111 408 167 30 beteckna
1306 410 99 30 dessa
1432 412 117 29 skolor
1577 422 74 20 som
1679 414 99 29 relikt

293 443 77 30 från
392 454 42 20 en
456 454 156 22 svunnen
636 447 56 35 tid,
717 448 91 30 vilka
830 453 135 27 snarast
988 451 134 39 möjligt
1144 452 109 31 måste
1276 454 189 32 försvinna.
1490 457 49 29 De
1563 458 59 28 äro
1646 459 131 29 undan-

294 489 203 38 tagsformer
523 492 65 29 och
614 492 96 30 skola
736 493 114 31 såsom
877 494 130 32 sådana
1034 497 200 31 behandlas.
1263 499 12 29 I
1303 499 149 39 enlighet
1479 502 78 29 med
1585 503 112 30 denna
1725 503 52 30 sin

292 534 222 40 uppfattning
533 537 95 29 torde
647 538 234 39 Domkapitlet
899 540 142 31 komma
1060 545 47 26 att
1127 552 74 20 som
1221 543 120 31 hittills
1361 545 138 30 särskilt
1519 555 88 30 noga
1629 549 148 37 granska

292 579 40 29 de
358 580 345 41 reglementsförslag,
731 584 62 29 där
821 585 163 30 D-skolor
1011 587 121 35 finnas,
1161 589 64 28 och
1254 589 74 30 icke
1356 591 157 38 medgiva
1542 592 115 29 dessas
1686 593 90 30 bibe-

293 624 159 32 hållande
473 627 79 29 med
573 628 133 30 mindre
727 629 151 39 verkliga
899 631 177 30 krävande
1098 633 73 29 skäl
1194 634 119 30 därför
1335 636 118 29 kunna
1476 636 151 31 anföras.

337 670 71 30 Vad
432 672 107 29 saken
562 672 22 30 f.
609 682 31 21 n.
665 673 113 38 gäller,
803 676 39 28 är
865 676 189 30 emellertid
1076 677 104 39 enligt
1205 679 251 39 Domkapitlets
1482 682 66 28 sätt
1572 685 48 26 alt
1646 692 33 19 se
1704 683 74 29 icke

294 715 226 32 D-skolornas
546 727 80 21 vara
652 719 80 29 eller
757 719 74 30 icke
857 730 80 21 vara
961 740 44 2 —
1031 721 42 39 på
1099 723 65 29 den
1190 724 155 37 punkten
1371 725 69 30 kan
1466 727 172 38 knappast
1665 727 114 39 någon

293 761 394 40 meningsskiljaktighet
709 763 84 31 råda
815 783 43 3 —
880 769 92 32 utan,
997 767 66 29 hur
1086 777 79 21 man
1189 769 88 29 skall
1299 770 119 30 kunna
1441 771 100 29 ställa
1564 772 66 35 det,
1653 772 55 36 för
1731 776 48 26 att

292 805 267 36 förhållandena
577 808 56 30 vid
651 809 221 38 D-skolorna,
891 811 37 29 så
948 812 98 37 länge
1066 813 97 30 dessa
1182 814 113 36 finnas
1314 815 96 37 kvar,
1430 815 98 30 skola
1550 816 44 29 bli
1614 817 163 38 drägliga.

294 851 72 29 Och
385 852 67 29 den
469 852 124 39 frågan
612 854 37 29 är
668 853 37 30 så
724 856 136 37 mycket
879 865 94 21 mera
994 858 137 35 aktuell,
1151 868 75 20 som
1246 869 80 20 man
1347 859 209 31 åtminstone
1576 861 9 29 i
1608 862 169 30 Norrland

290 896 55 30 för
360 898 167 30 avsevärd
544 898 49 30 tid
609 899 127 30 framåt
753 900 108 31 måste
879 902 110 30 räkna
1006 903 79 29 med
1103 903 158 30 tillvaron
1280 914 41 20 av
1339 908 46 26 ett
1403 907 93 28 antal
1516 906 117 38 dylika
1652 907 124 29 skolor.

292 940 235 32 Strävandena
546 946 48 27 att
612 944 218 33 centralisera
849 946 241 31 skolväsendet
1108 947 55 30 må
1182 948 175 39 nämligen
1377 959 80 20 vara
1477 951 66 29 hur
1562 950 214 39 behjärtans-

292 986 104 29 värda
418 996 75 20 som
514 988 87 29 helst
622 989 63 29 och
708 989 163 30 omfattas
893 991 78 29 med
993 991 109 39 aldrig
1124 992 36 30 så
1182 994 148 38 mycken
1352 994 79 35 iver,
1456 994 37 31 så
1516 996 38 28 är
1577 996 97 34 dock,
1698 1005 79 21 vare

291 1029 50 38 sig
360 1040 81 20 man
461 1033 123 29 tänker
605 1032 43 39 på
667 1034 41 29 de
729 1034 114 30 lokala
864 1035 265 32 förhållandena
1150 1038 81 29 eller
1253 1038 43 38 på
1318 1039 292 39 angelägenheten
1632 1044 49 26 att
1703 1041 74 30 icke

292 1076 80 37 söra
390 1076 40 29 de
448 1076 127 40 många
593 1078 55 30 vid
665 1079 117 38 dylika
801 1080 115 30 skolor
933 1082 196 37 sysselsatta
1148 1083 240 31 lärarinnorna
1408 1085 188 29 arbetslösa
1613 1104 43 2 —
1675 1086 102 29 vilket

292 1121 8 28 i
328 1121 146 39 sanning
501 1132 81 20 vore
608 1133 40 20 en
676 1123 93 40 dålig
795 1125 56 30 lön
880 1125 54 30 för
962 1127 98 29 deras
1088 1127 107 30 hårda
1225 1129 115 29 arbete
1366 1147 44 3 —
1437 1129 94 30 inom
1560 1130 217 38 överskådlig

293 1166 140 30 framtid
460 1168 113 30 denna
600 1170 102 37 utväg
728 1170 119 30 endast
874 1170 119 31 farbar
1020 1172 49 29 till
1095 1182 41 19 en
1162 1172 68 30 viss
1258 1175 110 36 gräns.
1399 1174 111 30 Sedan
1538 1175 64 29 den
1632 1176 145 37 gränsen

292 1211 95 29 blivit
414 1212 177 38 uppnådd,
619 1213 108 30 måste
753 1224 81 20 man
859 1233 44 3 —
929 1216 56 29 det
1011 1217 69 29 kan
1107 1217 74 30 icke
1208 1218 137 38 hjälpas
1371 1237 45 2 —
1442 1220 110 29 räkna
1580 1220 78 30 med
1686 1220 92 39 lägre

291 1257 216 35 skolformer,
531 1258 182 30 däribland
737 1259 103 30 också
865 1260 172 31 D-skolor.
1062 1262 73 29 Och
1159 1261 36 31 så
1218 1262 101 39 länge
1341 1263 130 31 sådana
1495 1265 112 30 finnas
1632 1266 58 35 till,
1716 1267 61 30 har

292 1302 54 29 det
370 1302 176 30 allmänna
572 1304 162 37 oavvislig
759 1304 195 38 skyldighet
978 1309 49 26 att
1052 1306 91 38 sörja
1170 1307 53 29 för
1249 1311 47 26 att
1321 1309 154 30 bostads-
1502 1311 64 29 och
1593 1311 183 30 arbetsför-

290 1346 209 32 hållandena
521 1348 56 30 vid
598 1349 76 29 dem
695 1349 47 29 bli
764 1349 163 40 drägliga.

334 1410 79 29 Som
435 1413 46 27 ett
502 1414 71 36 steg
594 1411 9 29 i
625 1412 111 30 denna
759 1412 152 40 riktning
933 1414 63 29 har
1017 1415 44 29 bl.
1084 1425 28 19 a.
1136 1415 9 28 i
1167 1425 41 19 en
1231 1416 130 29 motion
1385 1417 56 29 vid
1465 1417 232 31 innevarande
1720 1418 54 30 års

290 1453 137 40 riksdag
454 1455 132 38 (Första
607 1457 208 30 Kammaren
834 1468 41 20 nr
895 1458 75 39 206)
996 1459 192 39 föreslagits
1209 1461 208 39 statsbidrag
1437 1462 50 29 till
1509 1462 266 39 framdragande

289 1509 41 20 av
360 1500 126 31 telefon
518 1501 50 30 till
599 1503 256 30 vederbörande
885 1504 129 30 lärares
1047 1504 297 38 tjänstebostäder.
1378 1507 12 28 I
1423 1507 51 29 sin
1506 1517 87 20 ovan
1627 1508 147 30 citerade

290 1544 295 32 tidskriftsartikel
607 1548 61 29 har
690 1547 72 30 vice
785 1548 198 30 talmannen
1007 1550 123 29 Olsson
1153 1551 104 37 pekat
1278 1550 43 39 på
1344 1551 246 39 lämpligheten
1613 1563 41 19 av
1678 1556 96 27 stats-

290 1589 128 38 bidrag,
446 1590 332 40 ”ensittaretillägg”,
804 1602 74 20 som
903 1594 109 30 skulle
1038 1596 80 37 göra
1143 1595 55 29 det
1223 1595 134 39 möjligt
1382 1596 54 30 för
1461 1607 41 19 en
1528 1597 174 30 lärarinna
1728 1601 47 26 att

290 1636 144 29 anställa
463 1636 224 32 hembiträde,
716 1637 36 30 så
780 1641 48 27 att
855 1640 69 28 hon
952 1639 121 38 sluppe
1100 1643 47 26 att
1174 1640 46 29 bli
1249 1650 118 20 ensam
1396 1641 9 29 i
1433 1641 51 30 sin
1514 1643 121 29 bostad
1662 1661 44 2 —
1732 1653 41 20 en

291 1681 109 37 utväg,
426 1681 115 30 vilken
565 1691 72 20 som
661 1692 99 29 synes
784 1693 97 20 avser
904 1687 48 26 att
976 1684 75 37 giva
1075 1685 104 29 effekt
1202 1685 35 30 åt
1261 1688 44 27 ett
1330 1686 179 30 önskemål
1533 1687 8 28 i
1568 1687 19 35 8
1611 1689 18 27 4
1655 1697 40 20 av
1721 1688 53 29 för

287 1725 216 31 folkskolans
529 1727 110 30 lärare
664 1729 158 36 gällande
848 1730 300 37 boställsordning.

333 1788 264 30 Undertecknad
616 1789 144 30 Timelin
780 1790 62 29 har
859 1790 114 31 tillåtit
991 1791 50 39 sig
1058 1795 46 27 att
1122 1793 154 37 begagna
1295 1794 55 29 det
1369 1793 142 31 tillfälle.
1532 1804 73 20 som
1624 1795 149 38 erbjudit

288 1832 59 38 sig,
373 1836 47 26 att
446 1833 8 29 i
480 1833 72 30 min
579 1835 170 38 egenskap
775 1845 41 19 av
843 1835 175 31 timlärare
1043 1837 56 30 vid
1125 1838 63 29 den
1217 1838 22 30 f.
1266 1848 32 20 n.
1326 1838 9 29 i
1363 1839 207 30 Härnösand
1598 1839 175 39 pågående

287 1877 372 40 fortbildningskursen
687 1880 55 29 för
768 1879 348 32 småskollärarinnor
1141 1901 44 2 —
1211 1884 62 28 där
1301 1884 169 37 praktiskt
1501 1888 86 33 taget
1617 1885 156 37 samtliga

287 1922 172 38 deltagare
487 1923 189 39 tjänstgöra
704 1924 56 29 vid
790 1924 161 31 D-skolor
978 1944 44 3 —
1050 1927 83 29 höra
1162 1927 258 30 lärarinnornas
1449 1929 139 37 mening
1618 1929 7 28 i
1656 1930 116 28 saken.

289 1967 48 30 De
359 1968 75 38 giva
458 1969 55 29 för
536 1969 52 30 sin
612 1969 52 30 del
687 1970 187 30 företrädet
897 1970 33 30 åt
954 1972 65 29 den
1044 1981 41 20 av
1109 1972 70 29 vice
1204 1973 198 29 talmannen
1429 1974 123 29 Olsson
1579 1974 192 38 föreslagna

287 2013 237 38 anordningen
547 2015 63 28 och
633 2015 121 38 betyga
777 2015 173 39 enhälligt,
975 2019 48 26 att
1046 2017 63 29 den
1133 2017 109 29 skulle
1266 2017 164 31 innebära
1455 2028 40 19 en
1520 2020 135 37 mycket
1680 2020 92 28 tack-

288 2058 127 38 nämlig
439 2058 217 39 förbättring.
682 2060 180 38 Samtidigt
886 2060 134 39 påpeka
1044 2062 40 29 de
1108 2062 198 35 emellertid,
1331 2065 48 27 att
1403 2063 54 29 det
1482 2064 64 28 här
1571 2064 104 36 gäller
1699 2064 74 29 icke

287 2105 118 29 endast
423 2114 41 20 en
482 2105 164 38 penning-
665 2108 82 27 utan
766 2107 85 28 även
870 2116 40 19 en
930 2106 300 39 utrymmesfråga.
1251 2107 105 30 Deras
1375 2108 178 29 uttalande
1571 2110 37 28 är
1627 2108 145 30 sålunda

287 2151 100 36 ägnat
416 2153 48 27 att
492 2150 142 38 kraftigt
663 2151 228 38 understryka
920 2151 23 30 f.
973 2152 219 38 inspektören
1223 2152 133 29 Sehlins
1385 2152 19 30 å
1433 2153 80 30 blad
1543 2155 18 27 2
1592 2154 62 28 här
1684 2162 87 20 ovan

286 2194 175 39 återgivna
486 2197 72 29 ord.
586 2192 90 33 Även
703 2196 149 30 utsikten
879 2200 47 26 att
952 2197 129 30 erhålla
1108 2197 96 38 hjälp
1231 2197 49 29 till
1308 2197 125 30 telefon
1461 2198 115 29 hälsas
1603 2198 77 43 med
1708 2197 63 30 till-

286 2241 252 30 fredsställelse.
565 2241 76 29 Men
667 2241 216 30 beträffande
909 2242 149 29 effekten
1085 2241 82 30 råda
1193 2241 103 38 något
1322 2242 92 30 olika
1440 2242 189 37 meningar.
1657 2237 26 34 Å
1709 2252 62 20 ena

286 2285 97 30 sidan
407 2285 213 35 framhålles,
644 2289 48 26 att
717 2285 154 39 vidtagas
897 2286 74 30 icke
997 2286 168 30 särskilda
1191 2286 160 38 åtgärder
1377 2287 53 30 för
1456 2287 211 30 förbindelse
1694 2288 77 28 med

286 2332 106 27 större
415 2331 137 34 station,
576 2330 36 30 så
634 2332 37 28 är
695 2331 171 29 telefonen
889 2332 123 38 stängd
1035 2332 108 29 under
1166 2342 41 20 en
1231 2335 70 27 stor
1324 2332 54 29 del
1401 2341 41 20 av
1466 2333 136 37 dygnet,
1627 2332 64 30 och
1716 2333 55 28 det

286 2374 43 38 på
355 2375 56 31 tid,
437 2375 44 30 då
507 2376 65 29 den
597 2376 130 29 kanske
752 2376 77 29 bäst
853 2377 183 30 behövdes.
1064 2377 76 29 Men
1167 2377 18 29 å
1211 2377 108 30 andra
1345 2377 98 30 sidan
1469 2378 44 29 ha
1541 2377 60 30 fall
1627 2377 143 30 anförts,

284 2419 43 30 då
354 2420 248 39 landstrykare,
629 2430 74 20 som
730 2420 150 39 tydligen
907 2422 98 29 tänkt
1032 2422 49 38 sig
1107 2422 49 29 till
1183 2421 352 36 lärarinnebostaden,
1564 2421 135 35 avstått,
1727 2420 44 31 då

284 2466 42 28 de
350 2465 113 30 funnit
489 2467 64 28 den
580 2466 137 30 försedd
743 2467 76 29 med
845 2466 136 30 telefon.
1009 2467 51 29 En
1085 2466 129 36 åtgärd,
1242 2476 74 20 som
1341 2467 241 29 lärarinnorna
1610 2466 93 30 såväl
1729 2476 41 20 av
