1886 2844
246 194 122 31 Första
385 195 222 30 kammarens
628 197 140 32 ändra
798 196 171 38 tillfälliga
989 196 147 30 utskotts
1157 196 175 30 utlåtande
1352 196 48 29 Nr
1418 197 29 29 3.
1556 197 35 28 11

105 284 135 38 hänsyn
261 284 50 30 till
330 284 53 30 sin
403 292 82 31 egen
506 285 157 38 trygghet
684 295 74 20 som
778 296 41 19 av
840 286 107 29 andra
968 286 75 29 skäl
1063 286 95 29 finna
1179 286 137 38 mycket
1337 286 184 34 önskvärd,
1543 286 48 33 är,

105 332 49 27 att
178 330 208 30 skoltomten
411 331 85 29 även
521 330 66 30 blir
611 330 259 39 vederbörligen
895 330 186 39 inhägnad.

113 374 272 46 Domkapitlet
404 374 155 31 anhåller
577 378 48 27 att
644 375 36 30 få
699 377 81 36 göra
799 376 41 29 de
859 375 144 30 sålunda
1023 375 152 30 uttalade
1194 374 223 31 önskemålen
1438 374 50 30 till
1507 375 85 30 sina.

106 420 46 29 Är
179 420 56 30 det
261 420 213 39 nödvändigt
502 421 64 29 och
595 420 166 39 lämpligt,
791 424 48 26 att
867 423 46 27 ett
940 421 143 29 skolhus
1112 420 79 30 med
1218 420 208 30 tillhörande
1455 419 140 39 lekplan

107 466 179 38 inhägnas,
311 464 37 31 så
371 465 109 31 måste
504 466 55 30 det
582 475 99 21 anses
706 466 140 30 dubbelt
870 466 187 39 angeläget,
1082 468 49 27 att
1155 465 37 30 så
1215 466 78 29 sker
1317 465 79 30 med
1420 474 41 20 en
1485 464 108 35 skola,

108 511 113 30 vilken
238 529 44 4 —
300 521 75 20 som
394 511 72 30 ofta
485 512 37 29 är
542 512 94 29 fallet
717 513 38 28 är
774 511 116 39 inhyst
909 511 9 29 i
938 514 46 27 ett
1003 510 266 40 ursprungligen
1289 510 55 30 för
1363 512 106 28 annat
1489 509 104 31 ända-

106 555 71 31 mål
204 556 142 39 uppfört
372 557 75 29 hus.
477 556 77 30 Med
582 557 136 38 hänsyn
747 556 49 30 till
824 557 40 29 de
892 555 253 36 förhållanden,
1176 556 171 29 varunder
1376 556 63 29 här
1468 554 126 39 ifråga-

107 602 151 30 varande
284 602 195 30 lärarinnor
506 603 118 29 arbeta
651 620 44 3 —
722 603 64 29 och
814 611 74 20 som
917 601 147 31 förvisso
1092 602 60 29 äro
1181 601 41 30 de
1249 603 137 36 tyngsta
1414 600 65 30 och
1507 602 88 28 mest

107 647 186 35 krävande,
320 656 75 20 som
421 646 87 39 gälla
534 646 54 30 för
614 650 113 35 någon
754 655 110 30 grupp
890 656 41 20 av
956 646 223 30 undervisare
1205 646 9 29 i
1241 645 75 31 vårt
1341 645 81 30 land
1446 663 45 3 —
1515 654 80 21 vore

105 692 57 30 det
177 692 104 39 enligt
297 692 253 39 Domkapitlets
566 692 139 38 mening
722 692 76 29 fullt
816 692 9 29 i
842 692 51 29 sin
910 692 157 38 ordning,
1085 694 48 27 att
1150 692 56 29 det
1222 690 121 39 bidrag
1360 699 41 21 av
1419 690 177 30 allmänna

108 737 121 34 medel,
251 746 74 21 som
345 736 208 39 ifrågasatts,
576 736 175 30 tillmättes
774 736 46 35 så,
843 739 48 27 att
912 736 55 30 det
989 737 118 29 räckte
1127 735 88 30 både
1237 735 51 30 till
1309 734 127 31 telefon
1459 735 64 29 och
1545 733 51 30 till

106 782 217 31 anställande
339 791 43 21 av
399 781 290 39 medhjälperska,
710 781 9 29 i
737 781 94 38 varje
848 781 62 30 fall
928 782 113 29 täckte
1059 782 108 28 större
1185 780 98 30 delen
1302 789 41 20 av
1362 779 233 30 kostnaderna

109 829 56 29 för
190 827 90 31 båda
307 828 98 30 dessa
433 827 245 38 anordningar.
708 827 114 29 Skulle
849 827 56 29 det
933 826 72 30 visa
1033 825 50 39 sig
1111 824 214 39 nödvändigt
1352 827 48 27 att
1427 824 169 39 begränsa

107 872 198 40 anspråken
333 872 45 40 på
408 873 55 29 det
492 873 194 29 allmännas
717 871 218 39 frikostighet
966 871 50 30 till
1046 871 139 34 ettdera,
1217 870 107 30 borde
1355 870 105 29 saken
1491 868 105 39 enligt

109 918 251 40 Domkapitlets
390 918 139 38 mening
557 918 127 29 ordnas
714 916 46 31 så,
791 920 48 27 att
867 916 242 31 lärarinnorna
1139 915 110 38 ifråga
1278 914 45 39 på
1353 914 89 30 vissa
1472 914 124 30 villkor

108 964 129 30 erhölle
265 967 46 27 ett
338 962 101 40 årligt
467 963 266 39 tilläggsanslag,
764 972 74 20 som
866 962 106 30 borde
1000 962 106 29 räcka
1135 961 50 30 till
1213 960 77 30 hela
1320 959 192 31 kostnaden
1541 958 56 30 för

108 1009 163 39 antingen
294 1008 127 31 telefon
450 1008 220 39 (anläggning
693 1008 64 30 och
781 1008 241 37 abonnemang
1044 1006 10 29 i
1077 1006 110 39 lägsta
1210 1003 277 41 avgiftsklassen)
1516 1003 81 30 eller

108 1055 294 30 hembiträdeslön
427 1054 64 30 och
516 1053 104 39 enligt
644 1056 233 34 mottagarens
901 1052 218 30 bedömande
1143 1051 90 38 finge
1258 1049 178 31 användas
1461 1048 50 30 till
1536 1050 61 28 ett-

110 1102 82 29 dera
213 1099 207 32 ändamålet.

155 1146 115 30 Under
299 1145 139 30 erinran
468 1147 47 27 att
545 1145 41 29 de
616 1142 187 32 förmåner,
835 1152 74 20 som
938 1143 64 29 här
1033 1140 219 39 ifrågasättas
1284 1139 54 31 för
1370 1139 227 30 D-skolornas

109 1190 121 35 lärare,
252 1190 180 38 självklart
453 1190 86 29 även
560 1190 84 29 böra
666 1188 141 30 beredas
830 1187 118 35 andra,
971 1196 74 20 som
1067 1187 118 29 arbeta
1207 1185 110 30 under
1338 1184 170 31 likartade
1528 1183 70 31 för-

109 1235 197 35 hållanden,
329 1235 66 30 och
418 1235 107 29 under
547 1233 227 34 förmälande,
798 1235 48 28 att
869 1231 235 39 Domkapitlet
1126 1230 142 39 vidtagit
1290 1229 159 39 åtgärder
1472 1228 55 31 för
1550 1231 49 28 att

111 1281 57 30 vid
203 1280 285 31 förekommande
524 1277 443 39 visitationsförrättningar
1004 1275 266 31 förhållandena
1306 1275 57 29 vid
1389 1274 209 30 D-skolorna

108 1327 108 36 ägnas
242 1325 147 30 särskild
414 1324 320 39 uppmärksamhet,
762 1322 124 30 tillåter
911 1322 49 37 sig
988 1320 234 39 Domkapitlet
1247 1319 192 35 hemställa,

421 1417 47 27 att
497 1414 122 38 Kungl.
650 1412 329 39 Skolöverstyrelsen
1009 1411 78 30 ville
1115 1411 137 38 vidtaga
1280 1409 159 39 åtgärder
1467 1408 55 31 för
1551 1410 49 29 att

377 1460 35 30 åt
436 1460 111 29 lärare
571 1459 56 29 vid
652 1458 135 30 mindre
812 1457 192 30 folkskolor
1030 1457 64 29 och
1121 1456 143 30 därmed
1289 1454 169 30 likartade
1483 1453 117 30 skolor

377 1505 143 29 utverka
537 1505 112 28 bättre
667 1503 127 30 arbets-
814 1503 64 29 och
896 1499 388 33 bostadsförhållanden
1304 1500 65 29 och
1388 1498 121 31 därvid
1529 1499 70 29 sär-

377 1549 81 30 skilt
478 1549 105 29 tänka
604 1547 44 39 på
670 1547 129 30 sådana
820 1545 234 39 anordningar
1075 1555 75 20 som
1172 1544 140 31 effektiv
1334 1543 115 39 tillsyn
1471 1552 42 21 av
1534 1542 65 30 till-

378 1593 235 31 handahållna
640 1593 170 33 bostäder,
839 1592 224 29 skoltomtens
1091 1589 176 39 inhägnad
1294 1591 89 28 samt
1410 1588 121 39 bidrag
1558 1596 42 21 av

378 1639 175 30 allmänna
576 1638 111 29 medel
711 1637 48 30 till
783 1638 56 28 lön
861 1636 33 30 åt
918 1635 216 30 hembiträde
1157 1635 64 29 och
1244 1634 149 30 kostnad
1416 1632 54 31 för
1492 1632 108 30 fram-

379 1683 168 37 dragning
569 1692 41 20 av
633 1683 136 29 telefon.

157 1775 208 30 Härnösand
389 1775 63 29 den
476 1775 19 28 9
518 1783 92 20 mars
636 1773 92 29 1938.

613 1861 47 30 På
682 1860 249 38 Domkapitlets
952 1861 142 37 vägnar:

708 1950 141 29 Torsten
871 1949 133 29 Bohlin.

160 1998 84 29 Erik
266 1997 155 29 Timelin.

1220 2036 141 29 Gunnar
1387 2035 169 37 Klefbom.
