1906 2812
263 157 19 30 8
741 151 228 29 Statsutskotiets
991 147 149 29 utlåtande
1161 147 49 27 Nr
1233 143 47 31 62.

934 442 61 41 Nr
1026 440 66 41 62.

633 556 126 27 Ankom
781 554 50 28 till
854 553 187 35 riksdagens
1064 550 106 28 kansli
1192 549 61 28 den
1279 548 36 27 19
1340 547 81 36 april
1447 545 77 28 1929
1548 544 42 28 kl.
1618 544 36 27 11
1680 543 22 28 f.
1726 552 42 19 m.

585 646 194 38 Utlåtande
805 646 14 35 i
847 644 192 47 anledning
1068 655 45 23 av
1142 640 134 49 Kungl.
1308 639 129 48 Maj:ts
1462 635 229 52 proposition
1706 647 64 22 an-

668 698 135 50 gående
831 695 266 50 godkännande
1125 706 45 23 av
1198 695 70 33 viss
1295 688 327 40 överenskommelse
1637 686 134 37 mellan

670 751 135 35 kronan
834 749 62 36 och
929 746 110 37 Umeå
1065 745 92 36 stad.

1548 790 63 41 (1:a
1634 788 86 40 avd.)

327 890 59 33 Uti
407 902 38 20 en
465 890 52 31 till
539 889 179 36 riksdagen
739 887 141 36 avlåten,
902 886 61 31 den
987 886 37 30 15
1046 894 88 21 mars
1157 882 82 31 1929
1261 879 207 38 dagtecknad
1489 877 207 38 proposition
1718 873 53 39 (nar

274 939 90 39 207),
397 940 112 32 vilken
539 939 54 32 till
626 937 239 33 förberedande
895 935 203 36 behandling
1130 932 169 32 hänvisats
1331 930 55 32 till
1420 928 258 36 statsutskottet,
1710 926 61 31 har

272 992 127 37 Kungl.
427 991 110 37 Maj:t,
564 990 105 31 under
696 987 206 38 åberopande
929 997 40 20 av
996 986 54 31 det
1075 984 58 31 vid
1160 981 245 40 propositionen
1433 979 120 37 fogade
1578 978 126 36 utdrag
1731 987 40 20 av

273 1039 364 40 statsrådsprotokollet
657 1044 77 26 över
754 1035 290 34 försvarsärenden
1065 1034 54 32 för
1138 1033 141 32 nämnda
1300 1032 75 36 dag,
1398 1029 172 37 föreslagit
1591 1028 181 36 riksdagen

274 1096 50 29 att
353 1092 176 38 godkänna
557 1091 12 30 i
598 1089 140 32 berörda
767 1085 328 39 statsrådsprotokoll
1126 1083 228 36 omförmälda,
1385 1082 62 31 den
1478 1081 40 31 23
1546 1079 60 32 och
1637 1079 63 31 den
1731 1078 39 30 25

274 1143 148 32 februari
446 1142 82 31 1929
549 1141 121 31 mellan
691 1139 126 36 Kungl.
840 1138 101 37 Maj:t
961 1136 58 32 och
1039 1136 128 31 kronan
1187 1145 115 26 genom
1323 1130 326 37 kasernkommittén,
1672 1129 20 31 å
1713 1139 60 20 ena

274 1195 105 35 sidan,
401 1195 85 29 samt
506 1192 104 32 Umeå
631 1190 84 37 stad,
736 1190 20 30 å
776 1189 105 31 andra
900 1188 105 36 sidan,
1025 1186 170 37 ingångna
1214 1183 215 39 preliminära
1448 1179 324 34 överenskommelse.

328 1285 157 32 Nämnda
504 1281 314 35 överenskommelse
839 1285 36 27 är
895 1280 105 31 såsom
1022 1278 114 37 bilaga
1156 1277 100 37 fogad
1277 1276 56 32 vid
1355 1276 93 31 detta
1466 1273 181 32 utlåtande.

330 1360 221 33 Beträffande
569 1358 221 36 utredningen
807 1357 12 30 i
838 1355 134 32 ärendet
991 1354 53 31 får
1063 1353 164 32 utskottet
1244 1351 139 32 hänvisa
1401 1350 53 31 till
1474 1348 185 38 åberopade
1677 1349 97 29 stats-

277 1410 286 40 rådsprotokollet.

331 1510 371 40 Departementschefen
725 1509 60 31 har
807 1508 53 31 till
884 1507 139 32 berörda
1045 1503 329 39 statsrådsprotokoll
1398 1500 241 38 inledningsvis
1664 1499 112 32 anfört

277 1564 157 38 följande.

336 1613 144 32 >Genom
497 1611 110 32 beslut
624 1611 62 31 den
705 1610 40 30 18
763 1609 64 37 maj
850 1608 84 31 1894
952 1606 199 32 förordnade
1169 1604 126 37 Kungl.
1314 1603 111 37 Maj:t,
1444 1602 73 32 med
1534 1600 189 38 antagande
1740 1611 41 20 av

277 1664 121 38 anbud,
420 1674 67 20 som
512 1662 63 32 den
599 1662 38 30 17
662 1659 135 32 oktober
820 1659 59 31 och
901 1658 62 31 den
986 1657 38 31 29
1047 1655 169 33 december
1240 1654 83 31 1893
1346 1654 107 37 gjorts
1474 1664 40 20 av
1535 1651 117 32 staden
1676 1650 104 32 Umeå

276 1715 12 31 i
310 1715 98 37 fråga
428 1726 51 20 om
501 1712 204 38 upplåtande
727 1722 40 20 av
789 1710 94 31 mark
906 1721 40 19 m.
969 1720 41 19 m.
1031 1707 55 32 till
1110 1707 55 32 det
1186 1706 52 31 för
1259 1704 188 32 Norrlands
1469 1704 312 36 dragonregemente

276 1765 219 37 erforderliga
515 1764 85 32 skol-
624 1763 60 32 och
705 1752 419 44 kasernetablissemanget,
1146 1759 50 30 att
1215 1756 143 32 nämnda
1378 1757 183 35 regemente
1583 1753 110 32 skulle
1715 1752 65 32 för-

276 1818 117 37 läggas
415 1816 54 32 till
492 1814 112 32 Umeå.

334 1868 125 32 Vidare
486 1865 200 33 förordnade
712 1863 127 38 Kungl.
868 1862 100 37 Maj:t
994 1872 116 27 genom
1138 1860 109 32 beslut
1273 1859 63 32 den
1363 1858 19 31 8
1412 1856 166 34 december
1609 1856 96 36 1904,
1733 1857 49 29 att

278 1918 251 33 Västerbottens
549 1918 185 35 regemente
753 1914 108 32 skulle
881 1913 170 36 förläggas
1071 1911 55 32 till
1145 1910 113 38 Umeå,
1277 1910 163 37 varjämte
1461 1908 125 37 Kungl.
1607 1906 102 38 Maj:t
1729 1906 52 32 be-

279 1970 202 38 myndigade
506 1966 356 37 arméförvaltningens
887 1962 471 37 fortifikationsdepartement
1386 1962 50 29 att
1462 1960 72 31 med
1560 1958 118 32 staden
1705 1957 78 37 ingå

279 2022 91 31 avtal
394 2020 168 37 angående
585 2017 193 32 överlåtelse
800 2028 42 20 av
865 2015 94 32 mark
981 2014 54 32 till
1057 2014 90 38 plats
1171 2013 52 31 för
1244 2010 377 37 kasernetablissemang
1645 2009 61 32 och
1729 2014 53 26 öv-

280 2071 165 38 ningsfält
471 2083 41 19 m.
540 2082 41 19 m.
618 2069 125 31 Mellan
770 2065 505 37 fortifikationsdepartementet
1301 2063 60 31 och
1387 2062 116 32 staden
1527 2061 81 32 slöts
1634 2060 13 31 i
1672 2060 111 32 anled-

280 2123 81 38 ning
380 2123 103 31 härav
504 2124 47 29 ett
569 2121 63 31 den
652 2121 39 31 16
711 2120 60 31 och
791 2119 63 31 den
873 2118 39 31 21
934 2116 167 33 december
1123 2116 83 31 1904
1225 2114 201 37 dagtecknat
1444 2113 90 32 avtal
1551 2112 12 31 i
1582 2114 121 35 ämnet,
1723 2110 59 32 vil-

280 2174 56 32 ket
355 2174 93 32 torde
469 2173 37 31 få
525 2172 96 37 fogas
642 2172 106 31 såsom
770 2169 114 37 bilaga
908 2167 77 39 (Bil.
1005 2165 42 39 B)
1071 2166 57 33 vid
1151 2164 362 39 statsrådsprotokollet
1533 2163 140 32 rörande
1693 2163 92 32 detta

281 2225 128 32 ärende.
447 2223 125 32 Genom
609 2234 39 20 en
685 2222 61 32 den
782 2222 38 30 21
859 2219 135 38 augusti
1018 2219 60 31 och
1103 2218 62 32 den
1193 2218 38 30 12
1257 2215 184 39 september
1469 2215 81 32 1908
1575 2213 209 38 dagtecknad

283 2274 311 34 överenskommelse
621 2273 121 31 mellan
766 2272 127 31 kronan
918 2271 59 31 och
1003 2270 117 31 staden
1143 2269 61 31 har
1227 2268 83 31 visst
1334 2267 124 37 tillägg
1482 2267 104 37 gjorts
1610 2265 56 32 till
1691 2276 93 27 nyss-

282 2327 139 32 berörda
441 2326 90 31 avtal
549 2325 12 31 i
582 2324 194 37 anslutning
793 2322 54 32 till
867 2322 132 32 stadens
1018 2320 175 32 utfästelse
1213 2319 104 37 enligt
1335 2318 150 38 punkten
1506 2314 32 40 4)
1560 2317 12 31 i
1591 2316 127 32 avtalet
1737 2318 50 29 att

283 2378 87 32 inom
395 2377 141 37 angiven
559 2375 50 33 tid
632 2376 88 31 hava
743 2373 238 33 kostnadsfritt
1007 2372 52 31 för
1080 2372 128 30 kronan
1232 2370 53 32 till
1310 2374 143 33 gränsen
1477 2370 67 30 mot
1567 2368 218 37 dragonrege-

284 2431 138 30 mentets
448 2427 208 37 övningsfält
680 2424 201 38 framdragit
907 2423 157 32 elektrisk
1089 2420 341 39 belysningsledning.
