1890 2776
267 185 38 30 18
443 186 188 30 Allmänna
656 187 399 36 beredningsulskottets
1082 188 179 30 utlåtande
1287 198 41 20 nr
1355 190 41 28 17
1420 190 39 29 år
1485 192 83 28 1958

310 273 117 30 Under
446 274 217 37 åberopande
684 284 42 20 av
745 276 65 29 vad
832 285 89 20 ovan
941 277 135 29 anförts
1097 277 54 30 får
1173 278 169 30 utskottet
1363 279 193 35 hemställa,

627 330 51 27 alt
702 329 185 37 riksdagen
911 330 9 28 i
944 330 186 37 anledning
1153 340 42 20 av
1218 332 42 29 de
1284 332 222 36 likalydande
1532 334 218 29 motionerna

585 382 92 29 I:151
710 382 63 29 och
803 383 112 29 II:173
945 383 8 28 i
985 383 165 30 skrivelse
1179 384 52 29 til
1261 385 125 36 Kungl.
1416 385 105 37 Maj:t
1550 386 200 31 hemsläller

584 444 56 20 om
658 444 42 20 en
719 435 186 37 utredning
924 437 79 29 med
1021 437 137 36 uppgift
1176 439 50 28 att
1246 438 193 37 framlägga
1461 439 130 37 förslag
1610 439 51 30 till
1682 440 68 37 lag-

585 488 160 37 stiftning
767 497 45 20 m.
835 498 45 20 m.
903 491 50 27 att
975 490 128 29 ersätta
1126 490 66 29 den
1215 500 45 20 nu
1285 491 159 39 gällande
1468 492 282 38 lösdrivarlagen.

309 594 200 29 Stockholin
534 594 66 30 den
625 595 34 28 11
685 595 87 37 april
798 596 83 29 1958

588 701 47 29 På
658 701 176 30 allmänna
858 702 398 37 beredningsutskotlets
1278 705 144 36 vägnar:

811 782 146 30 NANCY
982 783 217 30 ERIKSSON

313 1019 65 29 Vid
398 1019 94 30 detta
513 1020 146 30 ärendes
681 1021 210 37 behandling
911 1022 64 29 har
995 1022 152 30 närvarit

311 1090 81 30 från
424 1091 165 30 första
621 1092 219 30 kammaren:
865 1093 58 30 fru
944 1093 256 36 Wallentheim,
1224 1095 121 29 herrar
1367 1095 173 37 Nyström,
1564 1096 188 36 Strandler,

264 1136 116 29 Johan
404 1136 159 35 Persson,
586 1137 58 29 fru
665 1137 151 35 Nilsson,
837 1138 82 29 herr
940 1139 124 34 Sörlin,
1086 1139 56 29 fru
1164 1140 316 35 Hamrin-Thorell,
1501 1141 123 29 herrar
1644 1141 111 29 Helle-

264 1181 118 34 bladh,
397 1181 186 35 Jonasson,
598 1182 91 37 Tage
703 1183 200 29 Johansson
918 1183 65 29 och
998 1183 153 37 Kaijser;

310 1224 82 30 från
452 1225 120 30 andra
599 1226 220 30 kammaren:
840 1227 57 29 fru
914 1227 168 30 Eriksson
1100 1228 9 29 i
1128 1228 210 36 Stockholm,
1358 1230 57 29 fru
1433 1230 181 37 Svedberg,
1632 1230 121 30 herrar

265 1269 184 38 Nestrup?,
472 1270 101 35 Bark,
597 1270 182 36 Östrand+,
805 1272 212 36 Magnusson
1039 1273 10 28 i
1072 1273 177 35 Tumhult,
1273 1273 182 36 Nelander,
1480 1274 125 30 fröken
1629 1275 125 30 Walle-

266 1314 84 35 rius,
378 1315 82 29 herr
486 1315 164 30 Carlsson
679 1316 6 28 i
715 1316 220 35 Huskvarna,
966 1317 56 29 fru
1050 1317 197 37 Jäderberg,
1277 1318 80 29 herr
1387 1319 187 36 Börjesson
1602 1319 65 30 och
1696 1320 56 29 fru

266 1359 311 30 Lewén-Eliasson.

266 1416 16 19 s
305 1413 34 28 Ej
363 1414 181 23 närvarande
563 1414 48 23 vid
632 1414 180 24 utlåtandets
832 1415 154 29 justering.

693 2394 105 21 Svenska
815 2394 284 25 Tryckeriaktiebolaget,
1116 2395 136 21 Stockholm
1271 2396 55 20 1958

986 2429 57 17 58579
