2194 2614
410 193 19 30 4
862 196 389 32 Konstilutionsutskottets
1275 198 158 31 utlåtande
1455 199 45 31 Nr
1523 199 47 31 13.

1128 665 59 42 Nr
1213 666 61 41 13.

1054 827 110 24 Ankom
1184 826 43 25 till
1246 827 173 32 Riksdagens
1439 828 89 25 kansli
1548 829 53 25 den
1622 827 33 27 14
1674 836 71 19 mars
1767 829 67 26 1911
1856 831 36 25 kl.
1913 829 32 26 12
1965 839 35 17 m.

622 968 431 37 Konstitutionsutskottets
1094 969 188 45 utlåtande,
1313 971 13 34 i
1355 970 187 46 anledning
1584 972 47 44 af
1664 973 99 35 väckt
1794 974 126 35 motion
1948 984 53 26 om

834 1039 120 46 tillägg
995 1041 52 35 till
1080 1042 49 33 14
1156 1041 26 46 $
1209 1043 26 34 2
1262 1052 99 25 mom.
1393 1043 13 34 i
1425 1042 257 46 förordningen
1711 1055 52 25 om
1792 1045 210 37 konmmnuunal-

832 1111 141 45 styrelse
993 1112 51 45 på
1072 1111 125 37 landet.

510 1287 19 35 I
573 1300 46 23 en
661 1287 97 37 inom
793 1288 132 36 Andra
954 1289 215 37 kammaren
1197 1290 122 46 väckt,
1350 1290 56 37 till
1435 1292 450 40 konstitutionsutskottet
1913 1297 87 35 hän-

407 1341 103 36 visad
539 1341 151 44 motion,
728 1354 44 23 nr
803 1344 87 43 217,
921 1343 66 35 har
1014 1344 86 35 herr
1127 1345 150 45 Mogren
1305 1345 199 45 hemställt,
1538 1349 74 33 »att
1640 1347 218 49 Riksdagen
1887 1353 111 33 måtte

406 1394 143 36 besluta
593 1398 53 33 ett
674 1396 133 35 sådant
835 1395 131 49 tillägg
994 1397 57 35 till
1090 1399 11 43 8
1133 1400 47 33 14
1209 1410 107 24 mom.
1351 1401 21 34 2
1400 1399 13 35 i
1441 1400 139 47 Kungl.
1611 1401 126 49 Maj:ts
1765 1403 138 47 nådiga
1931 1403 67 37 för-

406 1448 158 47 ordning
598 1461 55 24 om
688 1448 373 50 kommunalstyrelse
1091 1453 46 45 på
1167 1452 136 45 landet,
1335 1455 54 33 att
1416 1453 371 38 kommunalstämma
1817 1462 88 41 äger
1933 1460 63 41 att,

407 1502 64 35 där
511 1505 41 32 så
597 1514 106 24 anses
745 1503 143 47 nödigt,
932 1505 193 47 uppdraga
1168 1508 36 33 åt
1245 1518 46 24 en
1334 1507 158 36 särskild
1516 1510 139 35 nämnd
1685 1512 53 33 att
1765 1510 78 36 före
1871 1510 127 49 hvarje

406 1558 152 33 stämma
587 1555 14 36 1
629 1556 240 48 röstlängden
899 1558 182 36 anteckna
1112 1559 45 35 de
1186 1571 185 35 personer,
1403 1572 74 24 som
1509 1561 62 37 vid
1600 1562 398 39 kommunalstämman

405 1609 115 36 sakna
548 1612 181 36 rösträtt.»

510 1662 71 36 Till
611 1664 81 36 stöd
720 1663 56 37 för
805 1665 64 35 sitt
897 1664 137 48 förslag
1062 1667 68 34 har
1160 1666 228 37 motionären
1418 1668 120 37 anfört
1566 1669 178 49 följande:

514 1716 41 35 »I
584 1717 139 47 Kungl.
755 1717 127 49 Maj:ts
911 1718 136 48 nådiga
1076 1720 215 48 förordning
1321 1734 58 23 om
1408 1721 371 51 kommunalstyrelse
1809 1727 46 45 på
1870 1727 127 35 landet

404 1770 148 47 stadgas
581 1770 14 36 i
624 1771 22 46 8
679 1774 46 32 14
756 1784 106 24 mom.
897 1776 20 33 2
943 1773 156 36 rörande
1138 1773 186 49 justering
1367 1776 40 35 af
1445 1776 71 36 den
1556 1778 202 47 röstlängd,
1795 1790 75 25 som
1902 1780 94 36 skall

405 1824 189 35 användas
624 1824 62 36 vid
715 1825 382 47 kommunalstämma,
1128 1827 177 49 följande:

514 1891 68 19 »—
617 1900 47 3 —
697 1900 46 4 —
775 1868 34 47 Å
853 1879 128 50 hvarje
1023 1883 166 43 stämma,
1233 1894 76 24 som
1346 1883 91 35 efter
1464 1883 114 37 första
1603 1885 236 48 justeringen
1866 1887 129 46 hålles,

404 1929 94 37 skall
527 1930 259 47 ordföranden,
817 1933 115 37 innan
960 1936 114 46 något
1103 1936 135 35 ärende
1253 1935 57 37 till
1329 1936 229 49 behandling
1577 1938 195 49 företages,
1793 1940 203 37 framställa

403 1983 197 49 förfrågan,
633 1986 183 37 huruvida
846 1990 123 45 någon
998 1988 64 37 vill
1091 1994 89 42 göra
1209 1990 248 48 anmärkning
1486 1995 76 32 mot
1588 1993 251 47 röstlängden.
1882 1994 113 37 Stäm-

403 2049 85 24 man
529 2039 190 36 meddelar
761 2041 103 36 öfver
896 2041 206 37 framställd
1132 2043 248 48 anmärkning
1409 2047 131 44 genast
1568 2046 65 36 sitt
1655 2046 122 36 beslut
1806 2048 69 36 och
1903 2049 93 36 låter

401 2090 14 35 i
442 2091 162 47 längden
632 2093 118 37 införa
780 2094 73 36 den
881 2096 160 44 rättelse,
1073 2108 78 24 som
1181 2097 106 36 däraf
1311 2097 208 38 föranledes
1549 2121 48 4 —
1629 2121 47 5 —
1709 2115 86 20 —.»

507 2145 293 38 Bestämmelsen
830 2161 58 23 om
911 2148 183 49 justering
1124 2150 41 35 af
1187 2151 240 47 röstlängden
1447 2152 61 36 vid
1528 2153 129 49 hvarje
1674 2156 174 35 stämmas
1864 2155 129 49 början

403 2197 204 49 möjliggör,
652 2203 52 33 att
747 2213 46 23 en
835 2203 233 47 röstägande,
1109 2216 76 23 som
1216 2204 62 37 vid
1306 2205 184 37 ordinarie
1519 2207 378 38 decemberstämman
1924 2210 70 35 för-

402 2255 157 33 summat
588 2256 54 33 att
670 2254 202 37 framställa
902 2257 44 35 de
975 2257 289 50 anmärkningar
1292 2262 76 33 mot
1387 2260 251 48 röstlängden,
1660 2261 148 37 hvartill
1829 2263 73 36 han
1917 2262 76 36 kan
