1914 2834
469 171 392 37 Bevillningsutskottets
887 169 217 31 betänkande
1128 170 47 30 Nr
1200 171 48 30 32.
1601 164 16 29 7

113 257 128 30 verkan
265 256 45 37 på
335 256 331 37 försäljningspriset
689 265 100 27 synes
813 255 162 36 förslaget
1000 255 10 30 i
1035 255 75 30 dess
1137 253 226 32 förevarande
1388 252 91 31 form
1503 251 115 37 ingiva

113 299 90 31 vissa
227 299 282 36 betänkligheter.
560 299 53 30 En
638 298 198 38 jämförelse
863 298 127 30 mellan
1018 299 40 29 de
1084 297 194 35 föreslagna
1305 296 219 30 tullsatserna
1552 295 66 30 och

113 342 243 37 inköpsprisen
376 342 20 30 å
415 343 113 29 hattar
548 342 130 30 utvisar
697 341 185 36 nämligen,
900 343 48 28 att
967 340 161 36 förslaget
1148 339 109 30 skulle
1276 339 167 29 innebära
1462 347 43 21 en
1525 346 91 21 avse-

113 387 83 29 värd
219 384 284 38 tullbeskattning
524 394 42 21 av
589 385 41 30 de
651 384 153 36 billigare
825 384 116 36 slagen
963 392 41 21 av
1025 384 125 34 hattar,
1173 382 92 30 vilka
1287 381 178 31 användas
1487 390 42 21 av
1553 380 65 30 den

113 428 134 31 mindre
264 428 190 37 köpstarka
471 428 98 31 delen
587 437 41 21 av
645 426 255 37 befolkningen.
943 426 164 31 Däremot
1125 434 99 28 synes
1242 434 42 21 en
1302 425 106 36 högre
1425 423 62 31 tull
1503 423 20 30 å
1540 423 77 30 hår-

114 471 169 31 filthattar
308 481 42 20 av
377 471 90 30 vissa
493 471 75 30 skäl
595 470 200 30 motiverad.

158 516 48 28 Av
226 515 60 30 allt
308 518 48 27 att
377 515 103 30 döma
503 515 37 29 är
562 514 56 30 det
637 513 104 31 också
760 513 10 30 i
793 511 96 38 fråga
909 521 58 21 om
988 512 91 30 detta
1103 520 117 21 senare
1241 511 71 36 slag
1335 520 41 20 av
1397 510 125 36 hattar,
1544 518 75 21 som

114 558 65 29 den
199 558 182 30 inhemska
402 557 192 30 industrien
614 558 38 29 är
670 557 13 29 i
703 556 111 30 behov
835 566 41 20 av
898 556 82 30 ökat
1001 554 111 37 skydd
1133 554 54 31 för
1208 553 53 32 sin
1281 553 230 36 tillverkning.
1555 551 65 31 Det

113 601 96 30 torde
231 610 81 20 vara
334 600 203 36 förklarligt,
560 603 49 27 att
631 599 110 30 denna
765 599 53 30 för
841 598 73 30 vårt
935 599 81 29 land
1036 597 250 38 jämförelsevis
1309 606 68 27 nya
1399 595 220 36 tillverkning

114 643 62 30 har
195 643 209 36 svårigheter
425 646 48 27 att
489 644 82 35 göra
591 642 49 36 sig
659 642 157 36 gällande
835 641 11 30 i
867 642 216 29 konkurrens
1104 641 78 29 med
1203 640 106 29 sedan
1328 639 167 36 gammalt
1514 638 20 30 å
1554 638 66 30 den

114 687 146 29 svenska
288 686 216 30 marknaden
531 686 56 29 väl
614 685 199 30 inarbetade
842 684 185 30 utländska
1056 683 160 30 fabrikat.
1267 682 116 36 Enligt
1410 682 41 30 de
1480 681 138 36 upplys-

113 729 132 36 ningar,
267 738 75 21 som
363 728 148 31 kommit
532 728 262 30 ämbetsverken
814 727 179 36 tillhanda,
1016 727 59 29 äro
1098 725 348 31 arbetskostnaderna
1467 724 54 31 för
1541 723 78 30 hår-

113 771 171 31 filthattar
308 772 41 30 50
374 771 50 30 till
450 772 60 29 100
534 766 143 41 procent
699 771 106 35 högre
828 771 44 28 än
894 769 53 31 för
970 769 229 30 ullfilthattar.
1245 768 160 30 Priserna
1429 767 88 36 ligga
1539 767 79 29 ock-

114 814 38 31 så
172 815 155 30 avsevärt
350 815 115 35 högre.
512 813 53 31 Då
586 822 82 21 man
690 812 124 36 finner,
838 815 48 28 att
908 811 231 31 medelvärdet
1161 811 37 31 år
1225 812 82 28 1934
1331 810 54 31 för
1406 810 79 30 med
1507 809 111 31 siden-

115 867 99 21 varor
238 858 189 36 garnerade
452 856 196 31 herrhattar
672 866 40 20 av
738 856 54 30 filt
816 856 109 29 under
951 855 82 30 åren
1059 855 82 29 1934
1166 854 65 30 och
1260 854 83 29 1935
1369 852 158 37 utgjorde
1555 853 65 29 5.73

114 900 127 30 kronor
262 900 193 36 respektive
475 901 66 29 5.58
562 900 128 29 kronor
710 902 90 27 samt
819 898 54 31 för
894 897 219 31 ullfilthattar
1134 896 145 37 angivits
1300 896 38 30 så
1358 895 75 37 låga
1453 895 71 37 pris
1545 904 74 21 som

113 943 54 30 för
189 943 166 30 ofodrade
379 943 177 29 2.40—3.50
576 943 129 29 kronor
726 942 67 30 och
817 941 54 30 för
892 940 143 31 fodrade
1058 941 178 28 2.90—4.00
1257 940 139 34 kronor,
1420 938 97 30 torde
1538 947 82 20 man

113 987 118 29 kunna
248 987 111 29 räkna
378 986 78 30 med
474 989 47 27 ett
539 985 217 30 medelvärde
774 984 53 30 för
846 983 235 31 hårfilthattar
1099 992 42 20 av
1162 983 84 29 7—8
1265 983 128 29 kronor
1411 991 61 26 per
1491 980 128 37 stycke.

114 1029 13 30 I
151 1030 91 29 detta
266 1029 254 35 sammanhang
546 1028 58 30 må
627 1029 158 34 nämnas,
809 1030 49 27 att
882 1026 232 31 medelvärdet
1137 1025 20 31 å
1177 1025 169 30 införseln
1371 1024 78 30 från
1474 1023 145 31 Storbri-

114 1072 141 29 tannien
275 1081 42 20 av
339 1072 78 29 med
441 1071 200 30 sidenvaror
661 1070 188 36 garnerade
869 1070 196 29 herrhattar
1086 1078 41 20 av
1148 1068 94 30 såväl
1260 1068 63 29 ull-
1345 1077 74 20 som
1440 1066 121 31 hårfilt
1581 1065 39 31 år

117 1115 82 29 1934
222 1113 157 37 utgjorde
403 1115 64 28 7.37
487 1114 138 29 kronor.

158 1157 222 30 Beträffande
403 1156 236 30 hårfilthattar
660 1155 97 31 torde
779 1155 145 30 sålunda
946 1165 42 19 en
1008 1154 167 37 justering
1196 1163 42 20 av
1260 1153 219 30 tullsatserna
1501 1152 119 29 kunna

114 1209 82 21 vara
220 1199 191 31 motiverad
435 1199 45 36 på
504 1198 37 31 så
567 1200 76 35 sätt,
668 1201 48 28 att
738 1198 186 30 enahanda
948 1196 249 37 tilläggstullar,
1224 1206 76 20 som
1324 1196 55 29 för
1402 1195 218 30 närvarande

113 1242 89 37 gälla
223 1243 54 29 för
298 1243 209 35 damhattar,
525 1241 175 37 nämligen
721 1242 40 29 50
782 1243 58 28 öre
859 1250 42 27 pr
922 1241 96 36 styck
1039 1240 54 31 för
1111 1239 211 37 ogarnerade
1340 1239 68 29 och
1430 1239 39 29 75
1490 1239 58 29 öre
1567 1237 53 31 för

114 1286 197 35 garnerade,
334 1287 100 35 göras
457 1284 204 37 tillämpliga
684 1285 87 29 även
791 1284 46 36 på
859 1284 196 30 herrhattar
1078 1292 42 21 av
1142 1281 128 31 hårfilt.
1315 1280 199 31 Emellertid
1538 1279 83 37 vilja

114 1329 263 30 ämbetsverken
410 1328 114 30 erinra
562 1337 57 20 om
656 1328 41 29 de
731 1326 311 37 handelspolitiska
1068 1325 282 36 betänkligheter,
1377 1324 102 35 vilka,
1506 1323 114 30 såsom

115 1371 91 31 förut
229 1373 150 34 nämnts,
406 1371 56 30 vid
489 1372 82 29 1934
597 1371 55 30 års
677 1370 139 36 riksdag
842 1369 118 37 gjorde
984 1370 49 35 sig
1057 1368 158 37 gällande
1241 1371 92 26 emot
1358 1377 43 20 en
1424 1366 95 37 dylik
1543 1366 76 30 tull-

115 1414 209 37 förhöjning.
378 1414 48 30 De
455 1413 309 36 handelspolitiska
793 1413 260 36 synpunkterna
1083 1412 83 29 böra
1195 1410 142 37 givetvis
1367 1411 86 28 även
1480 1419 48 20 nu
1555 1408 65 31 till-

115 1456 110 31 mätas
249 1456 167 36 väsentlig
438 1456 173 36 betydelse
636 1455 55 30 vid
715 1455 139 36 frågans
880 1454 136 36 slutliga
1037 1454 206 36 avgörande.

159 1499 258 37 Tilläggstullen
437 1498 20 31 å
473 1498 210 37 ogarnerade
703 1501 89 27 samt
812 1498 77 29 med
910 1497 108 30 andra
1038 1497 44 29 än
1103 1496 199 30 sidenvaror
1320 1494 188 37 garnerade
1527 1494 93 30 herr-

115 1543 113 30 hattar
249 1552 41 20 av
312 1542 54 30 filt
387 1542 109 30 skulle
516 1541 77 30 icke
614 1540 35 31 få
670 1541 194 29 nämnvärd
887 1549 116 20 annan
1024 1538 158 37 praktisk
1203 1538 174 36 betydelse
1398 1539 44 28 än
1462 1537 51 30 till
1534 1536 86 31 före-

115 1584 210 31 kommande
349 1594 41 21 av
415 1594 41 20 en
478 1584 142 30 införsel
643 1593 41 20 av
707 1584 98 29 dessa
827 1592 101 21 varor
949 1582 10 30 i
982 1582 75 30 icke
1079 1581 175 36 sedvanlig
1276 1581 93 29 form
1392 1580 54 30 för
1468 1583 49 27 att
1540 1579 83 31 ernå

114 1628 92 36 lägre
231 1627 294 36 tullbeskattning.

160 1671 66 30 För
252 1670 387 37 generaltullstyrelsens
666 1669 269 30 vidkommande
961 1669 64 29 har
1053 1668 64 29 den
1145 1666 195 36 föreslagna
1365 1665 257 37 uppdelningen

115 1723 42 21 av
180 1714 197 30 herrhattar
396 1713 86 30 efter
506 1713 99 30 deras
627 1712 173 36 egenskap
825 1721 41 20 av
889 1710 115 31 ullfilt-
1028 1711 82 30 eller
1131 1709 237 31 hårfilthattar
1389 1708 121 37 ingivit
1532 1708 91 30 vissa

115 1756 273 36 betänkligheter
413 1755 219 31 beträffande
658 1755 263 36 möjligheterna
948 1756 47 28 att
1023 1753 74 31 lösa
1124 1753 145 30 härmed
1297 1751 164 31 förenade
1486 1751 135 30 tulltek-

115 1799 99 30 niska
240 1799 219 36 svårigheter.
498 1798 206 36 Visserligen
729 1798 96 35 säges
853 1796 194 31 skillnaden
1074 1805 81 21 vara
1180 1796 62 30 lätt
1268 1798 48 27 att
1343 1795 209 34 konstatera,
1580 1792 44 31 då

114 1842 175 36 nämligen
307 1841 164 31 hårfilten
489 1841 56 30 vid
567 1840 179 37 strykning
766 1843 72 27 mot
858 1839 138 31 handen
1016 1840 131 29 kännes
1167 1839 55 30 len
1239 1839 65 29 och
1327 1837 214 35 silkesartad,
1561 1836 61 30 ull-

116 1884 97 31 filten
240 1886 156 29 däremot
424 1885 160 29 strävare.
636 1883 199 30 Emellertid
862 1882 217 31 förekomma
1104 1881 177 36 gränsfall,
1307 1880 45 31 då
1378 1880 89 30 vissa
1496 1879 126 36 svårig-

117 1927 93 30 heter
232 1927 192 36 säkerligen
448 1927 142 29 komma
614 1929 48 26 att
684 1927 82 34 göra
789 1925 50 36 sig
860 1925 168 36 gällande.
1075 1924 41 29 Så
1139 1924 51 29 lär
1214 1923 116 30 finnas
1351 1932 43 20 en
1417 1922 140 30 kvalitet
1581 1931 42 20 av

117 1970 123 35 hattar,
264 1979 24 19 s.
313 1970 31 29 k.
369 1968 335 36 blandningshattar,
727 1977 75 21 som
824 1969 138 34 utgöras
987 1976 42 20 av
1051 1966 103 30 ullfilt
1174 1967 67 29 och
1263 1966 86 29 böra
1372 1965 175 30 betraktas
1572 1964 50 29 så-

117 2022 74 20 som
221 2012 221 30 ullfilthattar
471 2021 80 20 men
581 2011 92 29 vilka
703 2011 109 29 under
838 2009 453 36 tillverkningsproceduren
1322 2008 195 35 besprutats
1545 2006 78 31 med

117 2054 63 31 hår
200 2056 64 29 och
285 2054 45 36 på
350 2054 111 36 grund
482 2055 109 28 härav
613 2054 49 29 till
684 2053 176 30 utseendet
881 2052 109 30 starkt
1009 2052 115 30 erinra
1144 2061 56 20 om
1222 2050 246 30 hårfilthattar.
1511 2049 112 30 Emel-

117 2098 98 30 lertid
240 2098 70 29 kan
335 2096 162 31 hänvisas
522 2096 50 30 till
596 2099 48 27 att
669 2096 90 30 vissa
784 2096 109 29 andra
917 2095 136 30 länders
1076 2093 266 37 tullagstiftning
1367 2093 44 36 på
1436 2094 90 29 detta
1552 2102 71 20 om-

116 2140 82 30 råde
226 2141 125 29 företer
379 2140 181 30 enahanda
590 2138 271 36 differentiering
887 2148 41 20 av
954 2137 221 36 tullskyddet,
1203 2146 73 20 som
1306 2137 64 30 här
1397 2135 227 37 ifrågasättes,

117 2184 64 28 och
207 2186 48 27 att
279 2184 143 29 därmed
447 2182 164 30 förenade
635 2181 208 35 svårigheter
866 2190 41 20 av
931 2179 200 31 tullteknisk
1155 2182 102 27 natur
1279 2179 84 29 böra
1389 2179 119 29 kunna
1530 2180 93 28 över-

119 2226 120 29 vinnas
265 2226 63 29 hos
354 2235 55 20 oss
435 2224 69 30 lika
529 2225 54 29 väl
609 2233 74 21 som
709 2224 9 29 i
745 2224 108 29 andra
879 2223 129 29 länder.
1059 2222 121 30 Därest
1206 2221 166 36 viktigare
1397 2220 226 36 näringspoli-

118 2268 88 29 tiska
224 2268 166 29 intressen
410 2277 98 20 anses
527 2267 108 29 kräva
654 2276 42 19 en
712 2265 265 36 specialisering,
998 2274 73 21 som
1089 2265 69 29 kan
1176 2274 81 19 vara
1276 2264 144 30 förenad
1439 2264 78 29 med
1535 2263 91 29 vissa

117 2309 224 30 tulltekniska
367 2308 219 36 svårigheter,
609 2309 97 29 torde
728 2308 320 35 betänkligheterna
1072 2307 167 34 häremot,
1265 2307 113 28 därest
1403 2306 40 29 de
1467 2305 75 30 icke
1566 2306 59 28 äro

119 2352 137 29 särskilt
278 2355 98 32 tungt
400 2351 164 36 vägande,
586 2351 83 29 böra
693 2350 52 30 stå
765 2350 143 30 tillbaka
933 2349 53 30 för
1010 2350 55 29 det
1089 2349 175 29 allmänna
1288 2348 165 30 intresset.
1501 2347 13 30 I
1538 2347 86 29 före-

118 2395 150 29 varande
293 2394 60 29 fall
376 2403 99 21 anser
497 2393 370 36 generaltullstyrelsen
890 2392 49 36 sig
963 2393 118 29 oaktat
1105 2392 64 29 vad
1192 2401 47 20 nu
1262 2391 132 29 anförts
1419 2391 118 29 kunna
1562 2389 62 30 till-

119 2437 117 36 styrka
262 2437 163 35 förslaget
450 2436 10 29 i
486 2437 113 29 denna
627 2436 62 29 del.
