2129 2659
324 191 21 36 4
847 195 221 41 Lagutskottets
1096 196 161 33 Utlåtande
1282 197 60 31 N:o
1364 199 51 30 35.

1084 329 20 49 8
1124 329 42 49 5.

458 431 31 35 1.
544 430 57 37 Då
628 430 11 36 i
669 444 125 24 annan
823 432 166 50 ordning
1017 438 47 31 än
1093 434 59 36 för
1181 434 246 49 kronoskjuts
1456 436 122 37 finnes
1598 436 247 38 föreskrifvet
1864 452 64 23 an-

324 494 122 37 spann
482 481 87 37 med
605 481 92 38 eller
725 488 90 32 utan
845 484 135 37 fordon
1010 487 49 47 på
1086 485 221 50 reqvisition
1336 486 159 49 lemnas,
1524 491 111 46 utgår
1663 488 262 51 ersättningen

322 533 97 36 efter
459 533 160 49 kördag,
663 534 193 38 beräknad
898 536 57 36 till
996 537 116 49 högst
1151 537 75 36 tolf
1259 538 164 48 timmar,
1459 539 87 36 med
1574 540 65 36 det
1672 540 79 49 pris
1780 542 148 36 marke-

322 587 242 47 gångstaxan
594 585 243 38 bestämmer.
877 588 205 49 Begagnas
1102 588 136 37 fordon
1259 590 136 37 endast
1410 603 68 24 sex
1493 590 151 38 timmar
1659 591 94 38 eller
1768 592 158 48 mindre,

322 639 113 46 utgår
462 636 265 51 ersättningen
754 638 58 37 för
841 638 83 37 half
947 640 158 49 kördag.

456 690 32 32 2.
543 688 75 36 För
658 689 84 35 färd
783 690 83 35 från
906 691 187 35 bostaden
1131 692 57 35 till
1227 692 376 48 inställelseplatsen,
1641 694 198 37 äfvensom
1868 696 59 35 för

321 737 237 47 hemfärden,
587 738 139 37 undfås
753 738 117 50 ingen
899 740 225 50 ersättning,
1153 755 60 23 om
1244 742 191 37 afståndet
1462 743 243 50 understiger
1729 758 46 23 en
1794 745 131 50 nymil.

321 788 160 50 Uppgår
522 790 194 37 afståndet
755 791 57 36 till
851 805 58 34 en,
951 806 86 23 men
1078 793 242 49 understiger
1361 797 64 34 två
1464 795 130 48 nymil,
1623 796 146 37 lemnas
1798 797 129 37 derför

322 839 164 38 särskild
526 841 215 49 ersättning
780 842 87 37 med
909 843 124 37 forlön
1075 844 57 37 för
1171 858 44 23 en
1245 845 209 49 fjerdedels
1483 846 160 50 kördag,
1672 847 71 37 och
1771 861 59 23 om
1861 848 64 37 det

321 894 150 46 uppgår
498 891 57 36 till
583 895 63 33 två
675 893 116 49 nymil
820 893 71 37 och
919 894 221 38 derutöfver
1168 896 85 36 med
1282 895 124 38 forlön
1436 897 58 36 för
1521 910 47 24 en
1596 898 85 36 half
1704 898 157 50 kördag.

457 946 32 33 3.
543 943 179 47 Forman,
760 958 80 23 som
884 959 80 23 mer
1004 952 48 31 än
1093 947 220 48 fyratioåtta
1340 947 152 37 timmar
1519 949 149 48 nödgas
1696 963 91 22 vara
1815 951 110 36 borta

320 993 83 37 från
433 994 180 45 hemmet,
643 995 68 36 har
739 1002 92 31 utan
860 996 136 50 afdrag
1023 1000 49 46 på
1099 998 186 48 forlönen,
1314 1001 48 46 på
1390 998 74 37 den
1488 999 58 37 för
1565 1000 140 36 honom
1726 1000 198 38 bestämda

321 1045 187 49 farvägen
548 1045 200 38 enahanda
789 1052 75 32 rätt
903 1048 57 36 till
1001 1048 262 51 inqvartering
1301 1049 71 38 och
1412 1050 91 37 föda
1541 1051 59 37 för
1641 1051 60 50 sig
1741 1053 72 36 och
1842 1052 82 37 sina

320 1095 164 50 dragare
513 1110 80 23 som
622 1111 140 35 person
789 1098 229 38 tillhörande
1045 1100 277 49 krigsmagten.

455 1149 33 35 4.
542 1148 76 36 För
646 1149 72 36 den
748 1149 120 37 skada
896 1150 93 37 eller
1017 1151 240 48 betydligare
1286 1152 244 49 försämring,
1560 1166 81 23 som
1671 1157 21 32 å
1719 1154 85 48 djur
1832 1155 92 36 eller

321 1197 138 37 fordon
501 1198 212 50 bevisligen
754 1200 241 49 uppkommit
1035 1201 121 37 under
1195 1202 274 50 begagnandet
1509 1209 90 31 utan
1641 1217 162 36 egarens
1832 1205 91 37 eller

319 1248 249 38 formannens
597 1250 247 49 förvållande,
871 1257 41 31 är
940 1266 142 34 egaren
1111 1253 215 49 berättigad
1355 1254 57 36 till
1440 1254 70 37 full
1532 1255 226 49 ersättning.
1797 1256 126 49 Tages

321 1313 172 35 anspann
536 1301 83 37 med
662 1301 92 37 eller
782 1308 91 31 utan
901 1303 138 37 fordon
1067 1304 11 36 i
1106 1305 166 48 anspråk
1300 1305 58 36 för
1386 1306 133 48 längre
1546 1306 55 36 tid
1631 1311 46 31 än
1705 1307 220 49 fyratioåtta

319 1350 153 37 timmar
506 1351 93 38 eller
631 1352 58 37 för
722 1352 102 38 oviss
853 1353 53 37 tid
936 1354 92 37 eller
1056 1354 206 50 väglängd,
1292 1356 108 36 skola
1427 1356 142 47 hästar,
1599 1357 125 38 åkdon
1753 1358 71 37 och
1853 1358 72 37 sel-

319 1406 70 45 tyg
429 1402 181 38 värderas
650 1403 63 37 vid
753 1404 247 38 inställelsen.
1053 1406 80 37 Har
1174 1407 117 37 sådan
1330 1407 206 50 värdering
1575 1408 83 37 icke
1700 1409 48 37 då
1779 1409 145 38 kunnat

320 1453 80 47 ske,
428 1453 69 37 bör
525 1454 72 37 den
627 1458 42 33 så
696 1462 107 30 snart
831 1469 79 23 som
942 1457 149 49 möjligt
1120 1457 167 37 derefter
1315 1459 239 37 verkställas.

455 1708 30 35 1.
540 1707 163 37 Enskild
727 1709 164 49 jernväg
913 1710 84 37 med
1020 1711 88 36 dess
1130 1712 336 49 tjenstepersonal,
1483 1714 183 47 materiel,
1684 1715 238 49 byggnader,

318 1757 274 50 telegraflinier
632 1758 71 38 och
742 1761 303 38 materialförråd
1087 1776 47 23 m.
1165 1777 46 22 m.
1242 1763 109 47 skall,
1381 1764 67 37 der
1477 1768 40 33 så
1546 1765 205 46 erfordras,
1780 1769 58 34 stå
1865 1766 56 36 till

317 1808 289 49 krigsmagtens
636 1811 229 49 förfogande
894 1813 59 36 för
981 1813 271 50 fortskaffning
1280 1815 42 35 af
1341 1821 159 43 trupper
1520 1816 71 36 och
1611 1816 311 49 krigsförnöden-

319 1859 108 37 heter
468 1861 42 35 af
548 1860 74 36 alla
663 1862 101 49 slag;
804 1863 71 36 och
915 1877 90 23 vare
1048 1878 141 35 egaren
1229 1866 140 49 pligtig
1397 1873 55 29 att
1478 1866 11 36 i
1511 1866 237 50 jernvägens
1776 1882 147 35 vagnar

319 1910 169 37 anordna
517 1911 119 49 nödig
662 1912 205 51 inredning
894 1915 59 36 för
981 1914 105 50 dylik
1112 1916 282 50 fortskaffning.

452 1964 33 34 2.
539 1962 380 52 Militärtransporter
947 1966 147 37 betalas
1123 1967 98 37 efter
1249 1968 179 37 faststäld
1447 1974 88 31 taxa
1556 1968 92 38 eller
1667 1969 46 37 de
1734 1969 189 38 särskilda

318 2012 302 49 bestämmelser,
659 2028 81 24 som
766 2016 129 36 kunna
923 2017 59 36 för
1005 2017 213 49 jernvägen
1246 2032 92 23 vara
1365 2019 191 49 gällande.
1612 2021 226 49 Ersättning
1864 2022 59 36 för

317 2063 11 36 1
357 2064 119 48 öfrigt
503 2064 205 50 begagnad
737 2066 266 38 driftmateriel
1032 2068 145 37 lemnas
1205 2069 11 36 i
1236 2070 236 37 förhållande
1492 2071 56 35 till
1567 2071 117 45 tiden,
1705 2072 217 37 hvarunder

318 2114 73 38 den
433 2115 125 37 blifvit
598 2117 163 47 använd,
803 2118 74 37 den
911 2119 148 47 förlust,
1089 2133 81 23 som
1200 2120 221 49 derigenom
1451 2122 146 36 kunnat
1625 2123 58 36 för
1707 2123 214 48 jernvägen

318 2166 245 49 uppkomma,
604 2175 101 29 samt
745 2169 71 36 den
859 2170 120 36 skada
1020 2171 93 36 eller
1150 2171 242 51 betydligare
1425 2173 244 50 försämring,
1698 2174 221 37 materielen

317 2217 94 37 lidit.
465 2218 75 36 För
582 2219 49 35 all
673 2233 125 23 annan
837 2221 172 36 materiel
1042 2225 112 46 utgår
1182 2223 265 50 ersättningen
1476 2225 183 50 antingen
1688 2226 97 36 efter
1812 2239 110 36 nyss-

318 2268 167 37 nämnda
511 2270 171 49 grunder
710 2270 92 39 eller
831 2271 71 40 ock
931 2272 98 38 efter
1057 2272 88 40 dess
1173 2273 127 39 värde.
