1858 2762
256 140 18 29 2
448 141 186 31 Allmänna
656 141 397 43 berednirgsutskottets
1074 147 180 31 utlåtande
1275 149 104 29 nr:36
1398 149 40 30 år
1460 150 83 30 1964

256 220 130 29 vinster
413 230 74 20 som
513 222 368 40 bekämpningsmedel
908 235 41 21 av
975 227 92 29 olika
1092 228 73 38 slag
1191 228 145 30 innebär
1361 228 54 30 för
1439 229 208 39 jordbruket
1672 231 65 30 och

255 273 357 40 trädgårdsodlingen.
647 277 90 29 Utan
768 278 142 39 betning
942 289 41 20 av
1015 280 136 29 utsädet
1184 281 112 30 skulle
1328 281 227 40 förhärjande
1587 283 149 31 farsoter

256 326 129 29 drabba
404 328 367 40 spannmålsodlingen
790 331 63 29 och
871 333 86 28 utan
974 332 158 30 kemiska
1148 333 263 40 besprutnings-
1428 336 64 29 och
1508 336 228 40 bepudrings-

256 379 109 29 medel
383 380 112 30 skulle
510 381 327 41 oljeväxtodlingen,
854 384 217 40 fröodlingen
1087 386 64 29 och
1166 387 10 28 i
1192 389 72 27 stor
1279 388 243 39 utsträckning
1537 390 198 39 trädgårds-

255 431 162 40 odlingen
441 443 83 20 vara
549 435 154 39 omöjlig.
730 436 137 30 Allmän
892 438 223 39 användning
1140 448 41 21 av
1207 440 72 29 s.k.
1304 440 171 40 biologisk
1499 442 236 40 bekämpning

254 485 97 31 torde
365 495 85 23 vara
464 495 44 20 en
523 487 163 39 avlägsen
702 489 191 39 möjlighet,
910 491 65 29 och
991 491 345 42 resistensförädling
1350 496 56 28 tar
1420 495 140 39 mycket
1575 496 82 39 lång
1672 497 60 28 tid.

256 537 370 42 Skadeverkningarna
640 541 64 30 bör
718 543 191 30 emellertid
925 544 103 30 såvitt
1042 545 138 39 möjligt
1194 546 209 40 nedbringas
1418 548 52 29 till
1485 550 48 27 ett
1548 549 186 29 minimum

253 598 123 31 genom
390 592 44 29 bl.
449 602 29 20 a.
494 594 176 29 successiv
684 595 170 40 övergång
869 596 52 29 till
937 597 135 30 mindre
1088 597 123 40 giftiga
1226 599 121 30 medel.
1364 600 70 29 Vår
1447 601 288 40 växtskyddslag-

254 643 161 40 stiftning
439 645 137 30 fordrar
600 639 224 48 registrering
847 658 42 21 av
911 650 389 40 växtskyddspreparat,
1324 662 80 20 men
1427 654 114 38 någon
1564 655 169 38 ingående

253 696 275 41 värdeprövning
547 699 80 30 sker
645 699 44 40 ej.
720 701 41 29 En
768 696 120 35 sådan
906 702 62 30 bör
985 702 143 31 införas.
1148 704 64 30 Det
1231 704 122 31 kräves
1371 706 126 39 vidgad
1515 707 218 39 forsknings-

253 750 63 28 och
332 750 365 32 försöksverksamhet
711 754 44 39 på
770 754 93 30 olika
876 755 83 30 håll.
1640 793 36 5 os

274 799 113 33 "Även
401 803 11 29 i
428 802 132 32 motion
575 805 44 30 II:
637 805 63 31 540
716 805 249 42 understrykes
981 808 160 31 riskerna
1155 809 57 30 för
1226 810 143 31 faunan.
1385 808 68 33 Om
1467 813 41 29 de
1523 811 211 42 långsiktiga

252 854 348 42 följdverkningarna
620 859 45 38 på
684 858 253 32 människorna
954 865 56 27 vet
1029 871 81 20 män
1128 863 72 29 inte
1221 863 38 30 så
1276 864 138 39 mycket
1433 868 79 27 men
1532 866 56 30 det
1607 868 38 28 är
1664 866 68 31 för-

252 908 139 40 klarligt
408 911 50 28 att
475 911 214 30 situationen
704 907 126 35 väcker
846 922 70 21 oro.
934 915 51 29 En
996 910 248 36 intensifierad
1261 916 183 41 forskning
1460 919 39 29 är
1513 918 121 32 därför
1649 921 84 29 nöd-

249 959 127 41 vändig
405 963 65 29 och
500 964 108 29 redan
637 965 119 29 kända
785 966 365 40 forskningsresultat
1167 969 63 29 bör
1259 970 115 39 delges
1405 970 247 32 allmänheten.
1684 973 49 30 De

251 1014 143 39 skärpta
411 1015 310 32 bestämmelserna
740 1018 53 30 för
810 1019 470 42 giftmedelsanvändningen
1296 1023 89 30 löser
1402 1024 75 29 icke
1495 1020 134 49 frågan.

293 1067 226 31 Beträffande
539 1070 295 40 motiveringarna
852 1073 11 29 i
883 1073 110 39 övrigt
1013 1073 54 30 får
1086 1075 171 30 utskottet
1275 1076 146 31 hänvisa
1440 1077 52 30 till
1512 1079 218 29 motionerna

249 1120 44 30 II:
312 1121 70 34 115,
401 1121 28 30 I:
445 1122 64 29 319
526 1123 65 29 och
609 1124 44 29 II:
671 1123 74 31 540.
889 1125 2 3 |

292 1172 177 32 Utskottet
482 1175 64 29 har
559 1175 176 31 inhämtat
749 1169 162 47 yttrånde
926 1179 81 30 över
1020 1180 220 31 motionerna
1255 1181 79 30 från
1349 1178 379 50 kommerskollegium,

249 1224 389 43 lantbrukshögskolan,
677 1230 365 41 lantbruksstyrelsen,
1078 1234 369 40 medicinalstyrelsen,
1484 1238 132 29 statens
1651 1238 80 39 gift-

249 1280 140 34 nämnd,
409 1282 130 29 statens
557 1282 142 30 institut
717 1283 53 29 för
789 1283 210 36 folkhälsan,
1018 1288 130 28 statens
1166 1283 358 48 växtskyddsanstalt,
1541 1282 188 39 veterinär-

250 1332 178 39 styrelsen,
448 1334 153 39 Sveriges
621 1336 350 36 lantbruksförbund,
991 1339 154 39 Sveriges
1163 1341 251 39 ornitologiska
1431 1342 171 40 förening,
1621 1344 109 30 Sveri-

248 1393 56 31 ges
323 1386 344 39 yrkesfruktodlares
687 1389 228 31 riksförbund
934 1391 64 30 och
1016 1392 218 40 Föreningen
1252 1394 477 41 bekämpningsmedelsleve-

248 1439 166 34 rantörer,
431 1440 170 39 varjämte
618 1442 155 30 Svenska
786 1442 308 40 jägareförbundet
1110 1445 188 32 inkommit
1312 1448 78 30 med
1405 1458 43 20 en
1462 1449 177 31 skrivelse.

247 1536 372 40 Kommerskollegium
636 1539 117 30 anför:

288 1598 205 40 Kollegium,
515 1608 74 21 som
610 1601 112 30 berett
743 1602 154 39 Sveriges
917 1604 159 30 kemiska
1091 1605 295 39 industrikontor,
1407 1608 231 39 Kooperativa
1658 1609 68 30 för-

244 1641 131 31 bundet
394 1644 63 29 och
478 1644 338 32 handelskamrarna
820 1637 19 57 i
864 1647 90 30 riket
973 1648 136 31 tillfälle
1128 1652 51 27 att
1197 1652 93 37 yttra
1309 1651 59 39 sig,
1388 1651 55 30 får
1461 1653 78 29 med
1558 1654 168 30 överläm-

245 1687 112 29 nande
373 1697 49 21 av.
429 1688 168 31 inkomna
611 1691 201 38 yttranden!
827 1691 125 31 anföra
967 1692 165 40 följande.

287 1731 48 30 De
356 1732 111 30 under
486 1742 121 22 senare
626 1735 51 29 tid
696 1735 136 32 alltmer
851 1737 357 38 uppmärksammade
1227 1739 367 41 skadeverkningarna
1611 1744 44 38 på
1673 1744 52 29 så-

243 1775 54 29 väl
317 1775 109 31 fauna
445 1786 74 21 som
539 1778 90 30 flora
648 1782 91 27 samt
757 1779 238 32 förekomsten
1013 1792 42 21 av
1073 1783 81 39 spår
1171 1792 43 21 av
1230 1784 369 40 bekämpningsmedel
1617 1788 10 29 i
1645 1788 80 30 livs-

244 1819 110 30 medel
377 1821 46 29 ha
445 1822 197 31 tillskrivits
666 1822 67 31 den
754 1824 135 30 ökande
911 1827 270 39 användningen
1202 1837 43 21 av
1265 1829 93 31 olika
1379 1829 160 31 kemiska
1559 1827 166 49 bekämp-

244 1862 225 41 ningsmedel.
487 1866 249 41 Otvivelaktigt
752 1869 136 30 medför
903 1871 268 39 användningen
1188 1882 42 21 av
1242 1873 120 39 dylika
1377 1875 112 29 medel
1502 1876 95 29 vissa
1612 1877 112 29 risker

245 1907 53 30 för
317 1908 129 31 skador
465 1911 64 29 och
548 1911 250 40 kunskaperna
816 1922 57 20 om
893 1914 154 30 inedlens
1066 1916 224 40 egenskaper,
1309 1917 150 31 framför
1476 1920 61 30 allt
1554 1916 57 34 vid
1631 1921 94 39 lång-

243 1953 95 38 varig
357 1955 233 38 användning,
612 1957 61 28 äro
691 1957 218 39 bristfälliga.
929 1959 193 39 Kollegium
1142 1961 97 29 delar
1253 1962 122 30 därför
1392 1963 66 29 den
1475 1964 11 29 i
1505 1965 219 30 motionerna

244 1997 153 30 uttalade
422 1999 281 42 uppfattningen,
727 2003 50 28 att
799 2011 42 20 en
864 2003 138 40 allsidig
1024 2005 63 29 och
1111 2004 324 41 förutsättningslös
1458 2009 187 40 utredning
1667 2019 55 23 om

242 2041 371 40 växtskyddsmedlens
635 2046 224 39 användning
880 2048 64 29 och
965 2048 210 40 verkningar
1194 2050 63 29 bör
1276 2050 142 30 komma
1437 2052 51 29 till
1510 2048 103 45 stånd
1627 2057 96 27 samt

243 2087 49 28 att
313 2086 111 30 ökade
444 2096 156 22 resurser
621 2088 57 30 för
698 2089 183 41 forskning
902 2092 63 29 och
986 2091 120 31 försök
1125 2094 45 38 på
1189 2094 372 40 växtskyddsmedlens
1582 2099 141 29 öniråde

244 2129 82 31 böra
345 2131 121 30 ställas
486 2132 52 29 till
558 2133 217 40 förfogande.
795 2135 65 29 Det
881 2136 57 30 må
957 2137 192 30 emellertid
1170 2138 12 29 i
1200 2139 96 30 detta
1316 2141 255 40 sammanhang
1589 2142 134 30 erinras

243 2183 56 20 om
321 2175 67 30 den
410 2176 83 39 plan
515 2177 54 29 för
590 2178 200 39 utbyggnad
812 2189 41 20 av
874 2180 356 41 biocidforskningen,
1254 2192 72 21 som
1350 2186 131 29 statens
1503 2189 220 28 naturveten-

244 2218 158 40 skapliga
417 2220 268 40 forskningsråd
701 2223 138 39 nyligen
854 2224 133 31 lämnat
1002 2226 51 29 till
1069 2226 125 39 Kungl.
1210 2228 116 39 Maj:t.
1520 2260 2 2 :
1681 2261 40 3 vol

286 2259 179 35 Yrkandet
484 2274 57 20 om
560 2275 43 30 en
619 2266 197 39 begränsad
835 2269 224 40 användning
1078 2280 41 21 av
1137 2272 329 40 växtskyddsmedel
1484 2275 52 29 till
1555 2275 79 30 dess
1653 2285 71 24 om-

244 2306 196 41 fattningen
456 2318 43 21 av
514 2310 99 30 deras
631 2309 321 43 skadeverkningar
967 2313 166 40 klarlagts
1149 2315 66 30 har
1229 2316 189 40 kollegium
1431 2318 160 32 däremot
1606 2315 117 42 funnit

244 2351 49 39 sig
313 2351 77 31 icke
411 2353 84 30 böra
515 2354 147 30 biträda.
684 2355 277 41 Anvärdningen
982 2367 42 21 av
1036 2359 335 40 växtskyddsmedel
1392 2362 137 31 medför
1547 2359 177 49 nämligen

242 2397 49 29 att
312 2396 195 40 betydande
524 2398 132 30 värden
676 2400 45 38 på
741 2400 92 30 såväl
853 2401 226 38 jordbrukets
1099 2411 77 21 som
1194 2404 367 42 trädgårdsodlingens
1581 2408 141 30 område

242 2440 137 39 räddas.
400 2437 65 34 Det
484 2442 62 30 bör
565 2443 122 30 därför
703 2443 92 31 först
814 2444 197 41 klarläggas
1030 2448 51 35 att
1100 2447 237 43 nackdelarna
1354 2451 80 30 med
1453 2452 269 39 användningen

237 2513 9 14 1
266 2513 33 30 Ej
314 2514 150 29 medtagna
478 2515 58 24 här.
