1934 2830
614 197 230 28 Statsutskottets
866 197 148 28 utlåtande
1035 198 49 27 Nr
1108 198 69 29 131.
1627 196 19 31 3

195 271 51 31 Av
270 271 42 31 de
328 271 51 31 för
394 270 213 42 budgetåren
626 270 404 32 1933/1934—1935:1936
1043 270 162 32 anvisade
1220 271 173 42 beloppen
1410 272 86 31 hava
1512 273 134 40 respek-

143 321 68 32 tive
244 321 177 38 6,592,800,
456 321 168 38 2,660,500
657 321 65 31 och
745 321 168 38 3,223,250
935 321 127 31 kronor
1084 321 160 41 beviljats
1268 323 113 30 såsom
1404 322 243 32 reservations-

143 373 118 41 anslag
283 372 53 31 till
359 372 93 31 vissa
474 371 322 42 byggnadsarbeten
819 371 57 32 vid
900 373 132 30 statens
1056 372 274 42 sinnessjukhus,
1354 372 124 32 medan
1501 373 146 38 595,000,

143 423 136 38 245,000
306 422 63 32 och
395 422 113 38 79,000
535 422 126 32 kronor
683 422 154 31 anvisats
861 424 114 30 såsom
998 423 352 41 reservationsanslag
1372 423 53 31 till
1448 423 136 32 inlösen
1608 435 40 20 av

142 474 214 41 vårdplatser
378 473 57 31 vid
459 473 312 41 sinnessjukhusen
794 484 42 20 m.
860 484 42 21 m.
949 473 53 32 De
1024 473 238 32 förstnämnda
1284 474 163 41 anslagen
1463 474 87 31 hava
1565 486 81 30 upp:

142 524 86 32 förts
262 524 105 31 bland
400 523 142 41 utgifter
574 524 52 31 för
648 523 271 42 kapitalökning,
942 524 74 31 från
1041 524 64 32 och
1128 524 78 32 med
1228 524 230 32 innevarande
1481 525 169 42 budgetår

144 575 109 31 under
285 574 162 32 rubriken
485 574 160 32 »Statens
679 574 171 32 allmänna
883 575 297 41 fastighetsfond>,
1216 575 64 31 och
1314 575 41 31 de
1390 586 120 21 senare
1541 576 110 32 under

143 626 103 31 femte
269 625 228 32 huvudtiteln.

633 719 51 35 S:t
707 719 99 33 Olofs
830 719 152 42 sjukhus
1006 721 12 31 i
1041 721 120 39 Visby.

197 778 133 41 Frågan
363 778 62 31 har
459 780 117 30 senast
598 778 206 32 behandlats
827 778 11 31 i
861 779 264 41 propositionen
1148 791 41 20 nr
1213 780 158 39 163/1935
1395 792 25 20 s.
1442 750 92 69 5—6,
1553 784 97 30 stats-

146 821 186 31 utskottets
355 821 177 31 utlåtande
555 832 40 20 nr
621 821 157 40 123/1935
802 832 24 20 s.
852 821 40 31 25
915 822 65 31 och
1003 821 201 42 riksdagens
1228 822 164 32 skrivelse
1415 835 41 19 nr
1479 808 169 48 259/1935.

197 880 77 31 Den
300 881 36 30 17
360 880 73 41 juni
459 880 81 32 1932
562 880 175 32 föreskrev
759 880 126 42 Kungl.
910 881 107 41 Maj:t,
1035 883 50 30 att
1101 883 49 30 ett
1165 881 53 32 för
1233 882 61 32 216
1310 883 215 41 vårdplatser
1540 886 111 30 avsett

145 933 77 39 nytt
245 930 266 41 sinnessjukhus
535 931 109 31 skulle
669 931 164 41 uppföras
856 931 11 31 i
891 931 118 42 Visby.

197 981 77 32 Den
298 982 40 30 24
360 981 150 32 februari
536 982 80 31 1933
638 982 160 41 uppdrog
820 982 150 31 därefter
992 982 125 42 Kungl.
1136 983 97 41 Maj:t
1249 985 34 29 åt
1298 983 352 43 byggnadsstyrelsen

146 1034 49 29 att
216 1032 71 31 låta
314 1032 6 30 i
343 1031 230 42 huvudsaklig
595 1033 344 31 överensstämmelse
963 1033 77 31 med
1064 1035 49 30 ett
1135 1044 41 21 av
1198 1033 356 43 medicinalstyrelsen
1572 1035 78 32 med

146 1082 165 32 skrivelse
345 1082 66 31 den
445 1083 19 30 3
497 1082 151 32 februari
674 1083 80 31 1933
777 1083 211 32 överlämnat
1010 1084 127 41 förslag
1159 1085 147 41 uppföra
1328 1085 182 42 sjukhuset
1533 1086 52 31 för
1609 1097 41 20 en

145 1132 148 32 kostnad
316 1144 39 20 av
379 1133 103 41 högst
504 1133 168 38 2,380,000
694 1133 135 31 kronor.

198 1184 69 31 För
290 1184 214 41 uppförande
531 1195 41 20 av
595 1183 182 41 sjukhuset
799 1184 62 31 har
883 1184 127 42 Kungl.
1035 1185 98 41 Maj:t
1157 1186 94 31 ställt
1274 1186 53 31 till
1349 1186 303 42 byggnadsstyrel-

147 1245 80 21 sens
249 1234 202 42 förfogande
475 1234 227 42 sammanlagt
724 1234 103 42 högst
850 1235 167 39 1,950,000
1039 1236 136 32 kronor.

199 1286 53 30 Då
289 1285 339 41 byggnadsarbetena
666 1285 166 31 beräknas
870 1285 93 32 bliva
1000 1286 175 31 avslutade
1214 1286 107 31 under
1348 1288 97 30 nästa
1473 1287 176 41 budgetår,

147 1337 109 31 skulle
294 1336 99 31 alltså
431 1338 126 29 återstå
595 1338 48 29 att
681 1336 53 31 för
761 1336 92 31 detta
881 1336 167 42 budgetår
1074 1338 117 31 anvisa
1223 1338 421 41 (2,380,000
1424 1332 23 51 —
1462 1338 182 41 1,950,000)

148 1388 135 37 430,000
302 1388 132 30 kronor.

200 1439 201 31 Emellertid
437 1439 166 31 beräknas
640 1439 182 31 härutöver
847 1439 92 31 bliva
966 1440 217 41 erforderligt
1209 1440 74 31 dels
1310 1440 112 38 15,000
1448 1441 125 30 kronor
1599 1442 53 30 för

149 1490 197 41 sjukhusets
383 1490 181 31 förseende
600 1490 77 31 med
714 1501 69 30 gas,
821 1490 73 31 dels
932 1490 61 31 ock
1020 1491 92 37 8,000
1136 1491 125 30 kronor
1287 1491 53 30 för
1365 1492 219 31 anordnande
1611 1503 40 20 av

149 1543 48 29 ett
220 1540 326 41 avhärdningsfilter
569 1541 53 30 för
645 1541 242 31 vattenverket.
923 1540 30 32 Å
977 1542 104 31 andra
1105 1542 98 31 sidan
1227 1542 165 31 beräknas
1416 1554 122 30 genom
1563 1543 88 31 avtal

148 1592 76 30 med
243 1591 110 41 Visby
372 1591 95 32 stads
487 1591 305 32 elektricitetsverk
811 1591 221 42 besparingar
1051 1595 125 39 uppstå
1195 1595 18 28 å
1233 1593 65 31 den
1318 1593 183 32 elektriska
1520 1594 131 41 anlägg-

150 1643 125 41 ningen
303 1643 56 31 vid
388 1643 180 41 sjukhuset
596 1643 53 31 till
678 1645 48 29 ett
753 1643 126 42 belopp
907 1655 40 19 av
975 1644 114 37 42,000
1116 1644 132 31 kronor.
1288 1644 17 30 I
1334 1644 152 42 enlighet
1512 1645 139 31 härmed

149 1694 196 31 hemställes
372 1695 53 30 för
451 1696 97 29 nästa
575 1694 166 42 budgetår
768 1705 54 20 om
847 1695 186 31 anvisande
1059 1706 40 20 av
1130 1695 147 40 (430,000
1295 1701 28 28 +
1342 1696 305 41 23,000
1480 1690 20 51 —
1518 1696 129 41 42,000)

150 1746 134 37 411,000
302 1745 133 31 kronor.
457 1745 64 31 Om
541 1745 99 32 dessa
659 1745 110 31 medel
789 1746 115 30 därtill
923 1746 105 31 förslå
1048 1746 63 31 och
1130 1746 180 41 riksdagen
1330 1747 86 31 intet
1434 1747 62 31 har
1514 1749 49 29 att
1582 1747 70 31 där-

151 1799 89 28 emot
257 1796 118 38 erinra,
392 1797 61 30 har
469 1796 125 42 Kungl.
612 1796 101 42 Maj:t
730 1797 53 30 för
799 1796 110 32 avsikt
925 1799 49 29 att
989 1816 42 3 —
1047 1799 119 29 utöver
1182 1798 56 30 det
1255 1798 193 31 fastställda
1464 1798 188 41 byggnads-

151 1850 226 39 programmet
393 1867 42 3 —
452 1848 119 41 medge
591 1848 213 41 uppförande
823 1859 39 19 av
881 1850 49 29 ett
947 1848 144 31 växthus
1110 1848 56 31 vid
1185 1848 187 41 sjukhuset.

338 1974 392 39 Renoveringsarbeten
753 1974 59 32 vid
836 1973 52 34 S:t
911 1974 156 40 Sigfrids
1091 1974 153 42 sjukhus
1267 1975 58 33 vid
1348 1975 131 42 Växjö.

206 2042 133 41 Frågan
360 2042 62 31 har
445 2044 116 29 senast
583 2041 204 32 behandlats
811 2042 12 31 i
846 2042 260 42 propositionen
1129 2054 40 19 nr
1193 2042 156 41 163/1935
1371 2054 25 21 s.
1422 2044 112 37 8—19,
1560 2046 97 30 stats-

155 2084 184 32 utskottets
364 2084 175 32 utlåtande
563 2095 40 20 nr
628 2084 155 41 123/1935
809 2096 24 20 s.
860 2085 39 30 22
925 2085 63 31 och
1012 2085 199 42 riksdagens
1237 2086 164 31 skrivelse
1425 2098 41 19 nr
1490 2086 165 41 259/1935.

207 2144 76 31 Den
306 2144 39 31 25
368 2143 133 42 januari
526 2144 80 31 1935
631 2144 157 41 uppdrog
810 2144 126 42 Kungl.
961 2144 101 42 Maj:t
1086 2147 34 29 åt
1142 2145 350 41 byggnadsstyrelsen
1516 2148 49 28 att
1589 2146 68 30 låta

156 2194 182 32 verkställa
358 2194 215 42 ombyggnad
594 2206 40 19 av
655 2195 66 31 den
743 2206 24 20 s.
789 2195 29 30 k.
842 2195 90 31 Lilla
952 2195 211 41 Byggnaden
1184 2195 57 31 vid
1264 2195 53 31 S:t
1341 2195 150 41 Sigfrids
1513 2195 144 41 sjukhus

153 2246 56 30 vid
233 2245 118 40 Växjö,
377 2245 113 30 vilken
516 2245 213 40 ombyggnad
756 2245 111 40 ingick
892 2245 9 30 1
928 2247 48 28 ett
1000 2245 191 30 sedermera
1216 2257 39 18 av
1281 2245 374 40 departementschefen

153 2296 9 29 i
187 2296 257 40 propositionen
467 2306 39 19 nr
530 2296 58 29 163
611 2296 52 29 till
688 2296 79 29 1935
790 2298 53 27 års
866 2295 137 40 riksdag
1026 2295 152 30 förordat
1200 2295 128 40 förslag
1350 2295 52 30 till
1425 2296 231 39 renoverings-

155 2346 138 30 arbeten
311 2346 54 29 vid
384 2345 189 40 sjukhuset.
602 2346 75 30 Den
695 2347 39 28 20
751 2345 73 40 juni
844 2346 80 29 1935
941 2345 156 41 uppdrog
1113 2345 125 40 Kungl.
1257 2345 100 41 Maj:t
1374 2345 115 31 vidare
1507 2347 33 29 åt
1557 2345 99 41 bygg-

154 2396 254 40 nadsstyrelsen
432 2399 49 27 att
504 2396 68 30 låta
595 2396 9 30 i
629 2396 228 40 huvudsaklig
880 2396 338 30 överensstämmelse
1242 2396 75 30 med
1340 2396 231 40 nyssnämnda
1595 2397 61 29 för-

155 2447 72 39 slag
245 2447 112 29 utföra
374 2447 123 40 jämväl
516 2446 115 40 övriga
649 2447 70 29 däri
741 2446 165 40 ingående
926 2446 370 41 renoveringsarbeten,
1315 2446 107 31 under
1440 2446 217 40 iakttagande

156 2509 37 18 av
220 2499 48 28 att
293 2497 144 30 nämnda
463 2497 213 40 ombyggnad
702 2497 102 40 jämte
831 2497 115 40 övriga
971 2496 139 31 arbeten
1137 2497 90 40 finge
1254 2497 101 41 draga
1380 2508 41 19 en
1447 2497 144 31 kostnad
1618 2508 39 19 av
