1890 2818
515 150 379 34 Jordbruksutskottets
917 155 176 31 utlåtande
1118 166 41 20 nr
1185 158 48 28 33.
1612 155 18 29 3

167 229 14 30 I
203 230 55 31 det
280 231 186 37 riksdagen
487 233 50 31 till
561 236 194 35 antagande
778 237 177 37 förelagda
977 238 163 38 förslaget
1163 241 50 30 till
1236 242 55 36 lag
1312 252 57 20 om
1393 243 66 31 rätt
1481 243 49 30 till
1554 243 75 37 jakt

122 280 90 31 hade
229 283 207 34 lagrummet
455 285 65 29 den
540 286 129 35 lydelse
686 297 73 20 som
778 297 47 21 nu
843 289 105 35 gäller
969 286 47 40 (se
1033 300 96 26 prop.
1148 301 41 20 nr
1208 288 144 34 46/1938
1373 303 24 20 s.
1416 291 46 39 3).

167 333 79 30 Som
277 335 204 36 motivering
511 336 122 30 härför
664 338 144 32 anförde
838 339 379 39 departementschefen
1254 339 48 39 (se
1334 353 126 27 prop:n
1492 354 24 21 s.
1550 340 77 41 116)

121 382 105 31 bland
249 388 107 26 annat
379 385 168 36 följande:

166 442 12 29 I
206 443 186 37 anledning
417 453 42 21 av
482 446 67 30 vad
572 446 154 37 lagrådet
752 448 115 31 anfört
891 449 11 30 i
927 449 98 38 fråga
1051 461 57 21 om
1134 453 204 36 stadgandet
1361 454 11 29 i
1399 455 19 29 6
1443 454 17 37 8
1491 451 32 39 (5
1549 451 34 41 8)
1609 455 18 29 2

120 493 104 21 mom.
247 494 101 21 anser
368 486 60 37 jag
450 487 69 36 mig
541 489 85 30 böra
648 490 136 36 föreslå,
809 496 49 26 att
879 491 35 31 åt
934 494 204 36 stadgandet
1158 495 92 36 gives
1274 496 136 31 formen
1432 506 43 21 av
1498 500 46 28 ett
1567 497 58 31 all-

120 527 96 30 mänt
240 528 127 31 förbud
392 535 73 26 mot
489 530 75 36 jakt
590 531 20 31 å
635 532 64 31 här
723 535 150 30 avsedda
897 535 176 37 områden,
1100 538 10 29 i
1138 539 170 30 samband
1333 540 143 30 varmed
1502 540 124 30 avfatt-

118 568 127 37 ningen
264 580 42 20 av
327 572 204 36 stadgandet
550 574 10 30 i
579 575 110 36 övrigt
709 577 96 30 torde
825 576 36 31 få
880 577 138 37 jämkas
1040 579 10 30 i
1070 580 151 36 enlighet
1240 582 80 29 med
1339 581 170 37 lagrådets
1531 583 94 30 hem-

119 613 133 30 ställan.

161 679 362 35 Jordbruksutskottet
543 684 148 32 anförde
712 687 9 29 i
744 686 178 32 utlåtande
944 688 11 30 i
977 690 141 30 ärendet
1140 691 108 30 bland
1269 696 107 26 annat
1397 692 156 37 följande
1579 690 47 39 (se

117 730 239 35 Jordbr.-utsk.
382 734 58 29 utl.
466 744 41 20 nr
532 732 145 34 53/1938
700 747 24 20 s.
751 739 40 29 29
815 748 29 20 o.
870 738 71 37 30):

162 788 171 33 Utskottet
355 791 60 31 vill
437 811 44 4 —
504 811 45 4 —
570 812 45 4 —
639 794 51 31 till
716 805 42 20 en
782 796 125 37 början
931 798 198 37 framhålla,
1155 804 49 27 att
1229 805 46 27 ett
1301 801 100 31 bifall
1426 802 50 31 till
1501 803 128 37 Kungl.

117 830 119 37 Maj:ts
258 833 132 37 förslag
412 834 198 38 visserligen
631 837 153 37 innebär,
808 843 50 27 att
877 839 20 31 å
919 841 55 30 det
996 841 152 38 område,
1170 853 77 21 som
1270 845 40 29 är
1330 847 89 34 taget
1440 845 11 30 i
1473 846 153 36 anspråk

116 873 56 30 för
195 874 109 36 själva
328 876 372 39 trafikanläggningen,
723 883 11 29 i
758 882 190 32 allmänhet
972 883 76 31 icke
1073 884 56 31 får
1151 885 101 31 idkas
1277 886 85 37 jakt,
1388 897 79 21 men
1490 892 49 27 att
1565 899 62 21 an-

115 916 222 38 läggningens
358 919 104 36 ägare
481 921 120 32 därför
620 922 76 31 icke
716 924 138 36 upphör
875 929 49 26 att
944 936 83 21 vara
1047 926 377 37 Jakträttsinnehavare
1446 931 79 30 med
1547 932 77 30 där-

115 968 43 21 av
181 959 157 37 följande
360 962 207 37 befogenhet
591 965 108 31 bland
721 971 106 26 annat
850 970 49 28 att
923 968 218 38 tillvarataga
1164 971 66 29 och
1256 971 137 37 förfoga
1417 974 81 29 över
1521 973 20 31 å
1565 983 61 21 an-

115 1002 221 37 läggningens
356 1004 141 32 område
516 1007 171 31 anträffat
707 1009 125 31 fallvilt
850 1010 138 36 jämlikt
1006 1012 42 30 de
1064 1012 10 29 i
1094 1011 124 32 sådant
1238 1015 169 30 avseende
1423 1015 11 30 i
1458 1017 39 29 18
1516 1017 18 36 8
1552 1016 73 37 giv-

114 1054 46 21 na
180 1047 165 35 reglerna.
370 1048 75 30 Vad
465 1048 73 31 åter
559 1050 109 36 angår
690 1061 41 20 en
752 1052 374 35 jakträttsinnehavare
1148 1055 21 30 å
1192 1055 235 38 intilliggande
1449 1059 101 30 mark
1573 1059 50 30 lä-

114 1096 55 20 rer
190 1088 204 36 stadgandet
414 1090 126 32 hindra
559 1092 133 32 honom
714 1098 59 33 att,
795 1095 191 32 oberoende
1010 1108 41 20 av
1074 1108 57 21 om
1151 1100 71 30 han
1245 1100 157 37 befinner
1423 1104 51 36 sig
1496 1104 21 30 å
1539 1114 84 27 egen

114 1130 102 30 mark
245 1128 80 33 eller
353 1131 22 30 å
403 1133 150 37 område,
584 1144 75 21 som
687 1136 65 30 hör
780 1136 51 31 till
858 1139 372 40 trafikanläggningen,
1260 1142 167 39 nedlägga
1456 1146 168 31 villebråd

114 1181 74 20 som
212 1173 202 36 uppehåller
434 1175 51 36 sig
506 1175 20 31 å
550 1176 147 33 berörda
718 1180 150 31 område.
891 1181 45 36 Ej
955 1182 109 31 heller
1084 1182 97 32 torde
1204 1185 71 31 han
1296 1187 64 36 äga
1381 1188 122 36 släppa
1523 1189 99 30 hund

112 1213 20 30 då
156 1215 155 30 området
339 1216 105 38 (kurs.
468 1228 43 20 av
531 1220 165 31 utskottet
719 1221 10 30 i
749 1231 49 21 nu
822 1223 229 33 förevarande
1074 1228 282 38 sammanhang).
1382 1230 164 33 Däremot
1570 1236 50 26 ut-

111 1257 62 34 gör
192 1258 204 36 stadgandet
414 1260 11 30 i
444 1261 64 30 och
531 1261 54 31 för
604 1262 51 37 sig
673 1263 84 31 intet
775 1265 125 32 hinder
918 1266 55 31 för
993 1277 42 21 en
1055 1268 385 40 Jakträttsinnehavare,
1462 1283 74 21 som
1556 1275 66 30 har

112 1300 100 29 mark
239 1300 45 36 på
309 1302 109 36 bägge
443 1303 94 31 sidor
563 1314 57 21 om
646 1306 370 40 trafikanläggningen,
1044 1315 49 26 att
1117 1312 59 30 vid
1202 1313 221 39 förflyttning
1447 1315 80 32 från
1554 1318 66 30 den

112 1351 64 21 ena
197 1343 50 30 till
265 1346 69 29 den
355 1346 110 30 andra
487 1346 101 32 sidan
607 1348 143 32 beträda
773 1351 377 39 trafikanläggningens
1171 1355 152 32 område.
1343 1377 44 4 —
1408 1377 43 4 —
1469 1377 45 3 —

155 1384 80 31 Med
254 1386 138 37 hänsyn
413 1388 51 30 till
483 1389 67 30 vad
570 1389 150 34 sålunda
738 1392 134 32 anförts
895 1395 65 30 och
982 1395 43 31 då
1047 1398 166 31 utskottet
1234 1400 115 31 finner
1371 1403 56 30 det
1448 1403 170 37 ifrågava-

111 1428 107 30 rande
239 1428 162 32 förbudet
422 1430 156 37 lämpligt
603 1431 95 33 såväl
719 1444 42 20 ur
782 1435 130 31 allmän
934 1436 362 40 jaktvårdssynpunkt
1317 1453 75 22 som
1416 1455 42 20 av
1482 1446 136 38 hänsyn

110 1469 50 30 till
183 1470 324 38 trafiksäkerheten,
531 1474 58 30 vill
614 1476 165 31 utskottet
802 1477 142 33 förorda
966 1480 100 31 bifall
1090 1482 52 30 till
1165 1483 122 37 Kungl.
1313 1485 119 38 Maj:ts
1454 1488 131 38 förslag
1609 1490 8 30 i

111 1512 112 30 denna
243 1513 63 30 del.

155 1579 187 31 Utskottets
372 1580 145 33 sålunda
547 1584 121 35 gjorda
695 1587 177 31 uttalande
900 1589 202 32 föranledde
1129 1592 102 36 ingen
1259 1595 138 33 erinran
1424 1597 80 31 från
1531 1600 85 31 riks-

109 1629 127 35 dagens
259 1631 84 30 sida.

154 1730 12 29 I
204 1730 56 30 sitt
298 1733 81 28 över
416 1733 216 33 motionerna
659 1737 145 35 avgivna
831 1739 177 32 utlåtande
1035 1742 65 30 har
1124 1744 297 39 domänstyrelsen
1449 1749 166 33 vitsordat

108 1780 278 32 önskvärdheten
409 1792 42 21 av
473 1793 42 21 en
535 1786 148 36 ändring
704 1787 10 30 i
736 1788 228 35 förevarande
985 1792 134 36 lagrum
1142 1794 44 36 på
1207 1796 66 32 sätt
1296 1798 192 37 föreslagits
1511 1801 10 30 i
1542 1812 71 20 mo-

108 1830 153 30 tionerna
289 1832 66 30 och
379 1832 163 37 tillstyrkt
565 1839 49 27 att
637 1836 159 37 åtgärder
819 1840 120 33 därför
961 1842 106 31 måtte
1093 1840 165 45 vidtagas.

150 1875 94 35 Även
269 1881 156 32 Svenska
446 1884 308 38 jägareförbundet
776 1889 65 30 har
866 1891 166 32 vitsordat
1057 1895 276 33 motionärernas
1357 1901 178 32 uttalande
1561 1904 50 28 rö-

106 1931 108 29 rande
241 1932 264 36 olägenheterna
533 1945 42 20 av
603 1936 227 33 förevarande
858 1941 298 35 lagbestämmelse
1183 1947 64 29 och
1275 1947 163 38 tillstyrkt
1465 1951 148 38 ändring

106 1989 43 20 av
176 1981 206 34 lagrummet
406 1983 44 36 på
477 1986 66 29 sätt
568 1986 192 37 föreslagits
792 1989 4 30 i
824 1991 225 32 motionerna.

150 2088 119 32 Såsom
293 2091 154 36 framgår
467 2103 41 20 av
530 2095 64 30 den
618 2096 206 36 föregående
845 2101 237 35 redogörelsen
1106 2105 60 29 äro
1189 2107 235 35 stadgandena
1445 2111 10 29 i
1478 2111 132 31 föreva-

104 2141 107 29 rande
230 2141 134 35 lagrum
383 2144 203 32 föranledda
607 2156 44 20 av
669 2148 175 32 allmänna
866 2150 406 42 jaktvårdssynpunkter,
1295 2168 79 21 men
1393 2160 215 32 bestämmel-

104 2199 99 22 serna
226 2201 78 21 avse
327 2194 219 36 synbarligen
571 2197 87 30 även
681 2201 49 26 att
754 2199 177 36 tillgodose
955 2203 313 33 trafiksäkerheten
1292 2207 44 36 på
1361 2210 40 29 de
1424 2210 9 29 i
1460 2211 148 35 lagrum-

103 2244 69 27 met
197 2244 173 29 omtalade
397 2245 627 41 kommunikationsanläggningarna.
1053 2254 46 29 Ur
1123 2256 153 30 nämnda
1305 2261 214 33 synpunkter
1545 2263 65 29 har

103 2291 76 30 icke
201 2297 127 26 ansetts
351 2294 157 36 lämpligt
529 2300 48 26 att
600 2298 120 35 medge
741 2304 106 26 annat
868 2302 178 35 undantag
1070 2303 78 31 från
1171 2305 54 30 det
1247 2307 177 31 allmänna
1447 2310 160 31 förbudet

103 2346 72 25 mot
196 2342 74 35 jakt
291 2343 20 30 å
329 2344 98 35 dylik
449 2346 224 36 anläggnings
693 2348 142 31 område
853 2350 45 30 än
919 2351 55 30 för
993 2351 133 32 sådana
1146 2353 168 37 åtgärder,
1336 2367 73 21 som
1433 2359 174 32 erfordras

103 2392 54 30 för
177 2393 268 36 anläggningens
469 2395 205 36 skyddande
694 2403 71 26 mot
789 2399 107 32 skada
918 2410 42 20 av
982 2401 176 32 villebråd.
1185 2405 56 29 Ett
1262 2406 129 37 förslag
1414 2409 120 31 därom
1557 2415 49 27 att

103 2443 376 37 trafikanläggningens
498 2447 102 35 ägare
618 2448 111 31 skulle
744 2448 36 30 få
798 2451 63 29 rätt
881 2454 48 27 att
949 2451 78 38 jaga
1045 2452 43 36 på
1110 2464 42 19 av
1171 2456 252 36 anläggningen
1441 2464 163 32 upptaget

1661 2116 127 26 Utskottet.
