1914 2790
512 161 251 27 Statsutskottets
789 160 161 27 utlåtande
973 168 40 18 nr
1034 160 37 27 25
1094 160 36 27 år
1152 160 75 27 1960
1573 161 39 30 21

187 242 175 30 Utskottet
390 242 204 39 tillstyrker,
621 243 51 28 att
699 241 112 30 medel
841 240 140 30 anvisas
1009 240 11 29 i
1048 240 153 39 enlighet
1230 240 79 30 med
1338 240 126 39 Kungl.
1493 239 121 39 Maj:ts

131 296 130 39 förslag
285 296 65 30 och
373 295 203 31 hemställer
599 295 112 34 alltså,

452 351 50 28 att
520 349 187 39 riksdagen
726 348 57 30 må
800 348 52 30 till
871 347 262 40 Anläggningar
1151 347 56 40 för
1225 347 213 40 robotvapen
1459 346 54 31 för
1531 347 81 29 bud:

397 403 131 39 getåret
548 402 137 31 1960/61
705 401 121 31 anvisa
845 403 48 28 ett
911 401 355 40 investeringsanslag
1286 410 41 21 av
1348 400 94 30 1500
1457 400 62 30 000
1538 400 75 30 kro-

397 465 74 21 nor.

185 600 98 33 32:0)
313 600 129 41 Övriga
462 601 378 40 befästningsarbeten.
863 599 126 39 Kungl.
1012 599 105 39 Maj:t
1140 599 64 29 har
1227 598 181 39 föreslagit
1429 598 187 39 riksdagen

138 654 130 39 (punkt
295 653 51 34 38,
374 663 26 20 s.
428 653 58 34 41)
519 655 50 28 att
596 653 51 29 till
674 652 268 40 ifrågavarande
970 652 163 30 ändamål
1160 652 55 30 för
1241 651 206 40 budgetåret
1477 651 137 30 1960/61

134 707 121 30 anvisa
275 708 49 28 ett
343 707 355 39 investeringsanslag
719 716 41 20 av
779 706 19 30 9
813 705 63 31 600
891 706 63 29 000
975 706 141 29 kronor.

190 806 12 29 I
231 805 205 30 förberörda
462 805 90 30 båda
580 804 223 40 likalydande
832 804 173 30 motioner
1032 804 28 29 I:
1080 804 60 30 156
1169 813 42 20 av
1238 804 122 29 herrar
1389 803 136 31 Öhman
1555 804 64 29 och

130 859 141 29 Helmer
288 860 151 29 Persson
458 859 64 30 och
541 859 46 29 11:
604 859 62 29 222
685 868 42 20 av
745 859 81 29 herr
843 858 161 39 Hagberg
1021 867 45 20 m.
1080 858 37 39 fl.
1136 858 74 33 har,
1230 857 105 30 såvitt
1354 867 48 20 nu
1422 858 38 29 är
1477 858 11 29 i
1508 857 109 40 fråga,

134 913 207 33 hemställts,
362 915 50 27 att
433 913 228 29 förevarande
682 913 121 39 anslag
824 912 109 30 måtte
953 912 170 39 uppföras
1144 912 79 29 med
1244 912 18 29 6
1277 911 63 30 600
1355 911 62 29 000
1440 911 139 29 kronor.

188 1011 165 39 Anslaget
370 1012 38 29 är
426 1011 53 30 för
496 1010 236 30 innevarande
750 1010 170 39 budgetår
937 1010 145 40 uppfört
1099 1010 79 30 med
1196 1009 18 30 9
1229 1009 62 30 630
1307 1009 63 30 000
1388 1010 140 29 kronor.

189 1065 65 29 Det
275 1064 264 40 sammanlagda
560 1064 280 30 medelsbehovet
861 1064 111 30 under
994 1065 101 28 nästa
1116 1063 169 39 budgetår
1307 1063 55 30 för
1383 1063 64 30 här
1469 1063 150 30 avsedda

134 1118 143 29 arbeten
294 1118 64 29 har
375 1118 189 30 beräknats
582 1117 52 30 till
652 1117 11 30 i
681 1119 83 28 runt
782 1118 48 29 tal
850 1117 39 30 15
905 1117 62 29 970
982 1117 63 30 000
1064 1117 140 29 kronor.

189 1172 67 29 För
281 1173 51 28 att
357 1172 41 29 de
423 1173 89 28 mest
537 1171 191 40 angelägna
753 1181 42 20 av
821 1171 268 39 ifrågavarande
1115 1170 141 30 arbeten
1283 1171 90 29 skall
1398 1170 143 30 komma
1567 1170 52 30 till

136 1225 187 30 utförande
356 1225 147 30 föreslår
537 1224 397 41 departementschefen,
970 1226 51 28 att
1054 1224 55 30 för
1143 1226 101 28 nästa
1277 1224 170 40 budgetår
1482 1224 138 30 anvisas

134 1278 19 30 9
168 1278 62 30 600
245 1278 62 30 000
327 1279 140 29 kronor.
488 1279 64 29 Det
571 1278 205 30 förutsättes
797 1278 37 30 få
853 1278 189 30 ankomma
1063 1278 44 40 på
1128 1278 125 39 Kungl.
1275 1278 106 40 Maj:t
1401 1280 51 28 att
1471 1278 150 30 bestäm-

134 1341 57 20 ma
212 1341 56 20 om
289 1332 67 30 hur
378 1332 280 39 anslagsmedlen
679 1332 89 30 skall
790 1332 153 30 fördelas
964 1332 45 40 på
1030 1333 41 29 de
1092 1332 93 30 olika
1206 1332 371 39 byggnadsföretagen.

189 1429 176 30 Utskottet
379 1430 155 30 biträder
550 1430 125 39 Kungl.
693 1430 123 39 Maj:ts
834 1429 130 40 förslag
980 1430 64 29 och
1062 1429 183 40 avstyrker
1261 1429 102 30 alltså
1381 1430 57 29 det
1455 1430 167 29 motions-

135 1483 51 30 vis
206 1483 121 39 gjorda
346 1483 184 39 yrkandet.
551 1483 176 30 Utskottet
746 1483 203 30 hemställer
968 1483 112 34 alltså,

458 1538 50 28 att
525 1537 186 39 riksdagen
729 1537 67 33 må,
814 1537 79 29 med
911 1536 98 30 bifall
1029 1537 51 28 till
1098 1537 125 39 Kungl.
1242 1537 124 39 Maj:ts
1384 1537 130 39 förslag
1532 1539 91 27 samt

402 1591 78 29 med
497 1590 118 40 avslag
629 1590 19 30 å
662 1590 219 30 motionerna
897 1591 29 28 I:
945 1590 60 30 156
1021 1591 63 29 och
1100 1591 45 28 II:
1162 1590 73 34 222,
1252 1590 104 30 såvitt
1371 1600 47 20 nu
1434 1592 38 29 är
1486 1591 11 29 i
1511 1590 110 40 fråga,

403 1644 51 29 till
482 1643 123 40 Övriga
632 1644 362 39 befästningsarbeten
1022 1644 54 30 för
1102 1644 205 39 budgetåret
1335 1644 137 31 1960/61
1502 1644 120 30 anvisa

402 1698 47 29 ett
468 1697 355 40 investeringsanslag
843 1707 42 19 av
904 1697 19 30 9
938 1697 62 30 600
1015 1697 62 30 000
1098 1698 140 29 kronor.

539 1861 309 38 FÖRSVARETS
876 1867 343 31 FABRIKSFOND

191 1973 97 31 33:0)
318 1974 241 39 Anskaffning
592 1985 42 19 av
665 1974 181 31 maskiner
880 1974 67 30 och
981 1975 204 39 utrustning
1218 1985 46 19 m.
1280 1985 48 19 m.
1352 1974 59 30 för
1432 1974 191 31 försvarets

136 2027 236 31 fabriksverk.
392 2026 125 39 Kungl.
536 2026 106 39 Maj:t
659 2026 64 29 har
741 2026 181 39 föreslagit
940 2026 187 39 riksdagen
1152 2026 130 40 (punkt
1300 2026 53 34 40,
1372 2036 26 20 s.
1417 2026 41 30 42
1477 2027 64 29 och
1559 2026 58 33 43)

138 2080 50 28 att
203 2078 51 29 till
269 2078 268 40 ifrågavarande
552 2079 163 30 ändamål
731 2079 54 29 för
800 2079 205 39 budgetåret
1023 2078 137 31 1960/61
1179 2079 119 30 anvisa
1316 2081 48 27 ett
1380 2079 244 40 investerings-

136 2132 121 39 anslag
276 2141 42 20 av
337 2132 18 29 2
370 2132 63 29 500
447 2132 63 29 000
530 2132 140 29 kronor.

193 2229 13 28 I
236 2228 203 30 förberörda
468 2229 89 30 båda
585 2229 224 39 likalydande
838 2229 172 29 motioner
1039 2229 28 29 1:
1086 2229 61 30 156
1176 2239 41 19 av
1244 2229 122 30 herrar
1395 2229 135 30 Öhman
1560 2230 64 29 och

136 2281 141 30 Helmer
294 2282 149 29 Persson
463 2282 64 29 och
547 2282 44 29 II:
609 2282 62 29 222
691 2291 41 20 av
750 2282 80 29 herr
849 2282 160 38 Hagberg
1028 2282 96 39 m.fl.
1144 2283 73 33 har,
1238 2282 105 29 såvitt
1362 2292 46 19 nu
1429 2283 38 29 är
1485 2283 10 29 i
1515 2282 108 39 fråga,

139 2334 207 34 hemställts,
366 2336 50 28 att
435 2335 228 29 förevarande
682 2335 120 39 anslag
821 2335 107 29 måtte
948 2335 167 39 uppföras
1134 2336 78 29 med
1232 2336 17 29 2
1265 2335 62 29 000
1342 2335 63 29 000
1424 2335 139 30 kronor.

195 2432 164 39 Anslaget
388 2433 38 28 är
457 2432 52 29 för
539 2431 235 30 innevarande
803 2432 169 39 budgetår
1002 2432 143 40 uppfört
1173 2433 79 29 med
1282 2432 96 30 2500
1393 2432 63 30 000
1485 2433 139 30 kronor.

195 2486 202 29 Försvarets
429 2485 282 39 fabriksstyrelse
741 2485 213 34 hemställer,
986 2487 50 28 att
1069 2485 53 30 för
1154 2487 100 28 nästa
1286 2485 168 40 budgetår
1486 2486 139 30 anvisas

141 2538 95 29 2.000
251 2538 62 28 000
334 2538 129 29 kronor
485 2538 53 30 för
557 2538 447 39 ersätlningsanskaffning
1025 2549 43 19 m.
1084 2548 44 20 m,.
1150 2548 40 20 av
1213 2539 187 30 maskiner.
