2224 2632
665 206 255 33 Statsutskottets
943 203 174 35 Memorial
1138 203 67 33 N:o
1229 201 87 36 186.
1783 199 19 31 5

943 292 23 47 &g
995 292 61 37 32.

314 383 72 38 Till
426 382 234 39 anskaffande
701 381 40 38 af
779 395 51 36 ny
857 382 111 49 rörlig
995 380 164 37 materiel
1186 379 61 37 vid
1274 380 136 35 statens
1439 376 115 37 redan
1581 373 220 39 trafikerade

208 439 192 47 järnvägar
440 439 67 35 har
552 439 96 37 1907
693 436 58 37 års
792 435 162 47 Riksdag
977 433 60 38 för
1064 436 40 34 år
1136 435 98 37 1908
1264 432 154 49 beviljat
1445 431 67 36 och
1539 429 59 38 till
1624 427 179 50 utgående

208 491 81 37 från
322 491 350 51 riksgäldskontoret
703 491 142 36 anvisat
875 490 205 43 6,000,000
1110 488 147 44 kronor,
1285 489 54 34 att
1366 485 115 49 enligt
1509 484 142 49 Kungl.
1681 482 123 49 Maj:ts

209 546 210 50 disposition
448 545 188 37 utbetalas.

954 669 23 47 8
1007 669 61 35 83.

320 763 95 36 1907
448 762 55 35 års
530 760 160 49 Riksdag
718 760 63 36 har
809 761 70 35 dels
907 758 151 48 beviljat
1086 759 52 35 ett
1161 757 123 47 anslag
1312 756 37 35 af
1379 754 205 46 8,125,000
1602 753 132 36 kronor
1747 751 58 37 till

209 815 187 37 utförande
424 815 37 36 af
488 814 232 49 erforderliga
747 811 448 51 kompletteringsarbeten
1223 812 21 34 å
1256 811 198 47 järnvägen
1470 806 335 38 Gellivare—Riks-

208 873 151 46 gränsen
398 870 91 35 samt
521 868 56 37 till
619 867 228 37 anskaffande
884 867 38 36 af
961 866 208 48 ytterligare
1197 863 167 37 rullande
1396 861 160 37 materiel
1588 862 57 35 för
1671 862 134 34 statens

207 925 202 47 järnvägar,
441 923 71 36 dels
547 924 60 35 ock
638 921 236 49 bemyndigat
906 919 344 50 riksgäldskontoret
1282 919 65 42 att,
1388 917 6 35 i
1422 917 83 35 mån
1534 915 36 36 af
1597 915 111 36 behof
1736 913 68 37 och

208 978 92 36 efter
342 977 140 48 Kungl.
526 976 127 48 Maj:ts
692 975 117 36 beslut
841 974 12 35 i
879 975 124 47 hvarje
1031 972 166 37 särskildt
1224 972 75 45 fall,
1327 971 136 48 jämväl
1490 968 117 37 under
1634 967 39 37 år
1703 968 99 36 1907

209 1029 269 38 tillhandahålla
504 1029 341 49 järnvägsstyrelsen
874 1028 155 36 nämnda
1056 1027 142 48 belopp.

955 1188 18 49 $
1004 1190 61 36 34.

321 1282 97 36 1907
462 1282 55 35 års
549 1280 163 48 Riksdag
739 1280 74 44 har,
843 1279 58 36 till
928 1278 233 36 fortsättande
1189 1276 37 36 af
1253 1276 139 36 arbetet
1420 1275 81 36 med
1529 1273 214 49 utläggning
1770 1273 38 36 af

207 1335 207 49 ytterligare
453 1338 53 32 ett
545 1334 251 49 järnvägsspår
836 1332 132 37 mellan
1009 1332 126 35 Järfva
1174 1329 66 38 och
1270 1327 158 50 Uppsala
1454 1327 351 49 järnvägsstationer,

210 1390 55 36 för
307 1390 39 35 år
391 1389 98 37 1908
533 1388 58 36 till
631 1387 176 49 utgående
848 1386 76 36 från
966 1385 345 48 riksgäldskontoret
1349 1382 137 36 anvisat
1527 1384 52 34 ett
1611 1381 131 48 belopp
1771 1381 37 35 af

213 1443 168 45 500,000
410 1442 143 46 kronor,
583 1443 54 35 att
664 1441 113 48 enligt
800 1439 137 48 Kungl.
968 1438 124 49 Maj:ts
1120 1437 208 50 disposition
1358 1433 186 40 utbetalas.

954 1599 18 50 $
1003 1601 61 37 35.

323 1693 97 36 1907
464 1693 68 48 års
547 1691 163 47 Riksdag
738 1691 64 35 har
830 1691 71 36 dels
928 1690 55 35 för
1011 1689 216 48 utläggning
1255 1689 37 35 af
1314 1687 207 48 ytterligare
1549 1688 54 34 ett
1628 1686 179 46 järnvägs-

210 1745 81 50 spår
331 1745 135 36 mellan
507 1743 123 48 Älfsjö
670 1744 65 36 och
775 1743 199 49 Huddinge
1000 1742 343 48 järnvägsstationer
1371 1741 138 35 anvisat
1536 1741 53 34 ett
1616 1739 128 47 belopp
1773 1738 36 35 af

213 1800 169 44 442,000
425 1799 141 43 kronor,
610 1798 72 36 dels
724 1798 60 35 ock
825 1797 232 47 bemyndigat
1094 1795 222 47 fullmäktige
1344 1795 12 35 i
1384 1793 345 48 riksgäldskontoret
1756 1792 53 35 att

212 1853 113 36 under
353 1854 38 34 år
425 1853 109 44 1907,
565 1852 13 34 i
605 1852 83 35 mån
717 1851 36 35 af
781 1850 119 45 behof,
929 1852 45 46 på
1001 1850 208 36 rekvisition
1237 1848 276 37 tillhandahålla
1542 1845 136 48 Kungl.
1705 1843 103 48 Maj:t

212 1906 153 37 nämnda
394 1905 130 49 belopp

955 2027 18 48 $
1004 2029 61 35 36.

318 2118 73 36 Till
419 2117 233 48 fortsättning
681 2117 37 35 af
746 2117 204 35 statsbanan
980 2118 79 35 från
1090 2115 158 47 Morjärv
1277 2115 100 35 öfver
1404 2113 179 37 Storträsk
1611 2113 56 36 till
1695 2113 114 48 Lapp-

212 2172 99 36 träsk
340 2173 92 34 samt
459 2171 217 46 landsvägen
706 2170 128 35 mellan
863 2170 159 47 Morjärv
1051 2170 66 35 och
1145 2168 199 48 Lappträsk
1364 2168 63 35 har
1452 2167 95 37 1907
1570 2168 59 34 års
1648 2166 162 47 Riksdag

213 2227 55 35 för
308 2226 38 35 år
392 2225 98 35 1908
535 2224 150 47 beviljat
727 2223 66 36 och
821 2223 55 36 till
904 2222 180 49 utgående
1113 2222 79 36 från
1220 2221 346 47 riksgäldskontoret
1592 2220 140 36 anvisat
1758 2223 52 32 ett

214 2280 123 47 anslag
365 2278 37 36 af
433 2278 207 46 1,200,000
672 2277 141 44 kronor,
842 2278 53 35 att
922 2277 114 47 enligt
1064 2275 142 48 Kungl.
1237 2275 126 47 Maj:ts
1387 2273 210 50 disposition
1622 2272 184 37 utbetalas.
