1896 2782
540 171 252 28 Stalsutskottets
821 172 161 28 utlåtande
1010 181 39 19 nr
1075 172 38 28 30
1140 173 36 28 år
1204 173 75 28 1963
1633 178 19 30 3

491 254 48 27 att
559 252 185 38 riksdagen
763 253 57 29 må
838 253 209 39 bemyndiga
1064 254 125 38 Kungl.
1208 254 106 39 Maj:t
1331 257 50 27 att
1400 255 186 38 godkänna
1603 257 48 28 ett

435 314 40 20 av
495 305 374 39 vattenfallsstyrelsen
892 306 162 39 ingånget
1075 307 91 29 avtal
1189 307 168 30 avseende
1378 307 211 40 försäljning
1610 317 40 20 av

435 358 252 38 fastigheterna
712 358 221 39 Kyrkstugan
958 368 42 20 nr
1024 358 19 29 6
1066 359 66 30 och
1157 359 16 29 7
1199 360 8 28 i
1232 359 211 31 Vilhelmina
1467 361 139 39 köping.

225 429 198 29 Stockholm
446 429 63 29 den
536 430 38 28 19
596 428 151 30 februari
773 429 82 29 1963

651 519 45 28 På
721 519 277 29 statsutskottets
1021 519 146 38 vägnar:

681 606 142 29 ERNST
853 607 37 29 V.
922 606 201 30 STAXÄNG

229 882 63 29 Vid
313 881 219 40 förestående
554 882 147 29 ärendes
723 882 285 40 slutbehandling
1031 882 93 30 inom
1150 883 169 30 utskottet
1341 884 65 29 har
1427 884 156 30 närvarit

221 945 79 29 från
327 945 139 29 första
490 945 222 29 kammaren:
742 945 119 29 herrar
877 946 193 33 Näsström,
1086 946 143 34 Boman,
1247 947 106 28 Einar
1370 948 158 33 Persson,
1545 948 102 37 Berg-

166 998 90 24 man,
286 989 131 38 Virgin,
446 989 92 29 Fritz
568 989 159 33 Persson,
758 990 63 28 Per
849 990 203 33 Jacobsson,
1082 990 199 39 Söderberg,
1312 990 230 35 Mårtensson,
1573 991 73 29 Nils

164 1033 160 29 Theodor
346 1033 161 33 Larsson,
531 1033 109 38 Bengt
663 1033 224 34 Gustavsson,
912 1034 182 38 Källqvist,
1118 1034 144 31 Herbert
1289 1036 161 33 Larsson,
1473 1036 171 29 Thorsten

164 1078 151 28 Larsson
341 1078 63 28 och
431 1077 201 38 Holmberg;
661 1079 90 27 samt

218 1130 78 29 från
329 1131 133 28 andra
495 1130 221 29 kammaren:
741 1131 120 29 herrar
881 1132 165 37 Staxäng,
1067 1133 182 28 Petterson
1273 1134 8 28 i
1306 1133 195 38 Degerfors,
1525 1135 122 28 Svens-

165 1183 61 19 son
252 1175 7 28 i
286 1174 205 39 Stenkyrka,
517 1174 176 38 Almgren,
720 1175 122 29 fröken
868 1175 132 34 Elmén,
1027 1176 121 29 herrar
1173 1176 139 30 Nilsson
1340 1178 8 29 i
1374 1178 271 39 Göingegården,

164 1218 234 34 Andreasson,
423 1218 157 29 Eliasson
608 1220 8 28 i
644 1219 195 34 Sundborn,
865 1219 56 30 fru
947 1220 314 35 Lewén-Eliasson,
1287 1222 121 29 herrar
1436 1222 173 30 Svensson
1635 1223 8 29 i

165 1263 214 39 Ljungskile,
415 1262 199 30 Johansson
653 1264 8 28 i
699 1263 229 40 Norrköping,
968 1264 144 34 Carbell,
1151 1265 208 30 Gustafsson
1400 1268 8 28 i
1448 1267 196 34 Skellefteå,

163 1306 208 30 Gustafsson
392 1308 8 28 i
423 1306 187 30 Uddevalla
633 1308 62 28 och
719 1307 112 30 Eskel.
