2194 2612
209 1680 130 24 Motioner.

389 192 19 32 2
865 189 259 34 Statsutskottets
1151 189 169 34 utlåtande
1347 190 54 32 Nr
1428 190 72 32 181.

492 272 37 48 b)
566 271 55 37 till
650 272 222 37 beredande-
890 287 46 21 av
964 271 165 49 tillfällig
1157 272 319 47 löneförbättring
1504 271 119 36 under
1650 274 40 33 år
1720 272 96 34 1919
1847 274 36 33 åt
1911 273 75 35 viss

390 325 175 49 personal
601 324 64 36 vid
696 325 127 35 armén
851 324 137 48 bevilja
1016 324 120 36 under
1163 324 120 49 fjärde
1311 323 238 37 huvudtiteln
1577 325 20 34 å
1627 328 107 31 extra
1761 328 74 31 stat
1865 323 57 36 för
1949 327 39 33 år

393 378 96 34 1919
519 381 53 31 ett
600 376 298 49 förslagsanslag
927 389 45 23 av
1004 375 181 37 likaledes
1214 377 202 46 3,940,000
1443 375 152 47 kronor,

493 427 31 49 c)
555 428 206 48 godkänna
788 428 45 36 de
861 442 48 22 av
928 428 273 48 föredragande
1220 427 413 50 departementschefen
1652 426 13 36 i
1680 426 307 50 statsrådsproto-

389 480 115 36 kollet
532 480 166 48 angivna
716 480 165 49 grunder
900 480 58 36 för
978 479 70 37 den
1073 479 189 49 tillfälliga
1285 479 381 49 löneförbättringens
1685 479 200 48 utgående,

493 531 36 49 d)
557 532 205 49 godkänna
790 532 45 36 de
864 545 48 22 av
940 531 274 50 föredragande
1242 531 413 49 departementschefen
1683 531 12 36 1
1720 530 267 49 statsrådspro-

390 584 156 36 tokollet
569 585 145 47 jämväl
742 584 166 48 angivna
935 584 137 35 villkor
1100 584 69 36 och
1198 584 279 36 bestämmelser
1505 584 58 36 för
1591 583 73 36 den
1683 583 189 49 tillfälliga
1888 583 99 35 löne-

390 636 296 49 förbättringens
716 636 228 48 åtnjutande,
974 641 96 31 samt

494 687 32 49 e)
568 688 176 48 förklara,
787 693 54 31 att
882 701 46 22 en
968 702 77 33 var,
1088 701 93 34 som,
1223 688 94 36 efter
1346 687 61 37 det
1434 687 228 49 kungörelse
1691 686 196 49 angående
1916 686 72 37 den

391 740 188 47 tillfälliga
620 740 364 48 löneförbättringen
1025 744 91 32 trätt
1158 740 11 35 1
1202 739 110 47 kraft,
1342 740 181 36 tillträder
1550 739 231 48 beställning
1809 739 89 36 eller
1924 738 63 37 be-

391 792 178 48 fattning,
600 794 20 34 å
648 792 127 36 vilken
804 791 246 37 omförmälda
1078 791 137 36 villkor
1243 791 68 37 och
1329 791 286 37 bestämmelser
1634 790 58 37 för
1711 791 71 36 den
1800 790 188 49 tillfälliga

391 843 383 49 löneförbättringens
816 844 220 49 åtnjutande
1077 844 106 36 skola
1214 844 113 48 gälla,
1357 844 96 36 skall
1480 856 88 24 vara
1596 843 136 49 pliktig
1758 842 230 36 underkasta

391 895 61 48 sig
492 909 143 23 samma
670 896 136 35 villkor
834 896 71 36 och
933 895 290 47 bestämmelser,
1253 900 177 32 ävensom
1459 900 53 31 att
1540 894 279 48 förutvarande,
1849 900 99 30 ännu
1977 894 9 35 i

391 947 118 48 tjänst
541 948 248 36 kvarstående
816 948 227 36 innehavare
1071 961 48 23 av
1147 947 127 49 dylika
1302 947 270 49 beställningar
1600 947 89 37 eller
1714 946 271 48 befattningar,

391 999 100 36 vilka
518 1000 83 36 icke
630 1000 78 36 före
736 1000 77 35 viss
846 999 176 50 tidpunkt
1049 1000 159 47 anmäla,
1238 1005 54 30 att
1321 1000 45 36 de
1395 1000 58 36 för
1480 999 104 37 tiden
1613 999 161 36 därefter
1800 998 92 49 vilja
1919 1011 68 23 un-

393 1051 174 37 derkasta
608 1052 61 48 sig
709 1051 257 49 nyssnämnda
1005 1052 137 36 villkor
1169 1051 69 37 och
1266 1051 294 47 bestämmelser,
1590 1051 71 37 och
1689 1064 79 23 som
1797 1050 82 36 icke
1907 1050 80 48 lag-

391 1103 102 49 ligen
534 1104 128 36 kunna
703 1104 124 36 därtill
856 1103 200 48 förbindas,
1085 1104 83 36 icke
1196 1104 106 35 skola
1330 1104 56 35 för
1413 1106 86 33 åren
1529 1105 98 34 1918
1658 1103 87 36 eller
1774 1103 97 35 1919
1901 1101 87 37 eller

392 1158 126 46 någon
547 1156 59 36 del
636 1156 115 35 därav
778 1156 170 48 uppbära
975 1155 167 49 tillfällig
1170 1155 324 48 löneförbättring,

497 1208 74 35 dels
599 1208 62 35 ock
689 1230 47 3 —
765 1207 85 36 med
879 1207 160 49 ändring
1067 1220 46 23 av
1142 1207 62 36 det
1230 1207 11 35 i
1269 1206 491 50 statsverkspropositionen
1780 1205 208 48 framlagda

393 1260 182 48 förslaget
617 1260 55 35 till
714 1273 52 35 ny
807 1264 74 31 stat
909 1259 58 36 för
993 1259 368 49 generalitetsstaten
1390 1280 47 6 —
1467 1258 137 36 föreslå
1631 1258 203 49 riksdagen
1863 1263 54 30 att
1943 1270 45 23 ur

391 1317 125 31 staten
545 1311 59 36 för
632 1311 366 49 generalitetsstaten
1025 1311 162 36 utesluta
1215 1311 71 36 den
1315 1312 11 35 i
1354 1310 162 37 nämnda
1544 1315 74 32 stat
1640 1310 158 48 intagna
1817 1309 171 37 anmärk-

392 1364 94 48 ning
513 1363 196 49 angående
737 1363 210 48 ersättning
974 1363 55 36 till
1057 1363 244 36 medlemmar
1324 1376 48 23 av
1390 1363 261 48 generalitetet
1671 1363 58 36 för
1745 1362 243 49 tjänsteresor

392 1416 54 35 till
474 1420 126 31 möten
629 1416 69 36 och
727 1415 263 49 mönstringar.

495 1518 238 36 Beträffande
760 1518 251 47 utredningen
1039 1518 11 35 i
1078 1518 154 35 ärendet
1262 1518 54 35 får
1334 1518 182 36 utskottet
1538 1518 158 35 hänvisa
1712 1517 53 35 till
1782 1516 211 49 åberopade

393 1569 418 51 statsrådsprotokollet.

497 1674 85 36 Med
625 1673 209 48 anledning
875 1686 46 22 av
962 1673 245 36 förevarande
1249 1673 232 49 proposition
1514 1673 98 35 hava
1640 1673 99 35 inom
1768 1672 223 48 riksdagens

393 1726 125 49 bägge
545 1726 150 35 kamrar
721 1725 132 36 väckts
882 1730 53 31 ett
963 1725 119 36 flertal
1110 1726 193 35 motioner.
1361 1724 164 37 Sålunda
1552 1725 67 36 har
1647 1725 11 35 i
1687 1725 184 35 motioner
1892 1725 99 35 inom

393 1779 115 35 första
536 1778 218 36 kammaren
783 1777 211 48 föreslagits

497 1843 46 23 av
580 1830 86 36 herr
693 1831 50 36 H.
771 1830 151 35 Ericson
950 1829 68 36 och
1047 1829 156 36 friherre
1231 1830 49 35 H.
1310 1829 162 48 Fleming
1500 1828 57 49 (nr
1587 1828 89 49 201)
1703 1833 56 32 att
1787 1828 204 48 riksdagen

396 1882 88 37 ville
522 1881 80 37 dels
640 1882 86 35 med
768 1881 105 36 bifall
916 1881 10 35 i
955 1881 127 48 övrigt
1123 1881 59 36 till
1210 1881 143 47 Kungl.
1383 1881 126 48 Maj:ts
1538 1880 278 49 propositioner
1844 1894 46 22 nr
1917 1881 72 35 361

395 1934 70 36 och
495 1936 71 34 362
599 1933 159 47 besluta,
775 1938 55 31 att
858 1932 57 37 till
944 1933 363 49 generalspersoner
1336 1932 70 37 och
1429 1933 197 48 flaggmän
1647 1932 95 37 skall
1762 1936 91 44 utgå
1872 1931 120 36 under

395 1990 41 32 år
479 1988 96 34 1918
605 1986 71 36 och
707 1987 97 34 1919
834 1984 167 49 tillfällig
1032 1984 322 49 löneförbättring
1382 1984 57 36 till
1467 1984 139 50 belopp
1636 1998 46 22 av
1715 1984 110 47 1,200
1853 1984 139 36 kronor

396 2038 56 35 till
479 2038 106 49 varje
628 2037 118 37 sådan
788 2037 388 48 befattningshavare,
1219 2036 80 37 dels
1340 2036 89 49 höja
1465 2037 12 35 i
1517 2036 166 37 nämnda
1710 2036 282 49 propositioner

396 2091 58 35 för
481 2089 217 37 ändamålet
725 2088 219 49 föreslagna
965 2088 300 49 förslagsanslag
1292 2088 86 37 med
1406 2088 128 37 härför
1562 2088 251 48 erforderliga
1840 2087 149 49 belopp,

499 2155 46 22 av
587 2141 84 37 herr
716 2141 40 37 G.
801 2141 115 36 Rosén
953 2154 45 22 m.
1030 2141 35 35 fl.
1096 2140 59 49 (nr
1184 2141 87 48 203)
1300 2145 55 32 att
1382 2140 206 49 riksdagen
1616 2142 118 34 måtte
1763 2139 147 37 besluta
1936 2144 56 31 att

395 2193 140 49 bevilja
563 2192 472 37 musikunderofficerarna
1067 2192 170 49 tillfällig
1264 2191 323 50 löneförbättring
1607 2192 98 36 efter
1720 2204 141 24 samma
1876 2205 115 35 grun-

396 2245 66 36 der
491 2245 68 36 och
589 2245 87 36 med
705 2257 143 24 samma
866 2244 152 50 belopp,
1035 2257 79 24 som
1137 2245 156 36 föreslås
1312 2245 12 35 i
1342 2244 140 48 Kungl.
1512 2244 128 48 Maj:ts
1668 2243 236 50 proposition
1933 2243 58 36 för

395 2297 467 49 truppunderofficerarna,
876 2302 98 31 samt
989 2301 55 32 att
1057 2296 207 50 riksdagen
1281 2299 116 34 måtte
1409 2295 129 37 härför
1549 2295 142 49 bevilja
1701 2295 139 47 nödiga
1856 2295 133 46 medel,
