1908 2846
323 175 40 31 28
694 175 293 32 Statsutskottets
1011 175 185 31 utlåtande
1221 175 52 31 Nr
1295 175 74 30 141.

279 254 60 36 les,
363 254 89 30 utan
474 253 211 36 riksdagens
708 253 126 31 vidare
856 254 158 31 hörande
1038 254 170 31 förordna
1232 264 57 21 om
1313 253 297 32 tullkammarens
1633 253 145 37 indrag-

279 305 97 37 ning.

320 356 124 37 Enligt
464 357 70 31 vad
551 367 46 20 av
613 356 391 37 statsrådsprotokollet
1023 357 171 37 framgår,
1211 357 68 31 har
1297 357 134 36 Kungl.
1450 356 110 37 Maj:t
1578 357 201 31 sedermera

280 417 127 27 genom
427 409 86 31 brev
537 409 68 31 den
626 409 37 30 15
684 408 182 32 december
887 408 76 31 1933
985 409 82 31 med
1088 409 78 31 stöd
1188 418 45 21 av
1257 408 211 36 riksdagens
1492 408 286 37 bemyndigande

280 460 198 36 förordnat,
497 462 55 29 att
569 460 280 31 tullkammaren
867 460 12 31 i
897 459 209 33 Marstrand
1123 460 92 30 skall
1232 460 171 36 indragas
1424 460 85 31 från
1528 461 65 30 och
1612 461 80 31 med
1711 461 68 31 den

279 511 181 37 tidpunkt,
481 520 77 22 som
578 511 391 37 generaltullstyrelsen
990 512 114 30 skulle
1125 514 70 34 äga
1215 511 208 37 bestämma,
1445 512 90 31 dock
1555 514 118 29 senast
1695 512 85 31 från

280 563 66 31 och
368 563 79 32 med
467 563 183 36 ingången
669 573 46 20 av
738 563 212 36 budgetåret
973 562 180 36 1934/1935.
1196 563 53 31 På
1272 564 119 35 grund
1414 573 46 21 av
1484 563 99 32 detta
1605 563 85 31 brev
1711 563 68 31 har

280 614 393 37 generaltullstyrelsen
696 615 68 31 den
786 615 39 31 27
849 624 96 22 mars
968 614 80 31 1934
1072 614 165 37 beslutat,
1263 615 53 31 att
1341 615 280 31 tullkammaren
1645 616 13 30 i
1683 615 96 31 Mar-

280 667 126 30 strand
425 666 94 31 skall
538 666 170 36 indragas
728 667 81 30 med
830 667 182 36 utgången
1030 676 45 21 av
1095 666 72 36 maj
1189 667 134 31 månad
1342 666 78 31 1934
1438 669 95 29 samt
1552 667 54 31 att
1625 667 13 31 i
1658 667 122 31 stället

279 727 45 22 en
346 717 285 37 tullexpedition,
653 718 156 36 lydande
833 718 112 31 under
970 718 279 31 tullkammaren
1274 718 13 31 i
1310 718 155 36 Lysekil,
1489 718 94 31 skall
1607 718 83 31 från
1713 719 66 30 och

278 769 82 32 med
382 769 66 32 den
468 771 19 29 1
507 769 81 37 juni
611 770 76 30 1934
710 770 75 30 tills
808 770 124 30 vidare
954 780 91 20 vara
1065 770 161 30 inrättad
1247 769 12 30 i
1281 770 134 31 staden.

320 820 213 32 Motionsvis
560 821 66 31 har
651 821 199 31 emellertid
875 821 211 37 hemställts,
1113 823 54 29 att
1191 821 195 37 riksdagen
1410 823 112 30 måtte
1549 821 149 37 besluta,
1725 823 55 30 att

279 872 268 37 indragningen
567 883 45 20 av
634 873 278 31 tullkammaren
931 873 14 31 i
964 872 209 32 Marstrand
1191 873 78 31 icke
1288 874 111 30 måtte
1420 873 144 31 komma
1584 873 58 31 till
1662 874 117 31 stånd.

279 924 72 31 Till
375 924 78 31 stöd
479 924 56 31 för
562 924 172 36 förslaget
760 924 224 31 härutinnan
1007 925 67 30 har
1098 925 149 36 anförts,
1274 925 54 31 att
1353 924 229 32 Marstrands
1607 925 81 32 stad
1713 926 66 30 och

279 976 257 36 befolkningen
554 976 13 31 i
589 976 41 31 de
651 978 105 34 orter,
778 976 280 31 tullkammaren
1079 976 89 31 hade
1190 977 55 30 att
1266 976 156 37 betjäna,
1443 977 95 30 hölle
1557 977 86 36 före,
1662 978 55 30 att
1738 978 42 30 de

279 1037 46 21 av
347 1027 195 37 riksdagen
565 1027 158 37 angivna
746 1027 356 37 förutsättningarna
1125 1028 56 31 för
1203 1027 268 33 verkställande
1494 1038 48 21 av
1565 1029 57 31 det
1643 1028 136 36 Kungl.

279 1078 111 37 Maj:t
412 1079 111 36 givna
547 1079 302 37 bemyndigandet
872 1079 77 31 icke
974 1079 97 32 varit
1095 1080 56 30 för
1172 1079 153 32 handen.
1367 1079 56 32 En
1445 1088 128 28 genom
1596 1080 184 32 stadsfull-

279 1130 158 37 mäktige
456 1131 12 30 i
486 1130 209 32 Marstrand
711 1131 199 31 verkställd
927 1131 194 36 utredning
1138 1131 124 31 visade
1278 1133 99 29 tvärt
1395 1141 67 27 om,
1480 1133 54 30 att
1553 1131 227 32 Marstrands

279 1183 82 31 stad
386 1183 64 30 och
476 1182 279 37 kringliggande
782 1184 96 30 orter
904 1183 116 31 skulle
1048 1183 38 31 få
1112 1183 104 36 högst
1243 1183 201 37 betydande
1469 1183 228 37 olägenheter
1723 1192 56 28 ge-

279 1244 83 21 nom
383 1234 275 37 indragningen,
681 1235 110 35 något
815 1244 74 21 som
912 1237 93 29 även
1029 1235 203 36 framginge
1255 1245 46 21 av
1326 1235 41 32 de
1389 1237 88 29 utav
1500 1235 161 32 Svenska
1685 1237 95 29 väst-

279 1285 270 31 kustfiskarnas
572 1286 295 31 centralförbund
889 1286 64 31 och
977 1286 167 36 Sveriges
1167 1286 411 37 segelfartygsförening
1602 1297 33 21 u.
1656 1297 33 27 p.
1711 1298 31 20 a.
1768 1288 10 29 i

279 1338 147 30 ärendet
443 1337 161 36 avgivna
620 1337 205 37 yttranden.
863 1337 134 32 Vidare
1016 1338 67 30 har
1100 1338 231 36 framhållits,
1349 1339 53 30 att
1422 1339 61 31 vid
1499 1349 45 20 en
1559 1339 221 36 indragning

279 1399 47 20 av
353 1389 280 30 tullkammaren
657 1389 335 36 kustbevakningen
1020 1390 13 30 i
1061 1389 209 32 Marstrand
1296 1391 122 35 syntes
1445 1390 88 31 böra
1559 1391 127 30 utökas
1714 1391 65 31 och

279 1441 201 31 förstärkas
499 1441 13 31 i
532 1441 112 31 sådan
666 1441 100 36 grad,
788 1441 55 30 att
864 1441 118 36 någon
1003 1441 191 36 besparing
1216 1451 47 21 av
1282 1441 180 37 betydelse
1484 1442 58 31 för
1564 1442 215 31 statsverket

278 1492 78 31 icke
378 1492 99 32 torde
500 1492 123 31 kunna
646 1492 196 31 förväntas.
886 1492 55 31 En
963 1502 46 21 av
1033 1492 159 32 Svenska
1214 1493 314 31 stadsförbundets
1549 1493 231 32 kommunala

278 1544 240 36 centralbyrå,
535 1544 48 36 på
600 1543 285 32 föranstaltande
903 1554 46 21 av
966 1544 331 36 stadsfullmäktige
1314 1545 12 31 i
1344 1545 220 37 Marstrand,
1583 1545 197 32 verkställd

279 1595 279 36 undersökning,
580 1605 75 22 som
676 1596 193 31 resulterat
893 1596 13 31 i
930 1596 51 30 ett
1006 1596 69 31 den
1099 1596 17 30 9
1141 1596 148 36 januari
1311 1596 79 31 1934
1411 1597 148 36 avgivet
1582 1597 198 37 utlåtande,

280 1647 122 31 visade
421 1647 189 37 därjämte,
628 1648 53 30 att
700 1648 57 31 det
777 1648 100 31 torde
895 1648 89 31 råda
1002 1648 123 31 starka
1143 1648 113 31 tvivel
1275 1658 57 21 om
1349 1648 184 32 huruvida
1550 1649 67 31 den
1635 1649 145 37 indrag-

278 1699 89 37 ning
393 1709 45 20 av
465 1699 145 31 stadens
637 1699 228 36 stapelstads-
893 1700 64 30 och
985 1700 115 30 andra
1124 1700 221 36 privilegier,
1373 1710 75 21 som
1474 1701 68 30 den
1570 1711 46 21 av
1643 1701 136 37 Kungl.

277 1750 111 37 Maj:t
407 1751 177 36 vidtagna
604 1751 174 36 åtgärden
796 1752 40 35 ju
855 1751 184 36 innebure,
1059 1751 118 31 kunde
1197 1761 90 21 vara
1307 1752 83 31 från
1407 1753 171 36 rättsliga
1598 1753 181 36 synpunk-

277 1803 55 30 ter
358 1803 162 37 befogad.

317 1853 185 33 Utskottet
523 1854 68 31 har
612 1854 144 31 beaktat
780 1854 70 31 vad
872 1854 154 32 sålunda
1050 1854 210 32 motionsvis
1283 1855 65 31 och
1372 1858 93 29 även
1487 1856 74 32 vad
1584 1856 13 31 i
1621 1856 120 37 övrigt
1766 1857 12 31 i

276 1906 180 36 muntliga
473 1906 67 31 och
559 1906 185 36 skriftliga
763 1906 315 36 framställningar
1096 1906 197 36 andragits.
1334 1907 213 32 Emellertid
1566 1908 76 36 har,
1662 1909 117 30 såsom

276 1959 154 35 nämnts,
456 1958 119 31 beslut
599 1958 109 31 redan
736 1958 129 30 fattats
891 1968 57 21 om
975 1958 298 31 tullkammarens
1299 1959 230 37 indragning,
1555 1961 54 30 att
1635 1960 106 31 träda
1765 1961 12 30 i

276 2009 101 32 kraft
402 2010 67 31 den
493 2010 20 30 1
537 2009 79 36 juni
641 2009 85 31 1934.
772 2009 73 32 Vid
867 2010 129 31 sådant
1020 2009 225 32 förhållande
1268 2010 66 31 och
1359 2010 45 32 då
1430 2011 174 31 utskottet
1630 2012 77 31 icke
1730 2014 47 35 på

276 2062 118 34 grund
412 2071 45 21 av
479 2061 60 31 det
559 2060 246 37 föreliggande
826 2061 205 31 materialet
1052 2071 102 21 anser
1175 2061 55 36 sig
1249 2061 123 31 kunna
1392 2062 155 37 förorda,
1568 2064 53 30 att
1641 2063 137 32 riksda-

279 2121 69 27 gen
369 2122 50 21 nu
441 2113 154 36 frångår
616 2112 63 32 sitt
701 2113 13 31 i
739 2113 67 36 fjol
830 2113 138 31 fattade
990 2113 126 36 beslut,
1138 2113 120 32 finner
1280 2114 55 37 sig
1358 2115 174 31 utskottet
1556 2115 76 31 icke
1656 2116 123 30 kunna

277 2164 185 36 tillstyrka
487 2164 242 31 motionärens
756 2165 170 35 yrkande.
973 2165 143 31 Härvid
1139 2167 108 35 utgår
1273 2165 88 32 dock
1388 2167 176 31 utskottet
1590 2167 107 36 ifrån,
1722 2168 55 30 att

275 2216 135 36 Kungl.
435 2215 113 37 Maj:t
569 2216 80 31 med
673 2216 319 36 uppmärksamhet
1016 2216 107 36 följer
1148 2217 292 32 förhållandenas
1467 2218 209 37 utveckling
1701 2219 76 36 och,

276 2269 120 30 därest
412 2268 40 31 de
468 2278 47 21 av
530 2267 193 37 riksdagen
740 2268 12 30 i
771 2267 68 36 fjol
856 2268 160 36 angivna
1032 2268 356 37 förutsättningarna
1405 2270 56 31 för
1479 2270 297 32 tullkammarens

275 2319 220 37 indragning
515 2319 79 32 ieke
613 2319 77 32 visa
709 2319 56 36 sig
786 2320 186 36 föreligga,
992 2321 178 35 upptager
1189 2321 134 35 frågan
1340 2331 57 21 om
1416 2322 360 37 tullförvaltningens

275 2371 249 37 organisation
541 2371 13 31 i
572 2371 209 31 Marstrand
797 2389 41 5 —
854 2372 80 30 häri
953 2371 107 36 ingår
1078 2373 64 30 ock
1160 2372 132 36 frågan
1311 2383 56 21 om
1385 2373 226 32 anställande
1629 2384 46 22 av
1693 2375 83 32 tull-

274 2423 166 37 personal
461 2423 81 32 med
564 2423 455 36 skeppsmätarkompetens
1037 2441 41 5 —
1095 2423 57 32 till
1172 2424 157 37 förnyad
1349 2425 189 43 prövning.

315 2474 193 37 Utskottet,
526 2484 75 22 som
618 2475 12 30 i
649 2475 119 35 övrigt
788 2474 77 31 icke
882 2474 79 32 haft
980 2475 110 35 något
1108 2477 51 30 att
1178 2475 122 31 erinra
1315 2477 73 30 mot
1404 2476 136 37 Kungl.
1560 2477 127 37 Maj:ts
1706 2478 70 32 för-
