2214 2622
358 217 22 28 4
625 216 84 29 Andr
733 217 205 28 kammaarens
963 213 129 33 första
1118 217 154 36 tillfälliga
1295 216 122 29 utskotts
1443 216 147 29 utlåtande
1612 217 47 28 Nr
1685 217 28 28 6.

359 295 127 36 endast
515 296 137 35 barnen
681 295 57 35 till
767 296 233 35 obemedlade
1026 296 67 35 och
1115 296 140 35 mindre
1276 295 211 36 bemedlade
1507 295 176 35 föräldrar
1703 296 110 35 borde
1834 296 147 35 komma

358 350 12 33 i
409 349 215 47 åtnjutande
659 361 44 22 av
737 349 47 34 fri
813 349 254 35 skolmateriel.
1127 349 121 35 Härav
1279 349 114 35 finner
1422 362 97 31 man,
1551 351 54 33 att
1633 349 115 35 första
1771 349 209 34 kammaren

358 404 12 33 i
400 403 39 33 år
481 403 135 47 intagit
655 415 45 22 en
724 415 120 22 annan
874 403 176 46 ställning
1078 402 57 35 till
1165 402 101 35 detta
1295 403 129 35 ärende
1455 405 46 32 än
1530 402 117 35 denna
1678 402 182 35 kammare
1890 402 91 35 före-

358 455 128 37 trädde
515 456 61 34 vid
601 457 96 34 förra
727 458 94 33 årets
851 456 159 47 riksdag,
1041 456 46 34 då
1111 455 71 35 den
1211 455 160 36 uttalade
1402 457 56 44 sig
1487 456 56 34 för
1572 457 54 33 att
1650 456 97 35 blott
1767 455 69 35 den
1856 468 124 22 senare

359 509 213 46 kategorien
603 509 109 35 borde
743 509 145 35 komma
916 510 13 34 i
958 509 250 37 betraktande.

467 562 130 34 Ehuru
638 562 181 36 utskottet
860 563 224 35 fortfarande
1128 562 177 35 vidhåller
1340 562 70 35 den
1440 562 301 47 uppfattningen,
1772 562 57 35 till
1857 562 124 35 vilken

359 615 112 38 andra
513 616 210 34 kammaren
767 615 206 48 upprepade
1016 618 137 44 gånger
1197 615 151 35 anslutit
1381 616 68 46 sig,
1481 616 55 34 att
1564 615 61 35 det
1653 615 199 35 allmännas
1882 619 99 31 över-

359 668 157 48 tagande
561 681 44 23 av
649 669 222 35 föräldrarna
906 682 51 21 nu
992 668 192 47 åliggande
1216 669 211 48 skyldighet
1456 670 55 33 att
1539 669 56 34 för
1624 669 78 35 sina
1733 669 83 34 barn
1847 670 13 33 i
1888 668 94 35 folk-

360 723 69 34 och
458 722 204 36 småskolan
691 723 149 35 bekosta
871 722 214 46 erforderlig
1114 721 242 36 skolmateriel
1382 722 64 34 bör
1466 721 94 47 gälla
1579 722 69 34 alla
1668 723 89 34 barn
1778 721 203 37 oberoende

359 789 44 22 av
442 775 241 36 föräldrarnas
726 775 460 47 förmögenhetsställning,
1232 787 102 23 anser
1378 775 182 35 utskottet
1602 775 124 45 likväl,
1772 778 54 32 att
1869 775 112 35 andra

361 830 210 34 kammaren
601 829 66 35 bör
696 829 139 35 biträda
864 829 113 35 första
1006 829 227 35 kammarens
1258 828 120 35 beslut
1408 829 69 34 och
1507 828 99 35 detta
1626 830 45 45 på
1701 828 120 47 grund
1841 840 44 23 av
1906 828 77 34 dels

357 885 58 32 att
457 882 43 35 de
543 882 88 45 skäl,
672 882 201 36 utkottet
860 877 22 56 i
901 883 66 34 sitt
995 882 188 35 utlåtande
1213 895 43 21 nr
1285 883 11 35 1
1333 882 154 47 angivit,
1518 885 59 31 äro
1612 884 38 32 så
1679 881 132 45 starka,
1842 883 54 33 att
1926 884 55 32 ut-

360 935 202 48 redningen
592 936 259 47 otvivelaktigt
879 936 165 35 kommer
1073 938 54 32 att
1156 935 134 48 utpeka
1320 948 43 22 en
1391 935 148 46 lösning
1578 935 12 34 i
1625 935 356 35 överensstämmelse

360 989 159 43 därmed,
565 990 68 34 och
672 989 76 35 dels
791 991 54 33 att
880 990 145 45 frågans
1055 989 145 46 lösning
1229 992 37 31 är
1294 990 38 33 så
1360 988 213 47 trängande,
1604 990 55 33 att
1688 990 54 33 ett
1770 987 211 49 ytterligare

363 1043 167 47 uppskov
560 1043 78 34 icke
668 1042 72 35 kan
770 1054 84 23 vara
884 1042 224 36 välbetänkt.

476 1096 44 34 På
551 1095 119 48 grund
700 1108 44 22 av
774 1095 100 36 dessa
903 1096 78 34 skäl
1014 1096 52 34 får
1095 1095 181 35 utskottet
1303 1095 203 44 hemställa,

904 1204 54 32 att
991 1201 111 35 andra
1132 1202 204 34 kammaren
1368 1203 116 33 måtte
1514 1201 139 35 biträda
1683 1202 111 34 första
1825 1201 158 34 kamma-

797 1268 79 23 rens
906 1256 10 33 i
947 1255 149 35 ärendet
1125 1255 137 35 fattade
1293 1255 128 35 beslut.

472 1363 213 35 Stockholm
715 1362 70 34 den
818 1363 46 35 10
895 1362 93 47 april
1021 1363 112 35 1919.

950 1469 47 34 På
1025 1469 198 35 utskottets
1252 1471 148 42 vägnar:

923 1575 93 34 PER
1048 1574 169 35 EDVIN
1247 1567 180 42 SKÖLD.

479 1842 204 30 Närvarande
713 1841 54 30 vid
793 1841 87 30 detta
904 1840 134 30 ärendes
1063 1839 275 39 slutbehandling:
1365 1840 109 30 herrar
1500 1838 107 37 Sköld,
1643 1837 110 39 Welin,
1785 1838 197 46 Audersson,

366 1889 10 28 i
401 1887 200 36 Stockholm,
628 1885 168 31 Johanson
821 1886 13 45 i
859 1885 206 35 Huskvarna,
1091 1883 167 40 Jungnell,
1298 1883 175 37 Westman,
1494 1882 179 40 Berglund,
1697 1881 140 33 Larsson
1853 1884 10 29 i
1882 1885 100 37 Änge-

366 1932 91 36 bäck,
484 1930 164 31 Karlsson
671 1932 9 28 i
708 1930 92 30 Surte
827 1930 59 30 och
911 1928 138 31 Jonsson
1076 1929 9 29 i
1110 1929 182 38 Källeräng.

867 2289 327 24 CENTRALTRYCKERIET,
1217 2289 171 17 STOCKHOLM
1413 2290 75 18 1919.
