2176 2620
729 189 356 42 Bevillningsutskottets
1108 189 194 32 betänkande
1327 189 51 31 Nr
1399 191 53 30 29.
1784 191 19 30 3

247 266 127 50 dylika
416 266 112 49 bolag
560 267 117 36 redan
707 267 102 36 förut
836 280 68 23 var
931 272 108 42 stort,
1068 273 55 31 ett
1151 274 175 30 avsevärt
1354 269 101 35 antal
1483 283 75 36 nya
1587 270 260 48 ansökningar

246 331 61 24 om
337 318 372 49 försäljningsoktroj
741 318 252 37 förekommit.
1049 319 87 37 Med
1166 319 209 49 anledning
1402 320 116 37 härav
1545 321 98 37 hade
1663 321 184 37 kontroll-

246 370 183 50 styrelsen
458 370 195 48 föreslagit
681 383 46 24 en
756 371 140 36 länsvis
925 371 226 49 genomförd
1182 371 262 49 begränsning
1471 386 46 22 av
1537 372 186 49 bolagens
1744 374 102 36 antal

247 422 54 37 till
330 422 115 49 högst
472 426 53 32 ett
552 422 117 49 bolag
695 422 60 36 för
777 422 105 49 varje
901 423 174 48 påbörjat
1094 423 297 37 femtiotusental
1413 437 45 23 av
1477 425 123 36 länets
1622 425 224 49 folkmängd

245 474 63 36 vid
349 477 197 45 utgången
588 487 45 23 av
673 477 80 33 året
793 474 79 36 före
914 474 73 47 det,
1029 475 188 37 varunder
1248 475 170 37 ansökan
1448 489 61 23 om
1537 476 184 49 rättighet
1750 477 96 36 skall

245 526 161 49 ingivas,.
463 525 82 37 Den
574 525 158 37 sålunda
759 526 225 48 ifrågasatta
1011 526 288 37 bestämmelsen
1329 533 166 43 upptogs
1524 528 11 35 i
1555 528 142 49 Kungl.
1719 529 126 48 Maj:ts

246 578 154 48 förslag,
443 577 118 36 vilket
602 577 203 37 därutöver
845 578 162 36 innehöll
1053 578 72 37 den
1160 578 340 49 inskränkningen,
1530 584 54 32 att
1613 580 101 36 inom
1744 581 101 36 länet

245 629 183 49 rättighet
468 629 57 36 till
553 629 256 48 detaljhandel
837 630 11 35 i
877 630 105 48 varje
1010 630 65 36 fall
1104 630 82 37 icke
1213 630 103 49 finge
1344 631 163 37 tilldelas
1536 631 89 37 flera
1654 631 116 50 bolag
1797 637 48 31 än

245 694 80 24 som
354 681 121 36 under
503 683 40 34 år
573 682 97 35 1918
700 687 132 31 utövat
861 681 117 37 sådan
1006 681 194 50 rättighet.

373 733 17 35 I
431 733 208 48 anledning
668 747 46 22 av
743 733 163 36 nämnda
934 734 235 48 proposition
1199 734 253 37 framställdes
1480 735 12 35 i
1521 736 243 49 motionsväg
1791 739 54 33 åt-

245 785 153 48 skilliga
438 784 207 49 yrkanden.
702 785 119 36 Bland
863 792 116 29 annat
1019 785 187 49 föreslogs
1234 786 11 35 i
1274 789 62 33 två
1373 786 243 50 likalydande
1646 788 197 47 motioner,

244 836 113 36 I:192
400 850 46 22 av
481 836 85 36 herr
594 836 47 36 K.
671 837 44 35 A.
745 837 134 36 Nilson
908 851 49 22 m.
986 837 36 35 fl.
1052 837 70 36 och
1151 837 133 36 II:440
1315 851 46 23 av
1389 838 129 37 herrar
1546 839 200 48 Moberger
1774 840 70 36 och

245 888 170 47 Hamrin,
444 901 45 23 en
517 888 222 49 ytterligare
767 888 263 49 begränsning
1058 903 46 22 av
1131 889 182 48 bolagens
1342 890 142 36 länsvis
1514 891 198 48 reglerade
1732 892 112 46 antal,

244 939 260 37 innefattande
533 945 54 31 att
615 944 76 32 rätt
718 940 56 35 till
803 940 256 48 detaljhandel
1087 940 84 37 icke
1199 941 121 36 skulle
1348 942 102 35 inom
1474 945 119 46 något
1612 943 62 36 län
1694 943 38 36 få
1751 956 93 36 upp-

244 992 94 36 låtas
367 991 56 36 till
453 996 117 32 större
600 992 102 36 antal
730 992 116 49 bolag
873 997 47 31 än
949 1005 80 24 som
1060 993 239 36 motsvarade
1328 1000 54 29 ett
1411 993 113 50 bolag
1552 994 59 36 för
1635 995 105 49 varje
1759 995 85 36 fullt

245 1044 209 47 50,000-tal
496 1057 46 22 av
583 1044 121 36 länets
747 1043 224 50 folkmängd
1013 1044 64 36 vid
1119 1047 196 46 utgången
1345 1059 45 22 av
1420 1047 79 35 året
1526 1046 81 37 före
1636 1047 64 36 det
1728 1046 117 37 under

244 1095 116 37 vilket
402 1095 216 49 ansökning
659 1109 61 23 om
750 1095 106 50 dylik
883 1101 75 31 rätt
986 1101 129 31 senast
1142 1096 84 37 bort
1249 1097 153 48 ingivas
1431 1097 70 37 och
1530 1099 11 35 i
1569 1098 95 37 intet
1693 1099 66 36 fall
1788 1099 57 36 till

244 1147 91 37 flera
362 1147 116 49 bolag
506 1153 47 30 än
582 1160 82 23 som
693 1147 120 37 under
841 1150 41 33 år
913 1149 97 35 1918
1040 1147 101 47 eller,
1171 1148 66 36 där
1265 1149 266 49 ansökningen
1552 1153 139 45 avsåge
1711 1164 134 23 senare

244 1202 40 33 år
311 1203 49 32 än
391 1201 110 44 1919,
529 1199 120 36 under
678 1199 62 36 det
768 1199 347 49 nästförutgångna
1140 1202 79 34 året
1238 1200 101 36 inom
1361 1201 103 36 länet
1482 1206 133 32 utövat
1633 1202 106 49 dylik
1757 1207 85 32 rätt.

371 1250 134 49 Enligt
533 1251 140 47 Kungl.
705 1250 126 49 Maj:ts
859 1251 249 36 omförmälda
1137 1251 147 48 förslag
1305 1252 120 36 skulle
1446 1253 58 36 för
1523 1256 40 33 år
1586 1255 98 35 1919
1705 1254 139 47 högsta

245 1303 141 35 antalet
427 1302 367 49 försäljningsbolag
836 1303 102 35 inom
976 1302 85 37 hela
1087 1303 98 36 riket
1213 1308 137 31 stanna
1378 1303 62 36 vid
1470 1306 57 35 94.
1583 1305 14 35 I
1622 1305 221 47 jämförelse

243 1353 84 37 med
355 1353 64 37 det
447 1355 102 35 antal
578 1353 126 49 bolag,
733 1367 81 23 som
844 1354 119 36 under
991 1357 41 33 år
1063 1355 97 36 1918
1189 1354 162 37 utövade
1380 1355 256 49 detaljhandel
1657 1357 85 36 med
1761 1370 82 23 rus-

243 1405 170 49 drycker,
456 1405 133 48 skulle,
628 1405 121 49 enligt
789 1406 72 36 vad
894 1405 11 36 i
934 1406 284 49 propositionen
1248 1406 249 47 meddelades,
1527 1408 72 36 den
1628 1408 216 48 föreslagna

243 1457 330 49 inskränkningen
600 1456 154 37 komma
782 1464 53 30 att
863 1457 142 37 drabba
1034 1460 46 34 32
1110 1457 127 50 bolag,
1265 1471 117 24 varav
1413 1461 46 34 14
1488 1460 11 35 i
1527 1460 214 36 Malmöhus
1769 1461 73 46 län,

245 1510 20 35 6
294 1509 12 36 i
335 1508 240 37 Stockholms
604 1509 75 45 län,
711 1511 21 33 3
761 1509 11 35 i
801 1509 174 37 vartdera
1003 1523 46 22 av
1078 1508 317 39 Södermanlands
1416 1511 69 36 och
1507 1510 240 51 Skaraborgs
1768 1512 74 46 län,

244 1563 22 33 2
307 1561 12 35 i
360 1560 176 37 vartdera
578 1574 46 22 av
666 1561 154 36 Kalmar
861 1561 70 36 och
958 1561 183 36 Hallands
1170 1562 61 35 län
1260 1562 70 36 och
1363 1565 16 33 1
1411 1563 115 49 bolag
1554 1564 11 35 i
1593 1564 176 36 vartdera
1797 1577 46 23 av

243 1611 184 50 Blekinge
468 1613 71 35 och
581 1612 274 37 Kristianstads
896 1613 73 36 län.
1025 1613 87 36 Med
1141 1613 232 49 hänvisning
1400 1614 128 36 härtill
1556 1615 247 37 hemställdes
1832 1616 11 35 i

243 1663 118 36 andra
403 1664 186 36 motioner
630 1677 60 23 om
733 1664 139 36 sådana
914 1664 206 48 ändringar
1152 1665 12 35 i
1192 1665 140 48 Kungl.
1362 1666 128 47 Maj:ts
1520 1666 154 49 förslag,
1703 1680 140 35 genom

244 1715 99 36 vilka
384 1715 45 35 de
469 1714 236 49 rubbningar
740 1716 12 34 i
780 1715 205 37 bestående
1015 1715 275 47 förhållanden,
1319 1729 80 24 som
1430 1730 89 24 vore
1547 1718 182 37 förenade
1757 1719 85 35 med

242 1766 236 48 indragning
506 1780 46 22 av
578 1766 380 50 försäljningsbolag,
986 1767 127 36 kunde
1140 1767 197 37 undvikas.

371 1818 16 35 I
430 1818 223 48 anslutning
693 1818 55 36 till
789 1819 73 35 vad
895 1818 159 37 sålunda
1083 1819 215 37 hemställts
1326 1820 199 36 förordade
1554 1819 288 50 bevillningsut-

242 1869 143 37 skottet
413 1869 134 37 sådant
575 1870 138 48 tillägg
742 1869 57 37 till
827 1870 74 36 den
930 1884 46 22 av
1004 1870 142 50 Kungl.
1169 1870 108 50 Maj:t
1296 1871 217 49 föreslagna
1532 1871 311 49 begränsningen

242 1921 56 36 till
330 1927 53 30 ett
411 1921 115 49 bolag
554 1921 56 36 för
636 1922 105 48 varje
770 1922 176 48 påbörjat
974 1922 295 37 femtiotusental
1298 1936 45 23 av
1372 1923 120 37 länets
1521 1923 238 49 folkmängd,
1788 1928 55 31 att

241 1978 75 31 rätt
344 1973 56 36 till
429 1973 256 48 detaljhandel
715 1974 84 35 med
827 1973 227 48 rusdrycker
1082 1974 11 35 i
1122 1974 104 47 varje
1255 1974 64 36 fall
1349 1975 121 36 skulle
1498 1975 129 36 kunna
1650 1974 191 37 meddelas

241 2024 115 47 bolag
385 2023 55 37 till
468 2037 144 23 samma
642 2025 101 35 antal
772 2038 80 23 som
882 2025 121 36 under
1031 2029 40 32 år
1102 2027 97 34 1918
1227 2026 102 35 inom
1349 2026 100 36 länet
1467 2030 133 32 utövat
1618 2026 225 48 rättigheter

242 2075 55 35 till
325 2075 257 48 detaljhandel
611 2076 84 35 med
724 2075 197 37 brännvin.
976 2076 108 35 Inom
1113 2076 416 49 bevillningsutskottet
1556 2080 168 45 avgåvos
1752 2077 90 37 flera

242 2126 285 46 reservationer,
569 2140 47 22 av
662 2127 103 35 vilka
792 2140 46 23 en
867 2129 120 46 avsåg
1015 2126 106 37 bifall
1151 2127 55 36 till
1235 2128 265 36 ovannämnda
1528 2141 47 23 av
1604 2129 87 35 herr
1719 2128 47 36 K.
1796 2130 43 34 A.

242 2176 134 37 Nilson
413 2191 48 22 m.
497 2177 36 36 fl.
563 2183 97 30 samt
688 2178 131 36 herrar
847 2177 201 49 Moberger
1077 2178 68 37 och
1175 2178 158 36 Hamrin
1362 2179 133 36 väckta
1523 2179 201 44 motioner;
1754 2180 11 35 i
1795 2193 45 22 en

243 2241 124 23 annan
395 2229 228 36 reservation
653 2229 163 48 yrkades
846 2230 131 48 avslag
1004 2232 49 46 på
1082 2230 142 47 Kungl.
1255 2229 126 49 Maj:ts
1411 2230 246 49 proposition.
