2162 2624
705 177 360 42 Bevillningsutskottets
1087 177 195 32 betänkande
1305 178 53 31 Nr
1379 180 53 29 29.
1762 179 38 31 17

830 309 64 25 1917
1111 309 67 24 1918
1392 310 66 24 1919
1669 310 68 25 1920

274 420 98 27 Nacka
411 420 311 35 utskänkningsaktie-
999 387 3 46 |
1584 422 73 27 utsk.
1677 432 36 17 av
1731 423 48 25 vin
1798 432 24 16 o.

310 455 84 35 bolag
721 472 1 9 |
1688 458 27 25 öl

274 507 307 36 Systemaktiebolaget!
603 509 8 25 i
636 507 86 33 Salt-
745 507 72 27 utsk.
838 516 34 17 av
891 506 89 27 rusdr.
998 502 13 47 |
1023 508 73 27 utsk.
1118 518 34 16 av
1172 508 89 27 rusdr.
1280 512 2 32 |
1305 509 73 27 utsk.
1399 519 35 16 av
1453 509 88 27 rusdr.
1556 502 16 47 |
1583 509 74 27 utsk.
1677 518 35 17 av
1731 509 87 27 rusdr.

309 542 136 36 sjöbaden

378 595 131 33 Uppsala
528 596 62 26 län.

273 646 314 36 Sprithandelsbolaget
606 649 7 24 i
635 648 87 35 Upp-
720 641 15 46 |
759 648 67 24 utm.
845 655 23 17 o.
889 645 66 27 utsk
1040 649 66 25 utm.
1126 657 24 17 o.
1171 647 65 27 utsk
1321 650 66 25 utm.
1408 658 24 17 o.
1451 648 74 28 utsk.
1602 651 65 25 utm.
1687 659 23 16 o.
1730 649 74 27 utsk.

308 682 62 27 sala
790 690 34 17 av
843 680 88 28 rusdr.
1070 692 35 17 av
1123 682 89 27 rusdr.
1350 693 34 17 av
1403 684 90 27 rusdr.
1629 693 35 17 av
1684 684 88 27 rusdr.

273 734 226 36 Systembolaget
518 736 9 25 i
545 735 150 36 Enköping
719 736 3 48 |
850 744 11 12 »
1130 745 12 14 »
1410 747 12 13 >
1560 760 2 8 |

312 804 262 28 Södermanlands
592 806 61 25 län.
1559 836 3 12 |

271 856 167 36 Nyköpings
488 857 217 36 utskänknings-
848 867 13 13 >
1129 867 12 13 »

307 892 164 35 aktiebolag

272 944 30 27 F.
323 944 31 27 U.
378 944 178 27 Badhotellet
576 946 10 25 i
605 944 100 27 Oxelö-
718 920 3 52 |
847 958 32 3 =
1128 959 31 3 =
1293 944 74 27 utsk.
1378 954 35 17 av
1424 947 46 25 vin
1483 955 25 17 o.
1519 946 26 26 öl
1556 940 12 45 |
1573 945 74 27 utsk.
1661 955 35 16 av
1708 945 45 27 vin
1764 955 23 17 o.
1799 946 25 26 öl

308 989 13 14 >
393 979 72 27 sund
718 1004 3 16 |

308 1044 12 12 >
376 1032 259 35 Järnvägshotellet
697 1033 7 25 i
847 1028 34 43 NE
1128 1046 31 3 —
1409 1042 12 13 >

396 1067 162 27 Oxelösund
1558 1091 3 13 |

271 1119 165 27 Eskilsluna
454 1129 56 26 nya
527 1119 179 37 spritförsälj-
722 1113 13 47 |
758 1119 65 25 utm.
844 1127 24 17 o.
890 1117 72 28 utsk.
1038 1120 67 25 utm.
1126 1128 23 17 o.
1170 1118 64 27 utsk
1320 1121 65 25 utm.
1406 1129 25 18 o.
1451 1120 73 27 utsk.
1600 1121 66 24 ulm.
1686 1128 24 17 o.
1730 1119 74 26 utsk.

306 1154 168 36 ningsbolag
788 1162 34 18 av
841 1153 88 27 rusdr.
997 1168 2 16 |
1031 1148 12 44 —
1067 1163 35 17 av
1120 1153 89 27 rusdr.
1349 1164 35 16 av
1403 1156 89 26 rusdr.
1630 1164 34 16 av
1683 1154 89 26 rusdr.

271 1207 228 36 Systembolaget
517 1209 8 24 i
545 1207 149 27 Torshälla
717 1224 3 32 |
851 1216 9 12 >
1128 1215 12 14 2
1408 1218 13 13 >

271 1259 158 36 Strängnäs
448 1259 192 35 systembolag
847 1267 12 13 »
1688 1268 13 12 >
1838 1216 3 109 |

270 1307 162 45 Mariefreds
443 1312 262 35 spritförsäljnings-
1408 1322 12 14 »

306 1347 84 35 bolag
1558 1344 2 12 |
1836 1329 4 47 |

270 1399 228 35 Systembolaget
515 1400 9 25 i
543 1399 89 26 Trosa
847 1407 12 13 »
1836 1400 4 52 |

270 1451 210 36 Malmköpings
499 1461 56 26 nya
574 1451 96 35 spritb.
847 1459 12 13 »
1407 1463 12 12 >
1557 1472 2 32 |
1835 1460 4 60 |

330 1518 221 37 Östergötlands
568 1522 61 26 län.
1557 1516 2 28 |

269 1573 173 36 Linköpings
468 1576 66 24 utm.
558 1574 52 26 och
629 1573 74 27 utsk.
846 1581 13 13 >
1127 1582 12 13 »
1277 1592 2 8 i
1406 1584 13 13 >
1556 1560 3 22 |

305 1608 84 36 bolag

269 1660 195 35 Norrköpings
491 1663 66 24 utm.
586 1661 53 26 och
663 1662 40 25 ut-
845 1668 13 13 >
1407 1671 12 13 »

305 1695 340 35 skänkningsaktiebolag
1557 1694 1 26 |

269 1747 29 26 F.
320 1747 32 27 U.
372 1747 167 27 Arkösunds
558 1747 88 27 hotell
844 1759 31 3 —
1124 1760 31 3 =
1404 1762 31 3 —
1555 1748 3 44 |
1570 1745 74 26 utsk.
1658 1754 34 17 av
1704 1747 46 25 vin
1760 1754 23 17 o.
1796 1745 26 26 öl

298 1809 12 13 »
366 1798 165 27 Norsholms
556 1799 146 36 järnvägs-
843 1811 32 2 —
1124 1795 37 43 EN
1290 1798 73 27 utsk.
1377 1808 36 17 av
1424 1800 45 25 vin
1481 1808 22 16 o.
1515 1798 27 27 öl
1555 1793 3 27 |
1686 1808 12 11 »

392 1835 105 26 station

297 1896 13 13 >
366 1886 170 27 Stadshuset
553 1887 9 25 i
576 1886 126 27 Katrine-
843 1899 32 2 —
1121 1882 35 43 SS
1405 1901 31 3 —

393 1921 74 26 holm
715 1952 2 8 |

269 1972 225 36 Systembolaget
548 1974 8 25 i
605 1964 112 40 Söder.
712 1960 14 53 |
755 1972 65 25 utm.
841 1980 23 17 o.
885 1970 66 27 utsk
1036 1972 67 25 utm.
1123 1981 23 16 o.
1167 1971 72 26 utsk.
1318 1973 65 25 utm,.
1404 1982 24 16 o.
1447 1972 73 27 utsk.
1596 1974 66 24 utm,
1683 1982 25 16 o.
1727 1971 73 27 utsk.

305 2007 105 36 köping
784 2015 35 17 av
837 2005 88 26 rusdr.
1064 2015 35 16 av
1118 2006 87 26 rusdr.
1345 2016 35 17 av
1398 2007 89 27 rusdr.
1625 2015 35 17 av
1679 2006 87 27 rusdr.

270 2059 226 35 Systembolaget
515 2061 9 25 i
544 2059 106 27 Motala
1407 2072 11 8 »
1686 2068 12 12 >
1835 2088 2 7 |

269 2111 30 26 F.
319 2111 33 26 U.
371 2110 110 27 Medevi
499 2111 177 36 brunnspark
844 2124 30 3 =
1124 2125 31 4 —
1300 2110 72 26 utsk.
1392 2120 35 16 av
1446 2110 89 26 rusdr.
1555 2104 3 53 I
1579 2110 73 26 utsk.
1673 2119 34 17 av
1726 2110 87 27 rusdr.

269 2162 145 27 Vadstena
440 2164 66 25 ulm.
536 2162 52 27 och
618 2163 83 27 utsk.-
714 2176 3 36 |
757 2163 65 24 utm.
842 2171 23 16 o.
886 2160 73 27 utsk.
993 2152 3 52 I
1036 2163 65 25 utm.
1123 2171 22 16 o.
1166 2161 65 27 utsk
1316 2164 67 24 ultm.
1403 2171 24 17 o.
1447 2162 74 26 utsk.
1596 2164 67 24 utm.
1683 2172 24 16 o.
1727 2162 74 26 ulsk.
1834 2158 3 31 |

304 2197 85 34 bolag
714 2224 3 12 |
787 2205 34 17 av
840 2196 88 27 rusdr.
1065 2206 34 16 av
1118 2197 88 26 rusdr.
1346 2206 34 17 av
1400 2197 89 26 rusdr.
1625 2206 34 17 av
1678 2197 88 26 rusdr.
1792 2193 15 43 =
1834 2208 3 21 7

271 2250 28 26 F.
320 2250 32 26 U.
372 2249 264 35 Järnvägshotellet,
715 2272 2 24 |
843 2246 37 43 NN
1290 2248 73 28 utsk.
1377 2258 34 17 av
1422 2248 47 28 vin
1480 2259 24 17 o.
1516 2249 26 26 öl
1571 2250 72 27 utsk.
1658 2259 34 17 av
1704 2251 44 25 vin
1760 2259 23 16 o.
1796 2249 25 26 öl

305 2285 186 26 Hästholmen
716 2308 2 8 |

247 2330 127 40 Bihung
397 2330 48 31 till
466 2329 186 40 riksdagens
673 2329 154 40 protokoll
851 2329 94 32 1920.
993 2329 20 30 7
1036 2329 89 30 saml.
1172 2329 42 31 21
1238 2329 80 40 häft.
1365 2329 67 39 (Nr
1454 2328 66 42 29.)
1776 2329 19 31 3
