2226 2636
389 209 25 31 2
569 206 118 32 Andra
710 205 214 32 Kammarens
951 202 182 41 Tillfälliga
1164 201 136 33 Utskotts
1321 198 77 43 (N:o
1423 197 32 43 1)
1487 197 170 33 Utlåtande
1680 196 61 32 N:o
1763 197 53 30 19.

390 292 46 45 på
478 288 154 36 förhand
675 285 189 49 uppgjord,
908 282 221 49 exempelvis
1173 282 54 35 för
1262 283 52 33 ett
1342 280 93 35 halft
1463 282 39 32 år
1529 278 13 36 i
1571 278 131 35 sänder
1730 275 178 49 gällande,
1939 274 40 35 af

388 341 272 39 vederbörande
689 339 214 49 myndighet
931 337 184 49 granskad
1144 336 65 35 och
1238 333 172 49 godkänd
1438 332 177 47 resplan.>

497 431 71 36 Till
608 428 82 38 stöd
730 429 55 36 för
826 427 100 37 detta
967 425 164 50 yrkande
1160 424 102 37 anför
1290 423 225 36 motionären
1543 419 227 47 väsentligen
1799 417 176 48 följande:

503 501 119 37 »Tack
651 513 84 24 vare
762 498 117 37 nitisk
906 497 222 38 omvårdnad
1148 497 40 35 af
1203 497 278 45 statsmagterna
1500 493 13 35 i
1532 491 171 47 förening
1722 491 81 34 med
1823 489 154 46 mången

389 557 98 48 gång
526 556 163 35 känbara
729 552 252 49 uppoffringar
1022 552 40 35 af
1099 551 262 35 kommunerna
1403 549 66 34 har
1509 549 88 34 våra
1639 546 130 46 dagars
1797 541 181 38 folkskola

390 611 83 35 med
515 609 56 37 sin
613 608 155 36 erkändt
801 607 95 47 goda
937 605 66 37 och
1045 607 296 44 samvetsgranna
1382 600 185 37 lärarekår
1593 602 81 32 nått
1701 610 45 23 en
1774 596 98 48 höjd,
1903 608 74 24 som

391 676 85 24 man
503 664 59 36 väl
588 661 220 50 näppeligen
836 660 138 47 vågade
997 659 151 48 hoppas,
1170 658 44 35 då
1238 659 97 33 1842
1357 658 57 33 års
1435 653 309 46 folkskolestadga
1763 653 65 44 såg
1847 650 128 46 dagen.

391 718 88 36 Men
519 717 97 36 inom
660 716 68 35 alla
768 715 183 43 områden,
994 712 30 49 ej
1069 712 113 35 minst
1218 711 72 44 det,
1320 722 75 23 som
1424 714 59 30 rör
1510 707 216 48 uppfostran
1754 705 67 35 och
1849 704 129 35 under-

392 770 159 48 visning,
593 770 115 48 gäller
736 769 60 36 det
823 767 83 37 icke
942 769 53 33 att
1029 765 137 37 belåtet
1208 765 51 36 slå
1302 763 58 48 sig
1387 761 58 38 till
1472 774 39 24 ro
1540 764 90 33 utan
1659 758 153 49 alltjemt
1840 757 139 36 sträfva

393 826 140 35 framåt.

500 878 60 36 En
588 876 138 48 mägtig
753 875 173 46 häfstång
954 873 57 37 till
1038 872 216 49 ytterligare
1282 869 163 50 lyftning
1473 869 39 35 af
1537 868 63 36 vår
1630 863 350 48 folkskolebildning

393 938 41 30 är
475 932 61 36 det
576 931 60 36 väl
675 930 70 36 alla
772 929 237 36 skolvänners
1036 927 98 47 hopp
1164 926 66 36 och
1253 928 68 41 tro,
1351 926 54 33 att
1432 922 37 37 vi
1497 934 66 36 ega
1591 920 55 37 uti
1675 922 85 34 våra
1788 917 191 36 folkskole-

393 986 240 47 inspektörer,
677 983 127 37 hvilka
841 982 54 49 ju,
935 980 147 50 jemlikt
1124 980 57 36 sin
1222 976 239 46 instruktion,
1499 975 111 36 hafva
1646 973 110 37 bland
1784 974 112 33 annat
1924 971 56 47 sig

394 1040 138 47 ålagdt:
581 1040 75 34 »att
696 1037 97 36 inom
841 1036 65 36 det
945 1035 132 36 honom
1115 1031 234 38 anförtrodda
1377 1030 144 36 område
1549 1029 83 35 med
1659 1021 322 57 uppmärksamhet

394 1093 88 49 följa
510 1091 76 46 allt,
616 1091 98 36 hvad
737 1090 57 36 till
813 1086 391 47 folkundervisningen
1223 1086 116 43 hörer,
1360 1083 138 36 besöka
1517 1081 223 37 dervarande
1759 1080 110 46 högre
1890 1078 89 36 folk-

394 1146 132 44 skolor,
556 1144 201 37 folkskolor
779 1143 68 36 och
876 1140 208 45 småskolor,
1115 1140 162 35 inhemta
1304 1137 206 36 kännedom
1539 1148 56 23 om
1626 1136 103 34 deras
1757 1133 132 36 brister
1915 1132 65 36 och

394 1200 120 45 behof,
544 1199 95 37 vaka
667 1198 104 36 öfver
795 1199 53 34 att
871 1195 166 48 gällande
1057 1193 257 46 författningar
1332 1191 153 35 rörande
1504 1187 353 38 folkskoleväsendet
1876 1186 104 35 efter-

393 1254 128 45 lefvas,
562 1255 94 33 samt
698 1251 87 36 söka
824 1249 178 49 befrämja
1035 1246 373 38 folkskoleväsendets
1435 1243 226 46 utveckling,
1690 1241 63 37 vid
1780 1239 161 37 besöken
1968 1237 14 37 i

396 1308 167 36 skolorna
582 1310 86 43 taga
687 1316 188 36 noggrann
895 1303 203 36 kännedom
1124 1314 57 23 om
1201 1299 252 48 anordningen
1472 1297 39 36 af
1527 1296 128 36 skolan
1674 1295 66 36 och
1759 1293 220 47 läroplanen,

396 1359 314 48 undervisningen
744 1358 66 36 och
845 1357 216 46 ordningen,
1092 1355 136 36 vården
1257 1366 57 23 om
1342 1353 157 35 barnens
1527 1351 115 43 seder,
1673 1342 307 54 gsundhetsförhål-

396 1415 134 36 landen
569 1414 68 36 och
680 1413 74 44 allt,
797 1420 77 28 som
907 1411 13 35 i
948 1410 110 47 öfrigt
1086 1411 115 45 angår
1229 1406 265 44 skolväsendet,
1524 1411 94 29 samt
1645 1403 100 47 gifva
1772 1402 115 35 lärare
1915 1399 67 37 och

396 1468 203 37 lärarinnor
625 1466 134 47 nödiga
786 1465 65 36 råd
879 1465 68 37 och
975 1462 237 48 anvisningar
1239 1461 13 36 i
1280 1462 104 34 dessa
1411 1458 270 36 hänseenden>.

505 1522 111 36 Detta
650 1532 109 36 gagn,
786 1531 77 24 som
892 1518 13 36 i
933 1518 66 36 och
1026 1517 83 35 med
1137 1512 454 49 folkskoleinspektionens
1621 1508 270 38 framträdande
1920 1519 63 24 var

399 1576 118 37 afsedt
557 1578 54 34 att
652 1575 144 35 komma
829 1575 66 34 vår
923 1571 181 37 folkskola
1131 1569 60 37 till
1218 1569 103 47 godo,
1350 1568 68 35 har
1446 1565 92 37 dock
1565 1568 126 45 tyvärr
1718 1563 13 35 i
1759 1565 132 44 många
1919 1560 64 36 fall

398 1630 97 38 visat
521 1629 57 48 sig
604 1640 89 25 vara
720 1626 139 48 ganska
886 1626 116 46 ringa,
1031 1623 181 37 beroende
1240 1625 46 45 på
1314 1622 62 35 det
1402 1624 78 40 sätt,
1507 1620 139 45 hvarpå
1666 1619 119 34 denna
1804 1615 181 37 välmenta

399 1682 208 38 institution
644 1682 14 35 i
693 1680 198 50 praktiken
918 1679 208 46 tillämpats.
1185 1676 71 35 Till
1283 1674 228 48 inspektörer
1538 1673 47 35 ha
1613 1671 183 47 nemligen
1824 1681 75 24 som
1927 1668 57 35 be-

399 1736 133 37 kant.
526 1720 22 68 i
558 1735 148 49 mycket
733 1738 73 33 stor
833 1731 257 47 utsträckning
1118 1730 203 36 förordnats
1349 1739 184 37 personer,
1563 1725 130 37 hvilka
1712 1724 77 36 dels
1809 1724 40 35 af
1864 1734 120 24 annan

400 1790 180 37 ordinarie
615 1789 115 49 tjenst
756 1787 95 38 varit
875 1786 177 36 hindrade
1082 1787 54 34 att
1164 1784 77 35 helt
1268 1794 94 36 egna
1391 1781 56 47 sig
1474 1783 37 33 åt
1539 1780 100 35 detta
1667 1775 318 50 magtpåliggande

401 1844 88 45 kall,
519 1844 76 35 dels
624 1842 69 37 ock
721 1842 31 48 ej
783 1853 113 36 gerna
924 1840 125 35 kunna
1077 1838 113 36 hafva
1217 1839 135 33 ansetts
1381 1835 132 36 besitta
1541 1834 71 34 den
1631 1830 246 50 pedagogiska
1896 1829 89 35 kun-

401 1898 92 47 skap
530 1897 67 36 och
625 1896 218 43 erfarenhet,
874 1906 74 24 som
978 1893 55 35 för
1060 1893 101 34 detta
1188 1890 83 37 värf
1295 1889 82 36 med
1405 1886 273 47 nödvändighet
1705 1885 147 44 tarfvas,
1882 1884 103 34 hvar-

401 1951 157 36 förutom
594 1949 167 50 grundad
798 1947 198 47 anledning
1023 1945 58 36 till
1109 1943 243 47 anmärkning
1380 1945 75 33 mot
1481 1943 131 44 många
1640 1939 246 47 inspektörers
1915 1938 72 34 sätt

402 2008 55 34 att
483 2004 163 48 företaga
669 2003 57 36 sin
754 2002 39 37 af
817 2004 120 34 staten
963 1999 198 37 bekostade
1190 1996 326 49 inspektionsresor
1543 1994 76 36 ofta
1647 1991 239 38 förekommit.

508 2057 237 48 Klagomålen
772 2056 101 36 öfver
901 2055 70 35 den
998 2053 105 47 ringa
1131 2050 267 38 effektiviteten
1426 2050 40 34 af
1490 2061 46 23 en
1563 2046 223 48 inspektion,
1816 2057 75 24 som
1920 2045 68 34 tett

403 2112 68 37 och
498 2111 223 36 fortfarande
749 2109 13 36 i
788 2107 211 38 hufvudsak
1017 2110 56 32 ter
1092 2106 59 48 sig
1169 2108 45 45 på
1233 2107 70 33 sätt
1322 2104 110 36 ofvan
1450 2101 186 44 nämndes,
1658 2106 59 30 äro
1736 2099 67 36 ock
1822 2098 165 37 hvarken

403 2178 74 36 nya
517 2163 88 37 eller
646 2164 48 44 få,
737 2162 131 36 liksom
905 2162 45 35 de
978 2160 31 49 ej
1040 2159 115 36 heller
1183 2157 197 37 förskrifva
1408 2156 58 48 sig
1493 2156 81 35 från
1601 2154 88 44 håll,
1719 2154 63 34 der
1809 2164 85 23 man
1922 2151 67 35 har

403 2219 134 36 minsta
564 2217 201 47 anledning
790 2218 134 45 antaga
952 2212 262 49 klandersjuka
1241 2223 86 24 vara
1356 2211 104 35 deras
1488 2206 320 48 bevekelsegrund.
1851 2206 19 35 I
1890 2206 99 35 detta

404 2273 101 35 fallet
532 2272 56 34 må
616 2270 174 37 särskildt
817 2269 160 48 påpekas
997 2267 207 36 dåvarande
1222 2265 148 36 chefens
1389 2264 56 35 för
1465 2259 524 49 ecklesiastikdepartementet
