1850 2782
537 154 286 31 Statsutskottets
849 152 178 30 utlåtande
1053 161 43 20 nr
1123 150 52 30 64.
1595 152 18 30 3

789 430 58 39 Nr
874 429 61 40 64.

332 551 184 30 Utlåtande
547 551 10 28 i
586 549 188 39 anledning
803 558 42 20 av
873 547 126 40 Kungl.
1030 546 126 40 Maj:ts
1186 544 215 41 proposition
1432 541 179 40 angående

552 601 201 30 överlåtelse
769 610 44 21 av
830 601 89 29 vissa
936 600 136 29 kronan
1091 597 174 39 tillhöriga
1281 595 206 42 fastigheter
1502 604 46 20 m.
1565 603 46 21 m.

1378 644 72 34 (4:e
1469 643 94 32 avd.)

650 803 115 33 Göta
789 801 290 41 kanalbolag.

157 899 74 33 1:0)
263 896 221 36 Försäljning
510 904 41 20 av
580 895 86 29 visst
692 893 241 31 markområde
958 892 43 36 på
1028 890 251 30 Kanalholmen
1306 889 58 29 vid
1391 887 185 30 Rödesund
1604 886 11 29 i

110 948 206 35 Karlsborgs
340 947 176 29 kommun.
543 945 12 28 I
580 944 261 38 propositionen
867 952 41 20 nr
934 942 38 30 81
1000 942 65 29 har
1089 940 125 39 Kungl.
1240 939 107 39 Maj:t
1377 937 130 41 (punkt
1534 937 28 34 1,
1588 945 25 21 s.

109 998 85 31 2—5
217 1007 42 21 av
279 997 109 39 bilagt
409 996 126 39 utdrag
556 1004 42 21 av
621 992 383 41 statsrådsprotokollet
1025 992 81 29 över
1128 987 484 33 kommunikationsärenden

109 1049 56 31 för
187 1049 67 29 den
277 1048 41 30 29
340 1046 142 41 januari
507 1046 101 35 1954)
637 1044 180 39 föreslagit
839 1043 188 38 riksdagen
1050 1042 50 29 att
1122 1039 211 40 bemyndiga
1355 1038 125 39 Kungl.
1506 1037 107 39 Maj:t

108 1101 52 29 att
181 1099 187 40 godkänna
390 1099 47 28 ett
458 1106 41 21 av
521 1096 86 30 Göta
629 1095 210 39 kanalbolag
860 1094 165 39 ingånget
1046 1091 186 40 köpeavtal
1254 1099 58 21 om
1335 1088 212 40 försäljning
1570 1096 44 21 av

110 1152 49 28 ett
178 1148 247 32 markområde
447 1147 45 40 på
513 1146 255 30 Kanalholmen
790 1145 57 30 vid
871 1143 187 31 Rödesund
1080 1143 11 28 i
1115 1141 207 38 Karlsborgs
1344 1140 182 30 kommun.

156 1252 13 28 I
190 1250 151 31 särskild
364 1248 262 39 framställning
647 1247 118 29 anhöll
785 1246 39 30 A.
845 1245 134 31 Sander
999 1253 45 21 m.
1066 1244 38 40 fl.
1125 1251 167 32 personer
1313 1241 11 29 i
1345 1240 190 40 Karlsborg
1557 1247 58 22 om

111 1302 160 39 åtgärder
290 1301 56 29 för
365 1299 211 40 friköpande
594 1307 42 21 av
655 1297 110 34 mark,
786 1296 119 30 vilken
923 1296 42 29 de
984 1293 232 31 arrenderade
1236 1302 43 21 av
1300 1292 86 30 Göta
1405 1290 210 38 kanalbolag

109 1354 58 31 vid
192 1353 190 30 Rödesund
407 1353 12 29 i
443 1351 208 38 Karlsborgs
678 1350 169 30 kommun
874 1349 64 29 och
965 1357 76 20 som
1067 1347 161 40 utgjorde
1255 1346 55 30 del
1336 1354 42 21 av
1404 1343 212 41 fastigheten

111 1403 150 31 Svanvik
282 1411 42 20 nr
346 1401 29 30 2.
397 1400 154 30 Häröver
573 1406 126 31 avgavs
721 1397 206 30 utlåtanden
949 1405 41 21 av
1011 1394 251 40 länsstyrelsen
1284 1394 11 29 i
1319 1392 214 38 Skaraborgs
1556 1391 59 29 län

111 1453 88 30 efter
225 1452 157 30 hörande
409 1460 41 20 av
478 1449 221 30 direktionen
726 1449 80 29 över
833 1448 85 29 Göta
944 1445 194 31 kanalverk
1167 1444 64 30 och
1258 1443 320 31 överlantmätaren
1604 1441 11 29 i

111 1504 94 30 länet
222 1504 91 29 samt
331 1501 118 30 vidare
466 1510 42 20 av
524 1499 327 38 kammarkollegiet
867 1499 64 28 och
948 1495 303 39 domänstyrelsen
1270 1495 165 29 ävensom
1453 1502 42 20 av
1511 1492 104 39 justi-

111 1552 364 32 tiekanslersämbetet
493 1551 88 29 efter
598 1550 154 29 hörande
770 1558 41 20 av
828 1549 78 38 väg-
924 1547 64 30 och
1005 1543 473 42 vattenbyggnadsstyrelsen
1494 1543 12 29 i
1525 1550 92 22 sam-

113 1605 62 30 råd
201 1604 80 30 med
306 1601 381 38 kommerskollegium.
715 1600 12 29 I
753 1598 204 39 anslutning
983 1598 52 28 till
1060 1596 192 30 innehållet
1277 1595 11 29 i
1316 1595 57 29 det
1398 1603 41 21 av
1463 1593 152 40 justitie-

112 1654 316 32 kanslersämbetet
449 1651 162 30 lämnade
634 1650 195 30 utlåtandet
851 1649 158 40 uppdrog
1031 1647 125 39 Kungl.
1179 1646 106 39 Maj:t
1307 1646 35 29 åt
1366 1644 250 39 länsstyrelsen

113 1708 9 28 i
149 1705 215 38 Skaraborgs
389 1704 58 29 län
472 1704 50 28 att
547 1703 153 38 upptaga
726 1699 266 39 förhandlingar
1018 1698 80 29 med
1123 1698 86 29 Göta
1233 1695 211 39 kanalbolag
1470 1695 66 29 och
1560 1702 56 22 ve-

113 1756 216 30 derbörande
353 1753 334 31 tomtarrendatorer
712 1751 148 30 rörande
883 1749 203 30 överlåtelse
1110 1758 40 20 av
1174 1748 41 29 de
1238 1747 138 33 tomter,
1401 1754 74 21 som
1497 1745 119 29 kunde

113 1807 142 30 komma
279 1806 10 28 i
317 1805 109 39 fråga,
449 1803 122 30 därvid
596 1802 249 39 länsstyrelsen
868 1800 105 29 borde
997 1801 79 36 taga
1101 1798 110 29 under
1235 1796 248 39 övervägande,
1508 1796 109 28 huru-

116 1857 76 30 vida
210 1856 133 40 jämväl
362 1855 129 29 ombud
508 1854 55 29 för
582 1852 258 31 vederbörande
859 1852 170 28 kommun
1048 1849 106 29 borde
1172 1848 113 29 kallas
1305 1847 52 29 till
1376 1846 241 37 förhandling-

114 1917 96 20 arna.
227 1906 184 39 Härjämte
428 1903 197 31 anbefallde
643 1902 125 38 Kungl.
787 1901 106 39 Maj:t
910 1899 249 39 länsstyrelsen
1177 1899 50 29 att
1247 1898 79 29 med
1345 1898 72 37 eget
1436 1896 181 29 utlåtande

114 1956 216 31 underställa
349 1955 124 39 Kungl.
493 1954 106 38 Maj:t
617 1954 56 28 det
690 1951 194 40 köpeavtal,
905 1959 73 21 som
996 1949 119 30 kunde
1135 1949 91 29 bliva
1246 1947 191 40 upprättat,
1456 1946 64 30 och
1540 1946 78 30 där-

116 2009 55 29 vid
189 2007 113 30 tillika
319 2006 180 29 inkomma
519 2004 78 29 med
617 2003 130 38 förslag
765 2002 147 29 rörande
931 2000 253 40 dispositionen
1205 2008 41 20 av
1265 1997 290 40 köpeskillingen.

159 2057 227 31 Beträffande
415 2055 198 40 grunderna
640 2054 53 28 för
720 2054 84 28 Göta
832 2051 227 38 kanalbolags
1084 2051 70 28 rätt
1180 2049 52 29 till
1258 2049 65 29 här
1349 2047 268 39 ifrågavarande

118 2109 98 30 mark
237 2109 136 28 lämnas
396 2108 9 28 i
428 2105 261 41 propositionen
717 2107 41 30 (s.
781 2104 18 28 2
821 2103 64 29 och
906 2102 35 33 3)
967 2102 94 28 vissa
1083 2101 161 28 närmare
1266 2098 265 40 upplysningar.

160 2158 265 38 Länsstyrelsen
449 2157 11 28 i
478 2156 216 37 Skaraborgs
715 2155 56 28 län
793 2154 64 29 har
878 2152 78 29 med
978 2151 167 30 skrivelse
1166 2151 66 29 den
1254 2149 41 30 30
1317 2148 194 40 september
1535 2147 83 29 1953

116 2210 216 29 överlämnat
357 2217 42 19 en
425 2205 263 37 framställning
711 2205 64 28 den
803 2204 40 28 26
871 2211 134 21 samma
1030 2201 130 29 månad
1186 2200 79 29 från
1292 2199 218 30 direktionen
1537 2199 82 28 över

117 2260 84 29 Göta
222 2258 202 35 kanalverk,
445 2265 74 20 som
538 2255 202 29 hemställer
760 2263 56 19 om
839 2252 124 38 Kungl.
986 2251 123 38 Maj:ts
1131 2249 255 40 godkännande
1408 2258 39 20 av
1468 2249 48 27 ett
1537 2248 82 28 mel-

119 2311 54 28 lan
193 2310 135 36 bolaget
349 2307 64 29 och
433 2306 206 37 Karlsborgs
660 2305 168 28 kommun
849 2303 180 38 upprättat
1048 2300 195 39 köpeavtal.

162 2359 133 30 Avtalet
319 2357 145 29 innebär
483 2356 9 28 i
514 2355 196 32 huvudsak,
733 2355 48 27 att
802 2353 134 37 bolaget
958 2351 51 29 till
1031 2351 215 28 kommunen
1268 2349 164 38 försäljer
1453 2349 47 28 ett
1522 2348 96 28 inom

118 2413 214 27 kommunen
355 2407 131 37 beläget
506 2405 142 29 område
668 2413 54 19 om
743 2413 38 20 ca
803 2404 39 28 35
859 2403 61 28 800
941 2401 259 29 kvadratmeter
1221 2400 44 39 på
1287 2399 254 29 Kanalholmen
1562 2398 58 29 vid

119 2459 197 31 Rödesund.
343 2457 164 30 Området
534 2456 100 37 utgör
657 2455 52 28 del
735 2464 41 19 av
801 2453 208 37 fastigheten
1036 2451 149 29 Svanvik
1211 2460 40 19 nr
1277 2450 18 29 2
1325 2449 207 39 (kronojord
1558 2457 63 20 un-
