2228 2614
219 1628 152 23 Utskottets

231 1663 130 30 yttrande.

404 231 19 31 2
902 224 253 32 Statsutskottets
1177 222 164 31 utlåtande
1365 221 51 30 Nr
1443 221 69 29 114.

508 312 239 39 Beträffande
775 311 72 37 den
876 324 44 23 av
938 306 419 53 -departementschefen
1381 306 11 36 i
1413 310 127 32 ämnet
1558 302 172 38 lämnade
1748 300 251 49 utredningen

406 368 56 36 får
490 366 186 37 utskottet
703 363 159 38 hänvisa
889 362 57 36 till
976 360 209 51 åberopade
1213 357 423 50 statsrådsprotokollet.

510 419 17 36 I
569 431 45 23 en
642 430 45 23 av
715 417 84 35 herr
826 416 37 36 J.
892 417 43 34 A.
966 415 197 48 Ingvarson
1192 412 100 36 inom
1321 410 115 37 andra
1464 409 215 36 kammaren
1707 406 111 36 väckt
1846 404 154 47 motion,

406 485 44 22 nr
480 472 87 46 283,
596 469 125 37 vilken
744 467 142 50 jämväl
914 466 108 36 blivit
1049 463 215 39 remitterad
1292 463 57 36 till
1377 461 292 46 statsutskottet,
1693 459 67 35 har
1779 456 222 46 hemställts,

511 524 75 35 dels
626 525 55 33 att
720 520 135 36 flottan
895 517 171 38 tilldelad
1107 515 244 50 värnpliktig,
1390 527 81 24 som
1501 513 97 36 efter
1626 512 72 36 den
1729 512 46 34 31
1801 508 72 51 juli
1905 509 97 35 1915

407 574 276 37 konstituerats
723 571 59 37 till
821 567 430 51 underofficerskorpral
1292 566 90 37 eller
1423 564 154 51 korpral
1617 564 12 36 i
1665 563 154 36 flottans
1859 573 143 33 reserv,

407 632 184 32 ävensom
631 625 133 36 flottan
804 622 169 37 tilldelad
1014 620 128 49 menig
1181 618 237 50 värnpliktig
1458 620 72 44 må,
1569 616 126 36 därest
1722 615 75 36 han
1825 613 95 36 efter
1948 611 55 36 in-

407 679 157 37 kallelse
604 677 57 36 till
701 674 260 50 tjänstgöring
1002 673 120 37 under
1162 685 51 23 nu
1255 670 198 50 pågående
1494 667 260 48 mobilisering
1794 665 87 37 med
1918 668 87 44 gott

407 730 147 38 vitsord
595 728 173 49 fullgjort
808 727 91 37 eller
936 727 170 36 kommer
1144 729 54 32 att
1227 723 163 49 fullgöra
1430 722 119 49 tjänst
1577 719 116 37 minst
1720 731 67 24 sex
1815 715 189 47 månader,

408 783 144 37 erhålla
580 780 160 39 särskild
769 778 230 49 ersättning:

512 831 424 49 underofficerskorpral
977 829 88 38 med
1106 830 47 35 45
1195 828 141 36 kronor
1377 825 11 36 i
1431 824 186 37 månaden
1647 822 57 37 för
1733 821 73 37 den
1833 820 68 48 tid,
1930 819 75 37 han

408 886 226 51 tjänstgjort
661 885 12 36 i
700 884 123 37 denna
851 882 212 49 egenskap;

514 936 152 51 korpral
707 936 86 37 med
838 936 47 35 30
927 935 140 36 kronor
1103 932 12 36 i
1143 931 186 37 månaden
1356 930 60 35 för
1444 929 73 36 den
1545 927 64 43 tid,
1640 926 73 36 han
1743 924 224 49 tjänstgjort
1995 922 12 36 i

410 992 126 36 denna
569 988 206 50 egenskap,
813 987 12 36 i
858 986 71 37 den
958 989 89 33 mån
1076 983 161 37 särskild
1267 981 214 47 ersättning
1518 979 32 49 ej
1581 978 116 37 redan
1725 980 48 46 på
1805 975 126 49 grund
1960 988 46 22 av

410 1044 140 48 nådiga
592 1042 131 36 brevet
760 1040 72 36 den
863 1041 44 33 18
932 1037 85 49 juni
1048 1037 95 36 1915
1172 1034 58 37 till
1258 1034 140 36 honom
1425 1034 137 46 utgått,
1593 1031 12 35 i
1632 1029 119 37 vilket
1780 1041 133 24 senare
1943 1026 65 37 fall

410 1096 75 37 han
528 1093 95 38 skall
650 1098 73 43 äga
752 1096 55 32 att
835 1089 169 50 uppbära
1030 1087 223 50 ytterligare
1285 1087 45 34 10
1359 1085 141 36 kronor
1527 1096 45 37 pr
1600 1081 135 37 månad
1763 1080 59 37 för
1850 1079 74 37 den
1953 1078 54 37 tid

411 1148 74 36 han
515 1144 153 50 åtnjutit
695 1143 107 50 dylik
834 1141 231 48 ersättning;
1100 1144 97 32 samt

515 1197 130 49 menig
685 1193 235 51 värnpliktig
960 1192 88 37 med
1088 1193 45 34 15
1161 1191 143 36 kronor
1331 1189 12 36 i
1372 1186 185 39 månaden
1586 1186 59 37 för
1673 1182 335 52 tjänstgörimgstid

411 1251 100 37 efter
539 1250 74 37 den
642 1249 44 35 31
717 1246 201 38 december
948 1245 114 45 1915;

517 1303 75 36 dels
620 1301 59 37 ock
706 1304 55 33 att
779 1298 218 49 riksdagen,
1028 1296 60 37 för
1115 1293 244 39 bestridande
1388 1305 46 23 av
1462 1289 258 38 kostnaderna
1735 1287 139 43 härför,
1894 1288 115 34 måtte

411 1353 142 50 bevilja
581 1356 48 47 på
658 1353 96 35 1917
784 1354 61 33 års
873 1355 74 32 stat
976 1353 54 32 ett
1058 1345 303 50 förslagsanslag
1389 1357 47 24 av
1465 1343 164 42 215,000
1657 1341 152 46 kronor,
1829 1339 86 36 med
1935 1343 76 31 rätt

414 1408 59 36 för
501 1405 142 49 Kungl.
672 1402 108 49 Maj:t
807 1407 56 32 att
889 1401 116 37 redan
1034 1397 258 39 innevarande
1322 1400 40 32 år
1391 1395 203 50 disponera
1621 1392 190 50 beloppet.

518 1458 127 48 Ifråga
681 1469 60 23 om
779 1455 45 36 de
852 1454 80 37 skäl
960 1452 236 37 motionären
1225 1450 124 36 anfört
1377 1448 54 36 till
1460 1447 83 37 stöd
1572 1446 58 36 för
1657 1445 65 37 sitt
1750 1443 142 49 förslag
1919 1442 92 36 hän-

415 1511 101 37 visas
535 1510 56 36 till
610 1508 202 38 motionen.

518 1613 74 37 Vid
614 1613 95 36 1915
731 1614 60 33 års
810 1609 153 48 riksdag
984 1605 231 39 framställde
1235 1603 141 49 Kungl.
1397 1602 108 50 Maj:t
1525 1601 142 48 förslag
1682 1599 142 47 därom,
1842 1603 54 31 att
1911 1597 99 36 vissa

415 1665 216 48 kategorier
658 1677 47 23 av
733 1661 260 50 värnpliktiga
1021 1659 64 37 vid
1113 1658 145 46 flottan,
1287 1655 102 37 vilka
1416 1658 49 46 på
1484 1659 54 31 ett
1558 1652 152 38 särskilt
1731 1650 187 37 kännbart
1938 1654 74 32 sätt

415 1717 181 38 drabbats
638 1730 45 23 av
724 1713 306 48 mobiliseringen
1068 1732 50 5 —
1145 1709 192 48 nämligen
1367 1708 24 36 f.
1422 1707 34 36 d.
1487 1705 192 50 korpraler
1707 1709 97 31 samt
1831 1703 26 36 f.
1888 1702 35 36 d.
1957 1703 55 34 1:a

416 1771 69 36 och
528 1772 60 34 2:a
627 1769 100 36 klass
752 1767 158 49 sjömän,
940 1778 81 23 som
1051 1763 117 37 under
1196 1760 307 48 mobiliseringen
1531 1757 149 37 bestritt
1708 1755 189 49 korprals-
1926 1754 87 36 eller

417 1821 153 37 därmed
606 1819 188 37 likställda
826 1816 258 49 befattningar
1111 1836 49 5 —
1188 1817 116 33 måtte
1331 1812 118 36 under
1476 1810 101 36 vissa
1604 1808 135 37 villkor
1766 1807 246 37 tillerkännas

417 1888 46 23 en
492 1872 160 38 särskild
681 1870 211 48 ersättning
919 1868 85 37 med
1033 1868 148 48 hänsyn
1199 1866 57 35 till
1277 1864 102 37 såväl
1399 1864 73 35 den
1491 1874 102 24 mera
1613 1859 250 38 ansvarsfulla
1882 1859 130 49 tjänst,

417 1926 46 36 de
491 1926 119 36 under
637 1922 307 49 mobiliseringen
973 1919 184 49 fullgjort,
1189 1931 81 23 som
1290 1916 45 36 de
1355 1913 245 39 ekonomiska
1619 1912 273 50 uppoffringar,
1912 1909 102 37 vilka

418 1978 46 36 de
505 1977 120 36 under
665 1976 56 36 sin
749 1972 275 52 jämförelsevis
1052 1972 112 48 långa
1190 1965 539 51 mobiliseringstjänstgöring
1756 1966 96 33 måst
1880 1961 133 37 under-

417 2030 112 35 kasta
570 2029 69 48 sig.
693 2026 175 38 Nämnda
908 2024 212 48 ersättning
1149 2024 137 46 ansågs
1315 2020 102 47 böra,
1448 2019 57 36 för
1533 2023 54 31 att
1616 2017 70 36 den
1715 2015 120 37 skulle
1864 2014 151 35 komma

419 2087 54 31 att
514 2085 136 43 utgöra
690 2084 53 31 ett
786 2077 160 48 verkligt
987 2075 178 48 vederlag
1202 2074 57 35 för
1301 2072 106 36 dessa
1435 2070 269 50 uppoffringar,
1735 2072 116 31 sättas
1880 2065 56 36 till
1967 2066 47 34 20

419 2135 141 35 kronor
588 2132 55 35 för
670 2129 147 38 månad.
867 2127 237 38 Beträffande
1122 2126 185 36 villkoren
1326 2125 57 36 för
1403 2123 122 36 denna
1545 2120 229 47 ersättnings
1795 2116 220 51 åtnjutande

420 2188 139 46 ansågs
588 2183 173 48 lämpligt
791 2186 53 31 att
870 2179 190 50 uppställa
1089 2178 150 37 fordran
1268 2179 48 46 på
1345 2190 46 22 en
1432 2173 259 51 tjänstgöring
1733 2185 46 23 av
1807 2171 115 36 minst
1951 2182 64 23 sex

419 2236 180 38 månader
638 2236 11 35 i
683 2233 93 50 följd
805 2255 47 3 —
882 2232 33 36 d.
945 2245 34 22 v.
1010 2244 27 23 s.
1068 2236 90 31 utan
1187 2234 114 32 annat
1329 2228 150 36 avbrott
1508 2232 47 30 än
1584 2224 166 47 tillfällig
1777 2221 236 51 permission.

420 2290 56 35 Då
516 2286 209 39 emellertid
767 2288 62 34 två
870 2283 195 37 månaders
1106 2283 116 49 tjänst
1270 2280 124 36 kunde
1427 2292 110 23 anses
1579 2275 188 48 behövlig,
1813 2275 116 35 innan
1971 2286 45 22 en

420 2340 232 50 värnpliktig
693 2352 44 23 av
780 2335 287 51 ifrågavarande
1096 2333 212 49 kategorier
1337 2332 267 36 återförvärvat
1635 2328 114 36 sådan
1780 2324 237 51 yrkesskick-
