2192 2638
452 170 117 32 Första
593 171 202 33 kammarens
817 176 117 30 första
959 175 163 42 tillfälliga
1145 177 132 31 utskotts
1301 177 162 33 utlåtande
1486 179 53 32 Nr
1562 181 29 31 8.
1758 183 18 31 d

357 247 140 32 »Därvid
533 248 60 32 har
631 250 102 40 tagits
766 250 9 32 i
808 253 228 40 övervägande
1070 253 159 34 huruvida
1263 255 72 33 icke
1369 256 101 33 sådan
1493 258 202 42 utbrytning
1722 260 101 32 borde

226 289 170 41 medgivas
417 291 124 40 jämväl
565 292 43 42 på
629 293 147 40 yrkande
799 305 42 21 av
865 296 60 31 den
942 298 363 42 servitutsberättigade
1321 303 126 38 parten.
1487 301 175 33 Önskemål
1678 303 10 31 i
1705 303 117 33 sådant

222 333 87 40 syfte
344 333 85 33 hava
463 335 172 42 försports,
670 338 135 32 särskilt
840 339 71 32 från
943 340 197 33 innehavare
1163 353 41 21 av
1228 346 74 39 torp
1326 345 71 31 med
1420 345 230 33 servitutsrätt
1673 347 20 32 å
1716 350 104 30 stam-

222 376 204 34 hemmanets
454 382 88 38 ägor.
590 380 50 32 Då
663 382 179 32 emellertid
866 383 186 33 ändamålet
1075 385 71 32 med
1171 387 330 43 servitutsavlösning
1524 389 74 33 från
1621 390 198 42 skiftessyn-

221 420 105 41 punkt
360 421 104 33 måste
499 433 95 22 anses
626 435 80 21 vara
738 425 154 33 fredande
916 438 41 21 av
981 428 61 32 den
1066 429 178 33 besvärade
1268 431 199 41 fastigheten
1491 433 72 32 från
1588 434 60 32 den
1672 435 72 32 fara
1767 435 53 33 för

220 464 156 40 vanvård,
411 476 69 21 som
515 469 50 29 ett
596 468 155 32 sambruk
785 469 142 40 innebär,
963 482 97 30 synes
1094 473 194 42 tillräckligt
1321 475 70 32 skäl
1428 476 52 31 för
1514 479 51 30 att
1595 477 138 43 tillägga
1756 479 61 33 den

220 507 365 43 servitutsberättigade
620 512 313 41 avlösningsvitsord
968 515 28 41 ej
1026 516 169 42 föreligga.
1242 518 72 32 Vad
1337 520 136 32 särskilt
1496 521 103 41 angår
1621 523 196 41 torprättig-

219 551 137 33 heterna
389 552 51 32 till
474 553 180 43 skogsfång
688 556 60 32 och
784 557 82 42 bete,
891 558 90 32 vilka
1004 563 56 28 äro
1085 560 39 32 de
1147 561 201 42 ojämförligt
1371 563 155 33 talrikast
1551 565 266 34 förekommande

220 595 116 40 skogs-
372 596 59 32 och
465 597 236 34 betesservitut
734 600 86 32 inom
856 601 74 33 vårt
964 602 84 39 land,
1084 604 105 32 skulle
1211 605 185 34 införandet
1420 618 42 21 av
1485 610 69 30 rätt
1576 608 52 32 för
1650 610 167 42 torpinne-

218 638 144 34 havarne
386 642 51 30 att
459 641 134 41 påkalla
616 642 73 33 dess
713 644 171 42 avlösning
905 645 70 33 helt
998 647 113 32 säkert
1135 648 9 32 i
1165 649 178 33 allmänhet
1359 653 33 29 te
1408 651 52 41 sig
1475 652 51 31 för
1542 653 274 33 stamhemmans-

218 686 121 37 ägarne
363 694 68 21 som
456 694 38 22 en
520 686 171 33 orättvisa.
737 687 15 32 I
775 688 39 32 de
838 689 96 32 flesta
956 690 59 32 fall
1031 690 105 33 skulle
1154 693 186 42 antagligen
1356 696 258 41 torpupplåtelse
1631 697 28 41 ej
1677 698 139 33 kommit

217 726 51 32 till
292 727 104 39 stånd,
422 739 51 21 om
498 728 146 42 köparen
668 730 10 32 i
701 732 113 32 stället
837 732 51 32 för
911 736 51 29 att
984 734 76 40 nöja
1083 735 51 41 sig
1156 737 72 31 med
1245 737 139 33 servitut
1401 739 116 41 begärt
1534 739 34 32 få
1583 742 232 32 motsvarande

217 770 234 40 skogsområde
474 772 73 32 med
571 774 204 40 äganderätt.
822 776 158 33 Intresset
1003 778 51 31 för
1070 779 292 41 torpinnehavaren
1379 785 52 30 att
1447 782 125 33 erhålla
1588 784 227 43 utbrytnings-

216 813 126 33 vitsord
376 815 105 32 skulle
516 827 89 28 vara,
641 817 68 32 dels
744 821 52 30 att
829 820 127 41 skydda
991 821 49 32 sin
1063 822 257 35 husbehovsrätt
1342 828 69 30 mot
1434 828 284 42 överavverkning
1741 829 73 32 från

216 856 308 44 hemmansägarens
547 860 80 39 sida,
652 861 69 32 dels
744 864 52 30 att
819 863 158 33 förskaffa
1000 865 51 41 sig
1074 866 139 42 tillgång
1236 868 49 32 till
1307 869 83 42 skog
1406 870 52 32 för
1473 871 124 32 avsalu.
1632 872 65 32 För
1712 873 102 32 först-

214 901 141 32 nämnda
388 902 138 33 intresse
561 904 87 32 lärer
680 905 107 41 skydd
820 907 109 32 kunna
961 908 115 32 vinnas
1098 921 116 30 genom
1239 913 346 42 avverkningsförbud,
1612 915 60 32 och
1696 916 41 32 då
1760 918 53 31 ut-

214 944 155 42 brytning
401 947 210 41 rättvisligen
645 948 73 33 icke
753 950 65 31 kan
852 951 125 32 tillföra
1008 955 110 39 torpet
1140 965 91 21 mera
1253 955 91 42 skog,
1369 961 41 28 än
1434 968 69 22 som
1528 961 186 30 motsvarar
1737 960 75 32 hus-

215 987 151 40 behovet,
391 990 105 32 skulle
520 992 204 42 avverkning
747 993 50 32 till
822 995 113 32 avsalu
959 995 20 32 å
1003 997 147 32 utbrutet
1166 999 132 32 område
1315 1000 51 32 för
1380 1001 177 32 framtiden
1573 1002 132 42 förtaga
1720 1006 92 40 torp-

213 1031 156 41 lägenhet
403 1033 55 32 det
492 1035 75 31 stöd
589 1035 11 32 i
623 1036 91 40 skog,
751 1048 69 21 som
853 1049 116 31 genom
999 1041 204 40 upplåtelsen
1227 1046 126 30 avsetts
1377 1046 51 31 att
1451 1045 119 33 bereda
1594 1046 69 32 den.
1710 1047 102 33 Kom-

213 1075 117 32 mittén
353 1076 60 32 har
435 1088 42 20 av
501 1078 94 32 dessa
618 1080 141 40 grunder
783 1084 132 31 stannat
939 1083 53 32 vid
1016 1087 52 40 att
1091 1084 120 33 föreslå
1235 1087 124 32 vitsord
1382 1088 51 32 till
1457 1090 193 41 utbrytning
1670 1091 143 33 allenast

212 1119 52 31 för
298 1120 60 31 den
393 1121 178 33 besvärade
606 1123 217 41 fastighetens
858 1130 109 37 ägare.
1013 1129 30 30 Å
1067 1129 101 32 andra
1191 1130 92 32 sidan
1306 1135 37 28 är
1365 1131 61 33 här
1449 1133 118 33 liksom
1592 1134 9 31 i
1628 1136 14 30 IL
1669 1131 142 50 kapitlet

212 1162 162 34 vitsordet
396 1164 174 34 inskränkt
594 1166 48 32 till
667 1167 40 32 de
730 1168 68 39 fall,
823 1169 41 32 då
887 1171 193 42 utbrytning
1103 1173 64 32 kan
1191 1173 58 33 ske
1272 1176 79 31 utan
1374 1176 124 41 någons
1522 1177 160 42 förfång.»

344 1234 71 36 Väl
443 1235 73 36 kan
547 1236 62 36 det
636 1237 240 49 ifrågasättas
905 1240 187 38 huruvida
1119 1243 81 36 icke
1228 1245 392 50 utbrytningsvitsord
1649 1249 10 35 i
1689 1254 121 31 större

212 1284 92 36 eller
332 1285 145 37 mindre
505 1288 267 50 utsträckning
799 1290 116 37 borde
944 1293 244 38 tillerkännas
1212 1296 143 47 jämväl
1375 1298 72 35 den
1469 1299 338 38 servitutsberätti-

210 1336 109 45 gade.
375 1337 16 35 I
433 1338 67 35 sak
543 1352 113 34 synes
698 1341 102 36 detta
841 1356 89 23 vara
959 1357 46 22 av
1033 1345 146 37 mindre
1211 1347 199 49 betydelse,
1441 1350 47 36 då
1516 1351 252 49 markägaren
1796 1353 12 35 i

210 1388 204 37 allmänhet
441 1390 106 36 torde
575 1405 91 22 vara
694 1392 71 36 den
807 1407 47 22 av
898 1395 330 50 kontrahenterna,
1258 1413 80 22 som
1367 1401 69 36 har
1464 1407 138 31 största
1631 1403 180 37 intresset

210 1452 47 22 av
299 1440 371 50 skogsrättighetens
714 1445 211 49 avlösning.
982 1447 73 37 Vid
1098 1449 71 36 den
1207 1451 153 49 slutliga
1388 1453 242 50 prövningen
1660 1468 45 23 av
1733 1455 73 37 den

208 1490 175 38 blivande
411 1492 113 49 lagen
553 1507 61 23 om
643 1495 113 37 skifte
798 1510 46 23 av
880 1498 86 48 jord
1010 1500 96 36 lärer
1141 1503 257 47 nyssnämnda
1427 1506 184 47 spörsmål
1640 1507 167 48 givetvis

208 1542 153 37 komma
389 1544 118 37 under
535 1548 275 47 övervägande.
866 1550 137 49 Någon
1041 1553 132 48 åtgärd
1202 1554 11 35 i
1242 1556 563 51 servitutsutbrytningsfrågan

208 1607 112 36 synes
349 1595 143 37 således
522 1597 82 37 icke
632 1599 59 35 för
719 1602 234 36 närvarande
982 1617 89 22 vara
1101 1604 82 37 från
1212 1606 224 48 riksdagens
1465 1609 82 36 sida
1566 1610 185 48 påkallad.

338 1645 80 37 Vad
448 1648 128 37 vidare
606 1653 118 46 angår
752 1653 254 37 motionärens
1034 1655 223 38 hemställan
1283 1671 59 23 om
1363 1659 443 51 lagstiftningsåtgärder

206 1697 11 35 i
246 1697 98 49 syfte
374 1704 53 29 att
469 1699 137 37 bereda
648 1702 412 50 skogsrättigheternas
1102 1707 226 38 innehavare
1352 1711 120 48 nödig
1499 1713 183 47 trygghet
1709 1721 94 41 gent

206 1755 102 30 emot
336 1750 153 49 intrång
518 1751 82 37 från
631 1754 333 38 stamhemmanets
1007 1763 125 43 ägare,
1176 1762 38 33 så
1257 1761 67 35 har
1352 1763 234 36 motionären
1618 1766 72 34 lika
1726 1767 78 34 litet

204 1813 74 23 som
307 1804 116 33 andra
453 1805 224 35 kammarens
719 1808 132 34 utskott
891 1808 205 49 uppdragit
1129 1813 117 46 några
1274 1812 186 50 riktlinjer
1488 1815 59 35 för
1575 1828 45 23 en
1649 1816 155 50 lösning

205 1852 238 36 härutinnan.
500 1854 73 36 Det
601 1855 106 37 torde
736 1857 108 37 alltså
872 1858 91 37 böra
992 1861 155 36 efterses
1176 1863 10 35 i
1216 1864 71 36 vad
1316 1867 87 33 mån
1432 1879 49 22 nu
1511 1866 176 48 gällande
1720 1869 81 48 lag-

206 1902 280 38 bestämmelser
515 1905 138 37 bereda
682 1909 508 50 avsöndringsinnehavaren
1219 1915 199 49 möjlighet
1446 1922 54 31 att
1527 1923 93 43 göra
1648 1920 58 35 sin
1725 1924 77 32 rätt

202 1954 186 48 gällande.
458 1956 15 35 I
521 1958 135 36 sådant
703 1961 184 37 avseende
929 1964 106 36 torde
1063 1964 90 37 böra
1182 1966 142 37 erinras
1353 1980 58 23 om
1443 1974 55 30 att
1526 1970 72 35 den
1627 1970 56 36 till
1712 1971 88 36 hus-

204 2005 243 50 behovsskog
475 2007 236 51 berättigade
740 2017 40 30 är
808 2026 139 34 genom
976 2015 320 39 servitutsavtalet
1324 2018 172 49 skyddad
1525 2021 10 35 i
1566 2021 234 38 förhållande

203 2056 53 35 till
286 2057 362 39 medkontrahenten
689 2063 91 36 eller
821 2063 70 36 den
935 2078 79 23 som
1045 2067 84 35 med
1159 2068 137 37 honom
1326 2074 41 31 är
1396 2071 75 35 lika
1506 2072 220 37 förbunden.
1783 2073 16 36 I

203 2107 231 37 förhållande
464 2113 80 33 åter
571 2112 55 35 till
655 2114 133 46 övriga
817 2117 245 47 rättsägande
1104 2118 72 35 kan
1211 2119 71 36 den
1312 2120 53 36 till
1394 2122 316 50 husbehovsskog
1737 2124 62 37 be-

201 2159 199 47 rättigade,
432 2160 57 36 för
518 2162 114 36 såvitt
660 2165 138 36 avtalet
827 2170 40 31 är
895 2167 219 49 skriftligen
1144 2177 164 41 uppsatt,
1339 2173 140 35 erhålla
1509 2174 121 48 skydd
1659 2187 136 36 genom

200 2210 224 48 inteckning
446 2212 152 47 jämlikt
628 2213 330 40 bestämmelserna
987 2219 8 35 i
1030 2222 16 33 1
1079 2219 20 49 &
1133 2234 46 22 av
1208 2222 110 48 lagen
1347 2237 59 22 om
1437 2225 158 36 servitut
1623 2232 96 30 samt
1750 2228 46 35 55

200 2260 20 49 $
249 2261 529 53 inteckningsförordningen.

243 2320 127 43 Bihang
393 2322 47 31 till
463 2333 111 22 senare
587 2325 187 42 riksdagens
784 2328 158 40 protokoll
959 2331 94 30 1914.
1085 2333 40 30 12
1137 2333 88 30 saml.
1252 2335 17 29 1
1283 2333 69 33 avd.
1376 2335 19 31 8
1409 2334 81 41 häft.
1516 2335 67 36 (Nr
1600 2336 42 40 8)
1733 2339 18 30 2
