2220 2646
707 200 273 35 Statsutskotltets
1006 200 173 34 Memorial
1201 202 63 32 N:o
1286 204 49 30 53.
1764 208 17 29 3

933 798 74 41 N:o
1032 797 66 42 99.

685 952 72 30 Ank.
782 953 41 30 till
846 953 101 30 Riksd.
971 953 94 30 kansli
1089 954 55 30 den
1168 956 18 28 6
1210 965 78 20 mars
1315 956 89 36 1906,
1429 956 36 30 kl.
1491 959 69 34 2,30
1588 967 25 20 e.
1642 967 37 21 m.

412 1098 196 44 Memorial,
647 1098 13 35 i
698 1098 186 46 anledning
910 1098 43 45 af
984 1100 208 36 kamrarnas
1224 1102 194 45 skiljaktiga
1449 1102 103 37 beslut
1591 1104 13 34 i
1627 1103 111 47 fråga
1764 1116 54 25 om

612 1157 162 47 tillfälligt
800 1159 190 46 lönetillägg
1009 1159 64 44 för
1099 1161 93 36 vissa
1219 1161 140 44 betjänte
1385 1162 61 36 vid
1466 1166 126 33 statens
1605 1164 209 46 järnvägar.

1537 1261 55 49 (R.
1621 1262 60 49 A.)

343 1412 17 35 I
401 1412 505 50 statsverkspropositionen
946 1413 68 37 har
1054 1414 141 49 Kungl.
1225 1414 106 50 Maj:t
1358 1415 121 38 under
1507 1416 114 49 sjätte
1648 1416 167 39 hufvud-

209 1462 109 37 titeln
347 1462 201 50 föreslagit
574 1463 224 50 Riksdagen
826 1464 212 49 medgifva:

344 1518 56 32 att
440 1518 55 32 ett
531 1513 188 50 tillfälligt
758 1514 228 50 lönetillägg
1027 1516 42 37 af
1100 1518 46 35 60
1174 1517 152 47 kronor,
1354 1517 58 37 för
1441 1520 40 34 år
1507 1518 175 48 räknadt,
1710 1519 103 50 finge

209 1564 123 37 under
373 1568 39 33 år
455 1566 95 35 1906
593 1565 41 36 af
669 1566 240 37 trafikmedel
946 1566 167 38 tilldelas
1143 1567 46 37 de
1216 1567 101 37 inom
1342 1568 378 51 järnvägsstyrelsen
1750 1584 65 24 an-

210 1615 141 37 ställda
391 1615 337 38 kontorsbiträden
768 1617 72 37 och
868 1617 47 37 de
942 1618 171 48 betjänte
1139 1618 64 37 vid
1232 1623 146 33 statens
1402 1619 230 50 järnvägars
1661 1620 153 39 distrikt

210 1666 71 37 och
323 1666 188 50 ångfärja,
553 1680 80 24 som
674 1667 143 49 åtnjöte
846 1681 46 23 en
921 1669 168 49 aflöning
1117 1669 41 37 af
1184 1671 109 46 1,080
1320 1670 141 37 kronor
1489 1671 93 37 eller
1609 1672 203 48 därunder,

209 1717 86 37 med
336 1717 200 50 undantag
576 1718 98 37 dock
715 1719 41 37 af
786 1719 74 37 den
887 1721 191 48 personal,
1108 1734 80 23 som
1216 1724 50 46 på
1292 1722 126 47 grund
1447 1722 42 37 af
1513 1722 142 50 Kungl.
1683 1724 129 49 Maj:ts

209 1768 88 37 bref
319 1768 74 37 den
429 1771 47 35 22
499 1769 85 49 juni
614 1771 98 35 1904
739 1770 226 50 uppflyttats
993 1771 11 36 i
1032 1771 120 49 högre
1179 1771 194 38 löneklass
1401 1778 91 31 utan
1522 1779 66 42 att,
1617 1773 122 50 enligt
1766 1775 47 37 de

208 1819 59 37 för
294 1820 264 50 uppflyttning
584 1820 11 37 i
623 1820 193 38 löneklass
844 1821 181 50 gällande
1053 1822 193 38 allmänna
1272 1823 181 49 grunder,
1481 1824 116 38 hafva
1611 1825 99 37 varit
1728 1826 85 38 från

209 1871 71 37 och
309 1871 86 37 med
424 1874 40 34 år
494 1873 94 36 1906
618 1872 218 50 berättigad
862 1873 58 37 till
948 1873 105 50 dylik
1080 1875 277 49 uppflyttning;
1793 1887 2 2 |

344 1927 56 31 att
440 1922 222 38 därutöfver
700 1928 54 32 ett
793 1923 185 50 tillfälligt
1019 1925 228 49 lönetillägg
1279 1926 42 36 af
1344 1926 224 49 ytterligare
1597 1929 47 35 60
1672 1927 141 38 kronor

209 1972 59 38 för
297 1976 40 33 år
371 1973 103 49 finge
502 1973 122 38 under
653 1977 39 34 år
722 1976 95 35 1906
847 1975 42 36 af
912 1975 240 38 trafikmedel
1179 1976 166 38 tilldelas
1374 1976 47 38 de
1450 1978 43 36 af
1516 1977 296 50 ifrågavarande

208 2024 337 37 kontorsbiträden
573 2025 72 37 och
672 2025 124 49 öfriga
823 2026 182 49 betjänte,
1035 2040 81 24 som
1144 2041 91 24 vore
1264 2028 257 37 stationerade
1544 2028 11 37 i
1576 2028 235 51 Stuckholm,

208 2074 265 50 Liljeholmen,
514 2076 203 50 Karlberg,
757 2077 250 49 Tomteboda,
1035 2078 183 48 Norrtull,
1246 2078 149 38 Albano
1424 2080 70 36 och
1522 2080 146 37 Värtan
1700 2086 111 43 samt,

208 2125 102 37 hvad
333 2125 326 51 banafdelningen
684 2127 181 51 anginge,
888 2128 145 49 jämväl
1056 2129 473 50 bevakningspersonalen
1543 2132 132 37 utmed
1693 2131 120 50 linjen

208 2176 141 37 mellan
377 2177 166 37 nämnda
571 2178 199 46 stationer;

344 2233 55 32 att
437 2228 239 39 sistnämnda
711 2229 227 50 lönetillägg
973 2231 145 48 jämväl
1155 2232 103 49 finge
1293 2232 214 38 tillkomma
1539 2233 73 38 den
1639 2233 12 37 i
1679 2234 131 51 kungl.

208 2278 152 38 brefvet
387 2279 74 38 den
489 2282 47 34 22
559 2280 84 49 juni
664 2282 106 48 1904
798 2281 253 39 omförmälda
1077 2283 195 49 personal;
