1934 2852
496 185 420 37 Bevillningsutskottets
935 184 224 32 betänkande
1176 185 52 30 Nr
1252 184 51 30 50.
1585 183 18 29 5

187 273 71 30 Till
293 259 170 45 utskottet
498 272 63 30 har
583 271 134 36 jämväl
742 270 237 33 överlämnats
1002 280 43 21 en
1069 270 13 30 i
1104 269 193 37 anledning
1321 279 43 21 av
1389 269 257 35 propositionen

144 325 105 31 väckt
273 325 144 44 motion,
442 334 42 20 nr
509 324 61 30 299
594 323 13 30 i
630 323 110 31 första
757 323 205 30 kammaren
978 332 44 20 av
1040 322 79 30 herr
1135 322 195 36 Bergqvist,
1348 321 75 31 däri
1440 321 205 35 hemställts,

147 378 71 30 »att
240 376 192 36 riksdagen
455 375 87 31 ville
566 375 137 31 besluta
725 374 109 31 sådan
857 374 152 36 ändring
1033 374 12 29 i
1069 373 65 31 den
1159 374 12 30 i
1194 373 135 37 Kungl.
1354 373 118 36 Maj:ts
1495 373 151 35 proposi-

143 429 76 30 tion
253 438 43 20 nr
325 428 62 30 218
422 427 18 31 3
465 424 18 37 $
507 427 147 35 intagna
687 426 143 31 tariffen
853 428 82 28 över
959 425 313 36 stämpelavgifter,
1296 426 52 30 att
1372 425 180 35 prästbrev
1576 425 70 30 blir

143 480 81 30 fritt
247 479 81 30 från
352 477 301 37 stämpelavgift».

186 530 71 31 Till
281 530 76 31 stöd
382 530 120 31 härför
527 529 63 31 har
613 529 220 31 motionären
857 528 117 31 anfört
997 528 169 36 följande:

189 582 71 31 »Då
283 582 40 31 de
347 582 149 36 teologie
520 580 257 32 studerandena
801 581 12 30 i
837 580 120 36 regeln
981 582 58 29 äro
1063 580 129 36 fattiga
1215 580 63 31 och
1295 580 60 31 vid
1371 580 63 31 sitt
1450 579 136 31 inträde
1603 580 43 35 på

143 634 66 31 den
243 634 210 36 prästerliga
487 634 116 30 banan
637 633 44 30 ha
711 633 96 30 vissa
830 632 110 31 andra
965 632 148 35 utgifter
1137 634 52 29 att
1213 632 164 35 bestrida,
1401 632 56 30 till
1482 631 99 30 vilka
1605 631 40 30 de

143 687 150 34 mången
328 687 95 34 gång
458 685 45 30 ha
538 685 97 30 svårt
657 685 53 29 att
733 684 114 30 skaffa
870 683 122 35 medel,
1017 683 94 31 torde
1135 684 122 30 kunna
1280 683 234 36 ifrågasättas,
1539 683 106 30 huru-

142 737 83 30 vida
260 736 40 31 de
329 737 76 30 icke
428 736 105 31 borde
556 736 131 30 befrias
710 735 82 30 från
816 735 265 36 stämpelavgift
1104 735 54 30 för
1181 735 227 35 prästbrevet.
1454 734 67 31 För
1544 735 101 29 stats-

142 789 121 30 verket
297 788 116 31 skulle
447 787 66 32 den
547 787 202 36 obetydliga
784 786 207 36 minskning
1016 787 12 30 i
1052 786 203 36 inkomster,
1279 796 74 21 som
1377 786 107 31 därav
1509 786 137 31 komme

141 842 52 29 att
215 840 211 36 föranledas,
450 840 76 30 icke
550 839 95 36 spela
668 840 118 35 någon
810 838 97 31 roll.»

185 944 74 30 Mot
293 944 40 30 de
369 945 11 29 i
413 943 261 36 propositionen
708 943 200 35 föreslagna
942 942 241 35 ändringarna
1208 943 11 29 i
1243 941 402 36 stämpelförordningen

141 995 63 30 har
228 996 170 30 utskottet
422 995 75 30 icke
522 994 121 31 funnit
666 994 194 35 anledning
884 993 57 31 till
964 994 153 30 erinran.

183 1098 115 31 Sedan
335 1098 171 36 gammalt
539 1097 91 31 skall
665 1098 202 34 prästebrev
902 1098 131 29 åsättas
1065 1097 148 35 stämpel
1238 1096 77 31 med
1339 1097 133 35 belopp,
1496 1106 73 21 som
1594 1096 50 30 tid

141 1150 87 31 efter
258 1159 119 21 annan
411 1149 143 31 ändrats
589 1149 63 30 och
686 1150 116 29 senast
838 1149 38 29 år
901 1149 83 30 1922
1009 1148 12 30 i
1045 1148 167 31 samband
1248 1148 76 31 med
1359 1158 41 20 en
1435 1148 143 34 allmän,
1602 1158 44 25 pa

141 1201 117 36 grund
292 1211 44 20 av
372 1200 299 37 penningvärdets
700 1200 65 30 fall
790 1199 169 37 vidtagen
993 1199 151 36 höjning
1168 1209 44 20 av
1236 1201 49 29 ett
1310 1201 87 29 stort
1420 1200 97 30 antal
1542 1200 103 29 stäm-

141 1253 166 35 pelsatser
330 1252 189 31 fastställts
543 1252 58 30 till
625 1252 18 30 8
668 1252 137 30 kronor.

183 1304 53 31 Då
259 1304 112 36 enligt
395 1304 115 31 beslut
544 1303 60 31 vid
640 1304 83 30 1919
756 1305 58 29 års
853 1302 143 37 riksdag
1035 1303 217 36 fullmakter,
1291 1303 265 31 konstitutorial
1581 1303 61 30 och

140 1356 258 31 förordnanden
433 1357 20 29 å
488 1356 160 30 ämbeten
683 1355 63 31 och
774 1355 148 36 tjänster
947 1354 77 31 med
1048 1355 94 30 vissa
1180 1355 183 36 undantag
1393 1357 60 28 äro
1487 1355 161 35 stämpel-

141 1408 69 30 fria
246 1409 91 29 samt
372 1407 121 31 vidare
529 1417 124 26 genom
687 1407 115 31 beslut
837 1417 44 20 av
907 1407 82 30 1921
1013 1408 55 29 års
1093 1407 144 35 riksdag
1261 1407 307 30 bestämmelserna
1592 1416 56 21 om

140 1459 267 36 stämpelavgift
443 1459 54 31 för
531 1459 32 35 ej
599 1459 136 30 mindre
770 1458 169 31 fullmakt
967 1459 20 29 å
1011 1458 167 31 karaktär
1202 1468 45 20 av
1271 1459 133 30 ämbete
1427 1458 85 30 eller
1536 1458 109 35 tjänst

140 1513 45 28 än
218 1513 89 28 även
332 1510 169 31 fullmakt
524 1510 53 31 för
600 1510 220 36 kyrkoherde
844 1511 52 29 att
920 1519 84 21 vara
1027 1511 95 34 prost
1146 1512 83 28 över
1252 1518 86 27 egen
1361 1510 207 35 församling
1593 1512 53 28 ut-

141 1563 78 34 gått
248 1572 43 20 ur
314 1561 415 36 stämpelförordningen,
753 1562 65 29 har
843 1561 179 35 utskottet,
1047 1561 76 31 med
1147 1561 193 31 beaktande
1365 1571 43 20 av
1433 1561 67 30 vad
1525 1561 120 30 motio-

141 1616 108 28 nären
272 1613 57 31 till
353 1613 77 31 stöd
453 1613 55 31 för
532 1613 61 30 sitt
617 1613 133 35 förslag
773 1613 130 34 anfört,
927 1613 113 30 ansett
1062 1613 56 35 sig
1142 1613 121 30 kunna
1288 1613 179 35 tillstyrka
1485 1612 160 35 stämpel-

141 1665 108 31 frihet
273 1665 54 31 för
351 1665 214 36 prästebrev.

184 1760 119 32 Under
325 1760 212 36 åberopande
560 1770 45 20 av
629 1760 68 31 vad
720 1759 146 31 sålunda
889 1759 132 31 anförts
1044 1759 53 31 får
1120 1759 162 31 utskottet
1305 1759 190 36 hemställa,

586 1867 51 29 att
671 1864 183 36 riksdagen
889 1864 116 36 måtte,
1039 1864 77 31 med
1150 1864 219 31 förklarande
1402 1866 51 29 att
1486 1864 56 31 det
1570 1864 76 31 med

541 1916 223 31 förevarande
797 1917 208 35 proposition
1037 1926 42 20 nr
1103 1917 61 29 218
1189 1916 192 36 framlagda
1404 1917 162 35 förslaget
1590 1917 54 30 till

542 1968 200 35 förordning
777 1978 56 20 om
867 1968 148 35 ändring
1039 1968 12 30 i
1073 1968 93 30 vissa
1200 1968 95 30 delar
1328 1978 44 20 av
1403 1968 243 35 förordningen

542 2020 65 30 den
631 2020 40 30 19
693 2020 184 30 november
893 2019 84 31 1914
993 2020 55 36 (nr
1064 2019 75 37 383)
1154 2019 176 36 angående
1346 2019 299 36 stämpelavgiften

542 2072 72 30 icke
643 2072 133 30 kunnat
799 2082 45 20 av
869 2071 181 36 riksdagen
1073 2072 12 29 i
1108 2071 198 30 oförändrat
1330 2071 93 30 skick
1447 2071 198 35 godkännas

543 2125 89 29 samt
654 2123 76 31 med
754 2123 103 30 bifall
881 2123 56 31 till
961 2123 171 30 motionen
1155 2123 27 30 I:
1197 2123 62 30 299
1283 2133 45 20 av
1351 2123 78 30 herr
1452 2123 192 36 Bergqvist,

541 2177 126 34 antaga
691 2175 132 37 Kungl.
848 2175 116 36 Maj:ts
987 2175 226 30 omförmälda
1237 2175 127 35 förslag
1387 2175 76 30 med
1484 2175 65 30 den
1565 2175 80 30 änd-

543 2228 132 36 ringen,
710 2229 52 30 att
796 2228 65 31 den
893 2228 12 30 i
938 2227 18 31 3
990 2228 18 38 $
1042 2227 143 36 intagna
1218 2227 257 31 bestämmelsen
1503 2227 142 31 rörande

543 2280 196 35 prästebrev
763 2280 89 30 skall
875 2280 90 30 hava
988 2279 150 36 följande
1161 2279 141 36 lydelse:

1594 2541 14 22 re

149 2537 105 31 Bihary
277 2539 39 24 till
339 2539 166 30 riksdagens
527 2538 143 32 prelokoll
693 2540 75 24 1924.
813 2541 15 23 7
847 2541 80 23 saml.
965 2540 33 24 33
1018 2540 69 30 häft.
1122 2535 55 29 (Nr
1196 2540 55 29 30.)

1704 937 130 23 Utskottet.
