1882 2756
376 208 404 41 Bevillningsutskottets
805 208 218 30 betänkande
1045 217 43 20 nr
1109 207 41 31 37
1173 208 39 30 år
1235 207 84 30 1962
1583 207 15 29 1

785 512 52 36 Nr
863 512 47 36 37

320 620 405 41 Bevillningsutskottets
746 619 219 30 betänkande
985 620 12 30 i
1015 618 189 40 anledning
1222 627 43 21 av
1285 618 124 29 väckta
1429 617 173 30 motioner

543 680 54 20 om
624 670 91 30 vissa
739 670 191 40 ändringar
954 669 11 30 i
986 669 252 41 förordningen
1264 677 55 21 om
1345 668 131 29 allmän
1501 676 100 21 varu-

543 721 105 30 skatt.

1402 777 77 33 (1:a
1499 776 95 34 avd.)

146 898 66 31 Till
238 898 382 39 bevillningsutskottet
647 897 64 30 har
735 896 183 31 hänvisats
945 896 157 40 följande
1130 896 94 29 inom
1251 894 189 40 riksdagen
1465 894 136 33 väckta,

101 957 43 22 av
163 949 169 30 utskottet
351 948 53 30 till
424 947 212 40 behandling
654 949 11 29 i
684 949 48 28 ett
751 946 256 40 sammanhang
1026 947 179 38 upptagna
1224 945 183 34 motioner,
1428 944 174 39 nämligen

148 999 34 33 1)
212 999 42 30 de
274 998 225 40 likalydande
521 998 220 30 motionerna
762 997 29 30 I:
808 998 18 29 5
849 1006 42 21 av
911 997 82 29 herr
1013 996 87 30 Axel
1120 996 172 29 Emanuel
1313 995 201 29 Andersson
1539 994 64 30 och

103 1051 45 29 II:
166 1051 36 29 11
227 1059 42 21 av
289 1050 81 29 herr
390 1049 170 30 Eriksson
581 1050 11 30 i
612 1049 195 30 Bäckmora
827 1057 46 21 m.
894 1048 49 39 fl.,
964 1048 74 30 vari
1059 1047 209 35 hemställts,
1291 1048 71 28 »>att
1383 1045 187 40 riksdagen
1590 1045 12 29 i

103 1100 166 30 skrivelse
286 1100 52 30 till
355 1100 127 39 Kungl.
499 1100 107 39 Maj:t
620 1099 108 30 måtte
744 1099 187 29 hemställa
948 1107 56 21 om
1022 1107 43 20 en
1082 1097 192 40 skyndsam
1291 1096 171 40 prövning
1479 1105 42 20 av
1537 1095 63 30 och

104 1151 129 39 förslag
254 1150 179 40 angående
454 1150 161 30 befrielse
636 1149 80 30 från
737 1149 131 30 allmän
889 1147 313 40 varubeskattning
1223 1147 11 29 i
1256 1147 67 29 den
1344 1145 257 41 yrkesmässiga

100 1201 154 30 handeln
276 1201 80 30 med
378 1200 199 40 begagnade
600 1200 211 34 traktorer»;

148 1252 35 34 2)
209 1252 41 29 de
272 1251 224 40 likalydande
516 1249 221 31 motionerna
756 1249 87 30 1:65
865 1258 43 21 av
927 1249 82 29 herr
1028 1247 202 31 Ferdinand
1249 1247 141 30 Nilsson
1411 1256 46 20 m.
1477 1246 39 40 fl.
1538 1246 63 30 och

104 1303 44 30 II:
165 1303 39 29 97
226 1311 42 21 av
287 1302 82 29 herr
387 1302 189 38 Börjesson
595 1301 11 29 i
627 1299 217 40 Glömminge
864 1308 45 20 m.
929 1299 49 39 fl.,
999 1299 75 29 vari
1094 1298 208 33 hemställts,
1325 1299 71 28 »att
1416 1297 185 39 riksdagen

102 1353 108 30 måtte
228 1353 11 28 i
257 1352 167 31 skrivelse
443 1352 52 29 till
512 1351 126 39 Kungl.
657 1350 105 39 Maj:t
779 1349 128 40 begära
924 1349 131 39 förslag
1074 1350 138 28 snarast
1230 1357 56 20 om
1306 1347 179 30 allmänna
1502 1356 102 20 varu-

105 1404 157 29 skattens
288 1402 224 39 omläggning
538 1401 65 29 och
629 1400 229 30 överförande
885 1401 50 28 att
961 1401 139 37 uttagas
1126 1398 11 29 i
1164 1397 256 40 partihandels-
1446 1397 64 30 och
1536 1397 68 29 till-

101 1451 330 39 verkningsstadiet,
455 1453 90 27 samt
568 1452 49 29 att
645 1450 5 29 i
672 1449 170 30 samband
864 1448 146 30 härmed
1034 1448 80 30 från
1138 1447 109 30 sådan
1269 1447 213 39 fördyrande
1503 1455 101 21 varu-

103 1502 224 40 beskattning
349 1502 109 30 måtte
480 1501 129 30 befrias
634 1500 54 31 för
711 1500 201 39 uppehället
935 1499 221 39 nödvändiga
1177 1507 103 21 varor
1305 1497 116 30 såsom
1443 1497 161 40 jordbru-

103 1554 77 30 kets
200 1562 124 31 genom
344 1553 92 30 avtal
456 1551 251 41 prisreglerade
725 1550 193 40 produkter
936 1549 174 40 varjämte
1130 1548 398 39 dubbelbeskattningen
1548 1547 54 30 vid

104 1603 212 40 försäljning
340 1604 11 29 i
375 1603 110 30 andra
506 1603 94 29 hand
625 1611 42 21 av
689 1601 55 31 för
767 1601 260 40 produktionen
1051 1599 228 40 erforderliga
1302 1599 179 29 maskiner
1505 1599 100 29 även-

106 1663 75 21 som
204 1654 243 30 motorfordon
470 1653 108 30 måtte
600 1653 141 38 bringas
765 1654 50 28 att
837 1652 197 39 upphöra»;

149 1706 36 33 3)
210 1706 40 29 de
271 1705 224 39 likalydande
515 1704 220 29 motionerna
754 1704 29 29 1:
801 1703 62 30 153
884 1712 42 20 av
944 1703 81 29 herr
1045 1703 140 29 Isacson
1206 1710 45 20 m.
1271 1700 39 40 fl.
1332 1700 65 30 och
1418 1701 44 28 II:
1481 1700 60 29 196
1563 1709 41 20 av

102 1756 82 30 herr
201 1755 113 30 Hedin
332 1765 46 19 m.
396 1755 49 39 fl.,
464 1754 73 30 vari
555 1753 208 34 hemställts,
782 1755 50 28 att
850 1753 186 39 riksdagen
1056 1752 107 30 måtte
1181 1751 137 30 besluta
1337 1753 50 27 att
1405 1750 198 39 begagnade

104 1807 174 29 traktorer
299 1806 65 29 och
384 1803 367 32 lantbruksmaskiner
772 1803 89 29 skall
882 1803 176 28 undantas
1079 1801 80 30 från
1181 1800 294 39 skattskyldighet
1496 1799 107 39 enligt

105 1856 250 39 förordningen
376 1864 57 21 om
454 1855 130 29 allmän
603 1854 183 29 varuskatt
808 1855 91 27 samt
919 1854 50 28 att
988 1851 259 30 vederbörande
1268 1851 135 29 utskott
1423 1850 107 30 måtte
1551 1852 54 27 ut-

105 1907 119 29 arbeta
243 1906 130 38 förslag
392 1905 51 29 till
462 1904 123 30 härför
601 1903 205 40 erforderlig
826 1901 394 39 författningsändring;

148 1956 36 34 4)
211 1956 41 29 de
275 1955 223 39 likalydande
520 1954 220 29 motionerna
762 1953 28 29 I:
809 1952 60 30 159
893 1961 41 20 av
956 1952 80 29 herr
1057 1951 121 30 Schött
1199 1960 46 20 m.
1266 1951 38 38 fl.
1328 1951 65 29 och
1416 1950 44 30 11:
1479 1950 60 29 193
1562 1959 42 20 av

106 2008 80 28 herr
211 2006 208 39 Gustafsson
445 2006 10 29 i
479 2004 108 30 Borås
611 2012 45 20 m.
681 2003 48 39 fl.,
754 2003 73 29 vari
853 2002 208 33 hemställts,
1089 2003 70 27 »att
1182 2000 189 39 riksdagen
1396 2000 107 30 måtte
1526 2018 44 3 —
1594 2000 10 29 i

106 2057 91 39 syfte
227 2058 49 28 att
305 2055 112 30 befria
446 2055 181 38 tidningen
656 2053 259 39 Ungdomsnytt
945 2051 127 30 liksom
1102 2051 110 29 andra
1241 2050 256 39 skoltidningar
1527 2049 78 30 med

105 2105 357 39 ungdomsfostrande
485 2104 90 39 syfte
596 2103 79 30 från
696 2102 330 38 omsättningsskatt
1045 2119 45 3 —
1108 2101 136 29 besluta
1265 2100 110 30 sådan
1398 2100 147 39 ändring
1566 2108 40 21 av

108 2157 39 29 10
175 2157 14 37 8
216 2156 252 38 förordningen
492 2164 57 20 om
575 2154 129 29 allmän
728 2153 185 29 varuskatt
937 2154 50 27 att
1013 2152 179 38 undantag
1218 2151 80 29 från
1325 2151 204 38 skatteplikt
1554 2150 50 30 till

108 2207 109 29 sådan
246 2207 93 29 skatt
368 2206 86 28 även
483 2205 88 29 skall
600 2204 90 38 gälla
717 2203 178 39 periodisk
924 2202 230 39 publikation,
1184 2210 74 20 som
1288 2201 136 38 utgives
1451 2200 78 29 med
1558 2200 48 28 bi-

105 2257 86 38 drag
214 2265 41 20 av
277 2256 179 29 allmänna
476 2254 149 34 medel>;

151 2307 35 33 3)
209 2307 40 29 de
267 2305 224 39 likalydande
508 2304 219 29 motionerna
744 2304 28 28 1:
789 2302 63 30 275
871 2312 42 19 av
929 2302 121 29 herrar
1068 2300 171 30 Arvidson
1258 2301 64 29 och
1340 2300 157 39 Ringaby
1516 2302 90 27 samt

106 2358 45 28 11:
169 2356 62 29 280
250 2365 41 20 av
307 2355 81 29 herr
405 2355 245 38 Svenungsson
669 2362 44 20 m.
731 2352 48 39 fl.,
797 2352 75 30 vari
890 2351 207 33 hemställts,
1118 2352 70 27 »att
1206 2350 187 39 riksdagen
1411 2350 10 29 i
1441 2350 165 29 skrivelse

106 2407 51 29 till
176 2406 125 38 Kungl.
319 2405 105 39 Maj:t
443 2404 106 29 måtte
567 2403 195 33 hemställa,
780 2404 50 28 att
848 2401 126 39 Kungl.
993 2400 105 39 Maj:t
1115 2400 79 29 med
1213 2400 77 29 stöd
1309 2409 42 19 av
1370 2400 38 29 10
1430 2399 14 37 8
1465 2400 17 29 2
1501 2408 104 20 mom.

106 2454 457 39 varuskatteförordningen
589 2453 107 29 måtte
724 2452 166 29 förordna
916 2460 54 20 om
998 2449 271 39 undantagande
1296 2449 78 29 från
1402 2449 203 40 skatteplikt

107 2508 51 29 till
179 2507 129 29 allmän
327 2505 183 29 varuskatt
530 2503 53 30 för
603 2503 40 29 de
663 2502 162 31 tekniska
844 2501 64 30 och
927 2500 190 30 kulturella
1134 2499 212 39 hjälpmedel
1369 2508 73 21 som
1463 2508 42 20 av
1523 2499 82 30 han-

137 2575 14 26 1
191 2573 110 29 Bihang
319 2571 47 24 till
383 2570 169 30 riksdagens
569 2568 147 31 protokoll
734 2567 76 24 1962.
829 2567 14 24 7
861 2567 83 23 saml.
962 2567 40 23 Nr
1024 2566 32 24 37
