1906 2758
435 151 407 41 Bevillningsutskottets
861 149 219 31 betänkande
1096 157 44 21 nr
1156 148 40 30 37
1216 148 41 29 år
1274 147 84 30 1962
1611 145 37 31 17

314 238 226 36 (Nuvarande
560 236 148 41 lydelse)
1089 232 213 35 (Utskottets
1323 230 150 40 förslag)

144 324 198 39 ordningen
361 323 67 30 den
448 322 41 30 23
508 320 187 31 november
715 319 84 30 1956
823 319 58 34 (nr
919 325 107 32 grepp
1050 317 11 29 i
1087 325 136 20 samma
1247 314 175 40 betydelse
1448 322 75 21 som
1546 312 12 30 1
1583 312 70 30 för-

147 375 82 34 545)
275 374 178 39 angående
492 370 332 40 omsättningsskatt
862 369 19 29 å
917 368 195 39 ordningen
1129 367 68 30 den
1215 366 42 32 23
1274 365 186 31 november
1481 364 83 30 1956
1587 365 59 34 (nr

142 425 246 32 motorfordon
407 425 12 30 i
437 424 95 30 vissa
552 423 72 30 fall.
920 419 80 33 545)
1046 417 178 40 angående
1262 415 331 39 omsättningsskatt
1633 413 20 30 å

920 469 243 30 motorfordon
1177 468 12 30 i
1203 468 95 30 vissa
1312 467 72 29 fall.

194 603 124 30 Denna
338 600 206 39 förordning
563 599 118 30 träder
701 598 11 30 i
733 597 96 31 kraft
851 597 67 30 den
941 597 15 30 1
979 596 67 40 juli
1071 595 94 30 1962.

504 716 74 31 dels
599 716 65 30 ock
686 715 108 30 måtte
815 715 12 30 i
848 713 168 30 skrivelse
1037 713 53 30 till
1112 712 127 39 Kungl.
1262 711 106 40 Maj:t
1388 709 185 31 hemställa
1595 717 57 22 om

460 767 188 40 utredning
674 766 149 31 rörande
848 765 181 39 undantag
1056 763 81 31 från
1164 763 131 30 allmän
1319 761 184 31 varuskatt
1530 770 41 20 av
1597 760 54 30 för

461 818 260 41 produktionen
747 816 229 39 erforderliga
1002 814 199 40 begagnade
1228 813 179 30 maskiner
1434 812 64 30 och
1524 812 129 29 motor-

459 870 137 30 fordon.

508 936 43 33 B)
582 935 221 40 beträffande
833 931 398 43 lagstiftningsyrkande
1261 931 11 30 i
1300 930 90 40 syfte
1419 931 52 28 att
1499 929 155 29 undanta

464 987 92 30 vissa
580 985 197 40 tidskrifter
799 985 81 40 från
903 983 207 40 skatteplikt

510 1039 49 29 att
579 1037 188 38 riksdagen
787 1035 108 30 måtte
915 1035 12 30 i
948 1034 188 39 anledning
1159 1043 42 20 av
1218 1033 68 30 vad
1307 1041 75 21 som
1404 1031 136 30 anförts
1560 1030 11 30 i
1592 1029 64 31 föl-

463 1088 107 40 jande
592 1087 183 34 motioner,
800 1085 176 40 nämligen

510 1139 34 34 1)
574 1139 29 29 I:
621 1138 62 30 159
700 1147 43 21 av
759 1138 81 29 herr
858 1137 120 30 Schött
995 1145 45 21 m.
1059 1135 37 30 fl.
1114 1135 65 30 och
1197 1135 45 29 II:
1262 1134 60 30 193
1340 1143 42 21 av
1398 1134 81 29 herr
1496 1131 158 31 Gustafs-

575 1198 63 21 son
654 1189 12 29 i
683 1188 108 30 Borås
808 1197 45 20 m.
872 1187 49 35 fl.,

508 1240 36 34 2)
574 1240 29 30 1:
619 1239 63 30 452
701 1248 43 21 av
759 1239 81 29 herr
857 1238 78 30 Carl
953 1237 119 30 Albert
1089 1236 184 30 Anderson
1290 1235 66 30 och
1373 1234 45 30 II:
1435 1233 62 30 538
1515 1242 41 21 av
1572 1233 82 30 herr

574 1290 159 39 Hagnell,

509 1342 127 38 antaga
651 1339 158 40 följande
826 1338 115 31 såsom
959 1337 188 30 utskottets
1162 1336 133 40 förslag
1310 1334 212 31 betecknade

836 1439 144 35 Förslag

881 1497 53 30 till

156 1552 208 36 förordning
385 1551 175 36 angående
583 1550 148 36 ändring
753 1550 11 29 i
786 1548 250 35 förordningen
1059 1547 65 29 den
1149 1547 16 28 1
1189 1546 179 30 december
1391 1545 79 29 1959
1498 1544 57 33 (nr
1578 1543 77 33 507)

703 1609 57 21 om
783 1599 128 30 allmän
934 1598 181 30 varuskatt

203 1677 210 38 Härigenom
431 1676 195 34 förordnas,
646 1677 49 29 att
716 1675 37 30 10
775 1675 15 37 8
820 1675 7 29 1
850 1683 105 20 mom.
976 1672 252 39 förordningen
1249 1672 66 29 den
1338 1672 14 29 1
1374 1670 181 31 december
1576 1669 84 30 1959

158 1737 59 21 om
257 1728 130 30 allmän
426 1727 184 30 varuskatt
650 1727 92 29 samt
782 1724 274 39 anvisningarna
1084 1723 52 30 till
1166 1722 155 30 nämnda
1350 1721 309 39 författningsrum

159 1778 100 30 skola
280 1778 132 30 erhålla
432 1777 134 30 ändrad
586 1777 130 39 lydelse
737 1775 45 40 på
803 1776 68 29 sätt
893 1775 115 29 nedan
1027 1774 150 39 angives.

331 1861 225 35 (Nuvarande
577 1859 147 40 lydelse)
1105 1856 213 33 (Utskottets
1339 1855 150 39 förslag)

485 1944 37 29 10
545 1944 27 37 8.
1255 1940 38 29 10
1316 1940 27 36 8.

208 1998 14 29 1
261 2005 127 21 mom.
422 1995 93 30 Från
539 1994 206 40 skatteplikt
770 1994 221 38 undantagas
1015 1992 157 39 följande
1196 2000 113 21 varor.

209 2048 28 29 1.
262 2047 140 34 Utsäde,
423 2046 103 34 fröer,
570 2063 20 5 —
620 2064 28 4 —
675 2063 29 3 —
741 2062 35 5 —
804 2061 31 5 —
862 2062 37 4 —
918 2044 65 29 och
1003 2041 341 40 växtskyddsmedel.

206 2098 29 29 2.
260 2097 161 30 Levande
440 2096 93 40 djur,
580 2113 15 4 —
631 2113 25 4 —
688 2113 29 3 —
748 2113 30 4 —
808 2112 30 4 —
865 2112 34 4 —
917 2094 167 29 liknande
1104 2093 142 29 affärer.

208 2147 29 30 3.
262 2147 198 30 Drivmedel
483 2146 65 30 och
571 2145 110 31 andra
704 2144 175 30 bränslen.

206 2198 30 29 4.
261 2198 96 33 Jord,
379 2197 98 33 sand,
513 2214 29 4 —
575 2213 29 5 —
636 2214 31 3 —
695 2213 36 4 —
760 2213 33 4 —
821 2212 35 4 —
876 2195 140 29 krossat
1038 2193 109 30 skick.

209 2247 29 29 5.
264 2246 231 39 Fiskefartyg,
517 2246 38 29 så
598 2263 19 4 —
651 2262 27 5 —
707 2263 30 4 —
766 2262 30 4 —
821 2262 42 4 —-
886 2261 39 4 —
945 2244 164 29 ävensom
1130 2242 197 39 luftfartyg.

208 2297 30 29 6.
264 2296 272 39 Krigsmateriel,
557 2304 74 21 som
663 2313 30 4 —
720 2312 30 4 —
777 2312 30 5 —
840 2312 33 4 —
900 2312 30 5 —
957 2311 39 4 —
1013 2292 239 30 underkastad
1272 2291 287 30 utförselförbud.

208 2347 29 29 7.
262 2347 189 29 Allmänna
497 2345 315 39 nyhetstidningar,
860 2343 37 30 så
979 2343 29 29 7.
1034 2343 188 28 Allmänna
1268 2341 313 39 nyhetstidningar,
1630 2340 38 30 så

163 2398 65 29 ock
252 2396 193 40 periodiskt
468 2396 143 39 utgivna
635 2394 261 34 medlemsblad,
933 2393 65 29 ock
1023 2392 193 40 periodiskt
1240 2392 142 39 utgivna
1406 2391 260 33 medlemsblad,

162 2448 342 40 personaltidningar
528 2447 65 29 och
617 2446 167 30 liknande
808 2445 85 40 pub-
931 2443 343 41 personaltidningar
1298 2443 65 30 och
1388 2442 164 30 liknande
1577 2441 85 40 pub-
