1878 2792
564 181 249 27 Statsutskottets
837 181 158 27 utlåtande
1016 190 37 18 nr
1079 182 63 26 128.
1586 184 20 29 3

160 269 168 30 Utskottet
355 269 56 31 får
436 271 79 29 med
542 271 248 38 tillstyrkande
814 281 41 19 av
882 271 124 38 Kungl.
1034 271 120 38 Maj:ts
1178 271 134 38 förslag
1335 272 196 34 hemställa,

466 327 49 26 att
544 324 185 39 riksdagen
758 323 56 30 må
845 324 51 30 till
927 324 429 38 Fångvårdsanstalterna:
1387 324 214 30 Inventarier

423 387 43 20 m.
489 387 43 20 m.
554 377 54 37 för
629 377 243 39 fångkolonier
892 378 56 30 för
967 378 202 39 budgetåret
1193 375 141 33 1953/54
1357 379 112 30 under
1489 379 112 30 andra

423 431 221 29 huvudtiteln
662 431 122 30 anvisa
801 434 47 27 ett
864 431 359 39 reservationsanslag
1241 441 42 20 av
1299 432 62 30 225
1376 432 64 29 000
1457 432 143 30 kronor.

154 536 69 39 4:0)
262 536 434 40 Fångvårdsanstalterna:
730 537 250 39 Anskaffning,
1012 537 201 40 montering
1245 539 67 28 och
1344 540 178 37 transport
1556 547 43 21 av

109 590 174 30 baracker
301 600 46 20 m.
367 600 46 20 m.
435 591 123 38 Kungl.
581 591 100 38 Maj:t
703 592 66 29 har
793 590 124 39 (punkt
938 592 51 35 39,
1012 600 23 20 s.
1058 590 53 39 51)
1136 592 181 38 föreslagit
1338 592 187 38 riksdagen
1547 594 52 28 att

110 644 52 30 till
183 643 433 40 Fångvårdsanstalterna:
638 644 249 39 Anskaffning,
909 645 200 38 montering
1129 646 66 29 och
1217 649 177 34 transport
1416 655 42 20 av
1479 647 120 29 barac-

111 698 64 30 ker
197 707 45 20 m.
264 707 44 20 m.
333 697 58 30 för
411 697 204 39 budgetåret
641 694 142 33 1953/54
805 698 121 30 anvisa
948 701 47 27 ett
1016 698 357 40 reservationsanslag
1393 708 42 20 av
1461 700 59 28 175
1534 699 65 30 000

111 751 143 30 kronor.

155 858 13 29 I
189 859 160 37 gällande
367 858 143 31 riksstat
530 860 64 28 har
615 859 178 39 upptagits
815 862 47 27 ett
884 859 358 39 reservationsanslag
1263 870 43 20 av
1326 861 41 28 40
1381 860 63 29 000
1466 860 135 30 kronor

110 911 53 29 till
184 911 200 39 montering
401 912 66 29 och
485 915 179 35 transport
683 922 42 20 av
743 913 171 29 baracker
932 922 44 20 m.
997 922 44 20 m.

155 964 70 30 För
245 968 49 26 att
317 966 95 29 möta
438 966 57 29 det
519 966 115 29 ökade
657 966 207 38 platsbehov
888 966 97 29 inom
1008 965 229 39 fångvården,
1262 976 74 20 som
1360 967 124 29 väntas
1506 967 90 29 före-

110 1017 91 39 ligga
228 1018 111 29 under
364 1018 215 30 kommande
603 1018 181 39 budgetår,
810 1020 65 29 bör
899 1028 82 21 man
1008 1020 107 37 enligt
1140 1020 389 37 departementschefen
1553 1038 46 2 —

108 1070 117 31 såsom
248 1072 113 29 under
383 1071 211 38 föregående
618 1073 256 37 anslagspunkt
897 1073 135 29 berörts
1055 1091 43 2 —
1125 1073 44 30 bl.
1195 1083 29 20 a.
1250 1074 63 37 äga
1339 1073 182 38 möjlighet
1546 1076 50 27 ait

109 1124 142 38 utvidga
278 1124 183 39 befintliga
488 1125 170 30 kolonier.
687 1126 51 29 De
765 1126 202 38 ytterligare
992 1126 203 38 byggnader
1219 1126 58 30 för
1300 1126 94 30 olika
1419 1126 177 35 ändamål,

108 1187 77 20 som
209 1178 70 29 kan
301 1178 73 29 visa
398 1178 52 38 sig
471 1178 223 39 nödvändiga
720 1179 55 29 för
799 1180 99 29 dessa
922 1180 66 29 och
1012 1180 110 30 andra
1147 1179 174 32 likartade
1344 1180 122 36 behov,
1494 1190 101 20 anses

108 1231 192 38 lämpligen
322 1231 85 30 böra
433 1241 83 21 vara
540 1242 42 20 av
606 1232 195 39 baracktyp
827 1233 85 30 eller
934 1242 42 20 av
1000 1236 108 35 typen
1131 1234 304 38 monteringsbara
1462 1235 132 29 trähus.

110 1284 64 31 Det
201 1284 146 30 föreslås
371 1288 50 26 att
445 1285 58 30 för
524 1285 273 38 ifrågavarande
822 1285 164 31 ändamål
1011 1287 141 29 anvisas
1174 1290 48 27 ett
1245 1287 122 39 anslag
1389 1297 42 19 av
1457 1288 60 29 175
1531 1288 64 29 000

108 1338 142 29 kronor.
275 1337 51 30 Då
346 1339 139 29 medlen
507 1339 204 30 förutsättes
733 1340 98 29 skola
855 1339 36 31 få
912 1340 180 30 användas
1114 1341 87 29 även
1224 1341 49 29 till
1295 1340 236 31 anskaffande
1553 1350 43 20 av

108 1391 173 29 baracker
298 1401 44 19 m.
363 1401 55 25 m.,
438 1401 103 20 anses
557 1392 186 39 jämkning
763 1402 42 20 av
825 1394 173 37 anslagets
1019 1394 122 29 rubrik
1161 1394 85 29 böra
1268 1394 70 30 ske.

155 1501 169 30 Utskottet
342 1500 188 38 tillstyrker
552 1500 122 38 Kungl.
695 1500 117 37 Maj:ts
831 1500 130 38 förslag
978 1500 64 29 och
1060 1500 198 30 hemställer
1277 1499 109 36 alltså,

462 1556 49 27 att
533 1552 185 39 riksdagen
741 1552 56 30 må
821 1553 50 29 till
896 1552 428 38 Fångvårdsanstalterna:
1350 1554 246 37 Anskaffning,

418 1608 194 37 montering
639 1607 64 29 och
728 1609 174 35 transport
925 1616 41 20 av
992 1606 164 30 baracker
1179 1616 43 20 m.
1248 1617 44 20 m.
1317 1607 54 30 för
1393 1607 200 39 budgetåret

420 1656 140 34 1953/54
589 1661 112 29 under
729 1660 109 30 andra
869 1660 221 30 huvudtiteln
1119 1661 120 30 anvisa
1270 1664 47 27 ett
1346 1661 249 30 reservations-

418 1714 120 38 anslag
559 1723 42 20 av
628 1714 58 29 175
702 1714 63 28 000
787 1713 142 29 kronor.

152 1820 204 30 Stockholm
379 1820 67 29 den
472 1820 37 29 12
533 1819 71 38 maj
631 1820 93 29 1953.

589 1915 47 31 På
658 1916 268 30 statsutskottets
948 1917 142 38 vägnar:

666 2014 173 29 MARTIN
861 2014 252 30 SKOGLUND.

149 2217 237 30 Närvarande:
408 2228 35 18 se
466 2219 108 28 under
597 2217 194 30 utlåtandet
816 2228 40 19 nr
881 2219 69 28 129.
