1860 2770
387 143 406 36 Bevillningsutskottets
808 141 221 31 betänkande
1043 149 44 22 nr
1100 141 41 30 28
1157 140 40 31 år
1213 140 83 30 1965
1568 137 19 30 3

805 230 75 38 28.

148 289 67 29 För
231 287 99 38 varje
346 287 87 30 barn
450 286 57 30 må
524 286 88 30 blott
629 285 184 37 upprättas
828 285 50 30 ett
895 282 338 38 utbildningskonto.
1250 281 130 31 Kontot
1396 280 90 30 skall
1501 288 85 22 vara

104 343 182 35 upprättat
299 341 108 30 innan
421 340 125 30 barnet
559 339 81 36 fyllt
655 338 38 31 12
709 338 49 32 år.

807 445 19 30 3
853 444 28 38 8.

150 502 196 37 Insättning
371 502 20 30 å
415 500 327 37 utbildningskonto
767 498 58 31 må
848 498 114 38 uppgå
987 497 51 31 till
1059 497 105 37 högst
1189 494 93 32 1200
1307 495 130 30 kronor
1460 493 56 31 för
1538 493 49 31 år.

106 556 239 37 Sammanlagt
359 555 57 30 må
428 554 285 37 insättningarna
727 552 116 38 uppgå
858 552 51 30 till
923 552 103 36 högst
1041 550 40 30 18
1094 549 64 31 000
1172 549 140 31 kronor.

150 610 125 30 Därest
296 610 98 37 uttag
416 608 19 30 å
456 607 328 38 utbildningskonto
804 606 104 34 skett,
928 604 59 31 må
1007 603 194 38 insättning
1221 602 31 38 ej
1276 601 118 31 vidare
1414 600 175 31 förekom-

106 673 67 21 ma.
188 663 40 37 Ej
245 663 108 30 heller
368 662 56 30 må
436 661 197 38 insättning
648 661 62 31 ske
723 659 88 31 efter
824 660 58 30 det
894 659 124 30 barnet
1032 657 80 38 fyllt
1125 656 41 31 20
1181 656 49 31 år.

151 716 263 37 Gottskrivning
433 725 41 21 av
493 715 19 31 å
530 714 328 38 utbildningskonto
877 713 180 37 upplupen
1074 713 102 29 ränta
1193 711 89 31 skall
1299 710 77 31 icke
1394 718 101 22 anses
1514 717 74 22 som

106 770 194 38 insättning
315 770 19 30 å
348 770 124 29 kontot
485 768 108 38 enligt
607 769 114 30 denna
734 767 216 37 förordning.

810 873 20 31 4
857 872 28 39 8.

154 930 196 37 Insättning
373 930 19 30 å
414 928 328 38 utbildningskonto
764 927 89 31 skall
873 935 84 22 vara
977 926 142 30 bunden
1137 925 13 30 i
1171 924 107 30 minst
1300 923 17 31 7
1338 923 39 30 år
1396 922 67 31 och
1482 921 109 31 minst

109 984 90 31 intill
212 985 80 29 dess
306 984 123 29 barnet
445 983 79 37 fyllt
540 982 39 30 16
594 982 49 30 år.

812 1086 19 32 5
858 1086 28 38 8.

155 1144 238 37 Uppkommer
414 1143 100 38 fråga
533 1151 58 21 om
612 1141 263 31 bestämmande
896 1149 42 21 av
957 1139 185 38 gåvoskatt
1162 1137 55 31 för
1236 1137 133 34 barnet,
1388 1135 92 31 skall
1500 1134 20 31 å
1539 1135 54 30 ut-

110 1198 286 37 bildningskonto
410 1197 110 30 insatt
533 1195 126 38 belopp
672 1195 79 30 icke
764 1194 222 31 medräknas.

813 1300 20 31 6
859 1300 29 38 8.

155 1357 144 31 Oavsett
319 1358 66 29 vad
407 1357 11 30 i
438 1357 20 29 4
481 1355 15 38 8
519 1357 105 36 sagts,
647 1355 57 30 må
723 1355 131 29 insatta
874 1353 110 30 medel
1006 1352 77 30 fritt
1103 1352 138 37 uttagas
1262 1349 79 31 från
1362 1348 231 37 utbildnings-

112 1412 107 29 konto
238 1411 90 30 efter
348 1411 57 30 det
424 1410 124 30 barnet
568 1409 80 37 fyllt
667 1408 38 30 21
728 1407 49 31 år.
798 1407 43 31 Så
859 1415 83 22 vare
960 1406 66 30 ock
1045 1405 98 30 fallet
1160 1413 58 21 om
1236 1403 124 30 barnet
1379 1401 131 32 avlidit.

816 1512 72 38 78.

156 1572 130 36 Belopp
310 1579 76 22 som
410 1570 136 37 uttages
573 1568 81 31 från
677 1565 328 39 utbildningskonto
1030 1564 89 31 skall
1142 1563 77 31 icke
1242 1571 101 22 anses
1368 1570 75 22 som
1466 1560 130 31 skatte-

112 1625 123 38 pliktig
249 1624 125 31 intäkt.

816 1726 19 31 8
862 1725 27 38 8.

158 1785 100 30 Bank
279 1784 83 30 eller
385 1791 118 22 annan
525 1781 361 39 penninginrättning,
908 1788 75 22 som
1006 1778 163 38 mottagit
1188 1776 194 38 insättning
1403 1775 45 38 på
1470 1775 127 31 utbild-

114 1838 223 38 ningskonto,
355 1837 64 30 har
437 1837 51 29 att
504 1835 99 37 varje
621 1835 38 30 år
677 1834 74 30 före
769 1835 66 29 den
855 1834 14 29 1
890 1832 155 31 februari
1064 1831 205 31 underrätta
1287 1823 309 47 taxeringsnämnd

114 1892 10 29 i
142 1890 276 31 vederbörandes
437 1888 328 30 hemortskommun
782 1895 58 21 om
859 1885 264 36 sammanlagda
1140 1883 160 37 beloppet
1317 1891 42 21 av
1375 1882 111 30 under
1503 1882 95 29 näst-

115 1944 207 38 föregående
337 1941 206 32 kalenderår
557 1940 214 32 verkställda
786 1939 246 37 insättningar.

818 2045 19 31 9
864 2044 28 39 5.

160 2103 125 37 Kungl.
311 2102 106 37 Maj:t
443 2102 81 37 äger
550 2099 158 31 meddela
733 2100 42 29 de
799 2099 163 30 närmare
986 2095 233 34 föreskrifter,
1242 2104 75 21 som
1343 2093 177 31 erfordras
1545 2091 55 31 för

116 2156 222 37 tillämpning
352 2164 43 21 av
408 2155 114 30 denna
538 2152 215 38 förordning.

161 2316 121 30 Denna
302 2313 205 37 förordning
526 2312 117 30 träder
662 2311 10 30 i
691 2310 96 31 kraft
805 2310 65 30 den
891 2309 13 30 1
925 2308 142 38 januari
1088 2307 98 34 1966;
1207 2306 89 30 dock
1314 2307 50 29 att
1381 2303 220 32 bestämmel-

118 2378 102 21 serna
239 2368 78 30 icke
339 2367 99 30 skola
459 2365 178 38 tillämpas
657 2363 57 31 vid
738 2363 84 31 1966
843 2362 57 32 års
916 2361 162 38 taxering
1099 2360 82 32 eller
1200 2359 57 31 vid
1278 2357 249 33 eftertaxering
1547 2356 55 31 för

121 2421 82 31 1966
218 2421 82 31 eller
314 2420 146 37 tidigare
473 2419 50 30 år.
