<?xml version="1.0" encoding="UTF-8"?>
<alto xmlns="http://www.loc.gov/standards/alto/ns-v3#" xmlns:xlink="http://www.w3.org/1999/xlink" xmlns:xsi="http://www.w3.org/2001/XMLSchema-instance" xsi:schemaLocation="http://www.loc.gov/standards/alto/ns-v3# http://www.loc.gov/alto/v3/alto-3-0.xsd">
	<Description>
		<MeasurementUnit>pixel</MeasurementUnit>
		<sourceImageInformation>
			<fileName>/tmp/tess_rnw72hnn_input.PNG</fileName>
		</sourceImageInformation>
		<OCRProcessing ID="OCR_0">
			<ocrProcessingStep>
				<processingSoftware>
					<softwareName>tesseract 5.3.0</softwareName>
				</processingSoftware>
			</ocrProcessingStep>
		</OCRProcessing>
	</Description>
	<Layout>
		<Page WIDTH="2218" HEIGHT="2644" PHYSICAL_IMG_NR="0" ID="page_0">
			<PrintSpace HPOS="0" VPOS="0" WIDTH="2218" HEIGHT="2644">
				<ComposedBlock ID="cblock_0" HPOS="585" VPOS="216" WIDTH="1124" HEIGHT="42">
					<TextBlock ID="block_0" HPOS="585" VPOS="216" WIDTH="1124" HEIGHT="42">
						<TextLine ID="line_0" HPOS="585" VPOS="216" WIDTH="1124" HEIGHT="42">
							<String ID="string_0" HPOS="585" VPOS="216" WIDTH="381" HEIGHT="42" WC="0.92" CONTENT="Bevillningsutskottets"/><SP WIDTH="23" VPOS="216" HPOS="966"/>
							<String ID="string_1" HPOS="989" VPOS="216" WIDTH="173" HEIGHT="33" WC="0.95" CONTENT="Memorial"/><SP WIDTH="22" VPOS="216" HPOS="1162"/>
							<String ID="string_2" HPOS="1184" VPOS="216" WIDTH="62" HEIGHT="32" WC="0.93" CONTENT="N:o"/><SP WIDTH="23" VPOS="216" HPOS="1246"/>
							<String ID="string_3" HPOS="1269" VPOS="219" WIDTH="48" HEIGHT="29" WC="0.96" CONTENT="12."/><SP WIDTH="375" VPOS="219" HPOS="1317"/>
							<String ID="string_4" HPOS="1692" VPOS="220" WIDTH="17" HEIGHT="28" WC="0.96" CONTENT="3"/>
						</TextLine>
					</TextBlock>
				</ComposedBlock>
				<ComposedBlock ID="cblock_1" HPOS="134" VPOS="300" WIDTH="1620" HEIGHT="754">
					<TextBlock ID="block_1" HPOS="276" VPOS="300" WIDTH="1474" HEIGHT="47">
						<TextLine ID="line_1" HPOS="276" VPOS="300" WIDTH="1474" HEIGHT="47">
							<String ID="string_5" HPOS="276" VPOS="303" WIDTH="18" HEIGHT="35" WC="0.93" CONTENT="I"/><SP WIDTH="28" VPOS="303" HPOS="294"/>
							<String ID="string_6" HPOS="322" VPOS="304" WIDTH="99" HEIGHT="34" WC="0.91" CONTENT="2:dra"/><SP WIDTH="29" VPOS="304" HPOS="421"/>
							<String ID="string_7" HPOS="450" VPOS="304" WIDTH="157" HEIGHT="43" WC="0.96" CONTENT="punkten"/><SP WIDTH="27" VPOS="304" HPOS="607"/>
							<String ID="string_8" HPOS="634" VPOS="304" WIDTH="90" HEIGHT="34" WC="0.96" CONTENT="hade"/><SP WIDTH="29" VPOS="304" HPOS="724"/>
							<String ID="string_9" HPOS="753" VPOS="303" WIDTH="173" HEIGHT="34" WC="0.93" CONTENT="utskottet"/><SP WIDTH="28" VPOS="303" HPOS="926"/>
							<String ID="string_10" HPOS="954" VPOS="303" WIDTH="174" HEIGHT="42" WC="0.90" CONTENT="hemstält,"/><SP WIDTH="30" VPOS="303" HPOS="1128"/>
							<String ID="string_11" HPOS="1158" VPOS="306" WIDTH="55" HEIGHT="31" WC="0.96" CONTENT="att"/><SP WIDTH="27" VPOS="306" HPOS="1213"/>
							<String ID="string_12" HPOS="1240" VPOS="302" WIDTH="203" HEIGHT="45" WC="0.96" CONTENT="Riksdagen"/><SP WIDTH="29" VPOS="302" HPOS="1443"/>
							<String ID="string_13" HPOS="1472" VPOS="300" WIDTH="109" HEIGHT="37" WC="0.96" CONTENT="måtte"/><SP WIDTH="19" VPOS="300" HPOS="1581"/>
							<String ID="string_14" HPOS="1600" VPOS="303" WIDTH="150" HEIGHT="43" WC="0.96" CONTENT="besluta,"/>
						</TextLine>
					</TextBlock>
					<TextBlock ID="block_2" HPOS="141" VPOS="352" WIDTH="1613" HEIGHT="97">
						<TextLine ID="line_2" HPOS="277" VPOS="352" WIDTH="1477" HEIGHT="48">
							<String ID="string_15" HPOS="277" VPOS="356" WIDTH="31" HEIGHT="44" WC="0.96" CONTENT="a)"/><SP WIDTH="42" VPOS="356" HPOS="308"/>
							<String ID="string_16" HPOS="350" VPOS="358" WIDTH="54" HEIGHT="31" WC="0.93" CONTENT="att"/><SP WIDTH="41" VPOS="358" HPOS="404"/>
							<String ID="string_17" HPOS="445" VPOS="355" WIDTH="184" HEIGHT="34" WC="0.90" CONTENT="tullsatsen"/><SP WIDTH="45" VPOS="355" HPOS="629"/>
							<String ID="string_18" HPOS="674" VPOS="352" WIDTH="21" HEIGHT="37" WC="0.92" CONTENT="å"/><SP WIDTH="40" VPOS="352" HPOS="695"/>
							<String ID="string_19" HPOS="735" VPOS="354" WIDTH="153" HEIGHT="34" WC="0.91" CONTENT="sulläder"/><SP WIDTH="33" VPOS="354" HPOS="888"/>
							<String ID="string_20" HPOS="921" VPOS="353" WIDTH="57" HEIGHT="35" WC="0.93" CONTENT="och"/><SP WIDTH="28" VPOS="353" HPOS="978"/>
							<String ID="string_21" HPOS="1006" VPOS="353" WIDTH="238" HEIGHT="35" WC="0.91" CONTENT="bindsulläder"/><SP WIDTH="27" VPOS="353" HPOS="1244"/>
							<String ID="string_22" HPOS="1271" VPOS="352" WIDTH="108" HEIGHT="36" WC="0.96" CONTENT="måtte"/><SP WIDTH="29" VPOS="352" HPOS="1379"/>
							<String ID="string_23" HPOS="1408" VPOS="353" WIDTH="101" HEIGHT="45" WC="0.96" CONTENT="höjas"/><SP WIDTH="27" VPOS="353" HPOS="1509"/>
							<String ID="string_24" HPOS="1536" VPOS="354" WIDTH="53" HEIGHT="35" WC="0.96" CONTENT="till"/><SP WIDTH="28" VPOS="354" HPOS="1589"/>
							<String ID="string_25" HPOS="1617" VPOS="355" WIDTH="52" HEIGHT="33" WC="0.96" CONTENT="40"/><SP WIDTH="28" VPOS="355" HPOS="1669"/>
							<String ID="string_26" HPOS="1697" VPOS="359" WIDTH="57" HEIGHT="29" WC="0.95" CONTENT="öre"/>
						</TextLine>
						<TextLine ID="line_3" HPOS="141" VPOS="405" WIDTH="1549" HEIGHT="44">
							<String ID="string_27" HPOS="141" VPOS="415" WIDTH="62" HEIGHT="33" WC="0.96" CONTENT="per"/><SP WIDTH="28" VPOS="415" HPOS="203"/>
							<String ID="string_28" HPOS="231" VPOS="405" WIDTH="187" HEIGHT="44" WC="0.84" CONTENT="kilogram;"/><SP WIDTH="1264" VPOS="405" HPOS="418"/>
							<String ID="string_29" HPOS="1682" VPOS="430" WIDTH="8" HEIGHT="6" WC="0.72" CONTENT="&gt;"/>
						</TextLine>
					</TextBlock>
					<TextBlock ID="block_3" HPOS="138" VPOS="454" WIDTH="1613" HEIGHT="96">
						<TextLine ID="line_4" HPOS="275" VPOS="454" WIDTH="1476" HEIGHT="48">
							<String ID="string_30" HPOS="275" VPOS="455" WIDTH="33" HEIGHT="47" WC="0.91" CONTENT="b)"/><SP WIDTH="41" VPOS="455" HPOS="308"/>
							<String ID="string_31" HPOS="349" VPOS="459" WIDTH="53" HEIGHT="30" WC="0.87" CONTENT="att"/><SP WIDTH="39" VPOS="459" HPOS="402"/>
							<String ID="string_32" HPOS="441" VPOS="456" WIDTH="185" HEIGHT="34" WC="0.87" CONTENT="tullsatsen"/><SP WIDTH="42" VPOS="456" HPOS="626"/>
							<String ID="string_33" HPOS="668" VPOS="454" WIDTH="20" HEIGHT="36" WC="0.92" CONTENT="å"/><SP WIDTH="27" VPOS="454" HPOS="688"/>
							<String ID="string_34" HPOS="715" VPOS="455" WIDTH="112" HEIGHT="35" WC="0.96" CONTENT="hudar"/><SP WIDTH="26" VPOS="455" HPOS="827"/>
							<String ID="string_35" HPOS="853" VPOS="455" WIDTH="59" HEIGHT="34" WC="0.96" CONTENT="och"/><SP WIDTH="26" VPOS="455" HPOS="912"/>
							<String ID="string_36" HPOS="938" VPOS="455" WIDTH="111" HEIGHT="42" WC="0.91" CONTENT="skinn,"/><SP WIDTH="29" VPOS="455" HPOS="1049"/>
							<String ID="string_37" HPOS="1078" VPOS="456" WIDTH="34" HEIGHT="41" WC="0.75" CONTENT="e&amp;"/><SP WIDTH="24" VPOS="456" HPOS="1112"/>
							<String ID="string_38" HPOS="1136" VPOS="454" WIDTH="197" HEIGHT="44" WC="0.84" CONTENT="hänförliga"/><SP WIDTH="28" VPOS="454" HPOS="1333"/>
							<String ID="string_39" HPOS="1361" VPOS="455" WIDTH="55" HEIGHT="34" WC="0.92" CONTENT="till"/><SP WIDTH="21" VPOS="455" HPOS="1416"/>
							<String ID="string_40" HPOS="1437" VPOS="455" WIDTH="170" HEIGHT="44" WC="0.91" CONTENT="pelsverk,"/><SP WIDTH="30" VPOS="455" HPOS="1607"/>
							<String ID="string_41" HPOS="1637" VPOS="456" WIDTH="114" HEIGHT="33" WC="0.96" CONTENT="andra"/>
						</TextLine>
						<TextLine ID="line_5" HPOS="138" VPOS="505" WIDTH="894" HEIGHT="45">
							<String ID="string_42" HPOS="138" VPOS="505" WIDTH="86" HEIGHT="44" WC="0.96" CONTENT="slag,"/><SP WIDTH="30" VPOS="505" HPOS="224"/>
							<String ID="string_43" HPOS="254" VPOS="505" WIDTH="107" HEIGHT="35" WC="0.96" CONTENT="måtte"/><SP WIDTH="28" VPOS="505" HPOS="361"/>
							<String ID="string_44" HPOS="389" VPOS="505" WIDTH="99" HEIGHT="44" WC="0.94" CONTENT="höjas"/><SP WIDTH="28" VPOS="505" HPOS="488"/>
							<String ID="string_45" HPOS="516" VPOS="506" WIDTH="54" HEIGHT="34" WC="0.96" CONTENT="till"/><SP WIDTH="29" VPOS="506" HPOS="570"/>
							<String ID="string_46" HPOS="599" VPOS="507" WIDTH="49" HEIGHT="34" WC="0.95" CONTENT="65"/><SP WIDTH="29" VPOS="507" HPOS="648"/>
							<String ID="string_47" HPOS="677" VPOS="511" WIDTH="57" HEIGHT="29" WC="0.96" CONTENT="öre"/><SP WIDTH="27" VPOS="511" HPOS="734"/>
							<String ID="string_48" HPOS="761" VPOS="516" WIDTH="61" HEIGHT="33" WC="0.96" CONTENT="per"/><SP WIDTH="27" VPOS="516" HPOS="822"/>
							<String ID="string_49" HPOS="849" VPOS="506" WIDTH="183" HEIGHT="44" WC="0.96" CONTENT="kilogram."/>
						</TextLine>
					</TextBlock>
					<TextBlock ID="block_4" HPOS="136" VPOS="556" WIDTH="1615" HEIGHT="94">
						<TextLine ID="line_6" HPOS="274" VPOS="556" WIDTH="1477" HEIGHT="44">
							<String ID="string_50" HPOS="274" VPOS="556" WIDTH="94" HEIGHT="35" WC="0.92" CONTENT="Herr"/><SP WIDTH="40" VPOS="556" HPOS="368"/>
							<String ID="string_51" HPOS="408" VPOS="556" WIDTH="37" HEIGHT="35" WC="0.90" CONTENT="J."/><SP WIDTH="43" VPOS="556" HPOS="445"/>
							<String ID="string_52" HPOS="488" VPOS="556" WIDTH="198" HEIGHT="35" WC="0.93" CONTENT="Johansson"/><SP WIDTH="42" VPOS="556" HPOS="686"/>
							<String ID="string_53" HPOS="728" VPOS="567" WIDTH="42" HEIGHT="24" WC="0.89" CONTENT="m."/><SP WIDTH="42" VPOS="567" HPOS="770"/>
							<String ID="string_54" HPOS="812" VPOS="556" WIDTH="33" HEIGHT="34" WC="0.64" CONTENT="fl."/><SP WIDTH="43" VPOS="556" HPOS="845"/>
							<String ID="string_55" HPOS="888" VPOS="557" WIDTH="40" HEIGHT="33" WC="0.95" CONTENT="af"/><SP WIDTH="36" VPOS="557" HPOS="928"/>
							<String ID="string_56" HPOS="964" VPOS="557" WIDTH="192" HEIGHT="35" WC="0.95" CONTENT="utskottets"/><SP WIDTH="40" VPOS="557" HPOS="1156"/>
							<String ID="string_57" HPOS="1196" VPOS="557" WIDTH="193" HEIGHT="34" WC="0.95" CONTENT="ledamöter"/><SP WIDTH="41" VPOS="557" HPOS="1389"/>
							<String ID="string_58" HPOS="1430" VPOS="557" WIDTH="89" HEIGHT="33" WC="0.93" CONTENT="hade"/><SP WIDTH="34" VPOS="557" HPOS="1519"/>
							<String ID="string_59" HPOS="1553" VPOS="556" WIDTH="11" HEIGHT="34" WC="0.93" CONTENT="i"/><SP WIDTH="29" VPOS="556" HPOS="1564"/>
							<String ID="string_60" HPOS="1593" VPOS="556" WIDTH="158" HEIGHT="44" WC="0.90" CONTENT="afgifven"/>
						</TextLine>
						<TextLine ID="line_7" HPOS="136" VPOS="607" WIDTH="424" HEIGHT="43">
							<String ID="string_61" HPOS="136" VPOS="607" WIDTH="219" HEIGHT="34" WC="0.89" CONTENT="reservation"/><SP WIDTH="27" VPOS="607" HPOS="355"/>
							<String ID="string_62" HPOS="382" VPOS="608" WIDTH="178" HEIGHT="42" WC="0.89" CONTENT="hemstält,"/>
						</TextLine>
					</TextBlock>
					<TextBlock ID="block_5" HPOS="135" VPOS="656" WIDTH="1614" HEIGHT="96">
						<TextLine ID="line_8" HPOS="271" VPOS="656" WIDTH="1478" HEIGHT="48">
							<String ID="string_63" HPOS="271" VPOS="656" WIDTH="33" HEIGHT="48" WC="0.96" CONTENT="a)"/><SP WIDTH="29" VPOS="656" HPOS="304"/>
							<String ID="string_64" HPOS="333" VPOS="661" WIDTH="54" HEIGHT="31" WC="0.93" CONTENT="att"/><SP WIDTH="26" VPOS="661" HPOS="387"/>
							<String ID="string_65" HPOS="413" VPOS="658" WIDTH="184" HEIGHT="34" WC="0.91" CONTENT="tullsatsen"/><SP WIDTH="29" VPOS="658" HPOS="597"/>
							<String ID="string_66" HPOS="626" VPOS="658" WIDTH="55" HEIGHT="34" WC="0.96" CONTENT="för"/><SP WIDTH="27" VPOS="658" HPOS="681"/>
							<String ID="string_67" HPOS="708" VPOS="657" WIDTH="112" HEIGHT="35" WC="0.96" CONTENT="hudar"/><SP WIDTH="26" VPOS="657" HPOS="820"/>
							<String ID="string_68" HPOS="846" VPOS="657" WIDTH="58" HEIGHT="34" WC="0.96" CONTENT="och"/><SP WIDTH="28" VPOS="657" HPOS="904"/>
							<String ID="string_69" HPOS="932" VPOS="657" WIDTH="111" HEIGHT="43" WC="0.96" CONTENT="skinn,"/><SP WIDTH="21" VPOS="657" HPOS="1043"/>
							<String ID="string_70" HPOS="1064" VPOS="658" WIDTH="35" HEIGHT="41" WC="0.77" CONTENT="ej"/><SP WIDTH="15" VPOS="658" HPOS="1099"/>
							<String ID="string_71" HPOS="1114" VPOS="657" WIDTH="200" HEIGHT="44" WC="0.90" CONTENT="hänförliga"/><SP WIDTH="19" VPOS="657" HPOS="1314"/>
							<String ID="string_72" HPOS="1333" VPOS="657" WIDTH="54" HEIGHT="35" WC="0.93" CONTENT="till"/><SP WIDTH="8" VPOS="657" HPOS="1387"/>
							<String ID="string_73" HPOS="1395" VPOS="657" WIDTH="170" HEIGHT="45" WC="0.92" CONTENT="pelsverk,"/><SP WIDTH="17" VPOS="657" HPOS="1565"/>
							<String ID="string_74" HPOS="1582" VPOS="657" WIDTH="167" HEIGHT="35" WC="0.96" CONTENT="beredda:"/>
						</TextLine>
						<TextLine ID="line_9" HPOS="135" VPOS="706" WIDTH="1415" HEIGHT="46">
							<String ID="string_75" HPOS="135" VPOS="709" WIDTH="156" HEIGHT="34" WC="0.92" CONTENT="sulläder"/><SP WIDTH="27" VPOS="709" HPOS="291"/>
							<String ID="string_76" HPOS="318" VPOS="709" WIDTH="58" HEIGHT="33" WC="0.93" CONTENT="och"/><SP WIDTH="26" VPOS="709" HPOS="376"/>
							<String ID="string_77" HPOS="402" VPOS="709" WIDTH="239" HEIGHT="34" WC="0.91" CONTENT="bindsulläder"/><SP WIDTH="26" VPOS="709" HPOS="641"/>
							<String ID="string_78" HPOS="667" VPOS="706" WIDTH="109" HEIGHT="36" WC="0.96" CONTENT="måtte"/><SP WIDTH="28" VPOS="706" HPOS="776"/>
							<String ID="string_79" HPOS="804" VPOS="706" WIDTH="193" HEIGHT="36" WC="0.95" CONTENT="bibehållas"/><SP WIDTH="27" VPOS="706" HPOS="997"/>
							<String ID="string_80" HPOS="1024" VPOS="708" WIDTH="58" HEIGHT="34" WC="0.96" CONTENT="vid"/><SP WIDTH="31" VPOS="708" HPOS="1082"/>
							<String ID="string_81" HPOS="1113" VPOS="710" WIDTH="47" HEIGHT="32" WC="0.96" CONTENT="24"/><SP WIDTH="27" VPOS="710" HPOS="1160"/>
							<String ID="string_82" HPOS="1187" VPOS="711" WIDTH="59" HEIGHT="31" WC="0.95" CONTENT="öre"/><SP WIDTH="27" VPOS="711" HPOS="1246"/>
							<String ID="string_83" HPOS="1273" VPOS="718" WIDTH="61" HEIGHT="34" WC="0.95" CONTENT="per"/><SP WIDTH="27" VPOS="718" HPOS="1334"/>
							<String ID="string_84" HPOS="1361" VPOS="708" WIDTH="189" HEIGHT="44" WC="0.95" CONTENT="kilogram;"/>
						</TextLine>
					</TextBlock>
					<TextBlock ID="block_6" HPOS="136" VPOS="758" WIDTH="1613" HEIGHT="146">
						<TextLine ID="line_10" HPOS="270" VPOS="758" WIDTH="1479" HEIGHT="46">
							<String ID="string_85" HPOS="270" VPOS="758" WIDTH="33" HEIGHT="46" WC="0.91" CONTENT="b)"/><SP WIDTH="29" VPOS="758" HPOS="303"/>
							<String ID="string_86" HPOS="332" VPOS="762" WIDTH="54" HEIGHT="31" WC="0.93" CONTENT="att"/><SP WIDTH="47" VPOS="762" HPOS="386"/>
							<String ID="string_87" HPOS="433" VPOS="760" WIDTH="185" HEIGHT="33" WC="0.90" CONTENT="tullsatsen"/><SP WIDTH="46" VPOS="760" HPOS="618"/>
							<String ID="string_88" HPOS="664" VPOS="760" WIDTH="54" HEIGHT="33" WC="0.96" CONTENT="för"/><SP WIDTH="38" VPOS="760" HPOS="718"/>
							<String ID="string_89" HPOS="756" VPOS="758" WIDTH="113" HEIGHT="35" WC="0.95" CONTENT="hudar"/><SP WIDTH="40" VPOS="758" HPOS="869"/>
							<String ID="string_90" HPOS="909" VPOS="759" WIDTH="59" HEIGHT="34" WC="0.96" CONTENT="och"/><SP WIDTH="31" VPOS="759" HPOS="968"/>
							<String ID="string_91" HPOS="999" VPOS="759" WIDTH="110" HEIGHT="42" WC="0.89" CONTENT="skinn,"/><SP WIDTH="35" VPOS="759" HPOS="1109"/>
							<String ID="string_92" HPOS="1144" VPOS="761" WIDTH="34" HEIGHT="39" WC="0.76" CONTENT="e"/><SP WIDTH="25" VPOS="761" HPOS="1178"/>
							<String ID="string_93" HPOS="1203" VPOS="758" WIDTH="198" HEIGHT="45" WC="0.86" CONTENT="hänförliga"/><SP WIDTH="28" VPOS="758" HPOS="1401"/>
							<String ID="string_94" HPOS="1429" VPOS="759" WIDTH="54" HEIGHT="33" WC="0.80" CONTENT="till:"/><SP WIDTH="20" VPOS="759" HPOS="1483"/>
							<String ID="string_95" HPOS="1503" VPOS="758" WIDTH="169" HEIGHT="44" WC="0.89" CONTENT="pelsverk,"/><SP WIDTH="28" VPOS="758" HPOS="1672"/>
							<String ID="string_96" HPOS="1700" VPOS="758" WIDTH="49" HEIGHT="34" WC="0.92" CONTENT="be-"/>
						</TextLine>
						<TextLine ID="line_11" HPOS="136" VPOS="806" WIDTH="1611" HEIGHT="48">
							<String ID="string_97" HPOS="136" VPOS="810" WIDTH="109" HEIGHT="33" WC="0.72" CONTENT="redda"/><SP WIDTH="11" VPOS="810" HPOS="245"/>
							<String ID="string_98" HPOS="256" VPOS="821" WIDTH="8" HEIGHT="23" WC="0.72" CONTENT=":"/><SP WIDTH="29" VPOS="821" HPOS="264"/>
							<String ID="string_99" HPOS="293" VPOS="811" WIDTH="113" HEIGHT="33" WC="0.96" CONTENT="andra"/><SP WIDTH="26" VPOS="811" HPOS="406"/>
							<String ID="string_100" HPOS="432" VPOS="810" WIDTH="76" HEIGHT="44" WC="0.93" CONTENT="slag"/><SP WIDTH="24" VPOS="810" HPOS="508"/>
							<String ID="string_101" HPOS="532" VPOS="809" WIDTH="132" HEIGHT="45" WC="0.91" CONTENT="jemväl"/><SP WIDTH="28" VPOS="809" HPOS="664"/>
							<String ID="string_102" HPOS="692" VPOS="807" WIDTH="108" HEIGHT="37" WC="0.96" CONTENT="måtte"/><SP WIDTH="27" VPOS="807" HPOS="800"/>
							<String ID="string_103" HPOS="827" VPOS="806" WIDTH="195" HEIGHT="37" WC="0.96" CONTENT="bibehållas"/><SP WIDTH="27" VPOS="806" HPOS="1022"/>
							<String ID="string_104" HPOS="1049" VPOS="810" WIDTH="58" HEIGHT="34" WC="0.96" CONTENT="vid"/><SP WIDTH="19" VPOS="810" HPOS="1107"/>
							<String ID="string_105" HPOS="1126" VPOS="819" WIDTH="48" HEIGHT="24" WC="0.96" CONTENT="nu"/><SP WIDTH="18" VPOS="819" HPOS="1174"/>
							<String ID="string_106" HPOS="1192" VPOS="809" WIDTH="162" HEIGHT="44" WC="0.96" CONTENT="gällande"/><SP WIDTH="19" VPOS="809" HPOS="1354"/>
							<String ID="string_107" HPOS="1373" VPOS="809" WIDTH="123" HEIGHT="43" WC="0.96" CONTENT="belopp"/><SP WIDTH="20" VPOS="809" HPOS="1496"/>
							<String ID="string_108" HPOS="1516" VPOS="809" WIDTH="85" HEIGHT="34" WC="0.96" CONTENT="eller"/><SP WIDTH="20" VPOS="809" HPOS="1601"/>
							<String ID="string_109" HPOS="1621" VPOS="811" WIDTH="45" HEIGHT="32" WC="0.96" CONTENT="47"/><SP WIDTH="23" VPOS="811" HPOS="1666"/>
							<String ID="string_110" HPOS="1689" VPOS="812" WIDTH="58" HEIGHT="31" WC="0.96" CONTENT="öre"/>
						</TextLine>
						<TextLine ID="line_12" HPOS="136" VPOS="860" WIDTH="275" HEIGHT="44">
							<String ID="string_111" HPOS="136" VPOS="870" WIDTH="63" HEIGHT="33" WC="0.95" CONTENT="per"/><SP WIDTH="28" VPOS="870" HPOS="199"/>
							<String ID="string_112" HPOS="227" VPOS="860" WIDTH="184" HEIGHT="44" WC="0.96" CONTENT="kilogram."/>
						</TextLine>
					</TextBlock>
					<TextBlock ID="block_7" HPOS="271" VPOS="909" WIDTH="1473" HEIGHT="44">
						<TextLine ID="line_13" HPOS="271" VPOS="909" WIDTH="1473" HEIGHT="44">
							<String ID="string_113" HPOS="271" VPOS="909" WIDTH="127" HEIGHT="36" WC="0.95" CONTENT="Första"/><SP WIDTH="40" VPOS="909" HPOS="398"/>
							<String ID="string_114" HPOS="438" VPOS="910" WIDTH="216" HEIGHT="35" WC="0.95" CONTENT="Kammaren"/><SP WIDTH="42" VPOS="910" HPOS="654"/>
							<String ID="string_115" HPOS="696" VPOS="911" WIDTH="65" HEIGHT="34" WC="0.88" CONTENT="har"/><SP WIDTH="32" VPOS="911" HPOS="761"/>
							<String ID="string_116" HPOS="793" VPOS="910" WIDTH="128" HEIGHT="34" WC="0.88" CONTENT="bifallit"/><SP WIDTH="27" VPOS="910" HPOS="921"/>
							<String ID="string_117" HPOS="948" VPOS="911" WIDTH="192" HEIGHT="33" WC="0.96" CONTENT="utskottets"/><SP WIDTH="27" VPOS="911" HPOS="1140"/>
							<String ID="string_118" HPOS="1167" VPOS="910" WIDTH="208" HEIGHT="34" WC="0.95" CONTENT="hemställan"/><SP WIDTH="29" VPOS="910" HPOS="1375"/>
							<String ID="string_119" HPOS="1404" VPOS="910" WIDTH="11" HEIGHT="33" WC="0.96" CONTENT="i"/><SP WIDTH="27" VPOS="910" HPOS="1415"/>
							<String ID="string_120" HPOS="1442" VPOS="910" WIDTH="150" HEIGHT="34" WC="0.94" CONTENT="nämnda"/><SP WIDTH="30" VPOS="910" HPOS="1592"/>
							<String ID="string_121" HPOS="1622" VPOS="910" WIDTH="122" HEIGHT="43" WC="0.95" CONTENT="punkt."/>
						</TextLine>
					</TextBlock>
					<TextBlock ID="block_8" HPOS="134" VPOS="960" WIDTH="1613" HEIGHT="94">
						<TextLine ID="line_14" HPOS="269" VPOS="960" WIDTH="1478" HEIGHT="44">
							<String ID="string_122" HPOS="269" VPOS="961" WIDTH="124" HEIGHT="34" WC="0.95" CONTENT="Andra"/><SP WIDTH="41" VPOS="961" HPOS="393"/>
							<String ID="string_123" HPOS="434" VPOS="960" WIDTH="216" HEIGHT="36" WC="0.95" CONTENT="Kammaren"/><SP WIDTH="33" VPOS="960" HPOS="650"/>
							<String ID="string_124" HPOS="683" VPOS="962" WIDTH="65" HEIGHT="33" WC="0.93" CONTENT="har"/><SP WIDTH="28" VPOS="962" HPOS="748"/>
							<String ID="string_125" HPOS="776" VPOS="961" WIDTH="155" HEIGHT="34" WC="0.90" CONTENT="deremot"/><SP WIDTH="28" VPOS="961" HPOS="931"/>
							<String ID="string_126" HPOS="959" VPOS="961" WIDTH="145" HEIGHT="43" WC="0.90" CONTENT="afslagit"/><SP WIDTH="27" VPOS="961" HPOS="1104"/>
							<String ID="string_127" HPOS="1131" VPOS="961" WIDTH="94" HEIGHT="34" WC="0.96" CONTENT="hvad"/><SP WIDTH="27" VPOS="961" HPOS="1225"/>
							<String ID="string_128" HPOS="1252" VPOS="961" WIDTH="175" HEIGHT="34" WC="0.96" CONTENT="utskottet"/><SP WIDTH="27" VPOS="961" HPOS="1427"/>
							<String ID="string_129" HPOS="1454" VPOS="960" WIDTH="11" HEIGHT="34" WC="0.96" CONTENT="i"/><SP WIDTH="28" VPOS="960" HPOS="1465"/>
							<String ID="string_130" HPOS="1493" VPOS="961" WIDTH="113" HEIGHT="33" WC="0.96" CONTENT="denna"/><SP WIDTH="28" VPOS="961" HPOS="1606"/>
							<String ID="string_131" HPOS="1634" VPOS="961" WIDTH="113" HEIGHT="42" WC="0.96" CONTENT="punkt"/>
						</TextLine>
						<TextLine ID="line_15" HPOS="134" VPOS="1010" WIDTH="1613" HEIGHT="44">
							<String ID="string_132" HPOS="134" VPOS="1012" WIDTH="164" HEIGHT="34" WC="0.91" CONTENT="hemstält"/><SP WIDTH="40" VPOS="1012" HPOS="298"/>
							<String ID="string_133" HPOS="338" VPOS="1013" WIDTH="64" HEIGHT="34" WC="0.92" CONTENT="och"/><SP WIDTH="41" VPOS="1013" HPOS="402"/>
							<String ID="string_134" HPOS="443" VPOS="1012" WIDTH="128" HEIGHT="34" WC="0.78" CONTENT="bifallit"/><SP WIDTH="41" VPOS="1012" HPOS="571"/>
							<String ID="string_135" HPOS="612" VPOS="1012" WIDTH="65" HEIGHT="34" WC="0.96" CONTENT="den"/><SP WIDTH="42" VPOS="1012" HPOS="677"/>
							<String ID="string_136" HPOS="719" VPOS="1012" WIDTH="37" HEIGHT="33" WC="0.96" CONTENT="af"/><SP WIDTH="39" VPOS="1012" HPOS="756"/>
							<String ID="string_137" HPOS="795" VPOS="1012" WIDTH="81" HEIGHT="34" WC="0.93" CONTENT="herr"/><SP WIDTH="32" VPOS="1012" HPOS="876"/>
							<String ID="string_138" HPOS="908" VPOS="1010" WIDTH="37" HEIGHT="36" WC="0.86" CONTENT="J."/><SP WIDTH="35" VPOS="1010" HPOS="945"/>
							<String ID="string_139" HPOS="980" VPOS="1010" WIDTH="199" HEIGHT="36" WC="0.93" CONTENT="Johansson"/><SP WIDTH="35" VPOS="1010" HPOS="1179"/>
							<String ID="string_140" HPOS="1214" VPOS="1022" WIDTH="41" HEIGHT="23" WC="0.87" CONTENT="m."/><SP WIDTH="30" VPOS="1022" HPOS="1255"/>
							<String ID="string_141" HPOS="1285" VPOS="1011" WIDTH="33" HEIGHT="34" WC="0.94" CONTENT="fl."/><SP WIDTH="30" VPOS="1011" HPOS="1318"/>
							<String ID="string_142" HPOS="1348" VPOS="1011" WIDTH="60" HEIGHT="35" WC="0.96" CONTENT="vid"/><SP WIDTH="28" VPOS="1011" HPOS="1408"/>
							<String ID="string_143" HPOS="1436" VPOS="1011" WIDTH="156" HEIGHT="43" WC="0.96" CONTENT="punkten"/><SP WIDTH="29" VPOS="1011" HPOS="1592"/>
							<String ID="string_144" HPOS="1621" VPOS="1011" WIDTH="126" HEIGHT="43" WC="0.96" CONTENT="fogade"/>
						</TextLine>
					</TextBlock>
				</ComposedBlock>
				<ComposedBlock ID="cblock_2" HPOS="132" VPOS="1063" WIDTH="1465" HEIGHT="94">
					<TextBlock ID="block_9" HPOS="132" VPOS="1063" WIDTH="1465" HEIGHT="94">
						<TextLine ID="line_16" HPOS="132" VPOS="1063" WIDTH="232" HEIGHT="34">
							<String ID="string_145" HPOS="132" VPOS="1063" WIDTH="232" HEIGHT="34" WC="0.95" CONTENT="reservation."/>
						</TextLine>
						<TextLine ID="line_17" HPOS="267" VPOS="1110" WIDTH="1330" HEIGHT="47">
							<String ID="string_146" HPOS="267" VPOS="1112" WIDTH="70" HEIGHT="35" WC="0.96" CONTENT="För"/><SP WIDTH="27" VPOS="1112" HPOS="337"/>
							<String ID="string_147" HPOS="364" VPOS="1111" WIDTH="145" HEIGHT="46" WC="0.92" CONTENT="frågans"/><SP WIDTH="27" VPOS="1111" HPOS="509"/>
							<String ID="string_148" HPOS="536" VPOS="1113" WIDTH="192" HEIGHT="44" WC="0.92" CONTENT="afgörande"/><SP WIDTH="28" VPOS="1113" HPOS="728"/>
							<String ID="string_149" HPOS="756" VPOS="1114" WIDTH="144" HEIGHT="34" WC="0.96" CONTENT="medelst"/><SP WIDTH="27" VPOS="1114" HPOS="900"/>
							<String ID="string_150" HPOS="927" VPOS="1123" WIDTH="197" HEIGHT="34" WC="0.96" CONTENT="gemensam"/><SP WIDTH="30" VPOS="1123" HPOS="1124"/>
							<String ID="string_151" HPOS="1154" VPOS="1113" WIDTH="161" HEIGHT="43" WC="0.96" CONTENT="votering"/><SP WIDTH="26" VPOS="1113" HPOS="1315"/>
							<String ID="string_152" HPOS="1341" VPOS="1110" WIDTH="56" HEIGHT="37" WC="0.96" CONTENT="får"/><SP WIDTH="24" VPOS="1110" HPOS="1397"/>
							<String ID="string_153" HPOS="1421" VPOS="1113" WIDTH="176" HEIGHT="34" WC="0.96" CONTENT="utskottet"/>
						</TextLine>
					</TextBlock>
				</ComposedBlock>
				<ComposedBlock ID="cblock_3" HPOS="268" VPOS="1212" WIDTH="845" HEIGHT="48">
					<TextBlock ID="block_10" HPOS="268" VPOS="1212" WIDTH="845" HEIGHT="48">
						<TextLine ID="line_18" HPOS="268" VPOS="1212" WIDTH="845" HEIGHT="48">
							<String ID="string_154" HPOS="268" VPOS="1212" WIDTH="67" HEIGHT="48" WC="0.91" CONTENT="4:0)"/><SP WIDTH="30" VPOS="1212" HPOS="335"/>
							<String ID="string_155" HPOS="365" VPOS="1212" WIDTH="129" HEIGHT="37" WC="0.96" CONTENT="föreslå"/><SP WIDTH="27" VPOS="1212" HPOS="494"/>
							<String ID="string_156" HPOS="521" VPOS="1214" WIDTH="155" HEIGHT="45" WC="0.93" CONTENT="följande"/><SP WIDTH="27" VPOS="1214" HPOS="676"/>
							<String ID="string_157" HPOS="703" VPOS="1215" WIDTH="410" HEIGHT="43" WC="0.91" CONTENT="voteringsproposition:"/>
						</TextLine>
					</TextBlock>
				</ComposedBlock>
				<ComposedBlock ID="cblock_4" HPOS="134" VPOS="1314" WIDTH="1610" HEIGHT="248">
					<TextBlock ID="block_11" HPOS="271" VPOS="1314" WIDTH="1019" HEIGHT="45">
						<TextLine ID="line_19" HPOS="271" VPOS="1314" WIDTH="1019" HEIGHT="45">
							<String ID="string_158" HPOS="271" VPOS="1314" WIDTH="111" HEIGHT="43" WC="0.88" CONTENT="»Den,"/><SP WIDTH="29" VPOS="1314" HPOS="382"/>
							<String ID="string_159" HPOS="411" VPOS="1325" WIDTH="84" HEIGHT="33" WC="0.96" CONTENT="som,"/><SP WIDTH="28" VPOS="1325" HPOS="495"/>
							<String ID="string_160" HPOS="523" VPOS="1315" WIDTH="12" HEIGHT="33" WC="0.96" CONTENT="i"/><SP WIDTH="26" VPOS="1315" HPOS="535"/>
							<String ID="string_161" HPOS="561" VPOS="1315" WIDTH="113" HEIGHT="34" WC="0.96" CONTENT="likhet"/><SP WIDTH="28" VPOS="1315" HPOS="674"/>
							<String ID="string_162" HPOS="702" VPOS="1315" WIDTH="75" HEIGHT="34" WC="0.96" CONTENT="med"/><SP WIDTH="27" VPOS="1315" HPOS="777"/>
							<String ID="string_163" HPOS="804" VPOS="1314" WIDTH="128" HEIGHT="35" WC="0.96" CONTENT="Första"/><SP WIDTH="29" VPOS="1314" HPOS="932"/>
							<String ID="string_164" HPOS="961" VPOS="1314" WIDTH="224" HEIGHT="45" WC="0.95" CONTENT="Kammaren,"/><SP WIDTH="30" VPOS="1314" HPOS="1185"/>
							<String ID="string_165" HPOS="1215" VPOS="1314" WIDTH="75" HEIGHT="35" WC="0.93" CONTENT="vill:"/>
						</TextLine>
					</TextBlock>
					<TextBlock ID="block_12" HPOS="135" VPOS="1363" WIDTH="1609" HEIGHT="97">
						<TextLine ID="line_20" HPOS="267" VPOS="1363" WIDTH="1477" HEIGHT="48">
							<String ID="string_166" HPOS="267" VPOS="1364" WIDTH="32" HEIGHT="47" WC="0.95" CONTENT="a)"/><SP WIDTH="28" VPOS="1364" HPOS="299"/>
							<String ID="string_167" HPOS="327" VPOS="1368" WIDTH="54" HEIGHT="31" WC="0.93" CONTENT="att"/><SP WIDTH="27" VPOS="1368" HPOS="381"/>
							<String ID="string_168" HPOS="408" VPOS="1366" WIDTH="185" HEIGHT="33" WC="0.91" CONTENT="tullsatsen"/><SP WIDTH="27" VPOS="1366" HPOS="593"/>
							<String ID="string_169" HPOS="620" VPOS="1363" WIDTH="21" HEIGHT="37" WC="0.92" CONTENT="å"/><SP WIDTH="27" VPOS="1363" HPOS="641"/>
							<String ID="string_170" HPOS="668" VPOS="1365" WIDTH="113" HEIGHT="34" WC="0.95" CONTENT="hudar"/><SP WIDTH="26" VPOS="1365" HPOS="781"/>
							<String ID="string_171" HPOS="807" VPOS="1365" WIDTH="58" HEIGHT="35" WC="0.96" CONTENT="och"/><SP WIDTH="26" VPOS="1365" HPOS="865"/>
							<String ID="string_172" HPOS="891" VPOS="1366" WIDTH="112" HEIGHT="40" WC="0.95" CONTENT="skinn,"/><SP WIDTH="29" VPOS="1366" HPOS="1003"/>
							<String ID="string_173" HPOS="1032" VPOS="1367" WIDTH="35" HEIGHT="39" WC="0.93" CONTENT="ej"/><SP WIDTH="24" VPOS="1367" HPOS="1067"/>
							<String ID="string_174" HPOS="1091" VPOS="1364" WIDTH="197" HEIGHT="43" WC="0.92" CONTENT="hänförliga"/><SP WIDTH="28" VPOS="1364" HPOS="1288"/>
							<String ID="string_175" HPOS="1316" VPOS="1364" WIDTH="53" HEIGHT="34" WC="0.92" CONTENT="till"/><SP WIDTH="21" VPOS="1364" HPOS="1369"/>
							<String ID="string_176" HPOS="1390" VPOS="1364" WIDTH="169" HEIGHT="44" WC="0.88" CONTENT="pelsverk,"/><SP WIDTH="20" VPOS="1364" HPOS="1559"/>
							<String ID="string_177" HPOS="1579" VPOS="1363" WIDTH="165" HEIGHT="35" WC="0.96" CONTENT="beredda:"/>
						</TextLine>
						<TextLine ID="line_21" HPOS="135" VPOS="1415" WIDTH="1302" HEIGHT="45">
							<String ID="string_178" HPOS="135" VPOS="1416" WIDTH="156" HEIGHT="34" WC="0.91" CONTENT="sulläder"/><SP WIDTH="26" VPOS="1416" HPOS="291"/>
							<String ID="string_179" HPOS="317" VPOS="1415" WIDTH="58" HEIGHT="35" WC="0.93" CONTENT="och"/><SP WIDTH="26" VPOS="1415" HPOS="375"/>
							<String ID="string_180" HPOS="401" VPOS="1415" WIDTH="239" HEIGHT="35" WC="0.92" CONTENT="bindsulläder"/><SP WIDTH="28" VPOS="1415" HPOS="640"/>
							<String ID="string_181" HPOS="668" VPOS="1417" WIDTH="91" HEIGHT="33" WC="0.96" CONTENT="skall"/><SP WIDTH="27" VPOS="1417" HPOS="759"/>
							<String ID="string_182" HPOS="786" VPOS="1416" WIDTH="100" HEIGHT="44" WC="0.96" CONTENT="höjas"/><SP WIDTH="27" VPOS="1416" HPOS="886"/>
							<String ID="string_183" HPOS="913" VPOS="1416" WIDTH="55" HEIGHT="34" WC="0.96" CONTENT="till"/><SP WIDTH="27" VPOS="1416" HPOS="968"/>
							<String ID="string_184" HPOS="995" VPOS="1417" WIDTH="51" HEIGHT="34" WC="0.95" CONTENT="40"/><SP WIDTH="29" VPOS="1417" HPOS="1046"/>
							<String ID="string_185" HPOS="1075" VPOS="1421" WIDTH="56" HEIGHT="29" WC="0.96" CONTENT="öre"/><SP WIDTH="28" VPOS="1421" HPOS="1131"/>
							<String ID="string_186" HPOS="1159" VPOS="1426" WIDTH="61" HEIGHT="33" WC="0.95" CONTENT="per"/><SP WIDTH="27" VPOS="1426" HPOS="1220"/>
							<String ID="string_187" HPOS="1247" VPOS="1415" WIDTH="190" HEIGHT="44" WC="0.84" CONTENT="kilogram;"/>
						</TextLine>
					</TextBlock>
					<TextBlock ID="block_13" HPOS="134" VPOS="1464" WIDTH="1610" HEIGHT="98">
						<TextLine ID="line_22" HPOS="270" VPOS="1464" WIDTH="1474" HEIGHT="48">
							<String ID="string_188" HPOS="270" VPOS="1465" WIDTH="33" HEIGHT="47" WC="0.92" CONTENT="b)"/><SP WIDTH="28" VPOS="1465" HPOS="303"/>
							<String ID="string_189" HPOS="331" VPOS="1469" WIDTH="55" HEIGHT="31" WC="0.93" CONTENT="att"/><SP WIDTH="27" VPOS="1469" HPOS="386"/>
							<String ID="string_190" HPOS="413" VPOS="1467" WIDTH="184" HEIGHT="34" WC="0.90" CONTENT="tullsatsen"/><SP WIDTH="28" VPOS="1467" HPOS="597"/>
							<String ID="string_191" HPOS="625" VPOS="1464" WIDTH="21" HEIGHT="37" WC="0.91" CONTENT="å"/><SP WIDTH="27" VPOS="1464" HPOS="646"/>
							<String ID="string_192" HPOS="673" VPOS="1466" WIDTH="113" HEIGHT="35" WC="0.94" CONTENT="hudar"/><SP WIDTH="26" VPOS="1466" HPOS="786"/>
							<String ID="string_193" HPOS="812" VPOS="1466" WIDTH="57" HEIGHT="35" WC="0.96" CONTENT="och"/><SP WIDTH="27" VPOS="1466" HPOS="869"/>
							<String ID="string_194" HPOS="896" VPOS="1467" WIDTH="111" HEIGHT="42" WC="0.96" CONTENT="skinn,"/><SP WIDTH="29" VPOS="1467" HPOS="1007"/>
							<String ID="string_195" HPOS="1036" VPOS="1468" WIDTH="34" HEIGHT="40" WC="0.73" CONTENT="ej"/><SP WIDTH="25" VPOS="1468" HPOS="1070"/>
							<String ID="string_196" HPOS="1095" VPOS="1465" WIDTH="197" HEIGHT="44" WC="0.92" CONTENT="hänförliga"/><SP WIDTH="27" VPOS="1465" HPOS="1292"/>
							<String ID="string_197" HPOS="1319" VPOS="1465" WIDTH="54" HEIGHT="34" WC="0.93" CONTENT="till"/><SP WIDTH="17" VPOS="1465" HPOS="1373"/>
							<String ID="string_198" HPOS="1390" VPOS="1465" WIDTH="169" HEIGHT="44" WC="0.91" CONTENT="pelsverk,"/><SP WIDTH="21" VPOS="1465" HPOS="1559"/>
							<String ID="string_199" HPOS="1580" VPOS="1464" WIDTH="164" HEIGHT="35" WC="0.96" CONTENT="beredda:"/>
						</TextLine>
						<TextLine ID="line_23" HPOS="134" VPOS="1516" WIDTH="1150" HEIGHT="46">
							<String ID="string_200" HPOS="134" VPOS="1517" WIDTH="117" HEIGHT="34" WC="0.96" CONTENT="andra"/><SP WIDTH="25" VPOS="1517" HPOS="251"/>
							<String ID="string_201" HPOS="276" VPOS="1517" WIDTH="74" HEIGHT="44" WC="0.96" CONTENT="slag"/><SP WIDTH="28" VPOS="1517" HPOS="350"/>
							<String ID="string_202" HPOS="378" VPOS="1517" WIDTH="91" HEIGHT="34" WC="0.96" CONTENT="skall"/><SP WIDTH="29" VPOS="1517" HPOS="469"/>
							<String ID="string_203" HPOS="498" VPOS="1516" WIDTH="99" HEIGHT="46" WC="0.96" CONTENT="höjas"/><SP WIDTH="27" VPOS="1516" HPOS="597"/>
							<String ID="string_204" HPOS="624" VPOS="1518" WIDTH="55" HEIGHT="34" WC="0.96" CONTENT="till"/><SP WIDTH="28" VPOS="1518" HPOS="679"/>
							<String ID="string_205" HPOS="707" VPOS="1518" WIDTH="49" HEIGHT="34" WC="0.88" CONTENT="65"/><SP WIDTH="29" VPOS="1518" HPOS="756"/>
							<String ID="string_206" HPOS="785" VPOS="1522" WIDTH="56" HEIGHT="30" WC="0.96" CONTENT="öre"/><SP WIDTH="26" VPOS="1522" HPOS="841"/>
							<String ID="string_207" HPOS="867" VPOS="1528" WIDTH="63" HEIGHT="33" WC="0.96" CONTENT="per"/><SP WIDTH="27" VPOS="1528" HPOS="930"/>
							<String ID="string_208" HPOS="957" VPOS="1517" WIDTH="183" HEIGHT="45" WC="0.96" CONTENT="kilogram,"/><SP WIDTH="29" VPOS="1517" HPOS="1140"/>
							<String ID="string_209" HPOS="1169" VPOS="1519" WIDTH="115" HEIGHT="32" WC="0.96" CONTENT="röstar"/>
						</TextLine>
					</TextBlock>
				</ComposedBlock>
				<ComposedBlock ID="cblock_5" HPOS="269" VPOS="1617" WIDTH="710" HEIGHT="246">
					<TextBlock ID="block_14" HPOS="269" VPOS="1617" WIDTH="710" HEIGHT="246">
						<TextLine ID="line_24" HPOS="899" VPOS="1617" WIDTH="66" HEIGHT="45">
							<String ID="string_210" HPOS="899" VPOS="1617" WIDTH="66" HEIGHT="45" WC="0.94" CONTENT="Ja;"/>
						</TextLine>
						<TextLine ID="line_25" HPOS="269" VPOS="1718" WIDTH="486" HEIGHT="44">
							<String ID="string_211" HPOS="269" VPOS="1718" WIDTH="90" HEIGHT="43" WC="0.96" CONTENT="Den,"/><SP WIDTH="30" VPOS="1718" HPOS="359"/>
							<String ID="string_212" HPOS="389" VPOS="1719" WIDTH="60" HEIGHT="33" WC="0.96" CONTENT="det"/><SP WIDTH="27" VPOS="1719" HPOS="449"/>
							<String ID="string_213" HPOS="476" VPOS="1718" WIDTH="31" HEIGHT="44" WC="0.96" CONTENT="ej"/><SP WIDTH="30" VPOS="1718" HPOS="507"/>
							<String ID="string_214" HPOS="537" VPOS="1718" WIDTH="73" HEIGHT="42" WC="0.96" CONTENT="vill,"/><SP WIDTH="28" VPOS="1718" HPOS="610"/>
							<String ID="string_215" HPOS="638" VPOS="1721" WIDTH="117" HEIGHT="31" WC="0.96" CONTENT="röstar"/>
						</TextLine>
						<TextLine ID="line_26" HPOS="892" VPOS="1818" WIDTH="87" HEIGHT="45">
							<String ID="string_216" HPOS="892" VPOS="1818" WIDTH="87" HEIGHT="45" WC="0.87" CONTENT="Nej;"/>
						</TextLine>
					</TextBlock>
				</ComposedBlock>
				<ComposedBlock ID="cblock_6" HPOS="133" VPOS="1917" WIDTH="1609" HEIGHT="246">
					<TextBlock ID="block_15" HPOS="270" VPOS="1917" WIDTH="1470" HEIGHT="47">
						<TextLine ID="line_27" HPOS="270" VPOS="1917" WIDTH="1470" HEIGHT="47">
							<String ID="string_217" HPOS="270" VPOS="1919" WIDTH="136" HEIGHT="35" WC="0.96" CONTENT="Vinner"/><SP WIDTH="41" VPOS="1919" HPOS="406"/>
							<String ID="string_218" HPOS="447" VPOS="1918" WIDTH="83" HEIGHT="46" WC="0.95" CONTENT="Nej,"/><SP WIDTH="29" VPOS="1918" HPOS="530"/>
							<String ID="string_219" HPOS="559" VPOS="1920" WIDTH="65" HEIGHT="33" WC="0.96" CONTENT="har"/><SP WIDTH="31" VPOS="1920" HPOS="624"/>
							<String ID="string_220" HPOS="655" VPOS="1919" WIDTH="214" HEIGHT="43" WC="0.95" CONTENT="Riksdagen,"/><SP WIDTH="29" VPOS="1919" HPOS="869"/>
							<String ID="string_221" HPOS="898" VPOS="1920" WIDTH="10" HEIGHT="32" WC="0.96" CONTENT="i"/><SP WIDTH="29" VPOS="1920" HPOS="908"/>
							<String ID="string_222" HPOS="937" VPOS="1920" WIDTH="110" HEIGHT="34" WC="0.96" CONTENT="likhet"/><SP WIDTH="27" VPOS="1920" HPOS="1047"/>
							<String ID="string_223" HPOS="1074" VPOS="1921" WIDTH="77" HEIGHT="33" WC="0.96" CONTENT="med"/><SP WIDTH="27" VPOS="1921" HPOS="1151"/>
							<String ID="string_224" HPOS="1178" VPOS="1919" WIDTH="124" HEIGHT="35" WC="0.96" CONTENT="Andra"/><SP WIDTH="28" VPOS="1919" HPOS="1302"/>
							<String ID="string_225" HPOS="1330" VPOS="1918" WIDTH="227" HEIGHT="41" WC="0.92" CONTENT="Kammaren,"/><SP WIDTH="30" VPOS="1918" HPOS="1557"/>
							<String ID="string_226" HPOS="1587" VPOS="1917" WIDTH="153" HEIGHT="42" WC="0.92" CONTENT="beslutit,"/>
						</TextLine>
					</TextBlock>
					<TextBlock ID="block_16" HPOS="133" VPOS="1967" WIDTH="1609" HEIGHT="95">
						<TextLine ID="line_28" HPOS="268" VPOS="1967" WIDTH="1474" HEIGHT="49">
							<String ID="string_227" HPOS="268" VPOS="1969" WIDTH="33" HEIGHT="47" WC="0.95" CONTENT="a)"/><SP WIDTH="28" VPOS="1969" HPOS="301"/>
							<String ID="string_228" HPOS="329" VPOS="1973" WIDTH="55" HEIGHT="31" WC="0.92" CONTENT="att"/><SP WIDTH="26" VPOS="1973" HPOS="384"/>
							<String ID="string_229" HPOS="410" VPOS="1971" WIDTH="185" HEIGHT="33" WC="0.91" CONTENT="tullsatsen"/><SP WIDTH="28" VPOS="1971" HPOS="595"/>
							<String ID="string_230" HPOS="623" VPOS="1970" WIDTH="54" HEIGHT="34" WC="0.96" CONTENT="för"/><SP WIDTH="27" VPOS="1970" HPOS="677"/>
							<String ID="string_231" HPOS="704" VPOS="1969" WIDTH="111" HEIGHT="34" WC="0.96" CONTENT="hudar"/><SP WIDTH="27" VPOS="1969" HPOS="815"/>
							<String ID="string_232" HPOS="842" VPOS="1969" WIDTH="57" HEIGHT="34" WC="0.96" CONTENT="och"/><SP WIDTH="27" VPOS="1969" HPOS="899"/>
							<String ID="string_233" HPOS="926" VPOS="1970" WIDTH="111" HEIGHT="42" WC="0.96" CONTENT="skinn,"/><SP WIDTH="29" VPOS="1970" HPOS="1037"/>
							<String ID="string_234" HPOS="1066" VPOS="1972" WIDTH="34" HEIGHT="40" WC="0.89" CONTENT="ej"/><SP WIDTH="16" VPOS="1972" HPOS="1100"/>
							<String ID="string_235" HPOS="1116" VPOS="1969" WIDTH="196" HEIGHT="44" WC="0.91" CONTENT="hänförliga"/><SP WIDTH="21" VPOS="1969" HPOS="1312"/>
							<String ID="string_236" HPOS="1333" VPOS="1969" WIDTH="53" HEIGHT="34" WC="0.93" CONTENT="till"/><SP WIDTH="9" VPOS="1969" HPOS="1386"/>
							<String ID="string_237" HPOS="1395" VPOS="1968" WIDTH="169" HEIGHT="45" WC="0.91" CONTENT="pelsverk,"/><SP WIDTH="16" VPOS="1968" HPOS="1564"/>
							<String ID="string_238" HPOS="1580" VPOS="1967" WIDTH="162" HEIGHT="34" WC="0.96" CONTENT="beredda:"/>
						</TextLine>
						<TextLine ID="line_29" HPOS="133" VPOS="2017" WIDTH="1516" HEIGHT="45">
							<String ID="string_239" HPOS="133" VPOS="2021" WIDTH="156" HEIGHT="34" WC="0.91" CONTENT="sulläder"/><SP WIDTH="26" VPOS="2021" HPOS="289"/>
							<String ID="string_240" HPOS="315" VPOS="2020" WIDTH="57" HEIGHT="34" WC="0.93" CONTENT="och"/><SP WIDTH="27" VPOS="2020" HPOS="372"/>
							<String ID="string_241" HPOS="399" VPOS="2020" WIDTH="240" HEIGHT="34" WC="0.92" CONTENT="bindsulläder"/><SP WIDTH="28" VPOS="2020" HPOS="639"/>
							<String ID="string_242" HPOS="667" VPOS="2020" WIDTH="89" HEIGHT="34" WC="0.96" CONTENT="skall"/><SP WIDTH="28" VPOS="2020" HPOS="756"/>
							<String ID="string_243" HPOS="784" VPOS="2017" WIDTH="193" HEIGHT="37" WC="0.95" CONTENT="bibehållas"/><SP WIDTH="27" VPOS="2017" HPOS="977"/>
							<String ID="string_244" HPOS="1004" VPOS="2020" WIDTH="58" HEIGHT="34" WC="0.96" CONTENT="vid"/><SP WIDTH="30" VPOS="2020" HPOS="1062"/>
							<String ID="string_245" HPOS="1092" VPOS="2022" WIDTH="44" HEIGHT="33" WC="0.96" CONTENT="24"/><SP WIDTH="31" VPOS="2022" HPOS="1136"/>
							<String ID="string_246" HPOS="1167" VPOS="2023" WIDTH="58" HEIGHT="31" WC="0.96" CONTENT="öre"/><SP WIDTH="27" VPOS="2023" HPOS="1225"/>
							<String ID="string_247" HPOS="1252" VPOS="2030" WIDTH="61" HEIGHT="32" WC="0.96" CONTENT="per"/><SP WIDTH="27" VPOS="2030" HPOS="1313"/>
							<String ID="string_248" HPOS="1340" VPOS="2019" WIDTH="189" HEIGHT="43" WC="0.93" CONTENT="kilogram;"/><SP WIDTH="29" VPOS="2019" HPOS="1529"/>
							<String ID="string_249" HPOS="1558" VPOS="2021" WIDTH="91" HEIGHT="30" WC="0.96" CONTENT="samt"/>
						</TextLine>
					</TextBlock>
					<TextBlock ID="block_17" HPOS="133" VPOS="2067" WIDTH="1609" HEIGHT="96">
						<TextLine ID="line_30" HPOS="268" VPOS="2067" WIDTH="1474" HEIGHT="49">
							<String ID="string_250" HPOS="268" VPOS="2069" WIDTH="33" HEIGHT="47" WC="0.91" CONTENT="b)"/><SP WIDTH="29" VPOS="2069" HPOS="301"/>
							<String ID="string_251" HPOS="330" VPOS="2074" WIDTH="54" HEIGHT="30" WC="0.91" CONTENT="att"/><SP WIDTH="27" VPOS="2074" HPOS="384"/>
							<String ID="string_252" HPOS="411" VPOS="2071" WIDTH="184" HEIGHT="33" WC="0.91" CONTENT="tullsatsen"/><SP WIDTH="29" VPOS="2071" HPOS="595"/>
							<String ID="string_253" HPOS="624" VPOS="2070" WIDTH="54" HEIGHT="34" WC="0.96" CONTENT="för"/><SP WIDTH="26" VPOS="2070" HPOS="678"/>
							<String ID="string_254" HPOS="704" VPOS="2070" WIDTH="114" HEIGHT="33" WC="0.96" CONTENT="hudar"/><SP WIDTH="26" VPOS="2070" HPOS="818"/>
							<String ID="string_255" HPOS="844" VPOS="2070" WIDTH="57" HEIGHT="33" WC="0.96" CONTENT="och"/><SP WIDTH="27" VPOS="2070" HPOS="901"/>
							<String ID="string_256" HPOS="928" VPOS="2071" WIDTH="111" HEIGHT="41" WC="0.96" CONTENT="skinn,"/><SP WIDTH="20" VPOS="2071" HPOS="1039"/>
							<String ID="string_257" HPOS="1059" VPOS="2072" WIDTH="34" HEIGHT="39" WC="0.93" CONTENT="ej"/><SP WIDTH="16" VPOS="2072" HPOS="1093"/>
							<String ID="string_258" HPOS="1109" VPOS="2070" WIDTH="198" HEIGHT="41" WC="0.91" CONTENT="hänförliga"/><SP WIDTH="20" VPOS="2070" HPOS="1307"/>
							<String ID="string_259" HPOS="1327" VPOS="2069" WIDTH="53" HEIGHT="34" WC="0.93" CONTENT="till"/><SP WIDTH="13" VPOS="2069" HPOS="1380"/>
							<String ID="string_260" HPOS="1393" VPOS="2068" WIDTH="168" HEIGHT="44" WC="0.91" CONTENT="pelsverk,"/><SP WIDTH="16" VPOS="2068" HPOS="1561"/>
							<String ID="string_261" HPOS="1577" VPOS="2067" WIDTH="165" HEIGHT="34" WC="0.96" CONTENT="beredda:"/>
						</TextLine>
						<TextLine ID="line_31" HPOS="133" VPOS="2118" WIDTH="1609" HEIGHT="45">
							<String ID="string_262" HPOS="133" VPOS="2121" WIDTH="115" HEIGHT="33" WC="0.96" CONTENT="andra"/><SP WIDTH="38" VPOS="2121" HPOS="248"/>
							<String ID="string_263" HPOS="286" VPOS="2121" WIDTH="72" HEIGHT="41" WC="0.93" CONTENT="slag"/><SP WIDTH="40" VPOS="2121" HPOS="358"/>
							<String ID="string_264" HPOS="398" VPOS="2119" WIDTH="133" HEIGHT="44" WC="0.92" CONTENT="jemväl"/><SP WIDTH="33" VPOS="2119" HPOS="531"/>
							<String ID="string_265" HPOS="564" VPOS="2121" WIDTH="91" HEIGHT="33" WC="0.95" CONTENT="skall"/><SP WIDTH="31" VPOS="2121" HPOS="655"/>
							<String ID="string_266" HPOS="686" VPOS="2118" WIDTH="192" HEIGHT="35" WC="0.96" CONTENT="bibehållas"/><SP WIDTH="29" VPOS="2118" HPOS="878"/>
							<String ID="string_267" HPOS="907" VPOS="2120" WIDTH="58" HEIGHT="34" WC="0.96" CONTENT="vid"/><SP WIDTH="28" VPOS="2120" HPOS="965"/>
							<String ID="string_268" HPOS="993" VPOS="2130" WIDTH="46" HEIGHT="23" WC="0.95" CONTENT="nu"/><SP WIDTH="27" VPOS="2130" HPOS="1039"/>
							<String ID="string_269" HPOS="1066" VPOS="2120" WIDTH="162" HEIGHT="43" WC="0.96" CONTENT="gällande"/><SP WIDTH="27" VPOS="2120" HPOS="1228"/>
							<String ID="string_270" HPOS="1255" VPOS="2120" WIDTH="122" HEIGHT="42" WC="0.96" CONTENT="belopp"/><SP WIDTH="29" VPOS="2120" HPOS="1377"/>
							<String ID="string_271" HPOS="1406" VPOS="2119" WIDTH="83" HEIGHT="33" WC="0.96" CONTENT="eller"/><SP WIDTH="28" VPOS="2119" HPOS="1489"/>
							<String ID="string_272" HPOS="1517" VPOS="2119" WIDTH="44" HEIGHT="32" WC="0.96" CONTENT="47"/><SP WIDTH="32" VPOS="2119" HPOS="1561"/>
							<String ID="string_273" HPOS="1593" VPOS="2120" WIDTH="58" HEIGHT="30" WC="0.96" CONTENT="öre"/><SP WIDTH="30" VPOS="2120" HPOS="1651"/>
							<String ID="string_274" HPOS="1681" VPOS="2126" WIDTH="61" HEIGHT="33" WC="0.95" CONTENT="per"/>
						</TextLine>
					</TextBlock>
				</ComposedBlock>
				<ComposedBlock ID="cblock_7" HPOS="133" VPOS="2170" WIDTH="205" HEIGHT="44">
					<TextBlock ID="block_18" HPOS="133" VPOS="2170" WIDTH="205" HEIGHT="44">
						<TextLine ID="line_32" HPOS="133" VPOS="2170" WIDTH="205" HEIGHT="44">
							<String ID="string_275" HPOS="133" VPOS="2170" WIDTH="205" HEIGHT="44" WC="0.90" CONTENT="kilogram.»"/>
						</TextLine>
					</TextBlock>
				</ComposedBlock>
				<GraphicalElement ID="cblock_8" HPOS="759" VPOS="2266" WIDTH="358" HEIGHT="10"></GraphicalElement >
			</PrintSpace>
		</Page>
	</Layout>
</alto>
