1936 2806
302 197 21 30 4
471 196 119 33 Andra
610 197 205 32 kammarens
831 198 140 39 första
994 198 173 42 tillfälliga
1189 199 135 31 utskotts
1345 199 169 32 utlåtande
1537 200 52 32 Nr
1612 202 28 29 7.

302 278 198 42 visserligen
523 279 92 32 detta
641 283 125 38 system
783 280 119 32 endast
918 280 246 41 undantagsvis
1181 281 217 41 praktiserats
1414 281 10 31 i
1442 281 145 42 Sverige,
1612 282 124 32 medan
1759 282 56 32 det

302 329 152 32 däremot
475 331 45 40 på
542 330 90 32 vissa
655 330 70 31 håll
748 331 10 30 i
782 330 152 32 utlandet
957 331 143 31 kommit
1124 331 49 31 till
1200 331 223 41 användning
1446 332 10 30 i
1479 335 68 28 stor
1569 332 244 41 utsträckning.

302 379 48 31 På
383 379 80 32 sista
497 379 93 32 tiden
624 380 89 32 hava
747 380 85 32 dock
866 380 177 32 tendenser
1065 381 10 31 i
1099 380 105 32 sådan
1240 381 149 41 riktning
1411 382 163 41 försports
1598 387 86 27 även
1707 383 10 30 i
1740 384 75 30 vårt

301 429 90 40 land,
415 429 188 40 tendenser,
627 430 91 32 inför
740 430 92 33 vilka
854 442 81 21 man
959 433 107 30 måste
1089 431 97 32 ställa
1209 432 51 40 sig
1283 431 208 32 betänksam.

342 480 77 32 Vad
450 480 66 32 den
550 481 179 32 kulturella
763 481 96 32 sidan
883 492 43 22 av
948 482 173 32 motionen
1151 482 168 39 beträffar,
1351 483 67 31 kan
1450 493 79 21 man
1558 483 101 41 skilja
1688 483 124 32 mellan

300 530 247 42 bildningsfilm
581 532 61 31 och
677 532 186 32 teaterfilm.
908 532 192 32 Gränserna
1134 532 123 32 mellan
1281 532 97 32 dessa
1401 538 57 26 äro
1481 533 85 32 dock
1590 534 129 41 ganska
1742 539 70 26 svä-

300 581 119 39 vande,
455 582 63 31 och
552 581 149 42 åtskillig
733 582 71 31 film
840 583 68 31 kan
942 583 162 31 hänföras
1139 583 50 31 till
1211 583 88 32 båda
1323 583 241 41 kategorierna.
1610 584 96 31 Inom
1731 583 80 32 bild-

300 632 217 42 ningsfilmen
551 635 135 39 utgöres
714 643 41 21 en
785 636 67 28 stor
879 643 111 32 grupp
1018 644 42 21 av
1084 633 198 39 skolfilmen,
1306 644 72 21 som
1403 639 36 26 är
1462 634 110 32 direkt
1593 634 217 41 tillrättalagd

299 683 64 32 och
386 683 126 32 avsedd
535 684 54 31 för
610 683 225 42 bibringande
858 694 43 22 av
923 684 204 42 kunskaper.

343 733 101 35 Såväl
466 733 58 33 vid
547 734 66 32 den
637 734 400 42 populärvetenskapliga
1054 735 485 41 föreläsningsverksamheten
1555 746 73 21 som
1632 729 20 52 i
1675 735 56 32 det
1746 736 64 30 fria

299 784 520 42 folkbildningsarbetet
685 780 17 52 i
717 780 105 52 övrigt
832 785 63 32 och
907 785 11 31 i
930 785 157 32 skolorna
1110 786 62 31 har
1195 796 79 21 man
1292 803 38 3 —
1347 796 71 21 som
1443 789 46 28 ett
1511 786 231 42 komplement
1761 785 50 32 till

299 834 291 42 undervisningen
616 851 37 4 —
676 835 80 32 med
779 835 66 32 den
868 835 161 32 moderna
1052 835 251 42 pedagogikens
1327 839 136 29 strävan
1487 837 84 31 efter
1594 839 119 29 största
1730 836 81 41 möj-

299 885 68 41 liga
390 885 212 41 åskådlighet
625 885 59 32 allt
706 896 93 21 mera
822 886 144 31 kommit
988 887 89 30 fram
1100 886 50 31 till
1173 886 226 32 användande
1422 897 42 21 av
1488 886 80 38 film,
1592 887 63 31 och
1682 886 56 32 det
1753 886 58 32 vill

300 946 110 31 synas,
434 946 74 21 som
531 946 56 21 om
610 935 41 32 de
674 936 228 32 erfarenheter
924 947 80 21 man
1028 936 119 33 därvid
1169 937 132 38 vunnit,
1319 937 86 31 varit
1426 937 216 41 synnerligen
1658 936 153 32 tillfreds-

299 985 173 32 ställande.
519 986 64 31 Det
606 986 171 32 förefaller
799 986 170 39 utskottet,
993 997 73 21 som
1090 998 55 20 om
1168 987 97 31 dessa
1288 987 227 31 erfarenheter
1537 987 119 31 hittills
1672 988 11 30 i
1699 986 113 32 alltför

299 1036 97 41 ringa
430 1036 83 41 grad
543 1036 124 32 vunnit
700 1036 143 32 allmänt
875 1037 199 32 beaktande.
1120 1037 261 41 Möjligheterna
1405 1040 48 28 att
1476 1037 94 31 finna
1593 1048 42 20 en
1658 1036 151 42 praktisk

298 1086 135 42 lösning
467 1097 43 22 av
543 1086 42 33 de
618 1086 79 32 med
719 1086 228 34 användande
977 1098 43 22 av
1043 1087 106 32 sådan
1172 1087 247 42 bildningsfilm
1441 1087 227 43 förknippade
1691 1087 118 32 ekono-

298 1137 111 32 miska
443 1137 254 42 svårigheterna
728 1138 90 33 hava
851 1138 73 32 icke
957 1138 104 32 heller
1094 1138 88 34 varit
1203 1138 143 32 föremål
1368 1139 54 31 för
1444 1150 41 20 en
1509 1138 160 43 grundlig
1692 1138 117 33 under-

298 1188 154 42 sökning.
497 1188 16 32 I
535 1189 105 32 första
672 1188 94 33 hand
800 1189 93 32 torde
927 1189 80 32 böra
1040 1189 208 32 undersökas
1281 1191 45 41 på
1354 1189 105 33 vilket
1491 1193 66 29 sätt
1590 1190 63 32 och
1686 1201 123 30 genom

299 1239 93 32 vilka
415 1239 110 32 medel
547 1239 133 32 filmens
703 1239 229 33 användande
947 1240 11 31 i
974 1239 308 42 undervisningens
1306 1240 61 32 och
1393 1240 55 32 det
1471 1241 64 31 fria
1552 1240 257 41 folkbildnings-

297 1289 143 32 arbetets
464 1290 106 40 tjänst
591 1289 68 31 kan
681 1290 152 41 främjas.
879 1290 119 31 Redan
1021 1301 48 20 nu
1091 1291 108 30 finnes
1215 1293 47 28 ett
1284 1291 129 40 ganska
1438 1294 82 28 stort
1542 1290 96 32 urval
1661 1301 43 20 av
1727 1290 82 32 skol-

298 1339 64 32 och
384 1339 256 41 bildningsfilm,
665 1339 63 32 och
751 1339 185 42 tillgången
960 1340 106 32 härav
1090 1340 153 31 kommer
1265 1340 188 41 säkerligen
1477 1343 48 29 att
1547 1340 81 32 ökas
1652 1341 10 30 i
1678 1351 132 21 samma

297 1391 80 30 mån
411 1400 74 21 som
519 1390 206 41 efterfrågan
758 1395 112 28 växer.
916 1390 48 32 På
997 1390 66 32 vad
1097 1393 65 29 sätt
1195 1391 62 31 och
1291 1390 77 33 med
1406 1390 92 33 vilka
1531 1390 110 33 medel
1663 1394 46 28 ett
1732 1391 78 31 ökat

298 1440 226 32 användande
558 1451 43 22 av
627 1440 142 33 berörda
791 1441 71 32 film
885 1440 85 33 skall
993 1441 118 32 kunna
1133 1441 142 41 främjas
1300 1446 36 27 är
1358 1452 41 21 en
1423 1442 105 40 fråga,
1553 1452 72 21 som
1649 1441 162 32 utskottet

298 1490 85 33 dock
406 1491 133 31 lämnar
561 1495 122 38 öppen.

339 1541 77 32 Med
441 1541 186 41 anledning
650 1552 42 21 av
717 1541 65 32 vad
806 1541 142 32 sålunda
972 1542 130 31 anförts
1125 1542 53 31 får
1200 1542 162 31 utskottet
1386 1542 187 38 hemställa,

584 1645 48 28 att
668 1641 106 32 andra
808 1642 199 32 kammaren
1041 1644 103 30 måtte
1167 1643 54 31 för
1243 1642 52 32 sin
1319 1642 53 32 del
1395 1642 138 39 besluta,
1558 1645 49 29 att
1630 1642 179 42 riksdagen

541 1692 79 32 ville
653 1693 8 31 i
698 1692 159 33 skrivelse
901 1693 50 32 till
991 1693 128 41 Kungl.
1154 1693 97 42 Maj:t
1284 1693 145 38 anhålla,
1465 1696 48 29 att
1550 1693 127 42 Kungl.
1714 1693 97 41 Maj:t

541 1743 126 32 täcktes
690 1743 68 32 låta
781 1743 126 40 utreda,
932 1745 66 30 dels
1021 1743 171 33 huruvida
1214 1755 47 20 nu
1285 1743 156 42 gällande
1457 1743 216 42 lagstiftning
1688 1743 122 32 tillåter

542 1804 41 21 en
623 1793 137 33 effektiv
800 1794 217 41 beskattning
1050 1804 43 22 av
1135 1794 548 41 filmuthyrningsverksamheten,
1722 1794 86 38 eller,

542 1843 112 32 därest
687 1846 37 30 så
757 1844 73 32 icke
864 1844 108 32 skulle
1005 1855 80 22 vara
1120 1844 103 39 fallet,
1262 1844 93 33 vilka
1389 1844 249 42 lagändringar,
1663 1855 72 21 som
1760 1844 49 32 till

542 1894 122 32 sådant
698 1894 158 32 ändamål
890 1895 119 32 kunna
1042 1905 81 23 vara
1152 1894 227 42 erforderliga,
1404 1896 67 31 dels
1493 1895 172 33 huruvida
1680 1895 63 32 och
1766 1897 44 40 på

542 1944 67 32 vad
632 1948 66 29 sätt
720 1946 261 31 statsmakterna
1004 1946 119 31 kunna
1146 1946 64 31 och
1232 1945 81 32 böra
1330 1945 222 42 understödja
1566 1945 244 33 användandet

542 2005 43 22 av
607 1994 255 43 bildningsfilm,
887 1999 89 28 samt
998 1999 49 28 att
1069 1995 128 42 Kungl.
1214 1996 97 41 Maj:t
1325 1997 104 30 måtte
1444 1996 54 31 för
1513 1995 180 42 riksdagen
1710 1997 100 30 fram-

541 2044 100 42 lägga
664 2045 41 32 de
727 2045 135 42 förslag,
887 2046 112 33 vartill
1022 2057 41 21 en
1087 2046 106 32 sådan
1216 2046 184 41 utredning
1423 2046 68 32 kan
1514 2046 185 32 föranleda.

341 2144 195 33 Stockholm
559 2144 65 33 den
648 2146 40 31 29
710 2146 85 42 april
820 2147 89 31 1926.

856 2236 31 42 Å
909 2247 178 32 utskottets
1110 2244 142 48 vägnar:

831 2347 155 32 RUBEN
1009 2347 262 33 WAGNSSON.
