<?xml version="1.0" encoding="UTF-8"?>
<alto xmlns="http://www.loc.gov/standards/alto/ns-v3#" xmlns:xlink="http://www.w3.org/1999/xlink" xmlns:xsi="http://www.w3.org/2001/XMLSchema-instance" xsi:schemaLocation="http://www.loc.gov/standards/alto/ns-v3# http://www.loc.gov/alto/v3/alto-3-0.xsd">
	<Description>
		<MeasurementUnit>pixel</MeasurementUnit>
		<sourceImageInformation>
			<fileName>/tmp/tess_6798457c_input.PNG</fileName>
		</sourceImageInformation>
		<OCRProcessing ID="OCR_0">
			<ocrProcessingStep>
				<processingSoftware>
					<softwareName>tesseract 5.3.0</softwareName>
				</processingSoftware>
			</ocrProcessingStep>
		</OCRProcessing>
	</Description>
	<Layout>
		<Page WIDTH="1874" HEIGHT="2758" PHYSICAL_IMG_NR="0" ID="page_0">
			<PrintSpace HPOS="0" VPOS="0" WIDTH="1874" HEIGHT="2758">
				<ComposedBlock ID="cblock_0" HPOS="426" VPOS="236" WIDTH="394" HEIGHT="40">
					<TextBlock ID="block_0" HPOS="426" VPOS="236" WIDTH="394" HEIGHT="40">
						<TextLine ID="line_0" HPOS="426" VPOS="236" WIDTH="394" HEIGHT="40">
							<String ID="string_0" HPOS="426" VPOS="236" WIDTH="227" HEIGHT="35" WC="0.96" CONTENT="(Nuvarande"/><SP WIDTH="19" VPOS="236" HPOS="653"/>
							<String ID="string_1" HPOS="672" VPOS="236" WIDTH="148" HEIGHT="40" WC="0.95" CONTENT="lydelse)"/>
						</TextLine>
					</TextBlock>
				</ComposedBlock>
				<ComposedBlock ID="cblock_1" HPOS="260" VPOS="319" WIDTH="731" HEIGHT="240">
					<TextBlock ID="block_1" HPOS="260" VPOS="319" WIDTH="731" HEIGHT="240">
						<TextLine ID="line_1" HPOS="260" VPOS="319" WIDTH="729" HEIGHT="41">
							<String ID="string_2" HPOS="260" VPOS="329" WIDTH="42" HEIGHT="20" WC="0.96" CONTENT="av"/><SP WIDTH="26" VPOS="329" HPOS="302"/>
							<String ID="string_3" HPOS="328" VPOS="319" WIDTH="138" HEIGHT="35" WC="0.96" CONTENT="förlust,"/><SP WIDTH="28" VPOS="319" HPOS="466"/>
							<String ID="string_4" HPOS="494" VPOS="329" WIDTH="76" HEIGHT="21" WC="0.95" CONTENT="som"/><SP WIDTH="25" VPOS="329" HPOS="570"/>
							<String ID="string_5" HPOS="595" VPOS="320" WIDTH="106" HEIGHT="40" WC="0.95" CONTENT="enligt"/><SP WIDTH="27" VPOS="320" HPOS="701"/>
							<String ID="string_6" HPOS="728" VPOS="321" WIDTH="177" HEIGHT="31" WC="0.93" CONTENT="fastställd"/><SP WIDTH="25" VPOS="321" HPOS="905"/>
							<String ID="string_7" HPOS="930" VPOS="322" WIDTH="59" HEIGHT="30" WC="0.92" CONTENT="ba-"/>
						</TextLine>
						<TextLine ID="line_2" HPOS="261" VPOS="362" WIDTH="730" HEIGHT="41">
							<String ID="string_8" HPOS="261" VPOS="362" WIDTH="231" HEIGHT="40" WC="0.91" CONTENT="lansräkning"/><SP WIDTH="23" VPOS="362" HPOS="492"/>
							<String ID="string_9" HPOS="515" VPOS="362" WIDTH="115" HEIGHT="31" WC="0.96" CONTENT="finnes"/><SP WIDTH="22" VPOS="362" HPOS="630"/>
							<String ID="string_10" HPOS="652" VPOS="363" WIDTH="91" HEIGHT="30" WC="0.96" CONTENT="hava"/><SP WIDTH="23" VPOS="363" HPOS="743"/>
							<String ID="string_11" HPOS="766" VPOS="363" WIDTH="157" HEIGHT="40" WC="0.96" CONTENT="uppstått"/><SP WIDTH="22" VPOS="363" HPOS="923"/>
							<String ID="string_12" HPOS="945" VPOS="364" WIDTH="46" HEIGHT="39" WC="0.96" CONTENT="på"/>
						</TextLine>
						<TextLine ID="line_3" HPOS="261" VPOS="404" WIDTH="729" HEIGHT="32">
							<String ID="string_13" HPOS="261" VPOS="404" WIDTH="147" HEIGHT="30" WC="0.96" CONTENT="kassans"/><SP WIDTH="17" VPOS="404" HPOS="408"/>
							<String ID="string_14" HPOS="425" VPOS="405" WIDTH="224" HEIGHT="30" WC="0.96" CONTENT="verksamhet"/><SP WIDTH="17" VPOS="405" HPOS="649"/>
							<String ID="string_15" HPOS="666" VPOS="405" WIDTH="12" HEIGHT="30" WC="0.97" CONTENT="i"/><SP WIDTH="16" VPOS="405" HPOS="678"/>
							<String ID="string_16" HPOS="694" VPOS="406" WIDTH="80" HEIGHT="29" WC="0.96" CONTENT="dess"/><SP WIDTH="16" VPOS="406" HPOS="774"/>
							<String ID="string_17" HPOS="790" VPOS="406" WIDTH="117" HEIGHT="30" WC="0.96" CONTENT="helhet"/><SP WIDTH="17" VPOS="406" HPOS="907"/>
							<String ID="string_18" HPOS="924" VPOS="406" WIDTH="66" HEIGHT="30" WC="0.96" CONTENT="och"/>
						</TextLine>
						<TextLine ID="line_4" HPOS="261" VPOS="446" WIDTH="727" HEIGHT="41">
							<String ID="string_19" HPOS="261" VPOS="454" WIDTH="75" HEIGHT="21" WC="0.96" CONTENT="som"/><SP WIDTH="23" VPOS="454" HPOS="336"/>
							<String ID="string_20" HPOS="359" VPOS="446" WIDTH="76" HEIGHT="30" WC="0.96" CONTENT="icke"/><SP WIDTH="25" VPOS="446" HPOS="435"/>
							<String ID="string_21" HPOS="460" VPOS="446" WIDTH="72" HEIGHT="30" WC="0.96" CONTENT="kan"/><SP WIDTH="24" VPOS="446" HPOS="532"/>
							<String ID="string_22" HPOS="556" VPOS="448" WIDTH="147" HEIGHT="29" WC="0.96" CONTENT="ersättas"/><SP WIDTH="26" VPOS="448" HPOS="703"/>
							<String ID="string_23" HPOS="729" VPOS="457" WIDTH="44" HEIGHT="20" WC="0.96" CONTENT="av"/><SP WIDTH="22" VPOS="457" HPOS="773"/>
							<String ID="string_24" HPOS="795" VPOS="447" WIDTH="193" HEIGHT="40" WC="0.96" CONTENT="befintliga,"/>
						</TextLine>
						<TextLine ID="line_5" HPOS="260" VPOS="487" WIDTH="729" HEIGHT="42">
							<String ID="string_25" HPOS="260" VPOS="487" WIDTH="52" HEIGHT="30" WC="0.95" CONTENT="till"/><SP WIDTH="26" VPOS="487" HPOS="312"/>
							<String ID="string_26" HPOS="338" VPOS="487" WIDTH="167" HEIGHT="31" WC="0.96" CONTENT="framtida"/><SP WIDTH="25" VPOS="487" HPOS="505"/>
							<String ID="string_27" HPOS="530" VPOS="488" WIDTH="205" HEIGHT="41" WC="0.96" CONTENT="förfogande"/><SP WIDTH="25" VPOS="488" HPOS="735"/>
							<String ID="string_28" HPOS="760" VPOS="491" WIDTH="136" HEIGHT="29" WC="0.91" CONTENT="avsatta"/><SP WIDTH="22" VPOS="491" HPOS="896"/>
							<String ID="string_29" HPOS="918" VPOS="499" WIDTH="71" HEIGHT="21" WC="0.91" CONTENT="me-"/>
						</TextLine>
						<TextLine ID="line_6" HPOS="260" VPOS="530" WIDTH="65" HEIGHT="29">
							<String ID="string_30" HPOS="260" VPOS="530" WIDTH="65" HEIGHT="29" WC="0.96" CONTENT="del."/>
						</TextLine>
					</TextBlock>
				</ComposedBlock>
				<ComposedBlock ID="cblock_2" HPOS="258" VPOS="606" WIDTH="729" HEIGHT="214">
					<TextBlock ID="block_2" HPOS="258" VPOS="606" WIDTH="729" HEIGHT="214">
						<TextLine ID="line_7" HPOS="579" VPOS="606" WIDTH="91" HEIGHT="38">
							<String ID="string_31" HPOS="579" VPOS="606" WIDTH="40" HEIGHT="31" WC="0.96" CONTENT="58"/><SP WIDTH="23" VPOS="606" HPOS="619"/>
							<String ID="string_32" HPOS="642" VPOS="607" WIDTH="28" HEIGHT="37" WC="0.85" CONTENT="8."/>
						</TextLine>
						<TextLine ID="line_8" HPOS="303" VPOS="655" WIDTH="683" HEIGHT="33">
							<String ID="string_33" HPOS="303" VPOS="655" WIDTH="73" HEIGHT="30" WC="0.93" CONTENT="Har"/><SP WIDTH="24" VPOS="655" HPOS="376"/>
							<String ID="string_34" HPOS="400" VPOS="656" WIDTH="225" HEIGHT="31" WC="0.89" CONTENT="kreditkassa"/><SP WIDTH="24" VPOS="656" HPOS="625"/>
							<String ID="string_35" HPOS="649" VPOS="675" WIDTH="44" HEIGHT="4" WC="0.91" CONTENT="—"/><SP WIDTH="25" VPOS="675" HPOS="693"/>
							<String ID="string_36" HPOS="718" VPOS="676" WIDTH="45" HEIGHT="4" WC="0.80" CONTENT="—"/><SP WIDTH="24" VPOS="676" HPOS="763"/>
							<String ID="string_37" HPOS="787" VPOS="676" WIDTH="45" HEIGHT="4" WC="0.91" CONTENT="—"/><SP WIDTH="24" VPOS="676" HPOS="832"/>
							<String ID="string_38" HPOS="856" VPOS="658" WIDTH="130" HEIGHT="30" WC="0.96" CONTENT="kassan"/>
						</TextLine>
						<TextLine ID="line_9" HPOS="258" VPOS="698" WIDTH="213" HEIGHT="38">
							<String ID="string_39" HPOS="258" VPOS="698" WIDTH="213" HEIGHT="38" WC="0.96" CONTENT="godkändes,"/>
						</TextLine>
						<TextLine ID="line_10" HPOS="303" VPOS="739" WIDTH="684" HEIGHT="33">
							<String ID="string_40" HPOS="303" VPOS="739" WIDTH="82" HEIGHT="30" WC="0.96" CONTENT="eller"/><SP WIDTH="16" VPOS="739" HPOS="385"/>
							<String ID="string_41" HPOS="401" VPOS="740" WIDTH="66" HEIGHT="30" WC="0.96" CONTENT="har"/><SP WIDTH="17" VPOS="740" HPOS="467"/>
							<String ID="string_42" HPOS="484" VPOS="740" WIDTH="148" HEIGHT="30" WC="0.96" CONTENT="kassans"/><SP WIDTH="17" VPOS="740" HPOS="632"/>
							<String ID="string_43" HPOS="649" VPOS="741" WIDTH="79" HEIGHT="30" WC="0.96" CONTENT="hela"/><SP WIDTH="17" VPOS="741" HPOS="728"/>
							<String ID="string_44" HPOS="745" VPOS="742" WIDTH="129" HEIGHT="30" WC="0.93" CONTENT="rörelse"/><SP WIDTH="18" VPOS="742" HPOS="874"/>
							<String ID="string_45" HPOS="892" VPOS="743" WIDTH="95" HEIGHT="29" WC="0.92" CONTENT="över-"/>
						</TextLine>
						<TextLine ID="line_11" HPOS="258" VPOS="780" WIDTH="449" HEIGHT="40">
							<String ID="string_46" HPOS="258" VPOS="780" WIDTH="95" HEIGHT="31" WC="0.90" CONTENT="låtits"/><SP WIDTH="24" VPOS="780" HPOS="353"/>
							<String ID="string_47" HPOS="377" VPOS="781" WIDTH="52" HEIGHT="30" WC="0.96" CONTENT="till"/><SP WIDTH="21" VPOS="781" HPOS="429"/>
							<String ID="string_48" HPOS="450" VPOS="791" WIDTH="119" HEIGHT="21" WC="0.95" CONTENT="annan"/><SP WIDTH="24" VPOS="791" HPOS="569"/>
							<String ID="string_49" HPOS="593" VPOS="783" WIDTH="114" HEIGHT="37" WC="0.95" CONTENT="kassa,"/>
						</TextLine>
					</TextBlock>
				</ComposedBlock>
				<ComposedBlock ID="cblock_3" HPOS="257" VPOS="824" WIDTH="730" HEIGHT="384">
					<TextBlock ID="block_3" HPOS="257" VPOS="824" WIDTH="730" HEIGHT="384">
						<TextLine ID="line_12" HPOS="301" VPOS="824" WIDTH="686" HEIGHT="33">
							<String ID="string_50" HPOS="301" VPOS="824" WIDTH="83" HEIGHT="29" WC="0.96" CONTENT="eller"/><SP WIDTH="21" VPOS="824" HPOS="384"/>
							<String ID="string_51" HPOS="405" VPOS="824" WIDTH="66" HEIGHT="30" WC="0.92" CONTENT="har"/><SP WIDTH="21" VPOS="824" HPOS="471"/>
							<String ID="string_52" HPOS="492" VPOS="842" WIDTH="45" HEIGHT="4" WC="0.87" CONTENT="—"/><SP WIDTH="20" VPOS="842" HPOS="537"/>
							<String ID="string_53" HPOS="557" VPOS="844" WIDTH="43" HEIGHT="3" WC="0.85" CONTENT="—"/><SP WIDTH="20" VPOS="844" HPOS="600"/>
							<String ID="string_54" HPOS="620" VPOS="844" WIDTH="43" HEIGHT="3" WC="0.92" CONTENT="—"/><SP WIDTH="21" VPOS="844" HPOS="663"/>
							<String ID="string_55" HPOS="684" VPOS="826" WIDTH="132" HEIGHT="30" WC="0.93" CONTENT="kassan"/><SP WIDTH="23" VPOS="826" HPOS="816"/>
							<String ID="string_56" HPOS="839" VPOS="826" WIDTH="148" HEIGHT="31" WC="0.91" CONTENT="återkal-"/>
						</TextLine>
						<TextLine ID="line_13" HPOS="257" VPOS="865" WIDTH="78" HEIGHT="35">
							<String ID="string_57" HPOS="257" VPOS="865" WIDTH="78" HEIGHT="35" WC="0.96" CONTENT="lats,"/>
						</TextLine>
						<TextLine ID="line_14" HPOS="301" VPOS="908" WIDTH="622" HEIGHT="37">
							<String ID="string_58" HPOS="301" VPOS="908" WIDTH="82" HEIGHT="29" WC="0.96" CONTENT="eller"/><SP WIDTH="20" VPOS="908" HPOS="383"/>
							<String ID="string_59" HPOS="403" VPOS="908" WIDTH="65" HEIGHT="30" WC="0.93" CONTENT="har"/><SP WIDTH="19" VPOS="908" HPOS="468"/>
							<String ID="string_60" HPOS="487" VPOS="927" WIDTH="45" HEIGHT="3" WC="0.89" CONTENT="—"/><SP WIDTH="18" VPOS="927" HPOS="532"/>
							<String ID="string_61" HPOS="550" VPOS="928" WIDTH="44" HEIGHT="3" WC="0.85" CONTENT="—"/><SP WIDTH="17" VPOS="928" HPOS="594"/>
							<String ID="string_62" HPOS="611" VPOS="928" WIDTH="43" HEIGHT="3" WC="0.92" CONTENT="—"/><SP WIDTH="19" VPOS="928" HPOS="654"/>
							<String ID="string_63" HPOS="673" VPOS="911" WIDTH="51" HEIGHT="29" WC="0.96" CONTENT="tre"/><SP WIDTH="21" VPOS="911" HPOS="724"/>
							<String ID="string_64" HPOS="745" VPOS="910" WIDTH="178" HEIGHT="35" WC="0.96" CONTENT="månader,"/>
						</TextLine>
						<TextLine ID="line_15" HPOS="302" VPOS="950" WIDTH="522" HEIGHT="32">
							<String ID="string_65" HPOS="302" VPOS="950" WIDTH="64" HEIGHT="29" WC="0.96" CONTENT="och"/><SP WIDTH="16" VPOS="950" HPOS="366"/>
							<String ID="string_66" HPOS="382" VPOS="950" WIDTH="65" HEIGHT="29" WC="0.92" CONTENT="har"/><SP WIDTH="15" VPOS="950" HPOS="447"/>
							<String ID="string_67" HPOS="462" VPOS="969" WIDTH="46" HEIGHT="3" WC="0.90" CONTENT="—"/><SP WIDTH="14" VPOS="969" HPOS="508"/>
							<String ID="string_68" HPOS="522" VPOS="969" WIDTH="44" HEIGHT="3" WC="0.86" CONTENT="—"/><SP WIDTH="16" VPOS="969" HPOS="566"/>
							<String ID="string_69" HPOS="582" VPOS="970" WIDTH="43" HEIGHT="3" WC="0.88" CONTENT="—"/><SP WIDTH="15" VPOS="970" HPOS="625"/>
							<String ID="string_70" HPOS="640" VPOS="961" WIDTH="42" HEIGHT="20" WC="0.96" CONTENT="av"/><SP WIDTH="17" VPOS="961" HPOS="682"/>
							<String ID="string_71" HPOS="699" VPOS="953" WIDTH="125" HEIGHT="29" WC="0.96" CONTENT="rätten."/>
						</TextLine>
						<TextLine ID="line_16" HPOS="301" VPOS="990" WIDTH="684" HEIGHT="44">
							<String ID="string_72" HPOS="301" VPOS="990" WIDTH="130" HEIGHT="32" WC="0.96" CONTENT="Genom"/><SP WIDTH="15" VPOS="990" HPOS="431"/>
							<String ID="string_73" HPOS="446" VPOS="993" WIDTH="135" HEIGHT="30" WC="0.93" CONTENT="rättens"/><SP WIDTH="14" VPOS="993" HPOS="581"/>
							<String ID="string_74" HPOS="595" VPOS="1012" WIDTH="43" HEIGHT="3" WC="0.92" CONTENT="—"/><SP WIDTH="13" VPOS="1012" HPOS="638"/>
							<String ID="string_75" HPOS="651" VPOS="1013" WIDTH="44" HEIGHT="3" WC="0.92" CONTENT="—"/><SP WIDTH="14" VPOS="1013" HPOS="695"/>
							<String ID="string_76" HPOS="709" VPOS="1013" WIDTH="44" HEIGHT="3" WC="0.91" CONTENT="—"/><SP WIDTH="14" VPOS="1013" HPOS="753"/>
							<String ID="string_77" HPOS="767" VPOS="995" WIDTH="66" HEIGHT="29" WC="0.93" CONTENT="och"/><SP WIDTH="14" VPOS="995" HPOS="833"/>
							<String ID="string_78" HPOS="847" VPOS="995" WIDTH="138" HEIGHT="39" WC="0.91" CONTENT="postad-"/>
						</TextLine>
						<TextLine ID="line_17" HPOS="257" VPOS="1042" WIDTH="83" HEIGHT="21">
							<String ID="string_79" HPOS="257" VPOS="1042" WIDTH="83" HEIGHT="21" WC="0.58" CONTENT="TeSS."/>
						</TextLine>
						<TextLine ID="line_18" HPOS="569" VPOS="1170" WIDTH="89" HEIGHT="38">
							<String ID="string_80" HPOS="569" VPOS="1170" WIDTH="42" HEIGHT="30" WC="0.96" CONTENT="88"/><SP WIDTH="19" VPOS="1170" HPOS="611"/>
							<String ID="string_81" HPOS="630" VPOS="1170" WIDTH="28" HEIGHT="38" WC="0.91" CONTENT="8."/>
						</TextLine>
					</TextBlock>
				</ComposedBlock>
				<ComposedBlock ID="cblock_4" HPOS="256" VPOS="1219" WIDTH="730" HEIGHT="157">
					<TextBlock ID="block_4" HPOS="256" VPOS="1219" WIDTH="730" HEIGHT="157">
						<TextLine ID="line_19" HPOS="304" VPOS="1219" WIDTH="682" HEIGHT="42">
							<String ID="string_82" HPOS="304" VPOS="1219" WIDTH="72" HEIGHT="29" WC="0.96" CONTENT="Vad"/><SP WIDTH="24" VPOS="1219" HPOS="376"/>
							<String ID="string_83" HPOS="400" VPOS="1219" WIDTH="11" HEIGHT="30" WC="0.92" CONTENT="i"/><SP WIDTH="22" VPOS="1219" HPOS="411"/>
							<String ID="string_84" HPOS="433" VPOS="1220" WIDTH="132" HEIGHT="30" WC="0.85" CONTENT="96—98"/><SP WIDTH="23" VPOS="1220" HPOS="565"/>
							<String ID="string_85" HPOS="588" VPOS="1220" WIDTH="43" HEIGHT="37" WC="0.96" CONTENT="$$"/><SP WIDTH="23" VPOS="1220" HPOS="631"/>
							<String ID="string_86" HPOS="654" VPOS="1221" WIDTH="99" HEIGHT="40" WC="0.96" CONTENT="lagen"/><SP WIDTH="25" VPOS="1221" HPOS="753"/>
							<String ID="string_87" HPOS="778" VPOS="1231" WIDTH="56" HEIGHT="21" WC="0.93" CONTENT="om"/><SP WIDTH="25" VPOS="1231" HPOS="834"/>
							<String ID="string_88" HPOS="859" VPOS="1223" WIDTH="127" HEIGHT="29" WC="0.92" CONTENT="ekono-"/>
						</TextLine>
						<TextLine ID="line_20" HPOS="256" VPOS="1260" WIDTH="730" HEIGHT="45">
							<String ID="string_89" HPOS="256" VPOS="1260" WIDTH="115" HEIGHT="30" WC="0.96" CONTENT="miska"/><SP WIDTH="24" VPOS="1260" HPOS="371"/>
							<String ID="string_90" HPOS="395" VPOS="1261" WIDTH="205" HEIGHT="41" WC="0.96" CONTENT="föreningar"/><SP WIDTH="24" VPOS="1261" HPOS="600"/>
							<String ID="string_91" HPOS="624" VPOS="1264" WIDTH="39" HEIGHT="29" WC="0.96" CONTENT="är"/><SP WIDTH="23" VPOS="1264" HPOS="663"/>
							<String ID="string_92" HPOS="686" VPOS="1264" WIDTH="140" HEIGHT="39" WC="0.96" CONTENT="stadgat"/><SP WIDTH="24" VPOS="1264" HPOS="826"/>
							<String ID="string_93" HPOS="850" VPOS="1273" WIDTH="55" HEIGHT="21" WC="0.92" CONTENT="om"/><SP WIDTH="25" VPOS="1273" HPOS="905"/>
							<String ID="string_94" HPOS="930" VPOS="1265" WIDTH="56" HEIGHT="40" WC="0.92" CONTENT="fu-"/>
						</TextLine>
						<TextLine ID="line_21" HPOS="257" VPOS="1302" WIDTH="728" HEIGHT="43">
							<String ID="string_95" HPOS="257" VPOS="1302" WIDTH="76" HEIGHT="30" WC="0.96" CONTENT="sion"/><SP WIDTH="27" VPOS="1302" HPOS="333"/>
							<String ID="string_96" HPOS="360" VPOS="1304" WIDTH="92" HEIGHT="29" WC="0.96" CONTENT="skall"/><SP WIDTH="27" VPOS="1304" HPOS="452"/>
							<String ID="string_97" HPOS="479" VPOS="1305" WIDTH="35" HEIGHT="39" WC="0.96" CONTENT="ej"/><SP WIDTH="25" VPOS="1305" HPOS="514"/>
							<String ID="string_98" HPOS="539" VPOS="1305" WIDTH="90" HEIGHT="39" WC="0.96" CONTENT="gälla"/><SP WIDTH="26" VPOS="1305" HPOS="629"/>
							<String ID="string_99" HPOS="655" VPOS="1306" WIDTH="227" HEIGHT="39" WC="0.93" CONTENT="jordbrukets"/><SP WIDTH="26" VPOS="1306" HPOS="882"/>
							<String ID="string_100" HPOS="908" VPOS="1307" WIDTH="77" HEIGHT="30" WC="0.92" CONTENT="kre-"/>
						</TextLine>
						<TextLine ID="line_22" HPOS="256" VPOS="1344" WIDTH="186" HEIGHT="32">
							<String ID="string_101" HPOS="256" VPOS="1344" WIDTH="186" HEIGHT="32" WC="0.91" CONTENT="ditkassor."/>
						</TextLine>
					</TextBlock>
				</ComposedBlock>
				<ComposedBlock ID="cblock_5" HPOS="620" VPOS="152" WIDTH="781" HEIGHT="33">
					<TextBlock ID="block_5" HPOS="620" VPOS="152" WIDTH="781" HEIGHT="33">
						<TextLine ID="line_23" HPOS="620" VPOS="152" WIDTH="781" HEIGHT="33">
							<String ID="string_102" HPOS="620" VPOS="152" WIDTH="312" HEIGHT="30" WC="0.91" CONTENT="Bankoutskottets"/><SP WIDTH="23" VPOS="152" HPOS="932"/>
							<String ID="string_103" HPOS="955" VPOS="153" WIDTH="180" HEIGHT="31" WC="0.96" CONTENT="utlåtande"/><SP WIDTH="20" VPOS="153" HPOS="1135"/>
							<String ID="string_104" HPOS="1155" VPOS="163" WIDTH="43" HEIGHT="20" WC="0.96" CONTENT="nr"/><SP WIDTH="20" VPOS="163" HPOS="1198"/>
							<String ID="string_105" HPOS="1218" VPOS="155" WIDTH="20" HEIGHT="29" WC="0.96" CONTENT="5"/><SP WIDTH="19" VPOS="155" HPOS="1238"/>
							<String ID="string_106" HPOS="1257" VPOS="155" WIDTH="40" HEIGHT="29" WC="0.95" CONTENT="år"/><SP WIDTH="20" VPOS="155" HPOS="1297"/>
							<String ID="string_107" HPOS="1317" VPOS="155" WIDTH="84" HEIGHT="30" WC="0.96" CONTENT="1962"/>
						</TextLine>
					</TextBlock>
				</ComposedBlock>
				<ComposedBlock ID="cblock_6" HPOS="1197" VPOS="239" WIDTH="393" HEIGHT="40">
					<TextBlock ID="block_6" HPOS="1197" VPOS="239" WIDTH="393" HEIGHT="40">
						<TextLine ID="line_24" HPOS="1197" VPOS="239" WIDTH="393" HEIGHT="40">
							<String ID="string_108" HPOS="1197" VPOS="239" WIDTH="229" HEIGHT="39" WC="0.96" CONTENT="(Föreslagen"/><SP WIDTH="16" VPOS="239" HPOS="1426"/>
							<String ID="string_109" HPOS="1442" VPOS="239" WIDTH="148" HEIGHT="40" WC="0.96" CONTENT="lydelse)"/>
						</TextLine>
					</TextBlock>
				</ComposedBlock>
				<ComposedBlock ID="cblock_7" HPOS="1031" VPOS="323" WIDTH="730" HEIGHT="240">
					<TextBlock ID="block_7" HPOS="1031" VPOS="323" WIDTH="730" HEIGHT="240">
						<TextLine ID="line_25" HPOS="1032" VPOS="323" WIDTH="729" HEIGHT="40">
							<String ID="string_110" HPOS="1032" VPOS="332" WIDTH="42" HEIGHT="20" WC="0.96" CONTENT="av"/><SP WIDTH="30" VPOS="332" HPOS="1074"/>
							<String ID="string_111" HPOS="1104" VPOS="323" WIDTH="137" HEIGHT="34" WC="0.96" CONTENT="förlust,"/><SP WIDTH="32" VPOS="323" HPOS="1241"/>
							<String ID="string_112" HPOS="1273" VPOS="332" WIDTH="75" HEIGHT="21" WC="0.95" CONTENT="som"/><SP WIDTH="30" VPOS="332" HPOS="1348"/>
							<String ID="string_113" HPOS="1378" VPOS="324" WIDTH="107" HEIGHT="39" WC="0.95" CONTENT="enligt"/><SP WIDTH="21" VPOS="324" HPOS="1485"/>
							<String ID="string_114" HPOS="1506" VPOS="324" WIDTH="178" HEIGHT="31" WC="0.93" CONTENT="fastställd"/><SP WIDTH="18" VPOS="324" HPOS="1684"/>
							<String ID="string_115" HPOS="1702" VPOS="326" WIDTH="59" HEIGHT="29" WC="0.93" CONTENT="ba-"/>
						</TextLine>
						<TextLine ID="line_26" HPOS="1031" VPOS="365" WIDTH="730" HEIGHT="42">
							<String ID="string_116" HPOS="1031" VPOS="365" WIDTH="230" HEIGHT="40" WC="0.91" CONTENT="lansräkning"/><SP WIDTH="23" VPOS="365" HPOS="1261"/>
							<String ID="string_117" HPOS="1284" VPOS="365" WIDTH="115" HEIGHT="31" WC="0.96" CONTENT="finnes"/><SP WIDTH="22" VPOS="365" HPOS="1399"/>
							<String ID="string_118" HPOS="1421" VPOS="366" WIDTH="92" HEIGHT="30" WC="0.96" CONTENT="hava"/><SP WIDTH="22" VPOS="366" HPOS="1513"/>
							<String ID="string_119" HPOS="1535" VPOS="366" WIDTH="158" HEIGHT="41" WC="0.96" CONTENT="uppstått"/><SP WIDTH="23" VPOS="366" HPOS="1693"/>
							<String ID="string_120" HPOS="1716" VPOS="367" WIDTH="45" HEIGHT="40" WC="0.96" CONTENT="på"/>
						</TextLine>
						<TextLine ID="line_27" HPOS="1032" VPOS="407" WIDTH="728" HEIGHT="33">
							<String ID="string_121" HPOS="1032" VPOS="407" WIDTH="147" HEIGHT="30" WC="0.96" CONTENT="kassans"/><SP WIDTH="17" VPOS="407" HPOS="1179"/>
							<String ID="string_122" HPOS="1196" VPOS="407" WIDTH="251" HEIGHT="32" WC="0.30" CONTENT="verksamhet"/><SP WIDTH="-13" VPOS="407" HPOS="1447"/>
							<String ID="string_123" HPOS="1434" VPOS="403" WIDTH="13" HEIGHT="50" WC="0.30" CONTENT="i"/><SP WIDTH="17" VPOS="403" HPOS="1447"/>
							<String ID="string_124" HPOS="1464" VPOS="409" WIDTH="80" HEIGHT="30" WC="0.96" CONTENT="dess"/><SP WIDTH="17" VPOS="409" HPOS="1544"/>
							<String ID="string_125" HPOS="1561" VPOS="409" WIDTH="116" HEIGHT="30" WC="0.95" CONTENT="helhet"/><SP WIDTH="18" VPOS="409" HPOS="1677"/>
							<String ID="string_126" HPOS="1695" VPOS="410" WIDTH="65" HEIGHT="30" WC="0.96" CONTENT="och"/>
						</TextLine>
						<TextLine ID="line_28" HPOS="1032" VPOS="450" WIDTH="727" HEIGHT="41">
							<String ID="string_127" HPOS="1032" VPOS="458" WIDTH="75" HEIGHT="21" WC="0.96" CONTENT="som"/><SP WIDTH="25" VPOS="458" HPOS="1107"/>
							<String ID="string_128" HPOS="1132" VPOS="450" WIDTH="75" HEIGHT="29" WC="0.96" CONTENT="icke"/><SP WIDTH="24" VPOS="450" HPOS="1207"/>
							<String ID="string_129" HPOS="1231" VPOS="450" WIDTH="71" HEIGHT="29" WC="0.96" CONTENT="kan"/><SP WIDTH="24" VPOS="450" HPOS="1302"/>
							<String ID="string_130" HPOS="1326" VPOS="451" WIDTH="148" HEIGHT="29" WC="0.95" CONTENT="ersättas"/><SP WIDTH="26" VPOS="451" HPOS="1474"/>
							<String ID="string_131" HPOS="1500" VPOS="460" WIDTH="43" HEIGHT="21" WC="0.96" CONTENT="av"/><SP WIDTH="23" VPOS="460" HPOS="1543"/>
							<String ID="string_132" HPOS="1566" VPOS="450" WIDTH="193" HEIGHT="41" WC="0.96" CONTENT="befintliga,"/>
						</TextLine>
						<TextLine ID="line_29" HPOS="1031" VPOS="491" WIDTH="729" HEIGHT="41">
							<String ID="string_133" HPOS="1031" VPOS="491" WIDTH="52" HEIGHT="30" WC="0.95" CONTENT="till"/><SP WIDTH="32" VPOS="491" HPOS="1083"/>
							<String ID="string_134" HPOS="1115" VPOS="491" WIDTH="166" HEIGHT="30" WC="0.96" CONTENT="framtida"/><SP WIDTH="30" VPOS="491" HPOS="1281"/>
							<String ID="string_135" HPOS="1311" VPOS="492" WIDTH="206" HEIGHT="40" WC="0.96" CONTENT="förfogande"/><SP WIDTH="19" VPOS="492" HPOS="1517"/>
							<String ID="string_136" HPOS="1536" VPOS="495" WIDTH="136" HEIGHT="28" WC="0.93" CONTENT="avsatta"/><SP WIDTH="18" VPOS="495" HPOS="1672"/>
							<String ID="string_137" HPOS="1690" VPOS="503" WIDTH="70" HEIGHT="20" WC="0.93" CONTENT="me-"/>
						</TextLine>
						<TextLine ID="line_30" HPOS="1032" VPOS="534" WIDTH="65" HEIGHT="29">
							<String ID="string_138" HPOS="1032" VPOS="534" WIDTH="65" HEIGHT="29" WC="0.95" CONTENT="del."/>
						</TextLine>
					</TextBlock>
				</ComposedBlock>
				<ComposedBlock ID="cblock_8" HPOS="1030" VPOS="610" WIDTH="730" HEIGHT="459">
					<TextBlock ID="block_8" HPOS="1348" VPOS="610" WIDTH="92" HEIGHT="38">
						<TextLine ID="line_31" HPOS="1348" VPOS="610" WIDTH="92" HEIGHT="38">
							<String ID="string_139" HPOS="1348" VPOS="610" WIDTH="41" HEIGHT="30" WC="0.94" CONTENT="58"/><SP WIDTH="23" VPOS="610" HPOS="1389"/>
							<String ID="string_140" HPOS="1412" VPOS="610" WIDTH="28" HEIGHT="38" WC="0.75" CONTENT="8."/>
						</TextLine>
					</TextBlock>
					<TextBlock ID="block_9" HPOS="1030" VPOS="660" WIDTH="728" HEIGHT="81">
						<TextLine ID="line_32" HPOS="1076" VPOS="660" WIDTH="682" HEIGHT="31">
							<String ID="string_141" HPOS="1076" VPOS="660" WIDTH="71" HEIGHT="30" WC="0.93" CONTENT="Har"/><SP WIDTH="27" VPOS="660" HPOS="1147"/>
							<String ID="string_142" HPOS="1174" VPOS="661" WIDTH="221" HEIGHT="29" WC="0.88" CONTENT="kreditkassa"/><SP WIDTH="25" VPOS="661" HPOS="1395"/>
							<String ID="string_143" HPOS="1420" VPOS="680" WIDTH="45" HEIGHT="2" WC="0.92" CONTENT="—"/><SP WIDTH="24" VPOS="680" HPOS="1465"/>
							<String ID="string_144" HPOS="1489" VPOS="680" WIDTH="45" HEIGHT="3" WC="0.87" CONTENT="—"/><SP WIDTH="25" VPOS="680" HPOS="1534"/>
							<String ID="string_145" HPOS="1559" VPOS="680" WIDTH="44" HEIGHT="2" WC="0.91" CONTENT="—"/><SP WIDTH="25" VPOS="680" HPOS="1603"/>
							<String ID="string_146" HPOS="1628" VPOS="661" WIDTH="130" HEIGHT="30" WC="0.96" CONTENT="kassan"/>
						</TextLine>
						<TextLine ID="line_33" HPOS="1030" VPOS="703" WIDTH="212" HEIGHT="38">
							<String ID="string_147" HPOS="1030" VPOS="703" WIDTH="212" HEIGHT="38" WC="0.96" CONTENT="godkändes,"/>
						</TextLine>
					</TextBlock>
					<TextBlock ID="block_10" HPOS="1030" VPOS="829" WIDTH="730" HEIGHT="76">
						<TextLine ID="line_34" HPOS="1074" VPOS="829" WIDTH="686" HEIGHT="31">
							<String ID="string_148" HPOS="1074" VPOS="829" WIDTH="82" HEIGHT="30" WC="0.96" CONTENT="eller"/><SP WIDTH="22" VPOS="829" HPOS="1156"/>
							<String ID="string_149" HPOS="1178" VPOS="829" WIDTH="64" HEIGHT="30" WC="0.93" CONTENT="har"/><SP WIDTH="22" VPOS="829" HPOS="1242"/>
							<String ID="string_150" HPOS="1264" VPOS="848" WIDTH="43" HEIGHT="3" WC="0.92" CONTENT="—"/><SP WIDTH="21" VPOS="848" HPOS="1307"/>
							<String ID="string_151" HPOS="1328" VPOS="848" WIDTH="43" HEIGHT="3" WC="0.85" CONTENT="—"/><SP WIDTH="20" VPOS="848" HPOS="1371"/>
							<String ID="string_152" HPOS="1391" VPOS="848" WIDTH="45" HEIGHT="3" WC="0.92" CONTENT="—"/><SP WIDTH="20" VPOS="848" HPOS="1436"/>
							<String ID="string_153" HPOS="1456" VPOS="830" WIDTH="132" HEIGHT="30" WC="0.93" CONTENT="kassan"/><SP WIDTH="22" VPOS="830" HPOS="1588"/>
							<String ID="string_154" HPOS="1610" VPOS="830" WIDTH="150" HEIGHT="30" WC="0.91" CONTENT="återkal-"/>
						</TextLine>
						<TextLine ID="line_35" HPOS="1030" VPOS="871" WIDTH="78" HEIGHT="34">
							<String ID="string_155" HPOS="1030" VPOS="871" WIDTH="78" HEIGHT="34" WC="0.96" CONTENT="lats,"/>
						</TextLine>
					</TextBlock>
					<TextBlock ID="block_11" HPOS="1074" VPOS="914" WIDTH="603" HEIGHT="35">
						<TextLine ID="line_36" HPOS="1074" VPOS="914" WIDTH="603" HEIGHT="35">
							<String ID="string_156" HPOS="1074" VPOS="914" WIDTH="82" HEIGHT="29" WC="0.96" CONTENT="eller"/><SP WIDTH="17" VPOS="914" HPOS="1156"/>
							<String ID="string_157" HPOS="1173" VPOS="914" WIDTH="65" HEIGHT="29" WC="0.91" CONTENT="har"/><SP WIDTH="15" VPOS="914" HPOS="1238"/>
							<String ID="string_158" HPOS="1253" VPOS="933" WIDTH="43" HEIGHT="2" WC="0.89" CONTENT="—"/><SP WIDTH="15" VPOS="933" HPOS="1296"/>
							<String ID="string_159" HPOS="1311" VPOS="932" WIDTH="44" HEIGHT="3" WC="0.85" CONTENT="-—"/><SP WIDTH="14" VPOS="932" HPOS="1355"/>
							<String ID="string_160" HPOS="1369" VPOS="932" WIDTH="44" HEIGHT="4" WC="0.90" CONTENT="—"/><SP WIDTH="16" VPOS="932" HPOS="1413"/>
							<String ID="string_161" HPOS="1429" VPOS="918" WIDTH="52" HEIGHT="28" WC="0.96" CONTENT="tre"/><SP WIDTH="17" VPOS="918" HPOS="1481"/>
							<String ID="string_162" HPOS="1498" VPOS="914" WIDTH="179" HEIGHT="35" WC="0.96" CONTENT="månader,"/>
						</TextLine>
					</TextBlock>
					<TextBlock ID="block_12" HPOS="1074" VPOS="956" WIDTH="555" HEIGHT="31">
						<TextLine ID="line_37" HPOS="1074" VPOS="956" WIDTH="555" HEIGHT="31">
							<String ID="string_163" HPOS="1074" VPOS="956" WIDTH="65" HEIGHT="29" WC="0.96" CONTENT="och"/><SP WIDTH="21" VPOS="956" HPOS="1139"/>
							<String ID="string_164" HPOS="1160" VPOS="956" WIDTH="65" HEIGHT="29" WC="0.93" CONTENT="har"/><SP WIDTH="21" VPOS="956" HPOS="1225"/>
							<String ID="string_165" HPOS="1246" VPOS="974" WIDTH="44" HEIGHT="3" WC="0.92" CONTENT="—"/><SP WIDTH="20" VPOS="974" HPOS="1290"/>
							<String ID="string_166" HPOS="1310" VPOS="974" WIDTH="44" HEIGHT="3" WC="0.90" CONTENT="—"/><SP WIDTH="20" VPOS="974" HPOS="1354"/>
							<String ID="string_167" HPOS="1374" VPOS="974" WIDTH="44" HEIGHT="4" WC="0.89" CONTENT="—"/><SP WIDTH="22" VPOS="974" HPOS="1418"/>
							<String ID="string_168" HPOS="1440" VPOS="965" WIDTH="43" HEIGHT="21" WC="0.96" CONTENT="av"/><SP WIDTH="21" VPOS="965" HPOS="1483"/>
							<String ID="string_169" HPOS="1504" VPOS="958" WIDTH="125" HEIGHT="29" WC="0.96" CONTENT="rätten."/>
						</TextLine>
					</TextBlock>
					<TextBlock ID="block_13" HPOS="1030" VPOS="997" WIDTH="729" HEIGHT="72">
						<TextLine ID="line_38" HPOS="1074" VPOS="997" WIDTH="685" HEIGHT="41">
							<String ID="string_170" HPOS="1074" VPOS="997" WIDTH="130" HEIGHT="30" WC="0.96" CONTENT="Genom"/><SP WIDTH="16" VPOS="997" HPOS="1204"/>
							<String ID="string_171" HPOS="1220" VPOS="999" WIDTH="131" HEIGHT="29" WC="0.93" CONTENT="rättens"/><SP WIDTH="16" VPOS="999" HPOS="1351"/>
							<String ID="string_172" HPOS="1367" VPOS="1016" WIDTH="43" HEIGHT="3" WC="0.91" CONTENT="—"/><SP WIDTH="13" VPOS="1016" HPOS="1410"/>
							<String ID="string_173" HPOS="1423" VPOS="1017" WIDTH="44" HEIGHT="3" WC="0.91" CONTENT="—"/><SP WIDTH="13" VPOS="1017" HPOS="1467"/>
							<String ID="string_174" HPOS="1480" VPOS="1017" WIDTH="45" HEIGHT="3" WC="0.88" CONTENT="—"/><SP WIDTH="14" VPOS="1017" HPOS="1525"/>
							<String ID="string_175" HPOS="1539" VPOS="999" WIDTH="66" HEIGHT="29" WC="0.93" CONTENT="och"/><SP WIDTH="12" VPOS="999" HPOS="1605"/>
							<String ID="string_176" HPOS="1617" VPOS="999" WIDTH="142" HEIGHT="39" WC="0.92" CONTENT="postad-"/>
						</TextLine>
						<TextLine ID="line_39" HPOS="1030" VPOS="1048" WIDTH="83" HEIGHT="21">
							<String ID="string_177" HPOS="1030" VPOS="1048" WIDTH="83" HEIGHT="21" WC="0.88" CONTENT="ress."/>
						</TextLine>
					</TextBlock>
				</ComposedBlock>
				<ComposedBlock ID="cblock_9" HPOS="1021" VPOS="1115" WIDTH="739" HEIGHT="1414">
					<TextBlock ID="block_14" HPOS="1236" VPOS="1115" WIDTH="331" HEIGHT="97">
						<TextLine ID="line_40" HPOS="1236" VPOS="1115" WIDTH="331" HEIGHT="31">
							<String ID="string_178" HPOS="1236" VPOS="1115" WIDTH="65" HEIGHT="30" WC="0.96" CONTENT="Om"/><SP WIDTH="19" VPOS="1115" HPOS="1301"/>
							<String ID="string_179" HPOS="1320" VPOS="1116" WIDTH="119" HEIGHT="29" WC="0.91" CONTENT="fusion"/><SP WIDTH="20" VPOS="1116" HPOS="1439"/>
							<String ID="string_180" HPOS="1459" VPOS="1125" WIDTH="44" HEIGHT="20" WC="0.87" CONTENT="m."/><SP WIDTH="20" VPOS="1125" HPOS="1503"/>
							<String ID="string_181" HPOS="1523" VPOS="1126" WIDTH="44" HEIGHT="20" WC="0.91" CONTENT="m."/>
						</TextLine>
						<TextLine ID="line_41" HPOS="1339" VPOS="1174" WIDTH="91" HEIGHT="38">
							<String ID="string_182" HPOS="1339" VPOS="1174" WIDTH="43" HEIGHT="30" WC="0.92" CONTENT="87"/><SP WIDTH="20" VPOS="1174" HPOS="1382"/>
							<String ID="string_183" HPOS="1402" VPOS="1174" WIDTH="28" HEIGHT="38" WC="0.94" CONTENT="8."/>
						</TextLine>
					</TextBlock>
					<TextBlock ID="block_15" HPOS="1028" VPOS="1224" WIDTH="732" HEIGHT="504">
						<TextLine ID="line_42" HPOS="1077" VPOS="1224" WIDTH="681" HEIGHT="41">
							<String ID="string_184" HPOS="1077" VPOS="1225" WIDTH="15" HEIGHT="28" WC="0.95" CONTENT="1"/><SP WIDTH="33" VPOS="1225" HPOS="1092"/>
							<String ID="string_185" HPOS="1125" VPOS="1233" WIDTH="104" HEIGHT="21" WC="0.95" CONTENT="mom."/><SP WIDTH="33" VPOS="1233" HPOS="1229"/>
							<String ID="string_186" HPOS="1262" VPOS="1224" WIDTH="129" HEIGHT="31" WC="0.96" CONTENT="Genom"/><SP WIDTH="31" VPOS="1224" HPOS="1391"/>
							<String ID="string_187" HPOS="1422" VPOS="1225" WIDTH="121" HEIGHT="40" WC="0.95" CONTENT="fusion"/><SP WIDTH="31" VPOS="1225" HPOS="1543"/>
							<String ID="string_188" HPOS="1574" VPOS="1226" WIDTH="59" HEIGHT="30" WC="0.92" CONTENT="må"/><SP WIDTH="29" VPOS="1226" HPOS="1633"/>
							<String ID="string_189" HPOS="1662" VPOS="1226" WIDTH="96" HEIGHT="39" WC="0.91" CONTENT="jord-"/>
						</TextLine>
						<TextLine ID="line_43" HPOS="1030" VPOS="1266" WIDTH="729" HEIGHT="40">
							<String ID="string_190" HPOS="1030" VPOS="1266" WIDTH="215" HEIGHT="30" WC="0.92" CONTENT="brukskassa"/><SP WIDTH="19" VPOS="1266" HPOS="1245"/>
							<String ID="string_191" HPOS="1264" VPOS="1267" WIDTH="115" HEIGHT="39" WC="0.96" CONTENT="uppgå"/><SP WIDTH="18" VPOS="1267" HPOS="1379"/>
							<String ID="string_192" HPOS="1397" VPOS="1267" WIDTH="12" HEIGHT="30" WC="0.96" CONTENT="i"/><SP WIDTH="16" VPOS="1267" HPOS="1409"/>
							<String ID="string_193" HPOS="1425" VPOS="1276" WIDTH="119" HEIGHT="21" WC="0.93" CONTENT="annan"/><SP WIDTH="19" VPOS="1276" HPOS="1544"/>
							<String ID="string_194" HPOS="1563" VPOS="1268" WIDTH="196" HEIGHT="30" WC="0.91" CONTENT="kreditkas-"/>
						</TextLine>
						<TextLine ID="line_44" HPOS="1028" VPOS="1309" WIDTH="731" HEIGHT="31">
							<String ID="string_195" HPOS="1028" VPOS="1318" WIDTH="39" HEIGHT="20" WC="0.93" CONTENT="sa"/><SP WIDTH="23" VPOS="1318" HPOS="1067"/>
							<String ID="string_196" HPOS="1090" VPOS="1309" WIDTH="63" HEIGHT="30" WC="0.93" CONTENT="och"/><SP WIDTH="22" VPOS="1309" HPOS="1153"/>
							<String ID="string_197" HPOS="1175" VPOS="1309" WIDTH="240" HEIGHT="30" WC="0.91" CONTENT="centralkassa"/><SP WIDTH="23" VPOS="1309" HPOS="1415"/>
							<String ID="string_198" HPOS="1438" VPOS="1310" WIDTH="11" HEIGHT="29" WC="0.96" CONTENT="i"/><SP WIDTH="21" VPOS="1310" HPOS="1449"/>
							<String ID="string_199" HPOS="1470" VPOS="1319" WIDTH="119" HEIGHT="21" WC="0.92" CONTENT="annan"/><SP WIDTH="23" VPOS="1319" HPOS="1589"/>
							<String ID="string_200" HPOS="1612" VPOS="1310" WIDTH="147" HEIGHT="30" WC="0.92" CONTENT="central-"/>
						</TextLine>
						<TextLine ID="line_45" HPOS="1029" VPOS="1351" WIDTH="731" HEIGHT="39">
							<String ID="string_201" HPOS="1029" VPOS="1351" WIDTH="114" HEIGHT="30" WC="0.95" CONTENT="kassa."/><SP WIDTH="23" VPOS="1351" HPOS="1143"/>
							<String ID="string_202" HPOS="1166" VPOS="1351" WIDTH="132" HEIGHT="31" WC="0.96" CONTENT="Därvid"/><SP WIDTH="21" VPOS="1351" HPOS="1298"/>
							<String ID="string_203" HPOS="1319" VPOS="1351" WIDTH="92" HEIGHT="30" WC="0.96" CONTENT="skall"/><SP WIDTH="13" VPOS="1351" HPOS="1411"/>
							<String ID="string_204" HPOS="1424" VPOS="1352" WIDTH="67" HEIGHT="30" WC="0.96" CONTENT="vad"/><SP WIDTH="14" VPOS="1352" HPOS="1491"/>
							<String ID="string_205" HPOS="1505" VPOS="1352" WIDTH="11" HEIGHT="29" WC="0.96" CONTENT="i"/><SP WIDTH="12" VPOS="1352" HPOS="1516"/>
							<String ID="string_206" HPOS="1528" VPOS="1353" WIDTH="42" HEIGHT="29" WC="0.96" CONTENT="96"/><SP WIDTH="14" VPOS="1353" HPOS="1570"/>
							<String ID="string_207" HPOS="1584" VPOS="1352" WIDTH="64" HEIGHT="30" WC="0.96" CONTENT="och"/><SP WIDTH="13" VPOS="1352" HPOS="1648"/>
							<String ID="string_208" HPOS="1661" VPOS="1353" WIDTH="42" HEIGHT="29" WC="0.96" CONTENT="98"/><SP WIDTH="13" VPOS="1353" HPOS="1703"/>
							<String ID="string_209" HPOS="1716" VPOS="1352" WIDTH="44" HEIGHT="38" WC="0.93" CONTENT="$$"/>
						</TextLine>
						<TextLine ID="line_46" HPOS="1030" VPOS="1393" WIDTH="729" HEIGHT="41">
							<String ID="string_210" HPOS="1030" VPOS="1393" WIDTH="100" HEIGHT="39" WC="0.96" CONTENT="lagen"/><SP WIDTH="25" VPOS="1393" HPOS="1130"/>
							<String ID="string_211" HPOS="1155" VPOS="1402" WIDTH="55" HEIGHT="21" WC="0.96" CONTENT="om"/><SP WIDTH="27" VPOS="1402" HPOS="1210"/>
							<String ID="string_212" HPOS="1237" VPOS="1394" WIDTH="230" HEIGHT="30" WC="0.96" CONTENT="ekonomiska"/><SP WIDTH="24" VPOS="1394" HPOS="1467"/>
							<String ID="string_213" HPOS="1491" VPOS="1394" WIDTH="205" HEIGHT="40" WC="0.96" CONTENT="föreningar"/><SP WIDTH="23" VPOS="1394" HPOS="1696"/>
							<String ID="string_214" HPOS="1719" VPOS="1396" WIDTH="40" HEIGHT="29" WC="0.96" CONTENT="är"/>
						</TextLine>
						<TextLine ID="line_47" HPOS="1028" VPOS="1435" WIDTH="730" HEIGHT="41">
							<String ID="string_215" HPOS="1028" VPOS="1435" WIDTH="138" HEIGHT="40" WC="0.95" CONTENT="stadgat"/><SP WIDTH="18" VPOS="1435" HPOS="1166"/>
							<String ID="string_216" HPOS="1184" VPOS="1436" WIDTH="108" HEIGHT="39" WC="0.96" CONTENT="gälla;"/><SP WIDTH="20" VPOS="1436" HPOS="1292"/>
							<String ID="string_217" HPOS="1312" VPOS="1436" WIDTH="90" HEIGHT="30" WC="0.96" CONTENT="dock"/><SP WIDTH="18" VPOS="1436" HPOS="1402"/>
							<String ID="string_218" HPOS="1420" VPOS="1436" WIDTH="93" HEIGHT="30" WC="0.96" CONTENT="skall"/><SP WIDTH="17" VPOS="1436" HPOS="1513"/>
							<String ID="string_219" HPOS="1530" VPOS="1436" WIDTH="57" HEIGHT="40" WC="0.93" CONTENT="för"/><SP WIDTH="18" VPOS="1436" HPOS="1587"/>
							<String ID="string_220" HPOS="1605" VPOS="1437" WIDTH="153" HEIGHT="39" WC="0.91" CONTENT="fusions-"/>
						</TextLine>
						<TextLine ID="line_48" HPOS="1028" VPOS="1478" WIDTH="730" HEIGHT="40">
							<String ID="string_221" HPOS="1028" VPOS="1478" WIDTH="111" HEIGHT="29" WC="0.96" CONTENT="avtals"/><SP WIDTH="20" VPOS="1478" HPOS="1139"/>
							<String ID="string_222" HPOS="1159" VPOS="1478" WIDTH="257" HEIGHT="30" WC="0.96" CONTENT="verkställande"/><SP WIDTH="18" VPOS="1478" HPOS="1416"/>
							<String ID="string_223" HPOS="1434" VPOS="1479" WIDTH="141" HEIGHT="39" WC="0.96" CONTENT="fordras"/><SP WIDTH="20" VPOS="1479" HPOS="1575"/>
							<String ID="string_224" HPOS="1595" VPOS="1479" WIDTH="75" HEIGHT="30" WC="0.93" CONTENT="icke"/><SP WIDTH="19" VPOS="1479" HPOS="1670"/>
							<String ID="string_225" HPOS="1689" VPOS="1480" WIDTH="69" HEIGHT="29" WC="0.92" CONTENT="rät-"/>
						</TextLine>
						<TextLine ID="line_49" HPOS="1032" VPOS="1520" WIDTH="727" HEIGHT="40">
							<String ID="string_226" HPOS="1032" VPOS="1521" WIDTH="74" HEIGHT="28" WC="0.96" CONTENT="tens"/><SP WIDTH="31" VPOS="1521" HPOS="1106"/>
							<String ID="string_227" HPOS="1137" VPOS="1522" WIDTH="84" HEIGHT="28" WC="0.91" CONTENT="utan"/><SP WIDTH="31" VPOS="1522" HPOS="1221"/>
							<String ID="string_228" HPOS="1252" VPOS="1520" WIDTH="409" HEIGHT="40" WC="0.90" CONTENT="tillsynsmyndighetens"/><SP WIDTH="31" VPOS="1520" HPOS="1661"/>
							<String ID="string_229" HPOS="1692" VPOS="1521" WIDTH="67" HEIGHT="30" WC="0.90" CONTENT="till-"/>
						</TextLine>
						<TextLine ID="line_50" HPOS="1028" VPOS="1562" WIDTH="731" HEIGHT="40">
							<String ID="string_230" HPOS="1028" VPOS="1562" WIDTH="113" HEIGHT="29" WC="0.96" CONTENT="stånd."/><SP WIDTH="22" VPOS="1562" HPOS="1141"/>
							<String ID="string_231" HPOS="1163" VPOS="1563" WIDTH="16" HEIGHT="28" WC="0.96" CONTENT="I"/><SP WIDTH="20" VPOS="1563" HPOS="1179"/>
							<String ID="string_232" HPOS="1199" VPOS="1563" WIDTH="117" HEIGHT="29" WC="0.95" CONTENT="stället"/><SP WIDTH="20" VPOS="1563" HPOS="1316"/>
							<String ID="string_233" HPOS="1336" VPOS="1563" WIDTH="56" HEIGHT="39" WC="0.96" CONTENT="för"/><SP WIDTH="23" VPOS="1563" HPOS="1392"/>
							<String ID="string_234" HPOS="1415" VPOS="1563" WIDTH="310" HEIGHT="30" WC="0.96" CONTENT="bestämmelserna"/><SP WIDTH="22" VPOS="1563" HPOS="1725"/>
							<String ID="string_235" HPOS="1747" VPOS="1564" WIDTH="12" HEIGHT="29" WC="0.96" CONTENT="i"/>
						</TextLine>
						<TextLine ID="line_51" HPOS="1028" VPOS="1603" WIDTH="730" HEIGHT="41">
							<String ID="string_236" HPOS="1028" VPOS="1603" WIDTH="41" HEIGHT="30" WC="0.90" CONTENT="97"/><SP WIDTH="16" VPOS="1603" HPOS="1069"/>
							<String ID="string_237" HPOS="1085" VPOS="1603" WIDTH="21" HEIGHT="37" WC="0.90" CONTENT="$"/><SP WIDTH="14" VPOS="1603" HPOS="1106"/>
							<String ID="string_238" HPOS="1120" VPOS="1604" WIDTH="154" HEIGHT="30" WC="0.96" CONTENT="nämnda"/><SP WIDTH="17" VPOS="1604" HPOS="1274"/>
							<String ID="string_239" HPOS="1291" VPOS="1604" WIDTH="54" HEIGHT="40" WC="0.96" CONTENT="lag"/><SP WIDTH="14" VPOS="1604" HPOS="1345"/>
							<String ID="string_240" HPOS="1359" VPOS="1605" WIDTH="93" HEIGHT="30" WC="0.96" CONTENT="skall"/><SP WIDTH="15" VPOS="1605" HPOS="1452"/>
							<String ID="string_241" HPOS="1467" VPOS="1605" WIDTH="58" HEIGHT="30" WC="0.96" CONTENT="vid"/><SP WIDTH="14" VPOS="1605" HPOS="1525"/>
							<String ID="string_242" HPOS="1539" VPOS="1605" WIDTH="119" HEIGHT="39" WC="0.93" CONTENT="fusion"/><SP WIDTH="15" VPOS="1605" HPOS="1658"/>
							<String ID="string_243" HPOS="1673" VPOS="1606" WIDTH="85" HEIGHT="29" WC="0.91" CONTENT="mel-"/>
						</TextLine>
						<TextLine ID="line_52" HPOS="1029" VPOS="1646" WIDTH="728" HEIGHT="40">
							<String ID="string_244" HPOS="1029" VPOS="1646" WIDTH="57" HEIGHT="29" WC="0.93" CONTENT="lan"/><SP WIDTH="21" VPOS="1646" HPOS="1086"/>
							<String ID="string_245" HPOS="1107" VPOS="1646" WIDTH="242" HEIGHT="30" WC="0.91" CONTENT="kreditkassor"/><SP WIDTH="19" VPOS="1646" HPOS="1349"/>
							<String ID="string_246" HPOS="1368" VPOS="1647" WIDTH="92" HEIGHT="39" WC="0.96" CONTENT="gälla"/><SP WIDTH="22" VPOS="1647" HPOS="1460"/>
							<String ID="string_247" HPOS="1482" VPOS="1647" WIDTH="67" HEIGHT="30" WC="0.96" CONTENT="vad"/><SP WIDTH="19" VPOS="1647" HPOS="1549"/>
							<String ID="string_248" HPOS="1568" VPOS="1647" WIDTH="115" HEIGHT="30" WC="0.95" CONTENT="nedan"/><SP WIDTH="23" VPOS="1647" HPOS="1683"/>
							<String ID="string_249" HPOS="1706" VPOS="1648" WIDTH="11" HEIGHT="29" WC="0.95" CONTENT="i"/><SP WIDTH="20" VPOS="1648" HPOS="1717"/>
							<String ID="string_250" HPOS="1737" VPOS="1648" WIDTH="20" HEIGHT="30" WC="0.95" CONTENT="2"/>
						</TextLine>
						<TextLine ID="line_53" HPOS="1028" VPOS="1688" WIDTH="279" HEIGHT="40">
							<String ID="string_251" HPOS="1028" VPOS="1696" WIDTH="105" HEIGHT="21" WC="0.82" CONTENT="mom."/><SP WIDTH="21" VPOS="1696" HPOS="1133"/>
							<String ID="string_252" HPOS="1154" VPOS="1688" WIDTH="153" HEIGHT="40" WC="0.96" CONTENT="stadgas."/>
						</TextLine>
					</TextBlock>
					<TextBlock ID="block_16" HPOS="1021" VPOS="1730" WIDTH="737" HEIGHT="462">
						<TextLine ID="line_54" HPOS="1072" VPOS="1730" WIDTH="686" HEIGHT="42">
							<String ID="string_253" HPOS="1072" VPOS="1730" WIDTH="20" HEIGHT="29" WC="0.95" CONTENT="2"/><SP WIDTH="20" VPOS="1730" HPOS="1092"/>
							<String ID="string_254" HPOS="1112" VPOS="1739" WIDTH="104" HEIGHT="21" WC="0.95" CONTENT="mom."/><SP WIDTH="21" VPOS="1739" HPOS="1216"/>
							<String ID="string_255" HPOS="1237" VPOS="1731" WIDTH="125" HEIGHT="30" WC="0.96" CONTENT="Senast"/><SP WIDTH="18" VPOS="1731" HPOS="1362"/>
							<String ID="string_256" HPOS="1380" VPOS="1731" WIDTH="80" HEIGHT="40" WC="0.96" CONTENT="fyra"/><SP WIDTH="19" VPOS="1731" HPOS="1460"/>
							<String ID="string_257" HPOS="1479" VPOS="1732" WIDTH="171" HEIGHT="30" WC="0.96" CONTENT="månader"/><SP WIDTH="20" VPOS="1732" HPOS="1650"/>
							<String ID="string_258" HPOS="1670" VPOS="1732" WIDTH="88" HEIGHT="40" WC="0.95" CONTENT="efter"/>
						</TextLine>
						<TextLine ID="line_55" HPOS="1028" VPOS="1772" WIDTH="728" HEIGHT="40">
							<String ID="string_259" HPOS="1028" VPOS="1772" WIDTH="58" HEIGHT="30" WC="0.95" CONTENT="det"/><SP WIDTH="17" VPOS="1772" HPOS="1086"/>
							<String ID="string_260" HPOS="1103" VPOS="1772" WIDTH="45" HEIGHT="40" WC="0.96" CONTENT="på"/><SP WIDTH="19" VPOS="1772" HPOS="1148"/>
							<String ID="string_261" HPOS="1167" VPOS="1773" WIDTH="165" HEIGHT="30" WC="0.96" CONTENT="anmälan"/><SP WIDTH="18" VPOS="1773" HPOS="1332"/>
							<String ID="string_262" HPOS="1350" VPOS="1773" WIDTH="143" HEIGHT="39" WC="0.96" CONTENT="jämlikt"/><SP WIDTH="19" VPOS="1773" HPOS="1493"/>
							<String ID="string_263" HPOS="1512" VPOS="1774" WIDTH="43" HEIGHT="30" WC="0.93" CONTENT="96"/><SP WIDTH="18" VPOS="1774" HPOS="1555"/>
							<String ID="string_264" HPOS="1573" VPOS="1774" WIDTH="21" HEIGHT="37" WC="0.91" CONTENT="$"/><SP WIDTH="18" VPOS="1774" HPOS="1594"/>
							<String ID="string_265" HPOS="1612" VPOS="1775" WIDTH="20" HEIGHT="29" WC="0.95" CONTENT="2"/><SP WIDTH="18" VPOS="1775" HPOS="1632"/>
							<String ID="string_266" HPOS="1650" VPOS="1783" WIDTH="106" HEIGHT="22" WC="0.96" CONTENT="mom."/>
						</TextLine>
						<TextLine ID="line_56" HPOS="1028" VPOS="1814" WIDTH="730" HEIGHT="41">
							<String ID="string_267" HPOS="1028" VPOS="1814" WIDTH="99" HEIGHT="40" WC="0.96" CONTENT="lagen"/><SP WIDTH="23" VPOS="1814" HPOS="1127"/>
							<String ID="string_268" HPOS="1150" VPOS="1824" WIDTH="56" HEIGHT="20" WC="0.96" CONTENT="om"/><SP WIDTH="23" VPOS="1824" HPOS="1206"/>
							<String ID="string_269" HPOS="1229" VPOS="1815" WIDTH="230" HEIGHT="31" WC="0.96" CONTENT="ekonomiska"/><SP WIDTH="21" VPOS="1815" HPOS="1459"/>
							<String ID="string_270" HPOS="1480" VPOS="1816" WIDTH="205" HEIGHT="39" WC="0.93" CONTENT="föreningar"/><SP WIDTH="21" VPOS="1816" HPOS="1685"/>
							<String ID="string_271" HPOS="1706" VPOS="1826" WIDTH="52" HEIGHT="20" WC="0.91" CONTENT="re-"/>
						</TextLine>
						<TextLine ID="line_57" HPOS="1027" VPOS="1856" WIDTH="730" HEIGHT="41">
							<String ID="string_272" HPOS="1027" VPOS="1857" WIDTH="186" HEIGHT="39" WC="0.92" CONTENT="gistrering"/><SP WIDTH="15" VPOS="1857" HPOS="1213"/>
							<String ID="string_273" HPOS="1228" VPOS="1856" WIDTH="94" HEIGHT="31" WC="0.96" CONTENT="skett"/><SP WIDTH="16" VPOS="1856" HPOS="1322"/>
							<String ID="string_274" HPOS="1338" VPOS="1866" WIDTH="43" HEIGHT="21" WC="0.96" CONTENT="av"/><SP WIDTH="17" VPOS="1866" HPOS="1381"/>
							<String ID="string_275" HPOS="1398" VPOS="1858" WIDTH="114" HEIGHT="30" WC="0.96" CONTENT="beslut"/><SP WIDTH="17" VPOS="1858" HPOS="1512"/>
							<String ID="string_276" HPOS="1529" VPOS="1867" WIDTH="55" HEIGHT="21" WC="0.92" CONTENT="om"/><SP WIDTH="18" VPOS="1867" HPOS="1584"/>
							<String ID="string_277" HPOS="1602" VPOS="1859" WIDTH="155" HEIGHT="38" WC="0.92" CONTENT="godkän-"/>
						</TextLine>
						<TextLine ID="line_58" HPOS="1027" VPOS="1899" WIDTH="729" HEIGHT="40">
							<String ID="string_278" HPOS="1027" VPOS="1899" WIDTH="115" HEIGHT="30" WC="0.95" CONTENT="nande"/><SP WIDTH="16" VPOS="1899" HPOS="1142"/>
							<String ID="string_279" HPOS="1158" VPOS="1908" WIDTH="43" HEIGHT="21" WC="0.93" CONTENT="av"/><SP WIDTH="15" VPOS="1908" HPOS="1201"/>
							<String ID="string_280" HPOS="1216" VPOS="1899" WIDTH="235" HEIGHT="40" WC="0.92" CONTENT="fusionsavtal"/><SP WIDTH="16" VPOS="1899" HPOS="1451"/>
							<String ID="string_281" HPOS="1467" VPOS="1900" WIDTH="94" HEIGHT="30" WC="0.96" CONTENT="skall"/><SP WIDTH="14" VPOS="1900" HPOS="1561"/>
							<String ID="string_282" HPOS="1575" VPOS="1900" WIDTH="98" HEIGHT="30" WC="0.96" CONTENT="såväl"/><SP WIDTH="16" VPOS="1900" HPOS="1673"/>
							<String ID="string_283" HPOS="1689" VPOS="1901" WIDTH="67" HEIGHT="30" WC="0.96" CONTENT="den"/>
						</TextLine>
						<TextLine ID="line_59" HPOS="1021" VPOS="1941" WIDTH="737" HEIGHT="38">
							<String ID="string_284" HPOS="1021" VPOS="1941" WIDTH="231" HEIGHT="38" WC="0.96" CONTENT="övertagande"/><SP WIDTH="15" VPOS="1941" HPOS="1252"/>
							<String ID="string_285" HPOS="1267" VPOS="1950" WIDTH="75" HEIGHT="21" WC="0.96" CONTENT="som"/><SP WIDTH="16" VPOS="1950" HPOS="1342"/>
							<String ID="string_286" HPOS="1358" VPOS="1942" WIDTH="67" HEIGHT="30" WC="0.92" CONTENT="den"/><SP WIDTH="16" VPOS="1942" HPOS="1425"/>
							<String ID="string_287" HPOS="1441" VPOS="1941" WIDTH="224" HEIGHT="31" WC="0.90" CONTENT="överlåtande"/><SP WIDTH="13" VPOS="1941" HPOS="1665"/>
							<String ID="string_288" HPOS="1678" VPOS="1942" WIDTH="80" HEIGHT="29" WC="0.92" CONTENT="kas-"/>
						</TextLine>
						<TextLine ID="line_60" HPOS="1027" VPOS="1984" WIDTH="730" HEIGHT="39">
							<String ID="string_289" HPOS="1027" VPOS="1992" WIDTH="82" HEIGHT="20" WC="0.95" CONTENT="sans"/><SP WIDTH="28" VPOS="1992" HPOS="1109"/>
							<String ID="string_290" HPOS="1137" VPOS="1984" WIDTH="145" HEIGHT="39" WC="0.96" CONTENT="styrelse"/><SP WIDTH="27" VPOS="1984" HPOS="1282"/>
							<String ID="string_291" HPOS="1309" VPOS="1985" WIDTH="83" HEIGHT="38" WC="0.96" CONTENT="göra"/><SP WIDTH="27" VPOS="1985" HPOS="1392"/>
							<String ID="string_292" HPOS="1419" VPOS="1984" WIDTH="160" HEIGHT="30" WC="0.95" CONTENT="ansökan"/><SP WIDTH="27" VPOS="1984" HPOS="1579"/>
							<String ID="string_293" HPOS="1606" VPOS="1994" WIDTH="56" HEIGHT="20" WC="0.93" CONTENT="om"/><SP WIDTH="29" VPOS="1994" HPOS="1662"/>
							<String ID="string_294" HPOS="1691" VPOS="1985" WIDTH="66" HEIGHT="29" WC="0.90" CONTENT="till-"/>
						</TextLine>
						<TextLine ID="line_61" HPOS="1025" VPOS="2026" WIDTH="731" HEIGHT="41">
							<String ID="string_295" HPOS="1025" VPOS="2026" WIDTH="354" HEIGHT="39" WC="0.88" CONTENT="synsmyndighetens"/><SP WIDTH="19" VPOS="2026" HPOS="1379"/>
							<String ID="string_296" HPOS="1398" VPOS="2026" WIDTH="160" HEIGHT="31" WC="0.96" CONTENT="tillstånd"/><SP WIDTH="12" VPOS="2026" HPOS="1558"/>
							<String ID="string_297" HPOS="1570" VPOS="2028" WIDTH="51" HEIGHT="28" WC="0.96" CONTENT="att"/><SP WIDTH="15" VPOS="2028" HPOS="1621"/>
							<String ID="string_298" HPOS="1636" VPOS="2026" WIDTH="120" HEIGHT="41" WC="0.96" CONTENT="bringa"/>
						</TextLine>
						<TextLine ID="line_62" HPOS="1025" VPOS="2067" WIDTH="732" HEIGHT="42">
							<String ID="string_299" HPOS="1025" VPOS="2067" WIDTH="270" HEIGHT="40" WC="0.91" CONTENT="fusionsavtalet"/><SP WIDTH="24" VPOS="2067" HPOS="1295"/>
							<String ID="string_300" HPOS="1319" VPOS="2068" WIDTH="52" HEIGHT="30" WC="0.96" CONTENT="till"/><SP WIDTH="22" VPOS="2068" HPOS="1371"/>
							<String ID="string_301" HPOS="1393" VPOS="2069" WIDTH="273" HEIGHT="40" WC="0.96" CONTENT="verkställighet."/><SP WIDTH="26" VPOS="2069" HPOS="1666"/>
							<String ID="string_302" HPOS="1692" VPOS="2070" WIDTH="65" HEIGHT="29" WC="0.96" CONTENT="Vid"/>
						</TextLine>
						<TextLine ID="line_63" HPOS="1026" VPOS="2110" WIDTH="731" HEIGHT="41">
							<String ID="string_303" HPOS="1026" VPOS="2110" WIDTH="242" HEIGHT="40" WC="0.96" CONTENT="ansökningen"/><SP WIDTH="20" VPOS="2110" HPOS="1268"/>
							<String ID="string_304" HPOS="1288" VPOS="2111" WIDTH="92" HEIGHT="30" WC="0.96" CONTENT="skall"/><SP WIDTH="18" VPOS="2111" HPOS="1380"/>
							<String ID="string_305" HPOS="1398" VPOS="2110" WIDTH="101" HEIGHT="41" WC="0.96" CONTENT="fogas"/><SP WIDTH="22" VPOS="2110" HPOS="1499"/>
							<String ID="string_306" HPOS="1521" VPOS="2111" WIDTH="93" HEIGHT="30" WC="0.96" CONTENT="bevis"/><SP WIDTH="21" VPOS="2111" HPOS="1614"/>
							<String ID="string_307" HPOS="1635" VPOS="2113" WIDTH="51" HEIGHT="28" WC="0.93" CONTENT="att"/><SP WIDTH="19" VPOS="2113" HPOS="1686"/>
							<String ID="string_308" HPOS="1705" VPOS="2121" WIDTH="52" HEIGHT="20" WC="0.92" CONTENT="re-"/>
						</TextLine>
						<TextLine ID="line_64" HPOS="1026" VPOS="2152" WIDTH="305" HEIGHT="40">
							<String ID="string_309" HPOS="1026" VPOS="2152" WIDTH="185" HEIGHT="40" WC="0.92" CONTENT="gistrering"/><SP WIDTH="16" VPOS="2152" HPOS="1211"/>
							<String ID="string_310" HPOS="1227" VPOS="2153" WIDTH="104" HEIGHT="29" WC="0.96" CONTENT="skett."/>
						</TextLine>
					</TextBlock>
					<TextBlock ID="block_17" HPOS="1025" VPOS="2194" WIDTH="731" HEIGHT="335">
						<TextLine ID="line_65" HPOS="1073" VPOS="2194" WIDTH="683" HEIGHT="41">
							<String ID="string_311" HPOS="1073" VPOS="2194" WIDTH="422" HEIGHT="41" WC="0.91" CONTENT="Tillsynsmyndighetens"/><SP WIDTH="27" VPOS="2194" HPOS="1495"/>
							<String ID="string_312" HPOS="1522" VPOS="2190" WIDTH="16" HEIGHT="49" WC="0.46" CONTENT="="/><SP WIDTH="28" VPOS="2190" HPOS="1538"/>
							<String ID="string_313" HPOS="1566" VPOS="2196" WIDTH="190" HEIGHT="30" WC="0.84" CONTENT="tillstånds-"/>
						</TextLine>
						<TextLine ID="line_66" HPOS="1026" VPOS="2237" WIDTH="730" HEIGHT="40">
							<String ID="string_314" HPOS="1026" VPOS="2237" WIDTH="171" HEIGHT="39" WC="0.96" CONTENT="prövning"/><SP WIDTH="23" VPOS="2237" HPOS="1197"/>
							<String ID="string_315" HPOS="1220" VPOS="2237" WIDTH="93" HEIGHT="30" WC="0.96" CONTENT="skall"/><SP WIDTH="21" VPOS="2237" HPOS="1313"/>
							<String ID="string_316" HPOS="1334" VPOS="2238" WIDTH="155" HEIGHT="39" WC="0.96" CONTENT="grundas"/><SP WIDTH="24" VPOS="2238" HPOS="1489"/>
							<String ID="string_317" HPOS="1513" VPOS="2238" WIDTH="46" HEIGHT="39" WC="0.95" CONTENT="på"/><SP WIDTH="23" VPOS="2238" HPOS="1559"/>
							<String ID="string_318" HPOS="1582" VPOS="2239" WIDTH="49" HEIGHT="29" WC="0.93" CONTENT="ett"/><SP WIDTH="24" VPOS="2239" HPOS="1631"/>
							<String ID="string_319" HPOS="1655" VPOS="2238" WIDTH="101" HEIGHT="29" WC="0.92" CONTENT="bedö-"/>
						</TextLine>
						<TextLine ID="line_67" HPOS="1025" VPOS="2279" WIDTH="731" HEIGHT="41">
							<String ID="string_320" HPOS="1025" VPOS="2279" WIDTH="127" HEIGHT="30" WC="0.95" CONTENT="mande"/><SP WIDTH="18" VPOS="2279" HPOS="1152"/>
							<String ID="string_321" HPOS="1170" VPOS="2288" WIDTH="42" HEIGHT="21" WC="0.95" CONTENT="av"/><SP WIDTH="17" VPOS="2288" HPOS="1212"/>
							<String ID="string_322" HPOS="1229" VPOS="2279" WIDTH="175" HEIGHT="31" WC="0.96" CONTENT="huruvida"/><SP WIDTH="18" VPOS="2279" HPOS="1404"/>
							<String ID="string_323" HPOS="1422" VPOS="2280" WIDTH="166" HEIGHT="40" WC="0.96" CONTENT="fusionen"/><SP WIDTH="19" VPOS="2280" HPOS="1588"/>
							<String ID="string_324" HPOS="1607" VPOS="2280" WIDTH="70" HEIGHT="30" WC="0.93" CONTENT="kan"/><SP WIDTH="18" VPOS="2280" HPOS="1677"/>
							<String ID="string_325" HPOS="1695" VPOS="2289" WIDTH="61" HEIGHT="21" WC="0.91" CONTENT="an-"/>
						</TextLine>
						<TextLine ID="line_68" HPOS="1025" VPOS="2321" WIDTH="728" HEIGHT="40">
							<String ID="string_326" HPOS="1025" VPOS="2330" WIDTH="55" HEIGHT="20" WC="0.96" CONTENT="ses"/><SP WIDTH="17" VPOS="2330" HPOS="1080"/>
							<String ID="string_327" HPOS="1097" VPOS="2330" WIDTH="81" HEIGHT="21" WC="0.96" CONTENT="vara"/><SP WIDTH="14" VPOS="2330" HPOS="1178"/>
							<String ID="string_328" HPOS="1192" VPOS="2321" WIDTH="151" HEIGHT="40" WC="0.96" CONTENT="förenlig"/><SP WIDTH="14" VPOS="2321" HPOS="1343"/>
							<String ID="string_329" HPOS="1357" VPOS="2322" WIDTH="82" HEIGHT="30" WC="0.96" CONTENT="med"/><SP WIDTH="14" VPOS="2322" HPOS="1439"/>
							<String ID="string_330" HPOS="1453" VPOS="2322" WIDTH="102" HEIGHT="30" WC="0.96" CONTENT="deras"/><SP WIDTH="17" VPOS="2322" HPOS="1555"/>
							<String ID="string_331" HPOS="1572" VPOS="2322" WIDTH="181" HEIGHT="37" WC="0.96" CONTENT="intressen,"/>
						</TextLine>
						<TextLine ID="line_69" HPOS="1026" VPOS="2363" WIDTH="728" HEIGHT="40">
							<String ID="string_332" HPOS="1026" VPOS="2372" WIDTH="75" HEIGHT="21" WC="0.96" CONTENT="som"/><SP WIDTH="24" VPOS="2372" HPOS="1101"/>
							<String ID="string_333" HPOS="1125" VPOS="2364" WIDTH="60" HEIGHT="29" WC="0.93" CONTENT="äro"/><SP WIDTH="24" VPOS="2364" HPOS="1185"/>
							<String ID="string_334" HPOS="1209" VPOS="2363" WIDTH="168" HEIGHT="31" WC="0.91" CONTENT="insättare"/><SP WIDTH="24" VPOS="2363" HPOS="1377"/>
							<String ID="string_335" HPOS="1401" VPOS="2365" WIDTH="11" HEIGHT="29" WC="0.96" CONTENT="i"/><SP WIDTH="22" VPOS="2365" HPOS="1412"/>
							<String ID="string_336" HPOS="1434" VPOS="2364" WIDTH="84" HEIGHT="30" WC="0.96" CONTENT="eller"/><SP WIDTH="23" VPOS="2364" HPOS="1518"/>
							<String ID="string_337" HPOS="1541" VPOS="2364" WIDTH="102" HEIGHT="39" WC="0.96" CONTENT="eljest"/><SP WIDTH="21" VPOS="2364" HPOS="1643"/>
							<String ID="string_338" HPOS="1664" VPOS="2363" WIDTH="90" HEIGHT="31" WC="0.96" CONTENT="hava"/>
						</TextLine>
						<TextLine ID="line_70" HPOS="1025" VPOS="2405" WIDTH="729" HEIGHT="41">
							<String ID="string_339" HPOS="1025" VPOS="2405" WIDTH="200" HEIGHT="40" WC="0.93" CONTENT="fordringar"/><SP WIDTH="22" VPOS="2405" HPOS="1225"/>
							<String ID="string_340" HPOS="1247" VPOS="2406" WIDTH="21" HEIGHT="30" WC="0.90" CONTENT="å"/><SP WIDTH="22" VPOS="2406" HPOS="1268"/>
							<String ID="string_341" HPOS="1290" VPOS="2406" WIDTH="41" HEIGHT="30" WC="0.96" CONTENT="de"/><SP WIDTH="23" VPOS="2406" HPOS="1331"/>
							<String ID="string_342" HPOS="1354" VPOS="2415" WIDTH="43" HEIGHT="21" WC="0.95" CONTENT="av"/><SP WIDTH="21" VPOS="2415" HPOS="1397"/>
							<String ID="string_343" HPOS="1418" VPOS="2406" WIDTH="166" HEIGHT="40" WC="0.96" CONTENT="fusionen"/><SP WIDTH="25" VPOS="2406" HPOS="1584"/>
							<String ID="string_344" HPOS="1609" VPOS="2405" WIDTH="145" HEIGHT="31" WC="0.96" CONTENT="berörda"/>
						</TextLine>
						<TextLine ID="line_71" HPOS="1026" VPOS="2447" WIDTH="729" HEIGHT="32">
							<String ID="string_345" HPOS="1026" VPOS="2447" WIDTH="181" HEIGHT="31" WC="0.95" CONTENT="kassorna."/><SP WIDTH="29" VPOS="2447" HPOS="1207"/>
							<String ID="string_346" HPOS="1236" VPOS="2447" WIDTH="172" HEIGHT="32" WC="0.96" CONTENT="Tillstånd"/><SP WIDTH="24" VPOS="2447" HPOS="1408"/>
							<String ID="string_347" HPOS="1432" VPOS="2448" WIDTH="58" HEIGHT="30" WC="0.96" CONTENT="må"/><SP WIDTH="26" VPOS="2448" HPOS="1490"/>
							<String ID="string_348" HPOS="1516" VPOS="2448" WIDTH="75" HEIGHT="30" WC="0.93" CONTENT="icke"/><SP WIDTH="25" VPOS="2448" HPOS="1591"/>
							<String ID="string_349" HPOS="1616" VPOS="2448" WIDTH="139" HEIGHT="30" WC="0.91" CONTENT="medde-"/>
						</TextLine>
						<TextLine ID="line_72" HPOS="1027" VPOS="2489" WIDTH="726" HEIGHT="40">
							<String ID="string_350" HPOS="1027" VPOS="2489" WIDTH="61" HEIGHT="36" WC="0.94" CONTENT="las,"/><SP WIDTH="30" VPOS="2489" HPOS="1088"/>
							<String ID="string_351" HPOS="1118" VPOS="2490" WIDTH="80" HEIGHT="30" WC="0.95" CONTENT="med"/><SP WIDTH="28" VPOS="2490" HPOS="1198"/>
							<String ID="string_352" HPOS="1226" VPOS="2490" WIDTH="137" HEIGHT="30" WC="0.93" CONTENT="mindre"/><SP WIDTH="29" VPOS="2490" HPOS="1363"/>
							<String ID="string_353" HPOS="1392" VPOS="2489" WIDTH="361" HEIGHT="40" WC="0.92" CONTENT="riksorganisationen"/>
						</TextLine>
					</TextBlock>
				</ComposedBlock>
			</PrintSpace>
		</Page>
	</Layout>
</alto>
