1914 2784
475 144 299 36 Statsutskottets
792 142 186 36 utlåtande
998 154 42 22 nr
1059 143 45 32 63
1124 141 40 33 år
1183 142 91 32 1960
1578 138 39 31 11

495 225 37 42 b)
560 224 175 43 medgiva,
761 227 57 30 att
843 221 184 43 inredning
1051 220 66 34 och
1142 218 206 42 utrustning
1371 216 55 35 för
1451 214 168 36 universi-

449 277 282 36 tetsbiblioteket
751 276 5 34 i
769 275 161 44 Uppsala
944 275 59 33 må
1017 273 165 35 beställas
1197 271 53 35 till
1265 275 54 31 ett
1334 270 108 35 värde
1457 282 46 22 av
1516 268 105 43 högst

450 336 68 31 400
533 336 66 31 000
637 331 141 39 kronor,
818 334 56 30 att
913 328 120 44 gäldas
1073 327 147 43 tidigast
1258 324 113 35 under
1410 323 211 43 budgetåret

453 390 80 31 1961
545 367 77 67 /62;

497 450 32 42 c)
558 447 174 44 medgiva,
759 451 57 30 att
842 445 184 43 inredning
1053 443 65 35 och
1145 441 206 44 utrustning
1377 440 55 35 för
1458 439 163 42 övnings-

452 502 230 35 laboratorier
699 501 55 35 för
771 500 96 43 fysik
886 499 65 35 och
967 498 95 35 kemi
1080 497 61 35 vid
1159 496 161 44 Uppsala
1337 493 210 36 universitet
1564 492 59 34 må

453 557 166 35 beställas
639 555 53 35 till
712 559 54 31 ett
784 554 109 35 värde
913 565 46 23 av
977 553 104 42 högst
1101 554 67 32 700
1182 553 67 32 000
1267 550 141 39 kronor,
1428 552 56 30 att
1502 546 121 44 gäldas

453 611 148 42 tidigast
617 609 112 35 under
745 607 212 43 budgetåret
975 605 168 44 1961/62;

500 673 37 42 d)
565 672 53 34 till
642 671 157 44 Uppsala
818 669 220 36 universitet:
1057 666 191 42 Inredning
1268 664 67 36 och
1354 663 204 42 utrustning
1579 674 45 23 av

454 739 73 31 nya
543 726 133 35 lokaler
690 725 56 35 för
762 724 212 43 budgetåret
993 721 153 44 1960/61
1166 719 125 36 anvisa
1307 723 54 31 ett
1378 716 247 36 reservations-

456 783 122 41 anslag
594 792 45 23 av
658 782 99 32 1528
772 781 67 32 000
854 777 141 35 kronor.

184 911 92 43 11:0)
303 910 136 36 Lunds
463 910 255 34 universitet:
747 908 259 42 Avlöningar.
1030 905 134 44 Kungl.
1187 904 114 43 Maj:t
1324 903 66 34 har
1416 901 131 45 (punkt
1572 904 55 36 75,

138 979 27 22 s.
183 965 195 43 133—152)
398 963 179 43 föreslagit
593 962 186 43 riksdagen
796 966 56 29 att
869 960 72 35 dels
957 958 215 44 bemyndiga
1186 957 134 43 Kungl.
1336 955 112 43 Maj:t
1464 959 68 36 att,
1547 953 82 36 med

138 1018 226 44 tillämpning
381 1018 72 34 tills
471 1017 121 34 vidare
612 1016 78 34 från
709 1015 67 34 och
794 1014 82 35 med
895 1013 212 43 budgetåret
1127 1010 169 45 1960/61,
1315 1009 147 42 vidtaga
1480 1008 44 34 de
1544 1006 85 36 änd-

138 1073 117 42 ringar
271 1072 11 33 i
298 1069 430 46 personalförteckningen
744 1068 55 34 för
814 1067 122 35 Lunds
952 1065 220 40 universitet,
1190 1076 75 22 som
1282 1062 197 35 föranledes
1496 1073 46 22 av
1559 1059 70 35 vad

138 1123 390 46 departementschefen
550 1122 129 40 anfört,
700 1121 73 34 dels
793 1120 190 44 godkänna
1003 1131 46 22 av
1069 1115 390 46 departementschefen
1480 1113 151 44 angiven

141 1178 259 43 avlöningsstat
418 1177 54 34 för
489 1176 123 35 Lunds
630 1174 220 42 universitet,
869 1178 55 30 att
942 1173 178 42 tillämpas
1138 1171 72 34 tills
1229 1169 121 35 vidare
1368 1169 79 34 från
1465 1167 67 35 och
1549 1166 82 35 med

141 1232 212 43 budgetåret
372 1229 168 45 1960/61,
558 1229 73 35 dels
648 1228 67 35 ock
731 1227 53 36 till
801 1227 122 34 Lunds
940 1224 220 36 universitet:
1178 1222 218 43 Avlöningar
1412 1221 55 34 för
1483 1220 148 43 budget-

141 1286 77 34 året
237 1284 155 44 1960/61
412 1283 124 35 anvisa
552 1287 55 30 ett
623 1281 271 43 förslagsanslag
910 1292 46 22 av
973 1282 43 31 20
1030 1281 66 31 443
1110 1281 67 31 000
1194 1277 141 34 kronor.

187 1392 19 34 I
223 1390 174 36 samband
414 1389 147 35 härmed
577 1389 65 34 har
658 1388 180 34 utskottet
854 1386 53 35 till
924 1384 214 43 behandling
1154 1382 156 35 förehaft
1326 1382 64 34 två
1406 1378 227 45 likalydande

142 1445 185 39 motioner,
350 1443 131 34 väckta
503 1443 69 33 den
594 1453 66 22 ena
682 1440 97 34 inom
801 1439 113 34 första
935 1439 207 33 kammaren
1164 1448 47 22 av
1232 1436 80 34 herr
1333 1433 133 36 Strand
1491 1433 44 43 (I:
1551 1432 79 43 167)

143 1498 67 35 och
224 1498 68 34 den
307 1496 112 35 andra
432 1495 96 35 inom
543 1495 111 34 andra
667 1494 207 34 kammaren
889 1504 45 22 av
948 1491 123 34 fröken
1084 1489 114 44 Höjer
1214 1488 64 44 (II:
1295 1488 94 42 199),
1403 1487 12 34 i
1428 1486 97 34 vilka
1538 1486 96 34 hem-

145 1551 128 40 ställts,
294 1555 56 29 att
370 1549 186 42 riksdagen
576 1548 114 34 måtte
711 1546 140 35 besluta
871 1545 73 34 dels
965 1549 57 30 att
1041 1543 79 34 från
1140 1542 67 35 och
1226 1541 83 35 med
1330 1540 69 35 den
1420 1543 17 31 1
1459 1539 66 43 juli
1547 1541 88 32 1960

145 1605 135 34 inrätta
300 1615 44 22 en
363 1601 178 45 professur
561 1600 11 35 i
592 1598 232 43 reumatologi
844 1597 61 36 vid
924 1596 122 35 Lunds
1067 1595 210 35 universitet
1296 1593 82 35 med
1399 1591 167 44 samtidig
1584 1591 51 34 in-

145 1656 173 44 dragning
342 1668 46 22 av
411 1654 206 35 nuvarande
641 1652 209 43 lärartjänst
872 1651 11 34 i
908 1654 132 37 ämnet,
1064 1649 72 34 dels
1162 1653 56 30 att
1242 1646 195 36 föreskriva
1461 1650 56 31 att
1540 1645 96 34 inne-

145 1711 157 34 havaren
320 1722 45 22 av
381 1708 222 44 professuren
620 1707 114 35 tillika
751 1705 88 35 skall
856 1716 85 22 vara
958 1703 202 34 överläkare
1177 1701 67 35 och
1260 1700 80 35 chef
1355 1699 55 35 för
1425 1698 211 35 reumatolo-

147 1764 99 43 giska
264 1762 157 35 kliniken
440 1760 195 40 därstädes,
655 1759 73 34 dels
747 1759 67 34 ock
833 1763 57 29 att
907 1757 11 33 i
938 1755 188 43 anledning
1144 1755 113 34 härav
1275 1753 187 44 uppräkna
1480 1764 49 22 nu
1549 1751 88 34 före-

148 1816 156 35 varande
323 1815 122 42 anslag
460 1814 82 34 med
560 1817 20 30 2
595 1816 65 31 640
677 1813 131 33 kronor
824 1811 53 34 till
896 1814 42 30 20
952 1813 66 30 445
1033 1812 66 31 640
1115 1809 142 33 kronor.

192 1868 233 35 Beträffande
443 1865 256 43 motiveringen
717 1865 54 34 för
789 1864 61 34 det
867 1861 208 36 motionsvis
1093 1860 125 44 gjorda
1234 1858 177 45 yrkandet
1428 1858 55 34 får
1499 1857 138 35 utskot-

148 1927 55 30 tet
219 1921 151 35 hänvisa
387 1920 52 35 till
456 1919 183 35 motionen
656 1918 30 34 I:
702 1920 77 31 167.

193 2028 134 42 Kungl.
350 2025 129 44 Maj:ts
502 2024 112 35 under
637 2022 232 35 förevarande
890 2021 118 43 punkt
1029 2019 223 35 framställda
1275 2019 130 42 förslag
1426 2018 148 34 innebär
1594 2038 47 4 —

150 2081 156 34 förutom
328 2080 94 33 vissa
443 2077 242 36 automatiska
704 2075 300 43 utgiftsökningar
1023 2094 46 4 —
1088 2072 225 35 beträffande
1335 2071 240 43 förstärkning
1595 2083 46 21 av

150 2131 448 46 personalorganisationen
617 2142 47 22 m.
676 2142 48 21 m.
742 2129 12 33 i
772 2127 189 35 huvudsak
979 2126 167 43 följande.

665 2261 43 33 A.
732 2259 180 35 Juridiska
930 2258 199 42 fakulteten

243 2327 234 36 Beräknande
495 2339 45 22 av
557 2325 113 34 medel
687 2324 55 34 för
758 2322 156 43 följande
932 2335 44 21 av
997 2325 86 31 1957
1101 2322 55 33 års
1173 2320 143 42 riksdag
1332 2319 184 35 beslutade
1532 2318 111 43 tjäns-

243 2378 66 34 ter,
329 2371 176 42 nämligen

179 2427 33 42 1)
243 2429 188 40 preceptur
449 2424 11 34 i
479 2422 163 42 offentlig
660 2424 85 37 rätt,

177 2472 35 42 2)
244 2471 109 33 förste
370 2480 204 27 amanuens,
