1916 2784
475 160 299 36 Statsutskottets
793 159 185 35 utlåtande
998 171 43 22 nr
1060 159 45 33 63
1125 158 39 33 år
1184 159 90 32 1960
1599 157 16 31 1

801 451 57 42 Nr
889 447 60 57 63

358 616 193 36 Utlåtande
571 615 12 35 i
604 614 188 43 anledning
813 626 45 22 av
877 613 135 42 Kungl.
1032 610 129 44 Maj:ts
1180 610 13 35 i
1213 607 406 45 statsverkspropositio-

583 681 70 21 nen
684 668 114 34 under
830 666 148 35 åttonde
1012 664 230 35 huvudtiteln
1274 663 125 43 gjorda
1430 661 189 44 framställ-

582 722 125 42 ningar
724 733 59 22 om
799 720 119 42 anslag
935 720 56 42 för
1009 718 210 43 budgetåret
1258 716 132 44 1960/61
1412 716 53 34 till
1481 714 139 35 univer-

584 776 140 37 siteten,
744 774 69 34 den
831 772 218 35 medicinska
1067 770 296 42 undervisningen
1381 781 109 22 m.m.
1509 767 111 43 jämte

583 829 12 34 i
615 831 121 31 ämnet
755 827 131 34 väckta
904 825 187 35 motioner.

1434 875 72 44 (2:a
1522 875 96 43 avd.)

350 1045 388 49 Universiteten,
767 1044 96 41 den
889 1041 308 43 medicinska
1224 1040 177 41 under-

654 1122 270 54 visningen
951 1134 62 30 m.
1037 1133 60 30 m.

179 1245 68 43 1:0)
274 1240 650 39 Universitetskanslersämbetet:
951 1239 259 43 Avlöningar.
1232 1237 134 43 Kungl.
1389 1236 114 43 Maj:t
1524 1236 65 33 har
1611 1235 11 34 i

131 1299 263 45 propositionen
415 1311 42 21 nr
481 1301 16 31 1
522 1295 112 36 under
656 1295 148 35 åttonde
825 1293 230 36 huvudtiteln
1080 1293 131 43 (punkt
1232 1293 55 39 65,
1309 1304 27 22 s.
1357 1294 44 31 86
1423 1290 67 34 och
1512 1292 44 31 87
1577 1300 46 23 av

131 1354 111 42 bilagt
267 1353 130 42 utdrag
423 1364 46 21 av
496 1349 390 43 statsrådsprotokollet
911 1351 85 30 över
1022 1344 377 37 ecklesiastikärenden
1425 1343 55 34 för
1507 1342 68 34 den
1600 1345 20 31 4

130 1406 140 44 januari
288 1406 101 42 1960)
409 1404 180 42 föreslagit
604 1402 187 42 riksdagen
807 1406 55 30 att
878 1401 73 34 dels
966 1400 191 42 godkänna
1173 1411 45 22 av
1233 1395 390 45 departementschefen

132 1459 149 43 angiven
310 1457 260 43 avlöningsstat
597 1456 54 34 för
679 1452 556 39 universitetskanslersämbetet,
1263 1453 56 31 att
1345 1449 180 43 tillämpas
1552 1448 71 34 tills

132 1513 121 34 vidare
271 1511 79 35 från
367 1510 66 35 och
450 1510 83 34 med
551 1509 212 42 budgetåret
782 1506 168 44 1960/61,
968 1505 73 35 dels
1059 1505 67 34 ock
1143 1504 53 34 till
1213 1501 410 37 Universitetskanslers-

132 1566 170 35 ämbetet:
326 1563 217 43 Avlöningar
567 1561 54 35 för
644 1561 211 43 budgetåret
880 1558 155 45 1960/61
1062 1557 124 35 anvisa
1208 1561 54 30 ett
1285 1555 271 43 förslagsanslag
1578 1566 46 22 av

132 1623 68 30 488
214 1622 66 31 000
299 1618 140 34 kronor.

177 1724 133 43 Kungl.
332 1723 129 43 Maj:ts
483 1721 113 36 under
618 1719 231 36 förevarande
870 1719 118 44 punkt
1009 1716 222 36 framställda
1253 1715 140 43 förslag,
1415 1714 97 35 vilka
1534 1726 90 22 sam-

132 1779 159 41 manlagt
314 1777 147 34 innebär
484 1788 44 22 en
552 1773 287 44 anslagshöjning
861 1772 81 34 med
966 1775 43 30 69
1024 1774 66 31 000
1113 1770 140 40 kronor,
1277 1780 101 23 avser
1399 1788 47 5 —
1468 1767 156 34 förutom

134 1832 94 33 vissa
250 1829 242 35 automatiska
513 1826 300 44 utgiftsökningar
833 1846 46 5 —
900 1837 43 22 en
965 1823 204 44 ytterligare
1191 1821 241 43 förstärkning
1454 1833 46 21 av
1521 1821 104 33 kans-

133 1884 244 35 lersämbetets
403 1881 196 44 personella
624 1891 153 23 resurser
803 1881 126 31 utöver
955 1877 68 34 den
1050 1889 76 22 som
1152 1874 201 36 beslutades
1381 1886 46 21 av
1455 1877 87 30 1959
1570 1873 55 33 års

134 1937 152 42 riksdag.
309 1936 129 34 Denna
461 1933 240 42 förstärkning
723 1932 143 34 föreslås
889 1931 60 33 ske
973 1930 11 33 i
1007 1930 68 33 den
1098 1928 147 40 formen,
1268 1932 56 29 att
1346 1939 44 22 en
1412 1926 115 43 tjänst
1550 1936 75 24 som

134 1991 108 33 förste
271 1989 304 43 byråsekreterare
603 1986 164 34 inrättas.
795 1985 128 33 Denna
950 1983 115 42 tjänst
1092 1982 64 34 bör
1183 1981 70 34 tills
1282 1980 120 34 vidare
1430 1980 156 42 placeras
1615 1979 10 33 i

134 2044 54 42 Ag
201 2047 55 31 23.
272 2042 122 42 Enligt
410 2041 167 42 förslaget
593 2040 64 33 bör
672 2038 177 43 härjämte
866 2037 95 34 inom
978 2047 121 22 ramen
1116 2034 54 35 för
1186 2032 269 44 ifrågavarande
1472 2032 153 42 anslags-

134 2096 147 42 höjning
303 2095 266 42 anslagsposten
592 2092 53 34 till
667 2096 159 38 experter
847 2090 66 34 och
935 2088 153 42 tillfällig
1109 2087 160 43 personal
1291 2098 108 22 m.m.
1422 2086 203 42 uppräknas

134 2149 81 34 med
236 2152 43 30 25
294 2152 65 29 000
380 2148 141 33 kronor.

184 2248 196 38 Utskottet,
397 2259 75 21 som
488 2245 194 42 tillstyrker
698 2243 98 34 bifall
813 2242 51 34 till
881 2241 133 42 Kungl.
1030 2239 129 42 Maj:ts
1175 2238 140 42 förslag,
1330 2237 214 39 hemställer,

499 2320 56 29 att
574 2314 186 41 riksdagen
779 2313 59 33 må

498 2377 35 41 a)
561 2374 190 44 godkänna
769 2373 155 42 följande
942 2372 259 42 avlöningsstat
1221 2370 54 33 för
1294 2369 330 34 universitetskans-

456 2428 239 40 lersämbetet,
712 2433 55 28 att
784 2427 177 41 tillämpas
979 2423 70 35 tills
1067 2424 120 33 vidare
1204 2423 78 33 från
1299 2422 65 34 och
1381 2420 81 36 med
1480 2420 147 43 budget-

457 2485 76 32 året
551 2481 167 43 1960/61:

137 2557 13 26 1
171 2572 32 3 —
222 2556 100 31 Bihang
340 2557 37 24 till
394 2554 148 32 riksdagens
558 2553 129 32 protokoll
703 2554 73 23 1960.
811 2554 15 22 6
842 2551 71 24 saml.
950 2549 39 25 Nr
1005 2551 32 23 63
