2204 2648
706 138 231 42 Lagutskottets
964 137 167 32 Utlåtande
1154 136 63 32 N:o
1239 137 56 31 63.
1749 135 19 30 3

333 226 81 36 Åro
455 227 63 35 vid
558 230 111 43 något
709 225 149 37 tillfalle
898 229 39 32 så
976 229 133 44 många
1140 224 40 36 af
1209 225 44 35 de
1282 223 156 37 utsedda
1465 223 249 36 ledamöterna
1742 222 67 36 och

200 278 282 47 suppleanterna
524 277 180 36 hindrade
743 276 84 36 från
868 276 258 48 tjänstgöring,
1155 280 54 30 att
1248 275 129 47 nödigt
1404 275 100 34 antal
1532 273 58 36 för
1618 274 193 35 konsular-

200 332 117 30 rätten
359 329 80 34 icke
472 329 71 34 kan
571 328 167 43 erhållas,
767 327 175 36 förordne
969 326 351 35 konsulardomaren
1348 338 43 22 en
1419 325 89 35 eller
1535 327 62 33 två
1623 323 188 48 tillfälliga

199 377 200 37 ledamöter
438 378 112 36 bland
583 378 95 44 dem,
707 391 80 22 som
815 378 114 46 enligt
958 377 93 36 hvad
1079 376 111 36 ofvan
1218 384 83 40 sägs
1329 375 125 35 kunna
1482 380 101 30 utses
1611 375 57 35 till
1698 374 111 36 sådan

199 427 218 49 befattning.

332 478 73 35 Där
433 480 72 33 mål
533 478 61 35 vid
624 491 98 22 mera
749 485 46 28 än
823 482 52 31 ett
903 475 360 49 rättegångstillfälle
1290 475 236 47 handlägges,
1556 475 89 34 böra
1671 477 39 32 så
1729 474 80 35 vidt

201 529 145 47 möjligt
373 541 139 22 samma
538 528 204 35 ledamöter
768 528 207 46 tjänstgöra
1002 526 63 35 vid
1093 527 171 46 samtliga
1287 524 184 36 tillfällen.

332 577 79 35 Kan
453 578 31 47 ej
528 577 240 48 erforderligt
807 578 100 34 antal
945 576 202 36 ledamöter
1186 575 58 36 för
1284 574 172 36 bildande
1489 573 41 36 af
1558 574 252 35 konsularrätt

198 628 164 42 erhållas,
404 627 127 36 utöfve
572 627 353 36 konsulardomaren
966 639 124 23 ensam
1119 626 71 35 den
1213 625 253 48 jurisdiktion,
1495 637 80 23 som
1603 624 105 46 eljest
1735 624 74 35 till-

197 678 166 35 kommer
390 679 262 35 konsularrätt.

962 745 19 34 6
1011 742 33 46 8.

329 829 77 36 Har
445 829 82 44 den,
569 842 79 23 som
689 828 194 36 förordnas
914 829 56 34 till
998 827 339 44 konsulardomare,
1365 827 32 47 ej
1426 830 81 44 gått
1534 826 71 35 den
1632 826 13 35 i
1676 828 16 33 1
1723 826 83 47 kap.

197 882 19 33 7
258 878 23 45 8
320 879 348 49 rättegångsbalken
709 878 223 36 föreskrifna
972 878 209 43 domareed,
1223 877 92 36 skall
1346 877 71 34 han
1449 877 143 47 aflägga
1619 876 114 36 sådan
1761 875 45 36 ed

194 929 99 36 inför
319 929 90 37 Svea
437 929 140 36 hofraätt
604 930 90 35 eller
720 927 350 49 beskickningschef
1085 928 99 43 eller,
1204 927 66 36 där
1289 930 39 32 så
1346 928 31 46 ej
1400 927 71 34 kan
1491 927 74 43 ske,
1581 925 223 47 skriftligen.

328 979 53 36 Af
423 979 164 49 skriftlig
631 979 45 36 ed
720 979 103 44 skall,
865 980 114 34 innan
1019 977 350 37 konsulardomaren
1409 980 60 32 må
1508 977 216 48 tjänstgöra,
1754 981 52 31 ett

196 1031 188 47 exemplar
422 1043 88 23 vara
549 1030 200 36 aflämnadt
790 1033 21 33 å
850 1029 208 36 konsulatet
1099 1029 67 35 och
1206 1033 54 31 ett
1291 1028 188 48 exemplar
1507 1026 213 37 öfversändt
1747 1028 59 34 till

195 1082 195 35 ministern
418 1080 57 37 för
503 1082 141 35 utrikes
672 1080 194 37 ärendena.

327 1131 175 37 Ledamot
541 1132 13 35 i
596 1132 251 36 konsularrätt
879 1131 102 44 skall,
1010 1130 114 36 innan
1151 1129 72 36 han
1252 1133 104 44 tager
1383 1129 93 48 plats
1505 1129 13 34 i
1544 1133 134 39 rätten,
1707 1127 99 37 inför

194 1182 351 36 konsulardomaren
586 1183 142 48 aflägga
768 1182 56 44 ed,
853 1186 54 31 att
933 1182 72 34 han
1033 1181 92 35 skall
1153 1180 109 36 döma
1290 1178 94 37 efter
1410 1179 105 36 bästa
1543 1178 167 37 förstånd
1736 1179 68 35 och

193 1238 168 30 samvete.

957 1297 83 45 78.

324 1382 260 38 Ordföranden
611 1384 68 35 och
706 1383 250 36 ledamöterna
983 1384 13 35 i
1023 1383 299 35 konsularrätten
1349 1389 68 41 äga
1443 1382 90 35 hvar
1559 1394 47 22 en
1624 1386 87 39 röst,
1732 1381 68 36 och

191 1437 117 44 gånge
335 1434 62 36 vid
425 1434 211 47 skiljaktiga
663 1434 193 48 meningar
884 1433 94 36 efter
1003 1439 42 43 ty
1072 1446 79 23 som
1179 1432 44 36 de
1250 1432 107 36 flesta
1384 1439 96 41 säga.
1528 1431 158 37 Stannar
1713 1431 90 37 hvar

191 1484 62 36 vid
281 1485 97 35 olika
405 1486 161 47 mening,
591 1486 95 46 gälle
714 1484 278 36 ordförandens.

955 1604 20 35 8
1004 1600 33 46 8.

322 1686 173 36 Inträffar
534 1685 59 49 jäf
635 1688 89 34 eller
766 1691 113 31 annat
928 1685 123 37 förfall
1095 1685 60 37 för
1198 1685 362 44 konsulardomaren,
1606 1684 195 36 förordnar

191 1737 205 49 Konungen
423 1750 121 23 annan
571 1738 154 48 lämplig
751 1750 134 35 person
913 1742 54 31 att
995 1740 118 33 såsom
1143 1736 325 36 konsulardomare
1495 1736 214 48 tjänstgöra.

952 1857 20 34 9
1001 1853 34 45 8.

321 1939 359 37 Konsulardomaren
706 1938 175 37 förordne
908 1941 97 34 vissa
1032 1947 85 28 män
1144 1940 56 35 till
1227 1939 237 46 rättstjänare
1492 1943 54 31 att
1568 1938 230 47 tillhandagå

187 1990 134 35 honom
348 1991 68 35 och
444 1995 124 31 rätten
596 1981 95 45 safat
718 1995 65 39 att,
812 1990 47 36 då
886 1990 44 36 de
958 1990 129 36 därom
1116 1990 143 44 anlitas,
1288 1989 162 49 delgifva
1477 1990 230 46 stämningar
1729 1989 67 36 och

188 2040 112 36 andra
327 2040 231 49 handlingar.

320 2090 90 45 Den,
439 2104 78 23 som
545 2090 125 38 blifvit
698 2090 133 37 utsedd
850 2092 59 35 till
927 2091 246 47 rättstjänare,
1189 2094 118 44 gånge
1325 2090 101 36 inför
1443 2090 352 36 konsulardomaren

186 2142 87 35 eller
314 2142 132 35 konsul
484 2142 46 36 ed
569 2147 55 31 att
656 2142 166 47 redligen
850 2142 67 35 och
946 2147 90 30 utan
1064 2141 260 49 försumlighet
1350 2140 163 48 fullgöra
1540 2140 45 36 de
1615 2141 179 48 uppdrag,

186 2204 77 24 som
291 2191 185 37 anförtros
504 2194 139 35 honom
671 2194 14 34 i
712 2193 90 35 hans
831 2192 183 49 egenskap
1042 2191 41 37 af
1106 2193 132 35 svensk
1265 2192 247 47 rättstjänare.
