2226 2654
459 205 17 28 2
633 200 118 33 Andra
773 200 203 33 kammarens
998 199 130 39 tredje
1153 199 172 42 tillfälliga
1348 198 140 33 utskotts
1510 196 170 34 utlåtande
1703 198 52 31 Nr
1776 199 28 30 7.

417 293 127 45 göras,
574 288 131 38 därom
734 302 93 24 voro
855 287 252 50 meningarna
1136 287 146 38 delade.
1312 286 285 51 Lotsstyrelsen
1627 285 100 38 hade
1755 285 11 37 i
1793 284 67 38 sitt
1887 284 135 37 betän-

416 340 125 38 kande
578 340 207 48 hemställt,
828 345 55 32 att
921 341 88 36 med
1051 340 149 49 hänsyn
1244 338 82 38 dels
1368 338 57 37 till
1460 338 205 50 sjöfartens
1694 337 120 37 behof
1839 336 41 37 af
1906 335 118 38 ökadt

416 392 226 50 vattendjup
683 392 58 37 till
775 392 95 49 följd
895 393 41 36 af
956 392 201 49 fartygens
1186 390 174 38 växande
1388 390 144 37 storlek
1562 390 71 37 och
1657 389 258 49 djupgående,
1941 387 82 37 dels

418 444 70 37 ock
516 444 88 36 med
632 444 149 50 hänsyn
809 443 57 37 till
895 444 144 49 djupen
1066 444 11 35 i
1100 443 251 36 Flintrännan
1367 442 72 37 och
1478 438 546 52 Kejsar-Wilhelms-kanalen

417 500 145 33 rännan
590 495 11 36 i
629 495 158 38 Kalmar
815 495 98 37 sund
939 495 84 37 icke
1049 494 118 38 borde
1195 499 114 44 göras
1337 493 194 50 grundare
1556 498 48 32 än
1633 497 54 32 att
1717 495 18 34 7
1765 497 121 32 meter
1914 490 110 50 djup-

417 547 150 50 gående
609 547 130 50 fartyg
779 547 128 36 kunde
949 547 70 36 där
1047 559 170 37 passera.
1280 545 184 37 Däremot
1492 544 98 37 hade
1615 544 137 36 chefen
1782 544 57 36 för
1867 543 156 36 flottans

418 599 84 37 stab
534 598 137 48 anfört,
699 604 55 31 att
781 598 282 49 farledsdjupet
1090 598 119 37 borde
1237 602 115 44 göras
1381 600 42 34 så
1446 601 108 42 stort,
1583 600 55 33 att
1666 599 90 34 våra
1775 594 249 50 stridsfartyg

420 650 63 37 vid
512 650 129 48 lägsta
669 650 245 37 vattenstånd
943 649 128 37 kunde
1099 649 83 37 fritt
1209 662 170 36 passera,
1409 648 34 37 d.
1473 662 34 23 v.
1537 661 28 24 s.
1594 649 14 35 6
1624 652 131 42 meter,
1770 646 145 38 hvilket
1930 645 93 50 djup

419 701 75 36 han
523 704 122 46 ansåg
673 701 123 36 skulle
813 701 144 48 jämväl
973 700 206 49 tillgodose
1193 700 159 35 krafven
1370 712 44 23 ur
1428 698 372 49 handelssjöfartens
1816 697 206 49 synpunkt.

418 752 87 37 Han
538 752 78 37 höll
644 757 25 31 t.
699 766 32 23 o.
762 766 47 22 m.
840 752 92 46 före,
963 756 54 33 att
1045 756 54 32 ett
1127 756 122 32 större
1278 750 91 50 djup
1400 756 46 31 än
1474 753 67 34 vår
1568 749 109 37 flotta
1706 748 166 38 behöfde
1901 747 123 37 skulle

419 804 50 36 ha
498 817 47 23 en
573 803 144 49 menlig
744 804 185 36 inverkan
956 807 49 45 på
1033 802 192 37 farledens
1241 802 164 37 militära
1419 802 127 36 värde.
1597 799 428 50 BSjöfartsnäringskom-

420 854 135 38 mittén
584 858 121 46 ansåg
733 855 116 37 också
878 857 19 34 6
927 859 120 32 meter
1075 867 92 24 vara
1193 852 236 50 tillräckligt,
1459 852 47 37 då
1534 852 121 49 enligt
1669 851 181 50 Sveriges
1867 851 158 49 skepps-

419 906 89 37 lista
547 906 58 37 för
642 910 40 34 år
713 908 195 35 1895-—96
938 906 64 37 det
1026 905 34 49 ej
1088 905 139 37 funnes
1256 918 81 23 mer
1365 910 47 32 än
1443 907 18 33 7
1492 904 209 49 ångfartyg
1729 903 71 37 och
1829 905 44 35 17
1904 902 122 50 segel-

419 958 144 49 fartyg,
592 971 82 23 som
704 957 97 37 hade
830 962 54 32 ett
912 957 246 49 djupgående
1187 956 41 37 af
1249 969 81 23 mer
1358 961 47 31 än
1434 958 20 34 6
1484 960 130 32 meter.

520 1009 133 38 Under
681 1009 143 38 sådana
851 1008 267 38 förhållanden
1146 1021 67 24 var
1242 1007 64 37 det
1330 1007 42 49 ju
1400 1007 81 36 helt
1509 1005 198 51 naturligt,
1729 1010 55 33 att
1799 1005 74 37 den
1889 1003 132 51 kungl.

419 1061 288 49 propositionen
748 1065 148 45 upptog
938 1059 395 50 6-meters-förslaget,
1375 1059 145 36 hvilket
1559 1058 115 37 också
1715 1057 41 38 af
1804 1056 223 49 Riksdagen

417 1112 142 37 bifölls.

522 1163 56 36 De
606 1165 44 34 15
679 1166 52 44 år,
761 1176 81 23 som
871 1166 83 45 gått
978 1163 118 36 sedan
1125 1163 106 36 detta
1258 1162 127 36 beslut
1409 1161 180 47 fattades,
1618 1161 49 36 ha
1695 1160 214 37 emellertid
1939 1159 89 37 åda-

421 1214 147 49 galagt,
608 1219 54 32 att
698 1227 89 23 man
827 1214 99 37 hade
954 1213 102 50 gjort
1085 1213 158 37 klokare
1270 1212 12 37 i
1311 1218 54 32 att
1392 1212 131 50 lyssna
1551 1211 56 38 till
1635 1210 288 51 lotsstyrelsens
1952 1210 73 37 för-

422 1265 97 49 slag,
549 1266 71 36 och
645 1271 55 31 att
724 1265 106 36 detta
853 1278 67 23 var
948 1278 105 23 mera
1080 1265 200 48 framsynt.
1306 1264 58 49 Ty
1393 1263 376 37 6-meters-farleden
1788 1262 100 37 hade
1903 1262 124 49 knap-

421 1322 87 43 past
536 1316 136 37 hunnit
699 1316 120 36 blifva
847 1316 139 49 färdig,
1015 1316 129 36 förrän
1173 1315 64 37 det
1265 1318 121 33 måste
1415 1315 254 46 konstateras,
1699 1319 55 31 att
1782 1313 73 37 den
1871 1313 156 48 olägen-

421 1368 77 46 het,
540 1381 81 23 som
663 1381 88 23 man
788 1366 103 37 velat
923 1366 225 50 undanröja,
1196 1366 238 37 fortfarande
1475 1366 110 36 stode
1613 1365 106 47 kvar,
1749 1370 55 31 att
1831 1363 197 50 nämligen

420 1418 174 37 farleden
622 1432 90 23 vore
740 1419 60 36 för
827 1419 139 48 grund.
1017 1418 82 37 Och
1127 1418 105 36 detta
1257 1417 34 49 ej
1320 1417 97 37 blott
1440 1431 45 22 ur
1514 1416 201 38 merkantil
1742 1421 92 32 utan
1851 1415 115 37 äfven
1983 1429 46 22 ur

420 1469 202 50 sjömilitär
649 1470 207 49 synpunkt.

523 1521 132 37 Under
700 1522 126 36 denna
863 1520 55 37 tid
957 1521 69 36 har
1061 1519 196 48 nämligen
1299 1519 144 37 antalet
1484 1519 167 37 svenska
1693 1518 130 50 fartyg
1864 1517 87 38 med
1975 1522 55 32 ett

422 1571 245 50 djupgående
697 1572 42 37 af
763 1585 81 23 mer
872 1577 47 32 än
944 1574 20 34 6
993 1576 121 33 meter
1142 1570 314 50 mångdubblats,
1485 1571 71 36 och
1585 1570 67 37 allt
1678 1569 113 50 tyder
1813 1569 43 49 ju
1884 1572 59 46 på,
1974 1574 55 31 att

422 1623 131 49 fartyg
592 1623 42 36 af
671 1637 47 23 en
752 1623 143 37 storlek
924 1623 71 36 och
1023 1627 54 32 ett
1100 1622 255 49 djupgående,
1387 1635 80 23 som
1497 1622 79 36 förr
1604 1621 137 37 endast
1767 1620 172 37 förekom
1965 1633 63 23 un-

422 1674 237 49 dantagsvis,
690 1674 146 49 årligen
873 1674 52 37 bli
966 1674 67 36 allt
1060 1673 209 49 vanligare.
1324 1674 114 36 Detta
1470 1672 69 38 har
1567 1672 58 37 sin
1653 1672 127 49 grund
1809 1671 82 37 dels
1919 1671 10 36 i
1955 1671 73 37 den

424 1724 194 38 allmänna
657 1725 216 38 tendensen
914 1730 55 31 att
1002 1725 124 37 drifva
1153 1724 182 37 fraktfart
1363 1724 87 37 med
1475 1723 67 37 allt
1569 1728 123 32 större
1721 1723 142 49 fartyg,
1891 1722 60 37 för
1974 1727 56 31 att

423 1781 95 44 göra
554 1776 315 49 rederinäringen
906 1789 105 23 mera
1038 1775 177 47 lönande,
1244 1775 82 37 dels
1355 1775 70 37 ock
1454 1775 93 46 däri,
1572 1779 55 32 att
1653 1774 191 49 importen
1870 1786 160 24 numera

423 1828 11 35 i
473 1827 154 50 mycket
663 1828 78 48 hög
781 1827 97 49 grad
920 1827 88 37 sker
1043 1827 125 36 direkt
1195 1827 83 36 från
1308 1826 172 49 aflägsna
1507 1825 146 46 länder,
1678 1826 114 36 hvars
1820 1825 211 49 produkter

424 1879 79 36 förr
530 1878 253 38 hitfraktades
812 1878 61 37 via
901 1878 374 37 kontinenthamnar.
1330 1877 168 37 Sålunda
1527 1877 123 37 drifva
1676 1876 42 49 ju
1736 1889 161 23 numera
1916 1881 114 31 stats-

423 1929 350 38 subventionerade
803 1930 166 36 svenska
996 1928 169 38 rederier
1193 1928 126 37 direkt
1346 1928 181 36 fraktfart
1554 1931 48 46 på
1635 1927 158 49 Sverige
1835 1927 84 36 från
1947 1926 83 37 dels

423 1981 55 36 La
518 1981 121 47 Plata,
681 1980 82 37 dels
798 1980 191 38 Ostasien.
1042 1981 124 36 Dessa
1194 1983 143 45 ångare
1365 1984 65 32 äro
1458 1978 212 37 emellertid
1698 1978 59 37 för
1785 1977 245 50 djupgående

422 2032 59 36 för
511 2036 55 32 att
593 2032 130 37 kunna
750 2032 194 36 inkomma
972 2030 57 38 till
1057 2030 170 47 Kalmar,
1256 2031 72 36 och
1356 2030 65 37 det
1448 2030 69 36 har
1545 2030 129 37 därför
1693 2030 223 48 upprepade
1936 2031 94 46 gån-

421 2096 70 35 ger
532 2082 180 48 inträffat,
753 2088 55 31 att
850 2086 169 46 ångarne
1049 2082 99 36 varit
1176 2081 187 49 erbjudna
1391 2081 103 36 frakt
1521 2081 56 36 till
1605 2081 168 36 nämnda
1800 2080 113 49 plats,
1942 2093 87 23 men

422 2134 124 48 afböjt
570 2134 41 36 af
635 2134 75 37 den
738 2133 211 49 anledning
977 2138 55 32 att
1060 2133 46 37 de
1129 2133 84 36 icke
1242 2133 129 35 kunna
1399 2131 149 50 anlöpa.
1602 2132 17 36 TI
1647 2131 128 37 stället
1798 2132 38 35 få
1860 2134 169 45 ångarne

422 2184 81 37 ofta
531 2188 50 44 gå
610 2185 86 36 med
726 2198 46 23 en
800 2185 62 37 del
891 2186 41 35 af
956 2184 286 50 lastutrymmet
1270 2187 212 45 oupptaget
1509 2186 49 46 på
1590 2196 158 23 resorna
1770 2182 57 36 till
1857 2181 172 49 Sverige,

422 2235 71 38 och
530 2236 314 49 Johnson-linjen
882 2239 121 34 måste
1027 2235 43 49 ju
1098 2241 25 31 t.
1150 2249 29 23 o.
1208 2249 48 22 m.
1287 2235 143 48 begära
1458 2234 100 37 ökad
1582 2233 231 38 subvention
1841 2233 42 37 af
1904 2237 126 33 staten

420 2290 49 46 på
496 2288 128 48 grund
653 2287 40 37 af
719 2287 246 50 svårigheten
994 2292 54 32 att
1076 2286 144 38 erhålla
1247 2285 225 49 tillräckligt
1499 2286 154 50 mycket
1679 2285 98 49 gods
1796 2285 12 36 i
1826 2284 203 37 hemfrakt.
