1878 2790
566 169 288 32 Statsutskottets
880 168 178 31 utlåtande
1083 177 44 21 nr
1150 169 30 29 9.
1592 165 39 31 37

167 254 94 34 18:0)
287 254 173 30 Biltrafik.
480 253 125 38 Kungl.
627 253 103 37 Maj:t
750 252 64 30 har
841 252 127 38 (punkt
990 252 48 35 18,
1063 261 26 22 s.
1110 251 40 30 69
1171 251 65 30 och
1259 250 56 35 70)
1342 249 178 38 föreslagit
1540 249 90 30 riks-

121 306 112 39 dagen
260 307 51 29 att
336 305 112 30 under
474 304 169 31 rubriken
669 303 164 31 Biltrafik
858 303 57 30 för
939 303 206 39 budgetåret
1173 301 150 36 1951/52
1348 300 120 31 anvisa
1495 300 95 30 vissa
1615 299 12 30 i

122 355 384 41 statsrådsprotokollet
523 354 152 40 angivna
691 353 355 40 investeringsanslag
1066 353 20 30 å
1103 352 147 40 tillhopa
1271 352 39 30 12
1325 351 64 31 000
1403 351 63 30 000
1484 351 142 29 kronor.

165 457 67 30 För
250 456 237 31 innevarande
504 455 171 40 budgetår
694 455 45 30 ha
756 455 113 30 under
886 454 230 30 förevarande
1135 453 123 30 rubrik
1276 452 156 31 anvisats
1452 451 95 31 1400
1562 450 64 31 000

120 508 131 30 kronor
270 507 54 30 till
344 506 326 40 garagebyggnader
689 515 45 21 m.
755 515 57 24 m.,
832 505 20 30 9
866 505 63 30 000
944 505 62 30 000
1025 505 133 30 kronor
1177 504 53 30 till
1251 502 232 40 anskaffning
1501 512 44 21 av
1563 501 64 30 bil-

120 558 159 30 materiel
298 558 66 30 och
383 558 19 30 2
417 557 62 30 000
494 557 63 30 000
576 557 132 29 kronor
725 556 53 30 till
797 556 142 30 förvärv
959 565 42 20 av
1019 555 166 39 billinjer.

166 608 66 30 Vid
251 608 177 39 utgången
448 616 43 21 av
509 607 207 40 budgetåret
738 606 151 36 1949/50
908 605 155 40 förelågo
1085 604 255 31 reservationer
1361 605 20 30 å
1401 604 156 40 anslaget
1577 604 54 30 till

122 658 334 40 Garagebyggnader
479 667 46 20 m.
550 667 46 20 m.
621 667 57 21 om
703 657 61 30 785
780 657 63 31 000
867 657 130 29 kronor
1019 656 67 30 och
1109 656 21 30 å
1153 656 157 39 anslaget
1333 655 54 30 till
1412 656 153 29 Förvärv
1588 664 44 21 av

123 709 155 40 billinjer
305 718 59 21 om
393 709 94 30 1125
502 708 63 31 000
592 709 142 29 kronor.
761 707 27 30 Å
816 708 157 38 anslaget
1002 706 53 30 till
1084 706 241 41 Anskaffning
1352 715 44 21 av
1422 705 209 30 bilmateriel

122 760 105 30 fanns
243 760 68 30 den
327 759 42 31 30
384 759 79 40 juni
482 759 83 30 1950
580 759 78 30 icke
674 759 114 39 någon
805 757 212 40 behållning.
1034 757 52 31 Av
1102 757 55 30 för
1172 757 206 39 budgetåret
1396 756 147 36 1950/51
1562 756 70 30 till-

122 810 159 40 gängliga
299 810 115 30 medel
432 810 21 30 å
472 810 103 30 dessa
593 809 122 40 anslag
734 809 174 30 beräknas
927 808 57 31 vid
1002 808 224 40 budgetårets
1245 807 133 40 utgång
1396 807 124 30 endast
1540 807 92 30 före-

121 861 91 39 ligga
232 870 43 21 en
296 861 203 39 behållning
519 861 21 30 å
560 860 158 40 anslaget
737 859 54 31 till
811 859 334 40 Garagebyggnader
1165 868 45 20 m.
1232 868 46 21 m.
1301 857 253 40 Behållningen
1574 857 57 30 be-

121 912 131 30 räknas
267 912 53 29 till
339 912 15 29 1
371 911 64 31 000
448 912 63 31 000
527 912 143 30 kronor.

164 963 346 39 Järnvägsstyrelsen
546 962 67 30 har
649 962 56 30 för
740 963 103 29 nästa
879 961 169 39 budgetår
1088 961 101 29 äskat
1227 960 63 30 500
1305 960 64 30 000
1405 960 131 29 kronor
1572 958 55 31 till

121 1013 483 40 garagebyggnader
632 1022 46 20 m.
705 1021 46 21 m.

166 1064 68 30 För
258 1063 344 39 anskaffning
650 1072 54 21 av
750 1062 318 30 bilmateriel
1094 1062 65 29 har
1185 1061 171 39 styrelsen
1381 1060 170 30 beräknat
1577 1061 50 29 ett

120 1114 253 31 minimibehov
393 1123 44 21 av
458 1114 40 30 10
511 1114 64 30 500
590 1113 64 30 000
676 1114 131 29 kronor
827 1113 112 30 under
959 1112 206 39 budgetåret
1188 1112 161 35 1951/52,
1371 1110 176 40 nämligen
1570 1110 58 31 för

121 1164 232 40 anskaffning
368 1174 44 21 av
429 1164 60 31 155
504 1164 204 40 vägbussar,
725 1163 40 31 35
783 1163 168 35 lastbilar,
971 1163 15 30 1
1004 1162 188 41 personbil,
1212 1163 15 29 I
1245 1162 298 40 personsläpvagn
1560 1161 67 31 och

122 1216 41 30 25
185 1216 306 40 godssläpvagnar.
512 1215 76 29 Den
612 1215 15 29 1
650 1214 68 40 juli
742 1214 83 30 1950
847 1213 182 40 förfogade
1052 1215 132 28 statens
1205 1212 191 40 järnvägar
1417 1212 56 30 för
1495 1212 54 30 sin
1570 1221 57 31 yr-

123 1266 217 40 kesmässiga
361 1266 160 30 biltrafik
541 1267 84 29 över
650 1265 94 31 1288
766 1265 202 40 vägbussar,
994 1264 59 30 171
1079 1264 167 34 lastbilar,
1272 1264 40 30 12
1334 1263 229 41 personbilar,
1590 1263 40 30 16

121 1317 339 40 personsläpvagnar
477 1316 65 30 och
560 1315 64 31 349
644 1315 305 40 godssläpvagnar,
967 1324 107 21 varav
1092 1314 196 40 respektive
1307 1314 75 34 225,
1401 1313 52 35 48,
1471 1313 30 35 4,
1521 1313 20 30 0
1560 1312 67 31 och

123 1367 42 29 24
183 1367 107 30 våren
312 1366 84 31 1952
416 1366 97 31 bleve
532 1365 182 40 överåriga
732 1366 66 30 och
817 1366 58 29 för
892 1365 95 31 vilka
1006 1365 449 40 ersättningsanskaffning
1473 1364 154 31 normalt

121 1418 106 30 borde
246 1418 61 29 ske
326 1417 114 30 under
458 1416 205 40 budgetåret
686 1416 160 35 1951/52.

169 1467 175 39 Styrelsen
361 1467 65 30 har
442 1466 118 31 vidare
577 1466 185 35 meddelat,
780 1468 51 28 att
848 1466 214 31 verkställda
1079 1466 237 39 beräkningar
1332 1475 44 21 av
1391 1464 238 31 medelsbeho-

122 1519 56 28 vet
203 1517 55 30 för
295 1517 207 30 förvärv
537 1526 55 21 av
629 1516 450 37 biltrafikföretag
1116 1515 95 31 inom
1238 1515 66 30 den
1332 1515 173 30 närmaste
1533 1514 97 31 tiden

122 1568 84 40 givit
223 1568 57 30 vid
297 1568 153 34 handen,
467 1569 51 29 att
536 1567 303 40 anslagsbeloppet
857 1567 31 39 ej
909 1567 118 29 kunde
1046 1568 110 29 sättas
1176 1567 94 38 lägre
1289 1567 46 29 än
1355 1566 18 30 2
1388 1565 62 31 000
1465 1565 63 31 009
1546 1564 81 31 kro-

122 1628 65 21 nor
205 1618 55 31 för
279 1619 104 29 nästa
402 1618 180 39 budgetår.

165 1669 395 40 Departementschefen
584 1669 66 29 har
686 1668 169 39 tillstyrkt
880 1667 63 31 200
957 1668 63 30 000
1056 1668 131 29 kronor
1211 1667 52 30 till
1301 1626 326 84 garagebyggnader

122 1729 46 20 m.
187 1729 56 25 m.,
262 1720 20 30 9
296 1719 64 30 800
375 1719 63 30 000
456 1719 131 30 kronor
607 1718 54 31 till
679 1718 232 40 anskaffning
928 1728 43 20 av
988 1717 209 31 bilmateriel
1216 1718 65 30 och
1301 1718 19 30 2
1335 1717 63 30 000
1413 1717 62 30 000
1495 1718 132 29 kronor

122 1770 52 30 till
195 1770 142 30 förvärv
355 1779 44 21 av
417 1769 165 40 billinjer.

167 1870 14 29 I
200 1870 94 30 detta
314 1870 256 39 sammanhang
588 1870 67 30 har
673 1870 171 29 utskottet
865 1870 52 30 till
938 1869 214 40 behandling
1171 1868 155 31 förehaft

165 1919 75 30 dels
260 1920 58 29 två
338 1920 224 38 likalydande
583 1920 182 34 motioner,
786 1920 127 30 väckta
932 1920 66 30 den
1019 1929 65 21 ena
1104 1919 98 30 inom
1222 1919 113 30 första
1357 1919 206 30 kammaren
1584 1927 45 22 av

123 1969 81 30 herr
218 1970 127 30 Petrén
361 1979 46 20 m.
423 1970 39 39 fl.
485 1970 45 34 (1:
547 1970 59 35 22)
626 1970 67 30 och
709 1970 66 30 den
792 1971 112 29 andra
919 1969 97 31 inom
1031 1969 112 30 andra
1160 1969 208 30 kammaren
1384 1978 43 22 av
1443 1969 57 30 fru
1517 1968 111 30 Sand-

123 2020 109 29 ström
257 2029 45 22 m.
328 2020 39 39 fl.
397 2020 62 33 (11:
475 2020 73 35 33),
572 2021 12 28 i
606 2020 96 31 vilka
723 2020 209 34 hemställts,
957 2022 50 28 att
1033 2020 189 39 riksdagen
1246 2019 109 30 måtte
1380 2019 95 31 avslå
1499 2019 128 40 Kungl.

123 2070 124 38 Maj:ts
270 2071 113 29 under
404 2071 230 30 förevarande
656 2071 114 39 punkt
794 2070 122 40 gjorda
938 2070 213 30 hemställan
1174 2079 57 21 om
1253 2070 124 41 anslag
1399 2069 52 30 till
1474 2070 154 30 Förvärv

123 2129 43 21 av
183 2121 170 38 billinjer;

168 2170 73 30 dels
258 2171 67 29 ock
342 2170 58 30 två
420 2171 224 38 likalydande
662 2170 183 35 motioner,
863 2171 125 30 väckta
1005 2171 67 30 den
1090 2180 66 22 ena
1173 2170 95 30 inom
1290 2170 112 31 första
1421 2171 207 30 kammaren

124 2229 43 21 av
190 2220 81 30 herr
295 2220 273 30 Mannerskantz
599 2221 46 33 (1:
662 2221 80 34 252)
773 2221 66 29 och
864 2221 67 29 den
957 2221 110 29 andra
1093 2220 96 30 inom
1215 2221 111 30 andra
1352 2221 206 29 kammaren
1585 2230 44 21 av

124 2269 81 30 herr
226 2270 102 29 Nolin
351 2279 46 21 m.
418 2270 39 38 fl.
485 2270 62 33 (II:
563 2270 98 34 351),
682 2270 11 29 i
713 2270 95 29 vilka
830 2270 207 34 hemställts,
1061 2270 105 30 såvitt
1188 2280 47 20 nu
1257 2271 39 29 är
1316 2270 125 39 ifråga,
1464 2272 50 28 att
1537 2270 91 30 riks-

124 2320 111 38 dagen
255 2320 108 29 måtte
384 2320 72 29 dels
478 2320 95 29 avslå
596 2320 126 39 Kungl.
744 2320 124 39 Maj:ts
889 2320 130 39 förslag
1041 2329 56 20 om
1118 2321 123 38 anslag
1261 2320 19 29 å
1302 2320 18 29 2
1336 2320 63 29 000
1414 2320 61 30 000
1497 2322 131 29 kronor

123 2370 53 29 till
197 2370 153 30 Förvärv
370 2379 42 20 av
431 2369 165 39 billinjer,
617 2370 73 29 dels
710 2370 52 29 till
783 2369 240 39 Anskaffning
1043 2379 43 20 av
1107 2370 208 30 bilmateriel
1337 2370 122 30 anvisa
1480 2371 148 30 allenast

124 2420 20 29 2
158 2420 63 29 000
235 2420 63 30 000
319 2420 141 30 kronor.

169 2469 228 30 Beträffande
420 2469 40 31 de
484 2469 75 30 skäl
583 2469 262 31 motionärerna
868 2469 116 30 anfört
1007 2470 54 29 till
1085 2471 76 29 stöd
1187 2470 54 30 för
1268 2470 76 31 sina
1368 2471 181 39 yrkanden
1574 2471 54 29 får

128 2520 170 29 utskottet
317 2519 147 30 hänvisa
484 2519 51 30 till
554 2519 221 31 motionerna
795 2520 45 29 II:
855 2519 41 31 33
915 2520 62 30 och
999 2521 28 29 I:
1045 2520 74 30 252.
