1882 2784
257 155 38 30 12
702 161 287 33 Statsutskottets
1015 166 178 30 utlåtande
1218 177 45 20 nr
1286 169 30 30 9.

255 241 103 38 joner
377 242 138 35 kronor,
537 244 106 31 vilket
661 246 147 31 innebar
828 257 42 21 en
889 249 132 40 ökning
1041 252 78 29 med
1139 252 17 29 5
1177 253 166 39 miljoner
1362 255 129 31 kronor
1509 257 12 29 i
1541 257 222 33 förhållande

255 283 54 29 till
332 283 203 40 budgetåret
560 286 157 36 1949/50.
741 289 334 41 Telegrafstyrelsen
1097 293 63 31 har
1182 295 125 30 hösten
1332 297 82 30 1950
1437 299 158 35 anhållit,
1619 303 50 28 att
1691 312 72 19 me-

255 325 451 42 delsförbrukningsramen
726 331 204 40 budgetåret
953 334 146 35 1950/51
1121 336 107 30 måtte
1248 338 102 39 höjas
1369 341 79 29 med
1470 341 39 29 10
1529 342 53 30 till
1604 343 59 29 155
1683 344 79 30 mil-

253 366 103 39 joner
378 368 138 31 kronor.
542 370 50 30 Av
614 371 194 41 höjningen
830 374 80 30 bero
935 375 15 29 7
975 376 164 40 miljoner
1161 379 131 30 kronor
1314 380 44 40 på
1379 381 70 31 viss
1472 384 224 41 omläggning
1718 396 44 20 av

255 410 284 39 telegrafverkets
560 415 391 41 materielredovisning.
973 418 131 31 Genom
1125 420 113 31 beslut
1258 423 67 29 den
1345 423 17 29 3
1383 426 187 30 november
1592 426 82 31 1950
1694 428 68 30 har

253 451 127 40 Kungl.
404 452 105 40 Maj:t
534 454 127 32 bifallit
684 457 338 41 telegrafstyrelsens
1047 458 271 50 framställning.

297 518 226 33 Beträffande
548 522 336 41 telegrafstyrelsens
910 528 322 39 anslagsäskanden
1258 531 55 30 för
1337 534 100 29 nästa
1461 534 169 41 budgetår
1655 538 105 29 anför

251 569 385 39 departementschefen
659 574 169 40 följande.

296 628 332 41 Telegrafstyrelsen
650 633 65 30 har
735 634 12 29 i
770 634 78 31 sina
868 637 107 38 petita
999 640 113 28 ansett
1135 640 230 41 erforderligt,
1389 644 49 28 att
1461 646 233 39 sammanlagt
1716 656 41 21 ca

251 669 63 30 205
334 671 162 39 miljoner
515 673 129 31 kronor
663 676 140 30 anvisas
823 677 54 30 för
895 679 101 30 nästa
1014 679 178 41 budgetår.
1213 682 175 39 Styrelsen
1405 685 65 30 har
1488 687 123 30 därvid
1628 689 128 30 räknat

249 713 82 29 med
353 722 42 20 en
417 715 369 42 medelsförbrukning
808 720 100 30 nästa
929 721 168 39 budgetår
1121 732 41 20 av
1184 723 63 30 215
1271 725 162 39 miljoner
1456 727 140 36 kronor,
1620 730 31 29 d.
1674 740 30 19 v.
1729 740 26 21 s.

249 763 44 20 en
314 755 130 40 ökning
466 758 80 29 med
569 757 40 30 60
631 759 165 39 miljoner
818 761 130 31 kronor
968 763 11 29 i
1001 764 220 31 förhållande
1243 767 53 29 till
1318 767 235 33 innevarande
1574 771 180 40 budgetår.

248 795 125 32 Denna
392 798 368 43 medelsförbrukning
780 803 314 33 överensstämmer
1114 807 11 29 i
1146 810 87 28 stort
1255 811 67 28 sett
1343 811 77 29 med
1441 812 66 30 den
1528 822 150 31 prognos
1700 815 56 30 för

247 838 287 39 telegrafverkets
557 842 352 41 investeringsbehov,
933 856 75 20 som
1031 849 169 38 styrelsen
1223 850 171 32 framlade
1415 853 11 29 i
1448 855 187 31 november
1659 856 95 30 1949.

293 879 94 31 Även
405 891 55 20 om
480 883 58 30 det
557 893 41 20 ur
616 884 363 41 företagsekonomisk
998 892 179 37 synpunkt
1196 892 71 30 kan
1285 903 82 21 vara
1386 895 226 42 fördelaktigt
1630 900 50 28 att
1700 907 55 31 ge-

247 923 163 30 nomföra
439 925 286 39 telegrafverkets
755 929 396 42 investeringsprogram
1181 935 10 28 i
1222 935 67 29 den
1320 938 245 40 utsträckning
1593 941 161 39 telegraf-

247 966 170 36 styrelsen
442 966 190 41 föreslagit,
657 971 98 29 torde
780 971 94 30 detta
898 974 111 29 under
1034 977 201 29 nuvarande
1261 977 246 33 förhållanden
1531 981 75 30 icke
1631 983 122 30 kunna

245 1004 63 30 ske
327 1005 11 28 i
357 1006 66 29 den
442 1008 77 28 takt
539 1010 169 37 styrelsen
728 1013 122 28 avsett.
871 1013 142 30 Erinras
1034 1015 67 34 må,
1124 1017 49 28 att
1193 1017 285 39 telegrafverkets
1499 1021 253 41 investeringar

244 1048 54 30 till
320 1050 127 30 största
466 1052 101 29 delen
588 1054 140 38 utgöras
749 1065 43 20 av
812 1057 171 29 materiel-
1004 1059 64 28 och
1088 1059 415 44 industribeställningar.
1525 1065 52 30 En
1599 1066 37 30 så
1656 1076 97 21 avse-

245 1091 84 29 värd
361 1092 130 40 ökning
521 1103 42 21 av
592 1096 336 40 telegrafstyrelsens
958 1100 466 41 investeringsverksamhet,
1456 1116 76 20 som
1562 1109 189 38 styrelsens

243 1132 134 41 förslag
396 1134 155 36 innebär,
574 1137 38 29 är
632 1137 75 30 icke
727 1139 177 31 önskvärd
924 1143 80 29 med
1023 1143 138 39 hänsyn
1181 1144 53 30 till
1255 1146 42 29 de
1318 1147 178 32 allmänna
1517 1151 235 30 strävandena

244 1176 52 28 atl
328 1176 168 39 begränsa
528 1178 311 42 investeringarna.
872 1182 491 44 Arbetsmarknadsstyrelsen
1394 1190 63 30 har
1491 1191 148 32 sålunda
1670 1194 80 30 med

242 1216 140 40 hänsyn
398 1219 51 29 till
467 1219 155 31 rådande
639 1222 87 30 brist
744 1223 45 39 på
807 1224 213 32 arbetskraft
1037 1227 123 31 tillrått
1177 1229 70 30 viss
1266 1230 287 33 återhållsamhet
1569 1235 79 30 med
1666 1237 84 29 stat-

242 1258 68 39 liga
338 1260 252 41 investeringar
615 1264 79 30 över
720 1265 123 31 huvud
867 1267 64 29 och
956 1268 65 30 har
1048 1269 166 36 förordat,
1242 1274 51 27 att
1319 1274 394 41 sysselsättningsnivån
1739 1278 11 29 i

242 1301 286 39 telegrafverkets
548 1313 86 31 egna
653 1306 142 31 arbeten
814 1308 173 31 inklusive
1006 1311 151 30 industri
1175 1313 190 32 bibehålles
1384 1316 57 30 vid
1460 1316 10 29 i
1490 1319 88 29 stort
1596 1321 66 28 sett
1681 1320 67 30 den

241 1341 92 35 nivå,
359 1351 73 21 som
454 1344 72 29 kan
551 1347 122 29 väntas
696 1347 48 29 bli
768 1349 166 39 uppnådd
960 1351 111 30 under
1094 1352 237 32 innevarande
1355 1356 178 39 budgetår.
1558 1358 64 41 Jag
1646 1369 103 21 anser

239 1383 101 37 dock,
363 1386 49 29 att
432 1386 116 39 någon
568 1388 130 40 ökning
718 1399 43 21 av
780 1390 501 41 investeringsverksamheten
1302 1397 62 29 bör
1385 1399 186 37 medgivas,
1591 1401 64 29 och
1678 1402 71 29 för-

240 1428 115 34 ordar,
377 1431 48 27 att
445 1432 413 41 medelsförbrukningen
878 1435 54 31 för
952 1438 101 29 nästa
1073 1438 169 40 budgetår
1262 1442 209 31 maximeras
1492 1443 52 30 till
1565 1445 183 31 nominellt

240 1476 137 23 samma
404 1470 135 40 belopp,
570 1481 73 21 som
671 1474 187 31 fastställts
886 1476 54 30 för
969 1478 205 39 budgetåret
1204 1481 147 35 1950/51
1381 1483 82 29 eller
1493 1485 60 29 155
1582 1485 165 39 miljoner

240 1512 142 35 kronor,
405 1514 107 30 vilket
535 1515 145 32 innebär
705 1528 42 20 en
772 1520 82 29 reell
877 1521 132 40 ökning
1032 1523 79 29 med
1135 1533 40 20 ca
1199 1524 16 29 7
1242 1525 163 39 miljoner
1430 1527 140 30 kronor.
1594 1529 65 40 Jag
1681 1530 67 30 har

239 1554 134 34 därvid,
397 1555 115 31 såsom
534 1557 60 40 jag
618 1568 120 22 senare
761 1561 10 29 i
796 1562 66 39 dag
885 1562 158 32 kommer
1066 1567 49 27 att
1138 1567 169 39 redogöra
1330 1568 64 34 för,
1417 1569 76 30 icke
1517 1571 126 30 räknat
1666 1573 80 29 med

238 1597 321 42 medelsanvisning
579 1600 20 29 å
618 1601 308 42 kapitalbudgeten
947 1605 55 30 för
1022 1607 102 30 nästa
1143 1608 170 40 budgetår
1333 1610 52 30 till
1404 1612 343 42 televisionsanlägg-

238 1646 136 31 ningar.

283 1680 14 29 I
320 1681 76 30 sina
417 1683 110 38 petita
550 1684 54 30 för
626 1686 101 30 nästa
749 1687 169 40 budgetår
940 1689 65 30 har
1027 1691 319 40 telegrafstyrelsen
1368 1695 127 31 räknat
1517 1699 80 29 med
1620 1707 42 20 en
1684 1699 62 29 ök-

236 1721 87 40 ning
348 1732 41 21 av
413 1726 131 29 antalet
568 1727 317 41 telefonapparater
909 1732 79 29 med
1014 1732 41 30 90
1070 1732 149 32 000—95
1236 1735 63 29 000
1325 1737 63 29 och
1412 1737 65 30 har
1502 1740 79 29 med
1605 1740 138 39 hänsyn

234 1763 122 31 härtill
384 1766 179 31 hemställt
577 1777 55 21 om
647 1770 191 31 anvisande
852 1781 41 20 av
906 1774 123 39 anslag
1042 1775 54 30 för
1126 1777 200 30 ändamålet
1340 1780 77 29 med
1432 1779 40 30 60
1486 1781 165 38 miljoner
1664 1783 80 29 kro-

234 1813 66 21 nor
318 1805 51 31 till
387 1816 67 29 nya
473 1808 440 43 abonnentanläggningar,
934 1815 206 31 nätarbeten
1157 1817 65 29 och
1240 1818 128 31 blanka
1385 1821 358 39 mellanortsledning-

234 1855 50 21 ar.
306 1847 124 32 Vidare
452 1849 64 30 har
540 1853 166 35 styrelsen
728 1854 103 30 äskat
853 1855 38 29 65
914 1856 166 39 miljoner
1102 1859 129 29 kronor
1254 1860 53 29 till
1332 1862 141 29 telefon-
1495 1864 65 29 och
1582 1864 160 39 telegraf-

235 1891 169 31 stationer
426 1894 64 28 och
514 1894 67 34 59,9
602 1895 164 40 miljoner
790 1898 129 31 kronor
941 1900 53 30 till
1017 1901 89 30 riks-
1128 1903 64 29 och
1215 1904 226 31 landskablar
1462 1916 46 20 m.
1533 1916 45 20 m.
1601 1907 75 31 Den
1699 1918 43 21 av

233 1933 73 39 mig
334 1934 185 31 förordade
546 1937 280 42 begränsningen
853 1950 42 20 av
919 1943 286 39 telegrafverkets
1233 1946 378 42 investeringsutgifter
1639 1952 101 29 nästa

233 1974 170 40 budgetår
423 1977 63 30 har
507 1978 52 30 till
582 1979 97 39 följd,
702 1983 51 28 att
774 1983 411 42 medelsförbrukningen
1207 1988 155 30 nämnda
1383 1989 169 40 budgetår
1573 1992 20 29 å
1613 1992 128 41 ifråga-

232 2019 153 28 varande
404 2021 51 28 tre
474 2020 123 40 anslag
617 2031 100 30 synes
737 2024 86 30 böra
841 2025 213 32 bestämmas
1074 2028 51 29 till
1143 2030 189 40 väsentligt
1350 2032 92 39 lägre
1461 2033 125 40 belopp
1606 2035 45 29 än
1671 2037 69 37 sty-

231 2059 116 30 relsen
369 2061 126 30 räknat
516 2064 90 29 med.

277 2101 98 31 Efter
394 2103 287 42 överläggningar
700 2110 80 29 med
800 2110 328 40 telegrafstyrelsen,
1148 2113 94 31 vilka
1264 2115 91 30 skett
1375 2117 78 29 med
1474 2117 265 41 utgångspunkt

231 2142 82 30 från
335 2146 50 28 att
405 2146 66 29 den
493 2148 265 40 sammanlagda
779 2152 412 42 medelsförbrukningen
1213 2156 20 29 å
1254 2157 400 42 investeringsanslagen
1675 2171 64 20 un-

231 2185 62 30 der
318 2187 284 39 telegrafverkets
627 2191 85 30 fond
738 2192 90 30 skall
853 2194 188 39 begränsas
1067 2196 51 30 till
1145 2197 60 30 155
1231 2199 164 39 miljoner
1420 2201 141 35 kronor,
1586 2203 64 29 har
1673 2204 65 29 föl-

229 2227 110 38 jande
367 2231 194 40 avvägning
589 2233 127 30 mellan
746 2235 42 29 de
817 2237 50 28 tre
895 2237 128 30 största
1053 2246 197 32 grupperna
1279 2250 43 21 av
1349 2242 253 41 investeringar
1629 2246 108 29 fram-

229 2269 160 31 kommit.

274 2311 76 31 Den
371 2313 203 40 fortgående
595 2317 288 41 trafikökningen
905 2321 120 29 ställer
1045 2324 94 28 stora
1160 2324 87 30 krav
1267 2324 45 40 på
1334 2328 49 27 att
1403 2326 333 42 investeringsverk-

229 2354 183 30 samheten
433 2356 10 29 i
465 2356 91 30 riks-
578 2359 63 29 och
663 2359 227 32 landskablar
911 2372 45 20 m.
980 2373 45 19 m.
1049 2366 141 37 stegras.
1215 2366 131 31 Risken
1368 2368 54 30 för
1443 2370 200 40 ytterligare
1666 2372 69 29 led-

228 2395 163 39 ningsras
414 2398 63 30 har
501 2399 44 29 bl.
570 2409 29 21 a.
624 2401 91 38 gjort
738 2403 178 35 önskvärt,
941 2406 50 29 att
1015 2406 378 41 kablifieringsarbetet
1415 2411 85 30 ökas
1524 2414 120 29 utöver
1667 2415 67 28 den

227 2438 214 41 omfattning
465 2441 58 29 det
547 2441 172 33 beräknas
745 2444 37 30 få
806 2445 235 32 innevarande
1066 2448 178 40 budgetår.
1269 2451 65 40 Jag
1358 2452 148 30 föreslår
1529 2455 129 34 därför,
1683 2457 51 28 att

227 2480 413 43 medelsförbrukningen
663 2485 54 30 för
739 2486 89 30 riks-
851 2488 63 29 och
936 2490 225 31 landskablar
1183 2493 102 29 nästa
1308 2493 168 40 budgetår
1497 2496 100 39 höjes
1619 2497 52 30 till
1693 2506 40 21 ca
