1882 2784
263 155 37 30 14
709 157 285 30 Statsutskottets
1020 158 179 30 utlåtande
1224 168 42 20 nr
1290 160 29 29 9.

263 240 153 30 mersiell
436 241 116 30 trafik.
573 241 118 31 Under
711 242 158 40 punkten
891 243 39 29 10
950 243 201 31 hemställer
1170 244 69 39 jag,
1260 247 49 27 att
1330 245 55 29 för
1406 246 100 29 nästa
1524 245 170 40 budgetår
1714 246 53 30 till

262 283 446 40 rundradioanläggningar
733 284 139 30 anvisas
898 285 95 29 2600
1008 285 61 30 000
1094 286 131 30 kronor
1249 287 64 29 och
1337 287 53 29 till
1414 288 356 40 radioanläggningar

263 324 53 30 för
338 325 235 30 kommersiell
594 326 112 29 trafik
729 326 14 29 1
760 326 61 30 055
837 326 64 30 000
922 328 138 29 kronor.

307 365 66 39 Jag
397 366 152 29 biträder
573 366 119 30 vidare
716 367 335 40 telegrafstyrelsens
1077 368 131 40 förslag
1232 370 49 29 att
1306 370 112 30 medel
1446 370 51 29 till
1521 370 243 31 radioteknisk

264 406 223 32 verksamhet
511 408 54 30 för
589 409 68 30 den
682 408 99 31 civila
806 409 204 31 luftfartens
1033 411 113 29 behov
1171 411 78 30 från
1274 412 64 30 och
1365 413 79 29 med
1468 414 101 28 nästa
1594 413 172 39 budgetår

264 449 178 31 redovisas
459 451 110 29 under
584 453 49 28 ett
650 452 130 37 anslag,
798 461 75 20 som
889 452 203 38 förslagsvis
1111 453 64 30 bör
1189 454 192 30 benämnas
1400 454 364 41 Radioanläggningar

265 491 54 30 för
348 492 196 31 luftfarten.
574 493 238 32 Kvarstående
842 494 200 39 behållning
1070 495 20 29 å
1123 496 155 38 anslaget
1307 496 54 30 till
1392 497 373 30 Markradiostationer

265 533 53 30 för
337 534 186 30 luftfarten
543 536 64 29 och
627 536 70 29 viss
718 536 53 30 del
791 546 42 20 av
851 536 247 40 behållningen
1118 538 20 29 å
1157 538 57 29 det
1234 539 110 29 under
1364 539 294 31 luftfartsfonden
1678 549 88 31 upp-

263 577 106 38 tagna
387 578 155 38 anslaget
559 577 54 30 till
631 577 208 40 Radiofyrar
857 579 85 30 böra
959 588 60 31 per
1039 580 66 29 den
1124 580 41 30 30
1182 580 79 40 juni
1281 581 94 34 1951,
1396 581 87 30 efter
1499 582 267 40 framställning

264 627 41 22 av
324 619 320 39 telegrafstyrelsen
663 620 11 29 i
697 621 140 30 samråd
857 622 79 29 med
956 622 330 40 luftfartsstyrelsen
1307 624 65 29 och
1393 624 373 40 riksräkenskapsver-

264 659 67 35 ket,
352 661 177 30 överföras
549 662 52 29 till
623 663 57 29 det
699 672 67 30 nya
787 663 167 40 anslaget.
975 665 12 28 I
1007 664 69 30 viss
1098 665 246 39 utsträckning
1364 667 98 29 torde
1481 667 42 30 de
1543 668 123 33 medel,
1688 676 73 21 som

264 702 150 31 sålunda
442 704 140 30 komma
610 706 51 28 att
688 705 189 35 överföras,
906 715 79 21 avse
1015 707 174 34 ändamål,
1218 717 75 20 som
1321 708 56 30 för
1405 710 218 30 närvarande
1652 710 111 30 sakna

263 745 200 30 omedelbar
488 746 195 30 aktualitet.
709 747 63 30 Det
796 748 100 29 torde
922 748 35 32 få
981 749 190 31 ankomma
1198 750 45 39 på
1267 750 126 39 Kungl.
1420 751 104 39 Maj:t
1550 753 51 28 att
1626 752 136 30 besluta

264 796 56 21 om
346 789 135 30 ändrad
506 788 210 40 disposition
741 799 42 21 av
807 790 103 30 dessa
936 791 120 35 medel,
1084 800 58 21 om
1169 792 37 29 så
1232 792 112 30 skulle
1371 802 101 21 anses
1498 794 170 40 lämpligt.
1696 795 69 30 För

263 830 102 29 nästa
388 830 167 39 budgetår
578 832 46 29 ha
648 832 111 29 medel
784 832 77 30 icke
885 833 117 30 äskats
1026 834 112 29 under
1162 835 56 29 det
1242 844 67 29 nya
1333 836 157 39 anslaget
1513 836 52 30 till
1591 836 173 31 Radioan-

263 870 205 41 läggningar
485 872 55 30 för
562 873 197 30 luftfarten.
779 874 167 39 Anslaget
964 876 96 29 torde
1081 876 190 31 emellertid
1292 877 55 30 för
1368 879 101 29 nästa
1489 878 170 39 budgetår
1678 879 84 30 böra

264 914 140 30 anvisas
432 916 76 29 med
535 917 47 28 ett
608 915 155 31 formellt
790 917 125 40 belopp
943 927 41 20 av
1012 918 94 30 1000
1134 918 139 31 kronor.
1302 920 118 30 Under
1447 921 158 39 punkten
1635 922 39 29 12
1702 923 61 38 gör

261 956 60 39 jag
340 957 209 30 hemställan
569 957 136 31 härom.

305 997 69 31 Till
399 998 533 41 försvarsberedskapsåtgärder
954 1002 56 30 vid
1034 1003 267 38 telegrafverket
1325 1004 66 30 har
1415 1005 54 29 för
1494 1007 101 28 nästa
1619 1007 146 39 budget-

263 1039 37 31 år
325 1041 121 29 äskats
474 1051 38 21 ca
537 1042 43 34 3,3
605 1042 164 39 miljoner
793 1043 142 32 kronor.
960 1044 73 30 Den
1060 1045 41 30 30
1127 1045 79 40 juni
1234 1046 82 30 1950
1343 1046 105 31 fanns
1475 1048 52 29 till
1554 1048 207 39 förfogande

263 1082 54 30 för
345 1084 103 29 dessa
474 1084 163 29 ändamål
666 1094 42 20 en
735 1085 201 40 behållning
966 1096 41 20 av
1034 1087 43 34 3,4
1104 1087 164 39 miljoner
1296 1089 141 30 kronor.
1467 1090 296 31 Medelsförbruk-

262 1124 130 39 ningen
414 1125 235 31 innevarande
672 1126 167 40 budgetår
862 1128 171 32 beräknas
1056 1129 52 30 till
1133 1139 39 20 ca
1197 1131 41 33 1,7
1259 1131 126 39 miljon
1409 1133 138 29 kronor.
1570 1133 66 39 Jag
1660 1143 104 20 anser

263 1166 70 40 mig
357 1167 85 30 böra
466 1168 151 35 förorda,
643 1171 50 28 att
718 1170 412 40 medelsförbrukningen
1155 1172 55 30 för
1234 1173 100 30 dessa
1360 1175 163 29 ändamål
1547 1176 103 30 nästa
1677 1176 87 30 bud-

263 1209 95 38 getår
377 1209 109 31 hålles
507 1211 56 29 vid
583 1219 136 22 samma
739 1212 80 29 nivå
839 1222 77 20 som
937 1213 54 30 för
1009 1213 237 31 innevarande
1266 1216 179 38 budgetår.
1465 1217 117 30 Under
1602 1219 158 38 punkten

264 1251 38 30 12
330 1252 203 30 hemställer
558 1253 70 39 jag,
657 1256 50 27 att
734 1254 95 30 2000
844 1255 63 30 000
936 1255 127 30 kronor
1091 1256 140 31 anvisas
1257 1257 52 30 till
1338 1258 424 42 försvarsberedskapsåt-

262 1294 125 38 gärder
414 1295 57 29 vid
498 1295 266 39 telegrafverket
793 1296 205 39 budgetåret
1027 1298 160 36 1951/52.
1215 1300 64 29 Det
1306 1301 100 29 torde
1435 1301 35 30 få
1498 1303 191 31 ankomma
1716 1303 45 40 på

261 1335 127 39 Kungl.
411 1336 104 39 Maj:t
535 1339 61 33 att,
619 1338 88 29 efter
728 1338 261 41 framställning
1010 1350 42 20 av
1071 1341 330 40 telegrafstyrelsen,
1425 1343 134 31 besluta
1582 1345 179 39 angående

261 1377 254 40 dispositionen
533 1389 43 20 av
594 1380 165 31 anvisade
778 1382 113 29 medel
909 1381 95 30 inom
1023 1392 122 22 ramen
1164 1384 54 29 för
1237 1385 56 29 det
1313 1394 43 21 av
1375 1386 169 38 styrelsen
1564 1387 197 40 framlagda

262 1419 178 40 förslaget.

305 1462 123 30 Såsom
451 1463 284 39 telegrafverkets
759 1465 350 41 dispositionsanslag
1132 1468 64 29 har
1222 1470 170 38 styrelsen
1415 1471 55 29 för
1494 1473 101 29 nästa
1618 1468 144 49 budget-

261 1504 38 29 år
325 1506 103 29 äskat
454 1505 42 35 2,s
521 1506 166 40 miljoner
712 1508 130 30 kronor
868 1509 82 29 eller
976 1518 134 22 samma
1136 1510 134 40 belopp,
1298 1520 76 22 som
1401 1514 154 29 anvisats
1580 1514 57 30 för
1664 1515 97 30 inne-

260 1547 154 29 varande
437 1547 177 40 budgetår.
639 1549 77 30 Med
741 1550 138 38 hänsyn
901 1550 53 30 till
977 1552 65 29 den
1064 1552 234 40 åtstramning
1321 1564 43 20 av
1388 1555 372 42 anslagsanvisningen

260 1589 44 38 på
322 1590 122 38 övriga
461 1591 129 38 anslag,
609 1591 117 30 vilken
743 1592 59 40 jag
820 1601 85 30 nyss
923 1593 188 40 föreslagit,
1133 1594 60 31 vill
1210 1595 59 39 jag
1287 1596 143 32 förorda
1449 1600 49 28 att
1518 1598 244 40 dispositions-

259 1631 159 39 anslaget
443 1632 54 29 för
522 1634 103 28 nästa
653 1633 168 39 budgetår
848 1635 139 29 anvisas
1013 1637 78 29 med
1122 1636 43 35 3,;
1193 1637 163 40 miljoner
1383 1640 139 30 kronor.
1551 1641 212 39 Härigenom

261 1672 144 31 komma
428 1675 109 29 medel
561 1675 11 29 i
595 1676 93 29 ökad
712 1676 212 40 omfattning
948 1680 49 27 att
1021 1678 52 30 stå
1099 1679 53 30 till
1177 1679 206 40 förfogande
1408 1682 19 29 å
1450 1683 168 39 anslaget,
1643 1685 116 30 därest

260 1715 119 40 övriga
399 1717 120 39 anslag
539 1717 114 31 skulle
674 1718 131 30 behöva
826 1719 195 32 förstärkas
1043 1721 81 30 eller
1144 1721 11 29 i
1175 1722 109 39 övrigt
1306 1724 175 31 särskilda
1501 1727 259 39 omständighe-

260 1758 51 29 ter
335 1759 115 29 skulle
474 1759 148 34 inträda,
649 1769 75 21 som
748 1761 167 38 påfordra
940 1762 169 39 åtgärder.
1137 1764 52 30 Av
1212 1764 385 43 dispositionsanslaget
1622 1769 63 30 bör
1709 1779 52 20 er-

260 1799 183 40 forderligt
463 1801 122 40 belopp
607 1801 196 32 innehållas
825 1803 63 30 hos
910 1804 123 40 Kungl.
1059 1805 116 39 Maj:t,
1198 1816 72 20 som
1291 1807 65 30 har
1378 1811 59 31 att,
1460 1810 87 30 efter
1570 1811 190 31 framställ-

259 1842 84 40 ning
362 1853 44 20 av
424 1843 328 40 telegrafstyrelsen,
771 1845 137 31 besluta
928 1855 55 21 om
1002 1848 66 29 den
1089 1848 167 32 framtida
1275 1849 253 41 dispositionen
1548 1863 43 20 av
1611 1854 148 30 sålunda

259 1883 205 32 innehållna
487 1887 121 28 medel.

300 1926 129 30 Senare
452 1927 11 29 i
486 1928 65 38 dag
575 1928 203 30 hemställer
801 1930 69 39 jag,
897 1932 50 28 att
971 1931 19 30 å
1014 1931 210 40 tilläggsstat
1247 1934 52 29 till
1326 1934 190 32 riksstaten
1541 1937 55 31 för
1621 1938 141 31 inneva-

259 1969 108 29 rande
392 1969 166 40 budgetår
582 1971 141 30 anvisas
749 1972 38 29 10
813 1972 165 40 miljoner
1001 1974 131 30 kronor
1155 1975 52 29 till
1230 1977 264 40 rörelsekapital
1519 1979 54 30 för
1598 1981 163 39 telegraf-

259 2011 130 29 verket.

304 2053 169 39 Slutligen
496 2054 63 30 har
583 2055 322 39 telegrafstyrelsen
927 2057 11 29 i
962 2057 73 31 sina
1058 2059 109 39 petita
1191 2060 53 30 för
1268 2063 102 28 nästa
1393 2062 168 39 budgetår
1585 2066 102 29 äskat
1710 2068 48 28 ett

258 2094 356 42 investeringsanslag
642 2107 42 21 av
710 2098 43 34 2,2
777 2098 165 39 miljoner
969 2100 129 31 kronor
1124 2101 53 30 till
1206 2103 464 44 televisionsanläggningar.
1698 2109 61 29 Be-

258 2137 117 39 loppet
399 2139 38 29 är
460 2141 109 28 avsett
594 2139 55 30 för
673 2149 42 20 en
738 2140 353 44 försöksanläggning
1114 2144 79 30 med
1216 2154 42 21 en
1281 2146 222 32 bildsändare
1526 2149 46 39 på
1595 2151 165 39 omkring

258 2179 18 30 5
300 2180 69 30 kW
395 2181 64 29 och
482 2191 40 20 en
546 2181 228 39 ljudsändare
796 2183 45 39 på
865 2184 162 40 omkring
1050 2185 18 29 3
1092 2185 69 31 kW
1184 2187 108 39 jämte
1316 2192 191 37 apparatur
1532 2192 56 29 för
1612 2195 147 37 upptag-

258 2222 84 39 ning
362 2224 66 28 och
450 2223 198 40 överföring
668 2234 42 20 av
729 2233 163 31 program
913 2226 52 31 till
986 2228 185 31 sändarna.
1195 2230 174 38 Styrelsen
1390 2232 63 30 har
1474 2236 124 32 ansett,
1621 2237 51 28 att
1693 2236 64 30 tid-

256 2265 161 38 punkten
441 2266 37 29 är
501 2265 81 30 inne
608 2267 56 29 för
691 2268 50 28 att
765 2267 148 39 påbörja
937 2278 95 21 mera
1057 2271 154 29 ordnade
1237 2272 323 34 televisionsförsök
1586 2277 11 29 i
1624 2277 136 40 Sverige

258 2308 64 28 ech
346 2309 52 28 att
422 2316 121 30 genom
568 2308 412 32 försöksverksamheten
1003 2312 169 40 underlag
1197 2314 110 31 skulle
1332 2316 150 31 erhållas
1507 2318 55 30 för
1587 2321 48 28 ett
1660 2320 97 30 kom-

258 2350 128 29 mande
416 2351 335 38 ställningstagande
779 2352 52 29 till
862 2352 125 38 frågan
1016 2363 55 21 om
1100 2355 69 30 hur
1197 2356 469 37 televisionsverksamheten
1695 2362 63 31 bör

257 2392 220 37 organiseras
495 2393 44 39 på
557 2393 122 39 längre
698 2394 69 29 sikt
785 2394 10 28 i
814 2394 78 30 vårt
913 2395 91 30 land.
1025 2397 175 38 Styrelsen
1219 2399 63 29 har
1301 2399 9 29 i
1332 2400 55 30 sin
1407 2401 261 42 framställning
1688 2404 69 31 för-

266 2433 106 31 klarat
398 2434 51 40 sig
471 2434 75 31 icke
568 2444 86 22 vara
677 2435 128 31 beredd
828 2438 52 28 att
905 2446 47 20 nu
977 2437 193 41 framlägga
1195 2440 130 41 förslag
1350 2452 56 21 om
1432 2444 324 33 driftkostnaderna
