2204 2624
697 160 242 30 Statsutskottets
965 160 159 30 utlåtande
1148 163 44 27 Nr
1221 161 67 30 135.
1737 161 17 29 5

321 243 63 31 »De
418 244 167 37 områden,
610 244 95 31 vilka
739 244 209 40 landstinget
981 243 198 43 förpliktats
1216 243 78 38 lösa,
1327 248 90 35 ägas,
1453 243 55 31 det
1536 245 19 29 å
1579 244 97 30 nedre
1701 243 94 31 sidan

188 297 49 19 om
286 285 186 32 viadukten
518 297 42 20 av
606 285 187 42 Göteborgs
854 286 206 42 papperbruks
1103 285 193 41 aktiebolag
1338 285 59 31 och
1436 285 55 43 det
1528 287 19 29 å
1585 291 77 26 övre
1701 285 94 31 sidan

187 338 50 20 om
272 327 185 31 viadukten
492 340 41 19 av
558 327 299 42 Göteborg—Dals
891 328 249 42 pappersbruks
1175 327 204 40 aktiebolag.
1424 327 238 31 Förstnämnda
1690 327 107 41 bolag

186 369 177 41 tillhöriga
386 369 133 32 område
542 370 170 31 användes
735 370 52 31 för
810 370 207 31 närvarande
1041 381 40 19 av
1109 369 131 41 bolaget
1264 370 107 30 såsom
1395 369 248 42 upplagsplats.
1668 368 30 32 Å
1721 369 73 31 sist-

187 411 144 31 nämnda
354 410 101 42 bolag
477 411 182 41 tillhöriga
682 411 133 32 område
839 412 60 31 har
924 412 70 31 dels
1018 412 136 40 anlagts
1178 422 39 20 en
1241 410 197 43 pråmhamn
1463 411 57 31 och
1546 410 71 32 dels
1641 412 155 41 uppförts

185 463 38 20 en
247 452 302 42 fabriksbyggnad.
595 453 106 31 Dessa
727 453 195 42 byggnader
945 459 55 25 äro
1025 453 107 32 delvis
1159 452 141 42 belägna
1323 453 20 30 å
1367 453 104 38 mark,
1496 464 67 20 som
1589 453 105 31 under
1717 454 78 30 åren

190 496 76 30 1907
292 494 59 31 och
380 495 78 30 1909
482 494 56 31 till
558 495 205 41 jordägarna
786 494 198 32 återställts.

319 535 67 32 Vid
409 546 85 20 ovan
519 536 180 31 anmärkta
721 536 210 31 förhållande
966 541 36 26 är
1035 536 56 30 det
1125 535 140 42 tydligt,
1289 538 51 28 att
1363 535 214 42 landstinget
1600 536 51 30 för
1673 536 122 41 fullgö-

186 577 100 31 rande
323 587 42 20 av
402 576 129 42 Kungl.
569 577 116 42 Maj:ts
720 578 74 31 dom
831 578 149 31 kommer
1018 580 52 28 att
1107 578 34 30 få
1178 577 189 31 vidkännas
1397 577 187 31 avsevärda
1607 577 189 39 kostnader,

185 630 51 20 om
260 618 112 32 vilkas
407 619 125 31 storlek
556 619 56 31 det
635 619 82 32 dock
740 620 51 31 för
814 619 209 31 närvarande
1045 619 96 31 torde
1164 630 83 20 vara
1271 619 97 31 svårt
1391 620 52 30 att
1466 619 196 41 förebringa
1683 620 111 31 utred-

185 660 90 42 ning.
320 661 57 31 Av
400 660 229 32 ovanberörda
652 660 281 39 sakförhållande,
959 663 52 29 att
1035 661 20 30 å
1079 661 134 31 marken
1237 661 114 41 ifråga
1375 660 157 43 uppförts
1556 661 239 42 fabriksbygg-

185 703 74 37 nad,
296 702 150 41 framgår
479 703 189 31 emellertid
703 705 84 29 utan
821 703 127 37 vidare,
984 705 51 29 att
1058 703 399 41 ersättningssummorna
1490 702 72 32 icke
1589 703 132 31 komma
1744 706 52 28 att

185 748 120 28 stanna
338 744 58 32 vid
430 745 72 31 små
537 745 129 42 belopp.
712 745 226 41 Landstinget
962 745 62 32 har
1048 745 94 31 förut
1166 745 68 31 fått
1256 744 188 32 vidkännas
1467 745 137 41 mycket
1627 748 93 28 stora
1742 748 54 28 ut-

184 786 112 41 gifter,
331 787 198 41 uppgående
562 787 58 30 till
656 788 162 35 1,960,422
852 787 122 32 kronor
1008 788 38 30 75
1085 792 64 33 öre,
1188 788 51 30 för
1277 786 92 32 lösen
1403 797 42 21 av
1476 786 75 42 jord
1585 786 57 32 till
1681 786 114 42 längd-

185 828 110 31 banan
327 838 119 31 genom
480 828 183 32 Bohuslän.
708 828 50 32 På
790 829 109 41 grund
933 829 107 31 härav
1074 828 59 32 och
1167 829 74 31 med
1275 829 131 41 hänsyn
1432 828 56 31 till
1511 829 62 31 den
1597 828 58 32 hos
1679 829 40 31 de
1742 829 53 31 dö-

185 870 119 31 mande
328 870 281 41 myndigheterna
632 870 146 32 rådande
802 870 441 43 meningsskiljaktigheten
1267 873 10 28 i
1301 871 131 40 frågan,
1457 881 102 31 synes
1583 871 64 38 det,
1661 881 69 21 som
1744 882 51 20 om

184 911 118 31 starka
335 911 76 31 skäl
435 911 111 32 skulle
577 912 73 31 tala
673 912 51 31 för
746 914 53 30 att
814 912 211 42 landstinget
1048 912 169 32 befriades
1241 913 74 30 från
1338 923 46 20 nu
1407 911 312 41 ifrågakommande
1741 914 54 40 yt-

184 952 161 42 terligare
380 953 183 32 kostnader
599 954 49 31 för
683 953 223 42 längdbanan,
931 954 90 31 hälst
1044 965 69 21 som
1137 954 96 31 dessa
1256 953 183 32 kostnader
1462 954 108 31 delvis
1593 954 203 32 förorsakats

185 995 205 42 därigenom,
416 998 53 28 att
492 995 248 33 vederbörande
760 996 181 42 jordägare
964 998 86 29 satts
1074 997 10 29 i
1109 996 139 31 tillfälle
1272 998 52 29 att
1347 997 113 30 utföra
1484 995 148 43 dyrbara
1656 996 139 42 anlägg-

184 1036 122 42 ningar
329 1038 20 30 å
372 1037 105 38 mark,
502 1048 69 21 som
594 1037 59 32 till
673 1037 202 43 jordägarne
898 1049 43 21 av
965 1039 130 30 statens
1115 1038 187 42 järnvägar
1325 1037 192 32 återställts
1544 1049 70 20 som
1638 1038 158 41 behövlig

184 1078 145 33 allenast
351 1076 106 35 utder
481 1079 300 43 byggnadstiden.»

321 1151 12 35 I
375 1150 205 49 anledning
620 1164 43 23 av
704 1151 160 36 nämnda
902 1150 278 50 framställning
1212 1150 81 38 från
1323 1152 226 47 landstinget
1577 1151 218 36 hemställde

181 1202 369 48 järnvägsstyrelsen,
582 1202 119 35 under
728 1201 219 47 hänvisning
973 1204 59 34 till
1061 1216 44 22 en
1133 1203 182 46 ingående
1343 1204 232 46 motivering,

318 1253 12 33 i
371 1252 114 35 första
525 1252 107 44 hand,
675 1257 54 31 att
758 1252 134 48 Kungl.
922 1253 102 47 Maj:t
1052 1254 138 34 täcktes
1217 1254 101 34 finna
1346 1252 448 48 förvaltningsutskottets

185 1300 238 37 förevarande
451 1303 174 35 skrivelse
653 1303 80 35 icke
760 1304 58 34 till
845 1306 120 44 någon
993 1303 124 36 vidare
1146 1303 128 47 åtgärd
1302 1303 198 43 föranleda,
1530 1304 103 42 eller,

317 1353 12 33 i
357 1352 114 35 andra
499 1352 107 44 hand,
636 1366 59 22 om
720 1353 134 46 Kungl.
875 1353 104 48 Maj:t
998 1354 83 35 med
1102 1354 141 48 hänsyn
1263 1355 57 33 till
1339 1354 12 34 i
1371 1354 152 35 ärendet
1542 1353 251 49 föreliggande

183 1402 314 48 omständigheter
513 1403 117 35 skulle
646 1403 101 35 finna
762 1404 76 34 skäl
854 1403 116 36 befria
988 1404 230 47 landstinget
1237 1403 81 36 från
1338 1403 254 48 förpliktelsen
1612 1409 53 30 att
1680 1405 115 35 inlösa

184 1453 66 35 och
292 1454 57 34 till
391 1458 140 30 statens
567 1453 200 48 järnvägar
798 1454 81 35 med
908 1454 215 48 äganderätt
1153 1456 161 34 överlåta
1341 1454 277 48 ifrågavarande
1646 1455 148 35 område

186 1502 60 36 vid
287 1503 191 45 Tingstad,
512 1508 52 31 att
595 1504 229 48 landstinget
852 1508 114 32 måtte
993 1504 249 36 tillförbindas
1269 1510 54 30 att
1349 1505 124 36 ikläda
1500 1506 57 46 sig
1585 1518 43 22 av
1663 1507 132 46 styrel-

184 1567 62 22 sen
279 1553 172 47 godkänd
487 1553 223 37 förbindelse
738 1560 53 30 att
818 1567 104 24 svara
948 1555 59 35 för
1033 1556 71 35 alla
1131 1555 44 36 de
1202 1556 196 35 kostnader
1425 1556 66 35 och
1520 1555 167 48 utgifter,
1717 1569 77 22 som

182 1604 122 35 kunde
332 1604 140 35 drabba
499 1609 137 31 statens
660 1606 208 47 järnvägar,
899 1605 57 36 för
983 1606 70 35 den
1082 1606 173 36 händelse
1281 1606 200 36 viadukten
1510 1606 177 36 skadades
1706 1607 89 41 eller

185 1654 200 36 förstördes
425 1656 57 34 till
514 1654 93 48 följd
635 1668 45 23 av
707 1656 243 47 landstingets
978 1656 207 48 fritagande
1212 1655 81 37 från
1321 1657 259 48 skyldigheten
1608 1661 56 31 att
1691 1663 102 29 över-

186 1706 73 34 låta
286 1704 276 47 ifrågavarande
589 1705 150 36 område
766 1707 58 34 till
852 1711 136 31 statens
1012 1708 209 47 järnvägar.

315 1805 63 36 Ett
418 1805 234 49 fullgörande
695 1820 42 22 av
764 1807 44 36 de
837 1806 246 49 förpliktelser
1109 1808 12 35 i
1149 1807 104 48 fråga
1280 1821 57 22 om
1368 1808 350 36 tillhandahållande
1745 1822 43 22 av

180 1857 96 35 vissa
303 1869 153 23 numera
483 1856 197 49 bebyggda
712 1858 279 35 markområden
1019 1858 103 36 invid
1150 1858 255 36 ovannämnda
1431 1859 152 35 viadukt
1598 1859 62 35 vid
1676 1858 110 50 Ting-

182 1907 91 44 stad,
314 1908 100 34 vilka
453 1908 116 46 enligt
609 1909 82 47 laga
731 1907 237 37 kraftvunnet
1009 1909 303 48 domstolsutslag
1358 1910 95 35 åvila
1493 1908 203 49 Göteborgs
1724 1910 67 35 och

182 1957 120 36 Bohus
344 1958 79 35 läns
463 1958 200 48 landsting,
705 1959 130 43 skulle,
877 1962 119 32 såsom
1037 1972 44 22 av
1124 1960 245 47 utredningen
1399 1962 12 33 i
1439 1960 152 35 ärendet
1618 1959 172 49 framgår,

179 2008 147 35 komma
353 2013 54 31 att
434 2007 165 37 medföra
627 2010 107 47 högst
762 2010 195 35 avsevärda
985 2010 199 36 kostnader
1211 2009 59 37 för
1296 2010 237 48 landstinget.
1589 2010 83 36 Med
1702 2011 89 35 hän-

180 2071 67 36 syn
290 2059 56 34 till
388 2059 44 35 de
473 2058 254 48 föreliggande
768 2060 178 36 särskilda
987 2060 366 47 omständigheterna
1380 2062 12 34 i
1421 2061 100 35 detta
1549 2060 63 36 fall
1639 2062 63 34 vill
1733 2067 57 29 ut-

180 2110 135 34 skottet
344 2108 126 36 därför
497 2110 198 48 tillstyrka,
716 2115 53 30 att
797 2110 226 48 landstinget
1052 2111 134 35 befrias
1215 2110 82 36 från
1326 2112 56 35 sin
1410 2111 256 36 ovannämnda
1693 2112 97 48 skyl-

179 2159 137 48 dighet.

1821 1807 154 27 Utskottets

1823 1841 142 34 yttrande.
