2228 2614
198 397 138 23 Utskottets

196 432 132 30 yttrande.

427 163 19 30 4
870 165 249 33 Statsutskottets
1141 167 165 32 utlåtande
1330 169 51 30 Nr
1405 171 73 30 160.

514 242 73 36 För
615 242 252 50 byggnadens
896 244 234 49 uppförande
1159 245 68 37 har
1255 260 46 22 av
1328 247 141 48 Kungl.
1499 249 104 48 Maj:t
1622 250 128 37 äskats
1771 256 53 31 ett
1841 252 137 50 belopp

385 305 47 23 av
461 295 164 44 400,000
655 295 149 36 kronor.

515 397 194 37 Utskottet
749 398 67 36 har
850 399 62 35 vid
940 398 281 51 behandlingen
1250 414 46 23 av
1324 401 103 37 detta
1454 403 135 36 ärende
1618 404 125 37 funnit
1771 411 55 30 att
1854 412 123 31 staten

385 448 68 37 bör
482 448 84 36 med
591 449 148 49 hänsyn
758 450 57 35 till
835 450 70 36 den
920 450 12 36 i
949 449 175 38 Sollefteå
1143 452 166 36 rådande
1329 452 298 38 bostadsbristen
1646 457 110 35 träda
1775 457 203 49 hjälpande

385 501 160 36 emellan
587 500 57 36 för
685 501 210 37 beredande
933 515 46 22 av
1007 502 174 37 bostäder
1210 506 36 33 åt
1275 504 203 37 försvarets
1507 506 54 35 dit
1589 506 172 49 förlagda
1788 511 186 46 personal.

513 551 70 36 Till
624 552 203 37 utskottets
871 553 207 36 kännedom
1120 555 67 36 har
1214 556 205 36 emellertid
1454 557 166 48 kommit,
1651 564 54 30 att
1733 559 82 36 från
1843 561 131 37 bruks-

383 607 144 44 ägaren
554 603 42 35 E.
627 603 169 38 Laurens
828 605 200 35 inkommit
1061 605 124 37 anbud
1216 620 60 23 om
1306 607 228 50 försäljning
1552 609 56 36 till
1627 609 145 37 kronan
1793 624 44 23 av
1856 613 120 37 denne

383 655 204 47 tillhöriga,
616 655 11 35 i
657 654 179 38 Sollefteå
864 656 161 49 belägna
1054 658 229 48 fastigheten
1311 659 206 47 Björkhem
1545 674 44 22 nr
1618 663 20 34 3
1669 661 58 36 för
1755 668 52 30 ett
1834 664 75 48 pris
1930 678 46 23 av

383 707 164 46 200,000
576 707 150 36 kronor.

513 758 292 48 Ifrågavarande
845 759 192 49 fastighet,
1072 773 79 23 som
1182 761 57 36 för
1267 764 232 36 närvarande
1527 764 305 50 huvudsakligen
1859 767 116 37 bebos

382 823 47 21 av
458 809 201 47 officerare,
689 810 120 37 skulle
837 824 137 34 genom
1003 812 100 36 vissa
1131 813 404 48 omändringsarbeten
1563 816 128 35 kunna
1719 817 91 36 ökas
1839 819 83 35 med
1953 822 21 33 2

381 860 223 47 lägenheter
632 867 131 31 utöver
789 863 115 36 redan
932 863 225 49 förefintliga
1187 867 18 33 7
1237 865 168 49 stycken.
1455 867 74 36 För
1552 867 71 36 den
1644 867 179 38 händelse
1842 870 132 49 fastig-

381 912 112 36 heten
522 913 159 49 inköpes
709 914 70 35 och
809 915 196 35 omändras
1034 916 10 34 i
1073 916 156 47 angivet
1257 917 109 48 syfte,
1396 918 131 42 skulle,
1556 919 120 48 enligt
1700 920 72 36 vad
1792 921 12 35 i
1823 922 152 36 ärendet

381 969 42 31 är
450 964 167 49 upplyst,
647 965 186 37 erfordras
861 967 250 47 uppförandet
1139 980 46 23 av
1203 973 55 30 ett
1277 967 226 38 bostadshus
1522 970 263 37 innehållande
1805 974 22 34 4
1846 973 128 49 lägen-

381 1016 106 36 heter
515 1015 53 49 (se
596 1017 402 49 arméförvaltningens
1022 1018 56 36 till
1097 1018 138 50 Kungl.
1256 1019 108 49 Maj:t
1383 1021 164 47 avgivna
1566 1023 193 35 utlåtande
1779 1025 195 48 angående

382 1067 63 36 det
471 1067 223 49 ifrågasatta
721 1068 165 49 inköpet,
915 1069 69 36 Bil.
1013 1070 63 35 vid
1104 1070 104 36 detta
1235 1072 215 49 utlåtande).

510 1119 135 37 Därest
686 1133 45 23 en
762 1120 57 36 för
846 1121 226 36 statsverket
1102 1123 170 47 antaglig
1300 1125 226 47 uppgörelse
1554 1125 74 36 kan
1657 1126 130 36 träffas
1814 1128 159 36 rörande

382 1170 153 37 förvärv
563 1184 46 22 av
637 1173 264 35 ovannämnda
930 1172 193 49 fastighet,
1152 1174 57 36 får
1236 1174 185 37 utskottet
1449 1176 59 35 för
1535 1177 57 35 sin
1621 1177 59 36 del
1710 1178 187 48 tillstyrka
1920 1186 54 30 att

382 1222 219 36 densamma
638 1223 158 49 inköpes
824 1224 58 36 för
911 1224 162 37 kronans
1100 1226 164 48 räkning
1292 1232 77 31 mot
1398 1240 45 23 en
1472 1228 257 50 köpeskilling
1757 1230 82 36 icke
1867 1236 106 31 över-

381 1274 175 48 stigande
586 1276 163 45 200,000
777 1276 148 36 kronor.

509 1326 57 36 Då
595 1340 45 22 av
669 1327 252 48 utredningen
949 1327 12 36 i
989 1327 155 36 ärendet
1172 1327 169 49 framgår
1368 1334 54 31 att
1446 1329 143 48 jämväl
1607 1332 225 47 ytterligare
1851 1333 122 37 medel

380 1377 189 36 erfordras
610 1377 79 37 dels
732 1378 57 36 för
827 1379 162 36 nämnda
1027 1379 200 48 fastighets
1264 1380 235 49 omändring,
1535 1381 77 36 dels
1641 1382 71 36 ock
1741 1383 57 36 för
1827 1397 145 37 nyupp-

381 1428 156 37 förande
578 1443 46 22 av
664 1429 175 37 bostäder
875 1431 57 35 för
968 1431 71 35 den
1071 1430 54 36 till
1154 1429 176 38 Sollefteå
1358 1432 171 47 förlagda
1556 1434 235 46 personalen,
1821 1435 66 36 har
1914 1442 58 30 ut-

380 1480 142 36 skottet
551 1481 125 36 funnit
704 1482 61 47 sig
792 1482 91 36 böra
911 1482 188 49 tillstyrka
1119 1482 62 36 det
1200 1482 138 36 äskade
1359 1483 331 50 anslagsbeloppet
1704 1486 12 35 i
1731 1485 86 37 dess
1833 1486 136 37 helhet.

380 1532 186 48 Anslaget
593 1546 112 35 synes
733 1533 90 36 böra
851 1534 109 47 givas
988 1534 403 47 reservationsanslags
1420 1540 123 31 natur.

509 1584 194 36 Utskottet
730 1585 212 36 hemställer
970 1585 118 47 alltså,

908 1659 55 30 att
989 1654 201 49 riksdagen
1219 1657 61 33 må
1304 1655 57 35 för
1383 1657 107 44 inköp
1511 1668 43 23 av
1575 1661 46 31 ett
1642 1658 204 36 bostadshus
1865 1666 106 30 även-

777 1718 73 24 som
872 1707 65 42 för
965 1707 234 44 uppförande
1227 1719 44 23 av
1300 1708 160 36 bostäder
1488 1721 44 21 m.
1553 1721 44 22 m.
1619 1710 13 33 i
1650 1710 128 36 staden
1799 1711 172 43 Sollefteå

779 1757 57 36 för
862 1757 76 36 viss
966 1757 138 36 militär
1131 1758 174 48 personal
1333 1761 20 33 å
1382 1759 234 48 tilläggsstat
1644 1760 57 36 för
1729 1764 40 33 år
1796 1763 88 34 1921
1907 1775 64 23 an-

776 1810 81 35 visa
884 1814 52 31 ett
958 1810 387 48 reservationsanslag
1374 1823 45 22 av
1447 1811 164 46 400,000
1639 1811 150 37 kronor.

509 1876 219 38 Stockholm
757 1878 72 36 den
858 1880 44 34 31
934 1878 72 48 maj
1040 1879 107 34 1921.

891 1964 52 36 På
971 1964 300 37 statsutskottets
1298 1969 154 44 vägnar:

919 2067 36 37 S.
985 2068 47 36 H.
1062 2067 369 39 KVARNZELIUS.

579 2223 217 26 Närvarande:
819 2222 36 28 Se
874 2222 87 27 under
980 2222 167 34 föregående
1165 2223 154 27 utlåtande.
