1906 2784
259 127 19 28 2
557 128 450 35 Konstitutionsutskottets
1023 135 177 31 utlåtande
1214 146 43 20 nr
1273 139 14 28 7
1304 139 39 29 år
1359 140 82 29 1966

258 205 164 37 styrelser
439 208 72 32 etc.,
530 208 65 28 och
613 209 9 28 i
641 210 158 38 punkten
818 211 19 29 9
855 214 47 27 ett
920 214 189 39 stadgande
1128 225 57 20 om
1203 226 25 19 s.
1248 218 32 28 k.
1300 218 269 42 förtroendejäv,
1589 222 150 40 tillämp-

257 257 61 39 ligt
338 258 43 29 då
400 259 10 29 i
431 260 109 30 andra
560 261 61 29 fall
642 264 43 28 än
707 272 74 20 som
803 265 140 30 särskilt
964 268 140 29 nämnts
1125 271 257 39 omständighet
1403 273 182 40 föreligger
1606 285 74 20 som
1701 278 38 28 är

257 311 112 37 ägnad
384 314 50 27 att
447 313 109 30 rubba
571 314 214 32 förtroendet
800 318 53 29 för
868 319 184 31 domarens
1067 323 216 37 opartiskhet
1296 325 11 28 i
1322 326 114 29 målet.

302 363 124 30 Utöver
441 366 41 28 de
496 367 156 31 nämnda
663 369 391 39 jävsbestämmelserna
1069 375 9 28 i
1097 375 36 29 16
1160 376 6 36 $
1184 376 117 30 KomL
1317 388 44 20 m.
1378 379 35 29 fl.
1431 380 192 30 innehåller
1639 382 97 30 kom-

256 417 265 39 munallagarna
538 421 86 28 även
641 423 161 37 speciella
817 424 190 40 jävsregler
1024 428 78 29 med
1118 429 222 41 anknytning
1355 432 52 29 till
1424 433 66 29 den
1508 434 228 31 kommunala

254 470 205 30 revisionen.
480 473 109 30 Dessa
609 474 171 31 återfinns
802 477 10 29 i
836 478 37 28 16
894 479 64 28 och
979 480 41 29 63
1035 480 36 37 $$
1095 481 125 35 KomL,
1246 484 36 28 17
1305 485 64 29 och
1391 486 38 29 67
1445 487 36 36 88
1506 487 229 36 KomLSthm,

253 522 42 29 28
314 524 64 29 och
397 525 39 29 67
451 525 37 37 $$
508 526 70 29 LtL
598 531 89 27 samt
710 529 37 29 19
766 530 65 29 och
851 531 38 29 77
905 531 36 38 $$
962 533 89 30 LFS.
1071 534 48 30 De
1139 536 202 36 innehåller,
1361 541 49 27 att
1429 541 130 29 varken
1578 542 77 34 den,
1675 544 60 28 vil-

252 576 68 29 ken
341 586 74 21 som
435 579 150 31 ledamot
605 582 82 29 eller
707 584 185 38 suppleant
912 586 9 28 i
941 586 232 32 kommunens
1194 591 144 38 styrelse
1358 593 82 29 eller
1459 594 101 39 eljest
1581 596 38 28 är
1638 597 96 29 redo-

251 630 295 42 visningsskyldig
569 635 51 28 till
643 635 225 36 kommunen,
892 639 82 30 eller
997 641 67 28 den
1088 650 72 21 som
1184 643 37 29 är
1245 644 66 29 den
1334 646 399 43 redovisningsskyldige

251 684 208 30 närstående
480 686 45 38 på
547 688 69 29 sätt
638 698 74 20 som
734 699 98 20 avses
854 692 11 28 i
890 692 66 37 16
952 680 21 54 $
982 693 126 35 KomL,
1131 696 56 29 må
1208 706 83 21 vara
1313 699 132 29 revisor
1465 701 83 29 eller
1569 699 164 46 rTevVisors-

250 737 184 38 suppleant
454 738 54 30 för
526 742 215 40 granskning
758 753 43 19 av
819 744 221 42 förvaltning,
1060 757 74 20 som
1153 749 166 31 omfattas
1338 761 42 20 av
1398 750 334 49 redovisningsskyl-

249 789 172 39 digheten,
446 793 82 29 eller
552 794 135 40 deltaga
711 797 10 28 i
745 798 54 28 val
824 807 42 19 av
889 800 131 29 revisor
1043 801 82 29 eller
1149 803 336 41 revisorssuppleant
1510 807 54 29 för
1588 810 144 37 gransk-

248 843 85 39 ning
351 853 41 20 av
411 845 107 30 sådan
538 847 214 41 förvaltning
769 851 82 29 eller
870 852 10 28 i
899 852 112 30 beslut
1030 855 78 29 med
1128 856 187 41 anledning
1334 868 42 19 av
1394 861 269 40 granskningen.

882 1015 211 35 Förarbeten

289 1109 240 40 Jävsreglerna
551 1113 55 29 för
625 1114 228 31 kommunala
873 1117 283 33 förtroendemän
1177 1122 64 29 har
1260 1124 11 28 i
1292 1124 61 29 allt
1373 1126 183 40 väsentligt
1577 1128 151 30 tillkom-

244 1162 64 29 mit
327 1163 87 29 först
430 1164 11 29 i
458 1166 169 30 samband
645 1169 78 28 med
741 1169 182 31 stiftandet
940 1181 43 20 av
999 1173 41 29 de
1058 1183 47 19 nu
1123 1175 158 38 gällande
1299 1177 360 42 kommunallagarna.
1678 1182 49 30 De

242 1215 97 39 lagar
361 1226 56 19 om
438 1218 352 42 kommunalstyrelse
812 1223 43 39 på
877 1225 116 29 landet
1015 1236 89 30 resp.
1127 1228 10 28 i
1159 1230 86 33 stad,
1269 1239 76 20 som
1366 1234 145 28 ersattes
1534 1243 42 20 av
1598 1235 127 34 KomL,

241 1268 155 31 innehöll
415 1271 147 31 sålunda
580 1273 82 30 bara
681 1284 41 19 en
739 1276 182 39 jävsregel,
941 1279 239 31 innefattande
1199 1282 127 31 förbud
1346 1284 55 29 för
1418 1286 66 29 den
1503 1296 75 20 som
1596 1298 62 19 var
1675 1298 50 20 re-

242 1322 341 43 dovisningsskyldig
605 1327 49 29 till
678 1328 215 32 kommunen
915 1334 49 27 att
986 1333 135 40 deltaga
1143 1335 10 28 i
1175 1336 53 29 val
1251 1346 43 20 av
1315 1339 167 30 revisorer
1505 1340 56 29 för
1582 1343 143 37 gransk-

240 1376 85 38 ning
343 1386 41 19 av
403 1377 221 42 förvaltning,
645 1381 54 29 för
717 1382 116 30 vilken
853 1384 68 29 han
941 1385 88 30 hade
1049 1389 48 27 att
1117 1389 166 35 redovisa,
1305 1392 81 28 eller
1405 1392 12 29 i
1434 1393 113 30 beslut
1567 1396 77 28 med
1664 1405 59 20 an-

240 1429 142 40 ledning
401 1440 42 20 av
461 1433 270 40 granskningen.
753 1437 243 31 Motsvarande
1017 1441 110 37 gällde
1148 1442 40 29 de
1209 1443 95 29 äldre
1325 1445 141 39 lagarna
1487 1456 56 19 om
1565 1448 159 30 kommu-

238 1483 232 39 nalstyrelsen
489 1486 11 28 i
521 1486 202 31 Stockholm
742 1490 66 28 och
828 1499 58 20 om
905 1491 380 43 församlingsstyrelse,
1308 1498 126 30 liksom
1453 1500 238 40 jävsreglerna
1712 1503 11 29 i

238 1535 71 29 LtL
324 1536 144 30 innebar
482 1548 42 19 en
538 1540 106 38 nyhet
658 1541 10 29 i
684 1541 218 32 förhållande
917 1545 51 29 till
983 1546 66 29 den
1065 1548 92 29 äldre
1173 1545 306 50 landstingslagen.

283 1589 134 40 Frågan
439 1600 56 20 om
516 1593 184 31 införande
721 1605 42 19 av
783 1597 189 40 jävsregler
993 1599 233 33 behandlades
1249 1604 168 39 ingående
1439 1616 42 19 av
1501 1607 221 31 kommunal-

237 1642 282 39 lagskommittén
548 1647 10 28 i
586 1647 77 30 dess
690 1648 220 33 betänkande
938 1652 38 29 år
1007 1654 80 29 1952
1116 1656 76 29 med
1221 1656 131 41 förslag
1379 1659 51 29 till
1458 1660 263 42 kommunallag

236 1704 46 20 m.
301 1705 44 20 m.
369 1697 100 33 (SOU
491 1699 96 30 1952:
606 1700 47 35 14,
672 1711 25 19 s.
717 1702 63 29 239
799 1703 61 33 ff).
879 1705 97 30 Efter
993 1708 50 28 att
1062 1707 43 30 ha
1124 1710 134 34 uttalat,
1277 1713 51 27 att
1345 1713 105 39 enligt
1469 1714 78 29 dess
1566 1712 154 47 uppfatt-

235 1749 85 39 ning
338 1752 48 27 ett
403 1751 110 30 behov
532 1753 131 40 förelåg
682 1765 42 19 av
742 1765 42 20 en
804 1757 69 29 viss
892 1760 171 39 reglering
1081 1762 9 28 i
1111 1762 125 34 ämnet,
1257 1764 222 32 diskuterade
1499 1768 218 36 kommittén,

233 1803 12 29 i
267 1804 67 28 vad
356 1804 81 29 mån
459 1805 170 32 likartade
652 1808 262 32 bestämmelser
936 1812 105 31 borde
1065 1817 167 38 upptagas
1257 1817 55 29 för
1335 1818 218 42 fullmäktige
1576 1823 64 28 och
1664 1823 54 29 för

234 1857 164 38 styrelser
416 1858 64 29 och
497 1860 181 30 nämnder.
697 1862 64 30 Det
779 1865 245 35 antecknades,
1043 1869 50 28 att
1111 1869 40 29 de
1171 1869 217 32 förvaltande
1407 1874 64 28 och
1489 1875 228 30 verkställan-

233 1909 42 29 de
297 1918 169 31 organens
489 1912 113 31 beslut
624 1915 111 29 oftare
758 1917 44 28 än
825 1917 237 42 fullmäktiges
1084 1922 56 28 rör
1162 1923 159 31 enskilda
1343 1934 164 30 personer
1529 1929 65 28 och
1616 1930 100 29 deras

233 1962 245 32 förhållanden
497 1966 65 29 och
582 1969 50 28 att
650 1968 289 39 jävsfrekvensen
959 1973 121 30 därför
1099 1975 10 29 i
1129 1976 191 31 allmänhet
1341 1979 39 29 är
1399 1981 109 28 större
1529 1981 63 30 hos
1614 1982 103 31 först-

231 2016 155 31 nämnda
409 2026 117 31 organ.
551 2020 52 29 En
627 2022 203 40 utförligare
854 2026 169 40 reglering
1047 2027 54 30 för
1124 2030 163 38 styrelser
1310 2032 65 29 och
1398 2035 170 29 nämnder
1591 2037 45 28 än
1661 2037 55 29 för

231 2068 221 42 fullmäktige
474 2072 118 31 kunde
616 2075 119 30 därför
758 2077 197 40 övervägas.
980 2079 123 31 Starka
1128 2083 74 29 skäl
1226 2084 114 31 talade
1364 2088 191 29 emellertid
1580 2089 55 30 för
1657 2100 57 20 en-

229 2122 130 40 hetliga
380 2124 270 33 bestämmelser.
673 2129 57 29 Ett
752 2130 125 30 sådant
897 2141 80 21 vore
999 2136 49 27 att
1070 2135 40 29 de
1132 2137 230 38 avgöranden,
1385 2149 75 20 som
1482 2141 106 31 fattas
1610 2153 42 20 av
1672 2144 42 30 de

229 2176 95 30 olika
345 2186 160 30 organen,
528 2181 86 29 trots
636 2182 118 38 lagens
776 2184 234 40 särskiljande
1031 2197 43 20 av
1093 2188 275 33 beslutanderätt
1390 2196 89 27 samt
1501 2194 213 42 förvaltning

228 2229 67 29 och
316 2231 270 40 verkställighet,
609 2235 73 30 ofta
704 2236 107 38 gäller
833 2237 116 40 frågor
970 2249 42 20 av
1034 2241 70 29 helt
1126 2242 150 31 likartad
1298 2245 255 32 beskaffenhet.
1577 2246 135 47 Uppen-

227 2282 78 30 bart
326 2293 60 20 var
406 2286 113 34 också,
541 2286 164 31 framhöll
728 2289 217 37 kommittén,
967 2295 49 27 att
1037 2295 215 31 önskemålet
1273 2307 57 20 om
1351 2300 160 31 enkelhet
1532 2303 64 28 och
1618 2303 94 29 Över-

228 2336 196 40 skådlighet
446 2339 11 29 i
478 2339 473 44 kommunallagstiftningen
971 2346 112 31 bättre
1106 2349 222 41 tillgodosågs
1351 2360 122 31 genom
1497 2363 214 30 gemensam-

228 2398 57 20 ma
300 2390 342 39 jävsbestämmelser
659 2396 43 28 än
719 2404 124 30 genom
861 2407 41 20 en
920 2400 182 40 skiljaktig
1118 2403 179 40 reglering.
1316 2405 13 28 I
1347 2405 96 40 fråga
1461 2417 58 20 om
1535 2410 176 37 reglernas

226 2443 213 41 omfattning
458 2447 154 30 uttalade
632 2449 210 31 kommittén
862 2452 259 41 inledningsvis,
1143 2458 49 27 att
1213 2457 66 29 den
1301 2458 226 32 kommunala
1549 2463 153 40 självsty-
