<?xml version="1.0" encoding="UTF-8"?>
<alto xmlns="http://www.loc.gov/standards/alto/ns-v3#" xmlns:xlink="http://www.w3.org/1999/xlink" xmlns:xsi="http://www.w3.org/2001/XMLSchema-instance" xsi:schemaLocation="http://www.loc.gov/standards/alto/ns-v3# http://www.loc.gov/alto/v3/alto-3-0.xsd">
	<Description>
		<MeasurementUnit>pixel</MeasurementUnit>
		<sourceImageInformation>
			<fileName>/tmp/tess_6uhhuazo_input.PNG</fileName>
		</sourceImageInformation>
		<OCRProcessing ID="OCR_0">
			<ocrProcessingStep>
				<processingSoftware>
					<softwareName>tesseract 5.3.0</softwareName>
				</processingSoftware>
			</ocrProcessingStep>
		</OCRProcessing>
	</Description>
	<Layout>
		<Page WIDTH="1894" HEIGHT="2780" PHYSICAL_IMG_NR="0" ID="page_0">
			<PrintSpace HPOS="0" VPOS="0" WIDTH="1894" HEIGHT="2780">
				<ComposedBlock ID="cblock_0" HPOS="270" VPOS="156" WIDTH="1125" HEIGHT="39">
					<TextBlock ID="block_0" HPOS="270" VPOS="156" WIDTH="1125" HEIGHT="39">
						<TextLine ID="line_0" HPOS="270" VPOS="156" WIDTH="1125" HEIGHT="39">
							<String ID="string_0" HPOS="270" VPOS="157" WIDTH="39" HEIGHT="29" WC="0.96" CONTENT="10"/><SP WIDTH="362" VPOS="157" HPOS="309"/>
							<String ID="string_1" HPOS="671" VPOS="156" WIDTH="123" HEIGHT="39" WC="0.93" CONTENT="Tredje"/><SP WIDTH="27" VPOS="156" HPOS="794"/>
							<String ID="string_2" HPOS="821" VPOS="156" WIDTH="248" HEIGHT="39" WC="0.91" CONTENT="lagutskottets"/><SP WIDTH="28" VPOS="156" HPOS="1069"/>
							<String ID="string_3" HPOS="1097" VPOS="156" WIDTH="179" HEIGHT="29" WC="0.96" CONTENT="utlåtande"/><SP WIDTH="26" VPOS="156" HPOS="1276"/>
							<String ID="string_4" HPOS="1302" VPOS="166" WIDTH="43" HEIGHT="19" WC="0.96" CONTENT="nr"/><SP WIDTH="20" VPOS="166" HPOS="1345"/>
							<String ID="string_5" HPOS="1365" VPOS="156" WIDTH="30" HEIGHT="29" WC="0.96" CONTENT="4."/>
						</TextLine>
					</TextBlock>
				</ComposedBlock>
				<ComposedBlock ID="cblock_1" HPOS="261" VPOS="240" WIDTH="1526" HEIGHT="2258">
					<TextBlock ID="block_1" HPOS="267" VPOS="240" WIDTH="1519" HEIGHT="140">
						<TextLine ID="line_1" HPOS="267" VPOS="240" WIDTH="1519" HEIGHT="40">
							<String ID="string_6" HPOS="267" VPOS="250" WIDTH="83" HEIGHT="20" WC="0.95" CONTENT="man"/><SP WIDTH="18" VPOS="250" HPOS="350"/>
							<String ID="string_7" HPOS="368" VPOS="240" WIDTH="11" HEIGHT="30" WC="0.95" CONTENT="i"/><SP WIDTH="19" VPOS="240" HPOS="379"/>
							<String ID="string_8" HPOS="398" VPOS="241" WIDTH="93" HEIGHT="29" WC="0.96" CONTENT="detta"/><SP WIDTH="17" VPOS="241" HPOS="491"/>
							<String ID="string_9" HPOS="508" VPOS="240" WIDTH="150" HEIGHT="30" WC="0.96" CONTENT="intresse"/><SP WIDTH="18" VPOS="240" HPOS="658"/>
							<String ID="string_10" HPOS="676" VPOS="240" WIDTH="57" HEIGHT="30" WC="0.96" CONTENT="må"/><SP WIDTH="18" VPOS="240" HPOS="733"/>
							<String ID="string_11" HPOS="751" VPOS="241" WIDTH="122" HEIGHT="29" WC="0.96" CONTENT="kunna"/><SP WIDTH="18" VPOS="241" HPOS="873"/>
							<String ID="string_12" HPOS="891" VPOS="250" WIDTH="43" HEIGHT="20" WC="0.96" CONTENT="av"/><SP WIDTH="16" VPOS="250" HPOS="934"/>
							<String ID="string_13" HPOS="950" VPOS="241" WIDTH="131" HEIGHT="39" WC="0.95" CONTENT="ägarna"/><SP WIDTH="17" VPOS="241" HPOS="1081"/>
							<String ID="string_14" HPOS="1098" VPOS="240" WIDTH="53" HEIGHT="30" WC="0.96" CONTENT="till"/><SP WIDTH="17" VPOS="240" HPOS="1151"/>
							<String ID="string_15" HPOS="1168" VPOS="240" WIDTH="94" HEIGHT="30" WC="0.96" CONTENT="vissa"/><SP WIDTH="17" VPOS="240" HPOS="1262"/>
							<String ID="string_16" HPOS="1279" VPOS="240" WIDTH="208" HEIGHT="40" WC="0.96" CONTENT="fastigheter"/><SP WIDTH="17" VPOS="240" HPOS="1487"/>
							<String ID="string_17" HPOS="1504" VPOS="241" WIDTH="109" HEIGHT="29" WC="0.96" CONTENT="kräva"/><SP WIDTH="17" VPOS="241" HPOS="1613"/>
							<String ID="string_18" HPOS="1630" VPOS="240" WIDTH="156" HEIGHT="39" WC="0.96" CONTENT="verkliga"/>
						</TextLine>
						<TextLine ID="line_2" HPOS="267" VPOS="290" WIDTH="1519" HEIGHT="40">
							<String ID="string_19" HPOS="267" VPOS="290" WIDTH="249" HEIGHT="40" WC="0.96" CONTENT="uppoffringar"/><SP WIDTH="28" VPOS="290" HPOS="516"/>
							<String ID="string_20" HPOS="544" VPOS="291" WIDTH="55" HEIGHT="29" WC="0.96" CONTENT="för"/><SP WIDTH="29" VPOS="291" HPOS="599"/>
							<String ID="string_21" HPOS="628" VPOS="292" WIDTH="51" HEIGHT="28" WC="0.92" CONTENT="att"/><SP WIDTH="28" VPOS="292" HPOS="679"/>
							<String ID="string_22" HPOS="707" VPOS="290" WIDTH="343" HEIGHT="39" WC="0.90" CONTENT="skogstillgångarna"/><SP WIDTH="28" VPOS="290" HPOS="1050"/>
							<String ID="string_23" HPOS="1078" VPOS="291" WIDTH="20" HEIGHT="29" WC="0.93" CONTENT="å"/><SP WIDTH="27" VPOS="291" HPOS="1098"/>
							<String ID="string_24" HPOS="1125" VPOS="291" WIDTH="110" HEIGHT="30" WC="0.96" CONTENT="andra"/><SP WIDTH="29" VPOS="291" HPOS="1235"/>
							<String ID="string_25" HPOS="1264" VPOS="290" WIDTH="208" HEIGHT="40" WC="0.96" CONTENT="fastigheter"/><SP WIDTH="26" VPOS="290" HPOS="1472"/>
							<String ID="string_26" HPOS="1498" VPOS="290" WIDTH="58" HEIGHT="31" WC="0.96" CONTENT="må"/><SP WIDTH="28" VPOS="290" HPOS="1556"/>
							<String ID="string_27" HPOS="1584" VPOS="291" WIDTH="122" HEIGHT="30" WC="0.93" CONTENT="kunna"/><SP WIDTH="27" VPOS="291" HPOS="1706"/>
							<String ID="string_28" HPOS="1733" VPOS="292" WIDTH="53" HEIGHT="28" WC="0.92" CONTENT="ut-"/>
						</TextLine>
						<TextLine ID="line_3" HPOS="267" VPOS="341" WIDTH="1173" HEIGHT="39">
							<String ID="string_29" HPOS="267" VPOS="341" WIDTH="136" HEIGHT="39" WC="0.96" CONTENT="nyttjas"/><SP WIDTH="21" VPOS="341" HPOS="403"/>
							<String ID="string_30" HPOS="424" VPOS="341" WIDTH="214" HEIGHT="30" WC="0.96" CONTENT="intensivare"/><SP WIDTH="22" VPOS="341" HPOS="638"/>
							<String ID="string_31" HPOS="660" VPOS="342" WIDTH="44" HEIGHT="28" WC="0.96" CONTENT="än"/><SP WIDTH="23" VPOS="342" HPOS="704"/>
							<String ID="string_32" HPOS="727" VPOS="341" WIDTH="66" HEIGHT="29" WC="0.96" CONTENT="vad"/><SP WIDTH="23" VPOS="341" HPOS="793"/>
							<String ID="string_33" HPOS="816" VPOS="350" WIDTH="77" HEIGHT="20" WC="0.96" CONTENT="som"/><SP WIDTH="21" VPOS="350" HPOS="893"/>
							<String ID="string_34" HPOS="914" VPOS="341" WIDTH="101" HEIGHT="39" WC="0.95" CONTENT="eljest"/><SP WIDTH="22" VPOS="341" HPOS="1015"/>
							<String ID="string_35" HPOS="1037" VPOS="341" WIDTH="113" HEIGHT="29" WC="0.96" CONTENT="skulle"/><SP WIDTH="22" VPOS="341" HPOS="1150"/>
							<String ID="string_36" HPOS="1172" VPOS="350" WIDTH="83" HEIGHT="21" WC="0.96" CONTENT="vara"/><SP WIDTH="22" VPOS="350" HPOS="1255"/>
							<String ID="string_37" HPOS="1277" VPOS="342" WIDTH="163" HEIGHT="29" WC="0.96" CONTENT="lönande."/>
						</TextLine>
					</TextBlock>
					<TextBlock ID="block_2" HPOS="264" VPOS="390" WIDTH="1523" HEIGHT="545">
						<TextLine ID="line_4" HPOS="310" VPOS="390" WIDTH="1475" HEIGHT="40">
							<String ID="string_38" HPOS="310" VPOS="391" WIDTH="83" HEIGHT="29" WC="0.96" CONTENT="Man"/><SP WIDTH="19" VPOS="391" HPOS="393"/>
							<String ID="string_39" HPOS="412" VPOS="391" WIDTH="64" HEIGHT="29" WC="0.96" CONTENT="har"/><SP WIDTH="18" VPOS="391" HPOS="476"/>
							<String ID="string_40" HPOS="494" VPOS="390" WIDTH="11" HEIGHT="29" WC="0.96" CONTENT="i"/><SP WIDTH="19" VPOS="390" HPOS="505"/>
							<String ID="string_41" HPOS="524" VPOS="390" WIDTH="156" HEIGHT="30" WC="0.96" CONTENT="motiven"/><SP WIDTH="19" VPOS="390" HPOS="680"/>
							<String ID="string_42" HPOS="699" VPOS="390" WIDTH="167" HEIGHT="40" WC="0.96" CONTENT="åberopat"/><SP WIDTH="18" VPOS="390" HPOS="866"/>
							<String ID="string_43" HPOS="884" VPOS="391" WIDTH="67" HEIGHT="29" WC="0.96" CONTENT="vad"/><SP WIDTH="22" VPOS="391" HPOS="951"/>
							<String ID="string_44" HPOS="973" VPOS="400" WIDTH="73" HEIGHT="19" WC="0.96" CONTENT="som"/><SP WIDTH="24" VPOS="400" HPOS="1046"/>
							<String ID="string_45" HPOS="1070" VPOS="390" WIDTH="106" HEIGHT="38" WC="0.93" CONTENT="enligt"/><SP WIDTH="21" VPOS="390" HPOS="1176"/>
							<String ID="string_46" HPOS="1197" VPOS="390" WIDTH="459" HEIGHT="39" WC="0.90" CONTENT="flottningslagstiftningen"/><SP WIDTH="23" VPOS="390" HPOS="1656"/>
							<String ID="string_47" HPOS="1679" VPOS="391" WIDTH="106" HEIGHT="38" WC="0.95" CONTENT="gäller"/>
						</TextLine>
						<TextLine ID="line_5" HPOS="267" VPOS="440" WIDTH="1518" HEIGHT="40">
							<String ID="string_48" HPOS="267" VPOS="450" WIDTH="57" HEIGHT="20" WC="0.96" CONTENT="om"/><SP WIDTH="34" VPOS="450" HPOS="324"/>
							<String ID="string_49" HPOS="358" VPOS="441" WIDTH="148" HEIGHT="39" WC="0.96" CONTENT="avgifter"/><SP WIDTH="30" VPOS="441" HPOS="506"/>
							<String ID="string_50" HPOS="536" VPOS="441" WIDTH="56" HEIGHT="29" WC="0.93" CONTENT="för"/><SP WIDTH="29" VPOS="441" HPOS="592"/>
							<String ID="string_51" HPOS="621" VPOS="440" WIDTH="227" HEIGHT="39" WC="0.91" CONTENT="begagnande"/><SP WIDTH="30" VPOS="440" HPOS="848"/>
							<String ID="string_52" HPOS="878" VPOS="450" WIDTH="43" HEIGHT="21" WC="0.92" CONTENT="av"/><SP WIDTH="31" VPOS="450" HPOS="921"/>
							<String ID="string_53" HPOS="952" VPOS="441" WIDTH="149" HEIGHT="29" WC="0.91" CONTENT="flottled."/><SP WIDTH="31" VPOS="441" HPOS="1101"/>
							<String ID="string_54" HPOS="1132" VPOS="440" WIDTH="66" HEIGHT="30" WC="0.95" CONTENT="Det"/><SP WIDTH="30" VPOS="440" HPOS="1198"/>
							<String ID="string_55" HPOS="1228" VPOS="440" WIDTH="63" HEIGHT="30" WC="0.96" CONTENT="bör"/><SP WIDTH="31" VPOS="440" HPOS="1291"/>
							<String ID="string_56" HPOS="1322" VPOS="441" WIDTH="194" HEIGHT="29" WC="0.96" CONTENT="emellertid"/><SP WIDTH="30" VPOS="441" HPOS="1516"/>
							<String ID="string_57" HPOS="1546" VPOS="440" WIDTH="146" HEIGHT="30" WC="0.96" CONTENT="beaktas"/><SP WIDTH="31" VPOS="440" HPOS="1692"/>
							<String ID="string_58" HPOS="1723" VPOS="442" WIDTH="62" HEIGHT="34" WC="0.95" CONTENT="att,"/>
						</TextLine>
						<TextLine ID="line_6" HPOS="264" VPOS="491" WIDTH="1521" HEIGHT="39">
							<String ID="string_59" HPOS="264" VPOS="491" WIDTH="130" HEIGHT="30" WC="0.96" CONTENT="medan"/><SP WIDTH="20" VPOS="491" HPOS="394"/>
							<String ID="string_60" HPOS="414" VPOS="491" WIDTH="206" HEIGHT="39" WC="0.96" CONTENT="deltagande"/><SP WIDTH="20" VPOS="491" HPOS="620"/>
							<String ID="string_61" HPOS="640" VPOS="492" WIDTH="11" HEIGHT="29" WC="0.96" CONTENT="i"/><SP WIDTH="23" VPOS="492" HPOS="651"/>
							<String ID="string_62" HPOS="674" VPOS="491" WIDTH="168" HEIGHT="39" WC="0.96" CONTENT="flottning"/><SP WIDTH="19" VPOS="491" HPOS="842"/>
							<String ID="string_63" HPOS="861" VPOS="493" WIDTH="39" HEIGHT="29" WC="0.96" CONTENT="är"/><SP WIDTH="20" VPOS="493" HPOS="900"/>
							<String ID="string_64" HPOS="920" VPOS="500" WIDTH="43" HEIGHT="20" WC="0.96" CONTENT="en"/><SP WIDTH="20" VPOS="500" HPOS="963"/>
							<String ID="string_65" HPOS="983" VPOS="491" WIDTH="144" HEIGHT="39" WC="0.96" CONTENT="frivillig"/><SP WIDTH="20" VPOS="491" HPOS="1127"/>
							<String ID="string_66" HPOS="1147" VPOS="491" WIDTH="73" HEIGHT="36" WC="0.92" CONTENT="sak,"/><SP WIDTH="23" VPOS="491" HPOS="1220"/>
							<String ID="string_67" HPOS="1243" VPOS="491" WIDTH="449" HEIGHT="39" WC="0.90" CONTENT="väghållningsskyldighet"/><SP WIDTH="21" VPOS="491" HPOS="1692"/>
							<String ID="string_68" HPOS="1713" VPOS="492" WIDTH="72" HEIGHT="29" WC="0.96" CONTENT="kan"/>
						</TextLine>
						<TextLine ID="line_7" HPOS="265" VPOS="541" WIDTH="1519" HEIGHT="39">
							<String ID="string_69" HPOS="265" VPOS="541" WIDTH="142" HEIGHT="39" WC="0.91" CONTENT="åläggas"/><SP WIDTH="36" VPOS="541" HPOS="407"/>
							<String ID="string_70" HPOS="443" VPOS="542" WIDTH="189" HEIGHT="38" WC="0.91" CONTENT="tvångsvis."/><SP WIDTH="38" VPOS="542" HPOS="632"/>
							<String ID="string_71" HPOS="670" VPOS="541" WIDTH="126" HEIGHT="30" WC="0.96" CONTENT="Vidare"/><SP WIDTH="38" VPOS="541" HPOS="796"/>
							<String ID="string_72" HPOS="834" VPOS="542" WIDTH="152" HEIGHT="35" WC="0.96" CONTENT="märkes,"/><SP WIDTH="37" VPOS="542" HPOS="986"/>
							<String ID="string_73" HPOS="1023" VPOS="543" WIDTH="51" HEIGHT="28" WC="0.96" CONTENT="att"/><SP WIDTH="36" VPOS="543" HPOS="1074"/>
							<String ID="string_74" HPOS="1110" VPOS="551" WIDTH="83" HEIGHT="20" WC="0.96" CONTENT="man"/><SP WIDTH="36" VPOS="551" HPOS="1193"/>
							<String ID="string_75" HPOS="1229" VPOS="541" WIDTH="58" HEIGHT="30" WC="0.93" CONTENT="vid"/><SP WIDTH="39" VPOS="541" HPOS="1287"/>
							<String ID="string_76" HPOS="1326" VPOS="541" WIDTH="458" HEIGHT="39" WC="0.90" CONTENT="flottningslagstiftningen"/>
						</TextLine>
						<TextLine ID="line_8" HPOS="265" VPOS="592" WIDTH="1519" HEIGHT="39">
							<String ID="string_77" HPOS="265" VPOS="601" WIDTH="105" HEIGHT="30" WC="0.96" CONTENT="synes"/><SP WIDTH="26" VPOS="601" HPOS="370"/>
							<String ID="string_78" HPOS="396" VPOS="592" WIDTH="45" HEIGHT="30" WC="0.96" CONTENT="ha"/><SP WIDTH="24" VPOS="592" HPOS="441"/>
							<String ID="string_79" HPOS="465" VPOS="592" WIDTH="178" HEIGHT="30" WC="0.92" CONTENT="betraktat"/><SP WIDTH="28" VPOS="592" HPOS="643"/>
							<String ID="string_80" HPOS="671" VPOS="592" WIDTH="184" HEIGHT="29" WC="0.91" CONTENT="flottleden"/><SP WIDTH="27" VPOS="592" HPOS="855"/>
							<String ID="string_81" HPOS="882" VPOS="601" WIDTH="77" HEIGHT="20" WC="0.95" CONTENT="som"/><SP WIDTH="27" VPOS="601" HPOS="959"/>
							<String ID="string_82" HPOS="986" VPOS="592" WIDTH="132" HEIGHT="29" WC="0.96" CONTENT="allmän"/><SP WIDTH="25" VPOS="592" HPOS="1118"/>
							<String ID="string_83" HPOS="1143" VPOS="592" WIDTH="180" HEIGHT="39" WC="0.95" CONTENT="egendom,"/><SP WIDTH="27" VPOS="592" HPOS="1323"/>
							<String ID="string_84" HPOS="1350" VPOS="601" WIDTH="77" HEIGHT="21" WC="0.96" CONTENT="som"/><SP WIDTH="25" VPOS="601" HPOS="1427"/>
							<String ID="string_85" HPOS="1452" VPOS="602" WIDTH="42" HEIGHT="20" WC="0.96" CONTENT="av"/><SP WIDTH="25" VPOS="602" HPOS="1494"/>
							<String ID="string_86" HPOS="1519" VPOS="593" WIDTH="57" HEIGHT="29" WC="0.96" CONTENT="det"/><SP WIDTH="28" VPOS="593" HPOS="1576"/>
							<String ID="string_87" HPOS="1604" VPOS="592" WIDTH="180" HEIGHT="30" WC="0.95" CONTENT="allmänna"/>
						</TextLine>
						<TextLine ID="line_9" HPOS="264" VPOS="642" WIDTH="1521" HEIGHT="41">
							<String ID="string_88" HPOS="264" VPOS="642" WIDTH="163" HEIGHT="40" WC="0.96" CONTENT="upplåtes"/><SP WIDTH="23" VPOS="642" HPOS="427"/>
							<String ID="string_89" HPOS="450" VPOS="642" WIDTH="52" HEIGHT="30" WC="0.96" CONTENT="till"/><SP WIDTH="22" VPOS="642" HPOS="502"/>
							<String ID="string_90" HPOS="524" VPOS="643" WIDTH="180" HEIGHT="29" WC="0.93" CONTENT="enskildas"/><SP WIDTH="22" VPOS="643" HPOS="704"/>
							<String ID="string_91" HPOS="726" VPOS="643" WIDTH="227" HEIGHT="39" WC="0.91" CONTENT="begagnande"/><SP WIDTH="22" VPOS="643" HPOS="953"/>
							<String ID="string_92" HPOS="975" VPOS="644" WIDTH="73" HEIGHT="28" WC="0.96" CONTENT="mot"/><SP WIDTH="23" VPOS="644" HPOS="1048"/>
							<String ID="string_93" HPOS="1071" VPOS="643" WIDTH="119" HEIGHT="39" WC="0.96" CONTENT="avgift,"/><SP WIDTH="24" VPOS="643" HPOS="1190"/>
							<String ID="string_94" HPOS="1214" VPOS="643" WIDTH="64" HEIGHT="30" WC="0.96" CONTENT="och"/><SP WIDTH="23" VPOS="643" HPOS="1278"/>
							<String ID="string_95" HPOS="1301" VPOS="643" WIDTH="123" HEIGHT="30" WC="0.96" CONTENT="därför"/><SP WIDTH="22" VPOS="643" HPOS="1424"/>
							<String ID="string_96" HPOS="1446" VPOS="644" WIDTH="116" HEIGHT="28" WC="0.96" CONTENT="ansett"/><SP WIDTH="24" VPOS="644" HPOS="1562"/>
							<String ID="string_97" HPOS="1586" VPOS="643" WIDTH="53" HEIGHT="40" WC="0.96" CONTENT="sig"/><SP WIDTH="23" VPOS="643" HPOS="1639"/>
							<String ID="string_98" HPOS="1662" VPOS="643" WIDTH="123" HEIGHT="30" WC="0.96" CONTENT="kunna"/>
						</TextLine>
						<TextLine ID="line_10" HPOS="264" VPOS="692" WIDTH="1520" HEIGHT="41">
							<String ID="string_99" HPOS="264" VPOS="692" WIDTH="58" HEIGHT="31" WC="0.92" CONTENT="vid"/><SP WIDTH="26" VPOS="692" HPOS="322"/>
							<String ID="string_100" HPOS="348" VPOS="693" WIDTH="215" HEIGHT="39" WC="0.91" CONTENT="avgifternas"/><SP WIDTH="25" VPOS="693" HPOS="563"/>
							<String ID="string_101" HPOS="588" VPOS="693" WIDTH="266" HEIGHT="30" WC="0.95" CONTENT="bestämmande"/><SP WIDTH="25" VPOS="693" HPOS="854"/>
							<String ID="string_102" HPOS="879" VPOS="693" WIDTH="72" HEIGHT="30" WC="0.96" CONTENT="låta"/><SP WIDTH="24" VPOS="693" HPOS="951"/>
							<String ID="string_103" HPOS="975" VPOS="694" WIDTH="58" HEIGHT="29" WC="0.96" CONTENT="det"/><SP WIDTH="26" VPOS="694" HPOS="1033"/>
							<String ID="string_104" HPOS="1059" VPOS="694" WIDTH="179" HEIGHT="29" WC="0.96" CONTENT="allmänna"/><SP WIDTH="25" VPOS="694" HPOS="1238"/>
							<String ID="string_105" HPOS="1263" VPOS="693" WIDTH="101" HEIGHT="30" WC="0.96" CONTENT="bästa"/><SP WIDTH="28" VPOS="693" HPOS="1364"/>
							<String ID="string_106" HPOS="1392" VPOS="694" WIDTH="101" HEIGHT="30" WC="0.96" CONTENT="träda"/><SP WIDTH="24" VPOS="694" HPOS="1493"/>
							<String ID="string_107" HPOS="1517" VPOS="694" WIDTH="11" HEIGHT="29" WC="0.96" CONTENT="i"/><SP WIDTH="26" VPOS="694" HPOS="1528"/>
							<String ID="string_108" HPOS="1554" VPOS="694" WIDTH="230" HEIGHT="39" WC="0.96" CONTENT="förgrunden."/>
						</TextLine>
						<TextLine ID="line_11" HPOS="265" VPOS="743" WIDTH="1519" HEIGHT="41">
							<String ID="string_109" HPOS="265" VPOS="743" WIDTH="67" HEIGHT="30" WC="0.96" CONTENT="Om"/><SP WIDTH="20" VPOS="743" HPOS="332"/>
							<String ID="string_110" HPOS="352" VPOS="744" WIDTH="96" HEIGHT="30" WC="0.92" CONTENT="detta"/><SP WIDTH="19" VPOS="744" HPOS="448"/>
							<String ID="string_111" HPOS="467" VPOS="744" WIDTH="284" HEIGHT="29" WC="0.90" CONTENT="betraktelsesätt"/><SP WIDTH="22" VPOS="744" HPOS="751"/>
							<String ID="string_112" HPOS="773" VPOS="745" WIDTH="82" HEIGHT="38" WC="0.96" CONTENT="äger"/><SP WIDTH="22" VPOS="745" HPOS="855"/>
							<String ID="string_113" HPOS="877" VPOS="744" WIDTH="59" HEIGHT="39" WC="0.96" CONTENT="fog"/><SP WIDTH="22" VPOS="744" HPOS="936"/>
							<String ID="string_114" HPOS="958" VPOS="744" WIDTH="55" HEIGHT="29" WC="0.96" CONTENT="för"/><SP WIDTH="21" VPOS="744" HPOS="1013"/>
							<String ID="string_115" HPOS="1034" VPOS="744" WIDTH="62" HEIGHT="39" WC="0.96" CONTENT="sig,"/><SP WIDTH="21" VPOS="744" HPOS="1096"/>
							<String ID="string_116" HPOS="1117" VPOS="745" WIDTH="71" HEIGHT="29" WC="0.96" CONTENT="kan"/><SP WIDTH="22" VPOS="745" HPOS="1188"/>
							<String ID="string_117" HPOS="1210" VPOS="744" WIDTH="106" HEIGHT="39" WC="0.96" CONTENT="något"/><SP WIDTH="23" VPOS="744" HPOS="1316"/>
							<String ID="string_118" HPOS="1339" VPOS="744" WIDTH="167" HEIGHT="30" WC="0.96" CONTENT="liknande"/><SP WIDTH="22" VPOS="744" HPOS="1506"/>
							<String ID="string_119" HPOS="1528" VPOS="745" WIDTH="90" HEIGHT="29" WC="0.96" CONTENT="dock"/><SP WIDTH="21" VPOS="745" HPOS="1618"/>
							<String ID="string_120" HPOS="1639" VPOS="744" WIDTH="30" HEIGHT="40" WC="0.96" CONTENT="ej"/><SP WIDTH="25" VPOS="744" HPOS="1669"/>
							<String ID="string_121" HPOS="1694" VPOS="744" WIDTH="90" HEIGHT="39" WC="0.96" CONTENT="gälla"/>
						</TextLine>
						<TextLine ID="line_12" HPOS="268" VPOS="794" WIDTH="1519" HEIGHT="41">
							<String ID="string_122" HPOS="268" VPOS="794" WIDTH="162" HEIGHT="31" WC="0.96" CONTENT="enskilda"/><SP WIDTH="22" VPOS="794" HPOS="430"/>
							<String ID="string_123" HPOS="452" VPOS="796" WIDTH="105" HEIGHT="38" WC="0.96" CONTENT="vägar"/><SP WIDTH="21" VPOS="796" HPOS="557"/>
							<String ID="string_124" HPOS="578" VPOS="794" WIDTH="46" HEIGHT="40" WC="0.96" CONTENT="på"/><SP WIDTH="22" VPOS="794" HPOS="624"/>
							<String ID="string_125" HPOS="646" VPOS="804" WIDTH="84" HEIGHT="21" WC="0.96" CONTENT="rena"/><SP WIDTH="22" VPOS="804" HPOS="730"/>
							<String ID="string_126" HPOS="752" VPOS="794" WIDTH="252" HEIGHT="40" WC="0.95" CONTENT="landsbygden."/><SP WIDTH="24" VPOS="794" HPOS="1004"/>
							<String ID="string_127" HPOS="1028" VPOS="794" WIDTH="220" HEIGHT="30" WC="0.95" CONTENT="Åtminstone"/><SP WIDTH="22" VPOS="794" HPOS="1248"/>
							<String ID="string_128" HPOS="1270" VPOS="795" WIDTH="89" HEIGHT="30" WC="0.96" CONTENT="vilar"/><SP WIDTH="22" VPOS="795" HPOS="1359"/>
							<String ID="string_129" HPOS="1381" VPOS="795" WIDTH="160" HEIGHT="40" WC="0.96" CONTENT="gällande"/><SP WIDTH="24" VPOS="795" HPOS="1541"/>
							<String ID="string_130" HPOS="1565" VPOS="795" WIDTH="222" HEIGHT="39" WC="0.95" CONTENT="lagstiftning"/>
						</TextLine>
						<TextLine ID="line_13" HPOS="267" VPOS="844" WIDTH="1519" HEIGHT="41">
							<String ID="string_131" HPOS="267" VPOS="844" WIDTH="47" HEIGHT="39" WC="0.96" CONTENT="på"/><SP WIDTH="20" VPOS="844" HPOS="314"/>
							<String ID="string_132" HPOS="334" VPOS="844" WIDTH="284" HEIGHT="40" WC="0.96" CONTENT="uppfattningen,"/><SP WIDTH="23" VPOS="844" HPOS="618"/>
							<String ID="string_133" HPOS="641" VPOS="847" WIDTH="50" HEIGHT="28" WC="0.96" CONTENT="att"/><SP WIDTH="21" VPOS="847" HPOS="691"/>
							<String ID="string_134" HPOS="712" VPOS="845" WIDTH="101" HEIGHT="30" WC="0.96" CONTENT="dessa"/><SP WIDTH="20" VPOS="845" HPOS="813"/>
							<String ID="string_135" HPOS="833" VPOS="846" WIDTH="107" HEIGHT="38" WC="0.96" CONTENT="vägar"/><SP WIDTH="20" VPOS="846" HPOS="940"/>
							<String ID="string_136" HPOS="960" VPOS="845" WIDTH="77" HEIGHT="30" WC="0.96" CONTENT="icke"/><SP WIDTH="22" VPOS="845" HPOS="1037"/>
							<String ID="string_137" HPOS="1059" VPOS="846" WIDTH="60" HEIGHT="29" WC="0.96" CONTENT="äro"/><SP WIDTH="22" VPOS="846" HPOS="1119"/>
							<String ID="string_138" HPOS="1141" VPOS="845" WIDTH="108" HEIGHT="40" WC="0.95" CONTENT="några"/><SP WIDTH="21" VPOS="845" HPOS="1249"/>
							<String ID="string_139" HPOS="1270" VPOS="846" WIDTH="181" HEIGHT="30" WC="0.96" CONTENT="allmänna"/><SP WIDTH="21" VPOS="846" HPOS="1451"/>
							<String ID="string_140" HPOS="1472" VPOS="846" WIDTH="207" HEIGHT="30" WC="0.96" CONTENT="trafikleder"/><SP WIDTH="21" VPOS="846" HPOS="1679"/>
							<String ID="string_141" HPOS="1700" VPOS="848" WIDTH="86" HEIGHT="28" WC="0.96" CONTENT="utan"/>
						</TextLine>
						<TextLine ID="line_14" HPOS="268" VPOS="896" WIDTH="324" HEIGHT="39">
							<String ID="string_142" HPOS="268" VPOS="904" WIDTH="43" HEIGHT="20" WC="0.96" CONTENT="av"/><SP WIDTH="24" VPOS="904" HPOS="311"/>
							<String ID="string_143" HPOS="335" VPOS="896" WIDTH="116" HEIGHT="39" WC="0.96" CONTENT="privat"/><SP WIDTH="25" VPOS="896" HPOS="451"/>
							<String ID="string_144" HPOS="476" VPOS="896" WIDTH="116" HEIGHT="29" WC="0.95" CONTENT="natur."/>
						</TextLine>
					</TextBlock>
					<TextBlock ID="block_3" HPOS="262" VPOS="944" WIDTH="1523" HEIGHT="898">
						<TextLine ID="line_15" HPOS="310" VPOS="944" WIDTH="1475" HEIGHT="41">
							<String ID="string_145" HPOS="310" VPOS="944" WIDTH="213" HEIGHT="40" WC="0.96" CONTENT="Visserligen"/><SP WIDTH="27" VPOS="944" HPOS="523"/>
							<String ID="string_146" HPOS="550" VPOS="945" WIDTH="72" HEIGHT="29" WC="0.96" CONTENT="kan"/><SP WIDTH="27" VPOS="945" HPOS="622"/>
							<String ID="string_147" HPOS="649" VPOS="946" WIDTH="67" HEIGHT="33" WC="0.96" CONTENT="det,"/><SP WIDTH="28" VPOS="946" HPOS="716"/>
							<String ID="string_148" HPOS="744" VPOS="945" WIDTH="118" HEIGHT="31" WC="0.93" CONTENT="såsom"/><SP WIDTH="29" VPOS="945" HPOS="862"/>
							<String ID="string_149" HPOS="891" VPOS="945" WIDTH="389" HEIGHT="40" WC="0.91" CONTENT="departementschefen"/><SP WIDTH="29" VPOS="945" HPOS="1280"/>
							<String ID="string_150" HPOS="1309" VPOS="946" WIDTH="11" HEIGHT="29" WC="0.96" CONTENT="i"/><SP WIDTH="27" VPOS="946" HPOS="1320"/>
							<String ID="string_151" HPOS="1347" VPOS="946" WIDTH="232" HEIGHT="30" WC="0.93" CONTENT="förevarande"/><SP WIDTH="29" VPOS="946" HPOS="1579"/>
							<String ID="string_152" HPOS="1608" VPOS="955" WIDTH="177" HEIGHT="21" WC="0.92" CONTENT="samman-"/>
						</TextLine>
						<TextLine ID="line_16" HPOS="263" VPOS="994" WIDTH="1522" HEIGHT="42">
							<String ID="string_153" HPOS="263" VPOS="994" WIDTH="96" HEIGHT="40" WC="0.96" CONTENT="hang"/><SP WIDTH="19" VPOS="994" HPOS="359"/>
							<String ID="string_154" HPOS="378" VPOS="995" WIDTH="207" HEIGHT="34" WC="0.96" CONTENT="framhållit,"/><SP WIDTH="21" VPOS="995" HPOS="585"/>
							<String ID="string_155" HPOS="606" VPOS="995" WIDTH="83" HEIGHT="39" WC="0.96" CONTENT="utgå"/><SP WIDTH="19" VPOS="995" HPOS="689"/>
							<String ID="string_156" HPOS="708" VPOS="995" WIDTH="197" HEIGHT="39" WC="0.96" CONTENT="betydande"/><SP WIDTH="21" VPOS="995" HPOS="905"/>
							<String ID="string_157" HPOS="926" VPOS="995" WIDTH="213" HEIGHT="41" WC="0.96" CONTENT="statsbidrag"/><SP WIDTH="20" VPOS="995" HPOS="1139"/>
							<String ID="string_158" HPOS="1159" VPOS="996" WIDTH="53" HEIGHT="29" WC="0.95" CONTENT="till"/><SP WIDTH="19" VPOS="996" HPOS="1212"/>
							<String ID="string_159" HPOS="1231" VPOS="996" WIDTH="183" HEIGHT="39" WC="0.96" CONTENT="byggande"/><SP WIDTH="21" VPOS="996" HPOS="1414"/>
							<String ID="string_160" HPOS="1435" VPOS="1005" WIDTH="43" HEIGHT="22" WC="0.96" CONTENT="av"/><SP WIDTH="19" VPOS="1005" HPOS="1478"/>
							<String ID="string_161" HPOS="1497" VPOS="996" WIDTH="161" HEIGHT="30" WC="0.96" CONTENT="enskilda"/><SP WIDTH="20" VPOS="996" HPOS="1658"/>
							<String ID="string_162" HPOS="1678" VPOS="998" WIDTH="107" HEIGHT="37" WC="0.96" CONTENT="vägar"/>
						</TextLine>
						<TextLine ID="line_17" HPOS="264" VPOS="1045" WIDTH="1520" HEIGHT="41">
							<String ID="string_163" HPOS="264" VPOS="1045" WIDTH="66" HEIGHT="29" WC="0.96" CONTENT="och"/><SP WIDTH="23" VPOS="1045" HPOS="330"/>
							<String ID="string_164" HPOS="353" VPOS="1045" WIDTH="148" HEIGHT="39" WC="0.96" CONTENT="beviljas"/><SP WIDTH="26" VPOS="1045" HPOS="501"/>
							<String ID="string_165" HPOS="527" VPOS="1045" WIDTH="59" HEIGHT="30" WC="0.96" CONTENT="lån"/><SP WIDTH="23" VPOS="1045" HPOS="586"/>
							<String ID="string_166" HPOS="609" VPOS="1054" WIDTH="43" HEIGHT="21" WC="0.92" CONTENT="ur"/><SP WIDTH="23" VPOS="1054" HPOS="652"/>
							<String ID="string_167" HPOS="675" VPOS="1046" WIDTH="398" HEIGHT="38" WC="0.92" CONTENT="skogsväglånefonden."/><SP WIDTH="27" VPOS="1046" HPOS="1073"/>
							<String ID="string_168" HPOS="1100" VPOS="1046" WIDTH="79" HEIGHT="29" WC="0.96" CONTENT="Men"/><SP WIDTH="25" VPOS="1046" HPOS="1179"/>
							<String ID="string_169" HPOS="1204" VPOS="1046" WIDTH="58" HEIGHT="30" WC="0.96" CONTENT="vid"/><SP WIDTH="27" VPOS="1046" HPOS="1262"/>
							<String ID="string_170" HPOS="1289" VPOS="1046" WIDTH="220" HEIGHT="30" WC="0.96" CONTENT="tillkomsten"/><SP WIDTH="24" VPOS="1046" HPOS="1509"/>
							<String ID="string_171" HPOS="1533" VPOS="1056" WIDTH="43" HEIGHT="21" WC="0.96" CONTENT="av"/><SP WIDTH="24" VPOS="1056" HPOS="1576"/>
							<String ID="string_172" HPOS="1600" VPOS="1047" WIDTH="101" HEIGHT="39" WC="0.96" CONTENT="lagen"/><SP WIDTH="26" VPOS="1047" HPOS="1701"/>
							<String ID="string_173" HPOS="1727" VPOS="1056" WIDTH="57" HEIGHT="20" WC="0.96" CONTENT="om"/>
						</TextLine>
						<TextLine ID="line_18" HPOS="264" VPOS="1094" WIDTH="1521" HEIGHT="41">
							<String ID="string_174" HPOS="264" VPOS="1094" WIDTH="163" HEIGHT="31" WC="0.96" CONTENT="enskilda"/><SP WIDTH="24" VPOS="1094" HPOS="427"/>
							<String ID="string_175" HPOS="451" VPOS="1097" WIDTH="106" HEIGHT="37" WC="0.96" CONTENT="vägar"/><SP WIDTH="25" VPOS="1097" HPOS="557"/>
							<String ID="string_176" HPOS="582" VPOS="1096" WIDTH="127" HEIGHT="38" WC="0.96" CONTENT="ansågs"/><SP WIDTH="26" VPOS="1096" HPOS="709"/>
							<String ID="string_177" HPOS="735" VPOS="1096" WIDTH="182" HEIGHT="39" WC="0.96" CONTENT="angeläget"/><SP WIDTH="27" VPOS="1096" HPOS="917"/>
							<String ID="string_178" HPOS="944" VPOS="1097" WIDTH="51" HEIGHT="28" WC="0.96" CONTENT="att"/><SP WIDTH="25" VPOS="1097" HPOS="995"/>
							<String ID="string_179" HPOS="1020" VPOS="1095" WIDTH="77" HEIGHT="30" WC="0.96" CONTENT="icke"/><SP WIDTH="25" VPOS="1095" HPOS="1097"/>
							<String ID="string_180" HPOS="1122" VPOS="1096" WIDTH="70" HEIGHT="30" WC="0.96" CONTENT="låta"/><SP WIDTH="25" VPOS="1096" HPOS="1192"/>
							<String ID="string_181" HPOS="1217" VPOS="1096" WIDTH="121" HEIGHT="39" WC="0.96" CONTENT="dylika"/><SP WIDTH="26" VPOS="1096" HPOS="1338"/>
							<String ID="string_182" HPOS="1364" VPOS="1097" WIDTH="249" HEIGHT="30" WC="0.96" CONTENT="förhållanden"/><SP WIDTH="25" VPOS="1097" HPOS="1613"/>
							<String ID="string_183" HPOS="1638" VPOS="1097" WIDTH="147" HEIGHT="30" WC="0.94" CONTENT="inverka"/>
						</TextLine>
						<TextLine ID="line_19" HPOS="263" VPOS="1145" WIDTH="1522" HEIGHT="41">
							<String ID="string_184" HPOS="263" VPOS="1145" WIDTH="46" HEIGHT="39" WC="0.93" CONTENT="på"/><SP WIDTH="16" VPOS="1145" HPOS="309"/>
							<String ID="string_185" HPOS="325" VPOS="1145" WIDTH="217" HEIGHT="39" WC="0.91" CONTENT="lagreglerna"/><SP WIDTH="17" VPOS="1145" HPOS="542"/>
							<String ID="string_186" HPOS="559" VPOS="1148" WIDTH="87" HEIGHT="27" WC="0.95" CONTENT="utan"/><SP WIDTH="16" VPOS="1148" HPOS="646"/>
							<String ID="string_187" HPOS="662" VPOS="1146" WIDTH="94" HEIGHT="30" WC="0.96" CONTENT="hålla"/><SP WIDTH="17" VPOS="1146" HPOS="756"/>
							<String ID="string_188" HPOS="773" VPOS="1146" WIDTH="127" HEIGHT="39" WC="0.96" CONTENT="frågan"/><SP WIDTH="18" VPOS="1146" HPOS="900"/>
							<String ID="string_189" HPOS="918" VPOS="1155" WIDTH="58" HEIGHT="21" WC="0.96" CONTENT="om"/><SP WIDTH="16" VPOS="1155" HPOS="976"/>
							<String ID="string_190" HPOS="992" VPOS="1147" WIDTH="67" HEIGHT="29" WC="0.95" CONTENT="den"/><SP WIDTH="17" VPOS="1147" HPOS="1059"/>
							<String ID="string_191" HPOS="1076" VPOS="1146" WIDTH="140" HEIGHT="40" WC="0.93" CONTENT="statliga"/><SP WIDTH="17" VPOS="1146" HPOS="1216"/>
							<String ID="string_192" HPOS="1233" VPOS="1147" WIDTH="257" HEIGHT="30" WC="0.90" CONTENT="subventionen"/><SP WIDTH="17" VPOS="1147" HPOS="1490"/>
							<String ID="string_193" HPOS="1507" VPOS="1147" WIDTH="92" HEIGHT="30" WC="0.96" CONTENT="skild"/><SP WIDTH="19" VPOS="1147" HPOS="1599"/>
							<String ID="string_194" HPOS="1618" VPOS="1147" WIDTH="81" HEIGHT="30" WC="0.96" CONTENT="från"/><SP WIDTH="18" VPOS="1147" HPOS="1699"/>
							<String ID="string_195" HPOS="1717" VPOS="1148" WIDTH="68" HEIGHT="29" WC="0.96" CONTENT="den"/>
						</TextLine>
						<TextLine ID="line_20" HPOS="262" VPOS="1195" WIDTH="1523" HEIGHT="41">
							<String ID="string_196" HPOS="262" VPOS="1195" WIDTH="244" HEIGHT="40" WC="0.96" CONTENT="civilrättsliga"/><SP WIDTH="37" VPOS="1195" HPOS="506"/>
							<String ID="string_197" HPOS="543" VPOS="1196" WIDTH="218" HEIGHT="39" WC="0.96" CONTENT="regleringen"/><SP WIDTH="37" VPOS="1196" HPOS="761"/>
							<String ID="string_198" HPOS="798" VPOS="1206" WIDTH="43" HEIGHT="21" WC="0.93" CONTENT="av"/><SP WIDTH="35" VPOS="1206" HPOS="841"/>
							<String ID="string_199" HPOS="876" VPOS="1197" WIDTH="361" HEIGHT="38" WC="0.91" CONTENT="vägintressenternas"/><SP WIDTH="36" VPOS="1197" HPOS="1237"/>
							<String ID="string_200" HPOS="1273" VPOS="1196" WIDTH="166" HEIGHT="31" WC="0.95" CONTENT="inbördes"/><SP WIDTH="38" VPOS="1196" HPOS="1439"/>
							<String ID="string_201" HPOS="1477" VPOS="1197" WIDTH="207" HEIGHT="39" WC="0.95" CONTENT="rättigheter"/><SP WIDTH="35" VPOS="1197" HPOS="1684"/>
							<String ID="string_202" HPOS="1719" VPOS="1197" WIDTH="66" HEIGHT="30" WC="0.96" CONTENT="och"/>
						</TextLine>
						<TextLine ID="line_21" HPOS="263" VPOS="1246" WIDTH="1522" HEIGHT="41">
							<String ID="string_203" HPOS="263" VPOS="1246" WIDTH="250" HEIGHT="39" WC="0.96" CONTENT="skyldigheter,"/><SP WIDTH="22" VPOS="1246" HPOS="513"/>
							<String ID="string_204" HPOS="535" VPOS="1247" WIDTH="39" HEIGHT="29" WC="0.96" CONTENT="så"/><SP WIDTH="21" VPOS="1247" HPOS="574"/>
							<String ID="string_205" HPOS="595" VPOS="1248" WIDTH="51" HEIGHT="28" WC="0.93" CONTENT="att"/><SP WIDTH="22" VPOS="1248" HPOS="646"/>
							<String ID="string_206" HPOS="668" VPOS="1247" WIDTH="259" HEIGHT="39" WC="0.91" CONTENT="statsbidragen"/><SP WIDTH="20" VPOS="1247" HPOS="927"/>
							<String ID="string_207" HPOS="947" VPOS="1248" WIDTH="119" HEIGHT="29" WC="0.96" CONTENT="kunde"/><SP WIDTH="23" VPOS="1248" HPOS="1066"/>
							<String ID="string_208" HPOS="1089" VPOS="1249" WIDTH="100" HEIGHT="38" WC="0.93" CONTENT="göras"/><SP WIDTH="23" VPOS="1249" HPOS="1189"/>
							<String ID="string_209" HPOS="1212" VPOS="1248" WIDTH="215" HEIGHT="30" WC="0.91" CONTENT="fakultativa"/><SP WIDTH="22" VPOS="1248" HPOS="1427"/>
							<String ID="string_210" HPOS="1449" VPOS="1248" WIDTH="65" HEIGHT="30" WC="0.96" CONTENT="och"/><SP WIDTH="20" VPOS="1248" HPOS="1514"/>
							<String ID="string_211" HPOS="1534" VPOS="1248" WIDTH="173" HEIGHT="30" WC="0.96" CONTENT="villkoren"/><SP WIDTH="21" VPOS="1248" HPOS="1707"/>
							<String ID="string_212" HPOS="1728" VPOS="1249" WIDTH="57" HEIGHT="29" WC="0.96" CONTENT="för"/>
						</TextLine>
						<TextLine ID="line_22" HPOS="263" VPOS="1297" WIDTH="1521" HEIGHT="41">
							<String ID="string_213" HPOS="263" VPOS="1297" WIDTH="104" HEIGHT="30" WC="0.96" CONTENT="dessa"/><SP WIDTH="17" VPOS="1297" HPOS="367"/>
							<String ID="string_214" HPOS="384" VPOS="1297" WIDTH="123" HEIGHT="39" WC="0.96" CONTENT="bidrag"/><SP WIDTH="17" VPOS="1297" HPOS="507"/>
							<String ID="string_215" HPOS="524" VPOS="1299" WIDTH="92" HEIGHT="28" WC="0.96" CONTENT="samt"/><SP WIDTH="18" VPOS="1299" HPOS="616"/>
							<String ID="string_216" HPOS="634" VPOS="1297" WIDTH="117" HEIGHT="40" WC="0.96" CONTENT="övriga"/><SP WIDTH="19" VPOS="1297" HPOS="751"/>
							<String ID="string_217" HPOS="770" VPOS="1298" WIDTH="266" HEIGHT="30" WC="0.96" CONTENT="bestämmelser"/><SP WIDTH="18" VPOS="1298" HPOS="1036"/>
							<String ID="string_218" HPOS="1054" VPOS="1307" WIDTH="58" HEIGHT="21" WC="0.96" CONTENT="om"/><SP WIDTH="17" VPOS="1307" HPOS="1112"/>
							<String ID="string_219" HPOS="1129" VPOS="1299" WIDTH="78" HEIGHT="29" WC="0.96" CONTENT="dem"/><SP WIDTH="18" VPOS="1299" HPOS="1207"/>
							<String ID="string_220" HPOS="1225" VPOS="1299" WIDTH="180" HEIGHT="29" WC="0.96" CONTENT="meddelas"/><SP WIDTH="19" VPOS="1299" HPOS="1405"/>
							<String ID="string_221" HPOS="1424" VPOS="1298" WIDTH="10" HEIGHT="29" WC="0.96" CONTENT="i"/><SP WIDTH="20" VPOS="1298" HPOS="1434"/>
							<String ID="string_222" HPOS="1454" VPOS="1299" WIDTH="152" HEIGHT="30" WC="0.96" CONTENT="särskild"/><SP WIDTH="18" VPOS="1299" HPOS="1606"/>
							<String ID="string_223" HPOS="1624" VPOS="1299" WIDTH="160" HEIGHT="39" WC="0.96" CONTENT="ordning."/>
						</TextLine>
						<TextLine ID="line_23" HPOS="264" VPOS="1347" WIDTH="1520" HEIGHT="42">
							<String ID="string_224" HPOS="264" VPOS="1347" WIDTH="68" HEIGHT="30" WC="0.96" CONTENT="Om"/><SP WIDTH="27" VPOS="1347" HPOS="332"/>
							<String ID="string_225" HPOS="359" VPOS="1347" WIDTH="251" HEIGHT="40" WC="0.96" CONTENT="lämpligheten"/><SP WIDTH="26" VPOS="1347" HPOS="610"/>
							<String ID="string_226" HPOS="636" VPOS="1348" WIDTH="110" HEIGHT="30" WC="0.96" CONTENT="härav"/><SP WIDTH="28" VPOS="1348" HPOS="746"/>
							<String ID="string_227" HPOS="774" VPOS="1348" WIDTH="108" HEIGHT="30" WC="0.96" CONTENT="rådde"/><SP WIDTH="27" VPOS="1348" HPOS="882"/>
							<String ID="string_228" HPOS="909" VPOS="1349" WIDTH="45" HEIGHT="29" WC="0.96" CONTENT="då"/><SP WIDTH="25" VPOS="1349" HPOS="954"/>
							<String ID="string_229" HPOS="979" VPOS="1348" WIDTH="11" HEIGHT="29" WC="0.96" CONTENT="i"/><SP WIDTH="29" VPOS="1348" HPOS="990"/>
							<String ID="string_230" HPOS="1019" VPOS="1349" WIDTH="68" HEIGHT="29" WC="0.96" CONTENT="den"/><SP WIDTH="28" VPOS="1349" HPOS="1087"/>
							<String ID="string_231" HPOS="1115" VPOS="1349" WIDTH="186" HEIGHT="39" WC="0.96" CONTENT="offentliga"/><SP WIDTH="28" VPOS="1349" HPOS="1301"/>
							<String ID="string_232" HPOS="1329" VPOS="1349" WIDTH="250" HEIGHT="30" WC="0.96" CONTENT="diskussionen"/><SP WIDTH="27" VPOS="1349" HPOS="1579"/>
							<String ID="string_233" HPOS="1606" VPOS="1350" WIDTH="178" HEIGHT="39" WC="0.96" CONTENT="knappast"/>
						</TextLine>
						<TextLine ID="line_24" HPOS="263" VPOS="1398" WIDTH="1521" HEIGHT="41">
							<String ID="string_234" HPOS="263" VPOS="1406" WIDTH="76" HEIGHT="21" WC="0.96" CONTENT="mer"/><SP WIDTH="26" VPOS="1406" HPOS="339"/>
							<String ID="string_235" HPOS="365" VPOS="1398" WIDTH="45" HEIGHT="29" WC="0.95" CONTENT="än"/><SP WIDTH="26" VPOS="1398" HPOS="410"/>
							<String ID="string_236" HPOS="436" VPOS="1407" WIDTH="43" HEIGHT="20" WC="0.96" CONTENT="en"/><SP WIDTH="24" VPOS="1407" HPOS="479"/>
							<String ID="string_237" HPOS="503" VPOS="1398" WIDTH="153" HEIGHT="39" WC="0.95" CONTENT="mening."/><SP WIDTH="27" VPOS="1398" HPOS="656"/>
							<String ID="string_238" HPOS="683" VPOS="1398" WIDTH="13" HEIGHT="29" WC="0.96" CONTENT="I"/><SP WIDTH="24" VPOS="1398" HPOS="696"/>
							<String ID="string_239" HPOS="720" VPOS="1399" WIDTH="169" HEIGHT="38" WC="0.93" CONTENT="förslaget"/><SP WIDTH="25" VPOS="1399" HPOS="889"/>
							<String ID="string_240" HPOS="914" VPOS="1398" WIDTH="191" HEIGHT="30" WC="0.92" CONTENT="bibehålles"/><SP WIDTH="24" VPOS="1398" HPOS="1105"/>
							<String ID="string_241" HPOS="1129" VPOS="1399" WIDTH="40" HEIGHT="39" WC="0.96" CONTENT="ju"/><SP WIDTH="26" VPOS="1399" HPOS="1169"/>
							<String ID="string_242" HPOS="1195" VPOS="1400" WIDTH="65" HEIGHT="29" WC="0.96" CONTENT="ock"/><SP WIDTH="26" VPOS="1400" HPOS="1260"/>
							<String ID="string_243" HPOS="1286" VPOS="1400" WIDTH="117" HEIGHT="29" WC="0.96" CONTENT="denna"/><SP WIDTH="26" VPOS="1400" HPOS="1403"/>
							<String ID="string_244" HPOS="1429" VPOS="1400" WIDTH="221" HEIGHT="39" WC="0.93" CONTENT="ståndpunkt"/><SP WIDTH="25" VPOS="1400" HPOS="1650"/>
							<String ID="string_245" HPOS="1675" VPOS="1400" WIDTH="109" HEIGHT="30" WC="0.92" CONTENT="såtill-"/>
						</TextLine>
						<TextLine ID="line_25" HPOS="263" VPOS="1447" WIDTH="1521" HEIGHT="42">
							<String ID="string_246" HPOS="263" VPOS="1447" WIDTH="81" HEIGHT="30" WC="0.96" CONTENT="vida"/><SP WIDTH="21" VPOS="1447" HPOS="344"/>
							<String ID="string_247" HPOS="365" VPOS="1449" WIDTH="51" HEIGHT="28" WC="0.96" CONTENT="att"/><SP WIDTH="21" VPOS="1449" HPOS="416"/>
							<String ID="string_248" HPOS="437" VPOS="1448" WIDTH="115" HEIGHT="39" WC="0.96" CONTENT="någon"/><SP WIDTH="23" VPOS="1448" HPOS="552"/>
							<String ID="string_249" HPOS="575" VPOS="1449" WIDTH="70" HEIGHT="29" WC="0.96" CONTENT="rätt"/><SP WIDTH="21" VPOS="1449" HPOS="645"/>
							<String ID="string_250" HPOS="666" VPOS="1448" WIDTH="53" HEIGHT="29" WC="0.96" CONTENT="till"/><SP WIDTH="21" VPOS="1448" HPOS="719"/>
							<String ID="string_251" HPOS="740" VPOS="1448" WIDTH="215" HEIGHT="40" WC="0.96" CONTENT="statsbidrag"/><SP WIDTH="22" VPOS="1448" HPOS="955"/>
							<String ID="string_252" HPOS="977" VPOS="1448" WIDTH="77" HEIGHT="31" WC="0.96" CONTENT="icke"/><SP WIDTH="22" VPOS="1448" HPOS="1054"/>
							<String ID="string_253" HPOS="1076" VPOS="1450" WIDTH="112" HEIGHT="29" WC="0.96" CONTENT="skulle"/><SP WIDTH="23" VPOS="1450" HPOS="1188"/>
							<String ID="string_254" HPOS="1211" VPOS="1450" WIDTH="153" HEIGHT="38" WC="0.96" CONTENT="stadgas."/><SP WIDTH="25" VPOS="1450" HPOS="1364"/>
							<String ID="string_255" HPOS="1389" VPOS="1450" WIDTH="52" HEIGHT="30" WC="0.96" CONTENT="Då"/><SP WIDTH="23" VPOS="1450" HPOS="1441"/>
							<String ID="string_256" HPOS="1464" VPOS="1459" WIDTH="103" HEIGHT="30" WC="0.96" CONTENT="synes"/><SP WIDTH="23" VPOS="1459" HPOS="1567"/>
							<String ID="string_257" HPOS="1590" VPOS="1450" WIDTH="194" HEIGHT="30" WC="0.96" CONTENT="emellertid"/>
						</TextLine>
						<TextLine ID="line_26" HPOS="262" VPOS="1498" WIDTH="1522" HEIGHT="42">
							<String ID="string_258" HPOS="262" VPOS="1498" WIDTH="31" HEIGHT="39" WC="0.96" CONTENT="ej"/><SP WIDTH="23" VPOS="1498" HPOS="293"/>
							<String ID="string_259" HPOS="316" VPOS="1498" WIDTH="111" HEIGHT="30" WC="0.96" CONTENT="heller"/><SP WIDTH="22" VPOS="1498" HPOS="427"/>
							<String ID="string_260" HPOS="449" VPOS="1499" WIDTH="67" HEIGHT="29" WC="0.95" CONTENT="den"/><SP WIDTH="19" VPOS="1499" HPOS="516"/>
							<String ID="string_261" HPOS="535" VPOS="1498" WIDTH="161" HEIGHT="40" WC="0.96" CONTENT="rättsliga"/><SP WIDTH="20" VPOS="1498" HPOS="696"/>
							<String ID="string_262" HPOS="716" VPOS="1499" WIDTH="219" HEIGHT="39" WC="0.96" CONTENT="regleringen"/><SP WIDTH="20" VPOS="1499" HPOS="935"/>
							<String ID="string_263" HPOS="955" VPOS="1509" WIDTH="43" HEIGHT="22" WC="0.93" CONTENT="av"/><SP WIDTH="19" VPOS="1509" HPOS="998"/>
							<String ID="string_264" HPOS="1017" VPOS="1500" WIDTH="402" HEIGHT="39" WC="0.92" CONTENT="väghållningsbördans"/><SP WIDTH="21" VPOS="1500" HPOS="1419"/>
							<String ID="string_265" HPOS="1440" VPOS="1500" WIDTH="202" HEIGHT="40" WC="0.96" CONTENT="fördelning"/><SP WIDTH="19" VPOS="1500" HPOS="1642"/>
							<String ID="string_266" HPOS="1661" VPOS="1502" WIDTH="123" HEIGHT="29" WC="0.96" CONTENT="kunna"/>
						</TextLine>
						<TextLine ID="line_27" HPOS="263" VPOS="1549" WIDTH="1522" HEIGHT="41">
							<String ID="string_267" HPOS="263" VPOS="1549" WIDTH="157" HEIGHT="38" WC="0.95" CONTENT="grundas"/><SP WIDTH="20" VPOS="1549" HPOS="420"/>
							<String ID="string_268" HPOS="440" VPOS="1549" WIDTH="45" HEIGHT="39" WC="0.96" CONTENT="på"/><SP WIDTH="19" VPOS="1549" HPOS="485"/>
							<String ID="string_269" HPOS="504" VPOS="1550" WIDTH="225" HEIGHT="38" WC="0.96" CONTENT="antaganden"/><SP WIDTH="20" VPOS="1550" HPOS="729"/>
							<String ID="string_270" HPOS="749" VPOS="1558" WIDTH="57" HEIGHT="21" WC="0.96" CONTENT="om"/><SP WIDTH="21" VPOS="1558" HPOS="806"/>
							<String ID="string_271" HPOS="827" VPOS="1550" WIDTH="121" HEIGHT="39" WC="0.96" CONTENT="dylika"/><SP WIDTH="20" VPOS="1550" HPOS="948"/>
							<String ID="string_272" HPOS="968" VPOS="1550" WIDTH="133" HEIGHT="39" WC="0.96" CONTENT="bidrag."/><SP WIDTH="24" VPOS="1550" HPOS="1101"/>
							<String ID="string_273" HPOS="1125" VPOS="1550" WIDTH="91" HEIGHT="30" WC="0.96" CONTENT="Utan"/><SP WIDTH="22" VPOS="1550" HPOS="1216"/>
							<String ID="string_274" HPOS="1238" VPOS="1550" WIDTH="139" HEIGHT="39" WC="0.96" CONTENT="garanti"/><SP WIDTH="21" VPOS="1550" HPOS="1377"/>
							<String ID="string_275" HPOS="1398" VPOS="1551" WIDTH="55" HEIGHT="29" WC="0.96" CONTENT="för"/><SP WIDTH="22" VPOS="1551" HPOS="1453"/>
							<String ID="string_276" HPOS="1475" VPOS="1552" WIDTH="52" HEIGHT="29" WC="0.96" CONTENT="att"/><SP WIDTH="22" VPOS="1552" HPOS="1527"/>
							<String ID="string_277" HPOS="1549" VPOS="1551" WIDTH="116" HEIGHT="39" WC="0.93" CONTENT="någon"/><SP WIDTH="21" VPOS="1551" HPOS="1665"/>
							<String ID="string_278" HPOS="1686" VPOS="1551" WIDTH="99" HEIGHT="30" WC="0.92" CONTENT="kom-"/>
						</TextLine>
						<TextLine ID="line_28" HPOS="263" VPOS="1598" WIDTH="1521" HEIGHT="43">
							<String ID="string_279" HPOS="263" VPOS="1598" WIDTH="187" HEIGHT="40" WC="0.91" CONTENT="pensation"/><SP WIDTH="22" VPOS="1598" HPOS="450"/>
							<String ID="string_280" HPOS="472" VPOS="1599" WIDTH="137" HEIGHT="30" WC="0.95" CONTENT="lämnas"/><SP WIDTH="26" VPOS="1599" HPOS="609"/>
							<String ID="string_281" HPOS="635" VPOS="1600" WIDTH="98" HEIGHT="29" WC="0.96" CONTENT="torde"/><SP WIDTH="22" VPOS="1600" HPOS="733"/>
							<String ID="string_282" HPOS="755" VPOS="1599" WIDTH="77" HEIGHT="30" WC="0.96" CONTENT="icke"/><SP WIDTH="23" VPOS="1599" HPOS="832"/>
							<String ID="string_283" HPOS="855" VPOS="1600" WIDTH="197" HEIGHT="39" WC="0.96" CONTENT="rimligtvis,"/><SP WIDTH="25" VPOS="1600" HPOS="1052"/>
							<String ID="string_284" HPOS="1077" VPOS="1600" WIDTH="11" HEIGHT="29" WC="0.96" CONTENT="i"/><SP WIDTH="22" VPOS="1600" HPOS="1088"/>
							<String ID="string_285" HPOS="1110" VPOS="1600" WIDTH="119" HEIGHT="31" WC="0.96" CONTENT="vidare"/><SP WIDTH="22" VPOS="1600" HPOS="1229"/>
							<String ID="string_286" HPOS="1251" VPOS="1601" WIDTH="85" HEIGHT="29" WC="0.96" CONTENT="mån"/><SP WIDTH="23" VPOS="1601" HPOS="1336"/>
							<String ID="string_287" HPOS="1359" VPOS="1602" WIDTH="46" HEIGHT="28" WC="0.95" CONTENT="än"/><SP WIDTH="23" VPOS="1602" HPOS="1405"/>
							<String ID="string_288" HPOS="1428" VPOS="1601" WIDTH="161" HEIGHT="39" WC="0.95" CONTENT="gällande"/><SP WIDTH="23" VPOS="1601" HPOS="1589"/>
							<String ID="string_289" HPOS="1612" VPOS="1601" WIDTH="56" HEIGHT="40" WC="0.93" CONTENT="lag"/><SP WIDTH="21" VPOS="1601" HPOS="1668"/>
							<String ID="string_290" HPOS="1689" VPOS="1602" WIDTH="95" HEIGHT="29" WC="0.92" CONTENT="med-"/>
						</TextLine>
						<TextLine ID="line_29" HPOS="266" VPOS="1650" WIDTH="1519" HEIGHT="42">
							<String ID="string_291" HPOS="266" VPOS="1657" WIDTH="68" HEIGHT="31" WC="0.93" CONTENT="ger,"/><SP WIDTH="31" VPOS="1657" HPOS="334"/>
							<String ID="string_292" HPOS="365" VPOS="1650" WIDTH="313" HEIGHT="36" WC="0.91" CONTENT="värdeskillnader,"/><SP WIDTH="32" VPOS="1650" HPOS="678"/>
							<String ID="string_293" HPOS="710" VPOS="1660" WIDTH="77" HEIGHT="20" WC="0.96" CONTENT="som"/><SP WIDTH="28" VPOS="1660" HPOS="787"/>
							<String ID="string_294" HPOS="815" VPOS="1651" WIDTH="83" HEIGHT="31" WC="0.96" CONTENT="bero"/><SP WIDTH="29" VPOS="1651" HPOS="898"/>
							<String ID="string_295" HPOS="927" VPOS="1651" WIDTH="46" HEIGHT="40" WC="0.93" CONTENT="på"/><SP WIDTH="29" VPOS="1651" HPOS="973"/>
							<String ID="string_296" HPOS="1002" VPOS="1651" WIDTH="273" HEIGHT="40" WC="0.92" CONTENT="fastigheternas"/><SP WIDTH="30" VPOS="1651" HPOS="1275"/>
							<String ID="string_297" HPOS="1305" VPOS="1653" WIDTH="116" HEIGHT="29" WC="0.96" CONTENT="bättre"/><SP WIDTH="30" VPOS="1653" HPOS="1421"/>
							<String ID="string_298" HPOS="1451" VPOS="1653" WIDTH="83" HEIGHT="29" WC="0.96" CONTENT="eller"/><SP WIDTH="31" VPOS="1653" HPOS="1534"/>
							<String ID="string_299" HPOS="1565" VPOS="1654" WIDTH="116" HEIGHT="29" WC="0.96" CONTENT="sämre"/><SP WIDTH="29" VPOS="1654" HPOS="1681"/>
							<String ID="string_300" HPOS="1710" VPOS="1653" WIDTH="75" HEIGHT="39" WC="0.96" CONTENT="läge"/>
						</TextLine>
						<TextLine ID="line_30" HPOS="263" VPOS="1699" WIDTH="1521" HEIGHT="42">
							<String ID="string_301" HPOS="263" VPOS="1699" WIDTH="85" HEIGHT="29" WC="0.96" CONTENT="eller"/><SP WIDTH="22" VPOS="1699" HPOS="348"/>
							<String ID="string_302" HPOS="370" VPOS="1700" WIDTH="113" HEIGHT="29" WC="0.95" CONTENT="bättre"/><SP WIDTH="23" VPOS="1700" HPOS="483"/>
							<String ID="string_303" HPOS="506" VPOS="1700" WIDTH="84" HEIGHT="30" WC="0.96" CONTENT="eller"/><SP WIDTH="24" VPOS="1700" HPOS="590"/>
							<String ID="string_304" HPOS="614" VPOS="1701" WIDTH="114" HEIGHT="29" WC="0.93" CONTENT="sämre"/><SP WIDTH="23" VPOS="1701" HPOS="728"/>
							<String ID="string_305" HPOS="751" VPOS="1700" WIDTH="306" HEIGHT="40" WC="0.91" CONTENT="skogstillgångar,"/><SP WIDTH="25" VPOS="1700" HPOS="1057"/>
							<String ID="string_306" HPOS="1082" VPOS="1702" WIDTH="123" HEIGHT="29" WC="0.93" CONTENT="kunna"/><SP WIDTH="25" VPOS="1702" HPOS="1205"/>
							<String ID="string_307" HPOS="1230" VPOS="1702" WIDTH="183" HEIGHT="39" WC="0.92" CONTENT="utjämnas"/><SP WIDTH="27" VPOS="1702" HPOS="1413"/>
							<String ID="string_308" HPOS="1440" VPOS="1710" WIDTH="124" HEIGHT="31" WC="0.96" CONTENT="genom"/><SP WIDTH="24" VPOS="1710" HPOS="1564"/>
							<String ID="string_309" HPOS="1588" VPOS="1704" WIDTH="51" HEIGHT="28" WC="0.95" CONTENT="att"/><SP WIDTH="24" VPOS="1704" HPOS="1639"/>
							<String ID="string_310" HPOS="1663" VPOS="1712" WIDTH="42" HEIGHT="20" WC="0.96" CONTENT="en"/><SP WIDTH="23" VPOS="1712" HPOS="1705"/>
							<String ID="string_311" HPOS="1728" VPOS="1703" WIDTH="56" HEIGHT="30" WC="0.95" CONTENT="del"/>
						</TextLine>
						<TextLine ID="line_31" HPOS="262" VPOS="1750" WIDTH="1521" HEIGHT="42">
							<String ID="string_312" HPOS="262" VPOS="1759" WIDTH="44" HEIGHT="22" WC="0.96" CONTENT="av"/><SP WIDTH="23" VPOS="1759" HPOS="306"/>
							<String ID="string_313" HPOS="329" VPOS="1750" WIDTH="43" HEIGHT="29" WC="0.96" CONTENT="de"/><SP WIDTH="25" VPOS="1750" HPOS="372"/>
							<String ID="string_314" HPOS="397" VPOS="1751" WIDTH="115" HEIGHT="29" WC="0.96" CONTENT="sämre"/><SP WIDTH="26" VPOS="1751" HPOS="512"/>
							<String ID="string_315" HPOS="538" VPOS="1750" WIDTH="150" HEIGHT="30" WC="0.96" CONTENT="lottades"/><SP WIDTH="26" VPOS="1750" HPOS="688"/>
							<String ID="string_316" HPOS="714" VPOS="1751" WIDTH="252" HEIGHT="30" WC="0.96" CONTENT="omkostnader"/><SP WIDTH="24" VPOS="1751" HPOS="966"/>
							<String ID="string_317" HPOS="990" VPOS="1752" WIDTH="55" HEIGHT="29" WC="0.96" CONTENT="för"/><SP WIDTH="28" VPOS="1752" HPOS="1045"/>
							<String ID="string_318" HPOS="1073" VPOS="1751" WIDTH="198" HEIGHT="40" WC="0.96" CONTENT="skogsbruk"/><SP WIDTH="26" VPOS="1751" HPOS="1271"/>
							<String ID="string_319" HPOS="1297" VPOS="1759" WIDTH="127" HEIGHT="32" WC="0.93" CONTENT="genom"/><SP WIDTH="24" VPOS="1759" HPOS="1424"/>
							<String ID="string_320" HPOS="1448" VPOS="1752" WIDTH="335" HEIGHT="40" WC="0.89" CONTENT="väglagstiftningen"/>
						</TextLine>
						<TextLine ID="line_32" HPOS="262" VPOS="1800" WIDTH="1432" HEIGHT="42">
							<String ID="string_321" HPOS="262" VPOS="1800" WIDTH="181" HEIGHT="39" WC="0.92" CONTENT="tvångsvis"/><SP WIDTH="23" VPOS="1800" HPOS="443"/>
							<String ID="string_322" HPOS="466" VPOS="1801" WIDTH="178" HEIGHT="30" WC="0.91" CONTENT="överföres"/><SP WIDTH="26" VPOS="1801" HPOS="644"/>
							<String ID="string_323" HPOS="670" VPOS="1801" WIDTH="20" HEIGHT="30" WC="0.92" CONTENT="å"/><SP WIDTH="24" VPOS="1801" HPOS="690"/>
							<String ID="string_324" HPOS="714" VPOS="1802" WIDTH="42" HEIGHT="29" WC="0.96" CONTENT="de"/><SP WIDTH="23" VPOS="1802" HPOS="756"/>
							<String ID="string_325" HPOS="779" VPOS="1801" WIDTH="115" HEIGHT="30" WC="0.96" CONTENT="bättre"/><SP WIDTH="23" VPOS="1801" HPOS="894"/>
							<String ID="string_326" HPOS="917" VPOS="1802" WIDTH="147" HEIGHT="39" WC="0.96" CONTENT="belägna"/><SP WIDTH="26" VPOS="1802" HPOS="1064"/>
							<String ID="string_327" HPOS="1090" VPOS="1802" WIDTH="82" HEIGHT="30" WC="0.93" CONTENT="eller"/><SP WIDTH="23" VPOS="1802" HPOS="1172"/>
							<String ID="string_328" HPOS="1195" VPOS="1802" WIDTH="210" HEIGHT="30" WC="0.91" CONTENT="beskaffade"/><SP WIDTH="24" VPOS="1802" HPOS="1405"/>
							<String ID="string_329" HPOS="1429" VPOS="1802" WIDTH="265" HEIGHT="40" WC="0.96" CONTENT="fastigheterna."/>
						</TextLine>
					</TextBlock>
					<TextBlock ID="block_4" HPOS="261" VPOS="1850" WIDTH="1524" HEIGHT="648">
						<TextLine ID="line_33" HPOS="308" VPOS="1850" WIDTH="1476" HEIGHT="43">
							<String ID="string_330" HPOS="308" VPOS="1850" WIDTH="96" HEIGHT="30" WC="0.89" CONTENT="Även"/><SP WIDTH="25" VPOS="1850" HPOS="404"/>
							<String ID="string_331" HPOS="429" VPOS="1859" WIDTH="56" HEIGHT="21" WC="0.96" CONTENT="om"/><SP WIDTH="24" VPOS="1859" HPOS="485"/>
							<String ID="string_332" HPOS="509" VPOS="1860" WIDTH="85" HEIGHT="21" WC="0.96" CONTENT="man"/><SP WIDTH="24" VPOS="1860" HPOS="594"/>
							<String ID="string_333" HPOS="618" VPOS="1851" WIDTH="45" HEIGHT="40" WC="0.95" CONTENT="på"/><SP WIDTH="25" VPOS="1851" HPOS="663"/>
							<String ID="string_334" HPOS="688" VPOS="1853" WIDTH="48" HEIGHT="28" WC="0.96" CONTENT="ett"/><SP WIDTH="24" VPOS="1853" HPOS="736"/>
							<String ID="string_335" HPOS="760" VPOS="1852" WIDTH="84" HEIGHT="29" WC="0.96" CONTENT="eller"/><SP WIDTH="25" VPOS="1852" HPOS="844"/>
							<String ID="string_336" HPOS="869" VPOS="1853" WIDTH="109" HEIGHT="29" WC="0.96" CONTENT="annat"/><SP WIDTH="24" VPOS="1853" HPOS="978"/>
							<String ID="string_337" HPOS="1002" VPOS="1854" WIDTH="70" HEIGHT="28" WC="0.92" CONTENT="sätt"/><SP WIDTH="25" VPOS="1854" HPOS="1072"/>
							<String ID="string_338" HPOS="1097" VPOS="1852" WIDTH="146" HEIGHT="39" WC="0.91" CONTENT="tillsåge,"/><SP WIDTH="28" VPOS="1852" HPOS="1243"/>
							<String ID="string_339" HPOS="1271" VPOS="1854" WIDTH="52" HEIGHT="28" WC="0.96" CONTENT="att"/><SP WIDTH="25" VPOS="1854" HPOS="1323"/>
							<String ID="string_340" HPOS="1348" VPOS="1853" WIDTH="69" HEIGHT="30" WC="0.96" CONTENT="den"/><SP WIDTH="23" VPOS="1853" HPOS="1417"/>
							<String ID="string_341" HPOS="1440" VPOS="1853" WIDTH="201" HEIGHT="40" WC="0.93" CONTENT="föreslagna"/><SP WIDTH="26" VPOS="1853" HPOS="1641"/>
							<String ID="string_342" HPOS="1667" VPOS="1854" WIDTH="117" HEIGHT="39" WC="0.91" CONTENT="jämk-"/>
						</TextLine>
						<TextLine ID="line_34" HPOS="262" VPOS="1901" WIDTH="1522" HEIGHT="44">
							<String ID="string_343" HPOS="262" VPOS="1901" WIDTH="132" HEIGHT="39" WC="0.96" CONTENT="ningen"/><SP WIDTH="24" VPOS="1901" HPOS="394"/>
							<String ID="string_344" HPOS="418" VPOS="1911" WIDTH="43" HEIGHT="21" WC="0.96" CONTENT="av"/><SP WIDTH="22" VPOS="1911" HPOS="461"/>
							<String ID="string_345" HPOS="483" VPOS="1902" WIDTH="42" HEIGHT="29" WC="0.96" CONTENT="de"/><SP WIDTH="26" VPOS="1902" HPOS="525"/>
							<String ID="string_346" HPOS="551" VPOS="1902" WIDTH="180" HEIGHT="29" WC="0.96" CONTENT="allmänna"/><SP WIDTH="24" VPOS="1902" HPOS="731"/>
							<String ID="string_347" HPOS="755" VPOS="1912" WIDTH="191" HEIGHT="20" WC="0.96" CONTENT="normerna"/><SP WIDTH="24" VPOS="1912" HPOS="946"/>
							<String ID="string_348" HPOS="970" VPOS="1903" WIDTH="30" HEIGHT="39" WC="0.96" CONTENT="ej"/><SP WIDTH="27" VPOS="1903" HPOS="1000"/>
							<String ID="string_349" HPOS="1027" VPOS="1903" WIDTH="119" HEIGHT="30" WC="0.96" CONTENT="kunde"/><SP WIDTH="24" VPOS="1903" HPOS="1146"/>
							<String ID="string_350" HPOS="1170" VPOS="1903" WIDTH="151" HEIGHT="36" WC="0.96" CONTENT="inträda,"/><SP WIDTH="25" VPOS="1903" HPOS="1321"/>
							<String ID="string_351" HPOS="1346" VPOS="1904" WIDTH="81" HEIGHT="29" WC="0.96" CONTENT="med"/><SP WIDTH="26" VPOS="1904" HPOS="1427"/>
							<String ID="string_352" HPOS="1453" VPOS="1903" WIDTH="138" HEIGHT="31" WC="0.93" CONTENT="mindre"/><SP WIDTH="24" VPOS="1903" HPOS="1591"/>
							<String ID="string_353" HPOS="1615" VPOS="1905" WIDTH="169" HEIGHT="40" WC="0.92" CONTENT="kompen-"/>
						</TextLine>
						<TextLine ID="line_35" HPOS="263" VPOS="1952" WIDTH="1520" HEIGHT="42">
							<String ID="string_354" HPOS="263" VPOS="1952" WIDTH="117" HEIGHT="29" WC="0.91" CONTENT="sation"/><SP WIDTH="26" VPOS="1952" HPOS="380"/>
							<String ID="string_355" HPOS="406" VPOS="1952" WIDTH="179" HEIGHT="39" WC="0.93" CONTENT="verkligen"/><SP WIDTH="29" VPOS="1952" HPOS="585"/>
							<String ID="string_356" HPOS="614" VPOS="1953" WIDTH="159" HEIGHT="35" WC="0.91" CONTENT="erhölles,"/><SP WIDTH="30" VPOS="1953" HPOS="773"/>
							<String ID="string_357" HPOS="803" VPOS="1953" WIDTH="115" HEIGHT="30" WC="0.96" CONTENT="skulle"/><SP WIDTH="27" VPOS="1953" HPOS="918"/>
							<String ID="string_358" HPOS="945" VPOS="1953" WIDTH="89" HEIGHT="30" WC="0.96" CONTENT="dock"/><SP WIDTH="29" VPOS="1953" HPOS="1034"/>
							<String ID="string_359" HPOS="1063" VPOS="1955" WIDTH="74" HEIGHT="28" WC="0.96" CONTENT="mot"/><SP WIDTH="26" VPOS="1955" HPOS="1137"/>
							<String ID="string_360" HPOS="1163" VPOS="1954" WIDTH="57" HEIGHT="29" WC="0.96" CONTENT="det"/><SP WIDTH="28" VPOS="1954" HPOS="1220"/>
							<String ID="string_361" HPOS="1248" VPOS="1954" WIDTH="201" HEIGHT="39" WC="0.96" CONTENT="föreslagna"/><SP WIDTH="28" VPOS="1954" HPOS="1449"/>
							<String ID="string_362" HPOS="1477" VPOS="1964" WIDTH="69" HEIGHT="30" WC="0.93" CONTENT="nya"/><SP WIDTH="28" VPOS="1964" HPOS="1546"/>
							<String ID="string_363" HPOS="1574" VPOS="1956" WIDTH="209" HEIGHT="38" WC="0.92" CONTENT="stadgandet"/>
						</TextLine>
						<TextLine ID="line_36" HPOS="262" VPOS="2002" WIDTH="1522" HEIGHT="42">
							<String ID="string_364" HPOS="262" VPOS="2002" WIDTH="83" HEIGHT="34" WC="0.96" CONTENT="tala,"/><SP WIDTH="38" VPOS="2002" HPOS="345"/>
							<String ID="string_365" HPOS="383" VPOS="2003" WIDTH="51" HEIGHT="29" WC="0.92" CONTENT="att"/><SP WIDTH="39" VPOS="2003" HPOS="434"/>
							<String ID="string_366" HPOS="473" VPOS="2002" WIDTH="523" HEIGHT="40" WC="0.78" CONTENT="skogshushållhingsintresset"/><SP WIDTH="40" VPOS="2002" HPOS="996"/>
							<String ID="string_367" HPOS="1036" VPOS="2004" WIDTH="45" HEIGHT="30" WC="0.93" CONTENT="då"/><SP WIDTH="36" VPOS="2004" HPOS="1081"/>
							<String ID="string_368" HPOS="1117" VPOS="2004" WIDTH="216" HEIGHT="40" WC="0.92" CONTENT="följdriktigt"/><SP WIDTH="38" VPOS="2004" HPOS="1333"/>
							<String ID="string_369" HPOS="1371" VPOS="2005" WIDTH="107" HEIGHT="29" WC="0.96" CONTENT="borde"/><SP WIDTH="26" VPOS="2005" HPOS="1478"/>
							<String ID="string_370" HPOS="1504" VPOS="2005" WIDTH="146" HEIGHT="30" WC="0.96" CONTENT="beaktas"/><SP WIDTH="27" VPOS="2005" HPOS="1650"/>
							<String ID="string_371" HPOS="1677" VPOS="2006" WIDTH="107" HEIGHT="30" WC="0.96" CONTENT="också"/>
						</TextLine>
						<TextLine ID="line_37" HPOS="261" VPOS="2051" WIDTH="1522" HEIGHT="45">
							<String ID="string_372" HPOS="261" VPOS="2051" WIDTH="59" HEIGHT="31" WC="0.96" CONTENT="vid"/><SP WIDTH="23" VPOS="2051" HPOS="320"/>
							<String ID="string_373" HPOS="343" VPOS="2052" WIDTH="101" HEIGHT="40" WC="0.96" CONTENT="fråga"/><SP WIDTH="24" VPOS="2052" HPOS="444"/>
							<String ID="string_374" HPOS="468" VPOS="2062" WIDTH="57" HEIGHT="22" WC="0.96" CONTENT="om"/><SP WIDTH="22" VPOS="2062" HPOS="525"/>
							<String ID="string_375" HPOS="547" VPOS="2054" WIDTH="129" HEIGHT="38" WC="0.96" CONTENT="vägens"/><SP WIDTH="24" VPOS="2054" HPOS="676"/>
							<String ID="string_376" HPOS="700" VPOS="2054" WIDTH="207" HEIGHT="39" WC="0.96" CONTENT="sträckning"/><SP WIDTH="22" VPOS="2054" HPOS="907"/>
							<String ID="string_377" HPOS="929" VPOS="2054" WIDTH="66" HEIGHT="30" WC="0.96" CONTENT="och"/><SP WIDTH="22" VPOS="2054" HPOS="995"/>
							<String ID="string_378" HPOS="1017" VPOS="2056" WIDTH="52" HEIGHT="28" WC="0.96" CONTENT="att"/><SP WIDTH="21" VPOS="2056" HPOS="1069"/>
							<String ID="string_379" HPOS="1090" VPOS="2054" WIDTH="12" HEIGHT="29" WC="0.96" CONTENT="i"/><SP WIDTH="24" VPOS="2054" HPOS="1102"/>
							<String ID="string_380" HPOS="1126" VPOS="2054" WIDTH="94" HEIGHT="31" WC="0.96" CONTENT="olika"/><SP WIDTH="23" VPOS="2054" HPOS="1220"/>
							<String ID="string_381" HPOS="1243" VPOS="2055" WIDTH="228" HEIGHT="30" WC="0.96" CONTENT="hänseenden"/><SP WIDTH="23" VPOS="2055" HPOS="1471"/>
							<String ID="string_382" HPOS="1494" VPOS="2057" WIDTH="88" HEIGHT="29" WC="0.96" CONTENT="även"/><SP WIDTH="23" VPOS="2057" HPOS="1582"/>
							<String ID="string_383" HPOS="1605" VPOS="2056" WIDTH="178" HEIGHT="40" WC="0.96" CONTENT="åtskilliga"/>
						</TextLine>
						<TextLine ID="line_38" HPOS="262" VPOS="2103" WIDTH="1520" HEIGHT="38">
							<String ID="string_384" HPOS="262" VPOS="2103" WIDTH="113" HEIGHT="29" WC="0.96" CONTENT="andra"/><SP WIDTH="29" VPOS="2103" HPOS="375"/>
							<String ID="string_385" HPOS="404" VPOS="2103" WIDTH="179" HEIGHT="30" WC="0.95" CONTENT="allmänna"/><SP WIDTH="27" VPOS="2103" HPOS="583"/>
							<String ID="string_386" HPOS="610" VPOS="2103" WIDTH="174" HEIGHT="30" WC="0.95" CONTENT="intressen"/><SP WIDTH="26" VPOS="2103" HPOS="784"/>
							<String ID="string_387" HPOS="810" VPOS="2105" WIDTH="81" HEIGHT="29" WC="0.96" CONTENT="med"/><SP WIDTH="30" VPOS="2105" HPOS="891"/>
							<String ID="string_388" HPOS="921" VPOS="2104" WIDTH="72" HEIGHT="30" WC="0.96" CONTENT="lika"/><SP WIDTH="26" VPOS="2104" HPOS="993"/>
							<String ID="string_389" HPOS="1019" VPOS="2106" WIDTH="89" HEIGHT="28" WC="0.96" CONTENT="stort"/><SP WIDTH="28" VPOS="2106" HPOS="1108"/>
							<String ID="string_390" HPOS="1136" VPOS="2105" WIDTH="83" HEIGHT="30" WC="0.96" CONTENT="eller"/><SP WIDTH="29" VPOS="2105" HPOS="1219"/>
							<String ID="string_391" HPOS="1248" VPOS="2106" WIDTH="112" HEIGHT="29" WC="0.96" CONTENT="större"/><SP WIDTH="27" VPOS="2106" HPOS="1360"/>
							<String ID="string_392" HPOS="1387" VPOS="2106" WIDTH="78" HEIGHT="29" WC="0.96" CONTENT="skäl"/><SP WIDTH="26" VPOS="2106" HPOS="1465"/>
							<String ID="string_393" HPOS="1491" VPOS="2106" WIDTH="108" HEIGHT="29" WC="0.96" CONTENT="borde"/><SP WIDTH="26" VPOS="2106" HPOS="1599"/>
							<String ID="string_394" HPOS="1625" VPOS="2106" WIDTH="157" HEIGHT="35" WC="0.96" CONTENT="inverka,"/>
						</TextLine>
						<TextLine ID="line_39" HPOS="262" VPOS="2154" WIDTH="1520" HEIGHT="42">
							<String ID="string_395" HPOS="262" VPOS="2154" WIDTH="65" HEIGHT="30" WC="0.95" CONTENT="när"/><SP WIDTH="22" VPOS="2154" HPOS="327"/>
							<String ID="string_396" HPOS="349" VPOS="2154" WIDTH="53" HEIGHT="36" WC="0.96" CONTENT="de,"/><SP WIDTH="24" VPOS="2154" HPOS="402"/>
							<String ID="string_397" HPOS="426" VPOS="2154" WIDTH="116" HEIGHT="30" WC="0.96" CONTENT="såsom"/><SP WIDTH="23" VPOS="2154" HPOS="542"/>
							<String ID="string_398" HPOS="565" VPOS="2154" WIDTH="75" HEIGHT="30" WC="0.96" CONTENT="ofta"/><SP WIDTH="21" VPOS="2154" HPOS="640"/>
							<String ID="string_399" HPOS="661" VPOS="2155" WIDTH="72" HEIGHT="29" WC="0.96" CONTENT="kan"/><SP WIDTH="20" VPOS="2155" HPOS="733"/>
							<String ID="string_400" HPOS="753" VPOS="2164" WIDTH="85" HEIGHT="21" WC="0.96" CONTENT="vara"/><SP WIDTH="23" VPOS="2164" HPOS="838"/>
							<String ID="string_401" HPOS="861" VPOS="2155" WIDTH="110" HEIGHT="34" WC="0.96" CONTENT="fallet,"/><SP WIDTH="22" VPOS="2155" HPOS="971"/>
							<String ID="string_402" HPOS="993" VPOS="2155" WIDTH="142" HEIGHT="30" WC="0.96" CONTENT="beröras"/><SP WIDTH="24" VPOS="2155" HPOS="1135"/>
							<String ID="string_403" HPOS="1159" VPOS="2165" WIDTH="43" HEIGHT="21" WC="0.96" CONTENT="av"/><SP WIDTH="23" VPOS="2165" HPOS="1202"/>
							<String ID="string_404" HPOS="1225" VPOS="2156" WIDTH="68" HEIGHT="30" WC="0.96" CONTENT="den"/><SP WIDTH="23" VPOS="2156" HPOS="1293"/>
							<String ID="string_405" HPOS="1316" VPOS="2156" WIDTH="162" HEIGHT="30" WC="0.96" CONTENT="enskilda"/><SP WIDTH="21" VPOS="2156" HPOS="1478"/>
							<String ID="string_406" HPOS="1499" VPOS="2157" WIDTH="283" HEIGHT="39" WC="0.96" CONTENT="väghållningen."/>
						</TextLine>
						<TextLine ID="line_40" HPOS="264" VPOS="2204" WIDTH="1521" HEIGHT="44">
							<String ID="string_407" HPOS="264" VPOS="2204" WIDTH="54" HEIGHT="30" WC="0.96" CONTENT="En"/><SP WIDTH="29" VPOS="2204" HPOS="318"/>
							<String ID="string_408" HPOS="347" VPOS="2205" WIDTH="202" HEIGHT="39" WC="0.96" CONTENT="utveckling"/><SP WIDTH="30" VPOS="2205" HPOS="549"/>
							<String ID="string_409" HPOS="579" VPOS="2205" WIDTH="89" HEIGHT="29" WC="0.96" CONTENT="efter"/><SP WIDTH="29" VPOS="2205" HPOS="668"/>
							<String ID="string_410" HPOS="697" VPOS="2205" WIDTH="120" HEIGHT="39" WC="0.96" CONTENT="dylika"/><SP WIDTH="31" VPOS="2205" HPOS="817"/>
							<String ID="string_411" HPOS="848" VPOS="2205" WIDTH="108" HEIGHT="40" WC="0.96" CONTENT="linjer"/><SP WIDTH="28" VPOS="2205" HPOS="956"/>
							<String ID="string_412" HPOS="984" VPOS="2206" WIDTH="115" HEIGHT="29" WC="0.96" CONTENT="skulle"/><SP WIDTH="31" VPOS="2206" HPOS="1099"/>
							<String ID="string_413" HPOS="1130" VPOS="2208" WIDTH="99" HEIGHT="28" WC="0.96" CONTENT="snart"/><SP WIDTH="29" VPOS="2208" HPOS="1229"/>
							<String ID="string_414" HPOS="1258" VPOS="2206" WIDTH="79" HEIGHT="31" WC="0.96" CONTENT="leda"/><SP WIDTH="29" VPOS="2206" HPOS="1337"/>
							<String ID="string_415" HPOS="1366" VPOS="2206" WIDTH="54" HEIGHT="30" WC="0.96" CONTENT="till"/><SP WIDTH="28" VPOS="2206" HPOS="1420"/>
							<String ID="string_416" HPOS="1448" VPOS="2208" WIDTH="52" HEIGHT="29" WC="0.96" CONTENT="att"/><SP WIDTH="30" VPOS="2208" HPOS="1500"/>
							<String ID="string_417" HPOS="1530" VPOS="2208" WIDTH="155" HEIGHT="40" WC="0.92" CONTENT="vägarna"/><SP WIDTH="28" VPOS="2208" HPOS="1685"/>
							<String ID="string_418" HPOS="1713" VPOS="2208" WIDTH="72" HEIGHT="31" WC="0.92" CONTENT="för-"/>
						</TextLine>
						<TextLine ID="line_41" HPOS="262" VPOS="2255" WIDTH="1522" HEIGHT="41">
							<String ID="string_419" HPOS="262" VPOS="2255" WIDTH="120" HEIGHT="30" WC="0.96" CONTENT="lorade"/><SP WIDTH="25" VPOS="2255" HPOS="382"/>
							<String ID="string_420" HPOS="407" VPOS="2255" WIDTH="55" HEIGHT="30" WC="0.96" CONTENT="sin"/><SP WIDTH="21" VPOS="2255" HPOS="462"/>
							<String ID="string_421" HPOS="483" VPOS="2256" WIDTH="170" HEIGHT="29" WC="0.96" CONTENT="karaktär"/><SP WIDTH="23" VPOS="2256" HPOS="653"/>
							<String ID="string_422" HPOS="676" VPOS="2265" WIDTH="43" HEIGHT="22" WC="0.96" CONTENT="av"/><SP WIDTH="23" VPOS="2265" HPOS="719"/>
							<String ID="string_423" HPOS="742" VPOS="2256" WIDTH="162" HEIGHT="30" WC="0.96" CONTENT="enskilda"/><SP WIDTH="23" VPOS="2256" HPOS="904"/>
							<String ID="string_424" HPOS="927" VPOS="2258" WIDTH="92" HEIGHT="28" WC="0.96" CONTENT="samt"/><SP WIDTH="22" VPOS="2258" HPOS="1019"/>
							<String ID="string_425" HPOS="1041" VPOS="2258" WIDTH="51" HEIGHT="28" WC="0.96" CONTENT="att"/><SP WIDTH="24" VPOS="2258" HPOS="1092"/>
							<String ID="string_426" HPOS="1116" VPOS="2257" WIDTH="280" HEIGHT="39" WC="0.96" CONTENT="finansieringen"/><SP WIDTH="24" VPOS="2257" HPOS="1396"/>
							<String ID="string_427" HPOS="1420" VPOS="2258" WIDTH="64" HEIGHT="30" WC="0.96" CONTENT="och"/><SP WIDTH="23" VPOS="2258" HPOS="1484"/>
							<String ID="string_428" HPOS="1507" VPOS="2259" WIDTH="146" HEIGHT="30" WC="0.96" CONTENT="därmed"/><SP WIDTH="23" VPOS="2259" HPOS="1653"/>
							<String ID="string_429" HPOS="1676" VPOS="2259" WIDTH="108" HEIGHT="30" WC="0.96" CONTENT="också"/>
						</TextLine>
						<TextLine ID="line_42" HPOS="261" VPOS="2306" WIDTH="1521" HEIGHT="41">
							<String ID="string_430" HPOS="261" VPOS="2306" WIDTH="264" HEIGHT="39" WC="0.96" CONTENT="förvaltningen"/><SP WIDTH="28" VPOS="2306" HPOS="525"/>
							<String ID="string_431" HPOS="553" VPOS="2306" WIDTH="114" HEIGHT="30" WC="0.96" CONTENT="måste"/><SP WIDTH="29" VPOS="2306" HPOS="667"/>
							<String ID="string_432" HPOS="696" VPOS="2306" WIDTH="11" HEIGHT="29" WC="0.96" CONTENT="i"/><SP WIDTH="29" VPOS="2306" HPOS="707"/>
							<String ID="string_433" HPOS="736" VPOS="2307" WIDTH="62" HEIGHT="29" WC="0.95" CONTENT="allt"/><SP WIDTH="31" VPOS="2307" HPOS="798"/>
							<String ID="string_434" HPOS="829" VPOS="2308" WIDTH="112" HEIGHT="28" WC="0.96" CONTENT="större"/><SP WIDTH="30" VPOS="2308" HPOS="941"/>
							<String ID="string_435" HPOS="971" VPOS="2307" WIDTH="214" HEIGHT="40" WC="0.93" CONTENT="omfattning"/><SP WIDTH="29" VPOS="2307" HPOS="1185"/>
							<String ID="string_436" HPOS="1214" VPOS="2308" WIDTH="184" HEIGHT="39" WC="0.92" CONTENT="övertagas"/><SP WIDTH="32" VPOS="2308" HPOS="1398"/>
							<String ID="string_437" HPOS="1430" VPOS="2318" WIDTH="43" HEIGHT="21" WC="0.96" CONTENT="av"/><SP WIDTH="30" VPOS="2318" HPOS="1473"/>
							<String ID="string_438" HPOS="1503" VPOS="2309" WIDTH="58" HEIGHT="30" WC="0.96" CONTENT="det"/><SP WIDTH="30" VPOS="2309" HPOS="1561"/>
							<String ID="string_439" HPOS="1591" VPOS="2309" WIDTH="191" HEIGHT="30" WC="0.96" CONTENT="allmänna."/>
						</TextLine>
						<TextLine ID="line_43" HPOS="262" VPOS="2356" WIDTH="1521" HEIGHT="43">
							<String ID="string_440" HPOS="262" VPOS="2356" WIDTH="182" HEIGHT="40" WC="0.95" CONTENT="Förslaget"/><SP WIDTH="17" VPOS="2356" HPOS="444"/>
							<String ID="string_441" HPOS="461" VPOS="2357" WIDTH="65" HEIGHT="29" WC="0.95" CONTENT="har"/><SP WIDTH="17" VPOS="2357" HPOS="526"/>
							<String ID="string_442" HPOS="543" VPOS="2356" WIDTH="88" HEIGHT="40" WC="0.96" CONTENT="tagit"/><SP WIDTH="18" VPOS="2356" HPOS="631"/>
							<String ID="string_443" HPOS="649" VPOS="2357" WIDTH="90" HEIGHT="29" WC="0.96" CONTENT="sikte"/><SP WIDTH="19" VPOS="2357" HPOS="739"/>
							<String ID="string_444" HPOS="758" VPOS="2357" WIDTH="89" HEIGHT="30" WC="0.96" CONTENT="blott"/><SP WIDTH="17" VPOS="2357" HPOS="847"/>
							<String ID="string_445" HPOS="864" VPOS="2358" WIDTH="46" HEIGHT="39" WC="0.96" CONTENT="på"/><SP WIDTH="17" VPOS="2358" HPOS="910"/>
							<String ID="string_446" HPOS="927" VPOS="2366" WIDTH="43" HEIGHT="20" WC="0.96" CONTENT="en"/><SP WIDTH="18" VPOS="2366" HPOS="970"/>
							<String ID="string_447" HPOS="988" VPOS="2357" WIDTH="77" HEIGHT="30" WC="0.96" CONTENT="sida"/><SP WIDTH="18" VPOS="2357" HPOS="1065"/>
							<String ID="string_448" HPOS="1083" VPOS="2367" WIDTH="43" HEIGHT="21" WC="0.95" CONTENT="av"/><SP WIDTH="17" VPOS="2367" HPOS="1126"/>
							<String ID="string_449" HPOS="1143" VPOS="2359" WIDTH="48" HEIGHT="28" WC="0.96" CONTENT="ett"/><SP WIDTH="18" VPOS="2359" HPOS="1191"/>
							<String ID="string_450" HPOS="1209" VPOS="2358" WIDTH="216" HEIGHT="40" WC="0.96" CONTENT="mångsidigt"/><SP WIDTH="18" VPOS="2358" HPOS="1425"/>
							<String ID="string_451" HPOS="1443" VPOS="2359" WIDTH="169" HEIGHT="40" WC="0.96" CONTENT="problem,"/><SP WIDTH="19" VPOS="2359" HPOS="1612"/>
							<String ID="string_452" HPOS="1631" VPOS="2369" WIDTH="76" HEIGHT="21" WC="0.96" CONTENT="som"/><SP WIDTH="17" VPOS="2369" HPOS="1707"/>
							<String ID="string_453" HPOS="1724" VPOS="2359" WIDTH="59" HEIGHT="31" WC="0.96" CONTENT="vid"/>
						</TextLine>
						<TextLine ID="line_44" HPOS="263" VPOS="2407" WIDTH="1522" HEIGHT="43">
							<String ID="string_454" HPOS="263" VPOS="2407" WIDTH="188" HEIGHT="39" WC="0.91" CONTENT="väglagens"/><SP WIDTH="23" VPOS="2407" HPOS="451"/>
							<String ID="string_455" HPOS="474" VPOS="2407" WIDTH="175" HEIGHT="30" WC="0.96" CONTENT="tillkomst"/><SP WIDTH="23" VPOS="2407" HPOS="649"/>
							<String ID="string_456" HPOS="672" VPOS="2415" WIDTH="90" HEIGHT="32" WC="0.93" CONTENT="noga"/><SP WIDTH="25" VPOS="2415" HPOS="762"/>
							<String ID="string_457" HPOS="787" VPOS="2408" WIDTH="212" HEIGHT="39" WC="0.91" CONTENT="övervägdes"/><SP WIDTH="24" VPOS="2408" HPOS="999"/>
							<String ID="string_458" HPOS="1023" VPOS="2409" WIDTH="80" HEIGHT="29" WC="0.95" CONTENT="med"/><SP WIDTH="24" VPOS="2409" HPOS="1103"/>
							<String ID="string_459" HPOS="1127" VPOS="2409" WIDTH="58" HEIGHT="30" WC="0.95" CONTENT="det"/><SP WIDTH="22" VPOS="2409" HPOS="1185"/>
							<String ID="string_460" HPOS="1207" VPOS="2409" WIDTH="150" HEIGHT="30" WC="0.96" CONTENT="resultat"/><SP WIDTH="24" VPOS="2409" HPOS="1357"/>
							<String ID="string_461" HPOS="1381" VPOS="2411" WIDTH="52" HEIGHT="28" WC="0.96" CONTENT="att"/><SP WIDTH="24" VPOS="2411" HPOS="1433"/>
							<String ID="string_462" HPOS="1457" VPOS="2419" WIDTH="84" HEIGHT="21" WC="0.96" CONTENT="man"/><SP WIDTH="24" VPOS="2419" HPOS="1541"/>
							<String ID="string_463" HPOS="1565" VPOS="2410" WIDTH="54" HEIGHT="30" WC="0.95" CONTENT="till"/><SP WIDTH="24" VPOS="2410" HPOS="1619"/>
							<String ID="string_464" HPOS="1643" VPOS="2409" WIDTH="142" HEIGHT="41" WC="0.95" CONTENT="speciell"/>
						</TextLine>
						<TextLine ID="line_45" HPOS="261" VPOS="2457" WIDTH="1523" HEIGHT="41">
							<String ID="string_465" HPOS="261" VPOS="2457" WIDTH="175" HEIGHT="40" WC="0.93" CONTENT="reglering"/><SP WIDTH="22" VPOS="2457" HPOS="436"/>
							<String ID="string_466" HPOS="458" VPOS="2459" WIDTH="100" HEIGHT="38" WC="0.93" CONTENT="uttog"/><SP WIDTH="22" VPOS="2459" HPOS="558"/>
							<String ID="string_467" HPOS="580" VPOS="2457" WIDTH="94" HEIGHT="31" WC="0.96" CONTENT="vissa"/><SP WIDTH="23" VPOS="2457" HPOS="674"/>
							<String ID="string_468" HPOS="697" VPOS="2458" WIDTH="161" HEIGHT="30" WC="0.96" CONTENT="enskilda"/><SP WIDTH="23" VPOS="2458" HPOS="858"/>
							<String ID="string_469" HPOS="881" VPOS="2459" WIDTH="116" HEIGHT="39" WC="0.96" CONTENT="vägar,"/><SP WIDTH="24" VPOS="2459" HPOS="997"/>
							<String ID="string_470" HPOS="1021" VPOS="2459" WIDTH="223" HEIGHT="30" WC="0.96" CONTENT="beträffande"/><SP WIDTH="25" VPOS="2459" HPOS="1244"/>
							<String ID="string_471" HPOS="1269" VPOS="2459" WIDTH="96" HEIGHT="30" WC="0.96" CONTENT="vilka"/><SP WIDTH="24" VPOS="2459" HPOS="1365"/>
							<String ID="string_472" HPOS="1389" VPOS="2461" WIDTH="42" HEIGHT="29" WC="0.96" CONTENT="de"/><SP WIDTH="24" VPOS="2461" HPOS="1431"/>
							<String ID="string_473" HPOS="1455" VPOS="2461" WIDTH="180" HEIGHT="30" WC="0.92" CONTENT="allmänna"/><SP WIDTH="23" VPOS="2461" HPOS="1635"/>
							<String ID="string_474" HPOS="1658" VPOS="2460" WIDTH="126" HEIGHT="31" WC="0.90" CONTENT="intres-"/>
						</TextLine>
					</TextBlock>
				</ComposedBlock>
			</PrintSpace>
		</Page>
	</Layout>
</alto>
