1890 2844
520 159 306 31 Bankoutskottets
851 159 177 31 utlåtande
1052 159 49 31 Nr
1125 161 49 29 41.
1584 155 18 30 3

101 244 158 31 medföra
282 244 195 37 betydande
501 245 197 36 kostnader,
723 244 116 31 finner
865 245 167 30 utskottet
1058 244 49 37 sig
1131 245 84 30 böra
1241 244 110 31 under
1376 244 149 36 erinran,
1552 246 48 28 att

103 296 83 30 1925
210 294 55 32 års
288 295 157 37 riksdags
467 296 113 30 beslut
605 305 56 21 om
684 294 410 39 pensionsförhöjningar
1118 295 229 37 uttryckligen
1370 295 230 31 betecknades

101 345 114 32 såsom
238 357 42 20 en
307 346 157 31 definitiv
489 346 168 37 reglering
682 356 42 21 av
749 346 183 38 pensioner
956 357 42 20 av
1023 347 96 30 äldre
1145 350 69 34 typ,
1239 347 162 36 avstyrka
1426 345 100 31 bifall
1549 346 51 30 till

100 398 185 32 motionen.

145 494 225 43 Åberopande
390 500 57 31 det
466 500 147 31 anförde
634 499 55 32 får
707 501 165 30 utskottet
891 500 195 36 hemställa,

453 605 49 28 att
525 602 230 31 förevarande
777 602 132 31 motion
931 603 45 29 II:
991 603 64 30 460
1079 602 75 31 icke
1177 600 58 32 må
1258 601 50 31 till
1332 600 114 38 någon
1468 601 132 30 riksda-

408 662 82 28 gens
515 652 121 38 åtgärd
658 653 191 31 föranleda.

144 755 200 30 Stockholm
365 756 65 29 den
453 757 41 29 20
515 756 88 37 april
627 756 92 30 1936.

577 856 48 31 På
651 857 301 30 bankoutskottets
981 857 144 35 vägnar:

621 959 180 30 HARALD
823 952 249 37 ÅKERBERG.

134 1209 53 25 Vid
209 1208 180 26 förestående
410 1209 121 25 ärendes
551 1208 230 33 slutbehandling
804 1208 79 25 inom
904 1208 138 26 utskottet
1064 1209 74 24 hava
1157 1208 137 25 närvarit:

134 1260 66 26 från
224 1261 136 24 första
383 1261 180 24 kammaren:
591 1260 98 25 herrar
714 1260 151 33 Lindgren,
891 1260 172 32 Bjurström,
1089 1260 95 25 Ström
1212 1260 7 25 i
1246 1259 169 33 Lidköping,
1443 1259 157 33 Ehrnberg,

98 1320 122 33 Berling,
242 1321 114 25 Nilsson
379 1320 8 25 i
407 1320 138 30 Mölndal,
564 1320 93 25 Bodin
678 1321 53 24 och
753 1320 232 30 Mannerskantz;

136 1371 65 25 från
230 1372 126 24 andra
384 1371 179 25 kammaren:
582 1372 98 24 herrar
701 1372 116 31 Leffler,
837 1372 104 31 Lovén,
962 1372 139 31 Laurén",
1122 1371 130 31 Paulsen,
1272 1372 32 24 K.
1324 1372 28 24 A.
1376 1372 153 30 Westman,
1549 1371 53 25 An-

101 1415 118 26 dersson
239 1416 9 24 i
267 1415 204 32 Falkenberg",
492 1415 150 26 Carleson"
665 1416 54 24 och
737 1416 123 24 Severin.

136 1501 24 32 +)
184 1501 35 32 Ej
241 1501 178 24 närvarande
440 1501 46 24 vid
507 1500 173 25 utlåtandets
701 1500 146 32 justering.

664 1743 370 34 Reservation

148 1854 42 20 av
213 1845 80 29 herr
318 1844 145 31 Laurén.
