2218 2620
433 205 120 32 Andra
579 206 207 31 kammarens
810 206 131 38 tredje
965 206 176 40 tillfälliga
1165 207 139 31 utskotts
1326 207 171 31 utlåtande
1520 208 53 30 Nr
1596 211 28 27 8.
1771 211 19 28 9

223 288 121 34 meter
368 285 83 36 från
475 289 121 33 större
626 285 194 37 samhälle.
864 285 56 36 Do
939 285 135 37 hittills
1094 285 222 49 tillämpade
1343 285 243 50 principerna
1608 286 57 37 för
1684 291 145 32 statens

221 334 653 49 kommunikationsväsen,
722 330 156 59 särskilt
901 338 139 45 lelefon,
1069 349 132 36 gynna
1230 336 241 49 väsentligen
1491 336 100 47 dem,
1612 350 82 24 som
1714 338 115 36 redan

219 385 103 37 förut
361 386 147 49 åtnjuta
535 387 103 37 vissa
667 386 332 49 bekvämligheter
1026 400 141 35 genom
1197 393 54 31 att
1279 400 90 24 vara
1397 388 152 36 bosatta
1576 388 11 35 i
1615 392 121 33 tätare
1764 388 66 37 be-

219 436 160 50 byggda
420 437 226 46 samhällen,
688 437 139 37 medan
866 437 47 37 de
952 438 135 48 längre
1128 438 86 36 bort
1241 437 93 37 eller
1358 438 176 48 avlägset
1562 438 163 49 boende,
1755 439 73 36 och

219 500 82 24 som
345 488 118 36 minst
503 488 78 37 lika
622 488 62 37 väl
728 488 126 37 kunna
892 489 149 36 behöva
1065 488 155 47 telefon,
1249 489 136 36 endast
1407 502 140 34 genom
1577 502 48 23 en
1654 489 176 49 betydlig

218 538 248 38 merkostnad
494 539 60 37 för
581 539 203 48 ledningar
811 539 72 37 och
911 539 112 37 deras
1051 539 212 48 underhåll,
1292 539 166 48 avgifter
1485 539 59 37 till
1572 539 256 38 växelstation

219 602 46 23 m.
308 603 62 34 m.,
411 589 130 37 kunna
583 590 145 37 erhålla
770 590 128 37 sådan.
952 590 116 37 Detta
1106 595 147 44 system
1287 590 160 37 innebär
1475 590 276 49 obestridligen
1779 604 48 24 en

217 640 183 37 orättvisa
440 646 79 31 mot
560 640 177 49 avlägset
775 640 148 38 boende
961 641 71 37 och
1067 654 48 24 en
1143 641 159 37 alldeles
1330 641 118 48 given
1476 641 267 49 begränsning
1770 641 58 38 för

216 691 274 37 telefonnätets
518 692 237 47 utveckling.
810 692 247 48 Näppeligen
1086 692 75 36 kan
1186 692 65 37 det
1277 705 91 24 vara
1396 695 40 34 så
1463 692 242 48 nödvändigt
1732 692 95 38 eller

216 754 43 24 ur
286 741 242 49 samhällelig
555 742 198 49 synpunkt
779 742 216 48 värdefullt,
1025 748 55 31 att
1107 742 143 37 telefon
1279 743 131 36 ställer
1437 743 62 47 sig
1525 743 111 49 billig
1659 743 61 37 för
1739 743 86 48 den,

216 806 81 23 som
338 792 86 37 icke
462 792 60 37 ids
550 795 50 46 gå
628 797 93 33 över
746 799 117 42 gatan
892 793 95 37 eller
1014 799 92 31 över
1133 793 200 49 förstugan
1362 794 60 37 för
1449 799 55 31 att
1531 794 155 37 komma
1712 794 13 37 i
1752 795 74 37 för-

216 843 174 37 bindelse
415 843 87 37 med
529 857 48 23 en
605 843 304 48 medmänniska,
936 844 124 37 under
1088 844 66 36 det
1183 850 54 31 att
1256 844 144 37 telefon
1419 845 14 36 i
1451 848 140 44 många
1607 845 66 36 fall
1694 845 131 37 ställer

216 895 60 47 sig
304 893 159 38 alldeles
491 893 57 38 för
576 894 71 49 dyr
674 894 60 37 för
761 895 172 47 avlägset
960 894 150 38 boende
1139 907 197 37 personer,
1364 909 81 23 som
1466 895 114 49 eljest
1599 895 225 50 härigenom

215 944 139 37 snabbt
396 945 73 37 och
507 944 184 38 bekvämt
726 945 128 37 kunde
894 948 58 34 stå
974 946 12 36 i
1010 945 236 38 förbindelse
1287 945 88 38 med
1415 946 276 47 yttervärlden.
1749 947 76 37 För

214 995 250 50 uppgörande
505 1008 47 24 av
594 1009 47 24 en
680 996 64 37 hel
783 996 61 37 del
877 996 137 37 affärer
1042 996 87 37 med
1157 996 140 37 minsta
1323 996 218 50 tidsspillan
1566 997 73 37 och
1667 1002 48 32 än
1743 1010 81 24 mer

215 1047 64 36 vid
318 1045 219 50 sjukdoms-
578 1046 95 38 eller
708 1046 202 49 olycksfall
948 1061 47 23 m.
1025 1047 36 37 £.
1090 1046 177 38 tillfällen
1295 1052 41 32 är
1364 1047 143 37 telefon
1536 1060 47 24 av
1611 1048 213 37 oskattbart

214 1097 118 37 värde
360 1097 61 37 för
449 1097 220 37 erhållande
698 1111 47 23 av
772 1111 88 24 snar
887 1098 117 49 hjälp,
1034 1103 151 33 oavsett
1212 1098 74 37 den
1307 1098 162 38 trevnad
1489 1111 81 25 som
1592 1112 48 24 en
1659 1099 163 38 telefon-

214 1147 237 38 förbindelse
491 1148 278 49 obestridligen
802 1148 161 48 medför,
991 1162 49 24 en
1069 1149 175 47 trevnad,
1273 1162 80 24 som
1384 1149 207 48 onekligen
1620 1155 41 31 är
1688 1155 134 43 större,

211 1199 43 49 ju
283 1199 226 47 avlägsnare
537 1212 89 24 man
654 1204 41 31 är
722 1199 136 37 bosatt.

349 1249 50 37 Så
426 1249 113 49 länge
567 1250 204 48 abonnent,
800 1249 150 38 boende
977 1255 105 32 utom
1111 1255 56 32 ett
1196 1250 106 43 visst,
1332 1250 182 48 vanligen
1543 1251 88 36 kort
1659 1251 161 37 avstånd

213 1299 82 37 från
337 1300 302 47 centralstation,
668 1301 69 47 får,
762 1303 125 34 såsom
915 1300 101 37 förut
1042 1301 204 49 påpekats,
1275 1300 97 48 själv
1396 1301 161 37 bekosta
1586 1301 73 37 och
1681 1302 138 36 under-

214 1350 99 37 hålla
336 1350 160 49 ledning
524 1351 72 37 och
625 1356 172 44 apparat,
825 1351 126 37 vartill
985 1351 6 36 i
1015 1354 142 45 många
1185 1351 65 37 fall
1278 1352 173 36 kommer
1470 1352 123 47 avgift
1617 1353 58 36 för
1691 1352 129 37 växel-

214 1401 154 47 station,
396 1401 72 37 blir
495 1400 197 39 telefonen
715 1408 64 30 ute
808 1401 11 37 i
846 1401 224 38 landsorten
1099 1402 59 37 för
1186 1401 72 50 dyr
1284 1403 58 36 för
1370 1402 152 49 menige
1550 1416 89 24 man
1658 1403 73 38 och
1752 1403 68 38 där

214 1451 135 38 enbart
376 1452 47 37 de
450 1465 81 24 mer
553 1452 248 37 bemedlades
824 1452 159 37 förmån.

348 1502 113 38 Såväl
489 1503 88 37 med
604 1504 152 49 hänsyn
783 1503 57 37 till
868 1503 215 38 telefonens
1112 1509 104 31 stora
1242 1504 199 49 praktiska
1463 1504 201 49 betydelse
1692 1508 126 34 såsom

213 1553 493 48 kommunikationsmedel,
736 1554 33 49 ej
800 1553 151 38 minst
937 1549 23 58 i
979 1557 84 34 vårt
1086 1554 235 38 vidsträckta
1348 1555 103 46 land,
1479 1568 82 24 som
1590 1556 89 37 dess
1705 1555 12 37 i
1745 1556 75 37 för-

213 1604 177 37 hållande
431 1604 58 36 till
526 1605 134 48 övriga
687 1605 480 37 kommunikationsmedel
1192 1605 284 48 jämförelsevis
1498 1606 136 49 billiga
1662 1606 158 49 anlägg-

213 1655 145 47 nings-,
386 1654 238 38 underhålls-
652 1656 73 36 och
754 1655 270 47 driftkostnad,
1053 1655 184 48 förtjänar
1265 1656 75 36 den
1367 1656 191 38 måhända
1585 1663 56 31 utt
1666 1657 13 36 i
1701 1657 121 37 första

213 1706 102 35 hand
343 1706 231 36 utsträckas.
628 1706 60 36 En
716 1706 117 36 sådan
856 1706 269 48 utsträckning
1152 1706 75 36 kan
1256 1706 96 36 dock
1380 1707 85 36 icke
1495 1710 113 34 ernås
1637 1708 88 36 med
1752 1721 68 23 nu-

213 1756 169 37 varande
421 1760 120 41 taxor,
584 1762 91 31 utan
704 1759 121 33 måste
853 1769 46 23 en
923 1756 219 48 utjämning
1169 1756 58 36 till
1255 1757 147 36 förmån
1431 1756 58 37 för
1516 1757 47 37 de
1592 1758 227 48 avlägsnare

213 1806 148 37 boende
401 1806 240 37 verkställas.
693 1806 153 37 Allmän
887 1807 224 48 anslutning
1148 1807 57 36 till
1233 1807 337 37 rikstelefonnätet
1597 1813 42 32 är
1666 1822 47 23 av
1741 1814 80 31 stor

212 1857 202 49 betydelse
455 1857 84 37 icke
580 1857 99 37 blott
711 1857 88 37 med
836 1857 150 49 hänsyn
1020 1857 58 37 till
1119 1858 88 37 dess
1236 1870 98 36 egen
1362 1858 227 48 utveckling
1615 1864 91 32 utan
1735 1859 84 37 där-

209 1908 121 48 jämte
369 1921 47 24 av
458 1914 96 31 stort
581 1908 118 37 värde
727 1908 60 37 för
815 1907 301 49 abonnenterna,
1146 1914 41 43 ty
1211 1908 89 37 dess
1327 1909 82 47 fler,
1438 1922 81 24 som
1549 1914 66 32 äro
1643 1909 177 38 anslutna

214 1958 69 37 och
312 1958 132 37 kunna
470 1962 69 33 nås
569 1959 86 36 med
683 1958 160 47 telefon,
867 1958 88 37 dess
985 1964 121 31 större
1134 1972 105 34 gagn
1268 1973 47 23 av
1342 1959 320 50 abonnemanget.

347 2010 88 36 Med
463 2009 150 48 hänsyn
636 2009 57 37 till
723 2009 75 36 den
824 2009 181 46 inkomst,
1034 2023 82 23 som
1146 2010 234 37 statsverket
1406 2010 109 37 torde
1540 2011 92 36 böra
1650 2011 169 49 påräkna

213 2058 81 37 från
334 2060 82 36 sina
461 2059 298 37 affärsdrivande
802 2059 106 46 verk,
936 2064 41 31 är
1005 2059 64 36 det
1096 2060 188 36 måhända
1312 2060 213 36 outförbart
1552 2066 67 41 att,
1647 2061 88 36 med
1763 2061 57 36 bi-

212 2109 227 38 behållande
468 2123 46 23 av
541 2109 222 37 nuvarande
787 2109 326 48 telefonavgifter,
1142 2110 129 36 kunna
1290 2110 11 35 i
1321 2110 202 36 huvudsak
1548 2116 179 44 upprätta
1746 2112 73 36 och

212 2159 223 38 underhålla
478 2160 73 37 alla
587 2159 408 47 abonnentledningar.
1053 2160 67 35 Att
1160 2159 106 37 detta
1308 2161 239 36 sistnämnda
1588 2161 106 36 såväl
1731 2162 87 36 med

213 2211 151 48 hänsyn
391 2210 58 37 till
475 2210 161 37 rättvisa
663 2210 71 36 och
762 2210 177 46 billighet
966 2223 81 23 som
1076 2210 354 37 telefonväsendets
1458 2212 225 46 utveckling
1711 2216 41 32 är
1771 2226 47 22 en

212 2260 223 48 nödvändig
473 2260 229 48 betingelse,
743 2273 114 35 synes
886 2260 81 48 mig
994 2261 228 48 uppenbart.
1278 2260 213 37 Telefonen
1520 2262 74 36 kan
1622 2262 195 47 nämligen

296 2317 137 38 Bihang
456 2316 50 32 till
530 2317 195 38 riksdagens
742 2316 163 39 protokoll
931 2319 87 28 1916.
1046 2320 39 27 13
1107 2317 94 31 saml.
1247 2320 20 26 ">
1290 2318 72 30 avd.
1408 2322 20 22 8
1452 2318 80 39 häft.
1557 2318 67 40 (Nr
1647 2319 45 34 8)
1758 2321 18 28 2
