1888 2835
457 151 123 29 Första
605 147 244 40 lagutskottets
875 145 177 30 utlåtande
1076 154 42 20 nr
1141 146 19 28 3
1184 144 38 30 år
1248 143 83 30 1967
1597 145 38 29 91

664 288 201 43 Rättegång
880 287 13 32 i
908 284 218 45 sjörättsmål

196 394 228 31 Beträffande
454 392 159 40 gällande
641 392 80 34 rätt,
752 389 361 42 sjölagskommitténs
1142 387 206 30 uttalanden
1378 388 90 28 samt
1498 386 140 29 remiss-

151 448 211 41 yttrandena
384 448 55 29 får
461 447 170 29 utskottet
653 445 147 30 hänvisa
822 445 53 29 till
898 442 261 41 propositionen
1183 451 25 22 s.
1233 440 185 31 214—220.

151 573 385 37 Departementschefen

197 663 248 39 Otvivelaktigt
477 663 38 29 är
547 662 57 29 det
634 661 139 40 mycket
805 669 75 21 som
911 660 89 29 talar
1032 658 54 30 för
1118 659 50 28 att
1200 666 82 21 man
1312 656 64 30 bör
1406 656 232 29 koncentrera

151 717 305 40 handläggningen
479 726 42 20 av
553 715 257 31 allmänna
842 712 317 41 sjörättsmål
1190 712 12 29 i
1223 711 112 30 första
1356 710 136 30 instans
1514 709 54 29 till
1590 710 48 28 ett

152 773 186 39 begränsat
364 773 94 29 antal
485 770 191 30 domstolar
702 769 45 41 på
772 778 135 21 samma
933 768 68 29 sätt
1029 776 75 21 som
1129 767 12 29 i
1165 766 101 40 fråga
1292 774 57 21 om
1377 764 262 40 sjöförklaring.

150 825 116 30 Under
290 823 385 39 remissbehandlingen
696 823 65 29 har
783 822 45 30 bl.
852 831 29 21 a.
906 819 382 32 domstolskommittén
1311 818 84 40 givit
1417 817 142 40 uttryck
1582 816 55 30 för

150 888 43 20 en
214 879 109 30 sådan
343 877 237 41 uppfattning.
602 877 80 30 Som
703 874 341 42 sjölagskommittén
1064 874 65 30 och
1149 875 86 28 även
1256 871 382 31 domstolskommittén

152 934 65 30 och
244 934 89 29 flera
360 933 109 30 andra
497 931 301 31 remissinstanser
826 930 167 30 förutsatt
1021 929 61 30 bör
1112 929 88 29 dock
1229 927 41 31 de
1299 926 215 41 sjörättsliga
1544 927 95 29 dom-

152 988 100 29 stols-
280 988 65 29 och
373 986 278 39 forumreglerna
680 985 187 39 lämpligen
896 983 191 30 behandlas
1117 983 11 28 i
1157 982 56 30 det
1243 982 110 29 större
1384 980 255 38 sammanhang

151 1051 75 20 som
254 1041 219 30 förestående
499 1039 151 31 revision
678 1048 41 21 av
746 1036 486 40 underrättsorganisationen
1261 1035 173 39 erbjuder.
1464 1034 84 29 F.n.
1577 1033 62 30 bör

152 1095 120 30 därför
296 1095 122 30 endast
442 1095 100 38 göras
566 1093 70 30 viss
661 1092 228 30 redaktionell
914 1092 158 38 översyn.
1097 1091 49 28 De
1171 1088 267 40 ifrågavarande
1463 1087 176 30 forumbe-

153 1149 267 30 stämmelserna
447 1149 127 38 upptas
601 1147 12 29 i
639 1145 427 41 departementsförslaget
1094 1144 12 29 i
1134 1142 172 31 336—338
1338 1141 49 38 88.

195 1255 317 30 Bestämmelserna
531 1263 57 21 om
618 1253 523 40 dispaschprocessen
1170 1250 65 30 har
1254 1249 91 30 visat
1364 1249 51 39 sig
1433 1257 84 21 vara
1535 1247 103 30 brist-

152 1310 121 39 fälliga
298 1310 12 29 i
334 1309 94 30 vissa
453 1308 204 31 avseenden.
685 1306 216 31 Kommittén
927 1306 65 30 har
1017 1304 149 31 kommit
1192 1304 54 30 till
1272 1304 67 29 den
1365 1302 272 41 uppfattningen

151 1364 51 28 att
223 1363 173 29 bristerna
418 1362 45 40 på
484 1364 47 28 ett
552 1360 325 31 tillfredsställande
901 1361 69 28 sätt
991 1360 71 29 kan
1084 1358 184 40 avhjälpas
1291 1365 123 31 genom
1437 1366 43 20 en
1501 1357 137 28 väsent-

152 1416 92 39 ligen
267 1416 141 30 teknisk
432 1416 65 30 och
520 1414 231 30 redaktionell
775 1414 156 38 översyn.
958 1411 394 39 Remissbehandlingen
1377 1410 54 30 får
1456 1419 102 20 anses
1582 1410 56 29 be-

152 1470 119 30 kräfta
295 1471 50 29 att
370 1470 57 30 det
452 1470 37 29 är
512 1468 203 39 tillräckligt
740 1468 79 30 med
844 1477 42 20 en
911 1467 109 30 sådan
1044 1465 195 41 begränsad
1263 1466 157 39 översyn.
1446 1465 65 39 Jag
1536 1473 101 20 anser

152 1524 71 39 mig
243 1524 122 30 kunna
386 1523 194 29 inskränka
601 1523 71 39 mig
693 1522 52 29 till
766 1523 50 28 att
836 1522 12 29 i
869 1521 94 30 detta
985 1520 256 39 sammanhang
1260 1519 123 30 beröra
1405 1519 41 29 de
1467 1518 171 39 viktigare

152 1586 43 21 av
217 1578 41 29 de
283 1576 198 40 föreslagna
507 1576 245 39 ändringarna.
778 1576 13 28 I
816 1574 110 40 övrigt
950 1575 60 29 vill
1033 1575 60 39 jag
1117 1573 147 30 hänvisa
1287 1573 53 29 till
1365 1572 273 40 specialmotive-

151 1631 132 40 ringen.

198 1684 359 40 Kommittéförslaget
589 1684 145 29 innebär
765 1683 44 30 bl.
842 1692 41 25 a.,
915 1683 50 29 att
996 1681 349 40 rättegångsbalkens
1374 1680 263 30 bestämmelser

152 1738 55 29 för
230 1738 329 39 besvärsprocessen
583 1738 11 29 i
618 1737 139 29 hovrätt
781 1737 11 29 i
815 1736 136 39 princip
977 1736 79 39 görs
1079 1734 208 40 tillämpliga
1311 1735 87 29 även
1423 1734 44 39 på
1490 1734 148 29 rådhus-

152 1792 87 29 rätts
264 1790 262 41 handläggning
551 1800 42 20 av
617 1789 247 41 dispaschmål,
891 1789 130 30 Genom
1047 1790 49 28 att
1123 1788 149 30 sålunda
1297 1788 82 40 göra
1405 1789 47 28 ett
1479 1787 157 40 gällande

151 1845 225 39 regelsystem
400 1844 201 39 tillämpligt
625 1844 45 40 på
693 1843 351 39 dispaschprocessen
1069 1842 54 30 får
1148 1851 82 21 man
1254 1842 106 39 enligt
1384 1841 75 30 min
1482 1841 157 39 uppfatt-

152 1898 85 40 ning
258 1908 42 21 en
323 1908 73 20 mer
419 1897 278 40 ändamålsenlig
719 1898 65 29 och
807 1906 72 21 mer
903 1896 242 30 uttömmande
1167 1896 172 39 reglering
1362 1905 42 20 av
1426 1896 114 29 denna
1564 1904 74 30 spe-

153 1952 99 30 ciella
278 1951 295 41 rättegångsform
600 1952 45 29 än
671 1952 67 29 den
764 1951 213 29 nuvarande.
1004 1951 65 39 Jag
1096 1950 160 29 förordar
1283 1949 120 30 därför
1430 1949 114 30 denna
1571 1949 67 29 lös-

152 2006 93 40 ning.

198 2060 116 39 Enligt
344 2060 353 39 kommittéförslaget
726 2059 120 39 vidgas
876 2059 125 29 fristen
1031 2058 54 30 för
1116 2058 147 30 klander
1292 2067 43 21 av
1364 2058 164 39 dispasch
1558 2057 80 30 från

153 2113 203 29 nuvarande
377 2113 117 30 trettio
518 2113 105 39 dagar
645 2113 53 29 till
721 2113 57 29 två
800 2112 166 29 månader
990 2112 78 29 från
1093 2112 226 39 dispaschens
1343 2111 75 40 dag.
1442 2112 102 29 Detta
1566 2120 73 20 mo-

151 2167 128 29 tiveras
302 2167 126 29 främst
451 2176 42 21 av
515 2168 50 29 att
587 2167 56 29 det
665 2167 12 29 i
698 2166 282 39 dispaschmålen
1001 2166 75 30 ofta
1098 2165 189 40 uppträder
1310 2165 190 30 utländska
1522 2166 116 39 parter

153 2229 76 21 som
253 2222 39 28 är
317 2222 11 29 i
351 2220 112 31 behov
488 2230 42 20 av
554 2220 144 30 rådrum
724 2220 65 30 och
814 2219 294 31 förberedelsetid.
1134 2220 67 29 För
1227 2222 50 28 att
1303 2220 135 39 frågan,
1464 2220 174 29 huruvida

153 2275 164 39 dispasch
341 2275 159 29 kommer
526 2276 49 29 att
599 2274 107 30 vinna
731 2274 77 39 laga
831 2274 105 34 kraft,
963 2274 89 30 skall
1076 2274 197 39 klarläggas
1298 2273 12 30 i
1334 2275 49 28 ett
1406 2273 101 40 tidigt
1534 2273 105 30 skede

153 2327 147 30 föreslår
322 2328 210 30 kommittén
555 2327 189 39 samtidigt,
767 2329 50 29 att
840 2328 66 29 den
929 2336 76 21 som
1026 2327 60 30 vill
1108 2327 150 31 klandra
1280 2327 164 40 dispasch
1467 2327 91 30 skall
1580 2336 60 21 an-

153 2383 93 29 mäla
273 2383 94 29 detta
394 2383 63 29 hos
486 2382 249 30 rådhusrätten
762 2382 96 29 inom
886 2382 78 39 fyra
991 2382 125 30 veckor
1146 2381 79 30 från
1255 2382 287 40 dispaschdagen.
1572 2383 68 29 Un-

153 2435 59 29 der
236 2434 384 40 remissbehandlingen
643 2435 64 30 har
731 2435 70 30 viss
825 2435 110 29 kritik
958 2434 127 30 riktats
1109 2436 73 28 mot
1206 2434 166 40 förslaget
1397 2444 57 20 om
1477 2435 162 30 klander-

153 2488 174 31 anmälan.
351 2490 54 28 En
428 2489 110 29 sådan
562 2488 196 40 anordning
781 2488 129 30 saknar
933 2488 106 30 också
1063 2488 249 40 motsvarighet
1335 2489 13 29 i
1370 2488 68 30 den
1461 2489 177 29 allmänna
