1880 2780
396 144 122 29 Första
539 143 244 39 lagutskottets
805 141 179 31 utlåtande
1004 151 44 19 nr
1067 141 39 29 21
1130 141 39 29 år
1191 141 83 29 1963
1550 139 40 30 23

88 228 110 30 betets
223 227 89 40 gång
338 227 188 39 anledning
550 227 118 29 därtill
692 235 123 30 yppas,
840 226 195 39 framlägga
1060 225 131 39 förslag
1216 224 52 30 till
1293 223 161 40 partiella
1479 222 108 30 refor-

88 288 75 20 mer
182 278 9 29 i
211 279 175 29 avvaktan
405 278 45 39 på
468 279 193 37 översynen
680 286 42 20 av
741 276 267 40 lagstiftningen
1027 276 11 29 i
1058 276 78 29 dess
1156 275 127 30 helhet.
1304 274 13 29 I
1337 274 152 39 enlighet
1509 273 78 30 här-

88 329 79 30 med
191 329 64 29 har
277 329 235 39 beredningen
536 328 79 30 med
640 328 114 29 förtur
778 327 160 39 upptagit
962 328 47 28 ett
1035 326 94 29 antal
1155 325 116 40 frågor
1296 334 55 20 om
1376 323 210 39 utmätning,

88 379 268 40 handräckning
380 380 65 29 och
468 379 145 30 införsel
636 387 46 21 m.
707 387 45 20 m.
777 378 65 30 och
866 377 122 30 därvid
1011 377 170 39 begagnat
1206 376 51 39 sig
1281 385 42 20 av
1347 375 56 29 det
1428 374 158 30 material

89 439 75 21 som
186 431 144 29 samlats
353 439 42 21 av
414 430 68 29 den
503 430 78 29 med
605 429 77 30 stöd
704 438 41 20 av
767 428 126 39 Kungl.
916 427 123 40 Maj:ts
1062 426 277 40 bemyndigande
1362 426 66 29 den
1451 425 39 29 20
1514 433 74 31 sep-

87 481 134 30 tember
245 481 82 30 1957
351 481 147 29 tillsatta
520 479 232 40 utredningen
776 479 55 30 för
855 477 251 31 förberedande
1130 478 145 38 översyn
1299 486 42 20 av
1364 475 224 39 utsöknings-

90 531 100 38 lagen
206 541 45 20 m,
267 541 46 20 m.
331 531 192 30 Resultatet
540 540 41 20 av
597 530 131 29 arbetet
745 529 185 39 föreligger
945 529 10 29 i
972 528 92 29 form
1081 537 41 21 av
1138 527 220 30 betänkande
1375 527 66 29 den
1459 527 18 29 6
1494 526 97 29 okto-

90 582 60 30 ber
169 582 79 29 1961
266 600 45 3 —
327 581 306 40 »Utsökningsrätt
650 581 33 29 I>
708 580 102 34 (SOU
830 580 99 29 1961:
946 579 57 34 53)
1024 598 45 4 —
1086 579 77 29 med
1183 578 130 39 förslag
1331 578 52 29 till
1401 577 93 30 vissa
1513 586 77 30 par-

90 632 96 30 tiella
201 632 171 30 reformer
389 641 75 20 som
482 632 56 29 det
557 631 136 29 funnits
712 631 180 39 angeläget
911 632 50 28 att
981 631 137 29 snarast
1137 628 214 40 genomföra.

136 682 89 30 Över
245 682 236 30 betänkandet
502 682 64 29 har
587 681 88 30 efter
696 681 124 30 remiss
843 680 207 30 utlåtanden
1068 680 145 38 avgivits
1236 688 42 20 av
1300 678 288 39 socialstyrelsen,

92 732 376 35 riksrevisionsverket,
489 730 431 35 överståthållarämbetet,
941 730 318 39 länsstyrelserna
1253 723 23 50 i
1280 728 208 35 Malmöhus,
1510 727 80 30 Öre-

92 783 71 35 bro,
184 783 312 30 Västernorrlands
517 782 65 30 och
602 781 229 30 Norrbottens
853 781 68 35 län,
944 780 337 31 överexekutorerna
1301 780 11 29 i
1335 778 168 39 Göteborg
1525 778 64 29 och

92 833 221 39 Norrköping
333 835 91 28 samt
443 831 423 41 uppbördsutredningen.

137 883 427 30 Överståthållarämbetet
598 883 65 29 har
697 882 133 39 bifogat
863 881 164 39 yttrande
1062 890 42 20 av
1137 879 408 31 exekutionsdirektören
1579 878 11 29 i

93 934 211 31 Siockholm.
330 933 305 40 Länsstyrelserna
661 933 64 29 har
747 933 227 33 överlämnat,
1000 931 250 39 länsstyrelsen
1274 930 11 30 1
1309 930 198 30 Malmöhus
1532 929 58 30 län

91 984 187 39 yttranden
299 984 80 29 från
399 984 251 30 överexekutor
669 984 12 28 i
699 983 128 29 Malmö
849 982 65 30 och
932 981 269 39 stadsfogdarna
1222 981 182 29 därstädes
1426 981 163 29 ävensom

92 1034 80 30 från
194 1034 648 38 landsfiskalen-utmätningsmannen
865 1033 12 29 i
900 1033 122 29 Eslövs
1047 1032 141 29 distrikt
1212 1033 91 28 samt
1327 1030 263 30 landsfiskaler-

92 1094 46 20 na
158 1085 10 28 i
189 1085 173 38 Höganäs,
385 1085 157 38 Mörarps
564 1083 65 30 och
651 1083 145 31 Svedala
816 1082 152 34 distrikt,
991 1082 250 38 länsstyrelsen
1262 1081 11 29 i
1295 1080 129 31 Örebro
1445 1081 58 29 län
1524 1081 67 39 ytt-

93 1135 132 29 randen
253 1134 81 30 från
362 1134 647 38 landsfiskalen-utmätningsmannen
1037 1132 12 30 i
1076 1132 195 38 Karlskoga
1294 1131 151 35 distrikt,
1475 1130 116 30 lands-

93 1185 149 30 fiskalen
262 1185 11 29 i
293 1184 194 39 Lekebergs
507 1183 142 31 distrikt
670 1184 64 29 och
756 1183 171 39 styrelsen
946 1183 56 29 för
1022 1182 310 39 länsavdelningen
1353 1191 42 20 av
1416 1181 175 39 förening-

92 1244 43 20 en
154 1235 154 38 Sveriges
324 1235 259 34 landsfiskaler,
601 1234 250 38 länsstyrelsen
869 1234 11 29 i
898 1233 311 30 Västernorrlands
1228 1233 58 29 län
1303 1232 189 39 yttranden
1511 1230 79 30 från

90 1285 687 39 landsfiskalerna-utmätningsmännen
804 1284 11 29 i
844 1284 113 30 Sköns
984 1284 64 29 och
1077 1283 162 30 Sollefteå
1266 1282 154 33 distrikt,
1447 1281 145 30 landsfi-

91 1336 163 30 skalerna
269 1335 11 30 i
297 1335 194 34 Kramfors,
508 1336 111 38 Torps
636 1335 64 29 och
718 1334 160 30 Ramsele
896 1333 152 35 distrikt,
1068 1333 269 39 stadsfogdarna
1354 1332 11 29 i
1383 1331 209 30 Härnösand

93 1386 64 30 och
184 1386 185 31 Sundsvall
396 1387 163 29 ävensom
586 1384 311 30 Västernorrlands
922 1383 265 38 länsavdelning
1214 1391 41 21 av
1281 1381 205 39 föreningen
1514 1382 77 29 Sve-

93 1437 89 39 riges
217 1436 250 30 landsfiskaler
504 1437 92 28 samt
629 1435 251 38 länsstyrelsen
915 1434 11 29 i
961 1433 228 29 Norrbottens
1215 1433 58 29 län
1297 1432 189 39 yttranden
1510 1430 81 30 från

92 1486 688 38 landsfiskalerna-utmätningsmännen
810 1484 11 29 i
850 1484 146 35 Bodens,
1028 1483 179 34 Gällivare,
1238 1482 135 29 Kiruna
1402 1482 65 29 och
1495 1480 97 30 Piteå

93 1537 142 29 distrikt
256 1537 65 29 och
344 1536 226 39 stadsfogden
592 1536 11 29 i
625 1534 116 31 Luleå.
765 1534 345 30 Överexekutorerna
1131 1534 11 29 i
1166 1532 169 39 Göteborg
1355 1532 64 29 och
1441 1531 150 29 Norrkö-

93 1587 83 38 ping
195 1587 64 29 har
279 1596 62 20 var
362 1586 55 30 för
440 1586 50 39 sig
511 1586 133 38 bifogat
665 1585 188 40 yttranden
876 1594 42 20 av
939 1584 109 29 förste
1070 1583 65 29 och
1158 1583 106 29 andre
1289 1582 269 39 stadsfogdarna
1581 1581 10 29 i

93 1637 132 29 staden.

138 1686 427 39 Riksförsäkringsverket
586 1686 64 29 har
672 1685 127 39 avgivit
820 1684 175 30 infordrat
1016 1683 180 30 utlåtande
1218 1684 10 28 i
1249 1683 66 29 vad
1339 1682 107 39 angår
1468 1681 123 40 frågan

94 1746 56 20 om
173 1737 145 29 införsel
341 1736 11 29 i
376 1736 247 39 sjukpenning.
647 1735 263 30 Ämbetsverket
932 1735 64 29 har
1020 1734 121 29 därvid
1164 1733 146 30 samrått
1334 1732 79 30 med
1439 1732 152 31 Svenska

94 1786 378 40 sjukkasseförbundet
493 1786 64 30 och
580 1785 500 39 Socialförsäkringsbolagens
1098 1784 171 38 förening.

136 1836 151 30 Tillfälle
308 1838 50 28 att
379 1836 120 39 avgiva
518 1836 162 39 yttrande
700 1836 81 29 över
801 1835 237 29 betänkandet
1059 1835 63 28 har
1143 1835 86 28 även
1250 1834 129 29 beretts
1402 1832 191 40 uppbörds-

94 1886 477 39 organisationskommitltén,
602 1885 155 39 Sveriges
786 1884 331 33 advokatsamfund,
1147 1883 262 38 Föreningarna
1438 1882 154 38 Sveriges

94 1937 249 29 landsfiskaler
372 1936 65 29 och
465 1935 153 39 Sveriges
649 1935 232 38 stadsfogdar,
912 1933 155 31 Svenska
1095 1932 380 30 exekutionsmännens
1505 1932 88 29 riks-

96 1986 160 35 förbund,
296 1986 153 30 Svenska
487 1985 295 35 stadsförbundet,
822 1984 154 31 Svenska
1013 1983 379 30 landskommunernas
1431 1982 160 34 förbund,

96 2037 154 30 Svenska
285 2036 412 33 socialvårdsförbundet,
734 2035 157 38 Sveriges
923 2032 455 40 fastighetsägareförbund,
1405 2033 188 38 Hyresgäs-

95 2089 117 27 ternas
244 2086 239 35 riksförbund,
516 2085 275 30 Riksförbundet
823 2084 274 38 Landsbygdens
1129 2084 83 33 folk,
1245 2083 219 30 Stockholms
1498 2082 95 29 stads

95 2136 350 39 rättshjälpsanstalt,
468 2135 187 39 Göteborgs
677 2135 96 29 stads
795 2134 350 39 rättshjälpsanstalt,
1168 2133 425 29 Fredrika-Bremer-För-

95 2186 140 34 bundet,
255 2186 155 38 Sveriges
428 2185 430 38 husmodersföreningars
876 2183 228 30 riksförbund
1123 2183 63 29 och
1204 2183 281 29 Yrkeskvinnors
1504 2191 89 20 sam-

96 2235 281 30 arbetsförbund.
398 2235 193 29 Yltranden
613 2235 64 28 har
698 2234 188 29 inkommit
909 2233 79 29 från
1012 2233 161 36 samtliga
1195 2234 97 27 utom
1316 2232 278 38 uppbördsorga-

98 2285 391 29 nisalionskommittén.

140 2335 193 29 Yttranden
357 2334 63 29 har
442 2334 130 38 jämväl
595 2333 187 29 inkommit
806 2332 79 30 från
909 2333 217 37 Föreningen
1151 2331 155 38 Sveriges
1330 2331 261 38 rättshjälpsju-

96 2384 102 30 rister
222 2384 64 29 och
313 2384 154 30 Svenska
492 2384 212 38 företagares
730 2382 238 30 riksförbund.
995 2382 186 29 Dessutom
1207 2381 64 29 har
1296 2381 298 29 besvärssakkun-

98 2435 79 37 niga
195 2434 121 39 ingivit
337 2444 42 19 en
401 2443 41 20 av
463 2433 234 30 betänkandet
718 2433 183 30 föranledd
923 2431 233 40 promemoria
1178 2431 177 38 angående
1377 2430 216 30 förfarandet

97 2485 9 28 i
129 2484 289 38 utsökningsmål.
