1870 2792
437 208 124 39 Tredje
588 208 246 39 lagutskottets
861 209 179 29 utlåtande
1066 218 42 20 nr
1136 209 39 29 19
1200 209 39 29 år
1267 210 84 28 1959
1619 220 18 19 5

148 287 106 39 vägar
270 305 44 3 —
330 288 177 29 använder
525 288 175 39 uttrycket
721 289 154 28 »rätten>
895 289 11 29 i
925 288 114 30 stället
1058 289 54 29 för
1132 288 382 40 >ägodelningsrätten>
1537 298 102 30 synes

148 340 184 40 principen
354 341 10 28 i
387 340 94 31 detta
505 340 61 31 fall
590 341 90 39 gälla
703 341 68 30 alla
794 341 186 30 instanser.

191 407 49 29 På
262 416 134 21 samma
419 409 68 28 sätt
509 417 74 20 som
604 408 11 29 i
636 408 18 30 3
678 409 79 39 kap.
779 409 100 38 lagen
901 418 57 20 om
980 409 159 30 enskilda
1161 410 104 38 vägar
1287 410 64 29 har
1374 409 122 40 frågan
1518 409 85 29 lösts
1625 409 10 28 i

147 460 334 40 strandlagen
524 462 35 32 (6
587 461 33 37 $)
651 463 64 28 och
753 462 499 39 naturskyddslagen
1293 463 56 32 (31
1379 462 49 37 $),
1454 463 89 30 båda
1569 462 67 29 till-

147 513 131 30 komna
303 514 39 29 år
370 515 92 29 1952.

191 580 340 40 Vattenlagen
565 582 195 29 innehåller
782 584 49 28 ett
854 582 116 30 flertal
993 583 264 29 bestämmelser
1280 592 43 20 av
1345 583 293 39 expropriations-

145 633 154 39 rättsligt
321 634 165 30 innehåll.
510 635 68 30 Mål
600 635 124 30 härom
747 636 214 39 handlägges
985 645 73 20 som
1083 636 299 38 ansökningsmål.
1407 636 13 29 I
1443 636 101 29 dessa
1566 635 71 29 mål

147 686 178 40 tillämpas
348 687 221 31 beträffande
592 688 195 40 ersättning
811 689 54 29 för
888 689 191 30 kostnader
1103 689 94 30 olika
1219 689 176 40 principer
1419 689 11 29 i
1453 689 110 29 första
1587 689 51 28 in-

147 741 144 28 stansen
321 741 64 29 och
415 741 315 30 Ööverinstanserna.
762 742 13 29 I
806 741 111 31 första
946 742 137 30 instans
1114 742 178 40 tillämpas
1323 752 43 20 en
1395 742 136 39 princip
1563 751 74 20 som

147 793 134 39 ganska
301 795 86 29 nära
405 795 315 29 överensstämmer
739 795 80 30 med
838 796 383 39 expropriationslagen
1247 795 74 34 (VL
1343 795 144 34 11:65).
1508 795 131 30 Sökan-

146 846 68 29 den
239 847 88 30 skall
352 847 148 31 sålunda
524 849 129 29 ersätta
677 850 199 38 motparten
900 849 132 29 dennes
1058 849 167 39 »nödiga»
1251 849 200 30 kostnader.
1476 849 53 29 En
1553 848 86 30 olik-

145 900 59 29 het
227 903 74 27 mot
324 901 380 39 expropriationslagen
729 903 38 28 är
792 904 49 27 att
864 904 200 37 motparten
1087 902 107 39 enligt
1218 902 205 39 uttryckligt
1448 901 190 40 stadgande

144 953 71 29 kan
241 953 139 39 åläggas
405 954 114 30 betala
545 955 180 29 sökanden
752 955 108 30 sådan
885 956 152 29 kostnad
1064 965 74 20 som
1164 955 125 30 vållats
1315 956 111 29 denne
1453 965 41 20 av
1518 955 119 29 vårds-

144 1006 113 30 löshet
273 1007 83 29 eller
373 1007 244 30 försummelse
635 1008 80 30 från
731 1010 218 38 motpartens
967 1009 85 29 sida.
1068 1027 45 2 —
1129 1009 12 29 I
1159 1009 306 29 överinstanserna
1487 1008 149 33 (vatten-

144 1060 280 30 överdomstolen
450 1061 64 29 och
540 1061 123 39 högsta
689 1061 214 34 domstolen)
935 1062 108 38 gäller
1069 1062 348 39 rättegångsbalkens
1443 1061 110 39 regler
1580 1070 57 20 om

146 1113 353 39 rättegångskostnad
521 1115 11 29 i
554 1114 175 30 tvistemål
758 1115 73 33 (VL
857 1115 122 34 11:21),
1002 1115 107 30 vilket
1131 1115 147 30 innebär
1301 1117 50 27 att
1373 1115 66 29 den
1463 1114 174 40 tappande

147 1166 8 31 i
180 1167 137 39 princip
344 1167 88 29 skall
457 1168 129 29 ersätta
612 1168 67 29 den
705 1168 175 30 vinnande
906 1169 90 28 hans
1022 1168 215 30 kostnader.

189 1233 140 30 Samma
348 1234 136 40 princip
505 1234 192 30 återfinnes
723 1236 5 28 i
759 1235 146 39 lagen
935 1235 89 29 den
1056 1235 52 30 28
1139 1235 112 39 juni
1286 1235 116 30 1918
1433 1244 67 21 om
1532 1236 103 29 rätt

143 1288 73 27 att
248 1287 113 29 över
393 1297 191 20 annans
616 1289 135 28 mark
784 1288 290 39 framdraga
1117 1288 209 40 ledning
1359 1288 76 30 för
1465 1290 170 28 vatten

143 1339 85 30 till
302 1341 618 40 husbehovsförbrukning,
960 1351 74 20 som
1072 1342 212 29 föreskriver
1322 1344 50 27 att
1409 1342 227 39 ersättnings-

144 1393 119 38 frågor
285 1403 73 19 som
380 1394 69 29 kan
471 1395 215 38 uppkomma
707 1395 45 39 på
774 1395 112 39 grund
909 1405 42 20 av
971 1396 101 38 lagen
1094 1396 89 29 skall
1204 1397 215 39 handläggas
1442 1407 41 20 av
1504 1397 131 29 allmän

142 1445 184 31 underrätt
351 1447 11 28 i
387 1449 108 27 orten.
522 1447 227 30 Beträffande
775 1448 121 30 därvid
923 1449 286 38 uppkommande
1236 1450 190 29 kostnader
1451 1450 107 39 gäller
1584 1452 50 27 att

144 1499 182 29 käranden
349 1500 87 29 skall
459 1501 130 29 ersätta
611 1503 200 37 motparten
833 1502 127 38 nödiga
982 1502 190 29 kostnader
1194 1503 11 28 i
1228 1502 111 30 första
1360 1503 137 30 instans
1525 1502 35 34 (6
1585 1503 50 36 $).

146 1552 11 29 I
179 1552 111 39 övrigt
312 1553 54 29 får
387 1553 347 39 rättegångsbalkens
757 1554 178 30 allmänna
956 1555 110 38 regler
1088 1564 102 21 anses
1212 1556 101 38 gälla.

186 1619 160 39 Lagen
379 1620 88 29 den
503 1621 13 28 1
551 1620 259 30 december
844 1622 116 29 1950
994 1631 67 20 om
1094 1622 294 40 ersättning
1421 1623 76 29 för
1529 1623 105 29 mis-

145 1672 78 29 tad
261 1672 250 30 fiskerätt
547 1673 193 30 innehåller
765 1693 44 2 —
833 1675 10 29 i
868 1675 111 30 likhet
1004 1676 79 29 med
1111 1676 220 30 sistnämnda
1356 1676 89 30 båda
1470 1676 95 39 lagar
1589 1694 45 3 —

142 1725 114 30 skilda
275 1726 263 30 bestämmelser
557 1737 55 19 om
633 1728 195 39 ersättning
848 1728 54 30 för
922 1729 393 39 rättegångskostnader
1335 1730 11 29 i
1366 1730 110 29 första
1496 1730 136 29 instans

141 1779 64 29 och
225 1779 315 30 överinstanserna.
560 1781 12 28 I
591 1780 110 30 första
721 1781 136 29 instans
881 1782 467 39 (fiskevärderingsnämnd)
1372 1783 106 39 gäller
1498 1792 134 20 samma

141 1831 111 39 regler
274 1841 72 20 som
368 1833 10 28 i
398 1833 392 39 expropriationslagen.
813 1835 11 28 I
846 1834 110 30 likhet
977 1836 78 28 med
1076 1835 115 30 denna
1213 1836 129 29 saknar
1363 1837 85 28 även
1472 1836 82 29 1950
1575 1836 57 29 års

141 1884 54 39 lag
222 1885 10 28 i
259 1885 98 38 fråga
383 1895 56 20 om
466 1885 218 31 förfarandet
711 1887 10 28 i
748 1887 110 29 första
885 1888 137 29 instans
1049 1888 211 39 uttryckliga
1286 1889 262 29 bestämmelser
1575 1898 56 20 om

141 1937 156 30 kronans
321 1939 68 29 rätt
412 1939 51 28 till
487 1939 376 39 kostnadsersättning.
889 1941 12 28 I
926 1941 238 29 överrätterna
1190 1941 88 29 skall
1302 1942 137 29 kronan
1462 1942 11 29 i
1496 1941 137 40 princip

142 1999 99 20 svara
269 1991 54 29 för
350 1992 73 29 sina
450 2000 86 30 egna
562 1992 403 39 rättegångskostnader.
993 1993 136 30 Sådana
1156 1994 156 30 kronans
1337 1994 296 39 rättegångskost-

142 2044 108 29 nader
271 2054 73 19 som
364 2045 10 28 i
393 2045 218 30 överinstans
632 2046 198 29 föranledes
850 2057 40 19 av
910 2048 217 38 motpartens
1149 2047 244 30 försummelse
1413 2048 82 29 eller
1514 2048 120 29 vårds-

141 2096 113 30 löshet
279 2097 10 29 i
315 2098 224 38 rättegången
566 2099 86 29 skall
679 2099 88 29 dock
794 2101 198 37 motparten
1018 2101 129 29 ersätta
1173 2101 147 29 kronan.
1345 2119 43 2 —
1414 2101 11 28 I
1452 2101 97 38 fråga
1576 2110 56 19 om

140 2151 217 37 motpartens
387 2151 189 29 kostnader
607 2152 9 28 i
648 2152 220 30 överinstans
899 2152 177 40 tillämpas
1108 2155 9 28 i
1150 2154 111 30 första
1292 2155 94 29 hand
1417 2156 215 39 rättegångs-

139 2202 147 30 balkens
310 2203 176 30 allmänna
512 2204 109 39 regler
645 2205 78 29 med
749 2206 65 28 den
840 2205 303 40 inskränkningen
1168 2209 50 27 att
1243 2208 136 29 kronan
1405 2209 87 29 skall
1517 2209 114 29 betala

140 2255 150 29 kostnad
320 2265 72 20 som
422 2256 163 30 åsamkas
614 2259 198 37 motparten
841 2265 124 30 genom
995 2260 50 28 att
1073 2259 137 29 kronan
1240 2260 149 39 fullföljt
1418 2261 94 29 talan
1547 2261 35 33 (6
1615 2262 14 35 $

141 2308 111 29 första
279 2309 133 37 stycket
439 2309 111 38 tredje
576 2310 191 38 punkten).
795 2311 175 29 Utskottet
997 2311 133 38 återger
1158 2312 113 29 nedan
1298 2313 10 28 i
1333 2315 48 27 ett
1409 2314 140 29 särskilt
1576 2324 56 19 av-

142 2360 84 29 snitt
250 2361 93 29 vissa
368 2361 203 30 uttalanden
596 2362 56 30 vid
678 2362 217 30 tillkomsten
922 2373 42 20 av
988 2363 100 30 dessa
1114 2365 273 29 bestämmelser.

174 2468 8 14 +
203 2469 188 24 Norrländska
418 2471 362 30 vattenkraftutredningen
801 2472 49 23 har
870 2472 7 23 i
899 2472 50 23 sitt
970 2472 29 23 år
1020 2473 67 23 1957
1109 2473 119 29 avgivna
1250 2474 177 24 betänkande
1447 2474 182 30 (stencilerat)

139 2504 139 30 föreslagit
298 2505 52 23 den
371 2506 150 30 ändringen
543 2508 42 21 att
606 2508 122 23 sökande
749 2508 6 22 i
776 2508 156 23 vattenmål
948 2508 78 28 skall,
1042 2510 113 22 oavsett
1170 2510 150 29 utgången,
1335 2510 70 29 själv
1420 2517 78 17 svara
1514 2511 41 22 för
1570 2511 58 23 sina

140 2545 66 25 2gna
222 2541 170 23 kostnader
378 2537 16 40 i
408 2542 52 22 alla
476 2542 136 24 instanser
626 2543 31 29 (s.
676 2543 49 24 163
740 2543 40 29 f.).
