1850 2776
236 149 19 29 4
584 146 312 30 Bankoutskottets
916 146 177 30 utlåtande
1112 155 41 20 nr
1172 147 38 28 41
1230 146 40 30 år
1289 146 83 29 1965

906 335 144 43 Förslag

946 412 54 29 till

942 486 73 42 Lag

326 557 183 43 angående
523 557 152 42 ändring
689 558 12 31 i
716 556 104 43 lagen
836 557 69 32 den
920 557 22 32 3
955 557 80 42 juni
1052 555 88 35 1955
1159 557 61 44 (nr
1235 556 86 44 416)
1339 568 60 21 om
1415 555 220 43 sparbanker

269 659 212 40 Härigenom
499 659 195 35 förordnas,
713 661 49 29 att
779 659 130 30 27—29
929 658 37 38 $8
984 660 100 38 lagen
1101 659 67 30 den
1185 659 18 30 3
1221 658 79 40 juni
1320 659 81 30 1955
1420 667 57 21 om
1495 658 229 40 sparbanker!

225 704 99 30 skola
338 704 133 30 erhålla
485 703 135 30 ändrad
633 704 128 39 lydelse
776 703 45 40 på
835 704 69 29 sätt
917 704 113 29 nedan
1045 703 150 39 angives.

376 774 225 35 (Nuvarande
622 774 145 40 lydelse)

1193 773 226 40 (Föreslagen
1441 773 146 39 lydelse)

933 817 83 38 278.

1005 871 240 39 sparbankens
1259 870 135 30 fonder.

270 916 115 29 litet
428 912 24 48 Oo
453 933 433 5 ———————>—
900 915 239 40 sparbankens
1153 914 135 31 fonder.

281 961 50 29 På
372 961 158 29 ansökan
572 969 43 21 av
656 960 178 39 sparbank
876 960 80 39 äger

237 1005 207 39 Konungen,
482 1004 87 39 efter
605 1004 154 30 hörande
796 1012 42 21 av
874 1003 82 40 full-

238 1048 153 40 mäktige
414 1049 11 29 i
445 1048 214 30 riksbanken
681 1048 63 30 och
766 1048 190 40 riksgälds-

238 1094 163 29 kontoret
432 1094 92 29 samt
557 1091 398 41 tillsynsmyndigheten,

238 1137 160 40 medgiva
417 1138 51 28 att
486 1146 42 20 av
546 1136 223 40 sparbanken
790 1136 165 30 utställda

238 1181 229 40 förlagsbevis
492 1181 74 30 icke
590 1181 99 31 skola
713 1188 102 23 anses
839 1181 116 30 såsom

239 1226 159 39 inlåning
422 1227 91 28 samt
537 1227 51 28 att
612 1225 80 30 med
715 1225 241 39 sparbankens

239 1270 125 39 fonder
382 1270 58 30 må
458 1269 181 36 likställas,
659 1269 91 30 intill
767 1270 48 29 ett
833 1269 124 39 belopp

239 1314 246 30 motsvarande
509 1314 103 39 högst
635 1313 134 40 hälften
794 1322 43 21 av
861 1322 97 31 spar-

242 1359 156 30 bankens
424 1358 214 39 reservfond,
664 1357 189 30 nominella
882 1358 75 28 vär-

241 1403 57 29 det
316 1403 20 29 å
354 1401 239 41 förlagsbevis,
616 1401 165 31 utställda
800 1410 43 22 av
861 1409 97 32 spar-

241 1447 149 30 banken.

272 1624 194 40 Sparbank,
480 1632 75 21 som
580 1618 29 50 —
624 1642 44 3 —
790 1641 156 3 ———

1054 959 183 39 Sparbank
1256 959 81 39 äger
1359 960 84 29 utan
1463 959 125 29 hinder
1609 967 42 21 av
1673 959 55 29 be-

1011 1003 266 30 stämmelserna
1304 1003 12 29 i
1340 1003 111 39 första
1478 1003 137 39 stycket
1641 1012 86 30 upp-

1012 1047 78 30 låna
1107 1061 1 3 :
1111 1047 114 30 medel
1245 1049 74 28 mot
1341 1047 239 39 förlagsbevis.
1603 1047 124 30 Sålun-

1011 1092 43 29 da
1076 1091 169 40 upplånat
1265 1091 134 39 kapital
1419 1091 57 30 må
1497 1091 57 30 vid
1577 1091 150 39 tillämp-

1011 1136 84 39 ning
1115 1145 42 21 av
1176 1136 155 29 nämnda
1353 1135 261 30 bestämmelser
1636 1135 92 30 intill

1016 1181 48 28 ett
1107 1180 123 39 belopp
1270 1180 247 29 motsvarande
1558 1179 168 40 sparban-

1012 1225 85 30 kens
1116 1224 205 39 reservfond
1341 1224 171 30 likställas
1532 1223 81 31 med
1631 1233 97 29 spar-

1013 1268 155 30 bankens
1190 1268 135 40 fonder.
1346 1269 16 28 I
1382 1268 99 40 fråga
1504 1277 55 21 om
1583 1268 144 39 kapital,

1012 1321 74 22 som
1103 1313 69 29 kan
1186 1321 43 22 av
1243 1312 201 40 långivaren
1458 1312 203 30 återkrävas
1677 1312 50 29 in-

1013 1366 54 20 om
1090 1357 70 39 fem
1183 1357 49 36 år,
1256 1357 92 30 skall
1369 1356 89 30 dock
1480 1356 173 39 iakitiagas
1677 1357 51 29 att

1011 1402 81 29 med
1111 1401 242 40 sparbankens
1373 1401 125 39 fonder
1517 1401 58 30 må
1596 1400 133 30 likstäl-

1015 1446 49 29 las
1084 1445 102 39 högst
1205 1445 39 30 så
1263 1447 73 28 stor
1355 1445 56 30 del
1429 1454 42 21 av
1492 1445 58 29 det
1571 1445 96 39 varje
1689 1445 39 29 år

1012 1489 211 40 förfallande
1244 1489 159 39 beloppet
1420 1498 75 21 som
1516 1498 121 21 svarar
1655 1489 74 29 mot

1018 1543 41 20 en
1091 1533 130 30 tiondel
1251 1542 42 21 av
1323 1533 242 40 sparbankens
1596 1542 133 20 reserv-

1013 1578 96 39 fond.

1013 1623 11 29 i
1038 1621 202 40 beräkning.

937 1693 40 30 28
994 1692 27 38 8.

273 1748 202 40 Sparbanks
495 1747 308 40 utlåningsrörelse
822 1764 45 4 —
885 1764 45 4 —
947 1764 43 4 —
1008 1764 44 3 —
1071 1746 240 39 sparbankens
1332 1745 397 31 verksamhetsområde.

285 1792 74 30 Lån
389 1792 59 31 må
475 1793 31 39 ej
540 1793 179 30 utlämnas
747 1793 73 28 mot
850 1792 108 29 annat

241 1837 274 39 fordringsbevis
545 1838 45 28 än
621 1836 216 30 skuldebrev.
867 1836 92 29 Utan

241 1881 125 30 hinder
394 1890 43 20 av
463 1882 66 28 vad
557 1880 150 30 sålunda
734 1880 141 39 stadgas
902 1880 58 29 må

241 1926 89 29 dock
354 1925 148 39 beviljas
525 1925 115 29 kredit
663 1925 12 29 i
699 1924 260 39 checkräkning

243 1969 51 30 till
326 1969 125 39 belopp
481 1969 11 29 i
523 1969 96 39 varje
650 1968 143 30 särskilt
822 1968 66 39 fall
917 1977 42 20 av

241 2014 103 39 högst
359 2012 279 41 tjugufemtusen
653 2013 138 29 kronor.

1057 1790 72 30 Lån
1160 1790 58 30 må
1247 1790 31 39 ej
1311 1790 177 29 utlämnas
1519 1792 73 28 mot
1622 1792 108 28 annat

1013 1835 274 39 fordringsbevis
1317 1835 44 29 än
1391 1834 218 31 skuldebrev.
1639 1835 91 29 Utan

1013 1879 125 29 hinder
1165 1888 41 20 av
1233 1879 66 29 vad
1329 1878 147 30 sålunda
1505 1879 140 39 stadgas
1672 1878 58 30 må

1013 1924 88 29 dock
1122 1923 147 39 beviljas
1290 1923 115 29 kredit
1427 1924 10 29 i
1459 1922 270 40 checkräkning.

272 2057 75 31 Lån
362 2059 86 28 utan
493 2075 67 3 ——
583 2074 84 4 ——
683 2074 211 4 —-—>-—-—
905 2056 180 39 jämförlig
1100 2055 246 40 samfällighet.

274 2102 140 40 lövigb
427 2117 595 6 -—————————>-
1033 2100 12 30 i
1059 2100 231 40 sparbanken.

285 2147 85 36 Lån,
391 2147 57 39 för
468 2146 106 30 vilket
592 2145 207 31 säkerheten
821 2146 139 38 utgöres

242 2200 42 20 av
306 2191 128 39 borgen
456 2199 41 22 av
518 2199 118 21 annan
658 2190 44 29 än
723 2190 171 29 kommun
916 2189 45 30 el-

243 2235 49 29 ler
324 2235 145 29 därmed
500 2233 181 41 jämförlig
712 2233 247 40 samfällighet,

242 2279 58 30 må
323 2279 176 29 utlämnas
522 2278 123 30 endast
666 2278 44 39 på
733 2277 68 31 viss
825 2277 50 30 tid
896 2277 64 30 och

243 2324 35 38 ej
307 2323 115 30 utestå
452 2323 116 39 längre
598 2323 45 29 än
672 2322 134 39 femton
836 2322 49 30 år.
915 2322 46 28 Är

243 2368 94 29 lånet
356 2367 97 29 ställt
472 2367 44 39 på
536 2367 118 39 längre
675 2366 287 39 återbetalnings-

244 2412 50 29 tid
311 2412 45 29 än
376 2412 48 29 ett
442 2411 48 36 år,
509 2411 91 29 skall
619 2411 11 29 i
647 2410 243 31 skuldebrevet
910 2411 52 28 ut-

279 2477 7 14 1
308 2477 116 23 Senaste
439 2476 101 30 lydelse
555 2482 36 17 av
605 2476 33 23 27
653 2477 11 27 $
678 2482 28 17 se
721 2475 144 28 1962:234,
881 2482 36 17 av
930 2475 34 24 28
979 2476 11 28 $
1003 2482 27 17 se
1046 2475 137 24 1963:180
1197 2475 50 24 och
1261 2481 36 17 av
1311 2475 33 23 29
1359 2476 11 28 $
1384 2482 26 17 se
1426 2475 143 24 1962:616.
