1880 2748
287 168 20 30 8
564 169 404 36 Bevillningsutskottets
990 169 219 30 betänkande
1230 179 42 20 nr
1291 170 42 29 26
1353 169 41 30 år
1414 170 84 29 1962

653 258 46 35 H)
730 259 51 28 att
803 257 156 37 följande
980 258 183 36 motioner,
1185 258 175 37 nämligen

654 311 34 34 1)
718 311 42 29 de
776 311 223 36 likalydande
1014 311 218 29 motionerna
1250 311 28 28 I:
1295 310 63 29 224
1375 320 41 20 av
1431 310 126 29 fröken
1573 310 199 30 Andersson

610 373 44 20 m.
673 363 37 31 fl.
730 363 65 30 och
815 364 45 28 II:
877 363 62 30 278
959 373 42 20 av
1019 363 82 30 herr
1118 364 179 37 Nordgren
1317 372 45 21 m.
1382 363 48 34 fl.,
1451 364 91 28 samt

653 416 35 35 2)
719 417 41 29 de
781 416 223 37 likalydande
1024 416 220 29 motionerna
1265 416 28 28 I:
1309 415 64 30 464
1395 425 41 20 av
1456 415 122 30 herrar
1598 416 175 29 Jonasson

610 470 63 29 och
693 469 109 38 Georg
821 468 162 31 Carlsson
1002 471 93 27 samt
1114 469 45 29 II:
1175 468 63 30 534
1258 478 40 20 av
1318 469 122 29 herrar
1459 468 188 37 Börjesson
1666 467 11 29 i
1697 468 76 29 Fal-

610 522 127 38 köping
755 522 66 30 och
840 522 209 37 Björkänge,

653 575 117 34 måtte,
792 575 5 29 i
813 576 66 28 den
894 575 82 29 mån
991 575 219 29 motionerna
1225 574 73 29 inte
1313 574 70 29 kan
1399 582 101 21 anses
1515 573 189 30 besvarade
1719 580 54 30 ge-

610 637 81 21 nom
704 628 67 29 vad
785 628 172 29 utskottet
970 636 91 21 ovan
1075 627 189 35 hemställt,
1280 636 40 20 av
1336 627 186 36 riksdagen
1537 626 135 29 lämnas
1689 627 84 28 utan

612 681 131 38 åtgärd.

338 737 202 30 Stockholm
559 737 66 30 den
646 737 38 29 13
703 745 94 22 mars
820 736 82 30 1962

709 843 48 29 På
781 842 399 38 bevillningsutskottets
1204 842 146 37 vägnar:

856 949 115 30 JOHN
996 947 213 31 ERICSSON

911 1162 242 30 Närvarande:

338 1208 78 30 från
455 1208 167 30 första
662 1208 303 29 kammaren:
996 1207 123 29 herrar
1146 1206 92 30 John
1269 1206 173 35 Ericsson,
1472 1206 169 36 Hagberg,
1671 1205 107 29 Einar

294 1253 178 34 Eriksson,
494 1252 87 30 Erik
600 1252 162 35 Jansson,
784 1251 214 37 Söderquist,
1020 1251 126 30 fröken
1168 1251 188 34 Ranmark,
1377 1250 121 29 herrar
1520 1249 124 30 Gustaf
1666 1249 112 30 Elofs-

294 1305 73 27 son,
386 1296 109 30 Oscar
513 1296 174 35 Carlsson,
706 1296 186 31 Stefanson
911 1296 66 29 och
996 1295 106 30 Gösta
1120 1295 207 33 Jacobsson;
1349 1295 91 28 samt

338 1341 79 30 från
470 1341 123 29 andra
623 1341 245 30 kammaren
920 1350 6 20 :
948 1341 122 29 herrar
1091 1341 132 29 Brandt
1241 1341 10 29 i
1272 1341 196 36 Aspabruk,
1489 1340 130 34 Allard,
1640 1339 137 30 Gustaf-

294 1395 62 21 son
372 1387 10 29 i
398 1385 182 38 Göteborg,
594 1386 139 29 Nilsson
748 1386 11 29 i
776 1385 133 35 Svalöv,
926 1386 224 34 Kärrlander,
1166 1385 171 37 Vigelsbo,
1355 1385 179 37 Engkvist,
1551 1384 226 30 Christenson

294 1431 11 28 i
323 1431 138 35 Malmö,
481 1430 72 37 Asp
573 1431 64 29 och
656 1430 204 37 Björkman.

920 1678 227 29 Reservation

337 1759 41 20 av
396 1750 122 30 herrar
536 1749 169 38 Hagberg,
723 1748 215 39 Söderquist,
958 1749 125 36 Gustaf
1101 1748 174 36 Elofsson,
1294 1747 198 37 Stefanson,
1512 1746 105 30 Gösta
1634 1746 141 30 Jacobs-

292 1811 74 30 son,
386 1802 191 37 Gustafson
598 1803 10 28 i
629 1802 179 37 Göteborg,
828 1801 139 30 Nilsson
988 1802 11 29 i
1020 1802 133 34 Svalöv,
1176 1800 168 38 Vigelsbo,
1368 1799 225 31 Christenson
1615 1799 11 29 i
1647 1799 128 30 Malmö

292 1856 64 30 och
372 1855 206 38 Björkman,
595 1856 93 29 vilka
706 1857 114 28 ansett
837 1855 72 30 dels
927 1857 50 28 att
994 1856 172 29 utskottet
1181 1855 78 29 bort
1276 1854 124 30 anföra
1417 1854 172 37 följande:

338 1909 12 29 I
374 1909 40 29 de
437 1908 230 31 förevarande
688 1926 45 3 —
753 1926 45 3 —
819 1926 44 3 —
891 1911 54 32 (=
969 1908 174 30 utskottet
1165 1917 26 21 s.
1216 1908 19 29 6
1260 1909 61 28 rad
1346 1908 18 29 2
1388 1926 45 2 —
1457 1909 61 29 rad
1543 1908 19 29 9
1587 1908 183 37 uppifrån)

289 1980 45 3 —
347 1980 45 3 —
405 1980 46 3 —
467 1962 189 37 angelägen
673 1962 149 37 uppgift.

336 2015 335 38 Motionsyrkanden
697 2016 77 29 med
801 2025 134 21 samma
960 2016 170 30 innebörd
1156 2016 235 30 behandlades
1418 2017 118 28 senast
1559 2015 58 30 vid
1644 2014 132 38 föregå-

293 2069 86 29 ende
400 2068 56 30 års
481 2069 152 37 riksdag.
655 2068 177 31 Utskottet
855 2068 165 30 framhöll
1044 2069 45 29 då
1109 2087 44 2 —
1173 2070 11 29 i
1207 2069 61 30 sitt
1289 2069 221 29 betänkande
1533 2077 42 20 nr
1598 2067 41 30 23
1661 2085 41 3 —
1725 2068 50 28 att

292 2122 586 37 realisationsvinstbeskattningen
895 2131 41 21 av
951 2122 357 37 egnahemsfastighet
1323 2122 74 29 ofta
1413 2122 93 29 leder
1521 2121 53 29 till
1590 2120 186 30 otillfreds-

293 2176 170 29 ställande
486 2175 157 30 resultat.
666 2175 103 30 Detta
793 2175 294 37 sammanhänger
1111 2175 78 29 med
1213 2176 50 28 att
1287 2175 64 29 vad
1377 2183 75 21 som
1476 2174 179 29 beskattas
1680 2174 11 28 i
1715 2173 60 29 all-

292 2228 143 30 mänhet
454 2229 38 28 är
513 2237 43 20 en
575 2236 122 29 genom
718 2228 475 37 penningvärdeförsämring
1214 2228 238 37 uppkommen
1473 2228 104 30 fiktiv
1596 2229 94 28 vinst
1710 2228 65 29 och

292 2282 76 29 icke
386 2290 43 21 en
448 2282 83 29 reell
551 2282 103 30 vinst.
674 2282 66 28 Det
759 2281 157 37 oskäliga
935 2281 11 29 i
966 2281 281 37 beskattningen,
1269 2280 164 30 framhöll
1455 2281 172 29 utskottet
1647 2281 128 34 vidare,

291 2334 211 30 framträder
523 2334 144 30 särskilt
685 2334 114 29 starkt
819 2335 11 28 i
851 2335 40 29 de
911 2334 62 30 fall
995 2334 44 29 då
1059 2334 234 37 skattskyldig
1314 2335 152 36 avyttrat
1488 2334 53 29 sin
1562 2333 215 30 bostadsfas-

292 2388 109 37 tighet
420 2388 78 29 med
520 2388 187 37 anledning
727 2397 40 20 av
788 2389 52 29 att
858 2388 70 29 han
948 2388 68 29 fått
1037 2388 213 37 anställning
1270 2388 44 37 på
1334 2398 117 20 annan
1471 2390 54 28 ort
1545 2388 65 30 och
1630 2389 70 29 han
1720 2387 56 30 för

293 2442 51 29 att
360 2441 120 29 kunna
499 2440 133 31 erhålla
650 2441 143 37 lämplig
810 2441 124 30 bostad
953 2440 55 30 för
1027 2441 51 37 sig
1096 2441 64 29 och
1179 2441 54 29 sin
1252 2441 112 37 familj
1385 2441 45 37 på
1448 2441 66 30 den
1533 2450 69 28 nya
1620 2442 98 28 orten
1738 2442 38 28 är

292 2494 180 30 nödsakad
491 2495 51 28 att
560 2494 129 36 inköpa
706 2494 82 29 eller
805 2494 111 37 bygga
935 2503 42 20 en
996 2494 172 37 likvärdig
1186 2493 165 38 fastighet
1370 2495 71 29 där.
1460 2494 177 29 Utskottet
1656 2494 120 29 delade
