1928 2854
571 193 276 27 Bankoutskottets
872 193 158 27 utlåtande
1053 194 43 27 Nr
1121 195 46 26 60.
1594 192 19 29 5

122 283 56 21 om
204 273 183 39 styrelsens
412 274 158 39 yttrande
595 274 8 30 i
629 274 152 31 ärendet.
818 275 76 30 Med
921 274 186 40 anledning
1131 275 108 30 härav
1264 275 90 30 avlät
1379 275 164 39 styrelsen
1570 284 40 21 en

124 326 163 32 skrivelse
310 327 10 30 i
344 328 117 30 ämnet
486 328 64 31 den
578 329 18 29 2
622 338 93 21 mars
744 329 92 34 1933,
864 328 72 30 vari
962 329 165 38 styrelsen
1154 328 8 30 i
1189 327 98 41 fråga
1313 339 56 20 om
1396 328 218 40 förläggning

122 391 42 20 av
191 381 293 40 sedeltryckeriets
512 382 208 40 nybyggnad
751 382 47 31 till
824 383 173 30 kvarteret
1024 382 123 40 Kungl.
1176 382 131 40 Myntet
1335 382 194 40 åberopade
1557 382 56 30 sitt

124 434 39 30 år
202 436 81 29 1932
309 435 10 30 i
344 436 138 30 ärendet
511 436 119 39 gjorda
659 437 176 31 uttalande
863 440 88 27 samt
978 437 150 30 därefter
1154 436 137 31 särskilt
1319 437 159 31 framhöll
1507 437 105 30 bland

123 491 108 28 annat
253 488 169 40 följande:

168 569 226 31 Beträffande
415 569 260 39 utformningen
699 580 41 20 av
765 580 40 20 en
829 569 47 31 till
902 571 169 31 kvarteret
1097 570 122 39 Kungl.
1243 571 130 38 Myntet
1395 570 135 39 förlagd
1551 580 60 29 ny-

123 614 162 39 byggnad
309 613 188 32 innefattar
518 615 56 30 det
597 625 47 20 nu
670 615 234 39 föreliggande
929 615 162 39 förslaget
1116 615 55 31 två
1195 615 189 31 alternativ.
1419 615 114 40 Enligt
1557 616 56 30 det

122 669 64 21 ena
204 659 214 31 alternativet
436 660 110 30 skulle
561 660 205 39 byggnaden
782 660 167 39 uppföras
966 660 10 30 i
993 670 57 21 sex
1068 660 178 39 våningar,
1262 671 104 21 varav
1382 660 58 31 två
1457 661 153 30 bostads-

124 703 177 40 våningar,
328 708 88 27 samt
441 704 103 40 enligt
569 705 55 30 det
650 706 109 30 andra
785 705 213 31 alternativet
1024 705 10 30 i
1060 706 68 30 fem
1154 705 177 40 våningar,
1357 715 104 21 varav
1486 716 42 20 en
1553 706 59 29 bo-

123 748 232 39 stadsvåning.
395 750 351 39 Byggnadsstyrelsen
773 751 64 30 har
865 750 56 31 för
948 750 50 31 sin
1024 751 51 30 del
1105 751 76 30 icke
1207 750 104 39 något
1340 754 48 28 att
1415 750 113 32 erinra
1555 750 56 30 be-

123 794 176 31 träffande
323 795 41 30 de
388 794 145 32 sålunda
558 795 236 39 föreliggande
818 795 367 40 alternativförslagen,
1211 806 77 21 men
1315 795 112 31 finner
1451 795 49 39 sig
1524 795 87 31 dock

123 840 84 30 böra
231 839 141 31 förorda
395 840 55 30 det
474 839 134 31 mindre
630 840 225 36 alternativet,
878 842 166 29 avseende
1067 851 41 20 en
1126 841 162 39 byggnad
1311 841 9 30 i
1343 841 69 30 fem
1435 840 178 39 våningar,

124 884 44 31 då
192 885 55 30 det
272 885 95 30 torde
392 894 80 21 vara
496 884 224 40 tvivelaktigt,
745 885 172 32 huruvida
942 886 62 30 den
1031 887 108 29 större
1163 886 83 39 höjd
1271 885 48 31 till
1343 885 171 37 taklisten,
1539 895 73 21 som

125 930 198 30 förutsättes
352 929 10 31 i
388 930 214 31 alternativet
631 931 77 30 med
739 940 56 21 sex
824 930 178 39 våningar,
1032 931 69 31 helt
1131 931 68 31 kan
1231 930 189 40 inrymmas
1449 930 95 31 inom
1573 931 41 30 de

124 974 241 37 maximimått,
389 984 73 21 som
486 976 160 38 gällande
667 975 430 40 byggnadsförfattningar
1119 975 156 39 medgiva
1300 976 219 30 beträffande
1542 985 71 20 om-

125 1019 94 32 rådet
239 1019 121 40 ifråga.

168 1065 335 31 Totalkostnaderna
524 1065 55 30 för
600 1066 218 39 uppförande
841 1076 41 21 av
902 1076 40 21 en
963 1066 209 39 nybyggnad
1192 1066 19 31 å
1233 1067 170 30 kvarteret
1424 1066 37 30 K.
1484 1066 129 39 Myntet

123 1109 105 40 enligt
249 1110 41 31 de
311 1119 48 21 nu
382 1109 235 40 föreliggande
639 1110 214 39 ritningarna
875 1111 90 31 hava
988 1121 41 20 av
1052 1111 197 38 professorn
1272 1111 199 31 Lallerstedt
1491 1111 121 30 beräk-

124 1157 76 28 nats
225 1154 49 31 till
300 1156 63 29 872
377 1156 63 29 000
466 1155 130 30 kronor
622 1156 55 30 för
702 1156 55 30 det
783 1157 107 29 större
915 1156 214 30 alternativet
1150 1156 64 30 och
1241 1157 61 29 782
1317 1157 64 29 000
1406 1156 130 30 kronor
1560 1155 55 31 för

124 1200 56 30 det
207 1199 144 31 mindre.
393 1200 226 31 Beträffande
647 1201 41 30 de
718 1200 144 31 sålunda
892 1200 148 39 angivna
1072 1201 316 31 totalkostnaderna
1417 1201 65 30 har
1508 1200 104 39 bygg-

124 1244 254 39 nadsstyrelsen
401 1244 75 31 icke
498 1245 104 39 något
625 1248 47 28 att
692 1245 122 31 erinra.
851 1246 170 39 Styrelsen
1045 1246 57 30 vill
1126 1245 197 40 visserligen
1347 1245 195 36 framhålla,
1567 1248 47 27 att

124 1299 42 21 cn
193 1290 53 30 del
273 1292 115 37 poster
415 1300 102 29 synas
545 1300 82 21 vara
656 1291 56 30 för
738 1290 68 40 lågt
834 1291 207 34 beräknade,
1070 1301 78 20 men
1175 1292 91 29 detta
1294 1291 174 38 motväges
1496 1300 41 21 av
1567 1292 47 28 att

125 1335 108 31 andra
260 1337 115 37 poster
399 1336 97 30 torde
521 1345 82 21 vara
624 1336 55 30 väl
705 1336 81 36 högt
812 1335 165 40 tilltagna.
1014 1336 127 30 Värdet
1167 1336 19 30 å
1212 1337 66 30 den
1304 1335 200 39 ifrågasatta
1530 1338 84 28 tom-

125 1383 56 27 ten
204 1380 64 31 har
289 1390 42 20 av
352 1380 200 39 professorn
574 1381 201 30 Lallerstedt
797 1382 219 38 uppskattats
1038 1381 47 30 till
1110 1382 63 29 700
1185 1382 64 29 000
1268 1382 129 29 kronor
1417 1390 77 21 men
1518 1381 97 29 torde

124 1424 105 39 enligt
249 1425 364 39 byggnadsstyrelsens
636 1425 139 39 mening
796 1426 74 30 icke
890 1426 85 31 böra
998 1426 104 30 sättas
1119 1426 106 38 högre
1247 1427 44 29 än
1314 1427 63 29 600
1389 1426 64 29 000
1475 1426 138 29 kronor.

126 1470 48 30 De
205 1479 42 21 av
276 1469 198 39 professorn
505 1470 202 31 Lallerstedt
735 1471 200 30 beräknade
963 1471 152 37 hyrorna
1146 1471 56 30 för
1232 1471 382 37 bostadslägenheterna

125 1524 103 29 synas
253 1514 164 39 styrelsen
442 1524 82 21 vara
549 1515 56 30 för
628 1514 88 40 låga.
742 1515 103 30 vilket
869 1516 97 30 torde
986 1515 155 30 förklara
1166 1516 55 30 det
1246 1515 122 41 alltför
1384 1515 90 37 höga
1499 1515 115 38 hyres-

125 1560 106 30 värde
249 1569 60 29 per
328 1559 265 36 kvadratmeter,
614 1569 74 21 som
708 1559 104 32 åsatts
832 1561 41 30 de
892 1561 55 29 för
964 1559 274 40 sedeltryckeriet
1259 1560 148 30 avsedda
1427 1560 187 30 lokalerna.

125 1603 115 40 Enligt
269 1604 180 38 styrelsens
479 1603 139 40 mening
645 1605 86 30 böra
756 1605 40 30 de
825 1605 199 30 beräknade
1052 1605 152 39 hyrorna
1234 1605 54 30 för
1315 1604 301 39 bostadslägenhe-

124 1652 99 28 terna
247 1649 99 39 höjas
370 1649 77 30 med
472 1648 161 41 omkring
660 1650 38 30 15
722 1652 149 36 procent.

171 1721 172 39 Styrelsen
371 1720 153 32 uttalade
554 1720 50 40 sig
633 1721 118 31 vidare
778 1721 222 31 beträffande
1029 1720 125 41 frågan
1183 1731 57 21 om
1270 1721 347 39 scedeltryckeribygg-

127 1775 131 30 nadens
278 1774 218 40 förläggning
515 1775 51 30 till
583 1776 175 30 kvarteret
778 1775 100 31 Ceres
898 1775 57 31 vid
975 1775 197 40 Stortorget.

171 1829 68 30 För
267 1837 85 31 egen
379 1829 54 30 del
461 1828 147 32 anförde
637 1829 218 39 fullmäktige
883 1829 9 30 i
921 1829 162 31 skrivelse
1112 1829 51 30 till
1190 1829 285 31 bankoutskottet
1503 1829 66 30 den
1600 1829 19 28 6

126 1892 93 21 mars
246 1884 83 29 1933
353 1882 222 31 beträffande
600 1882 166 40 förslaget
790 1893 56 21 om
872 1883 224 39 byggnadens
1122 1882 225 40 förläggande
1372 1882 50 31 till
1446 1884 173 29 kvarteret

129 1936 122 38 Kungl.
275 1935 131 39 Myntet
429 1936 168 38 följande:

171 2015 120 31 Såsom
316 2016 105 30 redan
446 2016 148 35 nämnts,
616 2018 167 37 upptager
807 2016 161 37 förslaget
992 2026 56 20 om
1072 2016 223 38 byggnadens
1320 2016 224 38 förläggande
1569 2016 46 30 till

127 2062 171 29 kvarteret
319 2061 122 38 Kungl.
463 2061 130 39 Myntet
615 2061 55 30 två
691 2060 190 36 alternativ,
902 2062 55 29 det
978 2070 62 21 ena
1062 2061 77 30 med
1159 2061 69 30 fem
1248 2061 63 30 och
1334 2062 55 29 det
1410 2062 107 29 andra
1538 2061 77 30 med

127 2115 57 21 sex
208 2105 176 39 våningar.
419 2106 77 30 Med
519 2106 135 38 hänsyn
679 2105 48 30 till
748 2107 64 29 vad
836 2106 347 39 byggnadsstyrelsen
1208 2105 8 30 i
1241 2105 50 30 sin
1317 2105 161 31 skrivelse
1501 2105 114 31 anfört

127 2151 148 30 rörande
306 2150 214 31 alternativet
551 2151 77 30 med
660 2160 57 21 sex
749 2150 176 39 våningar,
958 2160 80 21 anse
1071 2150 216 38 fullmäktige
1319 2151 191 30 detsamma
1541 2149 76 31 icke

126 2196 84 30 höra
233 2196 141 30 komma
397 2194 120 39 ifråga.

171 2239 115 39 Enligt
313 2240 55 30 det
396 2239 213 31 återstående
637 2239 212 31 alternativet
877 2240 109 30 skulle
1014 2239 181 39 tryckeriet
1223 2239 135 38 förfoga
1385 2240 79 30 över
1493 2240 123 30 källar-

127 2284 170 38 våningen
321 2285 65 29 och
412 2284 9 29 i
446 2284 254 37 huvudsakliga
726 2285 95 29 delar
846 2285 75 37 fyra
948 2294 40 20 av
1014 2285 40 29 de
1079 2284 117 38 övriga
1223 2284 222 37 våningarna.
1483 2284 132 30 Försla-

127 2333 52 32 get
199 2331 166 36 upptager
382 2328 115 30 vidare
516 2339 40 19 en
575 2329 300 36 bostadslägenhet
891 2329 33 29 åt
942 2328 422 38 tryckeriföreståndaren,
1384 2332 48 26 tre
1450 2328 167 37 våningar

128 2374 54 29 för
207 2372 188 39 uthyrning
421 2376 88 27 samt
536 2376 48 26 tre
611 2372 134 30 mindre
770 2372 141 36 sådana,
937 2373 147 30 avsedda
1112 2373 56 29 för
1193 2372 148 31 maskin-
1369 2373 63 29 och
1460 2373 155 38 vaktper-

127 2418 107 30 sonal.

171 2463 77 29 Med
276 2461 184 39 anledning
487 2472 41 20 av
555 2462 64 30 vad
648 2462 345 38 byggnadsstyrelsen
1019 2462 115 30 anfört
1162 2462 146 30 rörande
1334 2462 70 30 dels
1432 2462 117 30 värdet
1575 2471 41 20 av

129 2510 138 31 tomten,
290 2507 70 31 dels
381 2507 62 29 ock
466 2507 149 38 hyrorna
640 2507 53 29 för
713 2507 381 37 bostadslägenheterna
1112 2507 65 29 har
1197 2506 195 38 professorn
1417 2506 196 30 Lallerstedt

128 2551 140 39 vidtagit
289 2552 106 30 härav
418 2552 200 30 föranledda
640 2551 207 38 justeringar
869 2551 7 30 i
899 2551 454 38 kostnadsberäkningarna.
1386 2550 112 39 Enligt
1519 2551 96 30 dessa
