1892 2848
509 157 123 30 Första
652 156 238 36 lagutskottets
912 155 175 30 utlåtande
1106 155 50 30 Nr
1179 154 50 30 36.
1603 148 18 30 5

115 241 91 37 ligen
234 241 216 36 erforderligt
477 240 55 31 för
560 239 374 38 polisverksamhetens
963 237 258 38 uppehållande
1250 238 65 30 och
1344 237 76 30 icke
1447 236 79 30 med
1555 236 65 30 till-

115 293 131 37 räcklig
273 291 249 38 skyndsamhet
545 291 72 30 kan
641 289 46 38 på
713 293 107 28 annat
845 291 67 29 sätt
937 288 193 36 anskaffas,
1158 289 98 30 skola
1281 297 83 21 vara
1391 287 156 37 skyldiga
1572 288 50 29 att

114 342 46 38 på
181 343 192 31 anfordran
393 352 43 21 av
455 340 216 38 polischefen
690 341 11 30 i
722 343 96 28 orten
840 341 81 30 eller
940 343 107 27 annat
1067 349 42 20 av
1130 339 244 36 länsstyrelsen
1393 338 149 30 bestämt
1561 346 59 27 po-

115 393 137 32 lisbefäl
277 396 73 28 mot
375 392 65 31 full
467 392 189 37 ersättning
682 390 267 32 tillhandahålla
975 391 66 30 vad
1067 389 148 31 sålunda
1241 389 183 30 erfordras.
1473 387 148 31 Motsva-

113 445 108 30 rande
241 445 88 29 skall
352 444 99 37 gälla,
473 444 63 30 när
557 443 131 30 militär
708 443 161 36 personal
892 442 177 30 användes
1092 441 56 30 för
1169 439 305 37 upprätthållande
1496 449 42 21 av
1562 439 59 30 all-

115 497 84 29 män
221 495 156 36 ordning.

169 602 172 42 Översikt
365 611 86 32 över
475 610 68 33 den
566 619 42 23 av
632 609 249 40 världskriget
905 607 212 33 1914—1918
1139 607 220 33 föranledda
1382 606 189 32 allmänna

604 658 531 42 förfogandelagstiftningen.

163 740 117 31 Under
299 739 228 37 världskriget
548 739 117 30 visade
688 739 57 30 det
766 738 50 36 sig
837 738 11 29 i
871 736 354 37 folkförsörjningens
1247 736 142 30 intresse
1412 734 212 36 nödvändigt

117 794 50 28 att
194 794 136 28 utrusta
355 791 42 30 de
423 790 136 37 statliga
587 798 152 28 organen
765 789 79 30 med
871 787 195 37 vittgående
1093 787 262 31 extraordinära
1380 785 245 37 befogenheter

117 841 57 31 för
192 841 169 37 reglering
380 850 43 21 av
441 840 223 36 produktion,
685 839 212 37 omsättning
916 839 65 30 och
1002 838 235 30 konsumtion.
1280 837 120 30 Redan
1419 836 58 30 vid
1497 835 127 36 krigets

117 892 127 36 början
262 891 202 31 utfärdades
484 891 66 30 den
569 892 20 29 9
607 891 145 30 oktober
773 890 84 30 1914
877 899 43 21 en
937 890 55 36 lag
1012 898 57 21 om
1088 888 208 36 förfogande
1314 889 81 29 över
1413 887 91 30 vissa
1523 895 103 21 varor

117 943 58 30 vid
196 943 75 36 krig
293 943 80 30 eller
395 941 181 37 krigsfara.
622 941 130 30 Genom
776 941 113 30 denna
911 941 55 35 lag
988 940 109 30 erhöll
1120 939 192 36 Konungen
1334 939 68 29 rätt
1422 940 50 29 att
1494 937 11 30 i
1527 935 98 38 fråga

117 1003 57 21 om
193 994 41 30 de
253 993 180 36 viktigaste
452 992 315 31 förnödenheterna
785 991 172 31 fastställa
975 990 217 36 maximipris
1211 990 64 30 och
1295 989 166 30 förordna
1480 997 57 21 om
1556 987 69 31 för-

118 1045 277 30 nödenheternas
414 1042 185 32 avstående
618 1043 52 29 till
689 1043 135 29 kronan
844 1044 74 28 mot
937 1042 104 29 lösen.
1086 1040 74 30 Den
1179 1039 276 37 förfoganderätt
1474 1038 55 31 för
1549 1039 78 29 kro-

119 1105 80 26 nan,
218 1104 74 21 som
308 1095 203 36 härigenom
529 1093 164 36 infördes,
713 1092 219 31 motsvarade
949 1092 10 30 i
976 1092 68 30 viss
1061 1090 83 31 mån
1162 1091 68 30 den
1247 1090 287 31 rekvisitionsrätt
1552 1098 72 21 var-

119 1155 57 21 om
197 1145 103 30 fanns
321 1146 135 35 stadgat
477 1145 9 29 i
507 1145 99 35 lagen
628 1144 65 30 den
715 1144 41 29 24
776 1143 72 36 maj
873 1143 84 30 1895
978 1141 178 37 angående
1178 1141 193 37 skyldighet
1392 1140 55 30 för
1467 1140 160 30 kommu-

118 1206 62 21 ner
202 1197 64 30 och
290 1196 157 30 enskilda
470 1198 48 28 att
540 1194 151 37 fullgöra
734 1193 239 31 rekvisitioner
996 1192 55 31 för
1074 1192 254 36 krigsmaktens
1351 1191 122 30 behov.
1520 1190 106 30 Inlös-

118 1246 320 38 ningsförfarandet
457 1246 56 30 vid
532 1245 207 36 förfogande
758 1244 171 31 ordnades
949 1242 106 32 också
1073 1243 9 30 i
1102 1243 166 36 väsentlig
1287 1241 341 32 överensstämmelse

118 1299 80 29 med
215 1297 336 36 rekvisitionslagens
571 1295 226 31 föreskrifter.
830 1295 84 30 1914
931 1293 56 32 års
1005 1295 64 35 lag,
1090 1303 74 21 som
1182 1294 112 36 gällde
1312 1293 49 31 till
1380 1293 65 30 och
1463 1292 79 30 med
1561 1292 66 30 den

118 1349 41 30 30
180 1348 88 38 april
290 1349 93 35 1915,
405 1347 198 37 förlängdes
624 1346 151 31 därefter
794 1346 55 30 för
867 1348 47 28 ett
933 1344 49 32 år.
1004 1339 45 36 År
1072 1345 84 30 1916
1177 1346 156 29 utbrötos
1352 1343 272 31 bestämmelser-

120 1409 46 21 na
190 1409 58 20 om
272 1398 217 36 maximipris
513 1398 51 30 till
591 1407 43 20 en
660 1397 148 30 särskild
833 1397 65 35 lag,
925 1395 117 31 vilken
1066 1395 128 30 liksom
1219 1395 67 30 den
1312 1403 70 28 nya
1405 1393 221 36 förfogande-

119 1450 102 36 lagen
242 1452 120 33 antogs
385 1448 45 37 på
450 1451 46 28 ett
516 1447 48 32 år.
612 1448 122 30 Denna
755 1446 215 37 uppdelning
992 1446 77 30 stod
1090 1446 11 29 i
1124 1445 170 31 samband
1316 1445 80 30 med
1418 1447 48 27 att
1488 1443 138 31 omfatt-

119 1500 129 36 ningen
271 1510 42 20 av
338 1500 67 30 den
429 1498 167 37 egentliga
621 1496 469 38 förfogandelagstiftningen
1114 1495 182 36 väsentligt
1319 1494 211 36 utvidgades.
1559 1494 68 30 Un-

121 1551 61 30 der
208 1551 56 30 det
289 1553 49 28 att
364 1550 203 30 densamma
593 1549 95 30 förut
714 1547 279 36 huvudsakligen
1019 1550 109 27 avsett
1154 1546 180 37 möjlighet
1360 1548 49 27 att
1434 1545 110 30 ordna
1571 1544 56 30 be-

120 1601 222 37 folkningens
369 1600 181 31 förseende
576 1600 80 29 med
681 1598 278 36 förnödenheter,
987 1597 155 31 infördes
1170 1597 74 30 däri
1271 1596 258 31 bestämmelser
1556 1595 72 30 dels

121 1661 57 21 om
206 1661 118 21 varors
353 1650 186 32 avstående
567 1650 56 30 för
652 1650 112 31 direkt
791 1647 260 37 statsändamål,
1082 1647 139 32 särskilt
1249 1647 55 30 för
1332 1646 194 36 krigsbruk,
1556 1646 72 30 dels

120 1703 66 30 ock
209 1712 57 21 om
290 1702 206 36 förfogande
518 1711 42 20 av
583 1700 242 37 produktions-
850 1700 65 30 och
938 1699 289 36 transportmedel
1250 1697 55 31 för
1328 1697 101 31 civila
1451 1697 65 30 och
1539 1696 88 30 mili-

120 1754 76 30 tära
221 1753 123 36 syften.
394 1751 101 32 Såväl
520 1751 221 36 förfogande-
768 1760 75 21 som
868 1750 337 36 maximiprislagens
1231 1748 222 37 giltighetstid
1477 1747 150 36 förläng-

122 1804 60 30 des
207 1804 194 30 sedermera
427 1802 39 32 år
488 1801 81 31 från
593 1801 39 31 år
655 1802 51 30 till
734 1802 93 35 1921,
853 1800 45 32 då
923 1801 42 30 de
989 1801 184 36 upphörde
1198 1803 49 27 att
1270 1800 99 36 gälla.
1419 1799 13 29 I
1458 1798 171 31 samband

121 1855 80 29 med
231 1855 98 29 dessa
359 1853 262 36 förlängningar
648 1853 203 35 utvidgades
880 1851 339 36 förfoganderättens
1247 1847 382 39 tillämpningsområde

121 1905 80 30 med
226 1905 139 36 ledning
390 1914 42 20 av
456 1904 122 36 gjorda
602 1903 235 30 erfarenheter
861 1902 66 30 och
951 1903 100 34 lagen
1076 1901 73 30 fick
1174 1901 54 30 sin
1252 1900 137 37 slutliga
1413 1899 216 35 utformning

123 1961 124 30 genom
273 1954 308 37 förfogandelagen
607 1954 68 29 den
699 1954 41 29 26
767 1953 88 35 april
884 1952 93 30 1918.
1028 1950 194 32 Innehållet
1246 1960 42 21 av
1314 1951 114 30 denna
1452 1951 55 36 lag
1533 1959 61 21 var
1618 1950 10 29 i

122 2006 185 29 huvudsak
328 2004 166 36 följande.

165 2056 65 30 Vid
253 2056 75 36 krig
351 2056 81 29 eller
453 2054 181 37 krigsfara,
658 2054 72 30 vari
753 2054 88 29 riket
861 2052 154 31 befunne
1038 2052 59 36 sig,
1123 2052 81 30 eller
1226 2051 97 36 eljest
1346 2051 110 30 under
1478 2053 151 27 utomor-

120 2106 159 36 dentliga,
300 2116 41 20 av
363 2105 75 37 krig
458 2104 206 31 föranledda
686 2103 243 31 förhållanden
951 2103 86 36 ägde
1056 2102 192 36 Konungen
1267 2101 176 37 påfordra,
1462 2104 50 28 att
1532 2108 97 29 egen-

122 2157 82 30 dom
239 2157 159 30 avstodes
435 2157 80 29 eller
549 2155 99 37 eljest
684 2155 138 30 ställdes
859 2155 51 29 till
930 2154 207 36 förfogande
1164 2152 44 38 på
1235 2154 65 29 sätt
1326 2162 42 21 av
1393 2153 55 30 det
1472 2151 156 37 följande

121 2207 164 37 framgår.
336 2207 138 30 Funnes
523 2206 228 35 erforderligt,
802 2205 164 35 antingen
1016 2204 55 30 för
1103 2204 267 35 tillgodoseende
1408 2203 94 30 inom
1540 2202 88 31 riket

125 2258 84 29 eller
242 2256 115 36 någon
391 2257 55 29 del
479 2257 108 29 därav
621 2256 84 29 eller
737 2254 20 30 å
789 2254 153 30 särskild
974 2257 54 27 ort
1061 2263 43 20 av
1136 2253 271 36 befolkningens
1440 2253 115 29 behov
1589 2261 40 21 av

124 2308 187 34 livsmedel,
335 2307 100 30 foder
457 2306 54 30 för
534 2307 150 33 kreatur,
708 2315 91 25 vara,
825 2314 74 21 som
923 2314 80 20 vore
1027 2304 128 30 avsedd
1178 2306 49 27 att
1249 2311 123 28 genom
1397 2303 53 30 sin
1472 2302 158 30 förbrän-

125 2358 83 36 ning
233 2358 104 30 alstra
362 2358 126 33 värme,
515 2356 69 35 ljus
610 2356 81 29 eller
715 2354 103 36 kraft,
844 2354 301 30 beklädnadsvara
1171 2354 81 29 eller
1276 2362 117 21 annan
1419 2352 55 30 för
1497 2352 133 30 befolk-

126 2408 127 35 ningen
284 2407 106 36 viktig
421 2406 229 30 förnödenhet
683 2406 80 29 eller
792 2405 56 30 för
878 2405 196 29 beredande
1105 2414 42 20 av
1179 2402 142 38 tillgång
1350 2403 50 30 till
1432 2412 91 25 vara,
1557 2411 74 21 som

126 2468 81 21 vore
231 2457 159 37 behövlig
418 2457 55 30 för
499 2456 185 36 krigsbruk
712 2456 81 29 eller
818 2458 107 27 annat
953 2457 127 27 statens
1107 2453 173 36 ändamål,
1309 2454 54 29 för
1390 2454 169 29 kommun
1587 2453 44 29 el-
