2309 2608
186 1380 201 29 Departements-

246 1415 95 29 chefen.

466 164 39 30 12
917 165 255 34 Statsutskottets
1203 167 169 33 Utlåtande
1396 170 63 31 N:o
1484 171 74 32 173.

420 241 85 36 icke
548 241 94 47 däri,
688 246 56 32 att
786 243 254 38 förevarande
1082 245 77 36 mål
1195 249 166 46 ansågos
1390 250 49 46 på
1468 249 127 48 grund
1624 250 41 36 af
1690 250 60 37 sin
1778 250 285 39 beskaffenhet”

421 292 93 36 böra
544 292 188 49 fullföljas
765 293 55 37 till
847 295 388 50 kammarkollegium
1268 297 13 36 i
1301 299 196 49 egenskap
1518 301 43 36 af
1577 301 187 38 kameralt
1783 303 259 49 ämbetsverk,

420 348 96 32 utan
546 344 186 37 fastmera
760 349 50 45 på
829 351 118 32 sättet
966 347 71 36 och
1058 348 151 41 formen
1228 349 62 37 för
1308 351 417 49 regeringsärendenas
1745 354 300 50 handläggning

420 397 9 34 ;
461 396 209 36 statsrådet
712 398 73 35 och
827 398 102 36 inför
970 399 234 49 Konungen.
1261 401 88 36 Med
1391 402 150 50 hänsyn
1585 405 59 36 till
1685 406 47 36 de
1761 407 284 47 jämförelsevis

420 452 124 43 tunga
586 447 156 48 former,
787 448 110 37 hvari
940 450 126 37 denna
1094 452 300 50 handläggning
1423 459 95 44 äger
1545 469 97 34 rum,
1672 460 143 45 ansågs
1843 459 199 49 nämligen

419 498 427 49 regeringsärendenas
877 502 105 36 antal
1010 503 120 37 redan
1160 504 46 36 då
1235 505 131 36 alltför
1395 511 98 31 stort
1521 507 71 36 och
1621 520 46 23 en
1695 507 186 50 tidsenlig
1899 511 142 36 reform

420 563 156 24 snarare
604 551 94 37 böra
727 553 125 48 åsyfta
881 566 49 24 en
958 554 226 50 minskning
1213 560 49 32 än
1291 569 48 24 en
1368 558 148 48 ökning
1544 558 42 35 af
1611 558 110 37 dessa
1750 561 181 36 ärenden.

551 602 397 51 Kammarkollegium
989 606 71 36 har
1088 607 12 35 i
1131 608 66 36 sitt
1238 608 269 48 underdåniga
1535 609 197 37 utlåtande
1762 611 74 37 den
1866 614 48 34 29
1945 614 97 48 april

421 654 100 36 1904
565 654 168 50 afstyrkt
772 655 249 38 kommitténs
1050 657 298 49 ifrågavarande
1376 660 158 49 förslag.
1593 661 72 36 Till
1696 663 86 35 stöd
1810 663 133 37 härför
1971 665 71 36 har

418 705 215 49 kollegium
663 706 184 49 åberopat
874 708 332 50 hufvudsakligen
1235 723 147 23 samma
1411 711 95 48 skäl,
1537 725 94 34 som,
1662 714 125 48 enligt
1814 714 104 38 hvad
1947 729 96 36 nyss

419 756 200 48 angifvits,
650 758 157 36 orsakat
847 759 251 37 förkastande
1143 761 41 35 af
1212 762 46 35 de
1301 762 159 49 förelag,
1495 776 81 23 som
1605 764 166 49 tidigare
1800 766 11 36 i
1842 767 200 37 enahanda

417 808 219 36 hänseende
679 809 273 49 framkommit,
995 811 215 49 hvarjämte
1248 813 212 49 kollegium
1490 815 221 49 framhållit,
1741 821 67 43 att,
1838 818 203 48 försåvidt,

418 861 126 34 såsom
586 860 214 48 kollegium
841 861 103 37 hölle
986 862 59 37 för
1079 864 207 49 antagligt,
1317 866 99 36 efter
1445 866 74 36 den
1547 867 222 49 föreslagna
1797 882 78 36 nya
1904 871 137 36 anord-

417 910 168 49 ningens
627 913 307 46 genomförande
977 914 196 49 åtskilliga
1216 917 41 35 af
1295 916 293 49 ifrågavarande
1626 920 86 47 mål,
1748 920 91 36 eller
1867 921 12 35 i
1907 922 136 49 hvarje

417 962 69 36 fall
527 962 47 36 de
617 976 105 23 mera
765 964 227 38 invecklade
1036 966 42 36 af
1110 967 98 47 dem,
1251 968 154 37 komme
1449 974 67 42 att,
1547 970 156 37 oaktadt
1732 971 195 38 desamma
1955 973 85 37 icke

418 1013 133 36 vidare
601 1014 126 37 skulle
770 1016 13 36 i
823 1016 240 50 besvärsväg
1109 1018 59 36 till
1215 1019 214 49 kollegium
1476 1021 196 50 fullföljas,
1721 1023 60 36 till
1828 1024 211 49 kollegium

418 1065 219 37 remitteras
672 1066 60 37 för
761 1067 223 49 afgifvande
1014 1070 42 34 af
1080 1070 260 49 underdånigt
1367 1072 210 48 utlåtande,
1607 1076 131 46 någon
1772 1075 228 50 minskning
2027 1077 13 35 i

418 1117 159 48 kollegii
611 1117 250 38 arbetsbörda
903 1133 144 35 genom
1083 1134 147 24 samma
1274 1123 219 49 anordning
1533 1124 84 37 icke
1655 1139 91 23 vore
1776 1132 56 31 att
1860 1128 179 36 förvänta

416 1172 93 31 utan
552 1182 157 24 snarare
752 1170 122 37 ökade
908 1171 209 38 kostnader
1145 1173 57 36 för
1231 1175 248 47 statsverket,
1509 1176 47 35 då
1585 1176 59 36 för
1672 1176 300 52 handläggning
2002 1180 43 36 af

417 1232 146 23 samma
612 1221 76 35 mål
734 1221 103 36 inom
875 1223 523 50 jordbruksdepartementet
1447 1227 221 48 naturligen
1717 1229 156 37 kräfdes
1915 1231 125 37 ökade

416 1270 289 38 arbetskrafter.

549 1373 259 50 Obestridligt
836 1381 52 43 är,
921 1382 56 31 att
1006 1378 45 36 de
1081 1379 87 46 mål,
1198 1380 163 36 hvarom
1389 1381 69 36 här
1487 1387 41 31 är
1556 1382 122 49 fråga,
1710 1397 158 24 numera
1892 1386 12 35 i
1931 1387 106 48 regel

415 1424 85 36 icke
531 1425 60 36 för
632 1426 59 36 sin
734 1426 301 51 handläggning
1077 1430 135 36 kräfva
1254 1434 131 46 någon
1420 1433 161 37 särskild
1608 1434 171 37 kameral
1809 1437 228 49 kompetens

416 1476 93 36 eller
547 1477 171 49 tillgång
754 1478 60 36 till
841 1479 66 36 det
936 1481 187 48 material,
1155 1495 81 23 som
1266 1483 12 35 i
1307 1484 136 36 sådant
1472 1485 217 37 hänseende
1719 1487 124 37 finnes
1872 1489 166 37 samladt

416 1527 70 36 hos
529 1528 224 49 kollegium.
812 1531 184 36 Tvärtom
1038 1532 105 48 bero,
1186 1536 126 34 såsom
1351 1535 540 50 löneregleringskommittén
1921 1541 116 36 fram-

414 1578 123 48 hållit,
582 1580 112 37 dessa
736 1581 95 37 måls
876 1583 213 48 afgörande
1119 1585 12 35 i
1161 1585 209 37 allmänhet
1414 1588 160 36 allenast
1614 1592 49 46 på
1698 1590 182 49 tolkning
1909 1592 40 36 af
1973 1593 66 48 lag

414 1630 93 36 eller
549 1631 248 50 författning,
840 1634 104 48 eller,
983 1635 4 35 i
1016 1635 74 37 den
1129 1639 88 33 mån
1246 1638 117 48 lagen
1391 1639 131 37 härför
1551 1640 148 37 lämnar
1726 1647 205 43 utrymme,
1960 1643 75 36 till-

414 1682 204 53 lämpning
647 1684 41 35 af
713 1684 205 49 allmänna,
949 1692 86 30 rent
1064 1688 200 48 praktiska
1293 1690 506 51 lämplighetssynpunkter.

544 1736 36 33 ÅA
608 1735 120 36 andra
756 1736 108 36 sidan
893 1742 42 31 är
963 1738 64 36 det
1056 1739 175 49 tydligen
1260 1742 43 35 af
1327 1742 200 49 synnerlig
1555 1743 93 48 vikt,
1671 1749 53 31 att
1743 1744 294 49 ifrågavarande

414 1785 87 47 mål,
545 1785 159 37 därmed
748 1788 80 35 ofta
869 1789 150 48 viktiga
1048 1791 72 35 och
1149 1792 236 38 omfattande
1414 1794 201 48 praktiska
1641 1796 193 36 intressen
1863 1801 65 33 äro
1958 1798 77 36 för-

413 1836 207 49 knippade,
650 1838 121 37 blifva
800 1839 140 37 snabbt
968 1842 185 47 pröfvade
1183 1844 71 36 och
1283 1844 188 49 afgjorda.
1515 1846 163 49 Förslag
1698 1860 61 23 om
1781 1848 256 38 afskaffandet

414 1888 43 35 af
481 1889 345 38 mellaninstansen
853 1891 13 36 i
895 1892 112 37 dessa
1035 1894 77 35 mål
1140 1894 70 36 har
1238 1895 142 48 därför,
1411 1910 82 23 som
1522 1899 172 47 nämndt,
1724 1899 119 36 redan
1868 1900 168 49 tidigare

413 1939 65 35 vid
520 1942 225 48 upprepade
788 1942 177 38 tillfällen
993 1945 102 36 varit
1124 1948 21 34 å
1173 1946 111 37 bane.
1343 1947 311 39 Genomförande
1684 1951 113 36 däraf
1820 1951 71 36 har
1925 1953 108 47 dock,

413 2002 82 24 som
524 1992 175 47 nämndt,
729 1993 137 37 hittills
895 2000 99 31 mött
1021 1996 138 37 hinder
1187 1998 12 35 i
1227 1998 196 38 saknaden
1452 2000 41 36 af
1517 2005 56 32 ett
1601 2015 135 35 organ,
1757 2002 87 36 fullt
1863 2003 173 50 lämpadt

413 2042 58 36 för
514 2043 224 48 upptagande
753 2045 72 35 och
841 2046 212 47 afgörande
1070 2048 43 36 af
1123 2049 297 48 ifrågavarande
1435 2052 226 37 måliandra
1676 2054 73 36 och
1764 2054 92 36 sista
1872 2054 161 38 instans.

543 2094 561 50 Löneregleringskommittén
1132 2099 69 37 har
1228 2101 13 35 i
1270 2102 67 36 sitt
1361 2102 245 38 betänkande
1627 2105 154 48 erinrat,
1804 2110 67 43 att,
1893 2106 141 49 därest,

411 2147 50 47 på
489 2150 78 31 sätt
595 2145 225 50 Riksdagen
846 2148 13 35 i
888 2148 203 38 skrifvelse
1120 2150 75 37 den
1224 2153 49 35 28
1304 2153 95 48 april
1430 2156 98 35 1903
1558 2155 217 50 ifrågasatt,
1805 2170 48 23 en
1873 2158 162 37 admini-

412 2196 138 37 strativ
579 2197 142 49 högsta
750 2199 164 37 domstol
943 2200 153 37 komme
1125 2206 55 32 att
1204 2202 173 50 inrättas,
1402 2204 296 50 ifrågavarande
1718 2210 75 35 mål
1814 2210 220 48 säkerligen
