2209 2669
710 165 251 34 Statsutskottets
990 167 169 34 Utlåtande
1183 170 61 32 N:o
1269 172 69 32 173.
1756 177 17 31 7

325 247 55 31 att
408 241 219 51 handlägga
654 244 130 50 frågor
812 259 61 23 om
903 246 293 52 skattläggning
1224 252 20 34 å
1263 251 88 49 jord
1369 252 70 36 och
1458 253 154 38 därmed
1631 268 185 25 samman-

219 293 204 50 hängande
451 299 137 33 ämnen
608 302 98 32 samt
726 298 196 49 angående
937 299 139 50 jorden
1096 301 204 50 åliggande
1320 309 109 32 extra
1448 305 174 39 ordinare
1643 307 172 51 skyldig-

220 345 110 38 heter
358 346 71 37 och
457 347 152 47 besvär;

351 404 55 31 att
446 399 12 36 i
500 400 116 50 öfrigt
650 401 218 38 handhafva
896 405 165 37 ärenden
1089 406 41 36 af
1153 406 168 38 kameral
1349 414 111 31 natur
1489 410 91 38 eller
1608 425 81 24 som
1718 416 98 46 angå

221 450 74 36 den
323 451 190 36 allmänna
539 452 307 51 hushållningen;

349 507 55 32 att
444 503 116 38 hafva
599 505 180 38 inseende
821 507 70 37 och
919 508 94 37 vård
1040 510 108 36 öfver
1176 510 71 37 den
1276 517 146 33 statens
1449 513 99 38 fasta
1576 517 200 48 egendom,
1806 519 11 35 i

220 555 177 37 afseende
424 556 119 37 hvarå
570 557 83 37 icke
682 562 41 33 är
751 560 236 36 annorlunda
1006 562 190 49 stadgadt,
1218 567 41 33 så
1278 564 82 49 ock,
1381 566 86 36 med
1486 567 101 37 vissa
1606 565 208 58 undantag,

219 606 108 37 öfver
355 607 73 37 den
456 608 58 37 till
541 609 111 37 civila
680 610 70 37 och
777 612 177 49 kyrkliga
981 613 119 38 behof
1126 615 185 51 anslagna
1334 618 103 48 jord;

348 665 98 31 samt
474 665 67 41 att,
570 661 14 37 i
612 662 72 37 den
712 664 163 49 ordning
903 665 323 51 författningarna
1255 669 135 50 stadga
1418 671 92 37 eller
1536 671 143 51 Kungl.
1709 674 107 50 Maj:t

219 711 58 36 för
305 712 186 37 särskilda
519 713 66 37 fall
612 714 258 50 föreskrifver,
892 718 214 50 ombesörja
1125 721 178 48 ärenden,
1325 736 81 23 som
1427 726 99 47 angå
1544 724 271 40 förvärfvande

219 766 39 34 åt
298 764 89 37 eller
428 765 243 39 afhändande
726 769 84 36 från
843 774 125 32 staten
997 771 91 37 eller
1116 772 139 38 allmän
1283 774 214 51 inrättning
1525 777 41 36 af
1590 779 225 48 äganderätt

218 815 58 37 till
303 816 195 50 fastighet.

347 869 341 52 Kammarkollegii
719 872 391 41 ämbetsverksamhet
1140 877 12 36 i
1180 877 259 39 förstnämnda
1466 880 226 51 hänseende,
1723 884 91 37 eller

218 921 12 36 i
271 921 101 37 hvad
412 927 106 32 rörer
554 923 344 51 skattläggningen
926 927 70 37 och
1026 928 45 36 de
1095 929 137 48 jorden
1261 931 202 48 åliggande
1492 939 106 31 extra
1626 935 187 38 ordinarie

219 973 265 49 skyldigheter
513 976 70 35 och
610 976 149 49 besvär,
788 978 113 36 hafva
928 993 167 35 numera,
1125 982 114 36 sedan
1259 984 324 47 grundskatterna
1603 987 210 38 afskrifvits

218 1025 71 36 och
329 1025 354 51 indelningsverket
723 1030 195 49 upphäfts,
959 1032 243 50 väsentligen
1243 1035 238 49 begränsats.
1537 1038 57 37 De
1636 1036 176 58 ärenden,

218 1091 80 23 som
341 1083 102 32 ännu
484 1079 128 37 kunna
652 1081 236 38 förekomma
928 1083 13 37 i
971 1084 107 49 fråga
1105 1098 61 24 om
1195 1087 232 48 grundskatt
1456 1089 92 37 eller
1575 1090 237 40 beträffande

216 1129 180 50 rustning
424 1131 91 36 eller
542 1132 173 50 rotering
744 1134 70 36 och
833 1135 154 37 därmed
1008 1138 374 49 sammanhängande
1402 1145 149 45 ämnen,
1572 1142 241 51 handläggas

218 1182 209 37 emellertid
469 1183 235 38 fortfarande
746 1186 41 36 af
824 1187 220 49 kollegium.
1100 1189 87 37 Med
1216 1191 176 37 afseende
1420 1196 20 33 å
1469 1194 295 51 skattläggning
1792 1200 20 33 å

211 1234 89 49 Jord
342 1234 70 37 och
450 1235 111 37 däraf
583 1236 232 39 härrörande
851 1239 262 38 förhållanden
1140 1242 70 37 har
1238 1243 184 50 därjämte
1451 1245 218 51 kollegium,
1697 1248 115 38 bland

217 1291 128 43 annat,
390 1291 54 32 att
484 1288 136 49 pröfva
656 1290 71 36 och
763 1291 147 37 öfverse
939 1292 130 49 frågor
1097 1307 60 23 om
1187 1295 45 36 de
1252 1295 122 50 årliga
1393 1298 419 51 markegångstaxorna

217 1338 196 37 äfvensom
442 1344 66 44 att,
537 1340 13 36 i
578 1340 73 38 den
680 1342 164 51 ordning
871 1344 323 50 författningarna
1222 1348 146 49 stadga,
1398 1355 168 44 upptaga
1592 1352 132 49 frågor
1749 1366 61 24 om

218 1390 225 51 afsöndring
471 1393 42 36 af
532 1393 99 49 jord,
662 1408 80 23 som
770 1396 223 38 innehafves
1021 1398 120 37 under
1169 1400 149 37 enskild
1346 1403 238 49 äganderätt,
1606 1405 129 49 afgäld
1754 1406 59 37 för

219 1443 118 37 sådan
366 1444 225 51 afsöndring
620 1447 71 37 och
720 1448 188 50 aflösning
937 1450 41 36 af
1003 1450 105 49 dylik
1137 1451 129 49 afgäld
1294 1467 47 22 m.
1372 1468 48 23 m.

345 1496 54 37 Af
433 1497 46 37 de
512 1503 106 32 extra
647 1500 189 37 ordinarie
864 1502 264 49 skyldigheter
1156 1504 71 36 och
1255 1504 145 50 besvär,
1430 1507 130 38 hvilka
1588 1509 78 37 förr
1693 1509 118 38 hvilat

215 1548 240 37 uteslutande
496 1553 20 33 å
554 1551 148 48 jorden,
745 1552 112 38 hafva
885 1554 191 49 åtskilliga
1103 1569 157 24 numera
1287 1557 14 36 i
1328 1558 58 37 sin
1416 1559 268 39 förutvarande
1712 1562 99 36 form

217 1599 167 37 därifrån
413 1601 167 49 aflyftats
608 1603 70 37 och
712 1604 102 49 lagts
837 1605 144 49 jämväl
1010 1609 20 33 å
1058 1606 117 38 andra
1202 1608 439 52 beskattningsföremål.
1696 1614 115 36 Detta

216 1651 123 49 gäller
380 1654 178 37 särskildt
600 1669 61 22 om
701 1657 448 50 väghållningsbesväret
1190 1661 70 36 och
1301 1662 396 51 skjutsskyldigheten
1724 1680 88 23 men

216 1704 110 36 äfven
350 1704 103 37 vissa
477 1706 129 48 andra,
632 1710 123 34 såsom
774 1709 208 49 byggande
999 1710 69 37 och
1084 1712 295 39 underhållande
1394 1716 43 35 af
1451 1716 144 49 kyrkor
1610 1718 71 36 och
1695 1718 116 36 andra

218 1756 190 37 allmänna
423 1757 239 51 byggnader,
681 1760 64 37 allt
765 1762 125 36 såvidt
903 1767 105 32 rörer
1022 1762 277 52 landsbygden,
1315 1768 214 48 utgörande
1546 1769 41 36 af
1597 1765 214 58 kronofjär-

216 1808 416 51 dingsmansbesväret,
650 1812 199 38 aflönande
871 1814 40 36 af
919 1815 284 38 folkskollärare
1219 1818 69 36 och
1304 1818 327 39 barnmorskor
1593 1804 41 65 m.
1644 1835 48 22 m.
1726 1821 85 37 Hit-

215 1860 169 37 hörande
400 1861 129 49 frågor
544 1863 239 51 handläggas
799 1866 218 48 emellertid,
1034 1867 212 38 oberoende
1261 1869 41 36 af
1312 1870 73 37 den
1402 1871 225 39 förändrade
1641 1874 170 48 lagstift-

215 1912 108 48 ning,
346 1926 82 23 som
444 1914 155 38 sålunda
615 1916 13 36 i
643 1929 133 25 senare
791 1918 96 36 tider
902 1918 230 37 härutinnan
1146 1919 154 51 inträdt,
1319 1923 232 38 fortfarande
1566 1925 42 36 af
1619 1925 189 37 kammar-

214 1964 221 49 kollegium,
477 1966 161 38 likasom
679 1970 220 49 naturligen
940 1971 139 37 sådana
1107 1971 140 50 frågor,
1277 1987 80 24 som
1386 1975 233 40 fortfarande
1646 1978 13 36 i
1687 1982 121 33 större

216 2016 91 38 eller
340 2017 148 38 mindre
517 2022 86 34 mån
631 2020 114 38 hafva
773 2022 227 38 karaktären
1029 2024 40 36 af
1087 2023 139 49 jorden
1255 2026 204 50 åliggande
1487 2034 107 32 extra
1622 2030 187 37 ordinarie

214 2068 263 51 skyldigheter
497 2072 90 36 eller
606 2072 137 38 besvär
762 2074 90 38 eller
871 2075 154 37 därmed
1044 2081 74 43 äga
1137 2079 288 50 sammanhang,
1446 2081 60 37 för
1525 2084 42 34 så
1585 2082 81 37 vidt
1681 2088 128 31 natur-

214 2120 103 49 ligen
347 2122 64 37 det
439 2122 83 38 icke
550 2125 121 48 gäller
697 2126 132 49 frågor
857 2128 41 36 af
921 2128 266 38 beskaffenhet
1216 2135 55 32 att
1296 2132 152 37 tillhöra
1476 2134 138 37 allmän
1634 2135 174 37 domstol.

214 2172 74 37 Till
312 2173 110 37 dessa
440 2175 315 52 kammarkolegii
774 2179 293 51 handläggning
1086 2180 227 40 tillhörande
1332 2185 168 37 ärenden
1519 2190 65 33 äro
1604 2191 55 32 att
1676 2187 132 47 räkna,

215 2224 115 39 bland
372 2233 127 40 annat,
539 2228 130 50 frågor
697 2244 60 23 om
786 2233 305 49 prästerskapets
1120 2235 70 36 och
1219 2235 393 53 kyrkobetjäningens
1641 2239 169 50 aflöning
