1878 2814
286 137 36 28 12
715 142 274 31 Statsutskottets
1014 143 174 30 utlåtande
1210 154 41 20 nr
1278 146 27 28 3.

640 228 48 27 att
715 225 184 37 riksdagen
926 226 57 31 må
1010 226 50 31 till
1088 226 208 37 Avlöningar
1326 228 56 30 vid
1424 229 264 37 beskickningar
1727 230 66 30 och

594 275 176 31 konsulat:
810 276 106 30 Extra
952 276 155 31 biträden
1147 278 64 30 och
1248 278 235 36 vaktbetjänte
1509 279 55 31 för
1591 279 202 37 budgetåret

598 322 141 34 1945/46
766 327 121 30 anvisa
913 330 45 27 ett
981 328 347 36 reservationsanslag
1352 339 42 20 av
1421 330 64 29 364
1498 330 64 30 000
1587 331 138 29 kronor.

332 440 69 40 9:0)
431 442 562 38 Kontorskostnadsersättningar
1019 442 36 32 åt
1079 445 127 30 lönade
1234 445 226 36 tjänstemän.
1486 446 245 37 Ersättningar
1757 446 37 31 åt

284 492 153 30 olönade
455 492 178 32 konsuler.
653 494 14 29 I
687 495 341 30 överensstämmelse
1046 496 79 30 med
1146 496 121 36 Kungl.
1288 496 120 36 Maj:ts
1431 496 128 38 förslag
1584 497 209 39 (punkterna

287 543 20 29 9
335 543 65 30 och
428 543 48 36 10,
501 552 25 22 s.
551 543 53 40 20)
637 544 64 30 och
728 545 110 30 under
863 545 147 36 erinran,
1036 548 48 27 att
1109 545 55 31 för
1187 546 234 31 innevarande
1447 547 167 36 budgetår
1640 548 153 30 anvisats

285 601 136 22 samma
443 594 272 38 anslagsbelopp,
740 595 200 30 hemställer
959 596 173 36 utskottet,

640 681 49 28 att
714 678 184 37 riksdagen
923 678 58 32 må
1008 679 56 30 för
1091 680 200 36 budgetåret
1322 678 141 34 1945/46
1492 682 119 30 anvisa

640 728 30 39 a)
701 728 50 31 till
782 729 548 37 Kontorskostnadsersättningar
1359 732 36 30 åt
1427 732 123 30 lönade
1584 733 209 36 tjänstemän

595 782 47 27 ett
665 780 349 37 reservationsanslag
1036 789 43 21 av
1105 781 61 30 125
1180 782 63 30 000
1271 782 141 36 kronor;

639 828 32 39 b)
702 829 51 30 till
777 829 239 39 Ersättningar
1039 831 34 30 åt
1100 831 144 31 olönade
1267 832 164 31 konsuler
1456 835 45 28 ett
1525 834 269 35 förslagsanslag

595 889 42 20 av
664 879 63 31 300
741 880 63 30 000
830 881 138 32 kronor.

333 993 89 40 10:0)
446 995 100 30 Rese-
562 996 70 30 och
651 996 432 38 flyttningsersättningar.
1103 998 78 31 Med
1200 999 246 36 tillstyrkande
1467 1010 42 20 av
1528 1000 123 37 Kungl.
1674 1001 121 36 Maj:ts

286 1044 131 39 förslag
448 1045 122 39 (punkt
595 1047 49 36 11,
669 1057 25 22 s.
719 1046 68 40 20),
814 1047 106 31 vilket
945 1048 11 30 i
979 1048 217 32 förhållande
1219 1050 51 30 till
1293 1050 58 30 det
1372 1050 55 31 för
1449 1050 236 34 innevarande
1706 1052 87 30 bud-

284 1094 97 37 getår
400 1096 165 31 anvisade
587 1098 154 36 anslaget
760 1098 147 31 innebär
928 1099 202 31 oförändrat
1152 1100 135 36 belopp,
1310 1101 198 31 hemställer
1529 1102 175 35 utskottet,

639 1183 50 28 att
716 1181 184 37 riksdagen
926 1182 58 31 må
1011 1182 50 31 till
1087 1183 98 30 Rese-
1212 1187 65 29 och
1301 1185 412 38 flyttningsersättningar
1738 1185 58 31 för

594 1231 201 36 budgetåret
819 1229 143 34 1945/46
984 1233 119 31 anvisa
1128 1237 46 28 ett
1197 1234 268 38 förslagsanslag
1488 1246 41 21 av
1553 1236 64 30 350
1629 1237 65 30 000
1716 1237 77 30 kro-

595 1290 74 22 nor.

332 1395 89 40 11:0o)
445 1397 318 32 Skrivmaterialier
783 1408 47 22 m.
849 1409 47 21 m,.
916 1400 58 30 vid
995 1401 272 37 beskickningar
1286 1403 68 30 och
1373 1404 177 31 konsulat.
1571 1398 128 43 Övriga
1720 1413 76 22 om-

285 1446 193 31 kostnader
492 1448 60 30 vid
567 1448 274 38 beskickningar
857 1451 68 29 och
942 1451 176 31 konsulat.
1135 1451 48 31 På
1200 1453 125 30 därom
1344 1462 43 21 av
1405 1453 123 37 Kungl.
1550 1454 100 36 Maj:t
1669 1455 124 36 gjorda

285 1496 297 39 framställningar
610 1498 207 39 (punkterna
840 1502 39 29 12
902 1502 64 30 och
991 1503 49 35 13,
1064 1511 24 21 s.
1114 1503 41 30 20
1179 1504 64 29 och
1268 1503 52 39 21)
1350 1505 65 29 och
1438 1505 110 30 under
1570 1505 148 37 erinran,
1744 1509 49 27 att

288 1547 58 31 för
379 1548 235 32 innevarande
645 1550 168 37 budgetår
845 1551 151 31 anvisats
1032 1562 133 22 samma
1196 1554 275 37 anslagsbelopp,
1504 1555 199 32 hemställer
1736 1559 51 27 ut-

284 1598 137 37 skottet,

640 1670 49 29 att
714 1668 185 37 riksdagen
927 1669 57 31 må
1011 1669 56 31 för
1093 1670 202 37 budgetåret
1323 1669 142 33 1945/46
1493 1673 119 31 anvisa

642 1714 31 39 a)
704 1718 51 30 till
777 1718 311 32 Skrivmaterialier
1109 1730 45 21 m.
1178 1730 45 21 m.
1248 1721 57 30 vid
1329 1721 265 38 beskickningar
1619 1723 64 30 och
1707 1723 84 31 kon-

595 1766 91 33 sulat
713 1771 45 28 ett
783 1768 268 40 förslagsanslag
1076 1779 42 22 av
1146 1772 62 30 350
1222 1772 64 30 000
1314 1773 141 35 kronor;

641 1817 34 40 b)
705 1819 51 30 till
775 1814 126 42 Övriga
919 1820 246 31 omkostnader
1184 1821 57 31 vid
1260 1821 266 38 beskickningar
1545 1823 65 30 och
1629 1824 163 31 konsulat

595 1871 46 28 ett
666 1869 269 39 förslagsanslag
958 1880 41 21 av
1023 1871 64 30 400
1100 1872 63 30 000
1187 1873 138 31 kronor.

577 2031 364 41 Internationella
969 2033 341 54 förhandlingar
1337 2049 57 26 m.
1427 2050 58 26 m.

331 2143 89 39 12:0)
450 2145 180 32 Särskilda
658 2147 270 37 förhandlingar
954 2150 80 30 med
1063 2150 223 32 främmande
1314 2153 149 30 makter.
1490 2153 14 30 I
1532 2154 151 36 enlighet
1711 2155 80 30 med

284 2194 125 37 Kungl.
431 2195 116 37 Maj:ts
568 2196 130 39 förslag
724 2198 123 38 (punkt
872 2200 49 37 14,
946 2210 24 20 s.
994 2199 69 40 21),
1086 2201 104 31 vilket
1211 2202 9 30 i
1244 2202 218 31 förhållande
1484 2204 50 30 till
1557 2204 236 32 innevarande

283 2244 170 37 budgetår
479 2246 146 31 innebär
653 2247 202 33 oförändrat
883 2251 273 37 anslagsbelopp,
1185 2252 198 31 hemställer
1412 2250 174 44 utskottet,

638 2334 49 27 att
715 2332 184 37 riksdagen
925 2333 58 31 må
1008 2335 50 29 till
1087 2335 177 31 Särskilda
1288 2337 265 36 förhandlingar
1578 2339 81 31 med
1683 2339 108 37 främ-

593 2381 126 32 mande
741 2383 136 31 makter
900 2383 56 31 för
976 2384 200 37 budgetåret
1202 2383 141 34 1945/46
1369 2387 118 32 anvisa
1512 2391 46 28 ett
1582 2388 208 37 förslagsan-

593 2432 73 36 slag
689 2442 41 21 av
755 2433 65 31 200
833 2434 64 30 000
921 2435 138 32 kronor.
