1888 2782
506 148 291 31 Statsutskottets
816 147 183 31 utlåtande
1017 156 43 21 nr
1079 148 74 30 180.
1565 144 17 30 7

80 247 236 30 nadsarbeten
341 247 10 29 i
375 247 194 30 allmänhet
591 246 58 30 vid
674 246 192 34 lasarettet,
889 246 54 29 till
966 246 96 29 vilka
1085 246 116 29 staten
1224 245 173 37 bidrager.
1421 244 60 31 Ett
1502 244 80 37 god-

81 301 190 30 kännande
296 310 43 20 av
363 301 156 29 nämnda
543 300 267 30 bestämmelser
835 299 159 35 innebär,
1019 299 109 37 enligt
1151 299 67 29 vad
1243 307 91 21 ovan
1358 297 150 34 anförts,
1532 298 52 29 att

82 356 116 28 staten
220 354 182 30 förbinder
422 354 52 37 sig
495 355 51 29 att
567 354 119 29 lämna
706 353 124 37 bidrag
850 353 78 30 med
949 352 138 31 hälften
1108 361 43 21 av
1170 352 156 29 nämnda
1347 351 202 30 kostnader.
1570 350 13 29 I

80 407 207 38 anslutning
313 407 120 30 härtill
461 408 65 29 har
552 408 11 29 i
590 408 132 30 avtalet
747 407 145 37 intagits
919 406 249 30 bestämmelse
1193 415 58 20 om
1278 407 51 29 att
1354 404 230 38 planeringen

81 470 43 21 av
141 462 303 30 värmecentralen
463 461 89 30 skall
572 461 62 30 ske
652 461 10 30 i
681 460 142 31 samråd
842 461 78 29 med
938 460 358 37 byggnadsstyrelsen
1314 459 66 30 och
1398 460 52 29 att
1467 457 118 31 sålun-

81 515 44 30 da
142 515 174 37 ritningar
333 515 65 29 och
413 515 228 37 beskrivning
657 516 82 28 över
753 514 303 30 värmecentralen
1072 513 77 30 före
1164 513 185 30 arbetenas
1365 511 220 38 påbörjande

81 568 101 30 skola
200 568 207 37 godkännas
426 578 43 20 av
485 568 368 37 byggnadsstyrelsen.
872 567 69 30 För
958 575 85 29 egen
1061 567 55 30 del
1134 566 156 30 biträder
1308 566 277 37 departements-

81 622 126 30 chefen
223 622 284 37 avtalsförslaget
523 622 85 29 även
623 622 11 29 i
650 622 116 30 denna
780 621 66 30 del.

126 678 248 30 Kostnaderna
392 677 56 29 för
467 675 258 38 anläggningen
743 675 11 29 i
772 675 79 30 dess
869 674 120 30 helhet
1005 673 47 30 ha
1068 673 193 31 beräknats
1279 673 53 29 till
1351 682 40 20 ca
1410 672 16 30 7
1442 671 63 31 640
1520 671 64 30 000

81 732 143 33 kronor,
242 740 108 20 varav
367 730 137 30 hälften
523 730 83 30 eller
623 738 41 20 ca
682 728 19 30 3
716 728 63 30 820
795 727 63 30 000
877 728 132 29 kronor
1026 727 115 30 skulle
1158 726 125 37 belöpa
1300 726 44 37 på
1362 725 223 31 statsverket.

81 785 52 30 Av
162 786 58 29 det
249 785 97 29 förut
374 784 151 30 anförda
552 782 170 37 framgår,
750 783 52 29 att
829 782 12 29 i
868 781 290 30 totalkostnaden
1185 780 101 37 ingår
1313 781 50 30 ett
1389 779 126 37 belopp
1543 787 43 21 av

82 839 64 30 495
161 838 64 30 000
252 839 132 29 kronor
410 837 196 37 utgörande
631 836 68 30 den
725 834 371 37 kostnadsfördyring,
1122 843 76 21 som
1224 834 200 30 föranledes
1451 842 42 21 av
1518 833 67 29 den

81 892 191 30 förordade
295 891 251 37 anslutningen
570 890 54 31 till
648 889 304 30 värmecentralen
976 897 43 20 av
1041 888 95 30 vissa
1160 886 426 37 institutionsbyggnader

81 946 58 29 vid
160 945 245 30 universitetet
429 945 5 29 i
454 944 111 29 Lund.
585 943 248 30 Kostnaderna
852 942 56 29 för
926 941 303 30 värmecentralen
1248 941 112 29 under
1378 941 104 28 nästa
1499 939 87 30 bud-

82 999 97 37 getår
198 999 122 29 kunna
337 998 175 30 beräknas
530 998 53 29 till
602 996 164 37 omkring
784 995 63 30 800
862 995 64 30 000
944 996 132 29 kronor
1093 995 53 30 till
1165 993 285 31 förskottslikvid
1467 993 11 29 i
1495 1002 92 21 sam-

82 1053 94 29 band
192 1053 80 29 med
287 1051 213 37 beställning
516 1060 42 20 av
572 1050 220 37 ångpannor.
807 1050 67 29 Det
888 1048 196 37 tillstyrkes
1099 1048 133 34 därför,
1248 1050 52 28 att
1315 1047 54 30 för
1383 1047 104 30 nästa
1500 1046 87 30 bud-

82 1106 98 38 getår
195 1106 140 30 anvisas
351 1107 49 29 ett
413 1105 126 36 belopp
554 1113 43 21 av
610 1103 64 30 400
690 1103 63 30 000
768 1103 132 29 kronor
915 1102 56 30 för
985 1102 157 29 nämnda
1157 1100 176 30 ändamål.

127 1158 399 38 Departementschefen
542 1157 208 37 tillstyrker,
767 1158 52 29 att
835 1156 56 29 för
906 1156 104 29 nästa
1025 1154 172 38 budgetår
1214 1154 140 30 anvisas
1371 1153 41 31 22
1428 1153 62 30 500
1508 1153 79 29 kro-

84 1222 65 21 nor
172 1213 53 30 till
248 1222 47 28 ny
316 1212 75 30 hiss
413 1212 97 29 inom
531 1210 221 31 medicinska
773 1209 172 34 kliniken,
967 1208 41 30 90
1025 1208 61 30 720
1109 1208 133 30 kronor
1263 1208 52 29 till
1338 1217 72 20 om-
1431 1207 66 30 och
1518 1207 69 29 till-

82 1267 163 37 byggnad
263 1275 43 20 av
323 1265 202 38 kirurgiska
542 1264 179 30 klinikens
739 1262 404 38 operationsavdelning,
1159 1261 43 30 96
1217 1261 62 30 0090
1297 1261 131 30 kronor
1444 1261 53 30 till
1514 1269 73 21 om-

82 1320 163 37 byggnad
270 1328 43 21 av
335 1318 366 31 centrallaboratoriet
723 1317 67 29 och
812 1316 386 37 blodgivarecentralen
1221 1317 92 29 samt
1336 1315 18 29 5
1371 1314 61 30 780
1456 1314 131 30 kronor

86 1374 41 29 58
152 1375 59 29 öre
233 1373 54 30 till
311 1372 388 37 ombyggnadsarbeten
722 1370 97 30 inom
845 1370 126 29 »södra
993 1369 125 30 badet»
1144 1368 66 30 och
1233 1368 247 33 hudkliniken,
1504 1367 83 30 eller

84 1427 238 36 sammanlagt
340 1426 63 29 215
418 1425 63 30 000
500 1425 132 29 kronor
651 1424 41 30 58
711 1425 69 28 öre.
799 1423 171 37 Slutligen
989 1422 149 31 föreslås
1157 1424 52 28 att
1225 1422 112 29 under
1355 1420 233 30 förevarande

84 1481 123 36 anslag
234 1479 140 30 anvisas
404 1479 39 29 15
458 1478 61 30 341
548 1478 132 29 kronor
705 1477 54 29 till
786 1476 231 30 anordnande
1042 1485 42 20 av
1109 1485 43 20 en
1177 1473 410 32 transformatorstation

84 1534 97 29 inom
197 1532 252 38 ögonkliniken
464 1532 57 29 vid
537 1531 120 30 Lunds
673 1531 157 29 lasarett.

130 1587 67 30 Det
217 1587 111 29 totala
349 1585 282 30 medelsbehovet
652 1584 115 31 skulle
787 1582 104 31 alltså
911 1591 73 29 upp
1004 1582 42 37 gå
1066 1583 53 30 till
1141 1581 63 30 630
1220 1582 60 29 341
1304 1581 131 30 kronor
1456 1580 41 30 58
1518 1581 70 33 öre,

83 1641 110 29 vilket
207 1640 126 36 belopp
349 1638 149 31 föreslås
513 1638 176 31 avrundat
703 1637 107 31 nedåt
823 1637 53 31 till
892 1636 64 30 630
971 1635 63 31 000
1050 1635 143 30 kronor.

131 1747 178 30 Utskottet
329 1746 195 37 tillstyrker
543 1745 128 37 Kungl.
690 1744 126 37 Maj:ts
836 1743 133 38 förslag
988 1743 65 30 och
1070 1743 206 30 hemställer
1295 1742 114 33 alltså,

400 1802 52 28 att
467 1799 189 36 riksdagen
673 1797 58 30 må

399 1854 35 33 a)
466 1852 189 37 godkänna
681 1860 43 20 av
748 1849 391 38 departementschefen
1164 1849 11 29 i
1200 1848 390 37 statsrådsprotokollet

357 1907 81 28 över
458 1905 291 29 inrikesärenden
769 1904 56 29 för
845 1904 67 29 den
934 1903 16 29 7
971 1912 95 21 mars
1088 1902 84 30 1952
1193 1902 151 37 angivna
1363 1901 154 37 grunder
1536 1902 54 28 rö-

356 1959 109 30 rande
486 1959 158 29 leverans
665 1967 43 20 av
727 1957 121 30 värme
868 1956 81 29 från
968 1965 48 27 ny
1034 1956 256 29 värmecentral
1311 1955 57 29 vid
1389 1954 199 30 Malmöhus

356 2012 77 30 läns
457 2010 434 38 sjukvårdsinrättningar
913 2010 54 29 till
990 2009 94 30 vissa
1106 2009 243 30 institutioner
1371 2008 58 29 vid
1452 2007 138 30 univer-

356 2065 117 30 sitetet
494 2066 5 28 i
516 2065 116 33 Lund;

401 2127 37 33 b)
464 2127 52 29 till
535 2126 131 35 Bidrag
685 2125 54 30 till
758 2124 92 30 vissa
870 2124 327 37 byggnadsarbeten
1218 2123 57 31 vid
1292 2122 201 31 Malmöhus
1513 2122 77 29 läns

356 2178 434 37 sjukvårdsinrättningar
807 2178 11 29 i
833 2178 103 29 Lund
952 2186 45 21 m.
1015 2186 45 21 m.
1077 2178 56 28 för
1149 2176 207 38 budgetåret
1374 2176 137 29 1952/53
1527 2184 64 20 un-

357 2234 61 28 der
439 2232 84 30 elfte
542 2232 226 29 huvudtiteln
790 2231 122 29 anvisa
934 2233 49 28 ett
1004 2229 361 37 reservationsanslag
1386 2238 42 20 av
1449 2228 62 29 630
1526 2228 63 29 000

358 2286 141 29 kronor.

134 2393 76 34 5:0)
241 2391 127 35 Bidrag
387 2391 54 29 till
463 2391 127 28 Malmö
612 2390 178 29 allmänna
810 2389 162 35 sjukhus.
995 2388 127 37 Kungl.
1144 2388 108 36 Maj:t
1274 2388 64 29 har
1365 2387 43 34 (s.
1431 2387 147 33 27—47)

90 2445 183 37 föreslagit
296 2445 188 36 riksdagen
508 2446 50 28 att
581 2444 74 30 dels
678 2443 189 37 godkänna
891 2452 42 19 av
956 2441 390 37 departementschefen
1370 2441 9 29 i
1403 2440 189 30 statsråds-
