2204 2616
717 186 255 31 Statsulskottets
996 186 162 31 utlåtande
1183 186 49 30 Nr
1261 189 44 27 10.
1815 186 15 30 1

957 619 66 38 Nr
1050 619 68 38 10.

600 760 127 27 Ankom
753 760 49 27 till
827 760 188 36 riksdagens
1040 760 102 27 kansli
1167 760 61 26 den
1254 760 38 26 30
1316 759 127 36 januari
1474 759 78 27 1918
1576 759 41 27 kl.
1644 760 88 33 11,30
1758 759 21 27 f.
1793 768 41 18 m.

550 876 205 47 Utlåtande,
785 877 14 35 i
830 877 195 46 anledning
1054 889 44 22 av
1127 877 133 47 Kungl.
1292 876 128 46 Maj:ts
1448 876 14 35 i
1488 876 347 47 statsverksproposi-

648 938 115 34 tionen
807 937 114 34 under
958 936 118 48 punkt
1115 936 53 35 43
1209 948 44 23 av
1298 936 127 48 sjunde
1461 936 219 34 huvudtiteln
1722 936 61 35 och
1824 936 14 34 i

645 997 264 47 propositionen
950 996 182 48 angående
1172 995 219 48 tilläggsstat
1425 996 65 48 för
1531 995 42 36 år
1605 994 92 37 1918
1723 995 114 35 under

641 1056 117 49 punkt
786 1057 50 35 16
864 1069 44 23 av
936 1069 138 23 samma
1103 1055 196 36 huvudtitel
1324 1055 132 49 gjorda
1478 1055 281 49 framställning
1780 1068 55 23 om

640 1118 229 48 förhyrande
909 1129 45 23 av
997 1117 121 35 bostad
1156 1115 36 36 åt
1224 1115 350 49 landshövdingen
1561 1111 23 59 i
1609 1115 227 37 Västernorr-

648 1178 106 35 lands
783 1178 72 35 län.
1531 1174 73 49 (83:e
1632 1174 100 48 avd.)

340 1307 140 49 Kungl.
522 1306 109 49 Maj:t
672 1306 68 36 har
779 1306 12 35 i
832 1305 72 35 den
946 1304 55 36 till
1042 1303 250 37 innevarande
1324 1303 157 48 riksdag
1508 1303 72 36 den
1612 1305 45 34 14
1681 1303 150 48 januari

237 1361 98 34 1918
379 1360 150 35 avlåtna
570 1357 281 49 propositionen
893 1356 195 48 angående
1129 1355 247 36 statsverkets
1417 1354 168 37 tillstånd
1614 1355 69 36 och
1710 1354 122 36 behov

232 1411 120 35 under
392 1410 121 49 punkt
554 1411 48 34 43
633 1422 47 22 av
708 1407 133 49 sjunde
870 1406 237 37 huvudtiteln
1136 1406 195 48 föreslagit
1358 1406 202 49 riksdagen
1590 1411 54 30 att
1672 1406 56 36 till
1757 1406 74 36 för-

233 1462 168 49 hyrande
431 1475 45 22 av
503 1460 136 37 bostad
668 1463 37 33 åt
733 1458 327 49 landshövdingen
1088 1459 11 35 i
1127 1457 333 37 Västernorrlands
1488 1458 62 35 län
1581 1460 20 33 å
1629 1463 104 31 extra
1756 1463 76 31 stat

234 1515 58 35 för
319 1516 40 34 år
389 1515 96 35 1919
515 1512 140 49 bevilja
682 1517 54 31 ett
762 1510 388 49 reservationsanslag
1178 1523 46 23 av
1253 1511 113 45 6,000
1395 1510 149 36 kronor.

337 1565 137 36 Vidare
515 1565 67 36 har
623 1563 141 49 Kungl.
807 1562 108 49 Maj:t
950 1563 12 35 i
990 1562 72 36 den
1090 1562 56 36 till
1174 1561 203 49 riksdagen
1409 1575 143 22 samma
1581 1561 74 49 dag
1683 1561 150 36 avlåtna

233 1618 285 48 propositionen
558 1615 194 49 angående
794 1615 234 48 tilläggsstat
1069 1614 55 36 till
1160 1614 202 36 riksstaten
1399 1614 58 35 för
1497 1616 40 33 år
1576 1615 97 34 1918
1706 1612 58 49 (nr
1797 1611 36 49 2)

233 1669 120 36 under
389 1669 121 49 punkt
550 1670 45 34 16
626 1681 46 23 av
700 1666 165 37 nämnda
892 1666 208 36 huvudtitel
1129 1665 194 49 föreslagit
1351 1665 201 48 riksdagen
1581 1670 53 31 att
1661 1664 59 36 för
1747 1677 86 23 ena-

234 1721 125 36 handa
400 1720 172 37 ändamål
601 1722 49 47 på
677 1718 158 37 berörda
863 1718 234 49 tilläggsstat
1125 1717 139 49 bevilja
1293 1722 53 31 ett
1373 1716 385 48 reservationsanslag
1787 1729 46 23 av

234 1774 114 46 4.500
376 1773 148 35 kronor.

338 1823 237 37 Beträffande
617 1823 71 35 den
729 1836 46 22 av
818 1821 409 49 departementschefen
1269 1821 11 34 i
1322 1820 154 36 ärendet
1509 1819 171 37 lämnade
1707 1819 126 36 utred-

234 1876 142 48 ningen
412 1876 58 35 får
506 1875 186 36 utskottet
721 1874 158 36 hänvisa
906 1873 56 36 till
991 1873 63 36 det
1081 1873 63 35 vid
1174 1871 494 50 statsverkspropositionen
1696 1870 137 49 fogade

234 1927 412 50 statsrådsprotokollet
692 1930 89 32 över
820 1924 287 37 finansärenden
1148 1924 71 36 den
1266 1926 45 34 14
1335 1924 148 48 januari
1520 1925 110 45 1918,
1659 1922 68 37 sid.
1758 1924 73 35 256

234 1981 139 35 —257.

340 2082 204 47 Utskottet,
574 2094 80 23 som
696 2080 225 49 visserligen
962 2079 81 37 icke
1071 2080 143 35 kunnat
1240 2078 131 49 undgå
1399 2083 55 31 att
1481 2078 103 36 finna
1612 2078 71 37 den
1712 2078 120 36 betin-

234 2134 97 48 gade
359 2133 376 50 hyresersättningen
763 2132 61 36 väl
853 2132 89 48 hög,
972 2131 56 36 får
1054 2131 127 47 likväl,
1212 2130 45 36 då
1286 2144 125 22 annan
1439 2129 160 50 lämplig
1621 2130 133 37 bostad
1775 2130 57 36 för

235 2186 330 48 landshövdingen
593 2185 82 36 icke
703 2185 98 36 lärer
828 2186 58 34 stå
914 2184 55 35 till
997 2183 107 46 buds,
1133 2182 208 47 hemställa,

325 2248 112 36 Bihang
459 2247 44 29 till
524 2246 170 36 riksdagens
712 2246 146 36 protokoll
883 2246 88 27 1918.
1019 2246 18 26 6
1059 2245 80 28 saml.
1186 2245 40 27 10
1249 2244 72 35 häft.
1368 2243 62 38 (Nr
1454 2241 65 40 10.)
1776 2244 14 27 1
