1952 2832
296 133 18 28 4
688 140 123 32 Första
834 142 240 36 lagutskottets
1096 146 176 31 utlåtande
1294 148 49 30 Nr
1370 151 28 29 6.

298 221 53 30 del
380 221 150 32 lämnats
559 223 54 31 för
643 224 194 33 beredande
866 236 42 22 av
936 229 280 39 odlingsföretag,
1244 233 81 30 eller
1354 233 53 31 för
1439 234 147 32 förskott
1616 246 42 21 av
1688 238 116 37 dylika

297 271 111 31 medel
433 272 54 31 för
512 274 176 37 avlösning
714 285 42 21 av
781 275 204 35 frälseränta
1009 279 81 32 eller
1115 280 53 32 för
1194 282 179 38 avlösning
1398 293 44 22 av
1467 287 133 35 avgäld,
1625 296 74 22 som
1722 297 82 28 nyss

295 322 151 37 nämnts,
466 324 65 30 och
552 324 85 31 vilar
655 326 33 37 ej
711 335 124 22 ansvar
855 328 53 31 för
929 338 134 23 samma
1084 332 111 36 ränta,
1216 334 132 36 avgäld,
1369 334 57 32 lån
1448 335 81 32 eller
1549 336 148 33 förskott
1715 337 88 38 jäm-

296 372 55 30 väl
374 372 20 31 å
419 373 42 31 de
485 374 115 37 övriga
625 375 256 40 fastigheterna,
907 379 58 31 må
991 383 322 37 sammanläggning
1339 385 30 37 ej
1398 386 64 36 äga
1487 396 88 27 rum,
1602 387 145 32 såframt
1771 390 31 36 ej

296 422 75 36 den,
399 432 76 22 som
503 424 44 36 på
572 427 110 35 grund
710 436 43 21 av
778 427 199 40 inteckning
1002 431 80 31 eller
1106 431 140 38 jämlikt
1276 435 34 29 11
1339 435 79 37 kap.
1447 437 18 29 2
1494 437 19 37 8
1538 436 229 38 jordabalken
1792 440 10 30 i

295 472 114 37 någon
425 483 44 21 av
489 475 213 33 sistnämnda
722 477 198 38 fastigheter
938 481 80 36 äger
1037 482 160 32 säkerhet
1216 483 54 32 för
1290 485 142 32 fordran
1451 487 81 31 eller
1551 497 115 23 annan
1686 490 115 37 rättig-

294 522 67 37 het,
384 525 165 36 medgivit
571 528 375 39 sammanläggningen.

341 647 123 32 Denna
483 650 54 37 lag
554 651 86 30 skall
660 654 100 30 träda
778 654 10 30 i
807 655 94 31 kraft
920 657 66 30 den
1009 659 13 28 1
1043 658 62 36 juli
1128 660 94 30 1938.

335 799 14 29 I
368 799 100 37 fråga
488 810 56 21 om
563 803 42 29 de
624 803 85 36 skäl,
730 814 74 21 som
824 805 89 37 ligga
932 807 51 30 till
1003 810 109 34 grund
1132 809 56 31 för
1208 811 41 30 de
1269 811 195 38 framlagda
1486 814 238 38 lagförslagen,
1747 816 54 30 får

290 849 166 32 utskottet
480 851 5 30 i
505 852 64 30 den
589 852 81 32 mån
689 855 215 37 redogörelse
923 858 120 30 därför
1062 859 30 37 ej
1114 860 135 31 lämnas
1270 862 64 30 här
1353 864 114 29 nedan
1487 865 146 31 hänvisa
1652 867 50 29 till
1723 876 75 27 pro-

288 899 205 36 positionen.

790 996 286 43 Lagförslagens
1100 1001 202 33 tillkomst.

332 1068 78 32 Med
431 1071 186 38 anledning
637 1082 42 21 av
701 1083 41 21 en
764 1074 93 32 inom
876 1077 203 37 riksdagens
1101 1080 110 31 andra
1235 1082 179 32 kammare
1435 1083 38 31 år
1498 1085 80 30 1931
1603 1086 101 31 väckt
1725 1096 70 21 mo-

287 1117 83 37 tion,
397 1129 43 22 nr
467 1121 73 36 241,
569 1122 72 31 vari
668 1123 220 34 hemställdes
916 1130 50 28 att
991 1129 183 37 utredning
1201 1130 105 32 måtte
1333 1132 202 32 verkställas
1561 1134 46 36 på
1635 1136 66 29 vad
1730 1137 66 29 sätt

287 1168 186 38 landskyld
502 1172 65 30 och
594 1173 163 37 landgille
784 1182 88 27 samt
901 1178 109 31 andra
1037 1178 200 39 jämförliga
1266 1180 175 39 uråldriga
1469 1184 254 38 skattepålagor
1749 1185 46 37 på

286 1217 205 35 effektivare
521 1223 65 30 sätt
615 1224 45 30 än
688 1234 75 21 som
794 1226 128 32 skedde
951 1229 110 30 skulle
1089 1230 119 31 kunna
1237 1232 176 31 avskrivas
1445 1234 81 30 eller
1556 1235 144 37 avlösas,
1730 1237 64 29 har

286 1268 186 38 riksdagen
496 1271 10 30 i
528 1272 163 32 skrivelse
711 1274 52 31 till
786 1275 122 39 Kungl.
933 1278 102 36 Maj:t
1059 1279 67 31 den
1148 1281 20 29 4
1191 1280 76 37 juni
1293 1283 93 36 1931,
1410 1293 41 20 nr
1475 1285 75 36 347,
1575 1285 145 31 anhållit
1743 1289 48 28 att

287 1318 123 38 Kungl.
430 1320 103 38 Maj:t
551 1322 105 32 måtte
677 1324 206 33 föranstalta
902 1337 58 21 om
979 1330 186 38 utredning
1183 1331 10 30 i
1214 1332 56 30 det
1291 1333 10 29 i
1320 1334 177 31 motionen
1518 1336 147 37 angivna
1688 1337 103 37 syftet

286 1373 88 28 samt
395 1371 56 31 för
469 1372 183 39 riksdagen
673 1375 191 39 framlägga
883 1379 57 30 det
959 1379 139 38 förslag,
1120 1382 113 30 vartill
1253 1384 230 37 utredningen
1501 1387 116 31 kunde
1637 1388 75 37 giva
1731 1397 59 21 an-

286 1421 148 38 ledning.

325 1471 65 32 Vid
415 1473 67 31 den
507 1474 10 30 i
540 1476 185 38 anledning
747 1487 42 21 av
812 1478 202 38 riksdagens
1039 1482 148 31 berörda
1213 1484 162 31 skrivelse
1400 1486 96 31 inom
1519 1483 273 47 finansdeparte-

281 1525 127 29 mentet
432 1523 192 38 igångsatta
647 1527 228 38 utredningen
899 1530 65 30 har
990 1531 66 30 den
1080 1541 43 21 av
1146 1534 125 30 chefen
1295 1534 55 31 för
1374 1537 156 31 nämnda
1556 1534 235 46 departement

281 1574 78 30 med
384 1575 78 30 stöd
487 1584 43 21 av
553 1576 122 37 Kungl.
704 1577 117 38 Maj:ts
846 1580 66 30 den
937 1582 20 29 8
982 1582 180 31 december
1185 1585 83 30 1933
1296 1585 101 37 givna
1421 1587 279 39 bemyndigande
1727 1591 63 30 till-

283 1623 136 33 kallade
443 1627 224 38 sakkunnige,
693 1629 258 33 kammarrådet
976 1633 41 30 H.
1044 1633 188 39 Skoglund,
1259 1638 156 36 upptagit
1438 1637 132 38 jämväl
1592 1639 122 39 frågan
1738 1642 52 30 rö-

282 1675 106 31 rande
423 1676 202 33 effektivare
661 1680 178 38 avlösning
875 1691 42 21 av
954 1683 43 30 de
1021 1683 77 32 från
1123 1685 42 31 de
1189 1686 217 38 skatteköpta
1432 1689 207 32 halländska
1664 1692 125 36 kyrko-

283 1725 209 33 hemmanen
518 1728 167 38 utgående
710 1732 217 36 avgälderna.
977 1734 112 31 Sedan
1114 1736 229 38 utredningen
1369 1739 10 29 i
1406 1740 113 31 denna
1546 1742 52 29 del
1624 1742 165 37 slutförts,

281 1775 63 32 har
368 1777 65 31 den
460 1779 215 38 sakkunnige
698 1783 79 29 med
800 1783 164 32 skrivelse
985 1785 65 31 den
1072 1787 40 29 31
1137 1796 94 22 mars
1259 1789 82 30 1936
1363 1789 51 30 till
1436 1790 125 32 chefen
1583 1791 54 31 för
1659 1792 129 32 finans-

260 1825 291 37 "departementet
571 1830 214 32 överlämnat
807 1842 41 20 en
870 1835 233 34 promemoria
1125 1837 79 30 med
1226 1837 187 39 lagförslag
1436 1840 9 29 i
1468 1841 126 30 ämnet.

322 1871 89 36 Över
431 1878 231 39 lagförslagen
682 1882 79 30 med
782 1883 209 32 tillhörande
1011 1888 233 35 promemoria
1264 1888 90 31 hava
1374 1891 187 36 yttranden
1581 1893 143 36 avgivits
1747 1903 42 21 av

278 1926 330 40 kammarkollegiet,
636 1931 241 38 länsstyrelsen
905 1934 10 30 i
943 1935 168 32 Hallands
1137 1938 59 30 län
1224 1942 89 27 samt
1337 1940 229 38 domkapitlet
1592 1944 65 29 och
1683 1944 104 30 stifts-

276 1979 177 30 nämnden
473 1980 10 30 i
503 1981 185 38 Göteborsgs
706 1984 82 30 stift.
815 1985 5 29 I
837 1987 208 34 yttrandena
1063 1988 91 31 hava
1172 1989 175 37 förslagen
1364 1991 151 32 lämnats
1533 1996 83 28 utan
1634 1994 149 31 erinran.

321 2028 100 31 Inom
441 2029 403 39 justitiedepartementet
864 2036 92 29 hava
975 2037 151 30 därefter
1146 2039 11 29 i
1177 2039 233 40 huvudsaklig
1430 2043 200 37 anslutning
1649 2045 50 29 till
1721 2045 65 29 den

277 2079 235 38 sakkunniges
530 2081 127 37 förslag
676 2085 194 35 upprättats
889 2086 42 30 de
950 2096 47 21 nu
1016 2087 195 38 framlagda
1230 2090 240 38 lagförslagen.
1513 2092 178 39 Lagrådet,
1712 2104 75 21 som

276 2128 94 31 hörts
393 2131 81 30 över
496 2131 182 38 förslagen,
701 2134 65 30 har
787 2134 132 32 lämnat
942 2137 177 32 desamma
1141 2142 84 28 utan
1248 2141 147 31 erinran.

557 2261 241 34 Uppkomsten
817 2266 65 25 och
900 2267 292 28 beskaffenheten
1211 2277 44 19 av
1273 2270 226 34 avgälderna.

316 2329 48 31 De
387 2330 80 32 från
494 2333 41 30 de
559 2334 219 38 skatteköpta
801 2336 208 33 halländska
1033 2340 323 36 kyrkohemmanen
1380 2342 170 38 utgående
1574 2347 208 34 avgälderna

276 2379 94 32 bestå
393 2390 43 22 av
458 2383 72 30 dels
550 2383 160 37 landgille
731 2387 65 30 och
817 2387 71 31 dels
908 2389 102 30 ränta
1032 2390 11 30 i
1062 2390 90 37 följd
1174 2401 43 21 av
1240 2392 183 38 skatteköp
1444 2397 89 28 samt
1554 2395 153 38 erläggas
1729 2396 49 30 till

275 2431 129 36 kyrkor
424 2433 83 30 eller
526 2434 49 30 till
595 2436 163 38 avlöning
778 2447 42 21 av
841 2439 222 38 prästerskap
1083 2442 81 30 eller
1185 2443 173 31 klockare.
