2220 2614
634 166 124 32 Andra
774 166 254 38 lagutskottets
1048 166 182 33 utlåtande
1249 165 52 33 Nr
1319 167 46 30 17.
1711 165 38 30 21

1409 351 125 35 Bilaga
1557 350 39 29 B.

189 491 297 50 Redogörelse
511 491 72 41 för
611 491 482 51 jordkommissionens
1118 491 282 41 betänkande
1420 491 87 41 den
1527 491 49 41 28
1594 491 201 41 februari

191 560 100 42 1923
319 560 92 52 (del
443 560 74 52 VT)
544 561 16 39 i
588 561 85 39 vad
702 561 249 40 detsamma
980 571 129 31 avser
1133 560 346 41 nedannämnda
1507 562 68 39 tre
1603 559 191 51 lagstift-

812 629 363 50 ningsområden.

316 710 64 35 (De
409 710 146 37 förslag,
582 721 77 21 som
686 711 67 31 här
781 711 117 32 nedan
925 711 192 32 betecknas
1142 712 117 31 såsom
1287 711 385 39 jordkommissionens,
1700 721 88 27 upp-

193 755 107 31 bäras
316 764 48 21 av
384 754 160 36 följande
561 764 48 22 av
626 755 295 31 kommissionens
941 754 206 40 ledamöter,
1165 755 183 37 nämligen
1365 755 131 31 herrar
1513 754 36 32 C.
1570 754 218 38 Lindhagen,

230 822 8 7 .
256 797 211 42 Ingeström,
485 797 37 32 C.
542 798 33 31 J.
595 798 201 32 Johansson
814 799 13 30 i
846 798 206 38 Uppmälby
1070 799 66 31 och
1156 798 38 32 G.
1214 798 203 32 Pettersson
1436 799 14 31 i
1468 798 224 32 Hällbacken
1709 798 81 31 med

196 841 185 37 undantag
406 842 56 31 för
482 841 45 32 de
551 841 75 37 fall,
648 843 56 30 att
724 842 120 36 någon
867 853 44 20 av
935 839 82 34 dem
1039 843 12 30 i
1076 852 43 22 en
1139 842 88 31 eller
1248 852 124 23 annan
1395 842 57 32 del
1474 842 195 32 antecknat
1690 841 100 37 skilj-

196 884 103 38 aktig
321 885 155 36 mening.
520 884 259 32 Ledamöterna
801 886 46 31 M.
871 885 211 38 Ehrenborg
1103 886 67 31 och
1192 885 36 32 C.
1252 885 155 32 Jansson
1429 886 14 31 i
1466 885 208 32 Edsbäcken
1698 886 93 31 samt

197 928 36 33 0.
258 929 125 33 Olsson
403 930 15 31 i
439 929 322 37 Kullenbergstorp
783 929 65 31 och
871 929 43 32 N.
938 929 146 32 Wohlin
1105 929 93 31 hava
1220 929 141 37 avgivit
1384 927 178 34 särskilda
1585 928 204 39 yttranden,

195 973 119 32 vilkas
331 973 285 32 huvudinnehåll
635 974 14 30 i
669 973 57 31 det
748 973 157 37 följande
924 973 108 31 också
1050 971 206 38 återgivas.)

784 1042 27 32 I.
853 1042 118 33 Social
989 1042 222 37 arrendelag.

317 1103 366 32 Jordkommissionen
706 1104 67 31 har
796 1104 173 36 framlagt
992 1105 53 31 ett
1065 1104 126 32 utkast
1209 1104 59 31 till
1288 1104 61 37 lag
1371 1103 186 38 angående
1577 1104 96 31 vissa
1697 1103 94 37 jord-

197 1146 295 33 bruksarrenden.
511 1147 124 31 Denna
651 1147 61 37 lag
729 1150 43 28 är
790 1147 133 32 avsedd
938 1149 55 30 att
1012 1148 98 36 gälla
1127 1148 81 31 hela
1224 1148 104 33 riket,
1346 1158 117 21 varav
1482 1148 107 36 följer
1605 1147 69 32 den
1691 1157 98 22 norr-

193 1189 152 32 ländska
366 1189 277 37 arrendelagens
664 1190 239 36 upphävande
924 1192 119 30 såsom
1063 1201 45 21 en
1130 1191 378 37 separatlagstiftning
1532 1191 57 31 för
1610 1190 183 32 Norrland

190 1235 66 31 och
275 1234 98 32 vissa
394 1233 99 33 delar
512 1244 48 21 av
578 1233 166 35 Dalarne.

316 1277 78 32 Den
419 1277 238 32 norrländska
685 1277 255 37 arrendelagen
965 1278 176 31 omfattar
1168 1277 124 32 endast
1318 1277 185 39 jordbruk,
1529 1286 77 23 som
1631 1280 89 34 ägas
1745 1287 47 22 av

194 1321 115 37 bolag,
338 1321 232 32 ekonomiska
600 1321 208 37 föreningar
838 1322 66 30 och
933 1320 163 34 enskilda
1126 1321 239 37 spekulanter.
1416 1321 136 32 Genom
1580 1322 127 36 lagens
1735 1322 55 30 uv-

190 1364 209 38 sträckning
424 1365 56 31 till
503 1364 82 32 hela
607 1365 96 31 riket
725 1365 236 36 uppkommer
982 1364 212 37 spörsmålet
1216 1375 59 21 om
1298 1364 125 37 lagens
1446 1365 230 36 tillämpning
1701 1365 88 36 jäm-

191 1409 59 31 väl
275 1410 47 36 på
347 1408 216 37 godsägares
586 1408 281 32 utarrenderade
890 1407 183 37 jordbruk.
1119 1408 288 33 Kommissionen
1433 1409 129 35 finner,
1586 1409 55 31 att
1666 1408 123 36 lagens

191 1452 117 38 skydd
333 1453 63 32 bör
421 1454 15 31 i
460 1453 78 31 lika
561 1453 87 30 mån
670 1452 105 37 givas
800 1453 39 31 åt
862 1452 262 36 arrendatorer,
1152 1452 137 31 oavsett
1311 1462 61 22 om
1397 1451 220 38 jordägarna
1641 1452 147 31 tillhöra

190 1495 71 33 den
277 1506 68 22 ena
363 1496 87 32 eller
468 1494 117 34 andra
602 1496 216 36 kategorien.
860 1496 71 31 För
949 1496 84 31 hela
1050 1496 96 32 riket
1165 1496 64 31 och
1249 1496 58 31 för
1324 1495 174 37 samtliga
1515 1495 157 32 nämnda
1692 1496 96 31 kate-

191 1540 121 37 gorier
332 1539 255 32 arrendatorer
608 1542 44 29 är
672 1539 62 33 det
755 1550 48 21 av
824 1539 190 32 enahanda
1037 1539 180 38 betydelse
1236 1541 57 30 att
1316 1539 131 37 stadga
1470 1550 44 22 en
1536 1540 75 31 viss
1632 1539 157 31 minimi-

198 1584 53 31 tid
273 1584 56 31 för
351 1582 175 38 arrendet,
549 1583 205 37 skyldighet
776 1584 56 30 för
854 1583 216 36 jordägaren
1092 1584 54 30 att
1168 1584 12 30 i
1203 1584 114 31 första
1337 1583 98 31 hand
1454 1593 108 21 svara
1584 1583 57 31 för
1661 1583 131 31 husens

192 1627 189 37 byggande
407 1630 94 30 samt
523 1628 78 31 rätt
627 1628 58 31 för
708 1626 239 32 arrendatorn
972 1629 56 29 att
1050 1627 83 32 odla
1157 1627 66 31 och
1250 1626 136 32 erhålla
1412 1627 201 35 ersättning
1643 1627 57 30 för
1724 1636 64 27 uy-

192 1670 167 36 odlingar
381 1672 66 30 och
471 1669 116 32 andra
611 1670 347 36 jordförbältringar
980 1672 171 29 ävensom
1172 1671 56 30 att
1253 1669 130 32 bereda
1406 1669 154 37 tillgång
1584 1669 58 31 till
1666 1669 124 31 husbe-

191 1713 188 32 hovsvirke
403 1715 64 30 och
489 1713 87 36 bete,
598 1711 66 34 där
684 1712 129 32 sådant
835 1723 103 22 anses
958 1713 185 36 omistligt.

312 1757 288 32 Kommissionen
627 1757 119 31 finner
770 1756 60 32 det
854 1756 125 32 vidare
1005 1757 301 31 överensstämma
1331 1755 83 32 med
1437 1755 90 32 reda
1549 1756 67 30 och
1640 1755 150 31 allmän-

195 1802 124 30 hetens
335 1802 151 30 intresse
503 1803 52 29 att
571 1800 130 31 liksom
715 1800 70 31 den
800 1799 239 32 norrländska
1055 1799 256 37 arrendelagen
1328 1801 94 29 även
1436 1810 46 20 en
1497 1799 111 31 social
1624 1798 164 33 arrende-

194 1845 232 37 lagstiftning
445 1845 60 31 för
522 1843 81 32 hela
620 1843 97 32 riket
733 1846 175 34 nupptages
928 1844 12 30 i
958 1853 44 21 en
1019 1843 154 32 särskild
1193 1843 71 38 lag,
1282 1853 78 21 som
1378 1842 199 32 innehåller
1593 1842 45 33 de
1655 1841 133 32 sociala

198 1889 311 32 bestämmelserna
533 1888 66 32 och
625 1889 14 30 i
662 1888 121 36 övrigt
805 1888 173 31 hänvisar
1005 1887 55 31 till
1085 1887 183 31 allmänna
1292 1886 269 37 arrenidelagen.

313 1933 18 31 I
360 1933 67 31 sak
458 1932 107 36 följer
595 1932 171 36 förslaget
795 1932 14 30 i
837 1931 267 36 huvudsakiiga
1132 1930 100 32 delar
1260 1930 69 31 den
1356 1929 241 32 morrländska
1624 1929 165 32 arrende-

192 1977 116 38 lagen,
335 1986 82 21 men
442 1975 201 32 innehåller
668 1975 68 31 ock
761 1974 188 37 åtskilliga
974 1974 211 37 avvikelser,
1211 1973 116 32 delvis
1356 1972 211 32 föranledda
1592 1983 48 21 av
1665 1973 125 36 lagens

191 2019 252 36 utsträckning
466 2019 55 31 till
542 2017 108 32 södra
669 2019 65 30 och
755 2017 181 35 mellersta
958 2017 149 31 delarna
1126 2028 48 20 av
1193 2016 96 32 riket
1309 2016 82 32 med
1410 2016 68 32 där
1501 2015 288 32 förekommande

195 2062 95 35 gods.

317 2105 204 36 Förslagets
545 2104 196 36 viktigaste
764 2102 222 38 stadganden
1013 2106 62 28 äro
1101 2102 172 37 följande:

316 2148 122 36 Lagen
457 2147 186 36 omfattar,
665 2148 13 31 i
699 2147 116 31 likhet
833 2147 80 31 med
934 2147 69 31 den
1025 2146 237 31 norrländska
1282 2145 267 37 arrendelagen,
1573 2144 150 32 arrende
1744 2155 46 20 av

195 2191 90 37 jord,
305 2202 77 21 som
404 2192 123 32 tillhör
548 2191 114 36 bolag,
684 2191 163 36 förening
871 2192 57 30 för
946 2190 208 31 ekonomisk
1172 2189 229 32 verksamhet
1422 2189 64 31 och
1506 2188 139 32 enskild
1663 2188 126 36 speku-

191 2235 79 31 lant
298 2234 104 36 (även
427 2245 122 21 annan
574 2235 190 36 spekulant
792 2236 45 29 än
863 2231 325 39 skogsspekulant),
1223 2242 83 21 men
1340 2232 184 32 dessutom
1556 2231 153 32 arrende
1743 2241 46 21 av

193 2278 89 39 jord,
310 2278 162 37 tillhörig
499 2288 118 21 annan
647 2275 139 34 enskild
810 2288 126 25 person
963 2276 86 32 eller
1072 2276 272 35 fideikommiss,
1381 2275 68 32 där
1485 2274 166 32 arrendet
1686 2283 104 22 avser
