2216 2612
469 156 40 31 22
862 157 123 32 Andra
1002 158 253 36 lagutskottets
1274 158 183 33 utlåtande
1475 159 53 32 Nr
1547 160 46 31 17.

429 233 55 32 till
512 233 216 37 huvudgård
758 235 157 31 hörande
946 236 175 36 hemman,
1151 237 250 34 hemmansdel,
1435 240 78 34 torp
1547 238 85 31 eller
1663 249 119 21 annan
1813 240 205 36 jordbruks-

425 277 174 37 lägenhet.

548 321 287 32 Minimiarealen
861 322 55 31 för
940 322 121 37 lagens
1085 323 255 37 tillämplighet
1362 324 91 31 skall
1473 336 92 20 vara
1584 326 111 30 minst
1718 327 19 29 4
1758 326 128 32 hektar
1908 328 110 31 inrös-

428 365 189 36 ningsjord
639 365 84 31 eller
746 365 63 31 ock
831 365 105 31 odlad
957 366 79 36 jord
1055 367 57 30 till
1132 377 45 21 en
1198 367 84 31 vidd
1305 378 44 21 av
1371 368 109 31 minst
1501 369 19 30 2
1541 369 137 38 hektar,
1700 369 59 31 det
1780 370 89 31 sista
1892 380 44 21 en
1957 382 61 25 ny-

429 409 68 30 het.
546 408 84 31 Med
657 409 139 36 hänsyn
827 409 55 31 till
913 409 271 32 förhållandena
1214 411 13 30 i
1255 408 103 34 södra
1390 412 63 30 och
1481 412 181 31 mellersta
1693 413 148 37 Sverige
1872 414 147 32 föreslås

428 461 48 22 nu
495 452 109 30 också
624 462 44 21 en
686 453 252 31 maximiareal
957 464 46 20 av
1024 454 38 30 25
1082 454 128 31 hektar
1229 454 107 31 odlad
1355 454 88 36 jord.

548 495 52 32 På
625 498 130 34 omväg
784 496 224 37 föreskrives,
1033 498 56 30 att
1125 507 59 21 om
1221 497 209 37 jordbruket
1465 499 78 31 icke
1577 499 142 32 lämnar
1761 500 258 37 »huvudsaklig

426 538 176 38 bärgning
624 540 38 31 åt
686 550 42 21 en
749 539 188 32 medelstor
962 540 150 37 familj»,
1133 540 95 32 skall
1248 543 47 34 på
1318 541 157 37 begäran
1495 542 170 32 arrendet
1687 543 228 37 undantagas
1935 545 85 31 från

427 581 113 36 lagen.
584 583 17 30 I
622 582 296 37 norrlandslagen
940 586 40 28 är
1000 584 168 31 villkoret
1190 585 54 31 att
1267 584 271 38 »självständigt
1560 586 173 36 jordbruk
1753 587 71 31 kan
1846 587 132 31 idkas».

545 626 307 37 Upplåtelsetiden
880 629 50 37 är,
957 627 45 31 då
1033 627 67 32 den
1125 628 35 37 ej
1187 638 105 22 avser
1319 629 255 33 arrendatorns
1600 630 134 36 livstid,
1761 631 111 31 minst
1903 632 37 30 15
1967 632 51 38 år,

427 670 125 31 vartill
598 671 118 30 såsom
751 680 42 21 en
826 671 112 36 nyhet
971 672 160 30 kommer
1168 673 213 35 optionsrält
1407 673 55 30 till
1498 674 213 36 ytterligare
1747 675 38 30 15
1818 675 52 35 år,
1907 674 113 32 vilket

424 722 179 27 upprepas
626 713 64 32 vid
712 714 102 36 varje
837 713 141 37 periods
1000 714 83 32 slut.
1133 714 138 37 (Enligt
1293 716 295 32 kommissionens
1610 717 118 32 nedam
1753 718 189 36 återgivna
1965 720 54 29 ut-

424 756 143 33 låtande
584 767 61 21 om
667 757 228 32 arrendators
914 760 72 29 rätt
1008 759 55 30 till
1082 757 189 38 avlösning
1290 769 49 21 av
1355 758 328 38 arrendejordbruk
1711 761 72 30 kan
1804 761 215 37 jordägaren

428 800 173 36 påfordra
625 801 186 37 avlösning
837 802 97 31 inom
958 803 72 30 viss
1054 802 63 37 tid,
1141 803 62 31 vid
1227 805 151 35 äventyr
1400 805 54 29 att
1477 805 264 35 optionsrätten
1766 804 165 32 förfaller
1956 805 63 31 och

428 844 216 36 jordägaren
669 845 196 36 berättigas
890 845 92 37 sälja
1006 845 210 37 jordbruket
1238 847 58 30 till
1319 845 144 37 annan.)

548 888 225 37 Jordägaren
792 899 128 21 svarar
941 890 56 30 för
1015 889 131 37 nödiga
1165 890 250 36 åbyggnaders
1434 891 235 36 uppförande.
1711 891 52 31 På
1784 891 236 32 arrendatorn

426 931 94 31 vilar
555 931 73 31 alla
659 932 253 36 reparationer,
945 935 89 29 även
1067 933 42 31 de
1140 935 123 37 större,
1295 934 99 31 vilka
1424 944 126 21 senare
1580 935 111 36 enligt
1723 935 296 36 norrlandslagen

426 974 75 32 vila
523 976 46 35 på
591 975 226 37 jordägaren.

546 1019 97 36 Lega
665 1019 90 31 skall
776 1021 157 30 utsättas
955 1021 11 29 i
986 1020 201 36 penningar
1207 1021 85 30 eller
1312 1022 243 31 naturaalster
1579 1022 63 30 och
1662 1022 94 30 skall
1774 1032 90 21 vara
1885 1023 57 30 till
1964 1023 54 30 be-

424 1062 119 37 loppet
570 1063 169 31 bestämd.
788 1063 17 30 I
834 1063 112 31 likhet
972 1063 80 31 med
1077 1063 296 37 norrlandslagen
1398 1064 199 31 innehåller
1625 1065 181 37 förslaget,
1833 1066 57 30 att
1915 1065 105 37 legan

423 1105 72 32 kan
524 1106 63 31 vid
616 1105 134 32 allmän
778 1107 149 31 svårare
958 1107 174 31 missväxt
1163 1107 89 31 efter
1282 1107 155 31 särskild
1465 1108 179 36 prövning
1673 1108 192 31 nedsättas.
1916 1108 101 32 Stad-

426 1149 131 36 gandet
575 1160 60 20 om
653 1150 70 30 hur
742 1149 104 37 legan
864 1150 94 30 skall
979 1151 148 35 utgöras
1145 1150 200 31 innefattar
1360 1150 137 32 således
1514 1151 390 37 arbetsskyldighetens
1925 1152 93 31 bort-

428 1193 155 36 tagande
601 1202 127 28 genom
745 1193 69 37 lag.
833 1193 288 31 Kommissionen
1140 1193 164 32 förordar
1321 1195 14 30 i
1352 1194 207 36 anslutning
1578 1195 59 30 till
1650 1205 48 21 en
1713 1196 131 30 nästan
1860 1195 158 37 enhällig

421 1237 146 35 opinion
591 1237 110 31 bland
720 1236 310 39 arrendatorerna,
1053 1238 56 31 att
1129 1236 116 32 denna
1269 1237 220 36 förpliktelse
1511 1238 94 31 skall
1627 1238 172 37 upphöra.
1823 1238 194 37 Samtidigt

428 1279 140 32 erinrar
589 1279 277 33 kommissionen
887 1291 57 20 om
965 1280 44 32 de
1031 1282 166 35 utvägar,
1222 1291 73 21 som
1318 1282 13 29 1
1351 1281 122 31 stället
1495 1282 87 30 böra
1603 1281 142 31 anlitas.
1788 1281 231 32 Kommissio-

423 1334 68 21 nen
520 1325 121 30 finner
666 1324 60 31 det
752 1325 139 38 riktigt,
918 1325 56 31 att
1001 1324 174 37 jordbruk
1201 1326 93 29 samt
1321 1325 202 31 lönearbete
1552 1326 21 29 å
1601 1325 124 36 jorden
1752 1326 65 30 och
1847 1326 13 30 i
1886 1326 132 36 skogen

427 1367 117 32 hållas
565 1369 14 30 i
605 1370 59 29 sär
688 1369 12 31 i
724 1368 204 36 möjligaste
951 1369 92 29 mån.

541 1411 249 32 Arrendatorn
816 1412 68 30 har
910 1413 73 29 rätt
1010 1410 57 32 till
1092 1411 172 37 nyodling
1291 1414 94 30 samt
1410 1413 73 29 rätt
1511 1411 57 31 till
1596 1412 199 36 ersättning
1825 1412 56 31 för
1906 1412 112 32 sådan

426 1456 65 30 och
516 1456 57 30 för
597 1465 119 21 annan
740 1455 310 36 jordförbättring.
1096 1455 124 31 Denna
1242 1456 76 30 rätt
1341 1458 100 34 göres
1463 1456 15 30 i
1501 1455 172 36 förslaget
1695 1465 99 22 mera
1817 1456 164 38 effektiv,
2006 1456 13 31 i

422 1497 59 33 det
502 1499 64 36 att,
587 1499 47 31 då
658 1498 123 31 endast
802 1498 43 31 de
866 1497 127 32 odlade
1017 1501 134 34 ägorna
1172 1501 66 28 äro
1257 1499 184 36 upplåtna,
1463 1498 240 32 arrendatorn
1724 1501 86 34 äger
1829 1501 57 29 att
1907 1499 114 31 under

422 1542 97 31 vissa
548 1542 305 37 förutsättningar
882 1544 91 29 även
1001 1542 121 31 kunna
1150 1543 159 36 upptaga
1337 1542 123 37 odling
1490 1542 242 39 annorstädes,
1760 1542 90 32 dock
1879 1543 33 36 ej
1952 1543 66 31 där

420 1584 59 33 det
508 1585 118 32 finnes
655 1585 191 37 ståndskog
871 1586 90 31 eller
984 1585 158 37 växtligt
1169 1586 339 36 ungskogsbestånd.

545 1629 370 31 Jordkommissionen
937 1631 13 30 i
971 1629 107 32 länen
1101 1630 64 30 och
1188 1630 305 36 jordkommittéer
1517 1630 13 30 i
1553 1630 199 31 socknarna
1775 1632 68 34 äga
1866 1630 73 31 viss
1963 1630 54 31 be-

424 1673 159 37 fattning
610 1673 82 31 med
715 1674 123 35 lagens
863 1672 260 32 övervakande.

541 1717 106 31 Vissa
676 1717 127 31 tvister
830 1719 152 34 avgöras
1007 1727 48 20 av
1081 1717 192 36 skiljemän
1310 1717 111 36 enligt
1448 1716 198 32 förebilden
1670 1716 126 32 därom
1822 1718 14 31 i
1860 1716 70 32 den
1953 1717 58 30 all.

427 1762 132 30 mänma
589 1760 264 37 arrendelagen,
884 1761 112 31 såsom
1028 1771 57 20 om
1113 1760 197 37 ändringar
1339 1761 12 30 i
1377 1760 329 31 arrendevillkoren
1733 1760 62 30 vid
1824 1759 194 32 arrendeti-

421 1803 86 32 dens
527 1805 139 36 utgång
686 1814 45 21 m.
752 1814 47 21 m.

542 1846 56 32 En
627 1847 118 37 viktig
776 1847 258 36 angelägenhet
1062 1849 42 29 är
1136 1847 512 36 övergångsbestämmelserna
1678 1848 67 30 och
1773 1846 71 32 den
1871 1846 148 32 därmed

421 1891 354 36 sammanhängande
802 1892 141 38 frågan,
969 1890 183 32 huruvida
1179 1891 63 31 och
1269 1893 13 29 i
1308 1891 72 31 vad
1405 1892 83 30 mån
1512 1891 110 36 lagen
1646 1891 93 31 skall
1766 1892 70 35 äga
1863 1890 154 37 tillämp-

421 1934 87 37 ning
531 1935 48 36 på
601 1935 110 39 avtal,
734 1935 172 36 ingånget
932 1935 75 31 före
1029 1934 124 37 lagens
1178 1934 173 32 trädande
1372 1935 15 31 i
1409 1935 109 31 kraft.
1562 1934 17 31 I
1603 1934 101 31 detta
1725 1934 176 32 avseende
1922 1935 93 30 inne-

426 1979 114 31 håller
567 1978 183 40 förslaget,
774 1980 66 35 att,
868 1989 57 21 om
948 1978 219 32 arendatorn
1191 1978 113 37 enligt
1329 1978 102 31 äldre
1454 1979 100 30 avtal
1581 1978 63 31 vid
1670 1977 268 32 arrendetidens
1964 1980 54 28 ut-

423 2023 95 36 gång
544 2022 132 32 brukat
702 2022 218 36 fastigheten
943 2022 15 31 1
983 2023 110 31 minst
1119 2023 39 30 15
1183 2023 49 35 år,
1257 2024 87 34 äger
1368 2022 74 31 han
1464 2023 76 30 rätt
1565 2023 57 30 att
1646 2022 47 36 på
1716 2022 75 30 sätt
1814 2022 67 30 och
1905 2021 114 31 under

422 2065 140 38 villkor,
583 2076 79 21 som
684 2067 13 30 i
722 2065 172 36 förslaget
914 2065 164 37 stadgats
1098 2075 61 22 om
1178 2065 236 36 optionsrätts
1436 2063 332 38 tillgodonjutande,
1794 2065 38 30 få
1853 2063 168 32 arrendet

424 2109 146 36 förnyat
593 2110 13 31 i
628 2109 156 36 enlighet
806 2109 83 32 med
909 2109 69 32 den
998 2119 75 27 nya
1092 2108 117 37 lagen.
1252 2108 249 32 Arrendatorn
1523 2111 41 28 är
1586 2108 204 37 berättigad
1812 2109 57 30 att
1890 2107 130 31 härvid

427 2151 264 37 tillgodoräkna
719 2153 52 36 sig
798 2153 68 31 den
889 2153 55 31 tid
969 2153 90 31 hans
1083 2152 88 32 eller
1193 2153 90 31 hans
1307 2153 148 31 hustrus
1480 2152 182 31 föräldrar
1688 2152 86 31 eller
1800 2150 219 36 adoptivför-

425 2195 121 33 äldrar
570 2197 167 32 innehaft
764 2197 226 37 fastigheten.
1039 2195 147 33 Oavsett
1211 2196 69 31 vad
1305 2195 150 33 sålunda
1481 2195 166 38 stadgats
1670 2194 94 32 skall
1789 2196 22 28 å
1837 2193 100 33 äldre
1961 2205 56 21 ar-

422 2239 218 40 rendeavtal,
666 2240 175 33 avseende
867 2239 149 33 arrende
1043 2240 57 31 för
1126 2239 254 32 arrendatorns
1405 2239 124 32 !ivstid
1554 2239 87 32 eller
1668 2239 44 35 på
1739 2237 74 32 viss
1840 2237 62 40 tid,
1929 2248 88 21 vara
