2214 2616
662 162 123 32 Andra
802 161 254 38 lagutskottets
1074 159 184 33 utlåtande
1277 158 53 33 Nr
1348 159 46 31 17.
1754 155 14 30 1

946 451 59 40 Nr
1033 450 61 42 17.

835 573 112 27 Ankom
967 573 40 27 till
1026 572 167 35 riksdagens
1212 571 92 28 kansli
1324 571 52 28 den
1397 571 33 27 12
1449 571 55 35 maj
1526 571 67 26 1923
1610 570 38 27 kl.
1668 570 16 26 4
1702 580 22 17 e.
1746 579 35 17 m.

422 682 194 36 Utlåtande
644 682 13 34 i
686 681 197 44 anledning
926 691 44 24 av
1009 680 126 35 väckta
1176 680 174 35 motioner
1382 679 79 35 med
1495 677 146 45 förslag
1672 678 57 35 till
1758 677 59 45 lay

619 753 54 24 om
696 741 246 45 förlängning
972 752 44 24 av
1044 741 95 35 vissa
1168 739 266 36 arrendeavtal.

342 863 18 36 I
388 876 48 23 en
463 863 103 35 inom
600 862 117 35 första
745 860 217 36 kammaren
991 860 126 46 väckt,
1146 859 57 36 till
1221 858 216 50 lagutskott
1466 857 182 37 hänvisad
1673 857 144 37 motion

215 929 45 22 nr
304 917 85 43 112,
432 914 127 37 vilken
600 912 222 37 behandlats
856 924 47 23 av
945 911 115 36 andra
1089 911 263 49 lagutskottet,
1389 910 70 36 har
1487 910 86 36 herr
1600 910 216 45 Lindhagen

215 966 204 47 hemställt,
463 971 53 31 att
549 964 206 49 riksdagen
783 963 89 37 ville
902 963 58 36 för
988 963 59 36 sin
1076 963 60 36 del
1165 969 139 42 antaga
1332 967 54 32 ett
1414 962 12 36 i
1455 962 191 35 motionen
1677 961 144 36 formu-

214 1020 94 36 lerat
336 1018 147 48 förslag
511 1017 56 36 till
594 1017 66 48 lag
688 1029 61 23 om
779 1014 249 49 förlängning
1056 1028 47 22 av
1130 1014 103 36 vissa
1261 1014 271 36 arrendeavtal.

344 1070 112 36 Detta
486 1069 143 48 förslag
657 1071 343 33 överensstämmer
1025 1066 237 48 väsentligen
1291 1066 85 37 med
1396 1070 53 32 ett
1467 1064 212 50 lagförslag
1698 1065 12 35 i
1730 1077 87 24 ena-

215 1122 125 37 handa
382 1126 125 41 ämne,
550 1133 81 24 som
673 1133 46 23 av
755 1118 390 50 jordkommissionen
1188 1118 210 36 avlämnats
1431 1117 57 36 till
1516 1117 202 36 statsrådet
1746 1116 70 37 och

216 1174 133 37 chefen
392 1174 58 35 för
486 1171 450 49 justitiedepartementet
977 1170 160 36 medelst
1165 1183 46 23 en
1240 1170 73 36 den
1343 1171 47 35 10
1414 1169 152 49 januari
1598 1170 96 34 1923
1724 1167 94 49 dag-

215 1224 162 37 tecknad
419 1224 194 46 skrivelse,
655 1222 81 36 däri
771 1235 48 22 av
859 1221 299 36 kommissionen
1200 1221 212 36 hemställts
1453 1233 61 23 om
1544 1219 198 37 avlåtande
1771 1232 47 23 av

216 1276 237 49 proposition
481 1275 57 36 till
566 1273 255 37 innevarande
850 1276 58 33 års
936 1272 156 49 riksdag
1119 1272 84 36 med
1233 1273 63 36 det
1315 1272 12 35 i
1348 1272 210 36 skrivelsen
1586 1270 235 37 innefattade

215 1327 261 49 lagförslaget.
531 1325 416 38 Jordkommissionens
987 1323 161 37 berörda
1189 1324 145 49 förslag
1374 1324 79 46 har,
1496 1322 121 49 enligt
1656 1323 74 35 vad
1758 1328 59 30 ut-

217 1380 140 36 skottet
385 1379 198 46 inhämtat,
612 1382 101 31 ännu
741 1376 82 37 icke
850 1376 112 36 blivit
990 1375 157 37 föremål
1167 1375 58 36 för
1244 1378 118 45 något
1382 1375 142 48 Kungl.
1545 1374 127 48 Maj:ts
1692 1374 129 36 beslut

217 1433 11 35 1
255 1436 141 32 ämnet.

345 1483 55 36 De
428 1482 97 37 båda
553 1481 281 48 lagförslagens
863 1478 237 50 ordalydelse
1119 1479 190 48 återgives
1330 1479 68 36 här
1417 1478 122 36 nedan
1561 1477 81 49 (sid.
1665 1479 20 35 6
1707 1491 33 23 o.
1762 1477 53 49 f.).

346 1586 16 36 I
393 1585 279 48 sammanhang
699 1583 84 37 med
814 1583 249 37 förenämnda
1091 1583 142 36 motion
1263 1583 68 36 har
1357 1582 184 36 utskottet
1569 1581 55 36 till
1652 1581 167 37 behand-

217 1639 81 47 ling
343 1637 166 36 förehaft
554 1643 140 29 tvenne
743 1635 181 36 likaledes
967 1634 55 36 till
1064 1634 212 49 lagutskott
1317 1633 206 36 hänvisade
1573 1633 186 36 motioner
1806 1633 12 35 i

218 1689 198 37 enahanda
457 1693 122 41 ämne,
622 1686 194 48 nämligen
858 1686 81 36 dels
980 1686 194 35 motionen
1211 1699 44 22 nr
1299 1687 70 33 111
1401 1686 10 35 i
1439 1684 118 36 första
1598 1684 220 36 kammaren

219 1755 45 22 av
292 1740 87 37 herr
407 1741 135 35 Möller
569 1738 71 37 och
669 1738 78 36 dels
776 1750 47 23 en
851 1737 155 36 därmed
1035 1737 77 35 lika
1140 1737 163 48 lydande
1332 1735 142 37 motion
1503 1749 44 22 nr
1578 1737 71 34 143
1670 1736 11 35 i
1703 1735 117 36 andra

218 1794 219 35 kammaren
480 1804 45 23 av
567 1790 129 36 herrar
733 1790 150 35 Nilsson
912 1789 11 35 i
951 1788 135 48 Tånga
1127 1788 70 37 och
1243 1789 175 35 Eriksson
1451 1787 12 35 i
1493 1786 285 49 Grängesberg,
1807 1787 12 35 i

217 1844 102 36 vilka
359 1842 97 37 båda
497 1842 186 36 motioner
727 1840 181 37 likaledes
951 1840 223 46 hemställts,
1218 1845 54 30 att
1313 1839 207 47 riksdagen
1557 1838 87 36 ville
1674 1838 57 37 för
1759 1838 60 36 sin

220 1896 59 36 del
322 1901 142 42 antaga
491 1899 53 31 ett
578 1894 5 35 i
612 1893 238 36 motionerna
878 1892 222 37 formulerat
1127 1891 148 48 förslag
1304 1891 55 36 till
1388 1892 65 46 lag
1481 1903 60 23 om
1572 1890 248 48 förlängning

219 1960 45 23 av
292 1947 103 36 vissa
424 1945 271 37 arrendeavtal.

346 1998 74 36 Det
447 1996 84 37 med
561 1995 237 38 sistnämnda
827 1994 186 37 motioner
1040 1994 213 47 framlagda
1272 1993 252 49 lagförslaget
1544 1998 276 31 överensstäm-

219 2062 78 23 mer
324 2070 50 4 —
404 2048 158 36 frånsett
603 2047 101 35 vissa
732 2047 79 35 däri
842 2046 167 47 angivna
1038 2045 96 36 tider
1161 2066 50 5 —
1240 2045 10 35 i
1281 2045 73 35 allo
1383 2044 85 36 med
1498 2044 63 36 det
1590 2044 144 48 förslag
1761 2044 58 36 till

218 2100 64 48 lag
310 2113 61 22 om
403 2098 249 48 förlängning
680 2111 45 22 av
752 2097 103 36 vissa
884 2096 272 46 arrendeavtal,
1186 2096 118 35 vilket
1333 2094 201 37 framlades
1564 2095 59 35 för
1651 2095 168 48 fjolårets

219 2150 158 49 riksdag
405 2163 140 35 genom
574 2149 142 47 Kungl.
746 2148 127 48 Maj:ts
902 2146 238 50 proposition
1169 2161 44 21 nr
1243 2149 58 34 72.

348 2201 190 49 Lydelsen
579 2214 46 22 av
668 2204 127 32 senast
829 2198 158 38 berörda
1016 2198 98 36 båda
1142 2198 210 48 lagförslag
1381 2197 190 48 återgives
1601 2197 68 36 här
1697 2197 124 37 nedan

219 2253 81 36 (sid.
331 2255 20 34 6
383 2266 33 23 o.
448 2252 49 48 f).

224 2313 125 42 Bihang
373 2313 48 31 till
444 2312 187 41 riksdagens
650 2311 156 42 protokoll
831 2312 94 31 1923.
959 2313 20 30 9
1001 2311 89 31 saml.
1137 2311 21 30 2
1181 2310 68 31 avd.
1275 2310 42 31 14
1339 2308 79 41 höft.
1453 2308 66 42 (Nr
1543 2310 65 36 17.)
1759 2311 14 29 1
