2168 2636
677 192 264 32 Statsutskottets
971 191 176 32 Utlåtande
1170 191 64 31 N:o
1256 193 28 28 5.
1691 189 40 31 83

282 281 106 36 Efter
429 294 50 23 nu
517 280 159 49 angifna
703 279 168 49 grunder
898 279 69 36 har
994 278 266 48 beräkningen
1281 276 77 50 (bil.
1381 276 63 49 88)
1463 277 42 36 af
1521 275 252 37 förevarande

178 333 134 49 anslag
340 332 133 49 gjorts,
502 331 246 50 upptagande
776 331 182 37 behofvet

178 401 59 36 för
265 400 197 37 artilleriet
490 400 57 36 till
578 401 162 45 166,362
769 398 301 49 legningsdagar
1099 399 22 35 å
1149 400 21 34 3
1199 398 56 36 kr.
1504 396 177 46 499,086:
1711 416 50 4 —

204 465 17 22 »
267 451 386 49 ingenjörtrupperna
680 450 57 37 till
767 452 138 45 21,904
934 449 60 37 d:o
1050 450 22 35 å
1100 451 22 34 3
1151 449 54 36 kr.
1242 481 4 4 .
1532 448 150 45 65,712:
1711 467 51 5 —

203 516 18 23 »
267 508 163 43 trängen
459 503 58 36 till
544 504 139 45 25,418
712 501 61 36 d:o
802 503 22 34 å
852 503 21 34 3
904 501 55 36 kr.
1534 499 149 46 76,254:
1712 519 50 4 —

179 554 150 37 hvartill
357 555 169 36 kommer
552 553 62 36 för
642 552 220 37 kavalleriet
1532 527 61 58 46,
1586 551 97 45 237:
1714 550 49 34 50

1151 579 160 92 tillhopa
1338 618 140 36 kronor
1507 619 176 46 687,289:
1714 618 61 46 50,

180 714 146 37 hvilket
366 715 153 49 belopp,
553 714 174 49 jämnadt
759 712 57 38 till
845 714 165 46 687,290
1038 713 154 46 kronor,
1221 712 86 36 med
1337 713 111 47 7,170
1476 711 141 37 kronor
1651 710 125 37 öfver-

180 766 121 49 stiger
327 766 176 49 anslaget
531 766 60 36 för
620 769 40 34 år
690 767 131 35 1904.»

283 869 53 37 På
362 870 124 48 grund
514 870 42 35 af
580 868 75 37 den
683 868 220 48 förebragta
929 867 257 48 utredningen
1215 865 220 37 hemställer
1461 866 202 46 utskottet,

682 949 56 31 att
764 943 220 48 Riksdagen
1012 946 61 33 må
1101 943 72 36 öka
1200 943 177 48 anslaget
1403 941 57 37 till
1483 942 88 48 lega
1590 941 41 36 af
1646 941 131 37 hästar

579 996 56 37 till
677 995 255 47 kavalleriets,
984 994 227 47 artilleriets,
1254 993 405 50 ingenjörtruppernas
1705 993 71 36 och

578 1053 186 43 trängens
793 1047 159 47 exercis,
971 1060 51 23 nu
1043 1048 163 46 680,120
1227 1046 153 48 kronor,
1401 1045 83 37 med
1508 1046 112 47 7,170
1636 1045 141 36 kronor

578 1100 56 36 till
664 1101 163 46 687,290
855 1099 152 37 kronor.

827 1252 304 50 Krigshögskolor.

288 1357 98 49 12:0)
440 1357 64 37 Uti
545 1358 171 48 punkten
760 1359 45 34 12
843 1357 120 36 under
990 1357 124 36 denna
1141 1354 227 38 hufvudtitel
1396 1355 69 36 har
1498 1355 141 48 Kungl.
1669 1354 107 48 Maj:t

182 1409 200 49 föreslagit
421 1409 222 49 Riksdagen
683 1413 67 42 att,
787 1408 87 37 med
900 1407 282 50 godkännande
1211 1407 42 36 af
1276 1407 65 37 det
1367 1406 64 36 vid
1459 1383 316 72 statsrådsproto-

182 1461 119 37 kollet
342 1461 140 48 fogade
523 1461 148 47 förslag
710 1437 59 60 till
809 1466 75 30 stat
920 1460 59 37 för
1015 1458 338 50 krigshögskolan,
1391 1458 89 48 höja
1516 1458 176 49 anslaget
1718 1457 57 37 till

182 1513 329 50 krigshögskolor,
538 1526 51 23 nu
620 1514 136 46 77,205
785 1512 154 47 kronor,
968 1512 86 37 med
1075 1512 139 47 20,450
1234 1511 141 37 kronor
1394 1510 57 36 till
1467 1511 138 47 97,655
1622 1510 152 36 kronor.

285 1615 242 37 Beträffande
544 1614 126 37 denna
679 1614 283 49 framställning
973 1614 68 36 har
1052 1613 397 50 departementchefen
1461 1612 127 37 anfört
1597 1611 178 49 följande.

289 1667 38 36 »I
356 1667 64 37 det
447 1667 42 37 af
515 1667 137 37 chefen
680 1667 61 36 för
768 1666 296 49 generalstaben
1091 1666 75 36 den
1197 1667 45 34 13
1271 1664 207 37 november
1510 1665 98 36 1900
1629 1663 148 49 afgifna

182 1719 189 49 förslaget
398 1718 57 37 till
484 1732 52 35 ny
577 1718 235 49 härordning
852 1718 191 47 anfördes,
1072 1717 13 37 i
1112 1718 108 48 fråga
1249 1730 61 23 om
1338 1715 129 38 skolor
1494 1716 61 37 för
1582 1716 196 37 officerare

184 1771 71 37 och
283 1770 234 47 underbefäl,
560 1775 56 32 att
656 1770 64 37 det
759 1770 86 48 låge
872 1770 13 36 i
914 1770 138 37 sakens
1094 1774 121 43 natur,
1257 1773 55 32 att
1351 1768 84 37 med
1469 1768 309 48 härordningens

182 1823 223 47 utveckling
447 1823 113 36 dessa
602 1822 128 37 skolor
769 1822 126 37 blefve
937 1822 13 36 i
991 1821 119 37 behof
1146 1821 43 36 af
1227 1820 121 37 ökade
1389 1820 146 49 anslag,
1577 1819 72 37 och
1688 1819 13 36 1
1729 1819 47 37 de

182 1874 58 37 till
280 1874 164 37 nämnda
484 1874 148 49 förslag
672 1874 169 36 hörande
882 1873 309 49 beräkningarna
1231 1872 41 37 af
1313 1872 315 37 landtförsvarets
1657 1871 120 49 årliga

183 1926 165 37 kostnad
377 1926 98 37 efter
492 1899 229 81 genomförd
740 1925 237 65 härordning
995 1902 169 73 upptogs
1183 1923 175 50 anslaget
1377 1923 57 37 till
1455 1900 322 73 krigshögskolor

182 1978 56 37 till
269 1979 163 47 100,000
460 1978 152 37 kronor.
667 1977 74 37 Vid
772 1979 96 35 1903
898 1980 60 34 års
986 1976 171 50 Riksdag
1184 1953 140 72 antogs
1352 1990 52 50 ny
1424 1981 76 31 stat
1523 1976 60 37 för
1602 1974 174 38 artilleri-

184 2030 72 38 och
284 2003 403 81 ingenjörhögskolan,
715 2029 157 37 hvilken
901 2029 75 37 den
1004 2031 48 34 26
1076 2029 84 48 juni
1189 2041 141 24 samma
1358 2031 40 33 år
1425 2028 42 37 af
1492 2027 121 37 Eders
1633 2026 142 50 Kungl.

184 2082 107 49 Maj:t
311 2082 242 37 fastställdes.
610 2082 75 36 För
702 2081 324 49 krigshögskolan
1045 2080 122 49 gäller
1190 2080 171 37 däremot
1379 2079 235 37 fortfarande
1634 2092 142 24 samma

184 2139 86 43 stat,
300 2146 81 25 som
409 2134 82 37 före
533 2134 76 36 den
648 2146 75 36 nya
763 2133 308 49 härordningens
1112 2132 214 49 antagande
1361 2131 233 37 fastställdes
1623 2131 75 36 den
1727 2132 48 35 28

184 2162 86 74 maj
291 2188 110 45 1897,
431 2185 97 38 dock
555 2185 88 37 med
671 2185 75 37 den
787 2185 176 48 ändring,
993 2197 81 25 som
1111 2183 187 51 påkallats
1327 2183 118 47 däraf,
1475 2188 55 32 att
1557 2182 220 50 aflöningen

183 2237 57 37 till
269 2238 152 36 skolans
449 2237 89 38 chef
563 2237 218 49 reglerades
809 2236 63 37 vid
902 2238 98 36 1902
1030 2239 60 34 års
1120 2236 176 48 Riksdag.

287 2289 133 50 Enligt
461 2290 74 37 den
575 2268 220 58 nuvarande
829 2288 310 50 organisationen
1168 2288 43 37 af
1234 2264 336 73 krigshögskolan,
1600 2300 79 23 som
1708 2286 69 37 har

183 2342 59 37 till
270 2341 173 38 ändamål
484 2347 56 32 att
567 2341 125 37 lämna
721 2341 195 37 officerare
944 2340 150 38 tillfälle
1123 2345 54 32 att
1205 2340 192 37 förvärfva
1426 2339 122 37 ökade
1576 2339 161 36 insikter
1764 2337 12 37 i

1804 1367 61 29 Ang.
1884 1367 102 29 höjning

1823 1401 27 23 af
1866 1402 109 28 anslaget

1827 1436 41 22 till
1885 1436 81 29 krige-

1830 1470 143 29 högskolor.

1852 1513 95 47 L12.]
