2180 2632
678 174 265 32 Stutsutskottets
973 174 178 32 Utlåtande
1174 175 65 31 N:o
1263 178 29 28 5.
1693 177 39 29 03

290 263 16 12 »

287 279 34 17 5.
377 259 73 37 Till
487 260 390 49 expeditionsbiträde
906 261 70 36 hos
1004 260 665 39 landstormsområdesbefälhafvare
1699 261 76 37 för-

181 311 139 37 ordnas
362 311 114 37 bland
505 312 319 37 underofficerare
855 312 227 38 tillhörande
1115 314 174 36 arméens
1318 326 129 23 reserv
1477 327 47 23 cen
1552 313 183 37 likaledes
1763 314 12 35 i

181 363 82 36 fred
306 363 150 36 aflönad
484 363 592 49 landstormsområdesadjutant,
1105 365 123 36 tillika
1258 364 203 37 förvaltare
1490 365 63 36 vid
1583 365 191 37 områdets

181 414 376 37 landstormsförråd.

285 468 35 33 4.
375 465 76 37 För
487 466 131 48 hvarje
647 466 388 37 landstormsområde
1064 467 139 36 ordnas
1231 472 56 31 ett
1313 467 373 47 landstormsförråd,
1715 468 61 36 för

182 521 55 31 att
265 516 188 49 inrymma
481 517 60 36 för
568 517 281 36 landstormens
879 518 261 47 mobilisering
1169 518 156 36 afsedda
1351 518 205 49 persedlar,
1576 520 199 35 äfvensom

182 569 59 34 för
269 572 56 32 att
351 568 13 36 i
392 568 83 37 fred
503 568 186 36 förmedla
717 568 225 49 utlåningen
970 569 42 36 af
1036 574 121 43 gevär
1185 569 70 36 och
1284 568 283 38 tillhandahålla
1594 570 181 36 ammuni-

181 620 81 36 tion
291 619 58 36 till
378 619 45 37 de
451 619 182 48 frivilliga
661 620 413 48 skytteföreningarna.

286 672 33 34 5.
377 670 177 37 Alltefter
586 671 406 37 landstormsområdes
1021 671 228 49 belägenhet
1276 677 174 32 närmare
1479 671 91 37 eller
1598 672 178 49 fjärmare

182 723 139 35 kusten
377 722 91 37 eller
517 723 74 36 den
644 736 114 23 norra
811 723 257 48 landgränsen
1116 723 187 37 beräknas
1351 724 109 36 dessa
1502 724 127 36 förråd
1670 723 105 37 inne-

182 773 99 36 hålla
322 774 185 49 antingen
550 775 102 36 såväl
693 780 120 43 gevär
855 776 69 35 och
967 775 246 37 ammunition
1256 788 81 23 som
1376 776 117 48 nödig
1515 775 260 37 intendentur-

180 825 220 49 utrustning
440 826 59 36 för
536 826 190 36 områdets
755 826 208 37 landstorm
993 826 374 46 (landstormsförråd
1394 828 42 35 af
1461 829 119 34 första
1607 827 167 48 klassen)

181 876 92 37 eller
315 877 72 36 ock
429 877 134 37 endast
603 882 120 44 gevär
764 878 71 36 och
875 878 247 36 ammunition
1163 878 379 48 (landstormsförråd
1582 879 43 36 af
1657 879 119 36 andra

180 928 180 48 klassen),
389 929 211 48 hvarjämte
625 929 186 36 särskilda
831 929 262 37 reservförråd
1111 930 42 35 af
1168 930 468 49 intendenturutrustning
1655 930 120 48 (land-

181 980 269 37 stormsförråd
482 980 44 36 af
549 981 121 48 tredje
698 980 165 49 klassen)
891 981 404 48 arméfördelningsvis
1322 986 196 44 upprättas
1547 983 85 35 med
1661 982 114 36 ända-

181 1031 73 37 mål
283 1037 56 31 att
367 1032 64 36 vid
459 1032 248 37 förefallande
736 1032 117 37 behof
877 1032 283 37 tillhandahålla
1187 1033 464 49 intendenturutrustning
1671 1037 38 33 åt
1728 1034 47 36 de

180 1083 426 48 landstormsområden,
636 1097 80 23 som
745 1084 113 36 hafva
885 1084 127 37 förråd
1039 1085 43 36 af
1106 1085 117 36 andra
1250 1084 164 37 klassen.

286 1137 33 35 6.
375 1135 301 37 Landstormens
717 1136 178 48 öfningar
935 1136 167 49 grundas
1142 1136 240 37 uteslutande
1423 1140 49 46 på
1501 1136 274 50 frivilligheten

182 1193 97 31 samt
320 1188 158 36 omfatta
519 1188 270 36 företrädesvis
831 1187 287 50 skjutöfningar
1157 1188 86 37 med
1286 1189 42 36 af
1353 1194 125 32 staten
1507 1188 268 37 kostnadsfritt

180 1238 314 38 tillhandahållna
534 1253 123 35 vapen
695 1240 71 36 och
807 1240 259 36 ammunition.
1124 1239 343 50 Skjutöfningarna
1508 1245 117 32 sättas
1658 1240 12 36 i
1698 1240 77 37 för-

180 1291 175 37 bindelse
384 1291 84 37 med
497 1291 65 36 det
590 1291 182 49 frivilliga
801 1292 325 48 skytteväsendet,
1147 1292 57 36 till
1227 1291 146 38 hvilket
1392 1292 382 49 landstormsorgani-

181 1343 176 36 sationen
384 1343 13 35 i
425 1342 82 37 fred
535 1343 60 36 för
622 1342 214 37 ändamålet
862 1343 69 37 bör
959 1343 140 36 erhålla
1128 1356 46 24 en
1202 1343 160 50 lämplig
1389 1344 231 48 anslutning.

284 1394 208 36 Dessutom
529 1393 139 38 uttalar
696 1394 60 49 sig
784 1395 134 36 chefen
949 1394 59 36 för
1034 1395 295 48 generalstaben
1357 1395 60 37 för
1444 1395 264 37 anordnandet
1735 1396 44 35 af

179 1445 185 50 frivilliga
412 1445 497 49 landstormsbefälskurser,
960 1446 98 37 dock
1106 1452 91 31 utan
1248 1451 55 32 att
1348 1447 12 35 i
1401 1447 374 49 kostnadsförslaget

180 1503 170 44 upptaga
380 1497 186 37 särskilda
593 1498 124 37 medel
743 1499 60 35 för
831 1498 201 37 desamma.

286 1549 112 37 Hvad
438 1549 257 38 kostnaderna
734 1550 60 36 för
835 1549 330 50 organisationens
1207 1549 301 50 genomförande
1551 1553 130 46 angår,
1709 1551 66 36 be-

181 1601 140 37 räknas
363 1601 41 37 af
442 1602 135 36 chefen
617 1602 60 36 för
709 1602 294 49 generalstaben
1031 1602 47 36 de
1106 1601 171 50 utgifter,
1307 1615 83 24 som
1418 1616 41 23 en
1484 1603 97 49 gång
1601 1604 67 48 för
1695 1603 78 36 alla

181 1653 121 37 skulle
330 1667 91 23 vara
449 1653 262 49 erforderliga,
739 1653 58 37 till
824 1654 168 48 följande
1020 1653 155 50 belopp:

181 1756 610 50 landstormsförrådsbyggnader
804 1757 120 49 jämte
943 1762 139 32 tomter
1097 1757 70 37 och
1186 1757 94 48 häg-

284 1809 118 36 nader
542 1842 36 2 rer
656 1840 128 4 rrerrrrrnr
1046 1842 106 2 ena
1310 1808 140 37 kronor
1487 1804 15 58 =
1518 1810 174 47 608,700:
1724 1831 49 4 —

180 1860 260 49 anordningar
466 1860 59 37 till
553 1861 198 48 förvaring
778 1861 70 36 och
877 1861 90 36 vård
996 1861 42 36 af
1062 1865 119 44 gevär
1208 1860 72 37 och

283 1912 249 37 ammunition
559 1912 12 37 i
598 1912 360 37 landstormsförråd
1050 1946 24 2 ....
1232 1944 38 4 säs
1370 1929 12 14 >
1570 1914 123 46 8,400:
1723 1935 50 4 —

179 1964 465 49 intendenturutrustning
671 1964 59 37 för
756 1964 263 38 landstormen
1056 1998 210 2 ==...
1368 1980 12 15 >
1481 1966 212 45 1,000,000:
1723 1986 50 6 —

1127 2032 154 38 Summa
1308 2033 142 37 kronor
1481 2035 212 46 1,617,100:
1722 2055 51 5 —

284 2169 58 38 Då
370 2170 121 49 enligt
518 2170 185 49 förslaget
731 2170 310 49 organisationen
1069 2170 122 37 skulle
1218 2170 245 49 genomföras
1492 2170 121 37 under
1639 2170 134 50 loppet

179 2222 43 36 af
259 2222 53 37 tio
355 2225 53 44 år,
450 2222 240 37 erfordrades
732 2222 60 37 för
819 2222 243 38 bestridande
1091 2222 42 37 af
1157 2222 112 37 dessa
1296 2222 160 49 utgifter
1484 2227 54 32 ett
1566 2222 138 50 belopp
1734 2222 42 37 af

184 2275 161 43 161,710
374 2274 139 38 kronor
541 2287 60 24 om
631 2277 81 34 året
739 2274 120 48 under
886 2274 166 38 nämnda
1078 2274 66 37 tid.
