2214 2636
706 177 263 32 Statsutskoltets
999 175 178 33 Utlåtande
1200 174 64 31 N:o
1288 177 29 28 5.
1730 171 36 30 11

690 365 154 50 Aflöning
874 365 65 39 och
970 363 215 51 rekrytering
1216 374 43 28 m.
1291 374 44 27 m.

323 470 74 49 2:0)
427 470 140 48 Kungl.
605 469 108 49 Maj:t
750 469 68 36 har
858 468 52 36 uti
952 467 173 50 punkten
1167 469 21 34 2
1216 466 42 36 af
1281 465 122 49 fjärde
1431 462 255 39 hufvudtiteln
1713 462 99 37 före-

219 522 113 49 slagit
359 522 221 48 Riksdagen

323 573 35 49 a)
388 579 68 42 att,
485 572 233 37 beträffande
752 570 374 49 musikpersonalens
1161 568 63 36 vid
1261 567 154 37 arméen
1457 563 355 49 sammansättning,

219 625 171 48 aflöning
417 624 71 37 och
515 623 200 38 underhåll
734 637 47 22 m.
803 636 47 22 m.
881 626 98 32 samt
997 621 124 48 öfriga
1140 619 208 37 kostnader
1366 618 61 36 för
1445 617 186 47 musiken,
1651 615 161 47 besluta,

324 684 52 29 att
412 676 187 36 särskilda
631 674 277 48 beställningar
944 673 60 36 för
1039 670 303 51 musikpersonal
1370 670 65 36 vid
1461 669 132 48 hvarje
1621 667 193 50 truppför-

220 728 101 37 band
350 727 121 37 skulle
499 727 62 37 vid
588 726 226 50 genomförd
842 724 235 49 härordning
1105 723 204 37 förefinnas
1337 721 58 37 till
1423 721 64 37 det
1514 720 115 47 antal,
1650 732 79 24 som
1750 732 64 24 an-

221 780 135 49 gåfves
393 779 13 36 i
439 792 48 24 en
519 779 177 37 däröfver
715 777 215 50 upprättad,
959 776 64 37 vid
1051 773 416 51 statsrådsprotokollet
1494 773 109 36 öfver
1630 771 186 37 landtför-

221 831 279 38 svarsärenden
529 831 73 36 den
634 833 44 34 12
709 829 171 37 sistlidne
903 828 150 49 januari
1083 827 115 48 fogad
1226 825 132 46 tabell;

325 890 52 30 att
417 882 124 37 denna
582 881 261 49 organisation
871 879 123 38 skulle
1025 879 245 49 genomföras
1297 878 11 35 i
1327 877 74 36 den
1420 879 87 33 mån
1525 874 290 38 förhållandena

222 935 65 37 det
314 934 220 49 medgåfve;

325 994 52 29 att
415 984 470 38 musikunderofficerarne
926 982 87 37 med
1041 981 179 37 afseende
1247 983 50 47 på
1325 978 389 49 aflöningsförmåner,
1734 977 82 37 däri

221 1037 259 38 inberäknade
508 1036 263 49 inkvartering
798 1036 39 35 in
856 1040 134 31 natura
1009 1034 92 37 eller
1119 1031 424 49 inkvarteringsbidrag
1562 1036 97 31 samt
1678 1029 137 37 servis-

222 1090 149 49 bidrag,
415 1089 122 37 skulle
578 1101 91 24 vara
696 1087 190 37 likställda
913 1086 87 37 med
1027 1085 167 49 följande
1222 1084 154 37 arméen
1404 1082 193 49 tillhöriga
1624 1081 190 50 personal,

221 1142 212 49 nämligen:

324 1193 301 37 musikanförare
653 1191 42 38 af
723 1194 31 34 1.
782 1190 154 37 klassen
964 1189 86 38 med
1077 1188 224 49 fanjunkare
1330 1185 312 51 (styckjunkare),

326 1245 303 37 musikanförare
670 1243 42 37 af
749 1246 60 34 2:a
850 1242 165 47 klassen,
1056 1238 471 51 regementstrumslagare
1569 1238 69 36 och
1675 1236 140 38 musik-

222 1302 225 45 sergeanter
474 1296 41 37 af
542 1298 57 34 1:a
628 1295 150 37 klassen
807 1294 87 37 med
922 1297 223 44 sergeanter
1173 1293 41 35 af
1240 1294 58 34 1:a
1325 1292 166 45 klassen,
1520 1295 98 31 samt

325 1348 348 49 musiksergeanter
701 1347 42 36 af
767 1349 33 35 2.
829 1346 152 36 klassen
1010 1345 86 36 med
1124 1349 221 44 sergeanter
1372 1343 42 36 af
1439 1346 58 33 2:a
1524 1342 170 44 klassen;

325 1408 53 29 att
403 1400 54 36 tio
484 1398 227 49 lönetillägg
738 1411 61 24 om
828 1399 75 35 480
931 1398 141 35 kronor
1100 1395 201 37 hvartdera
1329 1393 123 38 skulle
1479 1393 181 49 uppföras
1689 1395 20 34 å
1729 1397 87 41 stat,

224 1458 56 33 att
306 1451 164 38 tilldelas
498 1451 46 37 de
573 1451 111 36 däraf
708 1455 97 32 mest
827 1449 182 50 förtjänte
1030 1448 113 37 bland
1162 1446 328 38 musikanförarne
1509 1445 42 36 af
1570 1448 56 33 1:a
1645 1444 170 45 klassen;

327 1512 53 29 att
418 1502 353 51 musikpersonalen
813 1501 42 36 af
891 1499 302 50 manskapsgrad
1235 1498 134 47 skulle,
1401 1498 120 49 jämte
1555 1495 196 38 underhåll
1778 1495 39 37 in

223 1562 147 41 natura,
408 1555 141 37 erhålla
589 1567 143 25 samma
759 1553 392 49 aflöningsförmåner,
1180 1565 82 23 som
1290 1550 211 37 tillkomme
1529 1549 76 37 fast
1633 1547 184 38 anställda

223 1607 346 48 beställningsmän
596 1607 43 37 af
654 1605 268 38 motsvarande
950 1604 155 49 grader;

329 1668 52 29 att
408 1659 47 37 de
495 1659 64 36 vid
599 1658 462 49 lifgardesregementena
1101 1655 57 36 till
1185 1655 59 36 fot
1272 1653 188 38 anställda
1492 1653 178 37 eleverna
1697 1651 120 37 skulle

225 1713 147 48 åtnjuta
399 1711 201 37 underhåll
627 1711 38 36 in
694 1715 133 32 natura
855 1709 71 37 och
954 1707 197 38 enahanda
1179 1706 247 50 dagaflöning
1454 1718 80 24 som
1546 1704 130 48 menig
1701 1709 117 31 trum-

225 1765 149 48 slagare
403 1762 289 50 (hornblåsare);

328 1823 53 29 att
419 1815 58 37 till
518 1813 302 50 gratifikationer
848 1816 38 33 åt
914 1812 125 37 elever
1068 1811 121 37 skulle
1217 1810 127 37 anslås
1372 1811 38 34 åt
1437 1808 201 37 hvartdera
1665 1807 42 37 af
1731 1806 88 37 sist-

224 1867 167 38 nämnda
431 1867 96 37 båda
567 1872 248 43 regementen
853 1866 74 35 600
969 1864 153 46 kronor,
1164 1865 37 34 åt
1241 1861 133 49 hvarje
1409 1864 115 33 annat
1551 1858 268 39 fältinfanteri-

224 1924 222 45 regemente
487 1919 197 36 äfvensom
724 1916 254 38 Norrbottens
1007 1920 218 44 regemente
1255 1915 74 35 300
1357 1913 143 36 kronor
1528 1912 70 37 och
1627 1914 38 34 åt
1693 1912 126 36 hvart-

226 1973 91 36 dera
345 1971 42 37 af
411 1971 235 37 Karlskrona
674 1970 71 36 och
773 1968 207 38 Vaxholms
1007 1967 457 49 grenadjärregementen
1492 1965 74 35 200
1595 1964 153 43 kronor;

330 2031 53 29 att
421 2021 486 51 rekryteringskostnader'
935 2019 122 37 skulle
1085 2019 182 49 uppföras
1298 2017 59 37 för
1384 2017 67 36 allt
1477 2015 58 37 till
1563 2015 256 49 musikperso-

226 2076 115 37 nalen
369 2075 168 37 hörande
566 2074 198 49 manskap,
794 2078 103 31 utom
926 2072 66 36 det
1018 2071 63 36 vid
1109 2070 459 49 lifgardesregementena
1595 2067 57 37 till
1680 2069 56 35 fot
1755 2080 63 23 an-

227 2128 149 47 ställda,
406 2126 122 50 enligt
556 2139 144 24 samma
727 2124 170 50 grunder
925 2136 81 24 som
1035 2123 60 36 för
1122 2122 76 37 fast
1226 2121 189 37 anställda
1441 2119 234 46 volontärer;

329 2187 52 29 att
419 2178 57 37 till
515 2177 367 38 musikmaterielens
923 2174 245 49 anskaffning
1195 2173 72 38 och
1295 2171 197 38 underhåll
1520 2172 122 36 skulle
1670 2170 150 38 anvisas

227 2236 55 33 ett
309 2231 115 49 årligt
464 2231 139 49 belopp
631 2229 43 37 af
700 2230 138 44 37,300
867 2228 140 36 kronor
1035 2227 57 36 till
1119 2226 73 37 den
1222 2224 231 49 fördelning,
1483 2237 82 23 som
1593 2225 137 36 funnes
1755 2236 64 23 an-

227 2283 131 50 gifven
385 2284 14 36 1
427 2296 47 24 en
501 2282 64 37 vid
593 2279 416 51 statsrådsprotokollet
1036 2278 118 50 fogad
1182 2277 131 46 tabell;
1343 2282 99 31 samt

1831 471 59 28 Ang.
1901 468 99 31 höjning
2013 467 27 24 af

1831 504 108 28 anslaget
1951 503 38 23 till
2001 501 35 24 af-

1831 537 83 29 löning
1936 537 45 22 och
1998 543 39 16 ro-

1831 571 127 31 krytering
1968 578 66 16 m.m.
