2294 2800
536 201 18 27 8
1013 200 265 29 Banko-Uskottets
1307 200 154 30 Utlåtande
1482 202 60 28 N:o
1568 201 25 30 7.

493 280 64 40 des,
584 278 128 44 årligen,
739 279 45 33 till
814 280 213 33 Riksbankens
1057 280 242 44 konsolidering,
1328 281 32 33 af
1385 280 97 34 denna
1513 281 147 42 behållas,
1689 294 91 23 anser
1803 282 157 35 Utskottet
1987 286 49 43 sig
2063 286 33 33 af

492 332 75 34 flera
595 331 64 35 skäl
688 333 68 33 icke
785 333 101 33 kunna
915 332 208 45 understödja,
1151 339 72 28 utan
1251 339 45 28 att
1324 334 50 33 det
1403 335 53 32 bör
1486 337 36 41 på
1551 336 184 32 kommande
1764 336 170 44 Riksdagar
1956 338 70 32 bero
2049 343 46 28 att

496 386 133 32 rörande
656 386 236 43 användningen
920 386 32 33 af
977 386 37 34 då
1043 386 137 45 befintlig
1208 388 79 32 vinst
1315 385 130 43 besluta,
1475 387 116 35 hvadan
1622 387 158 35 Utskottet
1811 389 188 43 hemställer,

1273 492 60 34 2:0.

893 572 45 28 att
977 568 76 33 Herr
1090 567 42 36 H.
1168 570 153 35 Larssons
1363 574 117 31 motion
1508 574 9 30 i
1545 573 101 33 denra
1687 572 48 32 del
1777 573 50 32 må
1868 575 116 34 lemnas
2022 582 71 29 utan

891 620 156 34 afseende.

690 722 180 34 Stockholm
900 723 58 32 den
988 724 46 32 20
1063 724 146 34 Februari
1243 726 105 33 1874.

1107 840 40 41 J.
1174 852 41 28 v.
1242 841 238 52 Schwerin,

1088 911 173 37 Utskottets
1288 916 194 34 ordförande.

1149 1276 278 35 Reservation:

624 1356 34 32 af
683 1357 77 33 Herr
795 1358 94 33 Witt:
928 1360 35 31 "I
992 1358 95 34 likhet
1116 1361 67 32 med
1214 1362 74 31 hvad
1320 1366 107 29 trenne
1456 1371 196 27 reservanter
1682 1368 81 30 inom
1793 1367 81 32 förra
1897 1367 190 44 Riksdagens

490 1407 243 34 Banko-Utskott
761 1410 90 42 yrkat
879 1412 8 30 i
915 1411 143 32 afseende
1088 1414 36 39 på
1153 1412 223 35 bankovinsten
1407 1416 48 32 för
1481 1418 34 30 år
1548 1417 105 40 1869,
1682 1428 90 22 anser
1798 1419 50 42 jag
1877 1420 91 31 att
1937 1415 39 51 af
1992 1421 93 31 1870

491 1461 50 30 års
584 1457 183 35 bankovinst
813 1462 41 31 75
896 1467 127 37 procent
1061 1464 94 32 borde
1194 1468 120 30 anvisas
1345 1469 31 30 åt
1412 1472 118 28 statens
1558 1468 151 34 allmänna
1739 1469 94 32 behof
1857 1471 56 31 och
1943 1471 36 31 de
2008 1474 78 30 åter-

491 1511 127 32 stående
648 1511 45 33 25
725 1518 126 36 procent
880 1524 174 23 reserveras
1083 1515 45 32 för
1156 1514 136 35 bankens
1320 1528 76 33 egna
1425 1519 173 33 ändamål".

623 1562 13 32 I
662 1564 96 31 denna
790 1567 187 30 reservation
1007 1567 166 33 instämde:
1208 1568 113 33 Herrar
1348 1569 141 42 Agardh,
1516 1569 145 35 Friherre
1687 1573 42 38 af
1751 1572 147 40 Schmidt,
1927 1573 91 41 Sääf,
2048 1575 38 32 G.

492 1612 144 42 Jonsson,
669 1615 33 33 O.
731 1615 163 41 Månsson,
920 1617 148 41 Lyttkens
1094 1619 57 32 och
1181 1620 225 40 Hegermarck.

943 2297 184 43 Stockholm,
1165 2315 52 24 Alb.
1235 2298 121 42 Bonuiers
1374 2295 155 58 boktryskeri
1549 2304 75 37 1871.
