1858 2794
262 165 66 30 124
663 167 390 29 Jordbruksutskottets
1078 167 178 31 utlåtande
1281 177 43 20 nr
1349 168 28 29 1.

277 250 108 38 slaget
411 251 97 29 torde
533 251 90 29 dock
644 251 75 29 icke
744 251 177 39 föreligga.
946 252 122 29 Såsom
1092 252 373 39 lantmäteristyrelsen
1491 253 194 31 framhållit
1709 254 71 29 kan

276 300 56 29 för
351 301 217 29 närvarande
588 301 121 40 bidrag
726 302 76 29 icke
823 302 82 38 utgå
924 302 52 29 till
995 302 227 39 vägbyggnad
1243 303 121 29 förrän
1387 303 120 32 skiftet
1527 303 169 30 avslutats
1715 304 65 29 och

276 351 198 29 fastställts.
501 351 201 30 Emellertid
729 361 103 30 synes
858 353 56 29 det
943 353 179 34 önskvärt,
1152 355 49 28 att
1230 353 152 30 förskott
1409 354 19 29 å
1455 354 122 39 bidrag
1604 354 52 29 till
1682 364 99 29 nyss-

275 401 155 30 nämnda
452 402 163 29 ändamål
641 403 109 28 under
772 403 92 29 vissa
887 403 126 29 villkor
1041 403 88 30 skall
1152 403 121 29 kunna
1295 404 177 30 utlämnas
1497 405 108 28 redan
1629 405 150 29 dessför-

272 452 121 29 innan.
411 452 124 30 Därest
554 452 185 39 riksdagen
759 453 30 38 ej
810 453 64 29 har
892 453 104 39 något
1015 456 50 27 att
1084 454 115 29 erinra
1219 455 168 32 däremot,
1407 455 97 29 torde
1524 454 125 39 Kungl.
1671 455 105 39 Maj:t

268 502 38 29 få
328 503 64 38 äga
415 502 139 39 vidtaga
575 503 42 29 de
638 503 189 38 ändringar
847 504 10 28 i
880 503 159 39 gällande
1063 503 414 40 bidragsbestämmelser,
1500 514 75 20 som
1596 505 178 30 erfordras

266 552 133 29 härför.
428 553 12 28 I
465 552 112 40 dylikt
601 552 62 30 fall
688 554 143 29 komma
855 554 143 38 givetvis
1026 554 198 39 anspråken
1249 555 44 39 på
1319 555 229 30 förevarande
1576 556 120 39 anslag
1719 558 50 28 att

267 603 97 29 ökas.
392 603 77 30 Med
495 603 139 39 hänsyn
659 604 118 30 härtill
806 604 64 29 och
897 604 52 29 till
976 606 67 29 vad
1070 605 374 39 lantmäteristyrelsen
1471 606 118 30 anfört
1618 616 56 20 om
1703 608 66 29 den

270 653 112 29 ökade
404 653 215 39 efterfrågan
640 654 44 39 på
705 654 260 40 odlingsbidrag
990 665 103 20 anser
1116 656 60 38 jag
1196 656 11 29 i
1231 656 110 29 likhet
1365 657 78 29 med
1467 656 169 39 styrelsen
1661 657 113 29 ansla-

270 707 55 34 get
356 703 54 30 för
441 705 102 28 nästa
572 704 168 39 budgetår
772 705 84 30 böra
889 705 206 40 uppräknas
1126 707 78 28 med
1239 705 118 30 75000
1387 707 131 29 kronor
1548 707 52 29 till
1632 707 61 29 275
1709 706 64 30 000

274 753 162 30 kronor.»

321 829 184 30 Utskottet.
531 829 175 30 Utskottet
729 830 153 30 biträder
907 831 126 39 Kungl.
1060 831 123 39 Maj:ts
1207 832 262 41 framställning
1491 833 66 29 och
1579 833 202 29 hemställer

274 879 113 34 alltså,

628 950 49 27 att
704 948 187 39 riksdagen
917 949 58 29 må
1003 948 53 30 till
1085 949 195 30 Understöd
1307 949 35 30 åt
1366 950 409 39 jorddelningsväsendet

580 1006 46 21 m.
645 1007 61 20 m.:
724 998 128 40 Bidrag
870 999 52 29 till
938 999 251 39 utflyttnings-,
1209 1000 311 40 väganläggnings-
1540 1001 64 30 och
1624 1001 152 40 odlings-

583 1048 188 30 kostnader
793 1050 11 28 i
827 1049 257 40 sammanhang
1105 1051 80 29 med
1207 1051 132 38 skiften
1362 1051 54 29 för
1439 1051 204 39 budgetåret
1671 1051 105 34 1949/

582 1098 41 30 50
649 1099 119 30 anvisa
794 1102 48 27 ett
865 1099 274 40 förslagsanslag
1162 1110 41 20 av
1227 1101 62 29 275
1305 1100 63 29 000
1391 1102 140 29 kronor.

319 1231 114 34 163:0)
459 1232 195 29 Understöd
677 1233 34 29 åt
734 1232 405 37 jorddelningsväsendet
1162 1243 43 20 m.
1229 1244 60 19 m.:
1316 1235 224 29 Bestridande
1564 1235 10 29 i
1597 1235 92 29 vissa
1712 1236 63 28 fall

271 1282 77 28 med
371 1280 175 31 allmänna
569 1283 109 29 medel
700 1292 42 20 av
764 1283 196 34 kostnader,
983 1284 166 29 förenade
1170 1285 77 29 med
1270 1285 135 29 inlösen
1427 1294 42 20 av
1492 1286 110 29 under
1623 1286 151 35 nyttjan-

271 1331 111 29 derätt
414 1332 152 35 upplåtet
598 1333 148 29 område.
779 1333 13 28 I
814 1333 151 39 enlighet
986 1334 80 29 med
1090 1334 124 39 Kungl.
1237 1335 124 38 Maj:ts
1384 1335 262 39 framställning
1667 1336 112 29 under

269 1383 161 38 punkten
453 1383 58 29 181
541 1383 43 33 (s.
609 1384 79 34 279)
714 1402 45 3 —
779 1384 237 31 innebärande
1041 1385 328 40 anslagsanvisning
1391 1388 78 28 med
1494 1387 204 30 oförändrat
1720 1388 57 29 be-

272 1433 82 39 lopp
372 1451 45 2 —
436 1433 202 30 hemställer
659 1435 180 34 utskottet,

628 1512 49 28 att
703 1511 187 39 riksdagen
918 1512 58 29 må
1003 1512 53 29 till
1085 1512 196 30 Understöd
1307 1513 35 28 åt
1366 1513 411 40 jorddelningsväsendet

583 1569 46 20 m.
660 1570 61 20 m.:
752 1561 229 31 Bestridande
1014 1563 11 29 i
1057 1563 90 29 vissa
1178 1563 65 39 fall
1272 1564 80 29 med
1382 1563 179 30 allmänna
1593 1564 113 29 medel
1734 1574 43 20 av

583 1611 199 37 kostnader,
815 1612 166 39 förenade
1017 1613 81 29 med
1131 1613 133 30 inlösen
1298 1623 42 20 av
1373 1614 111 30 under
1518 1615 258 39 nyttjanderätt

584 1660 156 40 upplåtet
773 1661 141 31 område
951 1663 55 29 för
1039 1663 204 38 budgetåret
1280 1663 149 35 1949/50
1466 1664 122 30 anvisa
1623 1665 47 29 ett
1704 1665 71 29 för-

583 1710 215 41 slagsanslag
818 1722 42 20 av
882 1711 60 30 100
957 1712 63 31 000
1043 1714 139 29 kronor.

317 1842 114 34 164:0)
458 1843 195 30 Understöd
674 1845 34 28 åt
729 1845 404 35 jorddelningsväsendet
1156 1856 42 19 m.
1222 1856 58 19 m.:
1306 1847 124 35 Bidrag
1451 1848 53 28 till
1527 1848 250 35 förrättningar

270 1893 106 35 enligt
400 1893 97 36 lagen
522 1903 56 20 om
603 1895 156 29 enskilda
785 1896 114 34 vägar.
923 1896 173 29 Utskottet
1120 1891 150 35 biträder
1296 1897 123 37 Kungl.
1443 1897 122 36 Maj:ts
1591 1897 185 30 framställ-

272 1945 85 38 ning
386 1946 110 28 under
524 1945 160 40 punkten
714 1946 61 30 182
813 1946 42 33 (s.
885 1946 80 35 280)
999 1965 44 3 —
1074 1948 241 30 innefattande
1346 1949 319 39 medelsanvisning
1695 1951 80 28 med

270 1994 205 31 oförändrat
501 1996 125 40 belopp
651 2014 44 3 —
720 1997 65 29 och
810 1997 202 30 hemställer
1037 1997 113 35 alltså,

626 2082 49 28 att
700 2081 188 39 riksdagen
915 2082 58 30 må
1002 2082 53 30 till
1083 2083 195 30 Understöd
1304 2083 35 29 åt
1364 2084 411 39 jorddelningsväsendet

582 2140 45 21 m.
655 2140 62 21 m.:
746 2132 129 40 Bidrag
903 2133 53 29 till
983 2133 256 40 förrättningar
1267 2134 106 39 enligt
1402 2134 98 40 lagen
1532 2144 55 20 om
1616 2135 158 30 enskilda

582 2182 104 38 vägar
712 2182 55 30 för
793 2182 204 39 budgetåret
1029 2183 148 35 1949/50
1204 2184 122 30 anvisa
1356 2185 48 29 ett
1431 2185 274 39 förslagsanslag
1733 2195 42 20 av

581 2231 40 30 25
637 2230 61 31 000
723 2233 142 30 kronor.

316 2364 114 34 165:0)
458 2366 193 29 Understöd
673 2367 34 28 åt
728 2366 405 36 jorddelningsväsendet
1155 2377 43 20 m.
1221 2378 59 19 m.:
1305 2368 126 35 Bidrag
1451 2369 53 29 till
1527 2369 189 35 ersättning
1737 2369 34 29 åt

267 2415 94 29 vissa
389 2415 309 36 förrättningsmän
723 2417 106 35 enligt
855 2417 99 35 lagen
980 2427 57 20 om
1065 2418 156 30 enskilda
1247 2419 115 35 vägar.
1389 2419 115 29 Under
1531 2419 154 36 punkten
1713 2419 57 29 183

273 2464 44 32 (s.
340 2464 191 35 280—-282)
558 2466 64 29 har
644 2465 125 39 Kungl.
792 2466 105 39 Maj:t
918 2467 180 30 hemställt
1120 2477 55 20 om
1197 2469 319 38 medelsanvisning
1538 2468 52 31 till
1612 2469 163 31 oföränd-
