1858 2802
467 171 388 31 Jordbruksutskottets
880 168 180 30 utlåtande
1084 178 42 19 nr
1152 168 28 29 1.
1538 165 39 29 25

74 242 128 56 ringen
215 269 42 20 av
275 257 234 30 omförmälda
526 255 299 39 byråchefstjänst
844 254 64 29 har
928 254 20 29 å
968 254 109 29 andra
1097 253 100 29 sidan
1216 251 150 30 medfört
1387 253 49 28 att
1456 252 122 37 posten

74 310 173 29 minskats
268 309 79 29 med
370 307 39 29 16
424 307 64 30 200
510 307 140 29 kronor.
673 305 280 37 Arvodesposten
976 304 63 29 har
1061 303 79 29 med
1162 302 137 38 hänsyn
1321 301 52 29 till
1396 300 184 30 medelsåt-

78 362 133 38 gången
234 360 172 29 minskats
429 359 79 29 med
532 358 17 29 2
565 357 61 30 000
649 357 52 30 till
726 356 18 30 3
760 355 62 30 000
844 356 142 29 kronor.

120 428 184 30 Utskottet.
327 427 176 28 Utskottet
524 424 153 30 biträder
698 422 127 39 Kungl.
848 422 125 39 Maj:ts
995 419 261 39 framställning
1278 419 64 29 och
1364 417 212 33 hemställer,

429 502 50 28 att
499 500 187 38 riksdagen
707 498 58 30 må

431 551 34 33 1)
495 551 159 38 medgiva
682 551 49 28 att
758 551 11 29 i
795 546 432 42 personalförteckningen
1255 545 54 31 för
1335 544 246 38 veterinärsty-

384 602 114 29 relsen
521 601 58 29 må
600 600 158 38 vidtagas
782 599 39 30 de
845 597 257 39 förändringar,
1128 605 74 22 som
1225 595 200 30 föranledas
1448 603 42 21 av
1512 594 70 29 för-

387 652 108 38 slaget
515 660 56 20 om
588 649 232 30 överförande
841 649 19 29 å
879 648 175 29 ordinarie
1075 648 67 29 stat
1163 655 42 21 av
1223 655 42 20 en
1284 644 298 40 byråchefstjänst

386 703 65 28 och
473 700 199 30 inrättande
695 709 42 20 av
758 709 42 20 en
821 698 112 39 tjänst
957 707 74 20 som
1052 697 108 29 förste
1182 696 302 38 byråsekreterare
1504 694 11 29 i
1536 694 47 29 lö-

386 752 131 38 negrad
537 751 42 30 Ce
600 751 55 34 21;

432 802 36 34 2)
500 802 184 39 godkänna
705 800 157 39 följande
881 799 253 37 avlöningsstat
1154 797 55 29 för
1227 794 356 40 veterinärstyrelsen,

390 855 50 28 att
463 853 177 39 tillämpas
663 851 72 30 tills
756 850 117 31 vidare
897 849 81 30 från
999 848 65 30 och
1084 848 79 29 med
1185 846 204 39 budgetåret
1416 844 165 36 1949/50:

857 952 251 28 Avlöningsstat.

391 1015 27 28 1.
444 1012 214 39 Avlöningar
675 1011 52 30 till
747 1010 173 31 ordinarie
939 1008 227 40 tjänstemän,
1184 1006 70 39 för-

488 1062 145 40 SlaQSViS'
688 1080 561 11 «renen
905 1056 58 50 RER
974 1056 35 50 KR
1018 1056 35 50 RR
1065 1056 32 50 RR
1105 1056 36 50 RK
1152 1056 32 50 RR
1205 1056 48 50 RR
1279 1057 130 29 kronor
1437 1054 60 31 145
1511 1053 63 30 400

392 1115 29 29 2.
448 1114 161 30 Arvoden
634 1113 66 29 och
726 1111 172 30 särskilda
924 1109 245 38 ersättningar,
1197 1108 55 29 be-

494 1163 136 30 stämda
653 1172 42 21 av
718 1161 126 40 Kungl.
867 1160 117 39 Maj:t,
1006 1158 220 41 förslagsvis.
1242 1181 7 6 .
1336 1168 15 17 >
1479 1155 19 30 3
1513 1154 62 31 000

393 1215 29 30 3.
449 1214 213 39 Avlöningar
687 1213 54 29 till
767 1212 95 39 övrig
886 1209 269 32 icke-ordinarie
1180 1218 76 31 per-

494 1265 97 29 SOMNA
612 1258 13 49 —
643 1285 251 8 kcssmn:nsn
842 1258 56 49 nrg
906 1283 343 11 PETEPEEERPERDEE
1337 1269 14 17 >
1435 1256 64 32 214
1513 1256 62 30 000

393 1316 30 29 4.
449 1315 133 39 Rörligt
608 1314 130 39 tillägg,
762 1312 205 40 förslagsvis
1001 1333 249 8 ........++++
1338 1320 15 17 >
1458 1307 41 30 40
1514 1306 62 31 000

1099 1364 151 53 Summa
1274 1386 130 29 kronor
1428 1384 65 30 402
1507 1383 78 34 400;

438 1491 36 33 3)
505 1490 51 30 till
575 1488 369 40 Veterinärstyrelsen:
963 1487 213 38 Avlöningar
1192 1487 55 29 för
1262 1485 204 39 budgetåret
1485 1483 104 35 1949/

394 1541 41 30 50
459 1540 122 30 anvisa
601 1541 48 29 ett
671 1538 275 39 förslagsanslag
970 1547 42 20 av
1032 1536 63 30 402
1109 1536 64 30 400
1195 1536 139 29 kronor.

128 1696 98 34 30:0)
251 1693 364 35 Veterinärstyrelsen:
638 1690 264 31 Omkostnader.
922 1688 257 37 Tillstyrkande
1200 1687 122 37 Kungl.
1342 1685 121 37 Maj:ts
1484 1684 101 29 fram”

88 1745 165 39 ställning
273 1744 109 29 under
402 1744 159 38 punkten
582 1742 40 29 35
649 1742 43 33 (s.
714 1741 145 33 56—57)
883 1758 45 3 —
946 1739 237 30 innebärande
1206 1737 288 39 anslagshöjning
1514 1735 78 30 med

87 1795 18 30 3
120 1795 63 30 500
205 1795 129 29 kronor
357 1803 41 20 av
420 1795 124 37 posten
566 1791 342 41 publikationstryck
929 1808 45 3 —
995 1789 201 30 hemställer
1219 1788 180 32 utskottet,

442 1878 49 28 att
511 1877 188 36 riksdagen
718 1875 58 29 må
795 1875 50 29 till
870 1872 369 39 Veterinärstyrelsen:
1263 1869 258 31 Omkostnader
1540 1870 54 28 för

397 1927 204 38 budgetåret
644 1925 150 35 1949/50
833 1924 122 30 anvisa
995 1925 47 27 ett
1082 1921 273 39 förslagsanslag
1395 1930 41 20 av
1476 1919 118 30 62900

397 1978 141 28 kronor.

132 2131 97 33 31:0)
253 2128 388 34 Veterinärhögskolan:
665 2126 221 34 Avlöningar.
908 2125 125 38 Kungl.
1055 2124 124 39 Maj:ts
1201 2121 261 38 framställning
1483 2120 110 29 under

90 2182 158 39 punkten
270 2181 39 29 36
337 2180 41 32 (s.
401 2178 147 33 57—64)
575 2178 192 29 innefattar
787 2194 44 3 —
851 2177 156 28 förutom
1029 2174 210 30 hemställan
1260 2173 52 29 till
1334 2172 187 38 riksdagen
1544 2171 48 29 att

90 2232 158 38 medgiva
270 2231 188 37 ändringar
479 2230 9 28 i
510 2227 431 41 personalförteckningen
962 2226 55 28 för
1038 2223 368 38 veterinärhögskolan
1428 2222 63 29 och
1516 2221 78 39 god-

90 2281 115 28 känna
232 2280 129 28 ändrad
387 2278 250 35 avlöningsstat
662 2294 41 3 —
729 2274 323 37 anslagsanvisning
1077 2274 77 28 med
1183 2272 86 29 1385
1283 2272 58 28 000
1366 2272 141 31 kronor,
1535 2269 59 29 vil-

92 2334 57 27 ket
170 2332 125 29 belopp
317 2331 77 28 med
417 2329 64 29 429
496 2329 62 28 400
582 2330 130 27 kronor
735 2327 187 29 överstiger
946 2325 244 29 motsvarande
1215 2323 183 29 anvisning
1422 2323 54 28 för
1499 2322 96 28 inne-

865 2348 18 16 d
1380 2344 18 16 Sd

92 2383 151 28 varande
265 2380 177 38 budgetår.

139 2439 116 36 Enligt
272 2437 109 30 beslut
401 2447 41 19 av
461 2436 82 29 1948
560 2436 55 29 års
632 2435 142 37 riksdag
795 2438 113 35 (prop.
925 2443 41 19 nr
985 2433 75 33 177;
1078 2442 26 19 r.
1123 2433 69 28 skr.
1210 2441 40 19 nr
1267 2431 78 32 266)
1368 2430 86 28 skall
1474 2439 40 19 en
1532 2430 69 28 för-

96 2480 182 37 stärkning
302 2489 40 19 av
365 2479 40 29 de
431 2479 105 36 högre
559 2477 261 38 vetenskapliga
844 2475 284 37 befattningarna
1152 2474 56 29 vid
1233 2471 365 38 veterinärhögskolan
