1858 2794
264 163 57 29 126
661 166 386 31 Jordbruksutskottets
1073 168 178 31 utlåtande
1276 180 43 19 nr
1345 171 27 29 1.

311 246 115 34 169:0)
456 248 204 35 Ströängars
689 249 210 35 indragande
924 251 53 28 till
1003 251 145 29 kronan.
1177 252 12 28 I
1216 253 149 36 enlighet
1391 255 76 28 med
1496 255 124 37 Kungl.
1649 256 119 37 Maj:ts

263 298 261 39 framställning
545 300 113 29 under
677 301 157 38 punkten
858 301 59 30 187
947 302 42 32 (s.
1013 303 80 33 283)
1121 321 45 2 —
1187 305 241 30 innefattande
1449 307 319 40 medelsanvisning

263 348 10 28 i
296 349 348 30 överensstämmelse
670 352 77 28 med
771 351 393 40 lantmäteristyrelsens
1188 355 178 29 äskanden
1391 358 77 28 med
1492 360 47 27 ett
1568 360 79 28 med
1672 359 17 29 3
1707 359 59 29 100

263 399 131 29 kronor
420 400 154 29 minskat
602 401 124 39 belopp
750 419 44 3 —
818 402 202 30 hemställer
1047 404 180 35 utskottet,

618 485 50 29 att
694 485 186 38 riksdagen
908 487 58 29 må
994 487 51 29 till
1074 488 207 39 Ströängars
1310 491 214 38 indragande
1552 492 53 29 till
1629 493 135 30 kronan

571 534 56 29 för
662 534 202 39 budgetåret
901 536 147 34 1949/50
1081 538 121 29 anvisa
1235 541 47 28 ett
1306 540 274 41 förslagsanslag
1604 553 42 20 av
1670 542 95 31 9300

571 584 140 31 kronor.

306 715 116 35 170:0)
455 717 192 29 Kostnader
675 718 55 29 för
758 720 217 34 provskiften
1003 721 11 29 i
1043 722 240 36 Kopparbergs
1315 724 67 29 län.
1414 725 171 30 Utskottet
1614 726 150 30 biträder

260 766 125 39 Kungl.
411 768 122 38 Maj:ts
555 769 211 32 hemställan
788 772 112 28 under
924 773 159 38 punkten
1110 774 61 29 188
1199 774 41 33 (s.
1264 775 191 35 283—284)
1482 795 45 2 —
1551 778 213 30 innefattan-

258 817 40 29 de
322 819 322 40 medelsanvisning
667 821 11 28 i
700 821 344 32 överensstämmelse
1067 826 80 28 med
1169 825 392 40 lantmäteristyrelsens
1583 829 180 29 äskanden

258 868 78 29 med
356 869 49 29 ett
429 870 78 29 med
528 869 18 29 6
560 868 63 30 000
645 871 129 30 kronor
794 872 155 30 minskat
970 873 124 41 belopp
1116 892 44 3 —
1182 876 63 29 och
1266 876 211 36 hemställer,

613 956 50 28 att
685 955 186 39 riksdagen
891 958 58 29 må
968 959 51 28 till
1040 958 198 31 Kostnader
1258 961 57 39 för
1333 962 220 40 provskiften
1575 964 11 29 i
1606 963 157 40 Koppar-

569 1005 99 39 bergs
694 1006 56 29 län
775 1007 55 29 för
855 1007 204 40 budgetåret
1088 1009 147 34 1949/50
1263 1012 121 30 anvisa
1413 1015 47 27 ett
1488 1013 275 40 förslagsanslag

568 1065 43 20 av
639 1055 41 29 64
695 1055 61 31 000
784 1057 141 30 kronor.

627 1232 45 38 L.
727 1233 151 40 Rikets
905 1235 222 41 allmänna
1154 1237 232 41 kartverk.

299 1331 116 35 171:0)
439 1333 116 29 Rikets
576 1335 175 30 allmänna
771 1336 178 31 kartverk:
972 1338 222 37 Avlöningar.
1215 1340 122 38 Kungl.
1358 1342 120 36 Maj:ts
1502 1342 256 38 framställning

254 1381 111 29 under
386 1383 158 38 punkten
567 1384 62 29 189
655 1384 42 34 (s.
718 1385 191 36 284—291)
934 1388 167 30 omfattar
1120 1407 44 3 —
1183 1390 153 30 förutom
1357 1392 210 30 hemställan
1590 1402 56 20 om
1667 1394 94 29 med-

254 1431 146 38 givande
418 1442 42 21 av
476 1434 150 40 ändring
642 1435 11 29 i
670 1437 430 41 personalförteckningen
1118 1441 55 29 för
1190 1441 107 30 rikets
1316 1443 178 30 allmänna
1511 1444 167 30 kartverk
1695 1445 64 29 och

253 1481 245 33 fastställande
514 1494 42 20 av
571 1485 135 30 ändrad
722 1487 252 39 avlöningsstat
989 1507 44 2 —
1048 1491 328 40 anslagsanvisning
1391 1494 52 28 till
1460 1495 205 39 avlöningar
1680 1498 79 28 med

253 1531 95 30 2746
364 1532 63 30 000
446 1534 139 34 kronor,
604 1536 107 30 vilket
728 1536 123 40 belopp
870 1539 79 29 med
969 1539 59 29 167
1044 1540 63 29 000
1126 1541 130 30 kronor
1273 1543 189 38 överstiger
1479 1546 204 30 nuvarande
1700 1556 59 20 an-

252 1582 149 40 visning.
423 1584 200 40 Höjningen
648 1587 126 30 hänför
795 1589 51 37 sig
867 1589 53 30 till
941 1590 66 29 den
1029 1591 54 29 del
1107 1592 67 29 den
1196 1593 74 29 icke
1291 1594 38 28 är
1350 1604 43 20 av
1415 1597 215 29 automatisk
1653 1600 104 27 natur

251 1632 10 28 i
279 1631 187 32 huvudsak
484 1635 51 29 till
554 1645 42 19 en
615 1636 194 40 föreslagen
827 1639 133 39 ökning
977 1649 41 20 av
1035 1642 132 29 antalet
1184 1642 285 32 kartassistenter
1486 1646 55 29 för
1557 1646 200 31 fältarbetet

251 1683 77 28 med
348 1682 73 31 åtta
441 1688 89 27 samt
548 1686 133 38 ökning
699 1697 41 20 av
757 1689 208 37 personalen
984 1690 19 30 å
1021 1690 461 43 beställningsavdelningen
1500 1697 79 29 med
1598 1706 42 20 en
1658 1697 100 39 byrå-

251 1732 287 41 direktörstjänst
557 1736 11 29 i
589 1735 43 31 Ce
652 1736 51 34 31,
724 1737 76 38 fyra
819 1739 286 31 kartassistenter
1126 1742 64 29 och
1210 1752 41 20 en
1271 1743 116 31 ritare.
1407 1744 182 41 Därjämte
1609 1747 147 30 föreslås

251 1783 250 39 avlöningarna
519 1785 52 29 till
589 1796 43 20 av
648 1787 199 31 kartverket
865 1789 174 31 anställda
1056 1791 190 39 flygförare
1264 1794 79 29 med
1360 1795 180 40 undantag
1557 1806 42 21 av
1615 1797 141 30 kostna-

249 1832 107 30 derna
381 1833 56 30 för
462 1835 192 40 flygtillägg
679 1837 96 31 skola
798 1839 205 39 överflyttas
1027 1840 80 30 från
1132 1843 154 38 anslaget
1310 1843 230 32 Kartarbeten
1563 1856 46 20 m.
1633 1857 46 20 m.
1703 1848 52 29 till

250 1883 350 40 avlöningsanslaget.

294 1957 185 33 Utskottet.
500 1960 176 31 Utskottet
695 1962 63 30 har
777 1963 87 30 intet
885 1966 49 28 att
954 1965 114 30 erinra
1088 1969 73 27 mot
1181 1968 305 40 framställningen
1506 1972 64 28 och
1591 1972 163 30 hemstäl-

248 2006 48 31 ler
317 2008 113 35 alltså,

603 2063 50 29 att
674 2063 186 39 riksdagen
881 2065 58 29 må

605 2111 33 34 1)
669 2113 167 39 medgiva,
857 2116 50 28 att
927 2117 11 29 i
956 2117 431 41 personalförteckningen
1406 2120 55 31 för
1479 2122 109 30 rikets
1608 2123 145 30 allmän-

556 2170 46 22 na
630 2163 164 31 kartverk
822 2165 59 29 må
910 2165 157 40 vidtagas
1096 2167 68 29 den
1192 2169 158 39 ändring,
1380 2179 74 21 som
1482 2171 200 31 föranledes
1710 2182 41 21 av

556 2214 167 38 förslaget
753 2225 55 19 om
838 2216 199 31 inrättande
1068 2227 42 21 av
1139 2229 42 19 en
1211 2219 375 42 byrådirektörstjänst
1616 2224 11 28 i
1657 2224 93 29 löne-

556 2265 85 37 grad
668 2264 42 29 Ce
736 2265 55 35 31;

601 2313 37 34 2)
669 2314 186 38 godkänna
883 2316 156 39 följande
1069 2318 253 39 avlöningsstat
1351 2321 55 29 för
1434 2322 109 30 rikets
1572 2324 179 30 allmänna

552 2363 178 35 kartverk,
752 2366 49 28 att
824 2365 179 41 tillämpas
1024 2367 72 30 tills
1119 2368 118 31 vidare
1258 2369 80 31 från
1360 2370 65 30 och
1446 2372 78 29 med
1545 2372 204 39 budgetåret

556 2413 166 36 1949/50:
