1854 2790
270 169 58 30 104
665 171 388 30 Jordbruksutskottets
1078 171 178 31 utlåtande
1281 182 43 20 nr
1351 173 26 29 1.

272 253 93 39 berg,
402 254 71 29 dels
507 255 226 29 anordnande
769 264 43 21 av
845 264 42 20 en
921 265 46 29 ny
1000 256 230 39 förläggning.
1254 256 244 32 Kostnaderna
1520 258 122 30 härför
1664 258 44 30 ha
1731 268 42 20 av

272 303 301 40 domänstyrelsen
601 313 145 24 numera
772 306 224 38 uppskattats
1022 306 53 29 till
1101 306 40 30 85
1157 306 62 30 000
1245 308 194 38 respektive
1468 307 138 31 182500
1632 309 140 29 kronor.

271 353 109 30 Dessa
404 353 232 39 beräkningar
661 363 103 30 synas
788 354 83 30 böra
896 355 174 38 godtagas.
1094 355 65 38 Jag
1182 355 161 30 förordar
1367 356 111 34 alltså,
1503 358 50 28 att
1576 359 47 27 ett
1646 357 124 40 belopp

273 412 42 21 av
348 404 133 33 (85000
509 406 37 35 +
578 404 137 30 182500
743 405 57 33 =)
833 406 61 28 267
910 406 61 29 500
998 407 131 28 kronor
1155 416 98 19 avses
1280 406 55 29 för
1363 407 208 29 ändamålet.
1600 408 173 38 Ifrågava-

272 456 109 29 rande
405 456 122 39 belopp
553 465 102 30 synes
679 456 84 31 böra
788 457 139 29 anvisas
952 458 111 29 under
1087 459 48 28 ett
1160 458 141 30 särskilt
1326 459 366 38 reservationsanslag,
1716 459 57 30 be-

273 506 124 30 nämnt
434 505 327 39 Byggnadsarbeten
798 507 56 29 för
889 507 335 38 iordningställande
1261 518 43 20 av
1340 509 260 38 förläggningar
1626 510 54 29 för
1706 511 67 28 sta-

272 558 78 28 tens
382 557 250 30 förberedande
664 557 202 39 skogskurs.
897 558 65 29 Till
993 558 125 39 frågan
1149 567 56 20 om
1235 558 190 31 anvisande
1456 567 42 22 av
1527 560 95 29 detta
1652 560 121 38 anslag

271 606 235 30 återkommer
533 607 62 40 jag
623 608 110 29 under
764 617 43 20 en
840 608 155 38 följande
1026 608 265 40 anslagspunkt.
1322 609 50 30 De
1403 609 148 40 löpande
1581 609 191 39 utgifterna

271 658 55 28 för
357 658 65 29 den
452 658 251 29 förberedande
735 659 236 38 skogskursen
1001 659 108 34 torde,
1143 659 127 29 liksom
1301 660 238 30 kostnaderna
1569 660 55 29 för
1655 661 117 38 skogs-

271 707 175 35 skolorna,
466 708 84 30 böra
568 708 232 30 förskotteras
819 717 42 21 av
879 710 249 29 domänverket
1147 710 80 29 från
1248 711 132 29 statens
1399 711 186 29 domäners
1603 711 85 29 fond
1708 710 64 30 och

270 758 133 29 fonden
430 759 152 29 därefter
607 759 144 29 beredas
778 760 194 39 ersättning
997 760 123 29 härför
1146 768 122 31 genom
1298 761 142 29 särskilt
1468 761 131 39 anslag.
1626 761 77 30 Med
1728 771 43 20 en

272 808 110 30 sådan
410 809 196 39 anordning
632 809 129 30 behövs
789 810 76 29 icke
896 810 103 39 något
1027 811 122 38 anslag
1176 811 54 29 för
1258 812 200 29 ändamålet
1486 812 55 29 för
1569 812 203 38 budgetåret

273 857 159 35 1949/50.

315 908 66 31 Vid
403 908 97 30 bifall
521 909 53 30 till
598 911 41 28 de
663 920 42 20 av
725 911 72 38 mig
818 911 11 29 i
853 912 56 28 det
930 911 209 38 föregående
1162 911 197 39 framlagda
1381 912 176 39 förslagen
1580 913 110 30 skulle
1713 922 60 20 an-

270 957 109 39 slaget
403 958 203 40 Ersättning
626 959 52 29 till
700 961 133 28 statens
854 960 185 29 domäners
1061 960 86 30 fond
1168 961 54 29 för
1243 961 145 39 utgifter
1412 962 54 29 för
1490 962 203 38 avlöningar
1715 962 57 29 vid

272 1011 134 28 statens
425 1010 223 38 skogsskolor
667 1020 44 20 m.
729 1020 46 20 m.
795 1011 56 30 för
869 1012 99 29 nästa
986 1012 169 38 budgetår
1173 1013 131 29 behöva
1323 1014 171 39 upptagas
1512 1014 79 29 med
1615 1013 79 34 (178
1709 1013 63 30 000

270 1059 38 35 +
324 1058 40 30 31
381 1059 62 29 000
458 1059 56 34 =)
534 1060 64 29 209
613 1060 62 30 000
698 1060 141 31 kronor.
863 1062 101 30 Detta
986 1062 147 29 innebär
1156 1072 42 20 en
1222 1062 273 40 anslagsökning
1517 1064 12 29 i
1552 1063 219 29 förhållande

269 1110 53 29 till
345 1110 147 40 löpande
514 1111 170 39 budgetår
706 1113 79 28 med
810 1112 19 29 6
844 1112 62 29 200
931 1113 140 29 kronor.

314 1160 66 31 Det
406 1161 95 29 torde
527 1161 37 30 få
593 1162 189 30 ankomma
809 1163 20 29 å
855 1162 124 40 Kungl.
1006 1163 106 39 Maj:t
1140 1165 49 28 att
1216 1164 89 29 fatta
1331 1164 113 29 beslut
1470 1174 57 19 om
1554 1164 135 40 platsen
1716 1165 55 29 för

268 1209 66 29 den
355 1218 67 28 nya
442 1209 261 38 förläggningen
722 1211 55 29 för
800 1213 128 28 statens
947 1212 250 30 förberedande
1218 1213 190 37 skogskurs
1428 1214 164 29 ävensom
1612 1215 47 27 att
1681 1213 92 30 med-

270 1260 78 30 dela
377 1262 40 28 de
445 1262 222 29 föreskrifter
693 1263 10 29 i
730 1263 112 39 övrigt
869 1273 73 20 som
969 1264 58 29 må
1053 1264 162 30 befinnas
1241 1265 228 38 erforderliga
1495 1265 55 29 för
1577 1265 195 39 förslagens

268 1313 303 36 genomförande.»

315 1385 183 30 Utskottet.
521 1386 71 29 Mot
615 1387 123 38 Kungl.
763 1387 124 38 Maj:ts
908 1388 260 39 framställning
1189 1389 63 28 har
1274 1389 169 30 utskottet
1466 1390 86 28 intet
1576 1392 48 26 att
1647 1389 124 29 erinra.

313 1435 74 29 Vad
409 1436 167 29 beträffar
597 1437 239 37 utbildningen
856 1438 57 29 vid
935 1440 128 27 statens
1084 1439 222 36 skogsskolor
1326 1439 57 29 må
1403 1439 212 34 framhållas,
1637 1441 47 27 att
1705 1439 68 30 frå-

270 1493 66 31 gan
363 1495 55 20 om
444 1487 90 29 huru
561 1488 114 29 denna
704 1488 198 39 utbildning
927 1489 60 29 bör
1014 1490 176 28 anordnas
1215 1490 89 29 varit
1331 1490 146 29 föremål
1504 1490 55 29 för
1585 1490 187 38 utredning

268 1536 10 28 i
300 1536 93 30 vissa
415 1537 221 30 hänseenden
661 1547 40 20 av
723 1538 296 37 domänstyrelsen
1043 1539 64 29 och
1131 1540 283 36 skogsstyrelsen.
1438 1540 268 30 ämbetsverken
1728 1540 44 29 ha

268 1587 122 29 därvid
409 1587 103 30 bland
531 1591 108 26 annat
660 1589 127 34 anfört,
808 1592 49 28 att
876 1590 314 39 undervisningens
1210 1591 219 38 utformning
1448 1592 159 28 kommer
1626 1593 48 28 att
1694 1592 78 29 när-

268 1646 96 20 mare
387 1638 186 38 övervägas
596 1639 10 28 i
631 1639 135 29 samråd
791 1640 77 29 med
890 1639 91 30 vissa
1003 1640 106 29 därav
1133 1641 145 29 berörda
1301 1643 123 35 parter.
1449 1641 62 30 Det
1534 1642 96 29 torde
1654 1642 117 29 kunna

268 1687 191 35 förväntas,
478 1690 49 28 att
548 1689 41 29 de
610 1690 227 38 synpunkter,
858 1700 73 19 som
951 1691 184 29 framförts
1154 1692 9 28 i
1183 1692 218 29 motionerna
1424 1693 27 28 I:
1471 1692 59 29 177
1551 1693 64 29 och
1637 1693 43 28 II:
1697 1693 73 33 222,

267 1738 123 29 därvid
415 1739 141 30 komma
579 1741 49 27 att
652 1740 153 30 beaktas.

313 1789 174 31 Utskottet
508 1789 202 30 hemställer
732 1791 105 38 förty,

623 1882 37 30 A.
685 1885 49 27 att
757 1883 187 39 riksdagen
969 1885 57 29 må
1050 1884 51 29 till
1126 1884 204 40 Ersättning
1355 1885 52 30 till
1428 1887 133 28 statens
1586 1886 184 29 domäners

576 1933 88 39 fond
685 1933 56 39 för
766 1933 145 39 utgifter
932 1934 55 39 för
1010 1934 206 40 avlöningar
1239 1935 56 30 vid
1318 1937 132 28 statens
1476 1936 225 39 skogsskolor
1724 1946 46 20 m.

574 1992 46 20 m.
635 1983 54 29 för
703 1984 204 38 budgetåret
924 1984 149 35 1949/50
1089 1987 118 28 anvisa
1223 1988 47 28 ett
1288 1986 273 39 förslagsanslag
1575 1996 42 21 av
1631 1986 62 30 209
1707 1986 63 30 000

576 2034 145 35 kronor;

622 2084 36 30 B.
683 2087 49 27 att
757 2086 42 29 de
827 2086 221 38 likalydande
1077 2087 218 29 motionerna
1322 2088 28 28 I:
1369 2087 58 30 177
1454 2088 64 29 och
1545 2088 45 29 II:
1607 2089 62 28 222
1694 2089 75 28 icke

576 2136 58 30 må
657 2135 181 43 föranleda
862 2136 111 39 någon
996 2137 205 39 riksdagens
1226 2138 132 37 åtgärd.

313 2309 115 34 133:0)
460 2311 195 35 Byggnads-
684 2312 62 29 och
776 2312 343 30 underhållsarbeten
1149 2313 55 29 vid
1234 2315 131 27 statens
1392 2314 234 34 skogsskolor.
1656 2313 114 30 Under

264 2362 159 38 punkten
445 2362 59 29 150
528 2362 43 34 (s.
592 2363 190 34 226—227)
806 2364 64 29 har
889 2364 124 39 Kungl.
1033 2364 106 40 Maj:t
1158 2365 54 29 för
1231 2365 199 29 ändamålet
1450 2365 178 31 hemställt
1648 2375 54 20 om
1722 2374 44 21 en

266 2410 329 40 anslagsanvisning
619 2421 43 21 av
685 2412 41 30 40
741 2413 63 30 000
832 2413 139 34 kronor,
999 2413 106 30 vilket
1131 2413 123 40 belopp
1281 2414 218 38 understiger
1524 2415 245 29 motsvarande

265 2461 264 37 anslagsbelopp
550 2461 55 30 för
626 2462 233 30 innevarande
881 2463 164 37 budgetår
1066 2464 77 29 med
1165 2463 37 30 70
1216 2464 58 29 700
1297 2464 139 29 kronor.
1457 2464 311 38 Framställningen
