1860 2800
482 162 389 32 Jordbruksutskottets
896 159 179 30 utlåtande
1100 168 43 20 nr
1168 158 28 29 1.
1551 153 38 30 91

86 251 131 39 zoologi
233 250 172 30 ombildas
422 249 51 29 till
491 257 42 20 en
550 247 180 40 professur
747 246 11 29 i
776 243 237 40 skogszoologi
1030 242 78 29 med
1126 241 158 30 viltvård.
1303 239 180 39 Därjämte
1502 237 89 30 skall

86 312 43 20 en
150 299 392 38 laboratorsbefattning
561 298 11 29 i
593 296 163 39 lönegrad
777 295 45 29 Ca
843 294 41 30 29
905 294 147 29 inrättas
1073 292 57 29 vid
1150 290 230 38 avdelningen
1400 289 53 29 för
1474 289 119 36 skogs-

88 352 139 30 skötsel.
247 351 108 29 Dessa
374 350 149 38 tjänster
543 347 159 30 medföra
720 348 47 29 ett
786 345 82 30 ökat
887 343 244 30 medelsbehov
1149 351 41 21 av
1214 340 56 34 (15
1285 340 64 29 500
1366 340 36 36 —+
1421 339 37 29 15
1474 337 62 31 500
1554 339 36 34 —

90 403 38 29 13
144 402 62 30 200
222 401 55 34 =)
304 400 41 29 44
360 400 63 30 200
444 400 141 28 kronor.

131 450 393 42 Departementschefen
546 449 65 29 har
632 448 87 30 efter
740 445 216 39 redogörelse
979 444 54 29 för
1055 442 187 39 styrelsens
1264 442 54 28 för
1341 439 254 40 skogshögsko-

88 503 58 30 lan
181 503 64 29 och
281 503 132 28 statens
448 497 452 41 skogsforskningsinstitut
935 493 277 40 anlagsäskande
1247 490 220 31 beträffande
1503 489 92 29 avlö-

88 554 173 38 ningsstat
283 552 54 30 för
362 550 300 39 skogshögskolan
684 548 117 30 anfört
822 549 11 29 i
855 546 186 29 huvudsak
1062 539 167 47 följande.

137 605 94 29 »Vad
255 604 107 38 angår
387 601 242 39 förstärkning
654 610 41 20 av
720 597 318 40 skogshögskolans
1063 593 329 40 assistentpersonal
1417 593 36 28 är
1479 591 56 30 det
1560 590 30 39 ej

90 654 138 39 möjligt
250 655 49 28 att
320 652 138 29 biträda
481 660 42 20 en
546 650 184 38 ifrågasatt
753 646 177 41 placering
952 655 41 20 av
1015 646 86 28 nära
1124 651 67 31 nog
1214 643 77 28 hela
1313 641 284 38 assistentperso-

92 705 104 29 nalen
222 704 114 30 såsom
363 703 108 29 förste
498 702 204 29 assistenter
728 699 11 29 i
764 698 166 38 lönegrad
958 697 42 29 Ce
1027 695 52 30 24.
1106 695 53 29 En
1186 694 108 29 sådan
1320 691 177 41 placering
1526 691 71 28 kan

91 756 123 29 endast
239 755 161 29 förordas
423 752 221 30 beträffande
668 760 42 20 en
733 747 364 38 assistentbefattning
1122 746 20 30 å
1165 745 144 30 vardera
1334 753 42 20 av
1399 741 199 38 avdelning-

92 816 86 20 arna
196 806 54 29 för
268 803 267 39 skogsekonomi
555 802 66 30 och
639 799 258 39 skogsbotanik.
914 799 64 29 Det
996 806 101 28 synes
1117 796 190 32 motiverat,
1327 795 49 28 att
1393 793 92 29 vissa
1502 792 97 29 kom-

91 858 210 40 petenskrav
324 855 195 41 uppställas
542 854 55 29 för
621 851 318 40 skogshögskolans
962 850 108 29 förste
1094 845 413 38 assistentbefattningar.
1532 843 66 29 För

93 908 198 30 erhållande
317 916 42 20 av
387 906 106 29 sådan
520 904 193 36 befattning
740 903 62 29 bör
830 900 222 33 föreskrivas,
1079 900 49 28 att
1153 896 257 31 vederbörande
1438 895 63 28 har
1527 894 72 36 jäg-

94 961 280 28 mästarexamen
403 957 65 29 och
495 956 58 29 två
581 956 57 29 års
668 954 142 40 praktik
838 953 88 29 efter
955 960 145 21 examen
1130 949 82 30 eller
1241 948 158 29 däremot
1430 945 169 30 svarande

94 1011 110 29 andra
227 1009 151 29 meriter.
403 1006 227 31 Beträffande
656 1005 273 37 avdelningarna
953 1003 54 29 för
1031 1000 202 33 virkeslära,
1259 997 237 40 skogszoologi
1521 995 79 29 med

93 1063 158 33 viltvård,
280 1060 237 40 skogsskötsel
544 1059 64 29 och
637 1057 132 39 skoglig
794 1056 180 30 marklära
1002 1063 104 30 synas
1133 1053 100 29 dessa
1260 1050 227 38 avdelningar
1513 1048 84 29 böra

96 1112 112 29 förses
234 1111 79 29 med
341 1110 203 29 assistenter
573 1108 79 28 med
682 1107 92 38 lägre
802 1102 374 41 lönegradsplacering.
1216 1101 64 29 Det
1308 1100 98 29 torde
1434 1098 167 29 likaledes

95 1172 84 20 vara
204 1160 219 37 erforderligt
449 1161 48 27 att
522 1158 59 30 vid
608 1157 227 36 avdelningen
862 1155 54 29 för
944 1152 266 38 skogsekonomi
1237 1151 154 29 förutom
1416 1149 65 30 den
1507 1148 94 29 förut

94 1215 197 38 föreslagna
312 1210 436 39 försteassistenttjänsten
768 1209 131 29 inrätta
918 1216 43 21 en
982 1205 276 39 assistenttjänst
1278 1204 11 29 i
1309 1203 93 38 lägre
1423 1200 175 39 lönegrad.

95 1265 75 29 Den
189 1262 199 30 nuvarande
409 1258 314 32 arvodesavlönade
746 1256 315 36 assistenttjänsten
1081 1254 58 29 vid
1159 1252 228 36 avdelningen
1409 1250 54 29 för
1485 1250 118 36 skogs-

95 1316 163 30 ekonomi
280 1316 71 28 kan
375 1314 174 38 indragas,
574 1300 125 41 därest
715 1310 230 38 avdelningen
968 1307 149 30 erhåller
1141 1306 63 29 här
1227 1304 200 39 föreslagna
1450 1303 150 39 tjänster

95 1368 21 29 å
138 1365 268 32 icke-ordinarie
430 1365 77 29 stat.
1519 1386 2 3 |

142 1416 74 29 Vad
236 1415 107 38 angår
366 1411 407 40 lönegradsplaceringen
793 1409 55 29 för
868 1409 64 29 här
953 1409 116 28 senast
1089 1405 216 30 behandlade
1327 1401 278 39 assistenttjäns-

97 1468 51 28 ter
170 1467 155 28 kommer
347 1464 10 29 i
379 1472 43 21 en
444 1462 149 30 särskild
615 1460 216 38 proposition
855 1458 147 29 rörande
1024 1457 66 29 den
1112 1456 159 29 fortsatta
1295 1453 246 40 utbyggnaden
1564 1461 41 19 av

98 1514 393 40 lantbrukshögskolan,
516 1513 118 29 vilken
659 1510 216 42 proposition
902 1510 37 28 är
965 1508 128 30 avsedd
1119 1509 49 27 att
1196 1505 212 38 framläggas
1433 1504 54 28 för
1513 1504 92 28 årets

99 1568 149 36 riksdag,
274 1566 131 36 förslag
429 1574 57 20 om
510 1565 48 27 att
582 1561 241 31 motsvarande
850 1560 145 36 tjänster
1020 1558 58 29 vid
1104 1554 375 38 lantbrukshögskolan
1507 1553 98 29 skola

99 1619 157 39 placeras
279 1618 11 28 i
313 1616 166 38 lönegrad
505 1615 45 38 Cg
577 1614 49 29 17.
652 1613 76 29 Med
752 1613 137 37 hänsyn
913 1611 52 29 till
990 1610 41 29 de
1056 1606 373 40 avlöningsförmåner,
1454 1614 74 20 som
1555 1613 51 20 er-

99 1669 128 39 bjudas
249 1666 292 41 nyexaminerade
564 1665 213 38 jägmästare
800 1662 44 40 på
866 1662 110 29 andra
998 1660 71 30 håll
1092 1660 95 29 inom
1209 1657 268 38 förvaltningen,
1502 1663 104 31 synas

99 1720 90 29 dock
211 1717 267 40 ifrågavarande
500 1716 203 29 assistenter
724 1714 56 30 vid
803 1711 300 40 skogshögskolan
1124 1710 84 29 böra
1231 1709 157 39 placeras
1409 1708 11 28 i
1442 1706 164 38 lönegrad

101 1771 47 38 Cg
171 1770 50 29 20.
245 1770 12 28 I
280 1769 109 29 likhet
412 1767 77 29 med
511 1766 66 29 vad
602 1775 74 20 som
698 1765 104 37 gäller
825 1763 58 29 vid
906 1760 375 37 lantbrukshögskolan
1303 1759 63 29 bör
1392 1756 215 31 studerande,

102 1830 75 20 som
198 1820 29 39 ej
251 1820 115 37 avlagt
390 1827 144 20 examen
556 1826 80 19 men
658 1825 73 21 som
754 1814 186 30 förordnas
961 1813 51 29 till
1037 1812 174 32 assistent,
1233 1810 123 30 endast
1378 1808 156 40 uppbära
1556 1816 51 20 ar-

101 1871 87 29 vode
207 1880 55 20 om
282 1870 18 28 6
313 1869 60 29 900
394 1869 129 28 kronor
541 1876 60 28 per
621 1866 47 29 år.
688 1866 108 29 Medel
815 1864 97 29 torde
933 1864 84 28 böra
1036 1862 171 29 beräknas
1226 1861 55 28 för
1301 1859 158 36 samtliga
1478 1867 41 20 av
1540 1859 68 34 sty-

103 1922 113 29 relsen
243 1920 199 37 föreslagna
470 1925 242 24 amanuenser,
741 1915 176 36 nämligen
945 1923 42 20 en
1015 1913 108 29 förste
1154 1919 193 22 amanuens
1376 1910 77 28 med
1482 1908 126 29 arvode

103 1982 42 19 av
168 1972 18 28 3
202 1971 60 29 000
284 1971 132 28 kronor
437 1968 64 30 och
524 1968 55 35 sju
600 1966 109 36 tredje
731 1973 228 22 amanuenser
980 1964 75 28 med
1078 1962 125 29 arvode
1227 1970 41 20 av
1292 1960 88 29 1200
1403 1960 128 28 kronor
1555 1958 54 28 för

103 2023 48 29 år.
169 2022 207 36 Därigenom
397 2020 110 28 skulle
528 2018 158 36 samtliga
704 2016 225 37 avdelningar
949 2015 110 28 förses
1079 2013 77 29 med
1176 2021 42 20 en
1236 2010 197 40 hjälpkraft
1456 2020 40 19 av
1515 2009 93 29 detta

104 2074 83 37 slag.

149 2123 226 29 Beträffande
398 2118 361 41 biträdespersonalen
783 2117 171 32 förordas,
981 2117 49 29 att
1055 2114 111 30 medel
1189 2114 172 28 beräknas
1385 2112 54 28 för
1464 2111 72 29 dels
1562 2112 47 27 ett

108 2171 340 31 laboratoriebiträde
476 2171 56 28 vid
561 2169 226 36 avdelningen
817 2168 54 27 för
900 2165 258 37 skogsbotanik,
1185 2164 71 28 dels
1286 2165 48 27 ett
1366 2161 244 30 räknebiträde

105 2225 56 28 vid
184 2223 228 36 avdelningen
435 2222 54 28 för
512 2219 278 38 skogsekonomi,
815 2218 74 29 dels
911 2218 63 28 ock
997 2218 47 28 ett
1068 2214 229 30 skrivbiträde
1320 2213 57 29 vid
1399 2212 212 37 högskolans

106 2274 124 29 kansli.
255 2274 11 27 I
288 2273 174 28 avvaktan
486 2272 43 38 på
550 2280 41 19 en
614 2270 128 29 allmän
766 2268 171 37 reglering
958 2276 40 19 av
1021 2262 590 39 laboratoriebiträdespersonalens

107 2323 246 37 löneställning
377 2322 96 29 torde
497 2322 56 29 det
576 2320 89 29 dock
687 2319 72 28 icke
781 2327 81 20 vara
888 2316 162 36 lämpligt,
1073 2317 48 27 att
1144 2315 111 28 såsom
1279 2313 168 36 styrelsen
1470 2312 142 28 föresla-

108 2375 46 35 git
182 2374 134 36 placera
345 2373 65 28 den
441 2371 61 29 här
531 2369 266 38 ifrågavarande
827 2364 521 38 laboratoriebiträdestjänsten
1379 2363 111 29 såsom
1522 2362 90 27 ordi-

108 2424 95 29 narie
228 2424 8 28 i
261 2423 164 37 lönegrad
452 2422 48 28 11.
526 2422 66 27 För
619 2419 158 37 samtliga
802 2419 63 28 här
892 2416 265 38 ifrågavarande
1182 2413 303 38 biträdestjänster
1511 2421 102 29 synes

110 2475 69 29 tills
203 2475 115 29 vidare
344 2473 108 29 medel
479 2472 81 29 böra
585 2471 171 29 beräknas
780 2470 87 28 efter
892 2468 162 37 lönegrad
1081 2466 40 29 Cf
1146 2465 29 30 4.
