1870 2780
453 159 286 31 Statsutskottets
762 157 179 31 utlåtande
963 167 43 20 nr
1029 156 60 30 117
1111 156 40 30 år
1173 156 83 29 1956
1583 153 19 30 9

111 242 86 30 ende
214 240 429 41 besparingsmöjligheter
659 239 45 40 på
720 238 230 30 förevarande
967 237 152 33 område,
1139 245 74 21 som
1231 235 220 30 direktionen
1468 233 133 30 anmält

112 296 50 39 sig
186 295 97 30 skola
303 294 201 30 verkställa.

155 348 79 30 Med
255 348 139 39 hänsyn
416 347 52 29 till
490 347 65 29 vad
576 346 42 30 de
641 345 220 39 sakkunniga
883 344 118 30 anfört
1023 343 11 30 i
1056 343 99 39 fråga
1176 352 56 20 om
1254 341 269 30 verksamheten
1544 339 57 30 vid

111 401 204 30 karolinska
340 400 206 39 sjukhusets
569 399 71 30 kök
663 399 62 29 bör
750 398 206 39 sjukhusets
980 395 305 40 avlöningsanslag
1309 394 43 30 fr.
1377 404 30 20 o.
1431 403 46 20 m.
1502 394 101 28 nästa

111 455 170 38 budgetår
301 454 200 29 nedräknas
522 453 79 29 med
621 454 49 28 ett
690 451 135 40 belopp,
846 449 246 31 motsvarande
1114 449 67 29 den
1202 448 108 39 årliga
1330 447 197 30 kostnaden
1549 446 53 30 för

113 517 59 20 sex
193 506 337 31 ekonomibiträden.

159 561 65 29 Vid
246 561 94 29 såväl
362 560 204 29 karolinska
588 559 187 39 sjukhuset
796 567 75 21 som
895 556 363 31 serafimerlasarettet
1278 554 159 30 bedrives
1459 554 24 29 f.
1506 563 33 20 n.
1561 562 43 21 en

114 614 217 30 omfattande
352 613 205 40 poliklinisk
577 612 233 33 verksamhet,
832 611 118 29 vilken
970 611 38 29 är
1030 619 42 21 av
1093 611 72 28 stor
1185 608 175 40 betydelse
1382 607 55 30 för
1458 607 67 29 den
1545 606 58 30 vid

115 668 187 39 sjukhuset
323 667 168 30 bedrivna
510 666 154 29 kliniska
685 664 307 39 undervisningen.
1014 663 65 29 Det
1100 664 38 28 är
1159 662 206 40 uppenbart,
1387 662 51 28 att
1459 660 145 30 allmän-

114 721 104 30 heten
239 721 64 29 har
322 722 49 28 ett
391 720 139 39 mycket
551 719 112 30 starkt
683 719 147 29 intresse
852 727 51 24 av,
925 719 51 28 att
996 716 242 29 väntetiderna
1258 715 67 29 blir
1347 714 39 30 så
1405 714 103 29 korta
1529 722 75 21 som

115 774 138 40 möjligt
272 774 57 30 vid
349 774 115 29 denna
483 773 232 29 verksamhet.
736 772 52 29 En
808 770 264 39 undersökning
1091 770 65 28 har
1176 777 124 31 genom
1319 766 285 42 besparingssak-

115 828 174 39 kunnigas
307 827 136 39 försorg
460 827 128 29 utförts
605 826 148 30 rörande
770 824 229 40 möjligheten
1016 825 50 28 att
1082 823 192 38 nedbringa
1290 821 243 30 väntetiderna
1550 819 54 30 för

115 882 219 39 patienterna
353 881 58 29 vid
432 880 203 30 karolinska
656 879 205 39 sjukhusets
882 878 65 29 och
968 876 381 31 serafimerlasarettets
1369 874 234 41 polikliniker,

115 935 120 30 varvid
258 935 131 39 jämväl
414 933 323 40 gränsdragningen
760 932 130 29 mellan
913 931 68 29 den
1005 930 139 38 statliga
1169 930 64 29 och
1255 928 229 30 kommunala
1509 926 97 40 sjuk-

116 989 131 29 vården
268 988 171 30 beaktats.
463 988 48 28 De
535 986 221 38 sakkunniga
777 986 64 29 har
864 984 124 30 härvid
1011 983 160 39 utförligt
1193 982 178 39 redogjort
1394 981 54 29 för
1471 981 42 29 de
1535 989 71 20 om-

117 1042 247 38 ständigheter,
390 1050 74 21 som
487 1041 11 29 i
521 1039 228 31 förevarande
774 1038 255 38 sammanhang
1053 1036 175 39 förtjänar
1251 1034 206 34 beaktande,
1482 1035 91 28 samt
1595 1033 11 29 i

117 1095 203 39 anslutning
338 1094 118 30 därtill
474 1094 173 29 redovisat
666 1093 75 30 sina
760 1092 219 40 synpunkter
997 1090 44 41 på
1059 1090 135 38 frågan.
1213 1086 393 42 Departementschefen

117 1158 103 20 anser
241 1149 51 39 sig
312 1148 73 29 helt
406 1148 122 29 kunna
550 1146 77 30 dela
648 1147 67 29 den
737 1145 238 40 uppfattning,
997 1143 99 30 varåt
1118 1143 42 29 de
1183 1142 221 38 sakkunniga
1425 1140 181 38 härvidlag

117 1202 84 39 givit
227 1201 150 40 uttryck.
405 1202 13 29 I
444 1201 110 29 likhet
579 1200 79 29 med
684 1200 41 29 de
752 1198 221 39 sakkunniga
999 1197 116 29 finner
1141 1194 387 42 departementschefen
1556 1193 51 30 så-

118 1256 118 33 lunda,
254 1258 50 27 att
321 1255 58 29 vid
397 1254 271 41 poliklinikerna
687 1262 146 20 numera
850 1252 165 38 vidtagits
1033 1251 41 29 de
1093 1250 161 39 åtgärder
1273 1249 55 29 för
1346 1247 260 39 nedbringande

119 1319 41 20 av
179 1309 252 33 väntetiderna,
454 1317 74 20 som
547 1307 161 39 rimligen
728 1307 70 28 kan
818 1305 149 30 fordras.

163 1363 49 29 De
245 1362 221 38 sakkunniga
496 1361 63 29 har
589 1360 76 29 icke
697 1360 118 29 funnit
846 1358 222 39 möjligheter
1099 1357 168 38 föreligga
1297 1356 53 29 till
1382 1353 225 39 samordning

118 1416 129 29 mellan
272 1413 375 31 hormonlaboratoriet
673 1413 65 29 och
763 1413 67 29 den
856 1410 331 39 endokrinologiska
1213 1406 396 41 forskningsinstitutio-

120 1479 78 19 nen.
217 1469 166 29 Däremot
401 1469 64 28 har
484 1467 41 30 de
545 1466 219 38 sakkunniga
785 1465 118 30 anfört
921 1465 94 29 vissa
1035 1463 218 40 synpunkter
1271 1462 46 40 på
1337 1460 271 38 samordningen

121 1523 128 28 mellan
270 1522 114 29 denna
406 1520 200 30 institution
627 1520 64 29 och
712 1519 118 38 övriga
852 1517 227 30 laboratorier
1100 1516 58 30 vid
1181 1515 197 40 sjukhuset.
1400 1514 109 29 Dessa
1532 1522 78 30 syn-

120 1576 153 39 punkter
290 1575 62 29 bör
369 1575 12 29 i
399 1574 190 29 framtiden
606 1573 144 29 beaktas
767 1582 42 20 av
827 1571 232 30 direktionen.

164 1628 137 39 Frågan
326 1637 56 20 om
408 1626 240 39 förstärkning
673 1636 42 19 av
739 1626 67 29 den
831 1624 281 30 administrativa
1138 1622 186 38 ledningen
1350 1621 64 29 och
1439 1619 170 31 förestån-

121 1681 433 40 darinneorganisationen
570 1680 56 30 vid
643 1679 203 30 karolinska
864 1678 187 39 sjukhuset
1069 1678 169 38 upptages
1254 1675 53 29 till
1324 1674 212 38 behandling
1553 1682 57 20 ne-

121 1736 80 29 dan.

166 1789 78 29 Med
266 1789 138 38 hänsyn
427 1788 52 29 till
502 1787 66 29 vad
591 1786 257 38 lärarkollegiet
870 1784 58 30 vid
950 1783 204 30 karolinska
1177 1782 176 30 institutet
1376 1780 117 30 anfört
1515 1780 12 29 i
1552 1779 58 30 sitt

122 1841 288 39 remissyttrande
427 1841 63 28 har
507 1838 385 41 departementschefen
910 1837 54 30 för
981 1837 114 29 avsikt
1112 1838 51 27 att
1180 1835 146 30 utverka
1343 1834 126 38 Kungl.
1487 1832 123 39 Maj:ts

123 1895 157 39 uppdrag
300 1894 35 29 åt
353 1893 278 30 kommissionen
652 1892 54 29 för
726 1890 266 38 förhandlingar
1012 1889 149 29 rörande
1180 1888 205 29 karolinska
1406 1887 205 38 sjukhusets

123 1947 219 39 utbyggande
363 1956 45 20 m.
429 1956 45 19 m.
495 1948 49 27 att
565 1947 151 37 upptaga
737 1943 266 38 förhandlingar
1024 1942 79 29 med
1125 1941 220 30 Stockholms
1366 1940 76 29 stad
1463 1938 147 30 rörande

124 2001 233 40 upprättande
376 2010 42 19 av
436 2009 41 20 en
495 1997 364 39 behandlingscentral
878 1997 54 29 för
950 2006 25 19 s.
994 1996 32 28 k.
1044 1994 208 39 konstgjord
1270 1993 114 39 njure.

168 2053 393 40 Departementschefen
580 2053 144 28 betonar
744 2051 173 37 slutligen,
937 2051 50 28 att
1006 2049 69 28 han
1097 2048 83 38 tagit
1201 2048 89 28 fasta
1310 2047 44 39 på
1374 2045 237 30 direktionens

124 2107 205 38 förklaring,
348 2109 50 27 att
417 2106 219 29 direktionen
655 2106 122 28 ämnar
797 2104 70 29 låta
885 2111 124 30 genom
1029 2110 85 30 egna
1135 2109 107 30 organ
1259 2099 189 30 verkställa
1467 2108 42 20 en
1528 2098 85 29 fort-

125 2162 68 27 satt
215 2160 262 37 undersökning
500 2158 147 29 rörande
669 2155 429 41 besparingsmöjligheter
1119 2154 57 29 vid
1199 2153 204 29 karolinska
1426 2151 187 39 sjukhuset

124 2214 64 28 och
209 2213 372 29 serafimerlasarettet.
601 2210 224 39 Besparings-
843 2209 64 28 och
926 2206 511 38 rationaliseringsåtgärderna
1455 2205 57 28 vid
1531 2203 83 30 ifrå-

125 2266 194 37 gavarande
344 2265 152 37 sjukhus
520 2264 53 29 får
597 2263 74 29 icke
695 2272 100 19 anses
819 2261 190 30 avslutade.
1033 2261 65 28 Det
1121 2269 42 19 av
1185 2257 428 41 besparingssakkunniga

126 2319 196 37 förebragta
348 2316 402 38 utredningsmaterialet
772 2315 61 28 bör
857 2315 10 27 i
890 2313 191 38 väsentliga
1104 2311 225 30 hänseenden
1352 2311 122 28 kunna
1497 2310 116 37 läggas

126 2373 50 28 till
201 2371 111 38 grund
337 2371 54 28 för
413 2370 57 29 det
494 2369 160 29 fortsatta
679 2368 130 29 arbetet
832 2366 146 29 härmed
1002 2366 64 28 och
1089 2365 108 29 därav
1220 2363 204 30 föranledda
1449 2362 165 30 framtida

127 2425 231 39 avgöranden.
