1868 2780
455 155 287 30 Statsutskottets
765 153 179 30 utlåtande
966 162 43 20 nr
1031 152 61 30 117
1114 152 40 29 år
1176 152 83 29 1956
1564 148 40 31 31

158 237 116 40 Enligt
307 235 365 31 överenskommelsen
705 234 88 30 skall
826 233 206 30 biträdande
1065 232 202 30 överläkare
1301 230 188 30 framdeles
1521 238 84 20 vara

114 291 136 39 skyldig
280 292 49 27 att
359 292 84 27 utan
474 288 150 30 särskild
654 288 192 38 ersättning
876 286 150 39 fullgöra
1055 286 70 29 viss
1155 284 261 38 undervisning.
1447 284 80 28 Som
1557 284 48 27 ett

116 344 141 30 särskilt
273 343 126 30 villkor
418 343 53 29 för
489 343 101 29 dessa
607 342 149 38 tjänster
773 350 101 20 anses
891 340 79 29 med
988 340 138 38 hänsyn
1143 338 118 30 härtill
1279 338 83 29 böra
1380 336 224 32 föreskrivas,

114 400 49 27 att
188 396 258 31 vederbörande
472 396 114 39 styrkt
611 394 203 39 erforderlig
841 393 209 39 skicklighet
1076 401 74 21 som
1175 392 123 29 lärare.
1324 391 282 38 Departements-

115 452 125 29 chefen
261 451 134 30 erinrar
417 460 56 20 om
497 452 50 28 att
571 448 244 31 motsvarande
837 448 109 29 redan
968 447 106 39 gäller
1097 447 11 28 i
1131 446 98 38 fråga
1252 454 57 20 om
1331 444 211 37 tillsättning
1565 452 42 20 av

115 504 196 38 befattning
335 513 73 20 som
432 502 230 40 självständig
684 501 211 30 överläkare.

160 558 78 29 Med
271 557 164 29 läkarnas
469 556 180 38 lönefråga
684 554 292 38 sammanhänger
1010 552 144 40 givetvis
1188 553 85 27 nära
1309 550 207 40 spörsmålet
1549 558 57 21 om

116 611 100 29 deras
238 609 374 31 arbetsförhållanden.
635 609 48 29 De
707 607 230 39 sakkunniga,
962 616 74 20 som
1059 607 105 38 ägnat
1186 606 86 28 även
1295 605 114 28 denna
1431 603 99 38 fråga
1553 603 53 29 sin

117 664 323 39 uppmärksamhet,
461 663 64 29 har
545 662 164 38 framlagt
729 661 129 38 förslag
878 660 53 29 till
950 659 199 30 inrättande
1170 668 42 19 av
1230 660 49 27 ett
1298 658 75 29 icke
1393 657 99 38 ringa
1512 656 94 29 antal

116 727 67 29 nya
203 717 251 39 läkartjänster
474 716 11 29 i
507 716 90 39 syfte
618 717 49 27 att
687 714 244 30 åstadkomma
952 720 270 32 gynnsammare
1243 709 364 31 arbetsförhållanden

117 771 54 29 för
192 769 318 40 läkarpersonalen.
533 766 393 42 Departementschefen
947 767 38 29 är
1005 766 76 29 icke
1102 774 48 20 nu
1170 764 128 30 beredd
1319 766 50 27 att
1390 763 149 29 frånsett
1559 764 49 27 ett

117 824 119 39 utbyte
261 833 42 20 av
326 833 43 20 en
392 822 207 30 biträdande
623 820 295 39 överläkartjänst
942 819 58 30 vid
1026 818 381 30 serafimerlasarettets
1431 816 178 39 ögonpoli-

117 877 113 29 klinik
249 879 73 27 mot
342 886 42 20 en
404 876 107 29 förste
532 874 325 39 underläkartjänst
876 873 57 29 vid
952 872 206 30 karolinska
1178 871 206 39 sjukhusets
1403 869 205 40 ögonklinik

117 930 129 30 föreslå
274 929 200 30 inrättande
503 938 43 20 av
574 928 107 39 några
710 937 67 29 nya
807 927 150 38 tjänster
985 926 58 29 vid
1072 925 204 29 karolinska
1307 923 186 40 sjukhuset
1523 924 86 28 utan

118 992 111 25 anser,
257 985 51 27 att
336 982 350 38 ställningstagandet
713 980 52 30 till
791 981 42 29 de
861 979 240 38 sakkunnigas
1129 978 130 38 förslag
1286 977 11 29 i
1324 977 113 29 denna
1465 976 54 29 del
1547 976 62 29 bör

118 1037 101 29 anstå
237 1036 52 30 till
308 1036 142 29 höstens
468 1035 258 38 budgetarbete.
745 1034 166 29 Däremot
929 1041 103 21 anser
1050 1030 386 41 departementschefen
1456 1030 50 38 sig
1525 1029 84 29 böra

118 1089 187 40 tillstyrka,
325 1091 50 28 att
392 1088 57 30 vid
469 1088 363 30 serafimerlasarettet
850 1087 148 28 inrättas
1018 1095 43 19 en
1080 1085 108 29 förste
1208 1083 326 39 underläkartjänst
1552 1082 57 29 vid

119 1143 394 38 anestesiavdelningen.
528 1143 151 28 Behovet
695 1151 42 20 av
751 1141 114 29 denna
880 1140 112 39 tjänst
1007 1148 102 20 anses
1124 1148 83 20 vara
1222 1138 93 29 klart
1329 1138 280 32 dokumenterat,

118 1197 64 29 och
210 1197 205 29 densamma
442 1196 64 28 har
533 1195 146 38 tidigare
706 1193 189 40 tillstyrkts
922 1202 43 20 av
992 1192 95 29 såväl
1114 1190 392 31 universitetskanslern
1535 1198 75 20 som

119 1248 429 41 besparingssakkunniga
582 1248 57 29 vid
674 1247 203 30 karolinska
912 1246 189 39 sjukhuset
1135 1245 65 29 och
1236 1243 373 30 serafimerlasarettet.

119 1303 74 29 Vad
218 1303 107 38 angår
351 1302 227 29 akademiska
604 1301 186 39 sjukhuset
814 1299 134 30 erinrar
973 1297 387 41 departementschefen
1384 1306 57 20 om
1466 1298 50 27 att
1540 1296 70 29 han

119 1356 11 29 i
157 1356 92 30 årets
278 1355 411 39 statsverksproposition
715 1353 58 30 vid
801 1352 165 30 anmälan
994 1361 42 20 av
1063 1352 156 38 anslaget
1246 1351 52 29 till
1327 1350 203 38 avlöningar
1558 1349 52 29 till

120 1409 118 29 läkare
261 1409 58 29 vid
342 1409 94 29 detta
460 1408 152 38 sjukhus
636 1406 175 34 framhöll,
834 1408 51 27 att
907 1415 44 20 en
974 1404 241 39 förstärkning
1238 1413 42 20 av
1303 1402 308 40 läkarpersonalen

120 1461 64 31 vid
195 1463 93 29 vissa
307 1462 151 29 kliniker
478 1461 172 29 framstod
670 1469 74 20 som
764 1459 199 38 angelägen.
983 1458 13 29 I
1016 1458 150 29 avbidan
1184 1457 45 39 på
1248 1457 181 29 resultatet
1448 1465 42 20 av
1508 1455 104 40 pågå-

120 1516 86 29 ende
236 1517 148 37 översyn
413 1524 41 20 av
483 1515 131 29 arbets-
642 1514 65 29 och
735 1510 504 40 anställningsförhållandena
1269 1510 54 29 för
1352 1509 44 29 bl.
1427 1518 28 20 a.
1486 1509 126 28 under-

121 1570 146 28 läkarna
289 1568 57 30 vid
370 1568 187 39 sjukhuset
581 1569 117 37 syntes
720 1566 89 29 dock
832 1575 43 20 en
896 1566 70 28 viss
990 1564 287 30 återhållsamhet
1299 1563 84 29 böra
1405 1562 174 38 iakttagas
1601 1562 11 29 i

121 1622 98 39 fråga
239 1632 57 20 om
315 1621 215 29 inrättandet
549 1630 42 20 av
610 1629 67 30 nya
697 1619 261 39 läkartjänster.
979 1618 112 29 Sedan
1111 1616 266 39 ifrågavarande
1397 1617 147 37 översyn
1564 1624 47 20 nu

121 1677 57 37 ägt
196 1685 89 24 rum,
304 1675 62 29 bör
384 1674 205 38 erforderlig
608 1673 240 38 förstärkning
867 1681 42 20 av
926 1670 386 39 läkarorganisationen
1330 1669 107 39 enligt
1455 1669 158 39 departe-

121 1729 260 29 mentschefens
403 1728 141 38 mening
567 1727 142 29 komma
731 1726 51 29 till
807 1725 112 30 stånd.
943 1723 394 40 Departementschefen
1359 1722 154 30 biträder
1535 1722 78 29 där-

123 1782 54 30 för
195 1782 41 29 de
258 1781 239 38 sakkunnigas
517 1780 130 39 förslag
666 1789 57 20 om
743 1788 67 30 nya
830 1778 251 39 läkartjänster
1100 1777 58 29 vid
1177 1776 227 29 akademiska
1425 1775 187 39 sjukhuset

121 1836 79 28 med
222 1826 68 38 den
312 1834 241 39 jämkningen,
576 1835 50 27 att
649 1832 175 38 ökningen
847 1841 41 19 av
910 1830 309 39 läkarpersonalen
1241 1829 57 29 vid
1320 1828 293 30 kvinnokliniken

122 1888 24 29 f.
167 1898 32 19 n.
220 1897 102 19 anses
341 1887 121 28 kunna
481 1887 189 38 begränsas
689 1885 52 29 till
761 1894 43 20 en
823 1883 206 30 biträdande
1050 1883 212 29 överläkare.
1283 1882 138 29 Således
1442 1881 170 34 förordas,

123 1943 49 27 att
199 1941 57 29 vid
286 1939 362 29 serafimerlasarettet
676 1938 196 38 nyinrättas
902 1937 14 28 1
948 1936 108 29 förste
1085 1935 325 38 underläkartjänst
1439 1936 90 27 samt
1556 1934 57 29 vid

123 1993 227 30 akademiska
370 1992 186 39 sjukhuset
574 1992 10 28 i
603 1991 150 39 Uppsala
772 1991 18 29 5
809 1990 206 29 biträdande
1034 1988 334 38 överläkartjänster
1385 1988 64 29 och
1468 1988 18 28 3
1506 1987 107 29 förste

123 2046 374 38 underläkartjänster.
526 2046 74 28 Den
628 2054 41 20 av
696 2043 386 40 departementschefen
1111 2042 197 37 föreslagna
1337 2041 277 37 läkarorganisa-

124 2100 117 28 tionen
266 2100 57 28 vid
348 2099 145 28 berörda
520 2098 152 38 sjukhus
697 2097 154 37 framgår
876 2106 41 19 av
942 2095 250 39 uppställning,
1210 2086 124 37 vilken
1361 2094 114 29 såsom
1501 2094 112 37 bilaga

124 2154 113 37 fogats
260 2153 50 29 till
335 2151 382 39 statsrådsprotokollet
741 2151 8 27 i
771 2150 94 29 detta
888 2149 138 29 ärende.
1050 2148 290 39 Uppställningen
1363 2157 98 19 avser
1485 2147 129 28 förhål-

125 2207 148 28 landena
299 2206 41 28 fr.
366 2216 28 18 o.
421 2215 44 18 m.
491 2205 66 28 den
586 2205 12 27 1
626 2203 64 38 juli
719 2203 81 28 1956
826 2202 82 29 eller
932 2201 222 29 beträffande
1179 2200 202 29 karolinska
1408 2200 206 37 sjukhusets

125 2258 237 38 lungkliniker
378 2258 66 28 den
463 2258 13 27 1
494 2257 141 38 januari
655 2256 80 28 1957
753 2256 63 28 och
834 2254 221 29 beträffande
1072 2254 65 28 den
1155 2253 329 37 endokrinologiska
1502 2252 113 28 avdel-

126 2312 126 36 ningen
271 2311 66 28 den
361 2311 10 27 1
394 2310 87 39 april
504 2309 93 33 1957,
616 2309 116 28 därest
750 2318 41 18 av
809 2306 386 39 departementschefen
1216 2306 9 28 i
1244 2305 56 29 det
1321 2305 205 37 föregående
1547 2305 68 28 för-

125 2365 127 29 ordade
276 2364 128 37 förslag
427 2365 89 26 samt
537 2363 10 28 i
568 2362 110 37 övrigt
699 2371 41 18 av
762 2360 124 37 Kungl.
908 2359 105 38 Maj:t
1036 2359 8 28 i
1066 2358 255 39 propositioner
1344 2358 48 28 till
1415 2358 92 28 årets
1527 2358 88 27 riks-

125 2418 65 37 dag
212 2417 195 36 föreslagna
429 2414 410 40 personalförändringar
861 2412 191 29 berörande
1075 2411 194 39 sjukhusen
1293 2411 152 28 biträdes
1467 2420 40 19 av
1529 2410 87 28 riks-

125 2471 121 36 dagen.
267 2471 11 27 I
298 2470 65 29 vad
382 2478 97 20 avser
499 2469 66 28 den
585 2466 324 38 thoraxkirurgiska
928 2465 159 28 kliniken
1106 2464 55 29 vid
1182 2464 226 29 akademiska
1429 2463 186 39 sjukhuset
