1894 2758
302 173 38 27 10
680 169 278 33 Statsutskottets
976 171 173 32 utlåtande
1169 183 41 21 nr
1228 175 20 29 8
1267 173 37 31 år
1321 176 83 29 1962

660 248 46 32 II.
734 253 53 27 att
803 249 205 33 motionerna
1026 251 27 31 I:
1066 254 60 28 414
1143 251 62 32 och
1223 252 47 31 II:
1283 255 69 34 488,
1370 253 10 32 i
1397 254 66 31 vad
1480 254 40 31 de
1536 265 96 21 avser
1648 255 139 41 ändring

616 313 43 19 av
694 302 510 40 statsbidragsbestämmelserna
1237 305 50 32 för
1320 307 361 39 ungdomledarkurser,
1715 309 71 31 icke

617 355 54 31 må
689 367 42 20 av
748 355 174 40 riksdagen
939 357 138 38 bifallas;

659 408 65 32 III.
747 412 52 28 att
814 409 205 32 motionerna
1034 411 28 31 I:
1075 414 59 29 423
1150 412 61 31 och
1228 412 47 32 II:
1288 416 70 34 489,
1374 413 9 31 i
1399 414 66 30 vad
1480 414 42 31 de
1537 426 95 20 avser
1646 415 140 39 ändring

615 472 43 20 av
692 462 511 40 statsbidragsbestämmelserna
1235 465 51 32 för
1318 467 362 39 ungdomledarkurser,
1714 468 72 31 icke

616 515 54 31 må
688 526 43 20 av
748 515 173 40 riksdagen
938 516 138 38 bifallas;

656 568 60 32 IV.
736 572 53 28 att
808 569 206 32 motionerna
1033 571 29 31 I:
1077 574 58 28 110
1156 571 62 32 och
1240 572 46 31 II:
1301 575 57 29 160
1379 572 73 32 icke
1471 574 56 31 må
1547 585 43 20 av
1610 574 175 40 riksdagen

614 621 141 38 bifallas;

658 675 38 31 V.
719 679 53 27 att
787 675 206 33 motionerna
1008 677 28 31 I:
1049 680 60 28 414
1126 678 61 31 och
1204 678 47 31 II:
1265 682 69 34 488,
1351 679 10 31 i
1378 680 65 30 vad
1461 680 40 31 de
1517 692 95 20 avser
1629 681 155 31 skrivelse

614 727 49 31 till
689 727 123 41 Kungl.
837 728 114 39 Maj:t,
977 729 71 32 icke
1071 731 54 31 må
1151 730 50 32 till
1227 731 107 40 någon
1360 732 190 40 riksdagens
1576 734 117 40 åtgärd
1719 735 64 31 för-

613 781 130 37 anleda;

655 834 58 32 VI.
735 839 53 27 att
809 835 173 40 riksdagen
1004 837 65 37 må,
1090 838 77 31 med
1190 838 90 33 bifall
1303 839 48 32 till
1375 840 122 40 Kungl.
1520 841 120 40 Maj:ts
1663 843 121 38 förslag

613 892 88 27 samt
724 889 76 31 med
823 890 114 38 avslag
958 890 20 31 å
1001 890 208 33 motionerna
1231 892 28 31 I:
1274 896 57 28 109
1355 894 62 31 och
1441 894 131 39 II:159,
1595 896 102 32 I:328
1721 896 61 32 och

612 940 48 32 II:
678 944 65 35 317,
764 942 28 31 I:
805 945 60 28 414
886 943 61 31 och
968 943 47 32 II:
1028 947 60 29 488
1110 949 87 27 samt
1218 946 28 31 I:
1259 949 60 29 423
1340 947 61 31 och
1422 947 48 31 II:
1484 951 70 35 489,
1576 948 207 32 sistnämnda

613 1005 54 20 sex
686 994 162 32 motioner
867 996 103 31 såvitt
989 1008 45 20 nu
1052 1000 37 28 är
1107 998 11 31 i
1136 998 103 39 fråga,
1259 999 48 31 till
1330 1000 193 41 Utbildning
1543 1013 42 20 av
1604 1003 177 39 ungdoms-

612 1047 108 32 ledare
740 1048 50 31 för
807 1048 196 40 budgetåret
1023 1052 142 35 1962/63
1184 1052 115 32 anvisa
1318 1057 50 27 ett
1385 1054 335 42 reservationsanslag
1738 1067 43 21 av

616 1103 91 29 1700
720 1105 60 28 000
811 1102 47 31 kr.

336 1209 84 40 14:0)
444 1210 132 40 Bidrag
589 1210 54 31 till
656 1212 223 39 ungdomens
894 1212 354 35 fritidsverksamhet.
1265 1216 122 40 Kungl.
1403 1217 104 39 Maj:t
1521 1218 60 31 har
1596 1218 124 40 (punkt
1731 1223 49 33 71,

291 1272 24 21 s.
335 1265 38 28 96
392 1262 63 31 och
474 1263 54 40 97)
548 1263 168 40 föreslagit
734 1264 173 41 riksdagen
925 1269 53 28 att
996 1266 50 32 till
1063 1268 96 31 detta
1176 1269 154 31 ändamål
1349 1269 52 32 för
1419 1270 198 41 budgetåret
1637 1273 142 36 1962/63

292 1313 115 31 anvisa
429 1316 50 28 ett
501 1314 251 41 förslagsanslag
773 1327 42 20 av
838 1319 18 28 5
869 1320 60 28 900
942 1321 60 28 000
1025 1318 48 32 kr.

331 1419 18 30 I
370 1419 95 31 detta
486 1421 240 40 sammanhang
746 1422 60 32 har
826 1423 167 33 utskottet
1014 1425 49 31 till
1084 1425 200 42 behandling
1305 1428 143 33 förehaft

331 1472 70 32 dels
426 1473 59 31 två
511 1473 211 39 likalydande
747 1476 171 38 motioner,
945 1478 121 32 väckta
1093 1479 64 31 den
1183 1491 62 21 ena
1271 1480 88 32 inom
1385 1482 104 32 första
1514 1484 193 32 kammaren
1733 1497 43 20 av

291 1525 74 30 herr
390 1526 164 38 Nyström
579 1528 91 39 m.fl.
699 1528 132 41 (1:107)
858 1530 62 31 och
946 1531 63 31 den
1035 1532 103 32 andra
1166 1532 89 32 inom
1281 1534 104 32 andra
1412 1535 193 33 kammaren
1632 1549 43 20 av
1702 1539 75 31 herr

289 1579 170 41 Svanberg
477 1592 45 20 m.
532 1582 35 39 fl.
589 1582 62 39 (II:
666 1583 86 40 158),
772 1583 11 32 i
803 1585 89 31 vilka
912 1585 185 33 hemställts
1117 1591 52 27 att
1190 1587 174 41 riksdagen
1383 1590 108 31 måtte
1510 1591 34 40 a)
1567 1591 138 39 besluta,
1726 1596 53 28 att

290 1631 113 31 åldern
427 1632 51 31 för
502 1633 166 39 deltagare
694 1634 10 31 i
728 1635 260 40 fritidsgrupper,
1014 1637 49 32 för
1088 1638 89 33 vilka
1204 1640 201 41 statsbidrag
1430 1642 66 31 kan
1522 1644 90 39 utgå,
1638 1644 39 32 fr.
1692 1656 27 20 o.
1738 1655 37 22 m.

292 1684 196 39 budgetåret
511 1687 142 34 1962/63
675 1688 118 31 sänkes
813 1689 73 31 från
908 1689 50 32 för
980 1692 207 31 närvarande
1211 1696 38 28 12
1273 1693 48 31 till
1345 1697 37 28 10
1405 1694 45 38 år,
1472 1695 36 41 b)
1532 1696 116 32 anvisa
1670 1702 105 34 ytter-

290 1738 98 38 ligare
416 1740 61 29 300
490 1741 60 29 000
580 1740 48 31 kr.
657 1741 106 32 under
791 1742 285 40 anslagsrubriken
1105 1746 124 41 Bidrag
1258 1748 48 31 till
1335 1750 205 39 ungdomens
1570 1751 205 33 fritidsverk-

289 1791 138 38 samhet,
441 1792 31 40 c)
488 1792 137 38 besluta,
639 1797 54 28 att
705 1794 320 41 skolöverstyrelsen,
1040 1809 70 21 som
1124 1799 327 43 tillsynsmyndighet
1464 1803 51 32 för
1528 1799 246 51 fritidsgrupps-

288 1845 262 38 verksamheten,
563 1847 55 31 må
630 1847 51 31 för
694 1848 340 34 försöksverksamhet
1047 1851 61 32 och
1123 1853 281 41 undersökningar
1417 1857 140 31 rörande
1572 1859 202 39 gruppverk-

288 1898 171 31 samheten
480 1899 173 38 disponera
674 1904 51 28 ett
746 1901 118 40 belopp
885 1902 84 33 intill
991 1907 39 28 50
1042 1908 61 28 000
1124 1906 59 37 kr.;

328 1951 68 32 dels
420 1953 62 31 ock
506 1953 59 31 två
588 1953 211 39 likalydande
822 1956 172 38 motioner,
1018 1958 122 32 väckta
1165 1959 64 32 den
1253 1971 60 21 ena
1338 1960 89 33 inom
1451 1962 104 33 första
1580 1964 193 33 kammaren

286 2014 42 20 av
344 2004 114 31 herrar
476 2005 161 34 Thorsten
652 2007 143 33 Larsson
810 2008 61 32 och
892 2010 138 33 Torsten
1044 2012 191 33 Andersson
1252 2013 43 40 (1:
1308 2015 74 40 414)
1402 2015 62 31 och
1480 2016 64 31 den
1561 2017 104 32 andra
1683 2018 89 32 inom

285 2059 104 32 andra
405 2060 192 33 kammaren
613 2073 43 20 av
672 2062 113 32 herrar
798 2064 71 31 Boo
885 2064 61 32 och
961 2065 174 32 Mattsson
1150 2067 63 39 (II:
1226 2068 86 40 488),
1328 2068 9 32 i
1354 2069 89 32 vilka
1459 2069 196 40 hemställts,
1670 2072 103 32 såvitt

286 2120 44 21 nu
353 2112 37 29 är
413 2111 9 30 i
445 2111 102 40 fråga,
569 2116 53 28 att
643 2113 176 40 riksdagen
842 2115 106 32 måtte
971 2117 34 40 a)
1030 2117 128 33 besluta
1182 2123 53 28 att
1258 2120 202 41 statsbidrag
1483 2122 51 31 för
1557 2124 214 32 anordnande

285 2173 44 20 av
350 2164 217 40 fritidsgrupp
589 2166 138 32 fr.o.m.
750 2168 64 31 den
837 2171 15 29 1
876 2168 60 39 juli
961 2173 78 29 1962
1062 2171 57 31 må
1141 2172 81 39 utgå
1245 2173 75 31 med
1343 2173 98 41 högst
1465 2175 126 32 hälften
1615 2188 43 20 av
1681 2178 90 31 kost-

285 2218 145 33 naderna
457 2219 51 34 för
534 2220 225 42 handledning
785 2223 61 31 och
874 2224 159 38 materiel,
1060 2226 85 31 dock
1172 2226 98 41 högst
1297 2229 75 30 med
1400 2228 75 40 fyra
1502 2230 120 32 kronor
1650 2234 40 30 50
1717 2234 55 30 öre

283 2278 58 28 per
358 2270 152 37 medlem,
528 2271 61 31 och
607 2272 69 31 dels
695 2274 76 31 med
789 2277 50 29 tre
858 2274 120 33 kronor
996 2287 57 28 per
1071 2277 142 32 medlem
1233 2278 50 32 för
1301 2279 232 34 lokalkostnad
1552 2283 62 31 och
1633 2284 137 32 därmed

282 2322 166 41 jämförlig
470 2324 110 39 utgift,
603 2325 36 40 b)
665 2326 51 31 för
739 2326 197 40 budgetåret
961 2330 141 35 1962/63
1127 2330 49 32 till
1201 2331 122 41 Bidrag
1346 2333 49 32 till
1418 2335 205 39 ungdomens
1647 2336 122 32 fritids-

283 2376 212 32 verksamhet
516 2378 114 32 anvisa
652 2382 51 28 ett
725 2380 250 42 förslagsanslag
995 2393 43 21 av
1059 2386 19 29 6
1090 2387 61 28 620
1164 2388 61 28 000
1248 2385 47 31 kr.

323 2429 217 33 Beträffande
562 2432 240 40 motiveringen
823 2434 50 31 för
895 2435 41 31 de
958 2436 194 33 motionsvis
1175 2437 116 40 gjorda
1312 2439 193 39 yrkandena
1528 2441 51 32 får
1599 2442 169 32 utskottet

282 2482 138 32 hänvisa
441 2483 49 31 till
511 2484 207 33 motionerna
738 2486 30 31 I:
782 2489 58 29 107
860 2488 61 31 och
943 2488 47 31 II:
1003 2492 70 29 488.
