1892 2762
501 162 279 34 Statsutskottets
798 159 175 33 utlåtande
992 169 40 21 nr
1051 161 20 29 8
1090 157 37 31 år
1146 158 82 31 1962
1595 158 13 28 1

762 427 121 43 Nr
850 423 37 57 8

335 594 180 33 Utlåtande
542 593 11 31 i
579 591 176 40 anledning
781 601 43 21 av
850 588 124 40 Kungl.
999 587 122 40 Maj:ts
1147 588 12 29 i
1185 581 431 42 statsverkspropositionen

537 645 116 42 gjorda
675 643 282 41 framställningar
977 639 140 33 rörande
1140 638 182 41 utgifterna
1344 637 52 39 för
1420 633 197 41 budgetåret

538 699 144 37 1962/63
701 698 90 31 inom
810 694 490 40 ecklesiastikdepartementets
1318 688 299 34 verksamhetsom-

538 752 78 32 råde
633 752 105 40 jämte
756 751 11 31 i
783 752 114 29 ämnet
913 748 124 32 väckta
1052 746 173 32 motioner.

1442 796 66 39 (2:a
1524 793 92 40 avd.)

609 941 525 38 DRIFTBUDGETEN

680 1052 149 33 Åttonde
850 1049 215 34 huvudtiteln

578 1209 591 47 Ecklesiastikdepartementet

174 1309 65 41 1:0)
262 1306 528 40 Ecklesiastikdepartementet:
818 1301 228 39 Avlöningar.
1073 1297 125 39 Kungl.
1224 1294 105 40 Maj:t
1354 1294 61 31 har
1440 1293 10 32 i
1477 1291 144 41 proposi-

132 1365 114 31 tionen
263 1374 38 21 nr
319 1366 15 28 1
355 1361 122 41 (bilaga
496 1363 49 34 10,
562 1358 109 40 punkt
689 1361 28 33 1,
735 1368 24 20 s.
777 1360 38 28 19
832 1355 61 32 och
911 1357 39 28 20
968 1364 42 20 av
1028 1352 105 38 bilagt
1150 1350 121 38 utdrag
1287 1359 42 20 av
1347 1346 274 38 statsrådsproto-

132 1418 102 31 kollet
253 1419 79 29 över
351 1411 353 35 ecklesiastikärenden
724 1409 51 32 för
795 1409 64 31 den
879 1411 19 28 3
918 1405 131 41 januari
1070 1404 95 40 1962)
1187 1400 168 40 föreslagit
1374 1399 175 38 riksdagen
1569 1401 53 28 att

131 1472 70 31 dels
220 1468 200 41 bemyndiga
440 1465 122 40 Kungl.
581 1463 106 40 Maj:t
706 1467 53 27 att
778 1461 137 39 vidtaga
935 1460 41 31 de
995 1457 178 39 ändringar
1192 1455 11 32 i
1222 1450 400 45 personalförteckningen

132 1525 51 31 för
206 1521 484 38 ecklesiastikdepartementet,
715 1527 70 21 som
809 1513 184 33 föranledes
1018 1523 42 20 av
1085 1510 67 32 vad
1177 1505 365 43 departementschefen
1566 1514 57 21 an-

133 1579 77 37 fört,
228 1577 68 31 dels
316 1575 176 40 godkänna
510 1584 42 20 av
571 1567 365 43 departementschefen
955 1565 142 40 angiven
1114 1562 253 39 avlöningsstat,
1385 1563 53 28 att
1457 1559 166 37 tillämpas

133 1632 68 31 tills
218 1630 113 32 vidare
349 1628 38 32 fr.
399 1639 30 21 o.
441 1638 43 20 m.
502 1624 200 40 budgetåret
720 1622 153 37 1962/63,
891 1620 69 32 dels
977 1619 63 32 ock
1058 1617 50 33 till
1126 1609 497 47 Ecklesiastikdepartementet:

134 1684 202 39 Avlöningar
355 1682 51 31 för
425 1679 198 40 budgetåret
645 1677 142 36 1962/63
807 1674 115 33 anvisa
943 1677 50 28 ett
1013 1669 253 40 förslagsanslag
1285 1679 42 21 av
1348 1671 19 28 2
1380 1669 60 30 393
1453 1668 60 29 000
1534 1665 48 31 kr.

176 1782 123 39 Kungl.
320 1779 121 40 Maj:ts
462 1778 120 38 förslag
602 1775 138 32 innebär
760 1794 42 4 —
822 1774 145 31 förutom
990 1771 88 32 vissa
1098 1769 227 33 automatiska
1346 1765 279 42 utgiftsökningar

133 1854 42 5 —
193 1834 157 39 följande:

138 1898 32 39 1)
197 1895 160 40 lagbyrån
372 1893 195 32 omvandlas
583 1891 50 31 till
647 1887 274 40 rättsavdelning,
937 1886 117 32 varvid
1070 1884 194 33 nuvarande
1279 1883 149 39 tjänsten
1443 1892 70 21 som
1528 1879 98 40 byrå-

199 1940 74 32 chef
290 1940 52 31 för
359 1937 197 41 lagärenden
575 1936 10 32 i
604 1936 47 31 Br
669 1939 19 28 2
707 1934 120 32 ändras
846 1932 49 32 till
915 1931 107 40 tjänst
1040 1941 71 21 som
1130 1929 75 31 chef
1223 1928 51 32 för
1291 1924 307 40 rättsavdelningen
1617 1923 9 30 i

199 1986 46 31 Br
256 1988 19 28 4
290 1988 87 28 samt
392 1994 41 20 en
449 1993 43 28 ny
509 1981 106 39 tjänst
631 1990 71 21 som
718 1976 157 42 byråchef
889 1977 52 31 för
954 1975 198 40 lagärenden
1168 1973 9 32 i
1193 1974 46 31 Br
1250 1976 19 28 2
1283 1972 152 36 inrättas,

135 2030 35 40 2)
198 2033 51 28 ett
269 2026 221 34 förordnande
510 2029 53 28 att
582 2023 147 33 bestrida
749 2022 155 41 göromål,
925 2031 69 21 som
1015 2020 194 31 ankommer
1228 2017 43 40 på
1291 2015 336 41 budgetsekreterare,

199 2076 140 29 ersättes
358 2071 75 32 med
454 2082 40 20 en
514 2068 164 33 ordinarie
697 2063 417 43 budgetsekreterartjänst
1134 2062 10 32 i
1163 2062 78 32 ABr
1252 2064 50 35 25,

137 2120 34 39 3)
200 2129 41 21 en
265 2114 361 39 kanslibiträdestjänst
649 2112 10 32 i
682 2112 80 32 Ae
745 2105 19 58 7
786 2109 268 34 ordinariesättes
1078 2107 10 32 i
1111 2107 52 31 Ao
1175 2109 29 35 7,

137 2165 34 39 4)
199 2162 107 32 medel
326 2160 163 32 beräknas
508 2159 51 31 för
578 2155 231 41 uppflyttning
829 2165 42 20 av
892 2165 41 20 en
954 2153 103 31 förste
1078 2146 397 40 kanslisekreterartjänst
1495 2146 10 32 i
1526 2146 51 31 Ao
1588 2148 40 28 23

200 2207 50 31 till
270 2202 355 43 byrådirektörstjänst
645 2201 11 31 i
675 2200 52 31 Ao
738 2202 39 29 26
798 2199 61 31 och
881 2209 43 20 av
945 2208 41 20 en
1006 2192 398 39 kanslisekreterartjänst
1425 2191 10 31 i
1455 2191 50 31 Ao
1520 2194 37 28 19
1579 2189 48 31 till

199 2250 102 31 förste
323 2244 397 39 kanslisekreterartjänst
739 2243 11 31 i
770 2244 51 30 Ao
832 2245 39 28 23
893 2245 88 28 samt
1001 2240 51 31 för
1072 2239 122 38 utbyte
1215 2249 42 20 av
1279 2248 40 20 en
1340 2234 289 39 amanuenstjänst

201 2298 72 27 mot
291 2304 40 20 en
351 2292 101 31 förste
472 2286 397 39 kanslisekreterartjänst
887 2285 11 31 i
916 2285 48 31 Ae
976 2287 50 33 23,

139 2340 34 39 5)
201 2338 107 31 medel
327 2335 164 32 beräknas
511 2333 50 32 för
581 2331 192 41 ytterligare
793 2330 74 39 fyra
887 2325 398 39 kanslibiträdestjänster
1305 2324 10 31 i
1334 2324 50 32 Åe
1396 2326 30 34 7,

138 2385 35 39 6)
201 2382 249 39 anslagsposten
470 2378 50 32 till
540 2375 185 40 ersättning
744 2374 50 32 till
814 2372 142 40 expertis
976 2371 61 32 och
1059 2369 142 40 tillfällig
1220 2367 204 34 arbetskraft
1444 2364 186 33 nedräknas

202 2427 75 32 med
298 2429 39 28 45
350 2428 61 29 000
432 2424 49 31 kr.

183 2489 122 39 Kungl.
325 2486 122 40 Maj:ts
466 2485 120 38 förslag
605 2482 138 33 innebär
763 2492 40 21 en
824 2477 268 42 anslagshöjning
1111 2476 77 32 med
1208 2480 39 28 88
1260 2478 61 29 000
1342 2474 47 31 kr.

143 2567 10 22 1
174 2578 33 4 —
226 2562 98 30 Bihang
348 2560 38 26 till
408 2557 148 31 riksdagens
577 2555 131 33 protokoll
729 2556 73 24 1962.
837 2555 15 24 6
874 2553 72 25 saml.
981 2550 40 26 Nr
1041 2553 16 23 8
