2204 2676
743 191 233 43 Lagutskottets
999 192 170 33 Memorial
1191 192 52 33 Nr
1267 194 50 31 53.
1771 196 15 31 1

956 443 58 39 Nr
1042 444 63 39 53.

557 600 122 30 Ankom
702 601 48 29 till
773 602 196 39 Riksdagens
993 602 101 30 kansli
1118 603 59 30 den
1203 606 37 26 31
1266 604 59 39 maj
1355 607 81 27 1910
1460 605 43 29 kl.
1531 608 91 29 12.30
1649 616 25 21 e.
1699 617 41 21 m.

431 749 192 36 Memorial
654 749 77 36 med
759 750 190 49 anledning
977 750 44 48 af
1045 752 202 36 ålerremiss
1273 751 90 48 från
1391 753 131 37 Första
1549 754 208 37 kammaren
1786 755 45 47 af

630 820 235 47 lagutskottets
905 822 181 35 utlåtande
1126 834 45 23 nr
1212 822 47 36 51
1288 824 15 33 i
1330 823 192 49 anledning
1564 824 44 46 af
1632 824 74 36 dels
1734 826 92 35 åter-

629 890 128 36 remiss
798 891 45 47 af
880 892 96 36 vissa
1008 891 100 37 delar
1135 891 44 47 af
1202 892 177 36 utskottets
1406 893 181 37 utlåtande
1614 907 45 23 nr
1686 895 50 35 44
1765 908 62 23 an-

625 960 136 48 gående
800 960 131 49 Kungl.
973 961 126 47 Maj:ts
1132 963 224 47 proposition
1396 963 78 36 med
1511 962 142 50 förslag
1685 965 56 35 till
1768 965 57 49 lag

630 1042 54 23 om
726 1029 194 50 aktiebolag
962 1031 59 36 och
1062 1031 54 36 till
1148 1032 59 48 lag
1235 1044 54 24 om
1316 1033 97 36 vissa
1454 1033 202 48 ändringar
1682 1035 15 35 i
1725 1034 103 49 lagen

630 1111 54 23 om
714 1100 248 48 handelsbolag
990 1101 59 36 och
1077 1101 102 36 enkla
1198 1101 100 48 bolag
1326 1101 65 36 den
1418 1103 51 35 28
1488 1103 87 47 juni
1600 1103 101 36 1895
1717 1105 109 45 jämte

627 1170 15 34 i
682 1169 190 48 anledning
912 1170 115 47 däraf
1051 1171 122 36 väckta
1200 1172 181 46 motioner,
1411 1172 74 36 dels
1521 1173 61 35 ock
1608 1173 218 37 kamrarnas

629 1238 209 49 skiljaktiga
866 1239 108 36 beslut
1002 1241 15 34 i
1045 1244 125 32 ämnet.

357 1341 16 34 I
401 1341 202 37 utlåtande
631 1355 46 23 nr
707 1345 42 32 51
782 1343 110 47 afgaf
914 1344 195 36 utskottet
1136 1344 145 49 förslag
1307 1346 13 35 i
1340 1346 208 47 anledning
1568 1347 41 35 af
1623 1347 81 36 dels
1723 1351 99 34 åter-

226 1393 134 35 remiss
401 1393 41 35 af
478 1393 99 37 vissa
619 1395 106 35 delar
767 1395 41 35 af
831 1396 212 36 utskottets
1075 1397 202 36 utlåtande
1306 1410 46 23 nr
1379 1401 49 32 44
1458 1400 197 46 angående
1683 1400 138 48 Kungl.

226 1444 130 47 Maj:ts
396 1446 243 46 proposition
670 1447 86 36 med
784 1447 144 48 förslag
955 1449 62 35 till
1044 1449 65 47 lag
1138 1462 62 23 om
1228 1450 224 48 aktiebolag
1480 1452 73 35 och
1580 1452 61 35 till
1668 1452 65 48 lag
1761 1466 63 24 om

226 1497 100 36 vissa
360 1498 209 47 ändringar
596 1499 14 35 i
637 1499 114 47 lagen
780 1512 61 24 om
869 1501 277 47 handelsbolag
1175 1503 72 35 och
1275 1502 115 36 enkla
1416 1504 118 47 bolag
1561 1504 74 35 den
1665 1507 46 34 28
1735 1505 88 47 juni

230 1552 96 34 1895
364 1549 123 47 jämte
514 1551 14 35 i
557 1551 207 47 anledning
805 1553 113 36 däraf
953 1554 142 36 väckta
1136 1555 202 46 motioner,
1382 1556 79 35 dels
1495 1556 74 36 ock
1596 1556 226 38 kamrarnas

227 1601 227 48 skiljaktiga
480 1603 128 36 beslut
636 1604 13 35 i
678 1608 139 32 ämnet.

355 1654 134 48 Enligt
534 1655 197 37 utskottet
775 1657 335 37 tillhandakomna
1156 1660 360 48 protokollsutdrag
1564 1661 72 35 har
1685 1663 137 36 Första

225 1706 227 36 kammaren
504 1708 304 37 återremitterat
856 1711 169 35 nämnda
1073 1711 202 36 utlåtande
1316 1712 63 36 till
1418 1712 206 38 utskottet.
1692 1714 130 37 Andra

225 1758 227 37 kammaren
481 1762 84 33 åter
591 1760 71 36 har
689 1761 175 47 godkänt
891 1763 213 36 utskottets
1132 1764 13 35 i
1169 1764 221 36 utlåtandet
1408 1765 239 36 innefattade
1666 1766 153 48 förslag.

355 1812 89 34 Med
486 1812 207 48 anledning
735 1813 42 36 af
799 1814 102 36 hvad
934 1815 160 36 sålunda
1121 1815 259 47 förekommit,
1408 1817 60 35 får
1495 1818 196 36 utskottet
1717 1819 104 36 hem-

226 1862 124 46 ställa,

755 1947 59 33 att
833 1945 136 35 Första
988 1945 225 36 kammaren
1235 1941 115 55 måtte
1365 1946 181 37 iärendet
1568 1946 100 37 fatta
1681 1949 137 37 beslut.

356 2028 224 37 Stockholm
609 2030 74 36 den
713 2032 43 34 31
787 2031 75 47 maj
896 2034 108 34 1910.

747 2118 52 35 På
826 2118 281 47 lagutskottets
1134 2125 162 42 vägnar:

813 2205 152 37 ERNST
993 2206 234 37 TRYGGER.

313 2312 73 33 Bih.
411 2315 49 31 till
482 2315 110 32 Riksd.
617 2316 90 32 Prot.
734 2317 92 31 1910.
873 2319 21 30 7
917 2317 96 32 Saml.
1062 2320 18 29 1
1105 2318 77 41 Afd.
1229 2321 42 31 49
1293 2319 93 42 Häft.
