1862 2788
274 175 18 29 4
608 175 327 32 Bankoutskottets
952 176 186 32 utlåtande
1156 187 43 21 nr
1217 177 41 31 22
1277 176 41 32 år
1337 178 88 31 1955

275 279 62 22 ren
361 270 231 38 framhållits,
619 272 10 30 i
654 274 53 29 ett
732 272 87 31 enda
845 273 188 39 ögonblick
1058 274 97 31 sätta
1181 273 64 32 vår
1271 273 399 43 förvaltningsapparat
1695 278 68 30 och

275 315 392 40 produktionsapparat
687 325 44 22 ur
752 316 169 32 funktion
943 318 95 31 inom
1059 318 138 40 viktiga
1220 321 107 29 orter.
1350 320 244 31 Motionärens
1617 330 63 22 oro
1702 322 60 30 för

275 361 56 29 att
353 360 172 40 planerad
546 361 219 40 evakuering
787 362 71 31 kan
882 362 48 31 bli
953 363 164 31 värdelös
1141 372 105 30 synes
1270 363 110 32 också
1403 364 199 32 motiverad
1627 374 56 22 om
1707 374 54 22 er-

274 405 176 40 forderlig
464 405 198 40 beredskap
678 406 33 39 ej
728 406 138 32 kunnat
881 407 176 40 vidtagas.
1075 408 134 31 Risken
1226 409 126 30 härför
1369 409 103 31 torde
1487 410 90 30 dock
1593 411 172 31 avsevärt

275 450 120 30 kunna
424 450 217 40 nedbringas
670 460 127 30 genom
826 451 261 32 förberedelser
1118 453 10 30 i
1160 453 164 31 fredstid.
1356 454 70 31 Det
1456 454 187 31 förefaller
1672 464 90 21 vara

273 503 99 22 mera
389 494 300 40 ändamålsenligt
708 497 54 30 att
779 496 374 40 beredskapsmässigt
1171 498 125 30 arbeta
1315 497 59 31 för
1392 507 42 22 en
1452 498 155 32 effektiv
1623 502 138 37 utrym-

273 539 365 40 ningsplanläggning
666 540 58 31 för
754 540 168 40 krigsfall
951 542 65 30 och
1045 542 221 39 anpassning
1296 551 45 22 av
1370 543 303 40 planläggningen
1701 544 61 31 för

273 583 319 40 krigsproduktion
609 585 66 30 och
692 585 394 39 krigsadministration
1103 587 55 31 till
1175 587 236 39 möjligheten
1428 596 45 22 av
1490 589 111 30 atom-
1620 589 66 31 och
1704 597 56 21 ro-

273 628 178 31 botanfall
469 628 82 32 från
571 629 114 31 luften
705 630 44 30 än
768 632 56 29 att
842 631 80 30 med
940 631 139 39 hänsyn
1097 631 56 31 till
1172 631 122 31 risken
1313 641 44 21 av
1377 633 53 30 ett
1449 632 82 40 krig
1549 635 214 37 permanent

272 673 279 31 decentralisera
569 673 66 32 vår
653 674 257 40 förvaltnings-
929 676 66 30 och
1014 676 401 40 produktionsapparat.

318 718 267 31 Riksnämnden
603 718 60 31 får
681 719 168 39 slutligen
868 719 241 40 understryka
1130 720 66 32 sitt
1216 730 90 22 ovan
1328 721 153 31 anförda
1501 722 179 39 yttrande,
1703 724 59 29 att

273 761 45 32 då
335 762 102 32 klara
455 764 66 30 och
538 763 139 40 viktiga
695 763 78 31 skäl
791 764 178 40 föreligga
987 764 59 31 för
1062 766 317 39 hänsynstagande
1398 766 55 30 till
1471 766 288 32 försvarsbered-

271 806 381 41 skapssynpunkterna
672 808 60 31 vid
751 808 232 40 lokalisering
1003 818 44 22 av
1067 810 247 39 näringslivet,
1327 810 88 31 böra
1428 809 135 32 sådana
1577 812 183 39 synpunk-

272 853 56 30 ter
345 852 10 30 i
373 852 117 40 görlig
507 852 81 31 mån
605 852 39 31 få
662 853 157 31 inverka.
838 854 15 29 I
870 854 123 38 dylika
1009 854 64 31 fall
1091 863 107 30 synes
1216 855 298 39 myndigheterna
1531 856 87 31 böra
1637 856 122 40 stödja

271 896 242 40 uppförandet
536 906 45 22 av
604 907 80 30 nya,
709 906 44 22 ur
774 898 447 41 beredskapssynpunkter
1245 899 165 40 lämpligt
1434 900 150 39 belägna
1611 900 149 40 anlägg-

271 941 138 39 ningar.
433 942 268 31 Riksnämnden
723 941 60 32 får
805 943 68 30 här
895 943 91 40 peka
1010 943 46 40 på
1078 944 278 39 möjligheterna
1380 946 56 30 att
1459 944 299 40 myndigheterna

271 994 128 30 genom
413 986 523 41 byggnadstillståndsgivning
951 988 86 31 eller
1051 988 45 40 på
1113 990 112 29 annat
1241 990 76 30 sätt
1333 989 192 31 medverka
1543 989 55 31 till
1614 998 144 31 genom-

271 1031 168 31 förandet
457 1040 44 22 av
519 1031 161 31 enskilda
697 1032 158 31 initiativ
871 1033 173 31 avseende
1062 1042 43 22 en
1122 1042 43 21 ur
1183 1033 350 40 försvarssynpunkt
1549 1034 211 32 förbättrad

272 1075 232 40 lokalisering
522 1085 127 30 genom
668 1076 185 40 spridning
873 1077 86 31 eller
978 1077 231 40 förläggning
1230 1078 10 30 i
1261 1078 170 40 bergrum
1451 1087 45 22 av
1515 1078 243 40 krigsviktiga

272 1119 272 40 anläggningar.

316 1208 55 32 Då
393 1208 40 33 åt
454 1209 496 41 arbetsmarknadsstyrelsen
974 1211 212 40 uppdragits
1211 1211 188 40 ledningen
1424 1221 46 22 av
1491 1212 269 40 lokaliserings-

271 1261 175 41 frågorna
462 1263 66 31 och
542 1263 152 31 berörda
710 1263 471 41 beredskapsmyndigheter
1196 1265 67 30 har
1278 1265 55 31 sin
1349 1265 322 40 uppmärksamhet
1686 1266 74 31 rik-

269 1316 63 31 tad
351 1315 46 41 på
417 1315 131 41 frågan
568 1318 95 30 samt
682 1317 122 31 vidare
824 1317 194 40 riksdagen
1038 1317 129 40 begärt
1187 1319 56 30 att
1262 1317 133 40 frågan
1416 1327 58 22 om
1494 1318 66 31 den
1581 1318 175 32 framtida

270 1368 164 40 närings-
456 1369 66 31 och
544 1369 428 40 bebyggelsestrukturen
996 1371 10 30 i
1031 1370 120 32 landet
1173 1371 113 31 skulle
1309 1371 50 31 bli
1381 1370 153 32 föremål
1556 1372 60 30 för
1638 1372 121 31 inven-

268 1422 119 40 tering
411 1422 334 36 (bankoutskottets
762 1423 186 32 utlåtande
965 1433 44 21 nr
1025 1424 164 39 36/1954)
1214 1433 107 31 synes
1338 1424 60 31 det
1416 1424 264 37 riksnämnden,
1700 1426 58 30 att

267 1475 182 31 motionen
465 1475 76 32 icke
557 1475 112 32 måtte
686 1476 185 32 föranleda
888 1476 119 41 någon
1022 1478 212 41 riksdagens
1250 1480 180 31 särskilda
1448 1479 138 41 åtgärd.

315 1565 200 32 Utskottet.
538 1565 143 41 Frågan
705 1576 56 22 om
782 1567 66 31 den
869 1567 174 33 framtida
1065 1569 270 42 utformningen
1358 1580 45 23 av
1425 1572 162 40 närings-
1610 1574 66 31 och
1699 1574 59 31 be-

269 1617 383 40 byggelsestrukturen
669 1620 11 31 i
697 1620 121 33 landet
834 1621 241 33 behandlades
1092 1622 173 40 ingående
1284 1633 44 22 av
1345 1625 180 33 utskottet
1542 1626 11 30 i
1569 1625 187 33 utlåtande

270 1680 42 22 nr
328 1671 43 32 36
388 1672 55 32 till
461 1672 216 40 föregående
694 1672 60 33 års
772 1674 148 40 riksdag
938 1675 11 30 i
969 1675 192 41 anledning
1179 1686 45 22 av
1242 1676 45 32 då
1305 1677 132 32 väckta
1455 1679 184 32 motioner.
1659 1679 98 31 Fler-

269 1724 89 32 talet
374 1734 46 22 av
434 1725 43 31 de
494 1726 310 32 remissinstanser
821 1737 78 22 som
915 1729 102 31 hörts
1034 1729 12 31 i
1061 1729 148 32 ärendet
1226 1730 91 31 hade
1334 1731 97 31 varit
1448 1740 45 22 av
1509 1732 67 31 den
1593 1732 164 40 uppfatt-

269 1778 131 39 ningen
421 1780 57 30 att
496 1779 60 32 det
576 1780 77 31 icke
675 1780 112 31 skulle
809 1790 88 22 vara
920 1781 300 41 ändamålsenligt
1241 1785 57 30 att
1318 1783 45 32 då
1385 1783 209 41 igångsätta
1616 1795 42 21 en
1680 1787 77 30 sär-

266 1831 94 31 skild
376 1832 133 31 allmän
525 1833 192 40 utredning
733 1843 44 22 av
794 1834 60 31 det
871 1834 247 41 föreliggande
1136 1835 198 39 problemet
1352 1837 10 30 i
1380 1837 81 31 hela
1478 1838 81 31 dess
1576 1838 93 32 vidd.
1689 1839 65 31 Ut-

268 1884 139 32 skottet
421 1885 124 32 delade
561 1886 114 31 denna
690 1887 143 39 mening
848 1896 81 22 men
945 1887 113 41 ansåg
1074 1888 60 31 det
1149 1889 222 41 nödvändigt
1388 1892 57 30 att
1460 1889 40 33 få
1511 1891 60 31 till
1587 1891 109 32 stånd
1711 1901 44 22 en

268 1937 227 41 inventering
513 1939 64 31 och
598 1940 338 41 sammanställning
956 1950 45 22 av
1019 1941 60 31 det
1099 1941 224 33 omfattande
1342 1943 167 31 material
1529 1952 78 23 som
1626 1953 128 30 genom

267 1990 172 41 offentlig
454 1992 191 40 utredning
659 1994 66 30 och
740 1994 423 41 samhällsvetenskaplig
1178 1995 191 41 forskning
1384 1997 66 31 etc.
1467 1996 105 33 blivit
1586 1997 168 40 tillgäng-

266 2043 66 40 ligt
354 2044 131 32 liksom
507 2054 45 22 av
574 2045 42 31 de
639 2046 185 40 uppgifter
845 2056 79 22 som
946 2056 127 31 genom
1096 2047 183 40 pågående
1302 2049 237 40 utredningar
1562 2050 117 31 kunde
1703 2050 49 31 bli

266 2096 151 40 belysta.
435 2098 55 31 En
505 2097 112 32 sådan
633 2099 331 33 sammanfattande
981 2101 159 31 översikt
1157 2102 101 31 torde
1277 2102 113 40 enligt
1406 2102 180 33 utskottet
1602 2112 89 22 vara
1708 2113 46 21 av

264 2150 108 32 värde
396 2150 46 32 då
466 2151 59 32 det
548 2152 116 39 gällde
688 2154 55 30 att
766 2155 86 37 taga
876 2154 174 39 ställning
1072 2154 55 31 till
1151 2154 97 31 vilka
1272 2155 237 40 utredningar
1532 2165 77 22 som
1633 2156 118 31 kunde

266 2203 133 31 krävas
421 2203 61 31 för
503 2206 55 30 att
580 2204 39 31 få
642 2205 96 31 fram
760 2214 98 23 mera
882 2206 223 40 preciserade
1130 2207 155 32 direktiv
1309 2208 56 31 till
1390 2208 272 32 ämbetsverken
1686 2210 66 31 och

265 2256 97 31 vilka
380 2258 212 39 ytterligare
611 2259 188 39 praktiska
819 2258 171 42 åtgärder
1008 2269 76 22 som
1103 2260 230 32 erfordrades
1351 2261 59 31 för
1428 2263 56 30 att
1501 2261 47 32 nå
1567 2262 42 31 de
1630 2262 122 40 syften

265 2310 267 32 motionärerna
552 2311 122 40 avsåg.
695 2311 51 32 På
764 2312 140 40 förslag
924 2322 46 22 av
988 2313 181 32 utskottet
1190 2313 115 32 beslöt
1327 2314 193 40 riksdagen
1541 2315 60 30 för
1621 2316 129 39 Kungl.

265 2363 111 39 Maj:t
393 2364 83 39 giva
494 2365 54 30 till
566 2365 119 31 känna
702 2366 68 30 vad
787 2366 181 32 utskottet
987 2365 150 32 sålunda
1155 2367 133 31 anfört.

309 2417 68 31 Vid
402 2417 67 31 den
494 2418 225 40 inventering
743 2419 151 31 rörande
920 2419 247 41 föreliggande
1192 2420 379 40 utredningsmaterial
1599 2422 65 31 och
1691 2420 60 41 på-
