1930 2850
432 148 421 38 Bevillningsutskottets
879 148 225 33 betänkande
1130 147 53 33 Nr
1214 148 50 31 59.
1544 146 19 32 3

101 226 52 32 Ur
173 226 205 38 principiell
400 226 184 37 synpunkt
604 226 183 32 förefaller
808 236 44 21 en
873 226 101 37 dylik
995 226 131 36 åtgärd
1146 225 205 37 berättigad
1369 226 39 31 så
1430 225 57 31 till
1508 225 96 35 vida,

101 279 55 31 att
176 279 211 36 därigenom
409 279 67 31 den
498 277 198 33 åtskillnad
716 278 12 31 i
752 277 280 38 tullhänseende,
1055 287 74 22 som
1152 276 228 32 beträffande
1403 277 116 32 andra
1543 276 61 36 dy-

103 330 73 32 lika
195 330 156 32 artiklar
373 332 102 35 göres
497 330 66 31 allt
585 330 169 30 eftersom
777 330 41 31 de
840 331 62 29 äro
925 329 249 32 »bearbetade»
1196 328 85 32 eller
1305 328 95 32 »icke
1422 328 182 32 bearbeta-

103 383 71 36 de»,
196 384 93 29 även
309 382 155 31 kommer
486 383 55 30 att
563 381 97 37 gälla
682 381 228 32 beträffande
931 391 51 21 nu
1004 380 282 37 ifrågavarande
1309 380 171 32 rördelar.
1522 380 83 31 Med

102 434 174 32 avseende
295 434 90 31 härå
403 434 59 31 må
482 436 160 34 nämnas,
664 434 52 30 att
738 433 101 36 dylik
857 432 197 32 åtskillnad
1074 432 106 32 också
1200 434 101 34 göres
1321 432 114 37 enligt
1455 432 149 32 bestäm-

102 487 176 31 melserna
298 486 13 31 i
332 486 92 31 flera
443 486 115 31 andra
577 485 143 32 länders
741 484 182 32 tulltaxor.

141 538 51 31 De
216 538 194 36 tullsatser,
432 547 75 22 som
529 537 65 32 vid
617 537 190 36 förslagets
828 537 278 36 genomförande
1130 536 113 32 skulle
1266 536 141 32 komma
1431 537 56 30 att
1508 536 97 37 gälla

103 590 56 31 för
177 590 283 37 ifrågavarande
478 590 172 36 rördelar,
669 589 181 36 nämligen
869 589 28 37 8,
917 589 38 31 10
975 589 66 32 och
1061 589 38 30 12
1118 589 130 31 kronor
1269 599 62 26 per
1350 589 59 30 100
1427 588 179 37 kilogram

103 643 55 31 för
178 642 77 31 icke
275 642 211 32 bearbetade
506 643 95 30 samt
620 642 48 36 12,
687 641 38 31 15
744 641 65 31 och
827 641 39 31 20
881 641 131 31 kronor
1032 650 62 27 per
1114 641 57 31 100
1191 640 179 37 kilogram
1389 641 56 30 för
1464 640 142 32 bearbe-

103 693 91 38 tade,
217 694 101 32 torde
339 694 13 31 i
376 693 218 37 genomsnitt
615 694 99 35 taget
736 693 143 31 komma
901 694 54 31 att
978 693 182 31 motsvara
1184 693 37 30 15
1244 693 146 35 procent
1411 702 46 21 av
1478 691 128 32 medel-

104 746 111 36 priset
244 746 56 31 för
329 745 185 37 importen.
563 744 77 32 Mot
669 745 100 32 dessa
799 744 182 32 tullsatser
1008 744 66 31 har
1104 744 173 32 utskottet
1306 743 76 32 icke
1412 744 111 36 något
1553 744 53 30 att

104 797 129 32 erinra.

143 849 185 32 Utskottet
346 849 66 31 har
433 849 200 31 emellertid
652 848 57 32 till
730 848 230 32 undvikande
982 858 46 22 av
1049 850 51 30 ett
1120 848 212 32 tidsödande
1354 847 253 37 sorteringsar-

104 902 77 31 bete
197 902 65 31 vid
281 901 283 36 tulltaxeringen
582 901 118 32 ansett
719 900 168 37 lämpligt
904 901 64 36 att,
988 900 13 31 i
1021 900 114 32 likhet
1153 901 82 31 med
1255 900 71 32 vad
1345 910 75 22 som
1439 900 95 32 skett
1552 900 55 31 be-

104 954 185 32 träffande
313 953 98 32 vissa
438 953 114 32 andra
579 953 181 36 varuslag,
787 953 13 31 i
827 952 181 32 tulltaxan
1035 952 140 37 intages
1202 951 245 32 bestämmelse
1471 951 136 36 därom,

104 1007 64 36 att,
188 1006 123 31 därest
332 1006 50 31 ett
404 1005 66 32 och
491 1015 138 22 samma
648 1004 87 32 kolli
757 1004 198 32 innehåller
978 1004 162 32 rördelar
1163 1014 47 21 av
1232 1004 175 32 smidbart
1430 1004 93 36 järn,
1545 1013 62 22 un-

105 1057 212 32 derkastade
339 1057 96 31 olika
458 1056 194 37 tullsatser,
673 1057 69 31 den
764 1056 128 37 högsta
912 1056 190 31 tullsatsen
1126 1055 92 32 skall
1242 1055 183 37 tillämpas
1448 1056 56 30 för
1527 1054 81 32 hela

105 1109 206 32 innehållet.
357 1108 85 32 Man
467 1109 101 31 torde
593 1109 123 30 kunna
738 1108 172 37 påräkna,
935 1108 55 31 att
1015 1118 44 21 en
1084 1108 114 31 sådan
1222 1107 245 32 bestämmelse
1493 1107 115 32 skulle

104 1160 95 32 hava
222 1161 58 32 till
304 1160 100 37 följd,
428 1161 55 30 att
508 1161 212 36 exportören
743 1160 213 31 verkställer
982 1159 285 36 förpackningen
1291 1169 46 21 av
1360 1158 96 33 olika
1483 1157 125 33 tullbe-

105 1213 164 32 skattade
292 1212 161 32 rördelar
473 1213 13 30 i
508 1212 120 32 skilda
649 1211 96 32 kolli.
786 1211 125 37 Enligt
932 1211 73 32 vad
1027 1211 175 31 utskottet
1225 1210 180 32 inhämtat
1427 1210 181 37 iakttages

104 1265 63 32 vid
193 1264 350 37 exportsändningar
571 1264 83 31 från
678 1263 226 31 härvarande
932 1263 141 36 företag
1100 1271 189 28 noggrann
1316 1261 219 33 särskillnad
1562 1272 46 21 av

106 1317 96 31 olika
225 1316 98 37 slags
345 1316 161 31 rördelar
531 1316 86 31 från
640 1315 181 32 varandra
845 1315 64 31 och
934 1313 287 38 förpackningen
1245 1314 80 31 sker
1350 1316 92 29 även
1465 1313 107 33 alltid
1595 1313 13 31 i

106 1368 158 37 enlighet
285 1368 81 32 med
383 1368 176 36 köparens
580 1366 270 32 instruktioner.
871 1366 130 37 Någon
1021 1365 189 37 olägenhet
1231 1366 56 31 för
1308 1366 179 37 importen
1507 1365 102 32 torde

106 1420 153 32 sålunda
281 1420 33 36 ej
337 1420 130 36 uppstå
488 1430 45 20 av
554 1429 45 21 en
617 1419 114 31 sådan
751 1418 256 36 bestämmelse,
1029 1427 75 22 som
1125 1427 93 22 ovan
1240 1419 148 35 antytts.
1430 1417 178 31 Anmärk-

105 1471 134 37 ningen
259 1480 106 28 synes
384 1470 196 37 lämpligen
600 1470 132 36 kunna,
753 1469 195 32 betecknad
971 1470 81 31 med
1073 1479 44 21 nr
1137 1470 28 35 2,
1186 1469 143 37 intagas
1350 1469 91 31 efter
1460 1470 70 31 den
1549 1469 63 32 vid

105 1514 161 41 nummer
290 1523 58 31 895
370 1523 12 31 i
407 1523 167 36 gällande
596 1521 156 31 tulltaxa
776 1521 288 31 förekommande
1088 1520 296 38 anmärkningen,
1408 1521 123 31 vilken
1556 1522 51 31 så-

105 1576 111 31 lunda
232 1575 115 31 skulle
364 1575 38 31 få
418 1583 163 22 nummer
598 1574 28 30 1.

145 1627 122 31 Under
287 1626 223 36 åberopande
531 1635 46 21 av
595 1625 71 31 vad
687 1625 151 31 sålunda
858 1624 140 31 anförts
1020 1624 57 31 får
1099 1624 173 31 utskottet
1292 1623 199 37 hemställa,

547 1704 55 30 att
621 1703 193 36 riksdagen
835 1704 109 30 måtte

546 1754 32 36 1)
600 1755 80 31 med
701 1754 105 32 bifall
829 1754 55 32 till
904 1754 181 31 motionen
1106 1753 52 31 IT:
1173 1754 58 31 202
1252 1764 45 21 av
1318 1753 82 32 herr
1423 1753 185 37 Nylander

507 1807 148 36 besluta,
679 1807 53 30 att
756 1816 43 21 nr
822 1806 58 31 786
904 1806 12 30 i
939 1805 168 37 gällande
1130 1804 156 32 tulltaxa
1309 1805 93 31 skall
1424 1805 96 31 hava
1545 1804 63 32 föl-

507 1858 109 37 jande
632 1858 157 31 ändrade
809 1857 147 37 lydelse:

1501 1925 59 23 Tull

1451 1961 40 22 för
1512 1962 48 22 100
1580 1960 33 29 kg

1482 1995 96 23 kronor

509 2039 61 31 786
617 2037 186 38 Cylindrar
826 2038 54 30 för
902 2037 170 32 förtätade
1096 2046 98 28 gaser
1221 2062 35 4 ....
1275 2062 113 4 .........
1415 2037 31 32 N
1516 2037 30 32 9:
1561 2047 51 26 —;

548 2108 32 36 2)
605 2108 12 31 i
636 2108 194 36 anledning
850 2118 45 20 av
913 2117 137 22 samma
1068 2107 134 31 motion
1220 2107 148 37 besluta,
1387 2108 54 30 att
1460 2108 67 31 den
1547 2117 62 21 un-

506 2161 65 31 der
588 2170 42 21 nr
649 2160 57 31 895
724 2160 12 30 i
755 2159 166 37 gällande
938 2158 157 32 tulltaxa
1114 2158 192 37 befintliga
1322 2158 287 37 anmärkningen

508 2212 93 31 skall
618 2211 188 32 betecknas
823 2211 80 31 med
921 2211 18 29 1
956 2210 66 31 och
1036 2211 55 30 att
1107 2210 218 31 omedelbart
1342 2210 158 31 därefter
1517 2209 92 33 skall

509 2263 102 35 fogas
630 2272 43 21 en
692 2272 59 26 ny,
769 2262 80 31 med
868 2262 18 29 2
904 2261 197 31 betecknad
1121 2261 240 36 anmärkning
1382 2271 45 21 av
1448 2261 160 37 följande

508 2313 148 37 lydelse:

543 2366 81 23 Anm.
641 2366 23 23 2.
691 2365 100 24 Därest
808 2367 38 22 ett
864 2365 53 24 och
933 2371 110 17 samma
1062 2364 68 24 kolli
1150 2363 157 25 innehåller
1325 2364 127 24 rördelar
1471 2371 34 17 av
1524 2364 85 25 smid-

508 2409 63 24 bart
599 2408 73 31 järn,
700 2407 210 25 underkastade
938 2407 76 24 olika
1043 2406 183 32 tullavgifter,
1256 2406 141 32 tillämpas
1426 2407 54 24 den
1510 2407 100 31 högsta

509 2452 147 24 tullsatsen
679 2452 44 23 för
745 2451 63 24 hela
831 2449 160 26 innehållet.
