1918 2852
324 150 212 29 Sammansatt
564 150 201 35 bevillnings-
791 150 57 29 och
872 151 99 28 andra
996 150 190 35 lagutskotts
1211 149 161 30 utlåtande
1401 149 46 28 Nr
1464 153 27 26 3.
1604 148 36 30 11

177 236 376 40 Bevillningsutskottet
578 237 58 32 vid
665 238 83 31 1928
776 238 54 31 års
858 236 139 39 riksdag
1024 237 62 32 har
1111 237 12 31 i
1152 237 59 32 sitt
1237 236 206 32 betänkande
1470 236 170 38 angående

131 288 223 38 upphävande
381 300 42 20 av
451 288 155 32 förbudet
634 292 68 28 mot
728 287 208 38 tillsättning
962 299 43 20 av
1033 287 154 32 sackarin
1215 287 53 32 till
1296 286 192 38 maltdryck
1515 286 127 32 erinrat

131 350 51 20 om
206 339 65 33 vad
292 350 68 21 som
381 338 145 38 tidigare
549 337 213 33 förekommit
784 338 10 31 i
818 338 135 31 ärendet
975 341 86 29 samt
1084 337 148 32 därefter
1254 337 114 32 anfört
1391 336 162 38 följande:

179 415 16 16 »
201 401 115 33 Såsom
337 413 42 20 av
400 401 61 32 den
481 400 153 32 lämnade
655 399 229 38 redogörelsen
905 398 92 32 torde
1019 398 135 37 framgå
1175 397 60 32 har
1257 400 136 29 strävan
1416 399 49 28 att
1486 398 154 35 upprätt-

134 444 91 33 hålla
256 443 289 38 maltdryckernas
578 442 143 32 kvalitet
752 442 11 31 i
796 441 144 32 främsta
971 444 143 28 rummet
1147 439 160 32 föranlett
1339 438 145 32 rådande
1518 437 123 32 förbud

132 490 69 28 mot
222 486 214 38 användning
458 497 41 20 av
522 485 155 32 sackarin
700 484 57 32 vid
780 483 219 38 tillverkning
1021 495 42 19 av
1086 482 126 32 sådana
1235 481 143 39 drycker
1400 481 60 32 och
1482 484 67 28 mot
1574 480 66 31 för-

131 529 151 38 säljning
305 540 42 20 av
371 527 239 38 maltdrycker,
637 539 68 20 som
731 531 56 28 äro
814 526 144 32 försatta
983 526 73 31 med
1083 525 165 32 sackarin.
1297 524 65 31 Det
1388 524 59 31 har
1473 523 167 37 nämligen

131 571 147 38 tidigare
298 570 138 33 särskilt
455 582 39 19 ur
513 568 373 40 nykterhetssynpunkt
906 571 126 29 ansetts
1053 567 187 38 angeläget,
1261 570 50 28 att
1331 565 217 38 svagdrickat
1568 565 72 32 icke

133 613 226 32 försämrades
383 613 10 31 i
418 612 93 32 smak
535 612 80 32 eller
639 611 241 38 näringsvärde
904 623 116 26 genom
1045 610 207 37 tillsättning
1276 621 41 20 av
1342 608 165 32 sackarin.

177 656 100 31 Efter
301 655 53 32 det
377 655 143 32 nämnda
544 654 121 32 förbud
691 654 121 31 införts
837 653 86 32 hava
947 652 184 32 emellertid
1155 652 90 31 vissa
1270 651 182 38 ändringar
1475 650 165 38 vidtagits

133 698 11 31 i
170 697 261 38 lagstiftningen
457 697 138 31 rörande
622 696 220 37 tillverkning
869 696 59 31 och
955 695 216 37 beskattning
1198 706 41 20 av
1266 693 228 38 maltdrycker
1521 705 41 19 av
1589 693 51 31 be-

133 740 197 32 skaffenhet
356 743 50 28 att
431 739 138 32 inverka
595 739 44 38 på
665 738 262 38 ifrågavarande
955 737 175 38 spörsmål.
1181 736 148 32 Sålunda
1356 736 60 31 har
1442 736 11 31 i
1481 735 160 32 samband

134 783 75 31 med
228 783 38 32 de
284 783 37 31 år
340 783 83 32 1923
443 782 176 37 företagna
638 781 228 38 ändringarna
883 780 11 31 i
914 780 105 32 denna
1037 779 220 38 lagstiftning
1276 777 184 33 fastställts
1480 789 39 20 en
1537 777 104 32 undre

132 829 103 34 gräns
255 825 52 31 för
326 823 307 38 stamvörtstyrkan
652 824 58 31 hos
729 822 238 38 maltdrycker,
988 822 36 32 så
1043 825 51 28 att
1112 833 135 20 numera
1267 821 54 32 till
1342 820 201 38 svagdricka
1562 820 79 31 hän-

134 868 93 31 föras
252 867 228 38 maltdrycker
503 866 74 32 med
602 878 38 20 en
667 866 120 37 högsta
812 864 207 33 alkoholhalt
1045 877 41 19 av
1113 866 48 30 1.8
1184 864 212 38 viktprocent
1420 863 59 31 och
1504 862 73 32 med
1602 874 40 19 en

135 909 284 38 stamvörtstyrka
443 921 42 20 av
509 909 91 37 lägst
625 911 19 30 4
669 908 59 32 och
753 908 99 37 högst
879 910 17 30 6
921 911 146 34 procent.
1116 906 173 32 Utskottet
1312 906 61 31 vill
1398 905 114 32 vidare
1539 905 101 31 fram-

133 952 102 38 hålla,
258 955 50 29 att
331 952 88 31 årets
443 951 140 38 riksdag
606 950 130 32 bifallit
760 950 128 37 Kungl.
912 949 119 38 Maj:ts
1055 949 206 38 proposition
1285 960 39 20 nr
1349 950 40 31 36
1413 948 73 31 med
1511 947 131 37 förslag

133 995 53 31 till
216 995 91 31 vissa
339 994 182 37 ändringar
550 994 11 31 i
593 991 703 39 maltdryckstillverkningsförordningen,
1328 990 223 32 innebärande
1583 989 58 32 hu-

132 1036 223 38 vudsakligen
378 1040 50 28 att
451 1036 53 31 till
527 1035 193 38 maltdryck
744 1047 41 19 av
809 1035 108 31 första
939 1034 135 31 klassen
1100 1033 87 33 skall
1211 1033 160 32 hänföras
1394 1032 126 38 jämväl
1544 1032 97 32 malt-

132 1079 128 32 dricka.
308 1079 75 31 Med
408 1077 202 33 maltdricka
636 1077 124 32 förstås
788 1077 103 32 sådan
917 1076 203 38 maltdryck,
1147 1088 68 19 som
1241 1075 29 38 ej
1295 1075 185 32 innehåller
1505 1086 69 20 mer
1600 1079 41 26 än

133 1122 49 31 1.8
205 1121 211 38 viktprocent
440 1120 210 32 alkoholhalt
673 1120 60 31 och
756 1124 81 33 äger
860 1131 37 20 en
922 1118 219 38 extrakthalt,
1168 1117 232 39 överstigande
1427 1119 17 31 6
1470 1129 72 19 men
1568 1116 72 32 icke

133 1165 70 31 10.5
223 1167 146 35 procent,
391 1167 86 28 samt
496 1162 58 32 vid
575 1161 261 38 tillverkningen
858 1161 180 37 undergått
1060 1160 104 32 sådan
1187 1160 146 32 särskild
1355 1159 213 38 behandling,
1592 1162 50 28 att

132 1205 249 33 alkoholhalten
404 1205 10 31 i
438 1204 146 39 drycken
607 1204 73 32 icke
701 1204 66 31 kan
790 1204 168 37 överstiga
982 1203 60 32 den
1067 1203 53 31 för
1143 1202 191 38 maltdryck
1358 1214 41 20 av
1422 1202 107 31 första
1552 1201 89 32 klas-

133 1260 56 20 sen
208 1247 196 33 fastställda
422 1252 143 33 gränsen
582 1259 42 19 av
643 1249 47 30 1.8
708 1246 221 38 viktprocent.

178 1289 124 33 Genom
324 1293 51 28 att
395 1301 39 20 en
455 1289 104 32 undre
581 1294 102 33 gräns
707 1288 184 32 fastställts
915 1288 53 32 för
991 1287 306 38 stamvörtstyrkan
1320 1287 58 32 hos
1401 1286 239 38 maltdrycker,

131 1333 62 31 har
219 1332 215 38 möjligheten
462 1335 50 29 att
539 1343 117 26 genom
685 1330 207 38 tillsättning
920 1343 41 19 av
990 1330 155 33 sackarin
1174 1329 183 32 inskränka
1385 1328 256 38 användningen

131 1387 43 20 av
192 1375 82 32 malt
291 1374 58 32 vid
367 1374 219 38 tillverkning
605 1386 41 20 av
665 1373 202 38 svagdricka
887 1376 155 28 avsevärt
1060 1372 180 32 beskurits.
1281 1372 67 31 Det
1368 1371 168 32 särskilda
1557 1370 84 37 skäl,

132 1429 70 20 som
228 1416 144 38 tidigare
399 1416 176 38 åberopats
602 1416 54 31 till
683 1416 130 31 förmån
842 1416 52 30 för
920 1419 47 28 ett
994 1414 280 32 sackarinförbud
1301 1414 11 31 i
1340 1414 99 37 fråga
1467 1425 50 20 om
1545 1413 96 32 malt-

130 1458 155 39 drycker,
315 1459 61 31 har
405 1458 192 38 därigenom
627 1457 141 32 förlorat
799 1457 50 32 sin
878 1457 169 37 egentliga
1076 1456 171 38 betydelse
1278 1456 103 32 såvitt
1411 1456 105 37 angår
1545 1467 96 26 svag-

130 1501 129 32 dricka.

179 1542 324 38 Kontrollstyrelsen
529 1542 63 32 har
619 1542 12 31 i
659 1542 59 32 sitt
746 1541 230 32 ovannämnda
1003 1541 159 38 yttrande
1191 1540 166 33 förklarat
1385 1540 52 37 sig
1464 1540 72 32 icke
1565 1551 78 20 anse

133 1585 123 38 frågan
285 1596 51 21 om
365 1585 143 37 ändring
534 1585 12 31 i
575 1584 156 32 förbudet
758 1588 67 27 mot
853 1583 215 38 användning
1097 1595 43 20 av
1169 1583 153 32 sackarin
1350 1583 87 31 inom
1468 1582 174 38 bryggeri-

134 1628 186 32 industrien
347 1627 80 33 böra
456 1627 53 32 för
536 1627 208 32 närvarande
771 1629 180 35 upptagas.
1002 1625 117 33 Såsom
1148 1625 74 32 skäl
1249 1625 118 33 härför
1393 1625 62 32 har
1481 1624 160 33 kontroll-

132 1669 164 38 styrelsen
328 1669 123 32 främst
481 1669 125 38 anfört,
639 1672 50 28 att
721 1669 196 38 spörsmålet
947 1668 11 32 i
989 1668 169 38 väsentlig
1189 1668 83 38 grad
1303 1680 76 20 vore
1411 1668 158 31 beroende
1602 1679 42 20 av

133 1712 62 32 den
225 1712 172 38 ställning,
430 1711 262 33 statsmakterna
720 1711 130 32 komme
880 1715 49 28 att
959 1711 118 38 intaga
1106 1711 54 32 till
1191 1711 123 37 frågan
1342 1722 51 20 om
1423 1710 221 37 tillverkning

133 1755 61 31 och
222 1754 202 38 försäljning
451 1766 42 20 av
521 1754 289 38 sackarinhaltiga
836 1754 151 37 närings-
1016 1753 60 32 och
1103 1753 281 38 njutningsmedel
1411 1753 12 31 i
1449 1752 194 32 allmänhet.

135 1797 198 32 Emellertid
355 1809 102 27 synas
479 1796 171 38 knappast
672 1796 145 32 utsikter
839 1796 188 33 förefinnas
1051 1796 55 32 för
1129 1796 105 32 denna
1257 1796 117 37 frågas
1398 1795 132 38 lösning
1553 1794 88 32 inom

134 1851 38 20 en
198 1839 241 38 näraliggande
467 1839 152 32 framtid.
669 1839 173 32 Utskottet
867 1839 60 31 vill
952 1839 11 31 i
988 1839 91 31 detta
1105 1838 240 37 sammanhang
1370 1838 109 31 erinra
1505 1849 62 24 om,
1593 1841 50 28 att

132 1881 11 30 i
176 1882 161 31 motioner
370 1881 57 32 vid
458 1881 89 32 årets
582 1880 138 38 riksdag
754 1880 200 38 hemställts,
989 1884 50 28 att
1074 1880 178 37 riksdagen
1285 1881 103 30 måtte
1422 1880 58 32 hos
1514 1879 128 37 Kungl.

132 1923 103 37 Maj:t
267 1923 134 38 begära,
434 1927 51 28 att
518 1926 48 28 ett
588 1935 42 19 av
653 1934 39 20 en
715 1924 37 30 år
777 1923 84 31 1916
884 1922 124 32 tillsatt
1029 1922 174 32 kommitté
1224 1922 170 31 utarbetat
1416 1922 59 31 och
1497 1922 38 31 år
1558 1923 83 30 1921

135 1965 164 38 framlagt
315 1965 130 38 förslag
461 1965 171 37 angående
649 1964 157 38 enhetlig,
823 1964 165 38 utvidgad
1005 1964 413 37 livsmedelslagstiftning
1433 1964 104 31 måtte
1555 1963 87 32 efter

133 2007 146 32 slutförd
303 2007 209 38 granskning
536 2007 195 37 föreläggas
756 2006 189 37 riksdagen,
969 2018 73 19 men
1067 2010 51 28 att
1142 2007 202 31 motionerna
1367 2006 97 33 blivit
1487 2018 42 19 av
1551 2006 91 31 kam-

134 2061 97 20 rarna
253 2049 173 37 avslagna.
472 2048 76 32 Som
570 2061 38 20 en
630 2049 176 37 olägenhet
828 2049 61 31 vill
910 2048 165 32 utskottet
1097 2048 191 37 framhålla,
1311 2052 51 28 att
1384 2048 155 32 förbudet
1559 2048 8 31 i
1592 2048 50 32 sin

132 2092 192 31 nuvarande
353 2092 86 32 form
465 2091 73 33 icke
565 2091 130 32 kunnat
723 2091 261 38 upprätthållas.
1035 2091 49 32 På
1112 2094 68 28 sätt
1208 2090 94 32 såväl
1329 2090 312 37 kontrollstyrelsen

133 2145 67 20 som
220 2134 243 32 motionärerna
482 2133 191 33 framhållit
690 2133 113 38 brytes
823 2133 213 38 synnerligen
1056 2133 72 31 ofta
1148 2137 66 28 mot
1234 2133 192 36 detsamma,
1446 2133 196 32 understun-

133 2176 72 31 dom
229 2180 79 27 utan
332 2175 234 32 tillverkarens
591 2187 81 26 egen
697 2175 201 38 förskyllan.
945 2176 74 31 Med
1043 2175 130 36 hänsyn
1197 2175 52 31 till
1274 2175 54 31 det
1351 2187 42 19 nu
1418 2175 141 31 anförda
1582 2175 62 31 har

132 2218 164 32 utskottet
310 2222 109 28 ansett
433 2218 231 37 övervägande
679 2217 74 32 skäl
767 2218 70 31 tala
855 2218 51 30 för
921 2222 50 27 att
987 2217 313 33 sackarinförbudet
1317 2217 213 31 beträffande
1547 2229 95 25 svag-

132 2260 116 32 dricka
270 2260 185 37 upphäves.
500 2260 62 31 Ett
584 2259 221 38 upphävande
829 2272 42 18 av
893 2260 90 31 detta
1006 2259 121 31 förbud
1150 2259 91 31 torde
1263 2259 183 31 emellertid
1469 2259 71 31 icke
1564 2259 78 31 böra

131 2302 70 37 ske,
222 2306 79 27 utan
324 2306 51 28 att
396 2314 37 19 en
456 2302 179 31 föreskrift
655 2302 126 31 införes
803 2313 50 19 om
876 2301 196 37 skyldighet
1094 2301 53 31 för
1168 2301 194 31 tillverkare
1383 2301 59 31 och
1465 2301 177 36 försäljare

131 2349 52 27 att
205 2346 18 30 å
246 2344 84 36 kärl,
354 2344 72 31 vari
450 2343 282 37 sackarinhaltigt
756 2343 200 37 svagdricka
979 2343 284 37 tillhandahålles,
1286 2342 166 37 utmärka,
1476 2347 48 27 att
1547 2344 95 36 dryc-

132 2386 64 32 ken
218 2386 183 31 innehåller
423 2385 165 31 sackarin.
633 2385 199 37 Lämpligen
855 2385 97 31 borde
974 2385 10 30 i
1008 2384 160 32 samband
1191 2385 135 31 härmed
1349 2397 38 18 en
1411 2385 231 31 motsvarande

133 2427 230 33 bestämmelse
384 2428 128 31 införas
535 2427 215 31 beträffande
773 2426 239 38 läskedrycker
1035 2427 59 31 och
1116 2427 133 31 därmed
1272 2426 194 37 jämförliga
1491 2426 153 38 drycker.
