1846 2774
272 173 41 29 28
630 176 451 33 Konstitutionsutskottets
1102 180 179 31 utlåtande
1301 191 43 19 nr
1362 182 30 29 3.

272 251 133 41 Droops
429 255 117 29 metod
569 264 82 21 vara
675 265 42 20 ur
740 256 266 39 betydelsefulla
1030 259 217 39 synpunkter
1270 260 202 39 överlägsen
1496 262 109 29 andra
1628 262 129 39 ifråga-

272 308 89 28 satta
383 308 223 35 valmetoder,
630 318 82 20 men
735 310 45 39 på
803 310 148 31 anförda
976 312 75 30 skäl
1075 312 113 30 tillika
1213 312 180 36 förklarat,
1419 316 50 28 att
1493 314 41 30 de
1559 317 196 37 accepterat

271 359 65 29 vad
357 360 233 40 utredningen
610 362 119 29 anfört
750 363 11 29 i
781 364 282 39 valsättsfrågan.

842 505 337 42 Remissyttrandena.

313 580 50 30 Av
386 581 42 30 de
453 581 40 30 47
519 582 309 37 remissinstanser,
854 594 75 21 som
954 586 126 38 avgivit
1103 587 188 38 yttranden
1314 588 80 29 över
1419 588 246 36 betänkandet,
1689 590 66 29 har

270 635 48 28 ett
338 634 107 30 30-tal
467 635 167 40 tillstyrkt
655 638 251 39 utredningens
928 639 140 39 förslag,
1089 640 12 29 i
1121 640 67 29 vad
1209 640 57 30 det
1287 650 98 20 avser
1408 642 346 40 valkretsindelning,

268 686 81 30 eller
371 687 136 31 lämnat
529 688 193 31 detsamma
746 692 84 28 utan
852 691 152 30 erinran.

316 739 154 31 Svenska
492 741 384 41 landstingsförbundet
898 745 66 29 har
986 745 50 29 till
1060 746 66 29 alla
1149 746 96 29 delar
1267 747 121 30 biträtt
1412 748 250 39 utredningens
1685 749 72 30 för-

270 792 80 39 slag.
370 794 116 39 Några
506 793 252 41 länsstyrelser,
780 806 73 20 som
872 797 77 30 icke
969 798 90 30 velat
1078 800 167 29 motsätta
1265 799 50 40 sig
1335 800 205 35 detsamma,
1561 801 44 30 ha
1626 802 129 39 ifråga-

269 846 67 28 satt
356 855 43 20 en
420 856 97 21 mera
537 848 134 29 radikal
692 848 416 42 indelningsförändring.

310 898 71 30 Två
399 898 177 42 landsting
594 901 45 29 ha
657 901 96 30 ställt
772 902 50 39 sig
839 902 72 30 helt
929 904 233 38 avstyrkande
1181 905 52 29 till
1253 906 250 39 utredningens
1521 907 141 39 förslag.

310 951 12 29 I
345 952 109 39 några
475 954 186 38 yttranden
683 955 162 39 påyrkas,
868 958 50 28 att
940 957 381 40 valkretsindelningen
1343 959 90 30 skall
1457 960 114 39 slopas
1594 961 83 29 eller
1700 962 51 28 att

268 1005 296 39 maximigränsen
585 1007 53 29 för
659 1008 153 30 valkrets
835 1010 131 29 storlek
989 1010 88 30 skall
1097 1011 178 39 borttagas
1297 1012 82 29 eller
1400 1013 113 38 höjas.

309 1057 70 31 Två
403 1058 178 40 landsting
602 1060 45 29 ha
669 1060 114 39 yrkat,
807 1063 49 28 att
881 1061 368 32 särbestämmelserna
1272 1064 54 30 för
1350 1065 163 30 städerna
1538 1066 98 30 skola
1658 1067 93 29 bort-

265 1111 105 37 tagas,
392 1111 39 29 så
450 1114 51 27 att
522 1112 74 30 stad
616 1113 65 29 och
700 1112 193 41 landsbygd
912 1114 93 31 bliva
1024 1115 178 31 likställda
1221 1117 11 29 i
1251 1117 408 39 indelningshänseende.

311 1162 227 32 Beträffande
564 1165 217 31 valmetoden
806 1167 45 29 ha
876 1168 82 29 över
983 1169 115 29 trettio
1124 1169 302 31 remissinstanser
1452 1171 145 30 anslutit
1624 1172 50 39 sig
1700 1172 52 30 till

264 1215 251 40 utredningens
544 1218 227 39 ståndpunkt,
799 1221 55 28 att.
877 1220 119 39 slutlig
1024 1221 163 40 ställning
1215 1222 51 30 till
1294 1222 124 40 frågan
1445 1233 57 20 om
1529 1225 220 29 valmetoden

264 1267 104 30 borde
392 1270 100 37 tagas
517 1270 86 30 först
634 1271 4 29 i
664 1272 169 30 samband
857 1273 80 29 med
962 1274 67 29 den
1053 1274 182 31 definitiva
1260 1275 264 40 utformningen
1548 1286 42 21 av
1613 1278 137 29 valord-

267 1320 127 39 ningen
419 1322 56 30 för
500 1322 382 38 andrakammarvalen,
908 1326 84 29 eller
1016 1327 127 30 avstått
1167 1327 81 30 från
1271 1329 161 38 yttrande
1457 1330 12 28 i
1493 1330 123 38 frågan
1641 1331 112 29 under

266 1373 210 41 hänvisning
495 1376 52 29 till
565 1378 49 28 att
633 1377 231 39 utredningen
883 1378 77 30 icke
980 1379 162 40 framlagt
1161 1380 105 39 något
1285 1381 140 40 förslag.
1445 1382 13 29 I
1478 1383 191 30 allmänhet
1687 1384 65 29 har

262 1425 118 31 vikten
402 1436 44 21 av
467 1430 51 28 att
540 1437 132 22 samma
693 1429 188 40 valsystem
902 1440 82 21 vore
1006 1432 158 39 gällande
1186 1433 55 30 för
1262 1433 252 40 landstingsval
1536 1436 65 29 och
1623 1436 125 29 andra-

262 1479 218 31 kammarval
501 1482 261 31 understrukits
781 1493 42 20 av
840 1485 80 29 dem
940 1494 76 21 som
1035 1485 120 31 biträtt
1175 1487 250 39 utredningens
1446 1488 228 40 ståndpunkt.
1695 1489 54 29 En

262 1533 225 39 länsstyrelse
513 1535 11 28 i
549 1535 113 31 denna
688 1544 112 32 grupp
826 1538 64 29 har
918 1538 157 30 förordat
1101 1539 116 39 någon
1243 1549 41 20 av
1310 1540 41 30 de
1377 1540 166 39 jämkade
1570 1542 179 30 uddatals-

263 1587 203 31 metoderna
492 1588 13 29 I
530 1589 63 29 och
619 1589 39 29 II.

307 1640 51 29 En
382 1649 121 21 annan
525 1642 223 39 länsstyrelse
771 1644 63 29 har
857 1644 183 35 förklarat,
1064 1647 49 28 att
1136 1646 80 29 med
1240 1646 264 40 utgångspunkt
1528 1648 79 29 från
1631 1650 51 28 att
1704 1658 44 20 en

263 1692 107 30 sådan
399 1694 176 30 valmetod
603 1695 107 30 borde
740 1696 111 39 väljas
882 1706 76 20 som
988 1707 79 21 vore
1097 1698 246 40 lättförståelig
1373 1701 88 28 även
1492 1700 53 30 för
1575 1701 173 39 väljarna,

262 1746 67 29 den
355 1756 84 20 rena
468 1747 326 31 uddatalsmetoden
820 1759 80 20 vore
930 1752 51 28 att
1010 1751 192 39 föredraga.

306 1799 136 40 Droops
466 1801 116 29 metod
605 1802 64 29 har
695 1801 174 32 förordats
894 1813 43 20 av
961 1813 44 20 en
1027 1804 234 39 länsstyrelse.

306 1852 71 29 Två
399 1852 178 40 landsting
599 1853 45 30 ha
666 1855 159 38 avstyrkt
847 1855 150 40 ändring
1019 1865 41 21 av
1082 1857 159 38 gällande
1263 1858 184 30 valmetod.

305 1904 114 39 Några
447 1904 242 41 länsstyrelser
718 1907 45 29 ha
793 1907 162 40 slutligen
984 1909 124 30 uttalat
1137 1910 50 39 sig
1216 1910 55 30 för
1298 1912 224 39 användning
1550 1922 42 20 av
1619 1913 130 39 utjäm-

262 1956 245 40 ningssystem.

303 2011 137 39 Frågan
467 2021 57 20 om
550 2013 173 30 valmetod
751 2014 54 29 för
831 2014 40 30 de
898 2015 228 30 kommunala
1152 2016 304 40 fullmäktigvalen
1483 2019 63 29 har
1572 2019 135 30 berörts
1734 2019 11 29 i

259 2062 106 39 några
385 2064 200 38 yttranden.
606 2065 66 30 Tre
694 2065 245 40 länsstyrelser
960 2068 65 29 och
1046 2070 47 28 ett
1114 2068 178 40 landsting
1313 2070 44 29 ha
1380 2070 148 30 sålunda
1550 2071 195 31 framhållit

258 2116 283 31 önskvärdheten
561 2126 41 22 av
622 2120 50 28 att
696 2127 134 22 samma
849 2119 176 31 valmetod
1045 2121 140 30 komme
1206 2122 11 29 i
1237 2122 223 41 tillämpning
1480 2124 57 30 vid
1558 2125 68 29 alla
1646 2125 99 29 kom-

258 2168 142 31 munala
423 2170 56 29 val
504 2170 125 30 liksom
652 2189 46 3 —
721 2172 106 39 enligt
850 2172 436 40 länsstyrelseyttrandena
1308 2193 44 3 —
1375 2176 57 29 vid
1457 2177 289 30 andrakammar-

257 2221 108 30 valen.

871 2366 258 42 Propositionen.

304 2443 12 29 I
336 2443 99 39 fråga
454 2453 57 20 om
531 2444 377 41 valkretsindelningen
927 2447 145 30 innebär
1090 2449 281 38 propositionens
1391 2450 140 39 förslag,
1551 2453 49 27 att
1619 2452 11 28 i
1648 2452 97 39 varje

260 2495 349 40 landstingsvalkrets
627 2497 128 31 liksom
775 2498 54 30 för
847 2500 217 30 närvarande
1084 2501 88 29 skall
1192 2503 94 28 utses
1305 2502 73 30 dels
1397 2506 132 27 oavsett
1549 2504 197 40 folkmäng-
