1854 2786
444 170 451 30 Konstitutionsutskottets
917 170 179 31 utlåtande
1116 180 43 20 nr
1177 172 30 28 3.
1531 171 39 29 15

83 249 186 39 delningen
295 250 129 29 mellan
448 251 188 38 partierna.
663 251 51 28 En
740 251 144 29 därmed
911 251 346 38 sammanhängande
1283 250 182 39 möjlighet
1490 259 82 20 vore

84 303 50 27 att
157 302 205 30 kombinera
386 303 242 39 fördelningen
649 321 45 3 —
715 304 107 38 enligt
845 303 172 30 d'Hondts
1040 303 85 30 eller
1146 312 117 20 annan
1286 303 116 29 metod
1424 321 44 2 —
1490 303 79 29 med

83 358 49 27 ett
153 356 142 30 särskilt
317 357 433 39 utjämningsförfarande.

129 410 11 28 I
157 410 94 29 detta
269 411 255 38 sammanhang
540 410 191 30 behandlar
748 410 232 39 utredningen
997 410 125 39 frågan
1137 410 11 30 i
1164 410 65 30 vad
1248 410 84 29 mån
1349 419 133 20 samma
1498 410 74 29 tek-

84 463 101 29 niska
206 463 203 29 förfarande
430 464 54 29 för
505 464 206 29 mandatens
732 463 198 40 fördelning
950 464 62 29 bör
1032 463 177 40 tillämpas
1229 463 59 30 vid
1309 464 41 29 de
1372 463 112 29 skilda
1506 463 63 29 sla-

83 524 65 30 gen
167 525 41 21 av
226 516 179 30 allmänna
422 517 64 29 val.
506 517 237 39 Utredningen
763 517 203 29 framhåller
984 516 134 35 därvid,
1138 519 50 27 att
1206 518 11 28 i
1236 517 146 39 tidigare
1401 517 171 29 reformer

83 569 191 39 ådagalagd
294 571 141 28 strävan
453 573 50 27 att
522 570 174 39 uppställa
714 570 175 39 enhetliga
907 570 110 39 regler
1035 570 56 30 för
1110 570 111 30 skilda
1241 571 73 38 slag
1334 579 41 20 av
1393 570 178 29 allmänna

83 622 54 28 val
153 622 110 30 måste
279 632 102 20 anses
396 623 162 39 naturlig.
575 624 66 28 För
655 623 160 39 väljarna
831 623 116 29 kunde
964 622 149 30 framstå
1127 632 73 20 som
1218 623 278 38 svårförklarligt
1511 632 57 20 om

83 676 100 29 deras
205 677 113 28 röster
340 678 94 37 toges
457 677 10 29 i
490 677 192 38 beräkning
705 677 88 29 efter
817 677 112 29 skilda
951 676 176 40 principer
1149 677 56 29 vid
1228 676 94 29 olika
1347 676 71 39 slag
1441 685 42 21 av
1504 676 66 29 val.

83 729 308 39 Myndigheternas
416 731 116 29 arbete
558 730 116 29 kunde
701 730 105 29 också
833 730 218 30 underlättas
1076 737 124 32 genom
1226 729 214 40 enhetlighet
1465 730 11 28 i
1502 729 70 30 för-

84 782 170 30 farandet.
271 782 26 29 Å
313 784 110 29 andra
440 783 100 30 sidan
554 784 117 29 kunde
687 784 75 29 icke
778 784 134 29 bortses
929 783 80 30 från
1024 785 50 28 att
1091 782 267 31 förhållandena
1373 783 57 29 vid
1446 783 125 29 andra-

83 836 228 34 kammarval,
337 836 252 39 landstingsval
614 838 62 28 och
703 836 259 39 fullmäktigval
987 836 129 30 avveke
1140 835 80 31 från
1244 836 174 29 varandra
1442 836 11 29 i
1477 836 94 29 vissa

82 890 234 33 hänseenden,
339 890 114 29 såsom
472 891 11 28 i
504 890 98 38 fråga
622 900 56 19 om
711 889 322 40 valkretsindelning
1053 890 64 29 och
1137 889 252 34 mandatantal,
1409 890 64 28 och
1493 889 79 29 där-

83 942 55 29 för
161 943 104 29 borde
290 943 168 29 molivera
484 943 113 29 skilda
620 943 188 39 lösningar.
834 944 90 29 Utan
947 942 118 30 vidare
1089 943 97 30 torde
1211 943 90 29 dock
1325 943 106 38 enligt
1455 942 117 30 utred-

82 996 129 38 ningen
241 996 149 29 framstå
422 1006 73 19 som
526 997 92 29 klart
649 999 49 27 att
730 997 128 29 största
888 996 145 39 möjliga
1063 996 347 30 överensstämmelse
1441 996 130 29 mellan

83 1049 375 30 andrakammarvalen
482 1051 65 28 och
573 1049 297 39 landstingsvalen
896 1051 37 28 är
959 1049 187 31 önskvärd.
1171 1049 257 39 Utredningens
1454 1049 116 29 arbete

82 1102 88 29 hade
193 1103 121 29 därför
339 1103 9 28 i
373 1103 108 29 första
505 1103 95 29 hand
623 1103 164 29 inriktats
811 1103 44 39 på
877 1112 43 20 en
943 1102 273 39 undersökning,
1240 1102 175 30 huruvida
1439 1102 132 29 sådana

83 1156 153 29 metoder
263 1156 55 29 för
344 1157 207 29 mandatens
578 1156 196 39 fördelning
800 1156 129 29 mellan
953 1155 189 40 partierna,
1169 1165 75 20 som
1268 1156 141 28 komme
1434 1155 10 29 i
1471 1155 99 39 fråga

83 1209 54 29 för
156 1209 385 34 andrakammarvalen,
562 1209 187 39 lämpligen
769 1209 117 30 kunde
906 1209 106 30 vinna
1030 1208 223 40 tillämpning
1273 1210 88 28 även
1378 1208 57 30 vid
1454 1208 117 29 lands-

83 1262 158 39 tingsval.
271 1263 146 39 Hänsyn
446 1263 89 29 hade
566 1263 119 30 därvid
716 1263 92 29 måst
838 1265 98 36 tagas
966 1262 52 30 till
1048 1262 154 30 rådande
1232 1262 155 29 ovisshet
1416 1271 57 20 om
1502 1262 68 29 hur

82 1315 252 40 valordningen
366 1316 53 29 för
449 1317 100 28 valen
581 1317 49 29 till
664 1317 109 28 andra
804 1317 207 29 kammaren
1042 1315 55 30 för
1128 1315 191 30 framtiden
1348 1315 140 29 komme
1520 1317 51 27 att

82 1369 183 29 utformas.

126 1423 50 28 Av
200 1423 68 28 den
291 1422 191 30 historiska
506 1422 163 34 översikt,
696 1432 74 19 som
795 1422 234 39 utredningen
1051 1421 143 34 lämnat,
1220 1421 156 39 framgår
1399 1422 171 28 hurusom

81 1475 74 29 dels
182 1475 239 30 valkretsarna
449 1475 56 30 vid
533 1474 296 40 landstingsvalen
857 1475 50 29 tid
933 1474 88 30 efter
1048 1483 118 21 annan
1192 1474 187 29 förstorats
1405 1474 72 29 dels
1505 1474 65 29 ock

81 1529 68 28 den
174 1528 270 39 ursprungligen
469 1530 142 37 stränga
636 1528 235 29 åtskillnaden
896 1527 131 30 mellan
1051 1527 240 40 landsbygden
1316 1528 63 28 och
1407 1527 163 29 städerna

80 1580 57 29 vid
159 1580 358 39 valkretsbildningen
539 1581 79 29 med
639 1581 95 29 tiden
756 1580 243 39 uppmjukats.
1020 1580 240 38 Utredningen
1281 1580 214 33 framhåller,
1518 1581 51 28 att

81 1634 41 29 de
143 1635 201 29 nuvarande
365 1634 438 39 landstingsvalkretsarna
824 1634 107 29 skifta
950 1634 160 30 avsevärt
1127 1634 12 29 i
1158 1633 97 39 fråga
1275 1642 57 21 om
1351 1633 220 39 befolkning-

81 1697 61 20 ens
162 1688 129 29 storlek
312 1690 88 27 samt
420 1690 50 27 att
488 1688 144 30 därmed
652 1688 304 38 sammanhänger,
975 1688 52 29 att
1044 1686 131 30 antalet
1194 1687 145 29 mandat
1357 1686 11 29 i
1386 1687 184 29 kretsarna

81 1741 152 29 varierar
254 1741 178 39 betydligt,
455 1741 176 38 nämligen
652 1741 80 30 från
752 1741 90 38 lägst
863 1741 18 28 2
902 1740 52 29 till
975 1740 103 39 högst
1101 1739 49 30 13.
1172 1740 12 28 I
1207 1740 38 29 21
1269 1749 43 20 av
1332 1740 41 28 de
1396 1748 175 21 samman-

84 1794 70 37 lagt
178 1794 58 29 193
258 1795 183 28 kretsarna
463 1804 80 19 vore
566 1794 276 29 mandatantalet
865 1794 36 28 så
923 1793 70 39 lågt
1015 1794 51 28 att
1087 1793 57 29 det
1164 1793 31 38 ej
1219 1802 62 19 ens
1303 1793 186 38 uppnådde
1511 1793 57 28 det

81 1847 106 39 enligt
213 1848 240 39 huvudregeln
480 1847 164 39 stadgade
671 1846 271 30 minimiantalet
968 1846 30 30 5.
1025 1846 281 39 Uppenbarligen
1331 1855 80 21 vore
1437 1846 134 38 därige-

81 1910 81 19 nom
183 1918 45 3 —
250 1901 180 29 fortsätter
453 1900 233 39 utredningen
707 1918 44 3 —
774 1899 197 30 utsikterna
993 1900 52 28 att
1065 1899 59 30 vid
1145 1899 101 29 valen
1268 1899 132 29 erhålla
1423 1908 42 20 en
1489 1899 80 29 från

80 1953 250 39 proportionell
357 1954 178 38 synpunkt
559 1953 100 39 jämn
682 1953 198 38 fördelning
904 1962 42 19 av
968 1952 191 29 mandaten
1183 1952 139 38 mycket
1345 1952 224 37 begränsade.

80 2006 67 29 Om
173 2006 132 29 således
331 2008 84 27 utan
439 2006 118 29 vidare
582 2006 282 29 önskvärdheten
888 2015 42 20 av
953 2014 44 20 en
1020 2005 206 39 utvidgning
1251 2014 43 20 av
1317 2004 252 33 valkretsarna,

84 2060 141 28 särskilt
243 2060 41 28 de
304 2060 135 29 mindre
458 2069 41 19 av
517 2060 89 32 dem,
627 2059 94 29 stode
741 2059 87 32 klar,
849 2058 127 30 krävde
995 2058 20 30 å
1034 2058 109 29 andra
1162 2058 99 29 sidan
1282 2057 122 38 frågan
1423 2058 9 28 i
1451 2057 116 29 vilken

80 2113 212 38 omfattning
316 2113 65 28 och
406 2113 87 28 efter
516 2113 93 29 vilka
635 2112 176 38 riktlinjer
836 2122 42 19 en
902 2110 346 40 valkretsförstoring
1272 2111 106 29 borde
1404 2112 62 37 äga
1490 2120 77 19 rum

80 2175 43 19 en
144 2167 160 28 närmare
328 2165 272 39 undersökning.

124 2219 227 28 Beträffande
375 2218 223 38 riktlinjerna
623 2218 53 28 för
699 2227 43 19 en
765 2217 142 39 lämplig
930 2216 336 38 valkretsindelning
1290 2216 204 30 framhåller
1517 2218 53 27 ut-

81 2271 200 37 redningen,
307 2273 51 26 att
382 2280 81 19 man
488 2270 189 38 självfallet
700 2271 64 28 har
789 2272 50 26 att
864 2270 81 38 utgå
970 2269 80 30 från
1074 2271 50 28 att
1146 2269 241 28 valkretsarna
1413 2269 35 28 så
1474 2269 95 37 långt

80 2324 136 37 möjligt
242 2323 96 28 skola
365 2324 120 36 utgöra
511 2323 171 37 naturliga
707 2323 143 28 enheter
874 2322 78 29 med
975 2322 140 39 hänsyn
1137 2321 51 29 till
1213 2321 357 38 befolkningsförhål-

82 2376 156 33 landena,
260 2375 234 30 samfärdseln
516 2385 43 19 m.
582 2385 43 19 m.
646 2375 162 28 Framför
830 2374 60 29 allt
910 2375 8 28 i
940 2374 58 29 två
1015 2374 223 29 hänseenden
1260 2374 202 39 påkallades
1484 2383 85 29 upp-

80 2428 295 33 märksamheten,
399 2428 172 37 nämligen
595 2427 72 29 dels
690 2427 6 28 i
722 2427 95 37 fråga
841 2437 55 18 om
919 2426 41 30 de
981 2427 81 29 övre
1083 2427 64 28 och
1170 2427 109 28 undre
1302 2427 187 36 gränserna
1515 2427 52 27 för

80 2482 259 28 valkretsarnas
362 2482 124 28 storlek
511 2482 61 28 och
597 2481 71 29 dels
691 2480 220 37 beträffande
934 2479 183 30 städernas
1138 2480 165 36 ställning
1325 2479 53 29 vid
1403 2480 166 29 valkrets-
