1874 2792
525 160 288 31 Statsutskottets
840 159 179 30 utlåtande
1045 168 42 20 nr
1113 159 74 29 126.
1564 156 40 30 15

115 260 43 20 av
180 250 182 37 prisnivån
386 250 65 30 och
475 251 65 29 den
565 251 108 28 därav
697 249 184 37 betingade
903 250 94 28 stora
1019 247 195 37 höjningen
1238 256 41 20 av
1302 247 58 30 det
1383 246 127 37 rörliga
1535 246 69 29 till-

115 304 124 37 lägget,
264 304 214 30 motiverade
502 304 107 36 enligt
635 303 272 30 statskontorets
933 302 140 36 mening
1099 310 43 21 en
1166 300 200 30 omedelbar
1389 299 148 37 höjning
1562 308 43 21 av

114 358 342 37 kommunbidragen
477 358 77 29 med
574 356 41 30 20
634 357 153 36 procent.
819 356 68 29 För
906 363 83 29 egen
1010 355 53 30 del
1085 355 66 29 har
1169 354 59 37 jag
1247 354 119 29 funnit
1387 353 119 30 starka
1527 353 76 30 skäl

117 411 169 38 föreligga
311 411 56 30 för
391 413 52 28 att
468 420 42 21 en
535 411 149 36 översyn
708 410 78 29 med
814 410 56 29 det
897 410 159 29 snaraste
1080 408 207 30 verkställes
1312 407 225 30 beträffande
1562 407 43 29 de

114 465 270 37 ifrågavarande
405 464 186 37 bidragens
613 464 136 37 belopp.
782 463 65 38 Jag
871 463 134 30 erinrar
1029 462 193 30 emellertid
1245 471 56 20 om
1325 462 51 29 att
1400 461 122 37 frågan
1546 470 58 20 om

114 519 189 37 utredning
320 528 42 20 av
378 518 432 37 statsbidragsgrunderna
825 518 39 29 är
881 517 131 29 aktuell
1028 516 107 30 också
1149 515 224 30 beträffande
1387 515 93 30 vissa
1494 515 111 29 andra

114 572 268 37 betydelsefulla
399 572 122 37 bidrag
538 572 53 29 till
610 571 353 30 folkskoleväsendet.
993 570 43 30 Så
1053 571 99 29 snart
1170 569 61 30 ske
1248 569 70 29 kan
1333 569 100 30 torde
1449 578 41 21 en
1507 568 97 37 dylik

115 635 97 21 mera
230 626 131 29 allmän
378 625 188 37 utredning
585 625 143 29 komma
747 626 49 28 att
813 624 227 37 igångsättas.
1066 623 168 30 Däremot
1252 624 39 28 är
1308 622 60 38 jag
1385 622 76 30 icke
1476 622 128 30 beredd

115 681 52 29 att
190 680 106 29 redan
316 688 48 20 nu
386 679 142 30 isolerat
550 680 155 35 upptaga
727 679 65 29 den
817 687 42 20 av
880 677 254 30 statskontoret
1154 676 125 30 väckta
1302 676 136 37 frågan.

159 734 229 30 Beträffande
405 733 118 37 övriga
542 733 11 29 i
572 732 234 36 utredningen
823 731 149 30 berörda
991 730 118 38 frågor
1127 730 157 30 ansluter
1302 729 60 38 jag
1380 730 70 37 mig
1468 730 51 29 till
1536 730 68 29 vad

114 788 364 36 utredningsmannen
503 786 191 37 föreslagit.

160 842 167 37 Samtliga
353 842 212 36 statsbidrag
588 842 100 29 torde
711 841 84 29 böra
816 840 173 30 bestridas
1013 839 80 29 från
1118 839 43 29 de
1183 838 131 37 anslag,
1336 837 158 30 varifrån
1516 838 89 28 mot-

115 897 172 29 svarande
306 896 124 37 bidrag
451 896 52 29 till
525 896 66 29 den
612 895 170 37 egentliga
807 894 201 30 folkskolan
1029 892 93 38 utgå.

160 951 169 37 Slutligen
349 950 56 30 får
422 950 60 37 jag
501 950 11 29 i
531 950 95 29 detta
646 948 255 36 sammanhang
920 947 150 33 anmäla,
1090 948 51 28 att
1162 945 125 37 Kungl.
1304 944 109 37 Maj:t
1430 945 78 29 med
1526 944 78 30 stöd

115 1015 43 20 av
175 1007 49 28 ett
243 1014 41 20 av
303 1004 187 37 riksdagen
506 1003 91 37 givet
614 1002 280 36 bemyndigande
917 1000 67 37 (jfr
1004 999 82 30 1949
1105 999 57 30 års
1180 998 425 37 statsverksproposition,

114 1059 140 37 bilagan
270 1057 150 30 Åttonde
436 1056 235 34 huvudtiteln,
688 1055 159 37 punkten
864 1054 80 34 224;
966 1053 280 31 statsutskottets
1262 1052 63 30 utl.
1345 1051 99 30 1949:
1460 1051 30 35 8,
1505 1061 25 20 s.
1544 1050 59 35 83;

115 1112 108 30 riksd.
244 1112 69 30 skr.
334 1111 100 29 1949:
451 1110 35 35 8)
509 1109 225 37 bemyndigat
752 1108 332 36 skolöverstyrelsen
1101 1108 52 29 att
1172 1106 55 30 för
1245 1106 360 30 distriktsöverlärare

113 1166 12 30 i
148 1165 286 31 försöksdistrikt
451 1164 45 37 på
516 1163 262 36 framställning
796 1172 42 20 av
857 1161 187 30 distrikten
1064 1160 177 30 fastställa
1259 1169 42 21 en
1319 1159 286 37 undervisnings-

115 1219 209 37 skyldighet,
350 1227 75 21 som
450 1218 78 29 med
551 1217 104 37 högst
677 1218 52 28 tre
752 1217 142 29 tummar
919 1216 207 35 understege
1149 1215 66 29 den
1239 1214 138 29 läraren
1400 1213 106 37 enligt
1533 1213 72 37 gäl-

114 1274 104 29 lande
237 1272 211 37 författning
472 1271 64 35 (sv.
556 1270 81 30 förf.
655 1270 99 30 saml.
774 1269 99 30 1946:
890 1269 79 35 528)
994 1269 182 37 åliggande
1192 1268 111 37 lägsta
1319 1267 286 37 undervisnings-

115 1326 254 38 skyldigheten,
405 1325 89 30 dock
528 1325 78 29 med
632 1324 226 36 iakttagande
882 1332 42 21 av
948 1324 50 28 att
1022 1321 379 31 distriktsöverlärares
1424 1321 180 30 undervis-

114 1379 305 39 ningsskyldighet
443 1379 76 29 icke
541 1378 95 37 finge
658 1377 203 37 understiga
883 1376 71 30 fem
979 1376 284 29 veckotimmar.»

766 1519 179 29 Utskottet.

158 1593 15 29 I
192 1592 230 30 förevarande
439 1591 219 37 proposition
676 1590 213 37 framläggas
907 1589 130 37 förslag
1056 1589 11 29 i
1085 1588 100 37 fråga
1201 1597 57 21 om
1275 1587 247 37 anställnings-
1539 1587 66 30 och

114 1645 455 38 avlöningsförhållandena
600 1644 55 30 för
680 1644 64 30 den
770 1643 96 30 inom
893 1642 343 30 folkskoleväsendet
1260 1651 69 27 nya
1354 1648 112 30 grupp
1492 1650 40 20 av
1556 1641 49 29 lä-

114 1709 89 25 rare,
224 1709 74 20 som
316 1699 178 30 erfordras
515 1698 54 30 för
587 1699 67 28 den
675 1696 375 34 försöksverksamhet,
1067 1696 119 29 vilken
1203 1695 107 37 enligt
1326 1695 116 30 beslut
1460 1704 41 20 av
1520 1694 84 30 1949

113 1753 66 30 och
203 1752 82 30 1950
307 1752 57 30 års
386 1752 183 36 riksdagar
590 1751 90 30 skall
702 1751 118 36 föregå
840 1749 291 38 genomförandet
1153 1758 43 20 av
1216 1750 65 28 den
1301 1749 11 29 i
1333 1748 137 37 princip
1491 1748 114 30 beslu-

113 1807 82 29 tade
218 1805 266 35 skolreformen,
507 1806 64 28 när
594 1805 115 29 denna
733 1803 224 31 verksamhet
980 1803 78 30 med
1083 1802 129 30 läsåret
1237 1801 149 34 1951/52
1416 1802 54 29 för
1493 1802 111 29 första

113 1859 136 38 gången
274 1859 65 29 når
362 1868 72 27 upp
458 1859 11 29 i
494 1858 268 30 enhetsskolans
787 1856 234 37 högstadium.
1057 1856 77 29 Med
1162 1856 138 36 hänsyn
1324 1855 53 30 till
1405 1855 199 29 ändamålet

113 1913 80 29 med
216 1912 268 37 ifrågavarande
506 1910 365 31 försöksverksamhet
891 1910 95 29 delar
1006 1909 173 30 utskottet
1201 1909 297 36 föredragandens
1518 1917 87 28 upp-

115 1966 164 36 fattning,
299 1966 51 29 att
369 1965 205 29 densamma
592 1964 64 29 bör
675 1963 35 30 få
728 1963 160 30 bedrivas
908 1964 86 28 även
1014 1963 11 29 i
1045 1962 232 34 skoldistrikt,
1297 1963 63 28 där
1379 1961 107 38 högre
1505 1962 99 30 skola

113 2020 46 29 än
184 2018 201 30 folkskolan
408 2027 47 20 nu
480 2017 125 30 finnes.
640 2016 75 30 Vad
737 2016 278 37 föredraganden
1039 2015 119 30 anfört
1180 2016 149 29 rörande
1351 2016 42 29 de
1415 2015 190 30 lärarkate-

113 2072 124 37 gorier,
259 2081 74 20 som
354 2071 86 30 böra
461 2072 98 36 tagas
580 2071 10 29 i
612 2070 154 37 anspråk
787 2070 54 30 för
863 2070 147 29 berörda
1029 2069 263 37 undervisning,
1314 2070 92 29 samt
1427 2068 179 38 angående

114 2126 42 29 de
176 2125 306 36 kompetenskrav,
501 2133 73 21 som
592 2124 86 30 böra
698 2124 120 30 ställas
835 2123 45 37 på
897 2124 111 34 dessa,
1024 2123 65 29 har
1105 2123 78 29 icke
1198 2123 84 37 givit
1298 2122 173 30 utskottet
1487 2123 117 29 anled-

113 2179 86 36 ning
222 2179 52 28 till
297 2178 153 30 erinran.
486 2177 178 30 Utskottet
686 2177 193 36 tillstyrker
905 2176 176 37 förslaget,
1104 2178 52 28 att
1180 2176 424 36 undervisningsskyldig-

112 2231 106 30 heten
240 2231 55 29 för
318 2231 141 29 lärarna
480 2230 45 37 på
547 2230 327 30 försöksskolornas
893 2229 224 37 högstadium
1138 2229 68 29 blir
1227 2230 205 28 densamma
1454 2238 72 21 som
1548 2229 56 29 för

114 2285 141 29 lärarna
279 2284 10 29 i
313 2284 41 29 de
378 2283 228 29 kommunala
631 2283 307 29 mellanskolorna.
985 2281 73 30 Vad
1083 2282 11 29 i
1117 2282 264 36 propositionen
1406 2281 198 37 föreslagits

112 2336 225 31 beträffande
371 2335 456 37 förflyttningsskyldighet,
855 2334 394 37 fyllnadstjänstgöring
1271 2335 65 29 och
1359 2335 245 36 tillsättnings-

114 2390 205 30 förfarande
343 2389 117 29 finner
481 2388 172 30 utskottet
674 2388 292 37 ändamålsenligt
989 2388 125 29 liksom
1135 2389 87 28 även
1245 2387 177 37 förslaget,
1443 2389 50 28 att
1513 2388 91 29 ordi-

113 2443 99 30 narie
234 2442 151 37 tjänster
408 2442 76 29 icke
507 2441 98 30 skola
628 2442 149 29 inrättas
797 2441 45 37 på
866 2441 286 30 försöksskolans
1174 2440 235 38 högstadium.
1444 2441 49 30 De
1515 2441 89 30 före-

114 2497 123 36 slagna
262 2495 336 37 löneställningarna
624 2495 55 29 för
705 2495 40 30 de
769 2494 305 30 heltidsanställda
1101 2495 140 29 lärarna
1266 2494 44 37 på
1336 2494 267 38 ifrågavarande
