1880 2792
525 179 290 31 Statsutskottets
842 177 179 30 utlåtande
1047 185 42 20 nr
1115 176 73 29 126.
1586 170 18 30 7

116 271 12 30 i
157 270 208 38 tillämpliga
391 270 96 30 delar
513 269 102 37 gälla.
660 267 269 31 Bestämmelser
957 275 57 21 om
1042 263 259 39 tjänstebostad
1330 262 97 31 skola
1454 260 90 30 dock
1571 259 31 37 ej

115 325 178 36 tillämpas
317 323 224 31 beträffande
565 323 102 29 dessa
692 321 123 30 lärare.

160 378 67 36 För
248 377 262 38 övningslärare
530 375 46 38 på
595 375 199 37 högstadiet
814 374 99 30 skola
935 373 148 36 stadgan
1104 371 55 30 för
1179 369 262 38 övningslärare
1461 367 66 31 och
1549 376 57 21 av-

118 431 364 38 löningsreglementet
507 429 56 31 för
587 428 264 38 övningslärare
876 427 79 30 med
980 424 357 38 följdbestämmelser
1361 423 11 30 i
1397 417 209 45 tillämpliga

117 486 96 30 delar
236 485 102 37 gälla,
362 484 120 30 varvid
505 484 142 29 lärarna
669 481 171 31 hänföras
862 481 53 30 till
939 479 177 31 folkskola
1138 480 99 28 utom
1260 476 224 31 beträffande
1508 475 99 29 kom-

116 539 212 37 petenskrav
352 538 64 30 och
441 536 259 37 löneställning.

161 593 67 30 För
252 593 114 29 lärare
392 591 44 37 på
459 590 261 30 försöksskolas
741 587 226 38 högstadium
991 586 90 31 skall
1105 585 119 30 vidare
1246 583 233 38 kungörelsen
1504 581 101 30 1950:

118 646 63 37 495
205 646 91 37 gälla
320 645 12 29 i
356 644 208 37 tillämpliga
589 643 107 30 delar.

162 699 233 30 Folkskolans
421 697 147 37 tjänste-
597 696 65 30 och
690 693 542 39 familjepensionsreglementen
1260 691 99 30 skola
1386 690 30 37 ej
1447 691 65 36 äga
1538 689 70 30 till-

122 753 181 37 lämpning
332 752 21 30 å
382 751 246 30 ämneslärare.
671 749 127 37 Kungl.
827 748 107 37 Maj:t
964 756 103 28 synes
1098 746 84 30 böra
1213 745 159 30 inhämta
1401 744 207 36 riksdagens

117 806 280 37 bemyndigande
418 806 60 33 att,
501 805 118 29 därest
640 803 56 30 för
717 802 97 37 dylik
836 802 113 29 lärare
970 800 100 37 fråga
1092 809 57 21 om
1169 798 247 38 pensionering
1435 797 174 37 uppkom-

119 870 84 25 mer,
226 860 138 30 besluta
389 859 132 30 därom.

656 971 401 35 Kostnadsberäkningar.

164 1047 367 36 Utredningsmannen
558 1044 65 30 har
648 1044 166 36 framlagt
840 1043 93 29 vissa
957 1039 419 37 kostnadsberäkningar,
1401 1038 95 30 vilka
1522 1037 90 30 dock

120 1101 107 37 enligt
250 1101 67 29 vad
341 1100 72 29 han
440 1098 196 30 framhållit
661 1097 112 30 måste
798 1095 263 30 kännetecknas
1088 1104 42 20 av
1155 1093 134 38 ganska
1315 1094 73 29 stor
1413 1091 197 30 osäkerhet.

121 1154 228 30 Beträffande
365 1152 212 37 statsbidrag
593 1151 53 30 till
663 1151 195 30 avlönande
875 1159 42 20 av
933 1149 114 30 lärare
1062 1148 65 30 har
1144 1147 373 36 utredningsmannen,
1536 1153 75 21 som

121 1209 127 29 räknat
266 1208 78 29 med
366 1207 38 29 12
424 1208 144 36 procent
587 1205 122 37 rörligt
727 1205 131 36 tillägg,
879 1203 208 37 uppskattat
1106 1200 348 37 kostnadsökningen
1473 1199 56 29 för
1546 1199 67 29 läs-

121 1261 74 30 året
216 1260 150 34 1951/52
388 1260 52 30 till
460 1260 41 29 88
516 1259 64 30 000
601 1259 130 29 kronor
751 1258 66 30 och
838 1257 55 30 för
913 1257 128 30 läsåret
1063 1254 150 34 1952/53
1235 1255 53 29 till
1310 1253 62 30 465
1387 1252 62 31 000
1469 1252 143 30 kronor.

122 1316 68 29 För
209 1315 129 30 läsåret
362 1313 150 34 1953/54
532 1313 66 30 har
617 1313 70 29 han
709 1313 116 29 ansett
845 1320 42 21 en
905 1310 195 37 beräkning
1118 1318 48 20 nu
1184 1308 77 30 icke
1279 1317 85 20 vara
1384 1306 132 37 möjlig.
1539 1305 75 30 Sta-

122 1371 77 28 tens
226 1369 191 30 kostnader
441 1367 55 30 för
519 1366 239 37 skolskjutsar
782 1365 65 30 och
869 1363 269 37 inackordering
1159 1363 99 29 torde
1280 1361 107 37 enligt
1408 1360 66 29 vad
1496 1359 118 30 utred-

122 1423 259 37 ningsmannen
404 1421 118 30 anfört
545 1420 143 29 komma
712 1420 51 28 att
786 1418 68 30 öka
877 1417 105 37 något
1004 1417 57 29 vid
1087 1415 291 38 genomförandet
1401 1423 41 20 av
1466 1414 67 29 den
1558 1412 56 30 för

122 1475 197 38 högstadiet
343 1474 188 37 planerade
554 1472 311 36 centraliseringen
889 1480 79 20 men
991 1470 100 29 torde
1115 1468 30 37 ej
1173 1469 121 29 kunna
1318 1476 47 21 nu
1392 1462 221 45 uppskattas.

122 1528 75 30 Vad
222 1528 109 37 angår
354 1527 211 36 statsbidrag
587 1526 53 30 till
665 1523 443 38 undervisningsmateriel,
1132 1522 67 30 fria
1222 1520 214 34 läroböcker,
1461 1519 153 31 skolhäl-

124 1581 124 31 sovård
266 1581 66 30 och
350 1580 242 31 skolmåltider
609 1579 65 30 har
692 1578 363 37 utredningsmannen
1073 1576 139 33 uttalat,
1230 1576 51 28 att
1297 1574 114 37 någon
1429 1573 186 30 kostnads-

123 1635 131 37 ökning
274 1635 176 36 knappast
470 1633 115 31 skulle
604 1632 216 37 uppkomma
840 1632 112 29 under
971 1630 129 30 läsåret
1121 1628 148 34 1951/52
1291 1637 81 20 men
1391 1628 50 29 att
1460 1625 155 31 därefter

123 1689 94 30 vissa
239 1687 323 39 utgiftsstegringar
584 1687 114 30 skulle
719 1686 152 33 inträda,
892 1684 93 30 vilka
1008 1683 90 30 dock
1122 1682 112 31 skulle
1255 1682 49 29 bli
1327 1680 85 31 små.
1448 1680 168 29 Däremot

126 1743 112 29 skulle
261 1742 12 30 i
297 1743 67 29 den
390 1741 81 30 mån
498 1740 213 31 skollokaler
734 1739 193 37 uppfördes
954 1738 55 29 för
1034 1736 328 31 försöksskolornas
1390 1733 226 38 högstadium

125 1796 144 37 givetvis
300 1804 43 21 en
372 1794 166 31 avsevärd
568 1792 306 37 kostnadsökning
901 1791 217 37 uppkomma
1147 1790 55 29 för
1232 1788 219 31 statsverket.
1492 1787 124 29 Denna

126 1851 117 35 syntes
269 1848 30 37 ej
328 1848 121 30 kunna
472 1847 175 30 beräknas
673 1846 55 30 för
753 1845 230 30 närvarande.

704 1942 319 37 Remissyttranden.

170 2018 13 29 I
209 2017 336 36 remissyttrandena
569 2015 47 30 ha
640 2015 382 36 utredningsmannens
1049 2012 131 36 förslag
1204 2012 12 29 i
1241 2012 57 29 det
1324 2012 94 28 stora
1443 2009 80 30 hela
1548 2008 69 30 till-

127 2071 132 36 styrkts
279 2071 83 29 eller
381 2071 150 29 lämnats
550 2071 87 28 utan
655 2068 152 31 erinran.
835 2067 48 30 På
904 2067 93 30 vissa
1016 2066 154 37 punkter
1188 2065 65 29 har
1271 2064 89 30 dock
1380 2063 108 30 kritik
1509 2062 108 30 fram-

127 2124 99 30 förts.
260 2123 227 30 Beträffande
509 2123 115 29 denna
646 2121 109 30 kritik
778 2118 166 32 hänvisas
966 2120 53 30 till
1041 2118 275 38 propositionen,
1340 2126 25 21 s.
1391 2115 138 31 18—24.

729 2226 283 36 Föredraganden.

172 2299 289 36 Föredraganden
484 2297 104 30 anför
609 2297 55 29 för
685 2297 53 30 sin
761 2297 54 29 del
838 2296 167 36 följande.

174 2353 93 28 »Den
290 2350 376 34 försöksverksamhet,
688 2358 75 21 som
786 2349 89 30 skall
897 2348 118 36 föregå
1033 2346 290 38 genomförandet
1342 2355 42 20 av
1401 2345 66 30 den
1485 2344 134 37 9-åriga

129 2405 260 34 enhetsskolan,
409 2413 98 21 avser
525 2405 51 28 att
595 2403 207 36 möjliggöra
820 2411 42 21 en
880 2401 156 36 objektiv
1053 2400 205 37 jämförelse
1275 2399 128 29 mellan
1420 2399 41 29 de
1477 2398 143 29 hittills-

130 2459 152 30 varande
300 2457 257 31 skolformerna
576 2456 44 37 på
639 2456 89 29 folk-
744 2455 65 30 och
827 2453 312 34 realskolestadiet,
1156 2453 19 29 å
1192 2462 64 21 ena
1273 2452 111 34 sidan,
1401 2451 64 30 och
1482 2451 138 30 enhets-

131 2513 134 34 skolan,
290 2511 19 30 å
334 2512 66 29 den
424 2511 121 33 andra,
569 2511 91 29 samt
684 2511 50 28 att
756 2509 108 36 pröva
888 2509 41 29 de
957 2516 68 28 nya
1050 2506 235 38 pedagogiska
1309 2504 103 35 idéer,
1436 2514 75 21 som
1534 2504 86 30 böra
