<?xml version="1.0" encoding="UTF-8"?>
<alto xmlns="http://www.loc.gov/standards/alto/ns-v3#" xmlns:xlink="http://www.w3.org/1999/xlink" xmlns:xsi="http://www.w3.org/2001/XMLSchema-instance" xsi:schemaLocation="http://www.loc.gov/standards/alto/ns-v3# http://www.loc.gov/alto/v3/alto-3-0.xsd">
	<Description>
		<MeasurementUnit>pixel</MeasurementUnit>
		<sourceImageInformation>
			<fileName>/tmp/tess_1fnaid9c_input.PNG</fileName>
		</sourceImageInformation>
		<OCRProcessing ID="OCR_0">
			<ocrProcessingStep>
				<processingSoftware>
					<softwareName>tesseract 5.3.0</softwareName>
				</processingSoftware>
			</ocrProcessingStep>
		</OCRProcessing>
	</Description>
	<Layout>
		<Page WIDTH="2211" HEIGHT="2679" PHYSICAL_IMG_NR="0" ID="page_0">
			<PrintSpace HPOS="0" VPOS="0" WIDTH="2211" HEIGHT="2679">
				<ComposedBlock ID="cblock_0" HPOS="716" VPOS="216" WIDTH="1057" HEIGHT="35">
					<TextBlock ID="block_0" HPOS="716" VPOS="216" WIDTH="1057" HEIGHT="35">
						<TextLine ID="line_0" HPOS="716" VPOS="216" WIDTH="1057" HEIGHT="35">
							<String ID="string_0" HPOS="716" VPOS="216" WIDTH="254" HEIGHT="33" WC="0.80" CONTENT="Statsutskottets"/><SP WIDTH="33" VPOS="216" HPOS="970"/>
							<String ID="string_1" HPOS="1003" VPOS="217" WIDTH="169" HEIGHT="33" WC="0.96" CONTENT="Utlåtande"/><SP WIDTH="23" VPOS="217" HPOS="1172"/>
							<String ID="string_2" HPOS="1195" VPOS="218" WIDTH="65" HEIGHT="32" WC="0.96" CONTENT="N:o"/><SP WIDTH="28" VPOS="218" HPOS="1260"/>
							<String ID="string_3" HPOS="1288" VPOS="220" WIDTH="41" HEIGHT="30" WC="0.29" CONTENT="14."/><SP WIDTH="408" VPOS="220" HPOS="1329"/>
							<String ID="string_4" HPOS="1737" VPOS="221" WIDTH="36" HEIGHT="30" WC="0.94" CONTENT="11"/>
						</TextLine>
					</TextBlock>
				</ComposedBlock>
				<ComposedBlock ID="cblock_1" HPOS="228" VPOS="292" WIDTH="1599" HEIGHT="2081">
					<TextBlock ID="block_1" HPOS="228" VPOS="292" WIDTH="1599" HEIGHT="1203">
						<TextLine ID="line_1" HPOS="230" VPOS="292" WIDTH="1591" HEIGHT="56">
							<String ID="string_5" HPOS="230" VPOS="292" WIDTH="58" HEIGHT="38" WC="0.96" CONTENT="för"/><SP WIDTH="28" VPOS="292" HPOS="288"/>
							<String ID="string_6" HPOS="316" VPOS="293" WIDTH="239" HEIGHT="38" WC="0.95" CONTENT="närvarande"/><SP WIDTH="30" VPOS="293" HPOS="555"/>
							<String ID="string_7" HPOS="585" VPOS="294" WIDTH="178" HEIGHT="49" WC="0.93" CONTENT="gällande"/><SP WIDTH="29" VPOS="294" HPOS="763"/>
							<String ID="string_8" HPOS="792" VPOS="296" WIDTH="228" HEIGHT="49" WC="0.92" CONTENT="ovilkorliga"/><SP WIDTH="19" VPOS="296" HPOS="1020"/>
							<String ID="string_9" HPOS="1039" VPOS="296" WIDTH="298" HEIGHT="38" WC="0.96" CONTENT="bestämmelsen"/><SP WIDTH="18" VPOS="296" HPOS="1337"/>
							<String ID="string_10" HPOS="1355" VPOS="302" WIDTH="55" HEIGHT="32" WC="0.96" CONTENT="att"/><SP WIDTH="20" VPOS="302" HPOS="1410"/>
							<String ID="string_11" HPOS="1430" VPOS="297" WIDTH="135" HEIGHT="51" WC="0.96" CONTENT="bidrag"/><SP WIDTH="14" VPOS="297" HPOS="1565"/>
							<String ID="string_12" HPOS="1579" VPOS="298" WIDTH="82" HEIGHT="37" WC="0.93" CONTENT="från"/><SP WIDTH="17" VPOS="298" HPOS="1661"/>
							<String ID="string_13" HPOS="1678" VPOS="298" WIDTH="143" HEIGHT="50" WC="0.90" CONTENT="ifråga-"/>
						</TextLine>
						<TextLine ID="line_2" HPOS="230" VPOS="346" WIDTH="1597" HEIGHT="54">
							<String ID="string_14" HPOS="230" VPOS="346" WIDTH="168" HEIGHT="36" WC="0.96" CONTENT="varande"/><SP WIDTH="45" VPOS="346" HPOS="398"/>
							<String ID="string_15" HPOS="443" VPOS="347" WIDTH="136" HEIGHT="50" WC="0.96" CONTENT="anslag"/><SP WIDTH="41" VPOS="347" HPOS="579"/>
							<String ID="string_16" HPOS="620" VPOS="347" WIDTH="84" HEIGHT="38" WC="0.95" CONTENT="icke"/><SP WIDTH="34" VPOS="347" HPOS="704"/>
							<String ID="string_17" HPOS="738" VPOS="348" WIDTH="102" HEIGHT="50" WC="0.96" CONTENT="finge"/><SP WIDTH="25" VPOS="348" HPOS="840"/>
							<String ID="string_18" HPOS="865" VPOS="349" WIDTH="230" HEIGHT="37" WC="0.96" CONTENT="bestämmas"/><SP WIDTH="30" VPOS="349" HPOS="1095"/>
							<String ID="string_19" HPOS="1125" VPOS="350" WIDTH="121" HEIGHT="49" WC="0.95" CONTENT="högre"/><SP WIDTH="30" VPOS="350" HPOS="1246"/>
							<String ID="string_20" HPOS="1276" VPOS="354" WIDTH="47" HEIGHT="32" WC="0.95" CONTENT="än"/><SP WIDTH="25" VPOS="354" HPOS="1323"/>
							<String ID="string_21" HPOS="1348" VPOS="350" WIDTH="59" HEIGHT="37" WC="0.95" CONTENT="till"/><SP WIDTH="27" VPOS="350" HPOS="1407"/>
							<String ID="string_22" HPOS="1434" VPOS="353" WIDTH="64" HEIGHT="33" WC="0.96" CONTENT="två"/><SP WIDTH="29" VPOS="353" HPOS="1498"/>
							<String ID="string_23" HPOS="1527" VPOS="351" WIDTH="230" HEIGHT="49" WC="0.96" CONTENT="tredjedelar"/><SP WIDTH="28" VPOS="351" HPOS="1757"/>
							<String ID="string_24" HPOS="1785" VPOS="351" WIDTH="42" HEIGHT="37" WC="0.96" CONTENT="af"/>
						</TextLine>
						<TextLine ID="line_3" HPOS="230" VPOS="398" WIDTH="1592" HEIGHT="53">
							<String ID="string_25" HPOS="230" VPOS="398" WIDTH="75" HEIGHT="36" WC="0.96" CONTENT="den"/><SP WIDTH="26" VPOS="398" HPOS="305"/>
							<String ID="string_26" HPOS="331" VPOS="398" WIDTH="216" HEIGHT="38" WC="0.96" CONTENT="beräknade"/><SP WIDTH="34" VPOS="398" HPOS="547"/>
							<String ID="string_27" HPOS="581" VPOS="400" WIDTH="224" HEIGHT="49" WC="0.96" CONTENT="kostnaden,"/><SP WIDTH="31" VPOS="400" HPOS="805"/>
							<String ID="string_28" HPOS="836" VPOS="406" WIDTH="96" HEIGHT="32" WC="0.96" CONTENT="samt"/><SP WIDTH="34" VPOS="406" HPOS="932"/>
							<String ID="string_29" HPOS="966" VPOS="401" WIDTH="12" HEIGHT="36" WC="0.96" CONTENT="i"/><SP WIDTH="30" VPOS="401" HPOS="978"/>
							<String ID="string_30" HPOS="1008" VPOS="401" WIDTH="136" HEIGHT="38" WC="0.96" CONTENT="sådant"/><SP WIDTH="28" VPOS="401" HPOS="1144"/>
							<String ID="string_31" HPOS="1172" VPOS="402" WIDTH="182" HEIGHT="37" WC="0.96" CONTENT="afseende"/><SP WIDTH="30" VPOS="402" HPOS="1354"/>
							<String ID="string_32" HPOS="1384" VPOS="402" WIDTH="217" HEIGHT="49" WC="0.77" CONTENT="framhållit,"/><SP WIDTH="30" VPOS="402" HPOS="1601"/>
							<String ID="string_33" HPOS="1631" VPOS="409" WIDTH="56" HEIGHT="31" WC="0.92" CONTENT="att"/><SP WIDTH="28" VPOS="409" HPOS="1687"/>
							<String ID="string_34" HPOS="1715" VPOS="404" WIDTH="107" HEIGHT="37" WC="0.92" CONTENT="flere-"/>
						</TextLine>
						<TextLine ID="line_4" HPOS="232" VPOS="450" WIDTH="1590" HEIGHT="51">
							<String ID="string_35" HPOS="232" VPOS="450" WIDTH="128" HEIGHT="36" WC="0.91" CONTENT="städes"/><SP WIDTH="31" VPOS="450" HPOS="360"/>
							<String ID="string_36" HPOS="391" VPOS="454" WIDTH="19" HEIGHT="33" WC="0.91" CONTENT="å"/><SP WIDTH="25" VPOS="454" HPOS="410"/>
							<String ID="string_37" HPOS="435" VPOS="457" WIDTH="110" HEIGHT="42" WC="0.96" CONTENT="orter,"/><SP WIDTH="33" VPOS="457" HPOS="545"/>
							<String ID="string_38" HPOS="578" VPOS="452" WIDTH="65" HEIGHT="36" WC="0.93" CONTENT="der"/><SP WIDTH="28" VPOS="452" HPOS="643"/>
							<String ID="string_39" HPOS="671" VPOS="453" WIDTH="473" HEIGHT="48" WC="0.92" CONTENT="kommunikationsleder,"/><SP WIDTH="31" VPOS="453" HPOS="1144"/>
							<String ID="string_40" HPOS="1175" VPOS="468" WIDTH="80" HEIGHT="22" WC="0.96" CONTENT="som"/><SP WIDTH="30" VPOS="468" HPOS="1255"/>
							<String ID="string_41" HPOS="1285" VPOS="455" WIDTH="57" HEIGHT="36" WC="0.96" CONTENT="för"/><SP WIDTH="28" VPOS="455" HPOS="1342"/>
							<String ID="string_42" HPOS="1370" VPOS="455" WIDTH="149" HEIGHT="36" WC="0.96" CONTENT="landets"/><SP WIDTH="30" VPOS="455" HPOS="1519"/>
							<String ID="string_43" HPOS="1549" VPOS="455" WIDTH="148" HEIGHT="37" WC="0.94" CONTENT="försvar"/><SP WIDTH="34" VPOS="455" HPOS="1697"/>
							<String ID="string_44" HPOS="1731" VPOS="456" WIDTH="91" HEIGHT="37" WC="0.94" CONTENT="eller"/>
						</TextLine>
						<TextLine ID="line_5" HPOS="231" VPOS="501" WIDTH="1591" HEIGHT="56">
							<String ID="string_45" HPOS="231" VPOS="501" WIDTH="12" HEIGHT="36" WC="0.96" CONTENT="i"/><SP WIDTH="29" VPOS="501" HPOS="243"/>
							<String ID="string_46" HPOS="272" VPOS="502" WIDTH="117" HEIGHT="37" WC="0.95" CONTENT="andra"/><SP WIDTH="42" VPOS="502" HPOS="389"/>
							<String ID="string_47" HPOS="431" VPOS="503" WIDTH="244" HEIGHT="38" WC="0.96" CONTENT="hänseenden"/><SP WIDTH="38" VPOS="503" HPOS="675"/>
							<String ID="string_48" HPOS="713" VPOS="518" WIDTH="91" HEIGHT="24" WC="0.95" CONTENT="vore"/><SP WIDTH="43" VPOS="518" HPOS="804"/>
							<String ID="string_49" HPOS="847" VPOS="505" WIDTH="41" HEIGHT="36" WC="0.95" CONTENT="af"/><SP WIDTH="24" VPOS="505" HPOS="888"/>
							<String ID="string_50" HPOS="912" VPOS="505" WIDTH="93" HEIGHT="49" WC="0.93" CONTENT="vigt,"/><SP WIDTH="31" VPOS="505" HPOS="1005"/>
							<String ID="string_51" HPOS="1036" VPOS="505" WIDTH="194" HEIGHT="47" WC="0.91" CONTENT="behöfdes,"/><SP WIDTH="31" VPOS="505" HPOS="1230"/>
							<String ID="string_52" HPOS="1261" VPOS="506" WIDTH="64" HEIGHT="37" WC="0.96" CONTENT="det"/><SP WIDTH="27" VPOS="506" HPOS="1325"/>
							<String ID="string_53" HPOS="1352" VPOS="506" WIDTH="85" HEIGHT="37" WC="0.96" CONTENT="icke"/><SP WIDTH="29" VPOS="506" HPOS="1437"/>
							<String ID="string_54" HPOS="1466" VPOS="520" WIDTH="90" HEIGHT="24" WC="0.96" CONTENT="vore"/><SP WIDTH="30" VPOS="520" HPOS="1556"/>
							<String ID="string_55" HPOS="1586" VPOS="507" WIDTH="151" HEIGHT="50" WC="0.96" CONTENT="möjligt"/><SP WIDTH="30" VPOS="507" HPOS="1737"/>
							<String ID="string_56" HPOS="1767" VPOS="513" WIDTH="55" HEIGHT="32" WC="0.96" CONTENT="att"/>
						</TextLine>
						<TextLine ID="line_6" HPOS="231" VPOS="553" WIDTH="1589" HEIGHT="56">
							<String ID="string_57" HPOS="231" VPOS="553" WIDTH="55" HEIGHT="37" WC="0.96" CONTENT="till"/><SP WIDTH="14" VPOS="553" HPOS="286"/>
							<String ID="string_58" HPOS="300" VPOS="555" WIDTH="310" HEIGHT="50" WC="0.96" CONTENT="anläggningens"/><SP WIDTH="12" VPOS="555" HPOS="610"/>
							<String ID="string_59" HPOS="622" VPOS="557" WIDTH="199" HEIGHT="37" WC="0.96" CONTENT="utförande"/><SP WIDTH="17" VPOS="557" HPOS="821"/>
							<String ID="string_60" HPOS="838" VPOS="557" WIDTH="142" HEIGHT="37" WC="0.96" CONTENT="erhålla"/><SP WIDTH="16" VPOS="557" HPOS="980"/>
							<String ID="string_61" HPOS="996" VPOS="571" WIDTH="46" HEIGHT="23" WC="0.96" CONTENT="en"/><SP WIDTH="14" VPOS="571" HPOS="1042"/>
							<String ID="string_62" HPOS="1056" VPOS="557" WIDTH="182" HEIGHT="50" WC="0.95" CONTENT="tredjedel"/><SP WIDTH="25" VPOS="557" HPOS="1238"/>
							<String ID="string_63" HPOS="1263" VPOS="559" WIDTH="33" HEIGHT="36" WC="0.93" CONTENT="af"/><SP WIDTH="6" VPOS="559" HPOS="1296"/>
							<String ID="string_64" HPOS="1302" VPOS="559" WIDTH="361" HEIGHT="38" WC="0.88" CONTENT="kostnadssumman"/><SP WIDTH="17" VPOS="559" HPOS="1663"/>
							<String ID="string_65" HPOS="1680" VPOS="574" WIDTH="140" HEIGHT="35" WC="0.96" CONTENT="genom"/>
						</TextLine>
						<TextLine ID="line_7" HPOS="231" VPOS="606" WIDTH="1589" HEIGHT="55">
							<String ID="string_66" HPOS="231" VPOS="606" WIDTH="137" HEIGHT="50" WC="0.95" CONTENT="bidrag"/><SP WIDTH="47" VPOS="606" HPOS="368"/>
							<String ID="string_67" HPOS="415" VPOS="608" WIDTH="81" HEIGHT="36" WC="0.95" CONTENT="från"/><SP WIDTH="45" VPOS="608" HPOS="496"/>
							<String ID="string_68" HPOS="541" VPOS="608" WIDTH="222" HEIGHT="38" WC="0.96" CONTENT="kommuner"/><SP WIDTH="33" VPOS="608" HPOS="763"/>
							<String ID="string_69" HPOS="796" VPOS="610" WIDTH="92" HEIGHT="36" WC="0.96" CONTENT="eller"/><SP WIDTH="28" VPOS="610" HPOS="888"/>
							<String ID="string_70" HPOS="916" VPOS="610" WIDTH="184" HEIGHT="37" WC="0.96" CONTENT="enskilde."/><SP WIDTH="57" VPOS="610" HPOS="1100"/>
							<String ID="string_71" HPOS="1157" VPOS="611" WIDTH="15" HEIGHT="36" WC="0.95" CONTENT="I"/><SP WIDTH="30" VPOS="611" HPOS="1172"/>
							<String ID="string_72" HPOS="1202" VPOS="611" WIDTH="212" HEIGHT="49" WC="0.95" CONTENT="synnerhet"/><SP WIDTH="29" VPOS="611" HPOS="1414"/>
							<String ID="string_73" HPOS="1443" VPOS="611" WIDTH="9" HEIGHT="36" WC="0.96" CONTENT="i"/><SP WIDTH="26" VPOS="611" HPOS="1452"/>
							<String ID="string_74" HPOS="1478" VPOS="612" WIDTH="63" HEIGHT="36" WC="0.93" CONTENT="det"/><SP WIDTH="29" VPOS="612" HPOS="1541"/>
							<String ID="string_75" HPOS="1570" VPOS="612" WIDTH="79" HEIGHT="36" WC="0.92" CONTENT="öfre"/><SP WIDTH="30" VPOS="612" HPOS="1649"/>
							<String ID="string_76" HPOS="1679" VPOS="613" WIDTH="141" HEIGHT="48" WC="0.96" CONTENT="landet,"/>
						</TextLine>
						<TextLine ID="line_8" HPOS="231" VPOS="658" WIDTH="1589" HEIGHT="55">
							<String ID="string_77" HPOS="231" VPOS="658" WIDTH="67" HEIGHT="37" WC="0.96" CONTENT="der"/><SP WIDTH="28" VPOS="658" HPOS="298"/>
							<String ID="string_78" HPOS="326" VPOS="659" WIDTH="181" HEIGHT="49" WC="0.95" CONTENT="odlingen"/><SP WIDTH="29" VPOS="659" HPOS="507"/>
							<String ID="string_79" HPOS="536" VPOS="660" WIDTH="10" HEIGHT="36" WC="0.90" CONTENT="1"/><SP WIDTH="31" VPOS="660" HPOS="546"/>
							<String ID="string_80" HPOS="577" VPOS="661" WIDTH="207" HEIGHT="37" WC="0.95" CONTENT="allmänhet"/><SP WIDTH="31" VPOS="661" HPOS="784"/>
							<String ID="string_81" HPOS="815" VPOS="661" WIDTH="123" HEIGHT="50" WC="0.96" CONTENT="börjat"/><SP WIDTH="28" VPOS="661" HPOS="938"/>
							<String ID="string_82" HPOS="966" VPOS="662" WIDTH="130" HEIGHT="37" WC="0.96" CONTENT="utmed"/><SP WIDTH="29" VPOS="662" HPOS="1096"/>
							<String ID="string_83" HPOS="1125" VPOS="662" WIDTH="46" HEIGHT="37" WC="0.96" CONTENT="de"/><SP WIDTH="22" VPOS="662" HPOS="1171"/>
							<String ID="string_84" HPOS="1193" VPOS="668" WIDTH="121" HEIGHT="31" WC="0.96" CONTENT="större"/><SP WIDTH="16" VPOS="668" HPOS="1314"/>
							<String ID="string_85" HPOS="1330" VPOS="663" WIDTH="490" HEIGHT="50" WC="0.79" CONTENT="vattendragen,"/><SP WIDTH="-184" VPOS="663" HPOS="1820"/>
							<String ID="string_86" HPOS="1636" VPOS="654" WIDTH="17" HEIGHT="63" WC="0.79" CONTENT="i"/><SP WIDTH="19" VPOS="654" HPOS="1653"/>
							<String ID="string_87" HPOS="1672" VPOS="663" WIDTH="148" HEIGHT="50" WC="0.96" CONTENT="hvilkas"/>
						</TextLine>
						<TextLine ID="line_9" HPOS="230" VPOS="710" WIDTH="1591" HEIGHT="55">
							<String ID="string_88" HPOS="230" VPOS="710" WIDTH="215" HEIGHT="50" WC="0.96" CONTENT="dalgångar"/><SP WIDTH="29" VPOS="710" HPOS="445"/>
							<String ID="string_89" HPOS="474" VPOS="717" WIDTH="119" HEIGHT="44" WC="0.96" CONTENT="vägar"/><SP WIDTH="29" VPOS="717" HPOS="593"/>
							<String ID="string_90" HPOS="622" VPOS="717" WIDTH="41" HEIGHT="33" WC="0.96" CONTENT="så"/><SP WIDTH="29" VPOS="717" HPOS="663"/>
							<String ID="string_91" HPOS="692" VPOS="714" WIDTH="237" HEIGHT="49" WC="0.95" CONTENT="småningom"/><SP WIDTH="31" VPOS="714" HPOS="929"/>
							<String ID="string_92" HPOS="960" VPOS="714" WIDTH="163" HEIGHT="49" WC="0.95" CONTENT="anlagts,"/><SP WIDTH="30" VPOS="714" HPOS="1123"/>
							<String ID="string_93" HPOS="1153" VPOS="729" WIDTH="90" HEIGHT="23" WC="0.96" CONTENT="vore"/><SP WIDTH="30" VPOS="729" HPOS="1243"/>
							<String ID="string_94" HPOS="1273" VPOS="715" WIDTH="63" HEIGHT="37" WC="0.96" CONTENT="det"/><SP WIDTH="28" VPOS="715" HPOS="1336"/>
							<String ID="string_95" HPOS="1364" VPOS="716" WIDTH="41" HEIGHT="36" WC="0.95" CONTENT="af"/><SP WIDTH="24" VPOS="716" HPOS="1405"/>
							<String ID="string_96" HPOS="1429" VPOS="716" WIDTH="82" HEIGHT="49" WC="0.96" CONTENT="vigt"/><SP WIDTH="30" VPOS="716" HPOS="1511"/>
							<String ID="string_97" HPOS="1541" VPOS="722" WIDTH="54" HEIGHT="31" WC="0.96" CONTENT="att"/><SP WIDTH="28" VPOS="722" HPOS="1595"/>
							<String ID="string_98" HPOS="1623" VPOS="717" WIDTH="46" HEIGHT="36" WC="0.96" CONTENT="de"/><SP WIDTH="29" VPOS="717" HPOS="1669"/>
							<String ID="string_99" HPOS="1698" VPOS="717" WIDTH="123" HEIGHT="37" WC="0.96" CONTENT="skilda"/>
						</TextLine>
						<TextLine ID="line_10" HPOS="231" VPOS="763" WIDTH="1590" HEIGHT="50">
							<String ID="string_100" HPOS="231" VPOS="769" WIDTH="150" HEIGHT="31" WC="0.91" CONTENT="orterna"/><SP WIDTH="44" VPOS="769" HPOS="381"/>
							<String ID="string_101" HPOS="425" VPOS="763" WIDTH="123" HEIGHT="38" WC="0.91" CONTENT="blefve"/><SP WIDTH="44" VPOS="763" HPOS="548"/>
							<String ID="string_102" HPOS="592" VPOS="767" WIDTH="84" HEIGHT="35" WC="0.95" CONTENT="med"/><SP WIDTH="30" VPOS="767" HPOS="676"/>
							<String ID="string_103" HPOS="706" VPOS="766" WIDTH="215" HEIGHT="37" WC="0.96" CONTENT="hvarandra"/><SP WIDTH="28" VPOS="766" HPOS="921"/>
							<String ID="string_104" HPOS="949" VPOS="767" WIDTH="181" HEIGHT="37" WC="0.96" CONTENT="förenade"/><SP WIDTH="30" VPOS="767" HPOS="1130"/>
							<String ID="string_105" HPOS="1160" VPOS="771" WIDTH="51" HEIGHT="42" WC="0.96" CONTENT="så,"/><SP WIDTH="31" VPOS="771" HPOS="1211"/>
							<String ID="string_106" HPOS="1242" VPOS="774" WIDTH="54" HEIGHT="30" WC="0.96" CONTENT="att"/><SP WIDTH="30" VPOS="774" HPOS="1296"/>
							<String ID="string_107" HPOS="1326" VPOS="768" WIDTH="109" HEIGHT="37" WC="0.96" CONTENT="deras"/><SP WIDTH="30" VPOS="768" HPOS="1435"/>
							<String ID="string_108" HPOS="1465" VPOS="768" WIDTH="181" HEIGHT="38" WC="0.93" CONTENT="invånare"/><SP WIDTH="31" VPOS="768" HPOS="1646"/>
							<String ID="string_109" HPOS="1677" VPOS="769" WIDTH="144" HEIGHT="37" WC="0.92" CONTENT="erhölle"/>
						</TextLine>
						<TextLine ID="line_11" HPOS="230" VPOS="817" WIDTH="1590" HEIGHT="47">
							<String ID="string_110" HPOS="230" VPOS="828" WIDTH="288" HEIGHT="36" WC="0.95" CONTENT="gemensamma"/><SP WIDTH="40" VPOS="828" HPOS="518"/>
							<String ID="string_111" HPOS="558" VPOS="817" WIDTH="190" HEIGHT="38" WC="0.95" CONTENT="intressen"/><SP WIDTH="35" VPOS="817" HPOS="748"/>
							<String ID="string_112" HPOS="783" VPOS="819" WIDTH="70" HEIGHT="36" WC="0.96" CONTENT="och"/><SP WIDTH="29" VPOS="819" HPOS="853"/>
							<String ID="string_113" HPOS="882" VPOS="819" WIDTH="126" HEIGHT="37" WC="0.96" CONTENT="kände"/><SP WIDTH="30" VPOS="819" HPOS="1008"/>
							<String ID="string_114" HPOS="1038" VPOS="825" WIDTH="55" HEIGHT="31" WC="0.96" CONTENT="att"/><SP WIDTH="28" VPOS="825" HPOS="1093"/>
							<String ID="string_115" HPOS="1121" VPOS="820" WIDTH="46" HEIGHT="37" WC="0.96" CONTENT="de"/><SP WIDTH="28" VPOS="820" HPOS="1167"/>
							<String ID="string_116" HPOS="1195" VPOS="820" WIDTH="179" HEIGHT="37" WC="0.96" CONTENT="tillhörde"/><SP WIDTH="30" VPOS="820" HPOS="1374"/>
							<String ID="string_117" HPOS="1404" VPOS="834" WIDTH="144" HEIGHT="24" WC="0.93" CONTENT="samma"/><SP WIDTH="28" VPOS="834" HPOS="1548"/>
							<String ID="string_118" HPOS="1576" VPOS="821" WIDTH="100" HEIGHT="37" WC="0.95" CONTENT="land."/><SP WIDTH="56" VPOS="821" HPOS="1676"/>
							<String ID="string_119" HPOS="1732" VPOS="822" WIDTH="88" HEIGHT="36" WC="0.96" CONTENT="Men"/>
						</TextLine>
						<TextLine ID="line_12" HPOS="232" VPOS="867" WIDTH="1589" HEIGHT="52">
							<String ID="string_120" HPOS="232" VPOS="867" WIDTH="69" HEIGHT="37" WC="0.96" CONTENT="här"/><SP WIDTH="27" VPOS="867" HPOS="301"/>
							<String ID="string_121" HPOS="328" VPOS="873" WIDTH="119" HEIGHT="32" WC="0.95" CONTENT="mötte"/><SP WIDTH="42" VPOS="873" HPOS="447"/>
							<String ID="string_122" HPOS="489" VPOS="870" WIDTH="240" HEIGHT="49" WC="0.95" CONTENT="svårigheter"/><SP WIDTH="28" VPOS="870" HPOS="729"/>
							<String ID="string_123" HPOS="757" VPOS="877" WIDTH="54" HEIGHT="31" WC="0.96" CONTENT="att"/><SP WIDTH="29" VPOS="877" HPOS="811"/>
							<String ID="string_124" HPOS="840" VPOS="871" WIDTH="262" HEIGHT="38" WC="0.96" CONTENT="åstadkomma"/><SP WIDTH="29" VPOS="871" HPOS="1102"/>
							<String ID="string_125" HPOS="1131" VPOS="872" WIDTH="230" HEIGHT="37" WC="0.96" CONTENT="förbindelse"/><SP WIDTH="30" VPOS="872" HPOS="1361"/>
							<String ID="string_126" HPOS="1391" VPOS="873" WIDTH="136" HEIGHT="37" WC="0.95" CONTENT="mellan"/><SP WIDTH="32" VPOS="873" HPOS="1527"/>
							<String ID="string_127" HPOS="1559" VPOS="873" WIDTH="45" HEIGHT="37" WC="0.94" CONTENT="de"/><SP WIDTH="29" VPOS="873" HPOS="1604"/>
							<String ID="string_128" HPOS="1633" VPOS="874" WIDTH="188" HEIGHT="37" WC="0.94" CONTENT="särskilda"/>
						</TextLine>
						<TextLine ID="line_13" HPOS="230" VPOS="920" WIDTH="1591" HEIGHT="55">
							<String ID="string_129" HPOS="230" VPOS="920" WIDTH="245" HEIGHT="49" WC="0.88" CONTENT="floddalarne,"/><SP WIDTH="30" VPOS="920" HPOS="475"/>
							<String ID="string_130" HPOS="505" VPOS="922" WIDTH="46" HEIGHT="37" WC="0.96" CONTENT="då"/><SP WIDTH="29" VPOS="922" HPOS="551"/>
							<String ID="string_131" HPOS="580" VPOS="936" WIDTH="86" HEIGHT="23" WC="0.96" CONTENT="man"/><SP WIDTH="29" VPOS="936" HPOS="666"/>
							<String ID="string_132" HPOS="695" VPOS="923" WIDTH="83" HEIGHT="37" WC="0.96" CONTENT="icke"/><SP WIDTH="29" VPOS="923" HPOS="778"/>
							<String ID="string_133" HPOS="807" VPOS="924" WIDTH="127" HEIGHT="36" WC="0.96" CONTENT="kunde"/><SP WIDTH="29" VPOS="924" HPOS="934"/>
							<String ID="string_134" HPOS="963" VPOS="929" WIDTH="127" HEIGHT="43" WC="0.96" CONTENT="vänta,"/><SP WIDTH="30" VPOS="929" HPOS="1090"/>
							<String ID="string_135" HPOS="1120" VPOS="930" WIDTH="54" HEIGHT="31" WC="0.91" CONTENT="att"/><SP WIDTH="28" VPOS="930" HPOS="1174"/>
							<String ID="string_136" HPOS="1202" VPOS="925" WIDTH="242" HEIGHT="49" WC="0.91" CONTENT="inbyggarne"/><SP WIDTH="30" VPOS="925" HPOS="1444"/>
							<String ID="string_137" HPOS="1474" VPOS="926" WIDTH="123" HEIGHT="36" WC="0.95" CONTENT="skulle"/><SP WIDTH="16" VPOS="926" HPOS="1597"/>
							<String ID="string_138" HPOS="1613" VPOS="926" WIDTH="59" HEIGHT="36" WC="0.96" CONTENT="för"/><SP WIDTH="20" VPOS="926" HPOS="1672"/>
							<String ID="string_139" HPOS="1692" VPOS="927" WIDTH="129" HEIGHT="48" WC="0.96" CONTENT="dylika"/>
						</TextLine>
						<TextLine ID="line_14" HPOS="230" VPOS="971" WIDTH="1590" HEIGHT="55">
							<String ID="string_140" HPOS="230" VPOS="973" WIDTH="174" HEIGHT="37" WC="0.96" CONTENT="ändamål"/><SP WIDTH="28" VPOS="973" HPOS="404"/>
							<String ID="string_141" HPOS="432" VPOS="974" WIDTH="233" HEIGHT="37" WC="0.96" CONTENT="underkasta"/><SP WIDTH="29" VPOS="974" HPOS="665"/>
							<String ID="string_142" HPOS="694" VPOS="976" WIDTH="62" HEIGHT="48" WC="0.96" CONTENT="sig"/><SP WIDTH="28" VPOS="976" HPOS="756"/>
							<String ID="string_143" HPOS="784" VPOS="982" WIDTH="102" HEIGHT="30" WC="0.96" CONTENT="stora"/><SP WIDTH="29" VPOS="982" HPOS="886"/>
							<String ID="string_144" HPOS="915" VPOS="976" WIDTH="273" HEIGHT="49" WC="0.93" CONTENT="uppoffringar."/><SP WIDTH="57" VPOS="976" HPOS="1188"/>
							<String ID="string_145" HPOS="1245" VPOS="971" WIDTH="127" HEIGHT="43" WC="0.90" CONTENT="Åfven"/><SP WIDTH="16" VPOS="971" HPOS="1372"/>
							<String ID="string_146" HPOS="1388" VPOS="983" WIDTH="131" HEIGHT="43" WC="0.94" CONTENT="syntes"/><SP WIDTH="22" VPOS="983" HPOS="1519"/>
							<String ID="string_147" HPOS="1541" VPOS="978" WIDTH="64" HEIGHT="37" WC="0.96" CONTENT="det"/><SP WIDTH="16" VPOS="978" HPOS="1605"/>
							<String ID="string_148" HPOS="1621" VPOS="992" WIDTH="90" HEIGHT="23" WC="0.93" CONTENT="vara"/><SP WIDTH="17" VPOS="992" HPOS="1711"/>
							<String ID="string_149" HPOS="1728" VPOS="983" WIDTH="92" HEIGHT="32" WC="0.91" CONTENT="rätt-"/>
						</TextLine>
						<TextLine ID="line_15" HPOS="229" VPOS="1025" WIDTH="1589" HEIGHT="55">
							<String ID="string_150" HPOS="229" VPOS="1025" WIDTH="86" HEIGHT="42" WC="0.96" CONTENT="vist,"/><SP WIDTH="29" VPOS="1025" HPOS="315"/>
							<String ID="string_151" HPOS="344" VPOS="1031" WIDTH="56" HEIGHT="31" WC="0.95" CONTENT="att"/><SP WIDTH="28" VPOS="1031" HPOS="400"/>
							<String ID="string_152" HPOS="428" VPOS="1026" WIDTH="73" HEIGHT="37" WC="0.95" CONTENT="den"/><SP WIDTH="30" VPOS="1026" HPOS="501"/>
							<String ID="string_153" HPOS="531" VPOS="1027" WIDTH="236" HEIGHT="51" WC="0.96" CONTENT="befolkning,"/><SP WIDTH="31" VPOS="1027" HPOS="767"/>
							<String ID="string_154" HPOS="798" VPOS="1041" WIDTH="81" HEIGHT="24" WC="0.96" CONTENT="som"/><SP WIDTH="28" VPOS="1041" HPOS="879"/>
							<String ID="string_155" HPOS="907" VPOS="1028" WIDTH="101" HEIGHT="38" WC="0.96" CONTENT="lefde"/><SP WIDTH="28" VPOS="1028" HPOS="1008"/>
							<String ID="string_156" HPOS="1036" VPOS="1028" WIDTH="12" HEIGHT="37" WC="0.96" CONTENT="i"/><SP WIDTH="29" VPOS="1028" HPOS="1048"/>
							<String ID="string_157" HPOS="1077" VPOS="1042" WIDTH="47" HEIGHT="23" WC="0.96" CONTENT="en"/><SP WIDTH="21" VPOS="1042" HPOS="1124"/>
							<String ID="string_158" HPOS="1145" VPOS="1029" WIDTH="97" HEIGHT="49" WC="0.96" CONTENT="karg"/><SP WIDTH="20" VPOS="1029" HPOS="1242"/>
							<String ID="string_159" HPOS="1262" VPOS="1036" WIDTH="112" HEIGHT="30" WC="0.95" CONTENT="natur"/><SP WIDTH="19" VPOS="1036" HPOS="1374"/>
							<String ID="string_160" HPOS="1393" VPOS="1030" WIDTH="101" HEIGHT="37" WC="0.93" CONTENT="inom"/><SP WIDTH="18" VPOS="1030" HPOS="1494"/>
							<String ID="string_161" HPOS="1512" VPOS="1030" WIDTH="306" HEIGHT="50" WC="0.91" CONTENT="lappmarkerna,"/>
						</TextLine>
						<TextLine ID="line_16" HPOS="228" VPOS="1077" WIDTH="1592" HEIGHT="53">
							<String ID="string_162" HPOS="228" VPOS="1077" WIDTH="128" HEIGHT="37" WC="0.91" CONTENT="blefve"/><SP WIDTH="30" VPOS="1077" HPOS="356"/>
							<String ID="string_163" HPOS="386" VPOS="1078" WIDTH="142" HEIGHT="50" WC="0.91" CONTENT="hulpen"/><SP WIDTH="31" VPOS="1078" HPOS="528"/>
							<String ID="string_164" HPOS="559" VPOS="1080" WIDTH="86" HEIGHT="36" WC="0.96" CONTENT="med"/><SP WIDTH="29" VPOS="1080" HPOS="645"/>
							<String ID="string_165" HPOS="674" VPOS="1081" WIDTH="142" HEIGHT="36" WC="0.93" CONTENT="sådana"/><SP WIDTH="29" VPOS="1081" HPOS="816"/>
							<String ID="string_166" HPOS="845" VPOS="1081" WIDTH="451" HEIGHT="49" WC="0.91" CONTENT="transportförbindelser"/><SP WIDTH="29" VPOS="1081" HPOS="1296"/>
							<String ID="string_167" HPOS="1325" VPOS="1082" WIDTH="106" HEIGHT="36" WC="0.96" CONTENT="öfver"/><SP WIDTH="28" VPOS="1082" HPOS="1431"/>
							<String ID="string_168" HPOS="1459" VPOS="1082" WIDTH="101" HEIGHT="48" WC="0.96" CONTENT="land,"/><SP WIDTH="30" VPOS="1082" HPOS="1560"/>
							<String ID="string_169" HPOS="1590" VPOS="1096" WIDTH="79" HEIGHT="23" WC="0.96" CONTENT="som"/><SP WIDTH="31" VPOS="1096" HPOS="1669"/>
							<String ID="string_170" HPOS="1700" VPOS="1083" WIDTH="120" HEIGHT="37" WC="0.96" CONTENT="under"/>
						</TextLine>
						<TextLine ID="line_17" HPOS="231" VPOS="1130" WIDTH="1589" HEIGHT="54">
							<String ID="string_171" HPOS="231" VPOS="1130" WIDTH="220" HEIGHT="37" WC="0.94" CONTENT="nuvarande"/><SP WIDTH="29" VPOS="1130" HPOS="451"/>
							<String ID="string_172" HPOS="480" VPOS="1131" WIDTH="263" HEIGHT="38" WC="0.95" CONTENT="förhållanden"/><SP WIDTH="26" VPOS="1131" HPOS="743"/>
							<String ID="string_173" HPOS="769" VPOS="1132" WIDTH="127" HEIGHT="37" WC="0.96" CONTENT="kunde"/><SP WIDTH="30" VPOS="1132" HPOS="896"/>
							<String ID="string_174" HPOS="926" VPOS="1133" WIDTH="65" HEIGHT="36" WC="0.92" CONTENT="der"/><SP WIDTH="24" VPOS="1133" HPOS="991"/>
							<String ID="string_175" HPOS="1015" VPOS="1133" WIDTH="291" HEIGHT="49" WC="0.91" CONTENT="ifrågakomma,"/><SP WIDTH="30" VPOS="1133" HPOS="1306"/>
							<String ID="string_176" HPOS="1336" VPOS="1134" WIDTH="92" HEIGHT="37" WC="0.93" CONTENT="eller"/><SP WIDTH="15" VPOS="1134" HPOS="1428"/>
							<String ID="string_177" HPOS="1443" VPOS="1135" WIDTH="258" HEIGHT="48" WC="0.87" CONTENT="vintervägar."/><SP WIDTH="32" VPOS="1135" HPOS="1701"/>
							<String ID="string_178" HPOS="1733" VPOS="1135" WIDTH="87" HEIGHT="49" WC="0.91" CONTENT="Sty-"/>
						</TextLine>
						<TextLine ID="line_18" HPOS="230" VPOS="1181" WIDTH="1590" HEIGHT="54">
							<String ID="string_179" HPOS="230" VPOS="1181" WIDTH="122" HEIGHT="37" WC="0.94" CONTENT="relsen"/><SP WIDTH="46" VPOS="1181" HPOS="352"/>
							<String ID="string_180" HPOS="398" VPOS="1186" WIDTH="120" HEIGHT="46" WC="0.96" CONTENT="ansåg"/><SP WIDTH="37" VPOS="1186" HPOS="518"/>
							<String ID="string_181" HPOS="555" VPOS="1184" WIDTH="127" HEIGHT="37" WC="0.96" CONTENT="derför"/><SP WIDTH="29" VPOS="1184" HPOS="682"/>
							<String ID="string_182" HPOS="711" VPOS="1185" WIDTH="248" HEIGHT="49" WC="0.93" CONTENT="synnerligen"/><SP WIDTH="30" VPOS="1185" HPOS="959"/>
							<String ID="string_183" HPOS="989" VPOS="1185" WIDTH="220" HEIGHT="48" WC="0.91" CONTENT="önskvärdt,"/><SP WIDTH="31" VPOS="1185" HPOS="1209"/>
							<String ID="string_184" HPOS="1240" VPOS="1199" WIDTH="59" HEIGHT="23" WC="0.96" CONTENT="om"/><SP WIDTH="32" VPOS="1199" HPOS="1299"/>
							<String ID="string_185" HPOS="1331" VPOS="1199" WIDTH="44" HEIGHT="23" WC="0.96" CONTENT="en"/><SP WIDTH="31" VPOS="1199" HPOS="1375"/>
							<String ID="string_186" HPOS="1406" VPOS="1186" WIDTH="60" HEIGHT="37" WC="0.96" CONTENT="del"/><SP WIDTH="29" VPOS="1186" HPOS="1466"/>
							<String ID="string_187" HPOS="1495" VPOS="1187" WIDTH="41" HEIGHT="36" WC="0.93" CONTENT="af"/><SP WIDTH="28" VPOS="1187" HPOS="1536"/>
							<String ID="string_188" HPOS="1564" VPOS="1187" WIDTH="256" HEIGHT="48" WC="0.89" CONTENT="väganslaget"/>
						</TextLine>
						<TextLine ID="line_19" HPOS="232" VPOS="1233" WIDTH="1588" HEIGHT="55">
							<String ID="string_189" HPOS="232" VPOS="1233" WIDTH="125" HEIGHT="37" WC="0.95" CONTENT="kunde"/><SP WIDTH="42" VPOS="1233" HPOS="357"/>
							<String ID="string_190" HPOS="399" VPOS="1235" WIDTH="11" HEIGHT="36" WC="0.96" CONTENT="i"/><SP WIDTH="34" VPOS="1235" HPOS="410"/>
							<String ID="string_191" HPOS="444" VPOS="1235" WIDTH="45" HEIGHT="36" WC="0.96" CONTENT="de"/><SP WIDTH="29" VPOS="1235" HPOS="489"/>
							<String ID="string_192" HPOS="518" VPOS="1236" WIDTH="77" HEIGHT="47" WC="0.96" CONTENT="fall,"/><SP WIDTH="30" VPOS="1236" HPOS="595"/>
							<String ID="string_193" HPOS="625" VPOS="1236" WIDTH="66" HEIGHT="37" WC="0.95" CONTENT="der"/><SP WIDTH="29" VPOS="1236" HPOS="691"/>
							<String ID="string_194" HPOS="720" VPOS="1237" WIDTH="139" HEIGHT="49" WC="0.95" CONTENT="Kongl."/><SP WIDTH="31" VPOS="1237" HPOS="859"/>
							<String ID="string_195" HPOS="890" VPOS="1237" WIDTH="107" HEIGHT="49" WC="0.93" CONTENT="Maj:t"/><SP WIDTH="29" VPOS="1237" HPOS="997"/>
							<String ID="string_196" HPOS="1026" VPOS="1237" WIDTH="182" HEIGHT="49" WC="0.92" CONTENT="pröfvade"/><SP WIDTH="30" VPOS="1237" HPOS="1208"/>
							<String ID="string_197" HPOS="1238" VPOS="1238" WIDTH="135" HEIGHT="37" WC="0.96" CONTENT="sådant"/><SP WIDTH="28" VPOS="1238" HPOS="1373"/>
							<String ID="string_198" HPOS="1401" VPOS="1239" WIDTH="156" HEIGHT="48" WC="0.96" CONTENT="skäligt,"/><SP WIDTH="26" VPOS="1239" HPOS="1557"/>
							<String ID="string_199" HPOS="1583" VPOS="1239" WIDTH="159" HEIGHT="48" WC="0.96" CONTENT="beviljas"/><SP WIDTH="30" VPOS="1239" HPOS="1742"/>
							<String ID="string_200" HPOS="1772" VPOS="1243" WIDTH="48" HEIGHT="45" WC="0.96" CONTENT="på"/>
						</TextLine>
						<TextLine ID="line_20" HPOS="230" VPOS="1285" WIDTH="1588" HEIGHT="55">
							<String ID="string_201" HPOS="230" VPOS="1285" WIDTH="118" HEIGHT="37" WC="0.93" CONTENT="andra"/><SP WIDTH="42" VPOS="1285" HPOS="348"/>
							<String ID="string_202" HPOS="390" VPOS="1286" WIDTH="123" HEIGHT="37" WC="0.95" CONTENT="vilkor"/><SP WIDTH="25" VPOS="1286" HPOS="513"/>
							<String ID="string_203" HPOS="538" VPOS="1293" WIDTH="47" HEIGHT="31" WC="0.96" CONTENT="än"/><SP WIDTH="30" VPOS="1293" HPOS="585"/>
							<String ID="string_204" HPOS="615" VPOS="1288" WIDTH="46" HEIGHT="37" WC="0.96" CONTENT="de"/><SP WIDTH="28" VPOS="1288" HPOS="661"/>
							<String ID="string_205" HPOS="689" VPOS="1289" WIDTH="11" HEIGHT="36" WC="0.96" CONTENT="i"/><SP WIDTH="30" VPOS="1289" HPOS="700"/>
							<String ID="string_206" HPOS="730" VPOS="1289" WIDTH="208" HEIGHT="37" WC="0.96" CONTENT="allmänhet"/><SP WIDTH="27" VPOS="1289" HPOS="938"/>
							<String ID="string_207" HPOS="965" VPOS="1289" WIDTH="190" HEIGHT="49" WC="0.94" CONTENT="gällande."/><SP WIDTH="56" VPOS="1289" HPOS="1155"/>
							<String ID="string_208" HPOS="1211" VPOS="1290" WIDTH="236" HEIGHT="50" WC="0.88" CONTENT="Visserligen"/><SP WIDTH="31" VPOS="1290" HPOS="1447"/>
							<String ID="string_209" HPOS="1478" VPOS="1291" WIDTH="135" HEIGHT="37" WC="0.96" CONTENT="funnes"/><SP WIDTH="29" VPOS="1291" HPOS="1613"/>
							<String ID="string_210" HPOS="1642" VPOS="1294" WIDTH="48" HEIGHT="46" WC="0.93" CONTENT="på"/><SP WIDTH="29" VPOS="1294" HPOS="1690"/>
							<String ID="string_211" HPOS="1719" VPOS="1291" WIDTH="99" HEIGHT="37" WC="0.93" CONTENT="ordi-"/>
						</TextLine>
						<TextLine ID="line_21" HPOS="230" VPOS="1337" WIDTH="1588" HEIGHT="55">
							<String ID="string_212" HPOS="230" VPOS="1337" WIDTH="106" HEIGHT="37" WC="0.91" CONTENT="narie"/><SP WIDTH="30" VPOS="1337" HPOS="336"/>
							<String ID="string_213" HPOS="366" VPOS="1345" WIDTH="75" HEIGHT="30" WC="0.93" CONTENT="stat"/><SP WIDTH="28" VPOS="1345" HPOS="441"/>
							<String ID="string_214" HPOS="469" VPOS="1340" WIDTH="180" HEIGHT="49" WC="0.92" CONTENT="uppfördt"/><SP WIDTH="29" VPOS="1340" HPOS="649"/>
							<String ID="string_215" HPOS="678" VPOS="1346" WIDTH="54" HEIGHT="31" WC="0.96" CONTENT="ett"/><SP WIDTH="28" VPOS="1346" HPOS="732"/>
							<String ID="string_216" HPOS="760" VPOS="1342" WIDTH="135" HEIGHT="47" WC="0.96" CONTENT="anslag"/><SP WIDTH="28" VPOS="1342" HPOS="895"/>
							<String ID="string_217" HPOS="923" VPOS="1341" WIDTH="42" HEIGHT="36" WC="0.90" CONTENT="af"/><SP WIDTH="26" VPOS="1341" HPOS="965"/>
							<String ID="string_218" HPOS="991" VPOS="1343" WIDTH="136" HEIGHT="44" WC="0.90" CONTENT="12,000"/><SP WIDTH="26" VPOS="1343" HPOS="1127"/>
							<String ID="string_219" HPOS="1153" VPOS="1342" WIDTH="139" HEIGHT="36" WC="0.96" CONTENT="kronor"/><SP WIDTH="22" VPOS="1342" HPOS="1292"/>
							<String ID="string_220" HPOS="1314" VPOS="1342" WIDTH="56" HEIGHT="37" WC="0.96" CONTENT="till"/><SP WIDTH="31" VPOS="1342" HPOS="1370"/>
							<String ID="string_221" HPOS="1401" VPOS="1348" WIDTH="119" HEIGHT="44" WC="0.96" CONTENT="vägar"/><SP WIDTH="28" VPOS="1348" HPOS="1520"/>
							<String ID="string_222" HPOS="1548" VPOS="1343" WIDTH="71" HEIGHT="37" WC="0.93" CONTENT="och"/><SP WIDTH="28" VPOS="1343" HPOS="1619"/>
							<String ID="string_223" HPOS="1647" VPOS="1344" WIDTH="171" HEIGHT="36" WC="0.92" CONTENT="kommu-"/>
						</TextLine>
						<TextLine ID="line_22" HPOS="229" VPOS="1390" WIDTH="1588" HEIGHT="54">
							<String ID="string_224" HPOS="229" VPOS="1390" WIDTH="230" HEIGHT="48" WC="0.91" CONTENT="nikationer,"/><SP WIDTH="31" VPOS="1390" HPOS="459"/>
							<String ID="string_225" HPOS="490" VPOS="1405" WIDTH="85" HEIGHT="24" WC="0.96" CONTENT="men"/><SP WIDTH="29" VPOS="1405" HPOS="575"/>
							<String ID="string_226" HPOS="604" VPOS="1393" WIDTH="103" HEIGHT="36" WC="0.95" CONTENT="detta"/><SP WIDTH="16" VPOS="1393" HPOS="707"/>
							<String ID="string_227" HPOS="723" VPOS="1394" WIDTH="134" HEIGHT="49" WC="0.96" CONTENT="anslag"/><SP WIDTH="19" VPOS="1394" HPOS="857"/>
							<String ID="string_228" HPOS="876" VPOS="1407" WIDTH="90" HEIGHT="23" WC="0.96" CONTENT="vore"/><SP WIDTH="22" VPOS="1407" HPOS="966"/>
							<String ID="string_229" HPOS="988" VPOS="1393" WIDTH="246" HEIGHT="51" WC="0.95" CONTENT="otillräckligt"/><SP WIDTH="20" VPOS="1393" HPOS="1234"/>
							<String ID="string_230" HPOS="1254" VPOS="1395" WIDTH="114" HEIGHT="36" WC="0.96" CONTENT="för"/><SP WIDTH="-31" VPOS="1395" HPOS="1368"/>
							<String ID="string_231" HPOS="1337" VPOS="1386" WIDTH="39" HEIGHT="62" WC="0.96" CONTENT="de"/><SP WIDTH="10" VPOS="1386" HPOS="1376"/>
							<String ID="string_232" HPOS="1386" VPOS="1395" WIDTH="185" HEIGHT="49" WC="0.96" CONTENT="ändamål,"/><SP WIDTH="18" VPOS="1395" HPOS="1571"/>
							<String ID="string_233" HPOS="1589" VPOS="1409" WIDTH="58" HEIGHT="23" WC="0.96" CONTENT="om"/><SP WIDTH="19" VPOS="1409" HPOS="1647"/>
							<String ID="string_234" HPOS="1666" VPOS="1395" WIDTH="151" HEIGHT="37" WC="0.96" CONTENT="hvilkas"/>
						</TextLine>
						<TextLine ID="line_23" HPOS="228" VPOS="1442" WIDTH="651" HEIGHT="53">
							<String ID="string_235" HPOS="228" VPOS="1442" WIDTH="306" HEIGHT="49" WC="0.92" CONTENT="tillgodoseende"/><SP WIDTH="28" VPOS="1442" HPOS="534"/>
							<String ID="string_236" HPOS="562" VPOS="1459" WIDTH="50" HEIGHT="22" WC="0.96" CONTENT="nu"/><SP WIDTH="31" VPOS="1459" HPOS="612"/>
							<String ID="string_237" HPOS="643" VPOS="1459" WIDTH="90" HEIGHT="23" WC="0.95" CONTENT="vore"/><SP WIDTH="30" VPOS="1459" HPOS="733"/>
							<String ID="string_238" HPOS="763" VPOS="1446" WIDTH="116" HEIGHT="49" WC="0.96" CONTENT="fråga."/>
						</TextLine>
					</TextBlock>
					<TextBlock ID="block_2" HPOS="230" VPOS="1495" WIDTH="1593" HEIGHT="310">
						<TextLine ID="line_24" HPOS="357" VPOS="1495" WIDTH="1459" HEIGHT="55">
							<String ID="string_239" HPOS="357" VPOS="1495" WIDTH="52" HEIGHT="37" WC="0.95" CONTENT="På"/><SP WIDTH="45" VPOS="1495" HPOS="409"/>
							<String ID="string_240" HPOS="454" VPOS="1497" WIDTH="123" HEIGHT="48" WC="0.92" CONTENT="grund"/><SP WIDTH="31" VPOS="1497" HPOS="577"/>
							<String ID="string_241" HPOS="608" VPOS="1497" WIDTH="41" HEIGHT="36" WC="0.95" CONTENT="af"/><SP WIDTH="23" VPOS="1497" HPOS="649"/>
							<String ID="string_242" HPOS="672" VPOS="1497" WIDTH="97" HEIGHT="37" WC="0.96" CONTENT="hvad"/><SP WIDTH="31" VPOS="1497" HPOS="769"/>
							<String ID="string_243" HPOS="800" VPOS="1498" WIDTH="189" HEIGHT="50" WC="0.96" CONTENT="styrelsen"/><SP WIDTH="30" VPOS="1498" HPOS="989"/>
							<String ID="string_244" HPOS="1019" VPOS="1499" WIDTH="159" HEIGHT="37" WC="0.96" CONTENT="sålunda"/><SP WIDTH="29" VPOS="1499" HPOS="1178"/>
							<String ID="string_245" HPOS="1207" VPOS="1499" WIDTH="136" HEIGHT="49" WC="0.93" CONTENT="anfört,"/><SP WIDTH="30" VPOS="1499" HPOS="1343"/>
							<String ID="string_246" HPOS="1373" VPOS="1500" WIDTH="212" HEIGHT="37" WC="0.91" CONTENT="hemstälde"/><SP WIDTH="31" VPOS="1500" HPOS="1585"/>
							<String ID="string_247" HPOS="1616" VPOS="1501" WIDTH="200" HEIGHT="49" WC="0.96" CONTENT="styrelsen,"/>
						</TextLine>
						<TextLine ID="line_25" HPOS="231" VPOS="1547" WIDTH="1587" HEIGHT="52">
							<String ID="string_248" HPOS="231" VPOS="1552" WIDTH="55" HEIGHT="31" WC="0.95" CONTENT="att"/><SP WIDTH="39" VPOS="1552" HPOS="286"/>
							<String ID="string_249" HPOS="325" VPOS="1547" WIDTH="57" HEIGHT="37" WC="0.95" CONTENT="för"/><SP WIDTH="42" VPOS="1547" HPOS="382"/>
							<String ID="string_250" HPOS="424" VPOS="1549" WIDTH="241" HEIGHT="50" WC="0.60" CONTENT="anläggning"/><SP WIDTH="34" VPOS="1549" HPOS="665"/>
							<String ID="string_251" HPOS="699" VPOS="1550" WIDTH="39" HEIGHT="37" WC="0.95" CONTENT="af"/><SP WIDTH="39" VPOS="1550" HPOS="738"/>
							<String ID="string_252" HPOS="777" VPOS="1564" WIDTH="75" HEIGHT="34" WC="0.96" CONTENT="nya"/><SP WIDTH="42" VPOS="1564" HPOS="852"/>
							<String ID="string_253" HPOS="894" VPOS="1555" WIDTH="119" HEIGHT="44" WC="0.93" CONTENT="vägar"/><SP WIDTH="47" VPOS="1555" HPOS="1013"/>
							<String ID="string_254" HPOS="1060" VPOS="1564" WIDTH="45" HEIGHT="23" WC="0.90" CONTENT="m."/><SP WIDTH="50" VPOS="1564" HPOS="1105"/>
							<String ID="string_255" HPOS="1155" VPOS="1566" WIDTH="46" HEIGHT="22" WC="0.87" CONTENT="m."/><SP WIDTH="37" VPOS="1566" HPOS="1201"/>
							<String ID="string_256" HPOS="1238" VPOS="1554" WIDTH="116" HEIGHT="35" WC="0.95" CONTENT="måtte"/><SP WIDTH="29" VPOS="1554" HPOS="1354"/>
							<String ID="string_257" HPOS="1383" VPOS="1552" WIDTH="58" HEIGHT="37" WC="0.96" CONTENT="för"/><SP WIDTH="27" VPOS="1552" HPOS="1441"/>
							<String ID="string_258" HPOS="1468" VPOS="1555" WIDTH="39" HEIGHT="34" WC="0.96" CONTENT="år"/><SP WIDTH="32" VPOS="1555" HPOS="1507"/>
							<String ID="string_259" HPOS="1539" VPOS="1556" WIDTH="95" HEIGHT="34" WC="0.95" CONTENT="1892"/><SP WIDTH="30" VPOS="1556" HPOS="1634"/>
							<String ID="string_260" HPOS="1664" VPOS="1553" WIDTH="154" HEIGHT="38" WC="0.96" CONTENT="anvisas"/>
						</TextLine>
						<TextLine ID="line_26" HPOS="231" VPOS="1601" WIDTH="1589" HEIGHT="53">
							<String ID="string_261" HPOS="231" VPOS="1601" WIDTH="165" HEIGHT="45" WC="0.56" CONTENT="800,000"/><SP WIDTH="45" VPOS="1601" HPOS="396"/>
							<String ID="string_262" HPOS="441" VPOS="1601" WIDTH="150" HEIGHT="48" WC="0.87" CONTENT="kronor,"/><SP WIDTH="44" VPOS="1601" HPOS="591"/>
							<String ID="string_263" HPOS="635" VPOS="1602" WIDTH="110" HEIGHT="36" WC="0.92" CONTENT="deraf"/><SP WIDTH="27" VPOS="1602" HPOS="745"/>
							<String ID="string_264" HPOS="772" VPOS="1605" WIDTH="162" HEIGHT="44" WC="0.91" CONTENT="750,000"/><SP WIDTH="30" VPOS="1605" HPOS="934"/>
							<String ID="string_265" HPOS="964" VPOS="1603" WIDTH="141" HEIGHT="36" WC="0.96" CONTENT="kronor"/><SP WIDTH="40" VPOS="1603" HPOS="1105"/>
							<String ID="string_266" HPOS="1145" VPOS="1607" WIDTH="47" HEIGHT="46" WC="0.96" CONTENT="på"/><SP WIDTH="29" VPOS="1607" HPOS="1192"/>
							<String ID="string_267" HPOS="1221" VPOS="1604" WIDTH="135" HEIGHT="36" WC="0.96" CONTENT="hittills"/><SP WIDTH="30" VPOS="1604" HPOS="1356"/>
							<String ID="string_268" HPOS="1386" VPOS="1605" WIDTH="154" HEIGHT="49" WC="0.96" CONTENT="vanliga"/><SP WIDTH="29" VPOS="1605" HPOS="1540"/>
							<String ID="string_269" HPOS="1569" VPOS="1605" WIDTH="124" HEIGHT="36" WC="0.96" CONTENT="vilkor"/><SP WIDTH="29" VPOS="1605" HPOS="1693"/>
							<String ID="string_270" HPOS="1722" VPOS="1612" WIDTH="98" HEIGHT="30" WC="0.96" CONTENT="samt"/>
						</TextLine>
						<TextLine ID="line_27" HPOS="231" VPOS="1652" WIDTH="1592" HEIGHT="55">
							<String ID="string_271" HPOS="231" VPOS="1653" WIDTH="138" HEIGHT="45" WC="0.44" CONTENT="50,000"/><SP WIDTH="43" VPOS="1653" HPOS="369"/>
							<String ID="string_272" HPOS="412" VPOS="1652" WIDTH="140" HEIGHT="38" WC="0.94" CONTENT="kronor"/><SP WIDTH="40" VPOS="1652" HPOS="552"/>
							<String ID="string_273" HPOS="592" VPOS="1659" WIDTH="66" HEIGHT="41" WC="0.95" CONTENT="att,"/><SP WIDTH="43" VPOS="1659" HPOS="658"/>
							<String ID="string_274" HPOS="701" VPOS="1655" WIDTH="66" HEIGHT="36" WC="0.96" CONTENT="der"/><SP WIDTH="33" VPOS="1655" HPOS="767"/>
							<String ID="string_275" HPOS="800" VPOS="1654" WIDTH="188" HEIGHT="37" WC="0.96" CONTENT="särskilda"/><SP WIDTH="28" VPOS="1654" HPOS="988"/>
							<String ID="string_276" HPOS="1016" VPOS="1655" WIDTH="330" HEIGHT="52" WC="0.96" CONTENT="omständigheter"/><SP WIDTH="28" VPOS="1655" HPOS="1346"/>
							<String ID="string_277" HPOS="1374" VPOS="1656" WIDTH="135" HEIGHT="37" WC="0.96" CONTENT="sådant"/><SP WIDTH="29" VPOS="1656" HPOS="1509"/>
							<String ID="string_278" HPOS="1538" VPOS="1657" WIDTH="213" HEIGHT="49" WC="0.95" CONTENT="påkallade,"/><SP WIDTH="31" VPOS="1657" HPOS="1751"/>
							<String ID="string_279" HPOS="1782" VPOS="1658" WIDTH="41" HEIGHT="36" WC="0.95" CONTENT="af"/>
						</TextLine>
						<TextLine ID="line_28" HPOS="230" VPOS="1703" WIDTH="1588" HEIGHT="56">
							<String ID="string_280" HPOS="230" VPOS="1703" WIDTH="138" HEIGHT="50" WC="0.93" CONTENT="Kongl."/><SP WIDTH="45" VPOS="1703" HPOS="368"/>
							<String ID="string_281" HPOS="413" VPOS="1705" WIDTH="106" HEIGHT="49" WC="0.96" CONTENT="Maj:t"/><SP WIDTH="41" VPOS="1705" HPOS="519"/>
							<String ID="string_282" HPOS="560" VPOS="1706" WIDTH="195" HEIGHT="37" WC="0.96" CONTENT="användas"/><SP WIDTH="43" VPOS="1706" HPOS="755"/>
							<String ID="string_283" HPOS="798" VPOS="1707" WIDTH="120" HEIGHT="49" WC="0.95" CONTENT="enligt"/><SP WIDTH="43" VPOS="1707" HPOS="918"/>
							<String ID="string_284" HPOS="961" VPOS="1706" WIDTH="45" HEIGHT="38" WC="0.96" CONTENT="de"/><SP WIDTH="42" VPOS="1706" HPOS="1006"/>
							<String ID="string_285" HPOS="1048" VPOS="1708" WIDTH="298" HEIGHT="46" WC="0.96" CONTENT="bestämmelser,"/><SP WIDTH="45" VPOS="1708" HPOS="1346"/>
							<String ID="string_286" HPOS="1391" VPOS="1722" WIDTH="80" HEIGHT="23" WC="0.96" CONTENT="som"/><SP WIDTH="31" VPOS="1722" HPOS="1471"/>
							<String ID="string_287" HPOS="1502" VPOS="1709" WIDTH="139" HEIGHT="49" WC="0.94" CONTENT="Kongl."/><SP WIDTH="30" VPOS="1709" HPOS="1641"/>
							<String ID="string_288" HPOS="1671" VPOS="1710" WIDTH="147" HEIGHT="49" WC="0.95" CONTENT="Maj:t"/><SP WIDTH="-20" VPOS="1710" HPOS="1818"/>
							<String ID="string_289" HPOS="1798" VPOS="1699" WIDTH="24" HEIGHT="64" WC="0.96" CONTENT="i"/>
						</TextLine>
						<TextLine ID="line_29" HPOS="230" VPOS="1756" WIDTH="864" HEIGHT="49">
							<String ID="string_290" HPOS="230" VPOS="1756" WIDTH="130" HEIGHT="49" WC="0.96" CONTENT="hvarje"/><SP WIDTH="30" VPOS="1756" HPOS="360"/>
							<String ID="string_291" HPOS="390" VPOS="1758" WIDTH="182" HEIGHT="36" WC="0.96" CONTENT="särskildt"/><SP WIDTH="29" VPOS="1758" HPOS="572"/>
							<String ID="string_292" HPOS="601" VPOS="1758" WIDTH="63" HEIGHT="36" WC="0.95" CONTENT="fall"/><SP WIDTH="30" VPOS="1758" HPOS="664"/>
							<String ID="string_293" HPOS="694" VPOS="1759" WIDTH="233" HEIGHT="37" WC="0.96" CONTENT="meddelade."/><SP WIDTH="161" VPOS="1759" HPOS="927"/>
							<String ID="string_294" HPOS="1088" VPOS="1761" WIDTH="6" HEIGHT="4" WC="0.36" CONTENT="i"/>
						</TextLine>
					</TextBlock>
					<TextBlock ID="block_3" HPOS="230" VPOS="1809" WIDTH="1590" HEIGHT="105">
						<TextLine ID="line_30" HPOS="362" VPOS="1809" WIDTH="1458" HEIGHT="53">
							<String ID="string_295" HPOS="362" VPOS="1809" WIDTH="17" HEIGHT="35" WC="0.93" CONTENT="I"/><SP WIDTH="42" VPOS="1809" HPOS="379"/>
							<String ID="string_296" HPOS="421" VPOS="1810" WIDTH="211" HEIGHT="49" WC="0.95" CONTENT="anledning"/><SP WIDTH="40" VPOS="1810" HPOS="632"/>
							<String ID="string_297" HPOS="672" VPOS="1811" WIDTH="41" HEIGHT="36" WC="0.96" CONTENT="af"/><SP WIDTH="37" VPOS="1811" HPOS="713"/>
							<String ID="string_298" HPOS="750" VPOS="1811" WIDTH="125" HEIGHT="41" WC="0.93" CONTENT="denna"/><SP WIDTH="30" VPOS="1811" HPOS="875"/>
							<String ID="string_299" HPOS="905" VPOS="1817" WIDTH="91" HEIGHT="42" WC="0.91" CONTENT="väg-"/><SP WIDTH="30" VPOS="1817" HPOS="996"/>
							<String ID="string_300" HPOS="1026" VPOS="1812" WIDTH="71" HEIGHT="36" WC="0.93" CONTENT="och"/><SP WIDTH="24" VPOS="1812" HPOS="1097"/>
							<String ID="string_301" HPOS="1121" VPOS="1812" WIDTH="557" HEIGHT="50" WC="0.90" CONTENT="vattenbyggnadsstyrelsens"/><SP WIDTH="28" VPOS="1812" HPOS="1678"/>
							<String ID="string_302" HPOS="1706" VPOS="1814" WIDTH="114" HEIGHT="36" WC="0.91" CONTENT="fram-"/>
						</TextLine>
						<TextLine ID="line_31" HPOS="230" VPOS="1862" WIDTH="1586" HEIGHT="52">
							<String ID="string_303" HPOS="230" VPOS="1862" WIDTH="185" HEIGHT="47" WC="0.96" CONTENT="ställning"/><SP WIDTH="27" VPOS="1862" HPOS="415"/>
							<String ID="string_304" HPOS="442" VPOS="1862" WIDTH="151" HEIGHT="48" WC="0.96" CONTENT="yttrade"/><SP WIDTH="30" VPOS="1862" HPOS="593"/>
							<String ID="string_305" HPOS="623" VPOS="1864" WIDTH="205" HEIGHT="36" WC="0.96" CONTENT="statsrådet"/><SP WIDTH="28" VPOS="1864" HPOS="828"/>
							<String ID="string_306" HPOS="856" VPOS="1864" WIDTH="71" HEIGHT="37" WC="0.96" CONTENT="och"/><SP WIDTH="28" VPOS="1864" HPOS="927"/>
							<String ID="string_307" HPOS="955" VPOS="1864" WIDTH="135" HEIGHT="37" WC="0.96" CONTENT="chefen"/><SP WIDTH="30" VPOS="1864" HPOS="1090"/>
							<String ID="string_308" HPOS="1120" VPOS="1864" WIDTH="57" HEIGHT="37" WC="0.93" CONTENT="för"/><SP WIDTH="29" VPOS="1864" HPOS="1177"/>
							<String ID="string_309" HPOS="1206" VPOS="1864" WIDTH="397" HEIGHT="50" WC="0.90" CONTENT="civildepartementet"/><SP WIDTH="29" VPOS="1864" HPOS="1603"/>
							<String ID="string_310" HPOS="1632" VPOS="1866" WIDTH="184" HEIGHT="48" WC="0.96" CONTENT="följande:"/>
						</TextLine>
					</TextBlock>
					<TextBlock ID="block_4" HPOS="229" VPOS="1914" WIDTH="1595" HEIGHT="459">
						<TextLine ID="line_32" HPOS="358" VPOS="1914" WIDTH="1460" HEIGHT="53">
							<String ID="string_311" HPOS="358" VPOS="1914" WIDTH="319" HEIGHT="49" WC="0.69" CONTENT="»Otvifvelaktigt"/><SP WIDTH="28" VPOS="1914" HPOS="677"/>
							<String ID="string_312" HPOS="705" VPOS="1919" WIDTH="41" HEIGHT="32" WC="0.95" CONTENT="är"/><SP WIDTH="28" VPOS="1919" HPOS="746"/>
							<String ID="string_313" HPOS="774" VPOS="1921" WIDTH="55" HEIGHT="31" WC="0.93" CONTENT="att"/><SP WIDTH="29" VPOS="1921" HPOS="829"/>
							<String ID="string_314" HPOS="858" VPOS="1919" WIDTH="19" HEIGHT="32" WC="0.92" CONTENT="å"/><SP WIDTH="29" VPOS="1919" HPOS="877"/>
							<String ID="string_315" HPOS="906" VPOS="1919" WIDTH="137" HEIGHT="46" WC="0.96" CONTENT="många"/><SP WIDTH="30" VPOS="1919" HPOS="1043"/>
							<String ID="string_316" HPOS="1073" VPOS="1916" WIDTH="129" HEIGHT="37" WC="0.94" CONTENT="orter"/><SP WIDTH="-10" VPOS="1916" HPOS="1202"/>
							<String ID="string_317" HPOS="1192" VPOS="1910" WIDTH="20" HEIGHT="61" WC="0.94" CONTENT="i"/><SP WIDTH="21" VPOS="1910" HPOS="1212"/>
							<String ID="string_318" HPOS="1233" VPOS="1916" WIDTH="44" HEIGHT="36" WC="0.96" CONTENT="de"/><SP WIDTH="17" VPOS="1916" HPOS="1277"/>
							<String ID="string_319" HPOS="1294" VPOS="1917" WIDTH="249" HEIGHT="37" WC="0.96" CONTENT="norrländska"/><SP WIDTH="16" VPOS="1917" HPOS="1543"/>
							<String ID="string_320" HPOS="1559" VPOS="1918" WIDTH="127" HEIGHT="49" WC="0.93" CONTENT="länen,"/><SP WIDTH="21" VPOS="1918" HPOS="1686"/>
							<String ID="string_321" HPOS="1707" VPOS="1919" WIDTH="111" HEIGHT="36" WC="0.92" CONTENT="hvar-"/>
						</TextLine>
						<TextLine ID="line_33" HPOS="231" VPOS="1966" WIDTH="1588" HEIGHT="54">
							<String ID="string_322" HPOS="231" VPOS="1972" WIDTH="58" HEIGHT="30" WC="0.96" CONTENT="est"/><SP WIDTH="28" VPOS="1972" HPOS="289"/>
							<String ID="string_323" HPOS="317" VPOS="1966" WIDTH="276" HEIGHT="50" WC="0.96" CONTENT="befolkningen"/><SP WIDTH="43" VPOS="1966" HPOS="593"/>
							<String ID="string_324" HPOS="636" VPOS="1973" WIDTH="40" HEIGHT="30" WC="0.96" CONTENT="är"/><SP WIDTH="37" VPOS="1973" HPOS="676"/>
							<String ID="string_325" HPOS="713" VPOS="1967" WIDTH="87" HEIGHT="50" WC="0.96" CONTENT="föga"/><SP WIDTH="42" VPOS="1967" HPOS="800"/>
							<String ID="string_326" HPOS="842" VPOS="1968" WIDTH="113" HEIGHT="36" WC="0.96" CONTENT="talrik"/><SP WIDTH="36" VPOS="1968" HPOS="955"/>
							<String ID="string_327" HPOS="991" VPOS="1968" WIDTH="69" HEIGHT="37" WC="0.96" CONTENT="och"/><SP WIDTH="25" VPOS="1968" HPOS="1060"/>
							<String ID="string_328" HPOS="1085" VPOS="1968" WIDTH="83" HEIGHT="36" WC="0.96" CONTENT="vidt"/><SP WIDTH="25" VPOS="1968" HPOS="1168"/>
							<String ID="string_329" HPOS="1193" VPOS="1968" WIDTH="131" HEIGHT="50" WC="0.96" CONTENT="spridd"/><SP WIDTH="30" VPOS="1968" HPOS="1324"/>
							<String ID="string_330" HPOS="1354" VPOS="1975" WIDTH="99" HEIGHT="31" WC="0.91" CONTENT="samt"/><SP WIDTH="28" VPOS="1975" HPOS="1453"/>
							<String ID="string_331" HPOS="1481" VPOS="1970" WIDTH="200" HEIGHT="36" WC="0.91" CONTENT="afstånden"/><SP WIDTH="32" VPOS="1970" HPOS="1681"/>
							<String ID="string_332" HPOS="1713" VPOS="1970" WIDTH="106" HEIGHT="50" WC="0.92" CONTENT="bety-"/>
						</TextLine>
						<TextLine ID="line_34" HPOS="230" VPOS="2018" WIDTH="1588" HEIGHT="54">
							<String ID="string_333" HPOS="230" VPOS="2018" WIDTH="135" HEIGHT="47" WC="0.96" CONTENT="dande,"/><SP WIDTH="40" VPOS="2018" HPOS="365"/>
							<String ID="string_334" HPOS="405" VPOS="2019" WIDTH="294" HEIGHT="37" WC="0.94" CONTENT="bestämmelsen"/><SP WIDTH="43" VPOS="2019" HPOS="699"/>
							<String ID="string_335" HPOS="742" VPOS="2026" WIDTH="54" HEIGHT="30" WC="0.94" CONTENT="att"/><SP WIDTH="42" VPOS="2026" HPOS="796"/>
							<String ID="string_336" HPOS="838" VPOS="2020" WIDTH="276" HEIGHT="49" WC="0.96" CONTENT="statsbidraget"/><SP WIDTH="40" VPOS="2020" HPOS="1114"/>
							<String ID="string_337" HPOS="1154" VPOS="2020" WIDTH="83" HEIGHT="37" WC="0.96" CONTENT="icke"/><SP WIDTH="28" VPOS="2020" HPOS="1237"/>
							<String ID="string_338" HPOS="1265" VPOS="2021" WIDTH="56" HEIGHT="36" WC="0.93" CONTENT="får"/><SP WIDTH="30" VPOS="2021" HPOS="1321"/>
							<String ID="string_339" HPOS="1351" VPOS="2021" WIDTH="211" HEIGHT="50" WC="0.91" CONTENT="öfverstiga"/><SP WIDTH="29" VPOS="2021" HPOS="1562"/>
							<String ID="string_340" HPOS="1591" VPOS="2026" WIDTH="63" HEIGHT="32" WC="0.91" CONTENT="två"/><SP WIDTH="25" VPOS="2026" HPOS="1654"/>
							<String ID="string_341" HPOS="1679" VPOS="2023" WIDTH="139" HEIGHT="49" WC="0.91" CONTENT="tredje-"/>
						</TextLine>
						<TextLine ID="line_35" HPOS="230" VPOS="2070" WIDTH="1587" HEIGHT="54">
							<String ID="string_342" HPOS="230" VPOS="2070" WIDTH="105" HEIGHT="37" WC="0.96" CONTENT="delar"/><SP WIDTH="28" VPOS="2070" HPOS="335"/>
							<String ID="string_343" HPOS="363" VPOS="2071" WIDTH="40" HEIGHT="36" WC="0.96" CONTENT="af"/><SP WIDTH="25" VPOS="2071" HPOS="403"/>
							<String ID="string_344" HPOS="428" VPOS="2071" WIDTH="211" HEIGHT="36" WC="0.96" CONTENT="kostnaden"/><SP WIDTH="30" VPOS="2071" HPOS="639"/>
							<String ID="string_345" HPOS="669" VPOS="2077" WIDTH="115" HEIGHT="42" WC="0.96" CONTENT="utgör"/><SP WIDTH="28" VPOS="2077" HPOS="784"/>
							<String ID="string_346" HPOS="812" VPOS="2077" WIDTH="55" HEIGHT="31" WC="0.96" CONTENT="ett"/><SP WIDTH="28" VPOS="2077" HPOS="867"/>
							<String ID="string_347" HPOS="895" VPOS="2072" WIDTH="136" HEIGHT="37" WC="0.96" CONTENT="hinder"/><SP WIDTH="29" VPOS="2072" HPOS="1031"/>
							<String ID="string_348" HPOS="1060" VPOS="2072" WIDTH="58" HEIGHT="37" WC="0.93" CONTENT="för"/><SP WIDTH="29" VPOS="2072" HPOS="1118"/>
							<String ID="string_349" HPOS="1147" VPOS="2074" WIDTH="339" HEIGHT="36" WC="0.90" CONTENT="åstadkommande"/><SP WIDTH="30" VPOS="2074" HPOS="1486"/>
							<String ID="string_350" HPOS="1516" VPOS="2074" WIDTH="41" HEIGHT="37" WC="0.93" CONTENT="af"/><SP WIDTH="25" VPOS="2074" HPOS="1557"/>
							<String ID="string_351" HPOS="1582" VPOS="2075" WIDTH="235" HEIGHT="49" WC="0.91" CONTENT="väganlägg-"/>
						</TextLine>
						<TextLine ID="line_36" HPOS="229" VPOS="2122" WIDTH="1589" HEIGHT="53">
							<String ID="string_352" HPOS="229" VPOS="2122" WIDTH="150" HEIGHT="49" WC="0.96" CONTENT="ningar."/><SP WIDTH="56" VPOS="2122" HPOS="379"/>
							<String ID="string_353" HPOS="435" VPOS="2123" WIDTH="72" HEIGHT="36" WC="0.96" CONTENT="Det"/><SP WIDTH="29" VPOS="2123" HPOS="507"/>
							<String ID="string_354" HPOS="536" VPOS="2136" WIDTH="116" HEIGHT="36" WC="0.95" CONTENT="synes"/><SP WIDTH="29" VPOS="2136" HPOS="652"/>
							<String ID="string_355" HPOS="681" VPOS="2124" WIDTH="80" HEIGHT="49" WC="0.96" CONTENT="mig"/><SP WIDTH="27" VPOS="2124" HPOS="761"/>
							<String ID="string_356" HPOS="788" VPOS="2124" WIDTH="197" HEIGHT="37" WC="0.96" CONTENT="dessutom"/><SP WIDTH="31" VPOS="2124" HPOS="985"/>
							<String ID="string_357" HPOS="1016" VPOS="2138" WIDTH="89" HEIGHT="23" WC="0.96" CONTENT="vara"/><SP WIDTH="22" VPOS="2138" HPOS="1105"/>
							<String ID="string_358" HPOS="1127" VPOS="2128" WIDTH="39" HEIGHT="33" WC="0.96" CONTENT="så"/><SP WIDTH="20" VPOS="2128" HPOS="1166"/>
							<String ID="string_359" HPOS="1186" VPOS="2126" WIDTH="150" HEIGHT="48" WC="0.96" CONTENT="mycket"/><SP WIDTH="20" VPOS="2126" HPOS="1336"/>
							<String ID="string_360" HPOS="1356" VPOS="2139" WIDTH="103" HEIGHT="23" WC="0.96" CONTENT="mera"/><SP WIDTH="21" VPOS="2139" HPOS="1459"/>
							<String ID="string_361" HPOS="1480" VPOS="2126" WIDTH="127" HEIGHT="49" WC="0.96" CONTENT="billigt"/><SP WIDTH="16" VPOS="2126" HPOS="1607"/>
							<String ID="string_362" HPOS="1623" VPOS="2133" WIDTH="54" HEIGHT="30" WC="0.96" CONTENT="att"/><SP WIDTH="16" VPOS="2133" HPOS="1677"/>
							<String ID="string_363" HPOS="1693" VPOS="2132" WIDTH="125" HEIGHT="32" WC="0.95" CONTENT="staten"/>
						</TextLine>
						<TextLine ID="line_37" HPOS="229" VPOS="2174" WIDTH="1588" HEIGHT="53">
							<String ID="string_364" HPOS="229" VPOS="2175" WIDTH="10" HEIGHT="35" WC="0.95" CONTENT="i"/><SP WIDTH="30" VPOS="2175" HPOS="239"/>
							<String ID="string_365" HPOS="269" VPOS="2174" WIDTH="113" HEIGHT="37" WC="0.95" CONTENT="dessa"/><SP WIDTH="30" VPOS="2174" HPOS="382"/>
							<String ID="string_366" HPOS="412" VPOS="2175" WIDTH="143" HEIGHT="36" WC="0.95" CONTENT="trakter"/><SP WIDTH="28" VPOS="2175" HPOS="555"/>
							<String ID="string_367" HPOS="583" VPOS="2176" WIDTH="176" HEIGHT="36" WC="0.93" CONTENT="stundom"/><SP WIDTH="31" VPOS="2176" HPOS="759"/>
							<String ID="string_368" HPOS="790" VPOS="2176" WIDTH="146" HEIGHT="37" WC="0.92" CONTENT="lemnar"/><SP WIDTH="28" VPOS="2176" HPOS="936"/>
							<String ID="string_369" HPOS="964" VPOS="2182" WIDTH="53" HEIGHT="31" WC="0.95" CONTENT="ett"/><SP WIDTH="29" VPOS="2182" HPOS="1017"/>
							<String ID="string_370" HPOS="1046" VPOS="2182" WIDTH="120" HEIGHT="31" WC="0.96" CONTENT="större"/><SP WIDTH="28" VPOS="2182" HPOS="1166"/>
							<String ID="string_371" HPOS="1194" VPOS="2178" WIDTH="136" HEIGHT="49" WC="0.96" CONTENT="bidrag"/><SP WIDTH="28" VPOS="2178" HPOS="1330"/>
							<String ID="string_372" HPOS="1358" VPOS="2183" WIDTH="47" HEIGHT="31" WC="0.93" CONTENT="än"/><SP WIDTH="18" VPOS="2183" HPOS="1405"/>
							<String ID="string_373" HPOS="1423" VPOS="2179" WIDTH="239" HEIGHT="48" WC="0.92" CONTENT="vanligtsom"/><SP WIDTH="18" VPOS="2179" HPOS="1662"/>
							<String ID="string_374" HPOS="1680" VPOS="2185" WIDTH="137" HEIGHT="42" WC="0.95" CONTENT="staten,"/>
						</TextLine>
						<TextLine ID="line_38" HPOS="229" VPOS="2227" WIDTH="1587" HEIGHT="54">
							<String ID="string_375" HPOS="229" VPOS="2229" WIDTH="123" HEIGHT="34" WC="0.96" CONTENT="såsom"/><SP WIDTH="34" VPOS="2229" HPOS="352"/>
							<String ID="string_376" HPOS="386" VPOS="2227" WIDTH="73" HEIGHT="36" WC="0.96" CONTENT="den"/><SP WIDTH="29" VPOS="2227" HPOS="459"/>
							<String ID="string_377" HPOS="488" VPOS="2232" WIDTH="140" HEIGHT="32" WC="0.93" CONTENT="störste"/><SP WIDTH="27" VPOS="2232" HPOS="628"/>
							<String ID="string_378" HPOS="655" VPOS="2228" WIDTH="226" HEIGHT="49" WC="0.90" CONTENT="jordegaren"/><SP WIDTH="32" VPOS="2228" HPOS="881"/>
							<String ID="string_379" HPOS="913" VPOS="2229" WIDTH="207" HEIGHT="46" WC="0.90" CONTENT="derstädes,"/><SP WIDTH="31" VPOS="2229" HPOS="1120"/>
							<String ID="string_380" HPOS="1151" VPOS="2230" WIDTH="122" HEIGHT="49" WC="0.95" CONTENT="sjelf"/><SP WIDTH="-2" VPOS="2230" HPOS="1273"/>
							<String ID="string_381" HPOS="1271" VPOS="2223" WIDTH="20" HEIGHT="62" WC="0.96" CONTENT="i"/><SP WIDTH="16" VPOS="2223" HPOS="1291"/>
							<String ID="string_382" HPOS="1307" VPOS="2231" WIDTH="77" HEIGHT="47" WC="0.96" CONTENT="hög"/><SP WIDTH="33" VPOS="2231" HPOS="1384"/>
							<String ID="string_383" HPOS="1417" VPOS="2230" WIDTH="95" HEIGHT="49" WC="0.93" CONTENT="grad"/><SP WIDTH="30" VPOS="2230" HPOS="1512"/>
							<String ID="string_384" HPOS="1542" VPOS="2231" WIDTH="136" HEIGHT="50" WC="0.92" CONTENT="drager"/><SP WIDTH="29" VPOS="2231" HPOS="1678"/>
							<String ID="string_385" HPOS="1707" VPOS="2238" WIDTH="109" HEIGHT="42" WC="0.96" CONTENT="nytta"/>
						</TextLine>
						<TextLine ID="line_39" HPOS="231" VPOS="2279" WIDTH="1588" HEIGHT="51">
							<String ID="string_386" HPOS="231" VPOS="2279" WIDTH="40" HEIGHT="36" WC="0.95" CONTENT="af"/><SP WIDTH="33" VPOS="2279" HPOS="271"/>
							<String ID="string_387" HPOS="304" VPOS="2279" WIDTH="46" HEIGHT="36" WC="0.95" CONTENT="de"/><SP WIDTH="42" VPOS="2279" HPOS="350"/>
							<String ID="string_388" HPOS="392" VPOS="2279" WIDTH="276" HEIGHT="49" WC="0.96" CONTENT="förbättringar"/><SP WIDTH="41" VPOS="2279" HPOS="668"/>
							<String ID="string_389" HPOS="709" VPOS="2280" WIDTH="10" HEIGHT="36" WC="0.91" CONTENT="1"/><SP WIDTH="31" VPOS="2280" HPOS="719"/>
							<String ID="string_390" HPOS="750" VPOS="2281" WIDTH="549" HEIGHT="49" WC="0.92" CONTENT="kommunikationsväsendet,"/><SP WIDTH="32" VPOS="2281" HPOS="1299"/>
							<String ID="string_391" HPOS="1331" VPOS="2296" WIDTH="79" HEIGHT="23" WC="0.96" CONTENT="som"/><SP WIDTH="31" VPOS="2296" HPOS="1410"/>
							<String ID="string_392" HPOS="1441" VPOS="2283" WIDTH="67" HEIGHT="36" WC="0.96" CONTENT="der"/><SP WIDTH="28" VPOS="2283" HPOS="1508"/>
							<String ID="string_393" HPOS="1536" VPOS="2284" WIDTH="127" HEIGHT="36" WC="0.93" CONTENT="kunna"/><SP WIDTH="30" VPOS="2284" HPOS="1663"/>
							<String ID="string_394" HPOS="1693" VPOS="2284" WIDTH="126" HEIGHT="36" WC="0.91" CONTENT="åstad-"/>
						</TextLine>
						<TextLine ID="line_40" HPOS="229" VPOS="2331" WIDTH="1595" HEIGHT="42">
							<String ID="string_395" HPOS="229" VPOS="2331" WIDTH="186" HEIGHT="37" WC="0.93" CONTENT="kommas."/><SP WIDTH="56" VPOS="2331" HPOS="415"/>
							<String ID="string_396" HPOS="471" VPOS="2332" WIDTH="88" HEIGHT="36" WC="0.95" CONTENT="Icke"/><SP WIDTH="42" VPOS="2332" HPOS="559"/>
							<String ID="string_397" HPOS="601" VPOS="2332" WIDTH="119" HEIGHT="37" WC="0.96" CONTENT="heller"/><SP WIDTH="46" VPOS="2332" HPOS="720"/>
							<String ID="string_398" HPOS="766" VPOS="2333" WIDTH="67" HEIGHT="37" WC="0.95" CONTENT="bör"/><SP WIDTH="41" VPOS="2333" HPOS="833"/>
							<String ID="string_399" HPOS="874" VPOS="2334" WIDTH="65" HEIGHT="36" WC="0.93" CONTENT="det"/><SP WIDTH="41" VPOS="2334" HPOS="939"/>
							<String ID="string_400" HPOS="980" VPOS="2334" WIDTH="145" HEIGHT="37" WC="0.92" CONTENT="lemnas"/><SP WIDTH="43" VPOS="2334" HPOS="1125"/>
							<String ID="string_401" HPOS="1168" VPOS="2334" WIDTH="206" HEIGHT="37" WC="0.92" CONTENT="obeaktadt"/><SP WIDTH="29" VPOS="2334" HPOS="1374"/>
							<String ID="string_402" HPOS="1403" VPOS="2340" WIDTH="55" HEIGHT="31" WC="0.93" CONTENT="att"/><SP WIDTH="29" VPOS="2340" HPOS="1458"/>
							<String ID="string_403" HPOS="1487" VPOS="2336" WIDTH="268" HEIGHT="37" WC="0.90" CONTENT="befordrandet"/><SP WIDTH="29" VPOS="2336" HPOS="1755"/>
							<String ID="string_404" HPOS="1784" VPOS="2337" WIDTH="40" HEIGHT="35" WC="0.96" CONTENT="af"/>
						</TextLine>
					</TextBlock>
				</ComposedBlock>
			</PrintSpace>
		</Page>
	</Layout>
</alto>
