<?xml version="1.0" encoding="UTF-8"?>
<alto xmlns="http://www.loc.gov/standards/alto/ns-v3#" xmlns:xlink="http://www.w3.org/1999/xlink" xmlns:xsi="http://www.w3.org/2001/XMLSchema-instance" xsi:schemaLocation="http://www.loc.gov/standards/alto/ns-v3# http://www.loc.gov/alto/v3/alto-3-0.xsd">
	<Description>
		<MeasurementUnit>pixel</MeasurementUnit>
		<sourceImageInformation>
			<fileName>/tmp/tess_kgzxsfs9_input.PNG</fileName>
		</sourceImageInformation>
		<OCRProcessing ID="OCR_0">
			<ocrProcessingStep>
				<processingSoftware>
					<softwareName>tesseract 5.3.0</softwareName>
				</processingSoftware>
			</ocrProcessingStep>
		</OCRProcessing>
	</Description>
	<Layout>
		<Page WIDTH="1882" HEIGHT="2810" PHYSICAL_IMG_NR="0" ID="page_0">
			<PrintSpace HPOS="0" VPOS="0" WIDTH="1882" HEIGHT="2810">
				<ComposedBlock ID="cblock_0" HPOS="513" VPOS="136" WIDTH="1101" HEIGHT="47">
					<TextBlock ID="block_0" HPOS="513" VPOS="136" WIDTH="1101" HEIGHT="47">
						<TextLine ID="line_0" HPOS="513" VPOS="136" WIDTH="1101" HEIGHT="47">
							<String ID="string_0" HPOS="513" VPOS="147" WIDTH="117" HEIGHT="30" WC="0.90" CONTENT="Andra"/><SP WIDTH="25" VPOS="147" HPOS="630"/>
							<String ID="string_1" HPOS="655" VPOS="145" WIDTH="237" HEIGHT="38" WC="0.90" CONTENT="lagutskottets"/><SP WIDTH="26" VPOS="145" HPOS="892"/>
							<String ID="string_2" HPOS="918" VPOS="143" WIDTH="176" HEIGHT="32" WC="0.96" CONTENT="utlåtande"/><SP WIDTH="25" VPOS="143" HPOS="1094"/>
							<String ID="string_3" HPOS="1119" VPOS="153" WIDTH="40" HEIGHT="20" WC="0.94" CONTENT="nr"/><SP WIDTH="17" VPOS="153" HPOS="1159"/>
							<String ID="string_4" HPOS="1176" VPOS="144" WIDTH="48" HEIGHT="29" WC="0.91" CONTENT="51."/><SP WIDTH="372" VPOS="144" HPOS="1224"/>
							<String ID="string_5" HPOS="1596" VPOS="136" WIDTH="18" HEIGHT="30" WC="0.96" CONTENT="3"/>
						</TextLine>
					</TextBlock>
				</ComposedBlock>
				<ComposedBlock ID="cblock_1" HPOS="1380" VPOS="283" WIDTH="185" HEIGHT="36">
					<TextBlock ID="block_1" HPOS="1380" VPOS="283" WIDTH="185" HEIGHT="36">
						<TextLine ID="line_1" HPOS="1380" VPOS="283" WIDTH="185" HEIGHT="36">
							<String ID="string_6" HPOS="1380" VPOS="283" WIDTH="118" HEIGHT="36" WC="0.92" CONTENT="Bilaga"/><SP WIDTH="31" VPOS="283" HPOS="1498"/>
							<String ID="string_7" HPOS="1529" VPOS="283" WIDTH="36" HEIGHT="29" WC="0.91" CONTENT="A."/>
						</TextLine>
					</TextBlock>
				</ComposedBlock>
				<ComposedBlock ID="cblock_2" HPOS="550" VPOS="513" WIDTH="622" HEIGHT="38">
					<TextBlock ID="block_2" HPOS="550" VPOS="513" WIDTH="622" HEIGHT="38">
						<TextLine ID="line_2" HPOS="550" VPOS="513" WIDTH="622" HEIGHT="38">
							<String ID="string_8" HPOS="550" VPOS="516" WIDTH="65" HEIGHT="30" WC="0.95" CONTENT="Till"/><SP WIDTH="16" VPOS="516" HPOS="615"/>
							<String ID="string_9" HPOS="631" VPOS="515" WIDTH="200" HEIGHT="36" WC="0.95" CONTENT="riksdagens"/><SP WIDTH="18" VPOS="515" HPOS="831"/>
							<String ID="string_10" HPOS="849" VPOS="514" WIDTH="109" HEIGHT="30" WC="0.91" CONTENT="andra"/><SP WIDTH="18" VPOS="514" HPOS="958"/>
							<String ID="string_11" HPOS="976" VPOS="513" WIDTH="196" HEIGHT="37" WC="0.90" CONTENT="lagutskott."/>
						</TextLine>
					</TextBlock>
				</ComposedBlock>
				<ComposedBlock ID="cblock_3" HPOS="109" VPOS="592" WIDTH="1521" HEIGHT="1911">
					<TextBlock ID="block_3" HPOS="109" VPOS="592" WIDTH="1507" HEIGHT="257">
						<TextLine ID="line_3" HPOS="155" VPOS="592" WIDTH="1458" HEIGHT="41">
							<String ID="string_12" HPOS="155" VPOS="602" WIDTH="129" HEIGHT="30" WC="0.95" CONTENT="Genom"/><SP WIDTH="23" VPOS="602" HPOS="284"/>
							<String ID="string_13" HPOS="307" VPOS="602" WIDTH="121" HEIGHT="31" WC="0.95" CONTENT="remiss"/><SP WIDTH="22" VPOS="602" HPOS="428"/>
							<String ID="string_14" HPOS="450" VPOS="602" WIDTH="67" HEIGHT="30" WC="0.96" CONTENT="den"/><SP WIDTH="24" VPOS="602" HPOS="517"/>
							<String ID="string_15" HPOS="541" VPOS="602" WIDTH="36" HEIGHT="29" WC="0.96" CONTENT="11"/><SP WIDTH="27" VPOS="602" HPOS="577"/>
							<String ID="string_16" HPOS="604" VPOS="600" WIDTH="154" HEIGHT="31" WC="0.96" CONTENT="februari"/><SP WIDTH="25" VPOS="600" HPOS="758"/>
							<String ID="string_17" HPOS="783" VPOS="600" WIDTH="82" HEIGHT="29" WC="0.96" CONTENT="1944"/><SP WIDTH="23" VPOS="600" HPOS="865"/>
							<String ID="string_18" HPOS="888" VPOS="599" WIDTH="65" HEIGHT="30" WC="0.96" CONTENT="har"/><SP WIDTH="23" VPOS="599" HPOS="953"/>
							<String ID="string_19" HPOS="976" VPOS="597" WIDTH="123" HEIGHT="36" WC="0.96" CONTENT="Kungl."/><SP WIDTH="26" VPOS="597" HPOS="1099"/>
							<String ID="string_20" HPOS="1125" VPOS="595" WIDTH="102" HEIGHT="37" WC="0.93" CONTENT="Maj:t"/><SP WIDTH="22" VPOS="595" HPOS="1227"/>
							<String ID="string_21" HPOS="1249" VPOS="595" WIDTH="168" HEIGHT="31" WC="0.91" CONTENT="anbefallt"/><SP WIDTH="21" VPOS="595" HPOS="1417"/>
							<String ID="string_22" HPOS="1438" VPOS="592" WIDTH="175" HEIGHT="37" WC="0.91" CONTENT="socialsty-"/>
						</TextLine>
						<TextLine ID="line_4" HPOS="109" VPOS="636" WIDTH="1505" HEIGHT="44">
							<String ID="string_23" HPOS="109" VPOS="645" WIDTH="112" HEIGHT="30" WC="0.96" CONTENT="relsen"/><SP WIDTH="23" VPOS="645" HPOS="221"/>
							<String ID="string_24" HPOS="244" VPOS="648" WIDTH="48" HEIGHT="26" WC="0.96" CONTENT="att"/><SP WIDTH="24" VPOS="648" HPOS="292"/>
							<String ID="string_25" HPOS="316" VPOS="645" WIDTH="50" HEIGHT="29" WC="0.96" CONTENT="till"/><SP WIDTH="26" VPOS="645" HPOS="366"/>
							<String ID="string_26" HPOS="392" VPOS="644" WIDTH="200" HEIGHT="36" WC="0.95" CONTENT="riksdagens"/><SP WIDTH="25" VPOS="644" HPOS="592"/>
							<String ID="string_27" HPOS="617" VPOS="643" WIDTH="109" HEIGHT="30" WC="0.92" CONTENT="andra"/><SP WIDTH="25" VPOS="643" HPOS="726"/>
							<String ID="string_28" HPOS="751" VPOS="642" WIDTH="189" HEIGHT="36" WC="0.92" CONTENT="lagutskott"/><SP WIDTH="24" VPOS="642" HPOS="940"/>
							<String ID="string_29" HPOS="964" VPOS="640" WIDTH="122" HEIGHT="36" WC="0.90" CONTENT="avgiva"/><SP WIDTH="24" VPOS="640" HPOS="1086"/>
							<String ID="string_30" HPOS="1110" VPOS="638" WIDTH="160" HEIGHT="37" WC="0.96" CONTENT="yttrande"/><SP WIDTH="24" VPOS="638" HPOS="1270"/>
							<String ID="string_31" HPOS="1294" VPOS="638" WIDTH="81" HEIGHT="29" WC="0.96" CONTENT="över"/><SP WIDTH="22" VPOS="638" HPOS="1375"/>
							<String ID="string_32" HPOS="1397" VPOS="636" WIDTH="217" HEIGHT="30" WC="0.96" CONTENT="motionerna"/>
						</TextLine>
						<TextLine ID="line_5" HPOS="109" VPOS="677" WIDTH="1505" HEIGHT="41">
							<String ID="string_33" HPOS="109" VPOS="697" WIDTH="42" HEIGHT="20" WC="0.93" CONTENT="nr"/><SP WIDTH="21" VPOS="697" HPOS="151"/>
							<String ID="string_34" HPOS="172" VPOS="685" WIDTH="122" HEIGHT="33" WC="0.92" CONTENT="9/1944"/><SP WIDTH="23" VPOS="685" HPOS="294"/>
							<String ID="string_35" HPOS="317" VPOS="687" WIDTH="11" HEIGHT="29" WC="0.96" CONTENT="i"/><SP WIDTH="24" VPOS="687" HPOS="328"/>
							<String ID="string_36" HPOS="352" VPOS="686" WIDTH="121" HEIGHT="30" WC="0.96" CONTENT="Första"/><SP WIDTH="19" VPOS="686" HPOS="473"/>
							<String ID="string_37" HPOS="492" VPOS="686" WIDTH="206" HEIGHT="30" WC="0.96" CONTENT="kammaren"/><SP WIDTH="22" VPOS="686" HPOS="698"/>
							<String ID="string_38" HPOS="720" VPOS="685" WIDTH="64" HEIGHT="29" WC="0.96" CONTENT="och"/><SP WIDTH="22" VPOS="685" HPOS="784"/>
							<String ID="string_39" HPOS="806" VPOS="693" WIDTH="42" HEIGHT="20" WC="0.92" CONTENT="nr"/><SP WIDTH="23" VPOS="693" HPOS="848"/>
							<String ID="string_40" HPOS="871" VPOS="679" WIDTH="142" HEIGHT="34" WC="0.92" CONTENT="28/1944"/><SP WIDTH="24" VPOS="679" HPOS="1013"/>
							<String ID="string_41" HPOS="1037" VPOS="682" WIDTH="10" HEIGHT="29" WC="0.96" CONTENT="i"/><SP WIDTH="22" VPOS="682" HPOS="1047"/>
							<String ID="string_42" HPOS="1069" VPOS="681" WIDTH="118" HEIGHT="30" WC="0.96" CONTENT="Andra"/><SP WIDTH="23" VPOS="681" HPOS="1187"/>
							<String ID="string_43" HPOS="1210" VPOS="680" WIDTH="205" HEIGHT="29" WC="0.96" CONTENT="kammaren"/><SP WIDTH="22" VPOS="680" HPOS="1415"/>
							<String ID="string_44" HPOS="1437" VPOS="677" WIDTH="177" HEIGHT="36" WC="0.95" CONTENT="angående"/>
						</TextLine>
						<TextLine ID="line_6" HPOS="110" VPOS="718" WIDTH="1506" HEIGHT="47">
							<String ID="string_45" HPOS="110" VPOS="730" WIDTH="69" HEIGHT="29" WC="0.96" CONTENT="viss"/><SP WIDTH="27" VPOS="730" HPOS="179"/>
							<String ID="string_46" HPOS="206" VPOS="729" WIDTH="146" HEIGHT="36" WC="0.96" CONTENT="ändring"/><SP WIDTH="26" VPOS="729" HPOS="352"/>
							<String ID="string_47" HPOS="378" VPOS="738" WIDTH="43" HEIGHT="20" WC="0.96" CONTENT="av"/><SP WIDTH="27" VPOS="738" HPOS="421"/>
							<String ID="string_48" HPOS="448" VPOS="727" WIDTH="158" HEIGHT="37" WC="0.96" CONTENT="gällande"/><SP WIDTH="26" VPOS="727" HPOS="606"/>
							<String ID="string_49" HPOS="632" VPOS="726" WIDTH="125" HEIGHT="30" WC="0.96" CONTENT="villkor"/><SP WIDTH="25" VPOS="726" HPOS="757"/>
							<String ID="string_50" HPOS="782" VPOS="725" WIDTH="56" HEIGHT="30" WC="0.96" CONTENT="för"/><SP WIDTH="26" VPOS="725" HPOS="838"/>
							<String ID="string_51" HPOS="864" VPOS="724" WIDTH="202" HEIGHT="34" WC="0.96" CONTENT="erhållande"/><SP WIDTH="26" VPOS="724" HPOS="1066"/>
							<String ID="string_52" HPOS="1092" VPOS="732" WIDTH="42" HEIGHT="21" WC="0.96" CONTENT="av"/><SP WIDTH="26" VPOS="732" HPOS="1134"/>
							<String ID="string_53" HPOS="1160" VPOS="721" WIDTH="189" HEIGHT="31" WC="0.96" CONTENT="understöd"/><SP WIDTH="27" VPOS="721" HPOS="1349"/>
							<String ID="string_54" HPOS="1376" VPOS="719" WIDTH="79" HEIGHT="31" WC="0.96" CONTENT="från"/><SP WIDTH="27" VPOS="719" HPOS="1455"/>
							<String ID="string_55" HPOS="1482" VPOS="718" WIDTH="134" HEIGHT="31" WC="0.96" CONTENT="erkänd"/>
						</TextLine>
						<TextLine ID="line_7" HPOS="110" VPOS="762" WIDTH="1504" HEIGHT="42">
							<String ID="string_56" HPOS="110" VPOS="771" WIDTH="349" HEIGHT="33" WC="0.91" CONTENT="arbetslöshetskassa"/><SP WIDTH="22" VPOS="771" HPOS="459"/>
							<String ID="string_57" HPOS="481" VPOS="773" WIDTH="90" HEIGHT="27" WC="0.96" CONTENT="samt"/><SP WIDTH="23" VPOS="773" HPOS="571"/>
							<String ID="string_58" HPOS="594" VPOS="771" WIDTH="49" HEIGHT="28" WC="0.96" CONTENT="att"/><SP WIDTH="24" VPOS="771" HPOS="643"/>
							<String ID="string_59" HPOS="667" VPOS="768" WIDTH="50" HEIGHT="30" WC="0.93" CONTENT="till"/><SP WIDTH="23" VPOS="768" HPOS="717"/>
							<String ID="string_60" HPOS="740" VPOS="767" WIDTH="380" HEIGHT="36" WC="0.90" CONTENT="socialdepartementet"/><SP WIDTH="22" VPOS="767" HPOS="1120"/>
							<String ID="string_61" HPOS="1142" VPOS="764" WIDTH="146" HEIGHT="30" WC="0.95" CONTENT="insända"/><SP WIDTH="25" VPOS="764" HPOS="1288"/>
							<String ID="string_62" HPOS="1313" VPOS="762" WIDTH="146" HEIGHT="31" WC="0.95" CONTENT="avskrift"/><SP WIDTH="25" VPOS="762" HPOS="1459"/>
							<String ID="string_63" HPOS="1484" VPOS="770" WIDTH="42" HEIGHT="20" WC="0.90" CONTENT="av"/><SP WIDTH="23" VPOS="770" HPOS="1526"/>
							<String ID="string_64" HPOS="1549" VPOS="763" WIDTH="65" HEIGHT="34" WC="0.90" CONTENT="ytt-"/>
						</TextLine>
						<TextLine ID="line_8" HPOS="110" VPOS="807" WIDTH="1079" HEIGHT="42">
							<String ID="string_65" HPOS="110" VPOS="815" WIDTH="131" HEIGHT="30" WC="0.89" CONTENT="randet."/><SP WIDTH="22" VPOS="815" HPOS="241"/>
							<String ID="string_66" HPOS="263" VPOS="814" WIDTH="13" HEIGHT="30" WC="0.96" CONTENT="I"/><SP WIDTH="19" VPOS="814" HPOS="276"/>
							<String ID="string_67" HPOS="295" VPOS="813" WIDTH="185" HEIGHT="36" WC="0.95" CONTENT="anledning"/><SP WIDTH="17" VPOS="813" HPOS="480"/>
							<String ID="string_68" HPOS="497" VPOS="812" WIDTH="109" HEIGHT="30" WC="0.96" CONTENT="härav"/><SP WIDTH="18" VPOS="812" HPOS="606"/>
							<String ID="string_69" HPOS="624" VPOS="810" WIDTH="56" HEIGHT="31" WC="0.96" CONTENT="får"/><SP WIDTH="17" VPOS="810" HPOS="680"/>
							<String ID="string_70" HPOS="697" VPOS="810" WIDTH="166" HEIGHT="36" WC="0.96" CONTENT="styrelsen"/><SP WIDTH="19" VPOS="810" HPOS="863"/>
							<String ID="string_71" HPOS="882" VPOS="808" WIDTH="122" HEIGHT="31" WC="0.96" CONTENT="anföra"/><SP WIDTH="20" VPOS="808" HPOS="1004"/>
							<String ID="string_72" HPOS="1024" VPOS="807" WIDTH="165" HEIGHT="36" WC="0.96" CONTENT="följande."/>
						</TextLine>
					</TextBlock>
					<TextBlock ID="block_4" HPOS="111" VPOS="844" WIDTH="1505" HEIGHT="171">
						<TextLine ID="line_9" HPOS="157" VPOS="844" WIDTH="1457" HEIGHT="46">
							<String ID="string_73" HPOS="157" VPOS="856" WIDTH="257" HEIGHT="31" WC="0.92" CONTENT="Motionärerna"/><SP WIDTH="13" VPOS="856" HPOS="414"/>
							<String ID="string_74" HPOS="427" VPOS="854" WIDTH="183" HEIGHT="31" WC="0.92" CONTENT="hemställa"/><SP WIDTH="14" VPOS="854" HPOS="610"/>
							<String ID="string_75" HPOS="624" VPOS="853" WIDTH="46" HEIGHT="37" WC="0.96" CONTENT="på"/><SP WIDTH="16" VPOS="853" HPOS="670"/>
							<String ID="string_76" HPOS="686" VPOS="852" WIDTH="148" HEIGHT="31" WC="0.95" CONTENT="anförda"/><SP WIDTH="16" VPOS="852" HPOS="834"/>
							<String ID="string_77" HPOS="850" VPOS="851" WIDTH="84" HEIGHT="35" WC="0.95" CONTENT="skäl,"/><SP WIDTH="17" VPOS="851" HPOS="934"/>
							<String ID="string_78" HPOS="951" VPOS="852" WIDTH="49" HEIGHT="28" WC="0.96" CONTENT="att"/><SP WIDTH="16" VPOS="852" HPOS="1000"/>
							<String ID="string_79" HPOS="1016" VPOS="849" WIDTH="186" HEIGHT="35" WC="0.96" CONTENT="riksdagen"/><SP WIDTH="14" VPOS="849" HPOS="1202"/>
							<String ID="string_80" HPOS="1216" VPOS="847" WIDTH="11" HEIGHT="30" WC="0.96" CONTENT="i"/><SP WIDTH="16" VPOS="847" HPOS="1227"/>
							<String ID="string_81" HPOS="1243" VPOS="846" WIDTH="164" HEIGHT="31" WC="0.96" CONTENT="skrivelse"/><SP WIDTH="16" VPOS="846" HPOS="1407"/>
							<String ID="string_82" HPOS="1423" VPOS="845" WIDTH="49" HEIGHT="30" WC="0.96" CONTENT="till"/><SP WIDTH="19" VPOS="845" HPOS="1472"/>
							<String ID="string_83" HPOS="1491" VPOS="844" WIDTH="123" HEIGHT="36" WC="0.75" CONTENT="Kunel."/>
						</TextLine>
						<TextLine ID="line_10" HPOS="111" VPOS="886" WIDTH="1504" HEIGHT="49">
							<String ID="string_84" HPOS="111" VPOS="899" WIDTH="103" HEIGHT="36" WC="0.96" CONTENT="Maj:t"/><SP WIDTH="20" VPOS="899" HPOS="214"/>
							<String ID="string_85" HPOS="234" VPOS="898" WIDTH="106" HEIGHT="31" WC="0.96" CONTENT="måtte"/><SP WIDTH="20" VPOS="898" HPOS="340"/>
							<String ID="string_86" HPOS="360" VPOS="897" WIDTH="141" HEIGHT="31" WC="0.96" CONTENT="anhålla"/><SP WIDTH="20" VPOS="897" HPOS="501"/>
							<String ID="string_87" HPOS="521" VPOS="906" WIDTH="57" HEIGHT="20" WC="0.96" CONTENT="om"/><SP WIDTH="22" VPOS="906" HPOS="578"/>
							<String ID="string_88" HPOS="600" VPOS="894" WIDTH="185" HEIGHT="36" WC="0.95" CONTENT="utredning"/><SP WIDTH="21" VPOS="894" HPOS="785"/>
							<String ID="string_89" HPOS="806" VPOS="894" WIDTH="10" HEIGHT="29" WC="0.96" CONTENT="i"/><SP WIDTH="22" VPOS="894" HPOS="816"/>
							<String ID="string_90" HPOS="838" VPOS="893" WIDTH="67" HEIGHT="30" WC="0.96" CONTENT="vad"/><SP WIDTH="21" VPOS="893" HPOS="905"/>
							<String ID="string_91" HPOS="926" VPOS="892" WIDTH="81" HEIGHT="30" WC="0.96" CONTENT="mån"/><SP WIDTH="22" VPOS="892" HPOS="1007"/>
							<String ID="string_92" HPOS="1029" VPOS="891" WIDTH="167" HEIGHT="34" WC="0.94" CONTENT="arbetare,"/><SP WIDTH="22" VPOS="891" HPOS="1196"/>
							<String ID="string_93" HPOS="1218" VPOS="899" WIDTH="75" HEIGHT="20" WC="0.96" CONTENT="som"/><SP WIDTH="24" VPOS="899" HPOS="1293"/>
							<String ID="string_94" HPOS="1317" VPOS="887" WIDTH="150" HEIGHT="37" WC="0.92" CONTENT="åtnjuter"/><SP WIDTH="21" VPOS="887" HPOS="1467"/>
							<String ID="string_95" HPOS="1488" VPOS="886" WIDTH="127" HEIGHT="31" WC="0.91" CONTENT="ålders-"/>
						</TextLine>
						<TextLine ID="line_11" HPOS="111" VPOS="928" WIDTH="1505" HEIGHT="50">
							<String ID="string_96" HPOS="111" VPOS="942" WIDTH="146" HEIGHT="36" WC="0.96" CONTENT="pension"/><SP WIDTH="27" VPOS="942" HPOS="257"/>
							<String ID="string_97" HPOS="284" VPOS="940" WIDTH="80" HEIGHT="31" WC="0.95" CONTENT="från"/><SP WIDTH="25" VPOS="940" HPOS="364"/>
							<String ID="string_98" HPOS="389" VPOS="939" WIDTH="240" HEIGHT="36" WC="0.95" CONTENT="arbetsgivare,"/><SP WIDTH="28" VPOS="939" HPOS="629"/>
							<String ID="string_99" HPOS="657" VPOS="937" WIDTH="76" HEIGHT="30" WC="0.96" CONTENT="icke"/><SP WIDTH="25" VPOS="937" HPOS="733"/>
							<String ID="string_100" HPOS="758" VPOS="936" WIDTH="88" HEIGHT="30" WC="0.95" CONTENT="skall"/><SP WIDTH="25" VPOS="936" HPOS="846"/>
							<String ID="string_101" HPOS="871" VPOS="944" WIDTH="83" HEIGHT="21" WC="0.96" CONTENT="vara"/><SP WIDTH="26" VPOS="944" HPOS="954"/>
							<String ID="string_102" HPOS="980" VPOS="932" WIDTH="192" HEIGHT="37" WC="0.96" CONTENT="berättigad"/><SP WIDTH="25" VPOS="932" HPOS="1172"/>
							<String ID="string_103" HPOS="1197" VPOS="935" WIDTH="48" HEIGHT="27" WC="0.96" CONTENT="att"/><SP WIDTH="25" VPOS="935" HPOS="1245"/>
							<String ID="string_104" HPOS="1270" VPOS="930" WIDTH="131" HEIGHT="31" WC="0.96" CONTENT="erhålla"/><SP WIDTH="26" VPOS="930" HPOS="1401"/>
							<String ID="string_105" HPOS="1427" VPOS="928" WIDTH="189" HEIGHT="31" WC="0.95" CONTENT="understöd"/>
						</TextLine>
						<TextLine ID="line_12" HPOS="111" VPOS="981" WIDTH="609" HEIGHT="34">
							<String ID="string_106" HPOS="111" VPOS="984" WIDTH="81" HEIGHT="31" WC="0.96" CONTENT="från"/><SP WIDTH="20" VPOS="984" HPOS="192"/>
							<String ID="string_107" HPOS="212" VPOS="984" WIDTH="131" HEIGHT="30" WC="0.92" CONTENT="erkänd"/><SP WIDTH="19" VPOS="984" HPOS="343"/>
							<String ID="string_108" HPOS="362" VPOS="981" WIDTH="358" HEIGHT="31" WC="0.91" CONTENT="arbetslöshetskassa."/>
						</TextLine>
					</TextBlock>
					<TextBlock ID="block_5" HPOS="112" VPOS="1016" WIDTH="1511" HEIGHT="845">
						<TextLine ID="line_13" HPOS="157" VPOS="1016" WIDTH="1458" HEIGHT="45">
							<String ID="string_109" HPOS="157" VPOS="1026" WIDTH="66" HEIGHT="30" WC="0.96" CONTENT="Till"/><SP WIDTH="16" VPOS="1026" HPOS="223"/>
							<String ID="string_110" HPOS="239" VPOS="1036" WIDTH="42" HEIGHT="20" WC="0.96" CONTENT="en"/><SP WIDTH="17" VPOS="1036" HPOS="281"/>
							<String ID="string_111" HPOS="298" VPOS="1025" WIDTH="127" HEIGHT="36" WC="0.96" CONTENT="början"/><SP WIDTH="17" VPOS="1025" HPOS="425"/>
							<String ID="string_112" HPOS="442" VPOS="1025" WIDTH="58" HEIGHT="30" WC="0.96" CONTENT="må"/><SP WIDTH="16" VPOS="1025" HPOS="500"/>
							<String ID="string_113" HPOS="516" VPOS="1023" WIDTH="215" HEIGHT="36" WC="0.96" CONTENT="framhållas,"/><SP WIDTH="20" VPOS="1023" HPOS="731"/>
							<String ID="string_114" HPOS="751" VPOS="1025" WIDTH="48" HEIGHT="28" WC="0.96" CONTENT="att"/><SP WIDTH="17" VPOS="1025" HPOS="799"/>
							<String ID="string_115" HPOS="816" VPOS="1023" WIDTH="98" HEIGHT="29" WC="0.93" CONTENT="inom"/><SP WIDTH="16" VPOS="1023" HPOS="914"/>
							<String ID="string_116" HPOS="930" VPOS="1018" WIDTH="487" HEIGHT="36" WC="0.90" CONTENT="arbetslöshetsförsäkringen"/><SP WIDTH="17" VPOS="1018" HPOS="1417"/>
							<String ID="string_117" HPOS="1434" VPOS="1017" WIDTH="75" HEIGHT="30" WC="0.93" CONTENT="icke"/><SP WIDTH="18" VPOS="1017" HPOS="1509"/>
							<String ID="string_118" HPOS="1527" VPOS="1016" WIDTH="88" HEIGHT="30" WC="0.91" CONTENT="före-"/>
						</TextLine>
						<TextLine ID="line_14" HPOS="113" VPOS="1058" WIDTH="1503" HEIGHT="46">
							<String ID="string_119" HPOS="113" VPOS="1069" WIDTH="112" HEIGHT="30" WC="0.95" CONTENT="finnes"/><SP WIDTH="21" VPOS="1069" HPOS="225"/>
							<String ID="string_120" HPOS="246" VPOS="1068" WIDTH="115" HEIGHT="36" WC="0.96" CONTENT="någon"/><SP WIDTH="22" VPOS="1068" HPOS="361"/>
							<String ID="string_121" HPOS="383" VPOS="1068" WIDTH="90" HEIGHT="29" WC="0.96" CONTENT="form"/><SP WIDTH="21" VPOS="1068" HPOS="473"/>
							<String ID="string_122" HPOS="494" VPOS="1076" WIDTH="43" HEIGHT="21" WC="0.93" CONTENT="av"/><SP WIDTH="23" VPOS="1076" HPOS="537"/>
							<String ID="string_123" HPOS="560" VPOS="1065" WIDTH="312" HEIGHT="37" WC="0.88" CONTENT="behovsprövning."/><SP WIDTH="24" VPOS="1065" HPOS="872"/>
							<String ID="string_124" HPOS="896" VPOS="1064" WIDTH="74" HEIGHT="30" WC="0.96" CONTENT="Den"/><SP WIDTH="22" VPOS="1064" HPOS="970"/>
							<String ID="string_125" HPOS="992" VPOS="1062" WIDTH="204" HEIGHT="31" WC="0.96" CONTENT="försäkrade"/><SP WIDTH="20" VPOS="1062" HPOS="1196"/>
							<String ID="string_126" HPOS="1216" VPOS="1062" WIDTH="64" HEIGHT="29" WC="0.96" CONTENT="har"/><SP WIDTH="22" VPOS="1062" HPOS="1280"/>
							<String ID="string_127" HPOS="1302" VPOS="1070" WIDTH="42" HEIGHT="20" WC="0.96" CONTENT="en"/><SP WIDTH="21" VPOS="1070" HPOS="1344"/>
							<String ID="string_128" HPOS="1365" VPOS="1059" WIDTH="146" HEIGHT="36" WC="0.96" CONTENT="lagligen"/><SP WIDTH="23" VPOS="1059" HPOS="1511"/>
							<String ID="string_129" HPOS="1534" VPOS="1058" WIDTH="82" HEIGHT="30" WC="0.92" CONTENT="fast-"/>
						</TextLine>
						<TextLine ID="line_15" HPOS="112" VPOS="1100" WIDTH="1504" HEIGHT="42">
							<String ID="string_130" HPOS="112" VPOS="1111" WIDTH="103" HEIGHT="30" WC="0.96" CONTENT="ställd"/><SP WIDTH="19" VPOS="1111" HPOS="215"/>
							<String ID="string_131" HPOS="234" VPOS="1111" WIDTH="68" HEIGHT="29" WC="0.96" CONTENT="rätt"/><SP WIDTH="18" VPOS="1111" HPOS="302"/>
							<String ID="string_132" HPOS="320" VPOS="1110" WIDTH="51" HEIGHT="30" WC="0.95" CONTENT="till"/><SP WIDTH="18" VPOS="1110" HPOS="371"/>
							<String ID="string_133" HPOS="389" VPOS="1109" WIDTH="189" HEIGHT="30" WC="0.96" CONTENT="understöd"/><SP WIDTH="20" VPOS="1109" HPOS="578"/>
							<String ID="string_134" HPOS="598" VPOS="1108" WIDTH="80" HEIGHT="31" WC="0.96" CONTENT="från"/><SP WIDTH="20" VPOS="1108" HPOS="678"/>
							<String ID="string_135" HPOS="698" VPOS="1108" WIDTH="51" HEIGHT="29" WC="0.96" CONTENT="sin"/><SP WIDTH="19" VPOS="1108" HPOS="749"/>
							<String ID="string_136" HPOS="768" VPOS="1108" WIDTH="114" HEIGHT="34" WC="0.96" CONTENT="kassa,"/><SP WIDTH="24" VPOS="1108" HPOS="882"/>
							<String ID="string_137" HPOS="906" VPOS="1106" WIDTH="113" HEIGHT="29" WC="0.96" CONTENT="därest"/><SP WIDTH="19" VPOS="1106" HPOS="1019"/>
							<String ID="string_138" HPOS="1038" VPOS="1106" WIDTH="73" HEIGHT="29" WC="0.95" CONTENT="han"/><SP WIDTH="18" VPOS="1106" HPOS="1111"/>
							<String ID="string_139" HPOS="1129" VPOS="1103" WIDTH="176" HEIGHT="37" WC="0.96" CONTENT="uppfyller"/><SP WIDTH="21" VPOS="1103" HPOS="1305"/>
							<String ID="string_140" HPOS="1326" VPOS="1103" WIDTH="41" HEIGHT="29" WC="0.93" CONTENT="de"/><SP WIDTH="21" VPOS="1103" HPOS="1367"/>
							<String ID="string_141" HPOS="1388" VPOS="1100" WIDTH="228" HEIGHT="36" WC="0.92" CONTENT="försäkrings-"/>
						</TextLine>
						<TextLine ID="line_16" HPOS="113" VPOS="1142" WIDTH="1505" HEIGHT="47">
							<String ID="string_142" HPOS="113" VPOS="1154" WIDTH="134" HEIGHT="35" WC="0.96" CONTENT="villkor,"/><SP WIDTH="26" VPOS="1154" HPOS="247"/>
							<String ID="string_143" HPOS="273" VPOS="1162" WIDTH="75" HEIGHT="20" WC="0.96" CONTENT="som"/><SP WIDTH="23" VPOS="1162" HPOS="348"/>
							<String ID="string_144" HPOS="371" VPOS="1152" WIDTH="116" HEIGHT="30" WC="0.95" CONTENT="finnas"/><SP WIDTH="24" VPOS="1152" HPOS="487"/>
							<String ID="string_145" HPOS="511" VPOS="1151" WIDTH="150" HEIGHT="36" WC="0.96" CONTENT="angivna"/><SP WIDTH="24" VPOS="1151" HPOS="661"/>
							<String ID="string_146" HPOS="685" VPOS="1151" WIDTH="11" HEIGHT="29" WC="0.96" CONTENT="i"/><SP WIDTH="22" VPOS="1151" HPOS="696"/>
							<String ID="string_147" HPOS="718" VPOS="1151" WIDTH="144" HEIGHT="29" WC="0.96" CONTENT="kassans"/><SP WIDTH="27" VPOS="1151" HPOS="862"/>
							<String ID="string_148" HPOS="889" VPOS="1148" WIDTH="148" HEIGHT="35" WC="0.96" CONTENT="stadgar,"/><SP WIDTH="24" VPOS="1148" HPOS="1037"/>
							<String ID="string_149" HPOS="1061" VPOS="1147" WIDTH="66" HEIGHT="29" WC="0.96" CONTENT="och"/><SP WIDTH="24" VPOS="1147" HPOS="1127"/>
							<String ID="string_150" HPOS="1151" VPOS="1145" WIDTH="107" HEIGHT="30" WC="0.95" CONTENT="bland"/><SP WIDTH="24" VPOS="1145" HPOS="1258"/>
							<String ID="string_151" HPOS="1282" VPOS="1144" WIDTH="98" HEIGHT="30" WC="0.95" CONTENT="dessa"/><SP WIDTH="24" VPOS="1144" HPOS="1380"/>
							<String ID="string_152" HPOS="1404" VPOS="1143" WIDTH="113" HEIGHT="30" WC="0.95" CONTENT="finnes"/><SP WIDTH="24" VPOS="1143" HPOS="1517"/>
							<String ID="string_153" HPOS="1541" VPOS="1142" WIDTH="77" HEIGHT="30" WC="0.96" CONTENT="icke"/>
						</TextLine>
						<TextLine ID="line_17" HPOS="112" VPOS="1180" WIDTH="1505" HEIGHT="52">
							<String ID="string_154" HPOS="112" VPOS="1196" WIDTH="115" HEIGHT="36" WC="0.96" CONTENT="någon"/><SP WIDTH="21" VPOS="1196" HPOS="227"/>
							<String ID="string_155" HPOS="248" VPOS="1194" WIDTH="250" HEIGHT="35" WC="0.95" CONTENT="bestämmelse,"/><SP WIDTH="20" VPOS="1194" HPOS="498"/>
							<String ID="string_156" HPOS="518" VPOS="1203" WIDTH="75" HEIGHT="20" WC="0.96" CONTENT="som"/><SP WIDTH="21" VPOS="1203" HPOS="593"/>
							<String ID="string_157" HPOS="614" VPOS="1192" WIDTH="128" HEIGHT="30" WC="0.96" CONTENT="hänför"/><SP WIDTH="18" VPOS="1192" HPOS="742"/>
							<String ID="string_158" HPOS="760" VPOS="1191" WIDTH="51" HEIGHT="36" WC="0.96" CONTENT="sig"/><SP WIDTH="19" VPOS="1191" HPOS="811"/>
							<String ID="string_159" HPOS="830" VPOS="1190" WIDTH="51" HEIGHT="30" WC="0.96" CONTENT="till"/><SP WIDTH="19" VPOS="1190" HPOS="881"/>
							<String ID="string_160" HPOS="900" VPOS="1190" WIDTH="248" HEIGHT="29" WC="0.95" CONTENT="medlemmens"/><SP WIDTH="20" VPOS="1190" HPOS="1148"/>
							<String ID="string_161" HPOS="1168" VPOS="1180" WIDTH="449" HEIGHT="46" WC="0.92" CONTENT="förmögenhetsförhållan-"/>
						</TextLine>
						<TextLine ID="line_18" HPOS="113" VPOS="1226" WIDTH="1504" HEIGHT="47">
							<String ID="string_162" HPOS="113" VPOS="1239" WIDTH="77" HEIGHT="30" WC="0.74" CONTENT="den,"/><SP WIDTH="20" VPOS="1239" HPOS="190"/>
							<String ID="string_163" HPOS="210" VPOS="1238" WIDTH="74" HEIGHT="30" WC="0.95" CONTENT="Den"/><SP WIDTH="17" VPOS="1238" HPOS="284"/>
							<String ID="string_164" HPOS="301" VPOS="1237" WIDTH="52" HEIGHT="31" WC="0.95" CONTENT="till"/><SP WIDTH="17" VPOS="1237" HPOS="353"/>
							<String ID="string_165" HPOS="370" VPOS="1237" WIDTH="111" HEIGHT="36" WC="0.96" CONTENT="grund"/><SP WIDTH="17" VPOS="1237" HPOS="481"/>
							<String ID="string_166" HPOS="498" VPOS="1236" WIDTH="54" HEIGHT="30" WC="0.96" CONTENT="för"/><SP WIDTH="18" VPOS="1236" HPOS="552"/>
							<String ID="string_167" HPOS="570" VPOS="1236" WIDTH="115" HEIGHT="29" WC="0.96" CONTENT="denna"/><SP WIDTH="16" VPOS="1236" HPOS="685"/>
							<String ID="string_168" HPOS="701" VPOS="1232" WIDTH="214" HEIGHT="38" WC="0.96" CONTENT="lagstiftning"/><SP WIDTH="16" VPOS="1232" HPOS="915"/>
							<String ID="string_169" HPOS="931" VPOS="1231" WIDTH="160" HEIGHT="36" WC="0.96" CONTENT="liggande"/><SP WIDTH="17" VPOS="1231" HPOS="1091"/>
							<String ID="string_170" HPOS="1108" VPOS="1227" WIDTH="397" HEIGHT="37" WC="0.91" CONTENT="försäkringsprincipen"/><SP WIDTH="17" VPOS="1227" HPOS="1505"/>
							<String ID="string_171" HPOS="1522" VPOS="1226" WIDTH="95" HEIGHT="29" WC="0.91" CONTENT="inne-"/>
						</TextLine>
						<TextLine ID="line_19" HPOS="113" VPOS="1268" WIDTH="1504" HEIGHT="48">
							<String ID="string_172" HPOS="113" VPOS="1281" WIDTH="73" HEIGHT="35" WC="0.96" CONTENT="bär,"/><SP WIDTH="22" VPOS="1281" HPOS="186"/>
							<String ID="string_173" HPOS="208" VPOS="1283" WIDTH="48" HEIGHT="28" WC="0.96" CONTENT="att"/><SP WIDTH="18" VPOS="1283" HPOS="256"/>
							<String ID="string_174" HPOS="274" VPOS="1289" WIDTH="45" HEIGHT="21" WC="0.90" CONTENT="en"/><SP WIDTH="20" VPOS="1289" HPOS="319"/>
							<String ID="string_175" HPOS="339" VPOS="1276" WIDTH="500" HEIGHT="33" WC="0.90" CONTENT="arbetslöshetskassamedlem"/><SP WIDTH="20" VPOS="1276" HPOS="839"/>
							<String ID="string_176" HPOS="859" VPOS="1275" WIDTH="65" HEIGHT="30" WC="0.96" CONTENT="har"/><SP WIDTH="21" VPOS="1275" HPOS="924"/>
							<String ID="string_177" HPOS="945" VPOS="1274" WIDTH="67" HEIGHT="30" WC="0.96" CONTENT="rätt"/><SP WIDTH="19" VPOS="1274" HPOS="1012"/>
							<String ID="string_178" HPOS="1031" VPOS="1273" WIDTH="51" HEIGHT="30" WC="0.96" CONTENT="till"/><SP WIDTH="23" VPOS="1273" HPOS="1082"/>
							<String ID="string_179" HPOS="1105" VPOS="1270" WIDTH="223" HEIGHT="37" WC="0.96" CONTENT="stadgeenligt"/><SP WIDTH="20" VPOS="1270" HPOS="1328"/>
							<String ID="string_180" HPOS="1348" VPOS="1268" WIDTH="190" HEIGHT="32" WC="0.92" CONTENT="understöd"/><SP WIDTH="20" VPOS="1268" HPOS="1538"/>
							<String ID="string_181" HPOS="1558" VPOS="1268" WIDTH="59" HEIGHT="29" WC="0.91" CONTENT="all-"/>
						</TextLine>
						<TextLine ID="line_20" HPOS="114" VPOS="1309" WIDTH="1504" HEIGHT="45">
							<String ID="string_182" HPOS="114" VPOS="1323" WIDTH="92" HEIGHT="30" WC="0.92" CONTENT="deles"/><SP WIDTH="17" VPOS="1323" HPOS="206"/>
							<String ID="string_183" HPOS="223" VPOS="1322" WIDTH="193" HEIGHT="32" WC="0.95" CONTENT="oberoende"/><SP WIDTH="16" VPOS="1322" HPOS="416"/>
							<String ID="string_184" HPOS="432" VPOS="1330" WIDTH="42" HEIGHT="22" WC="0.96" CONTENT="av"/><SP WIDTH="16" VPOS="1330" HPOS="474"/>
							<String ID="string_185" HPOS="490" VPOS="1320" WIDTH="75" HEIGHT="30" WC="0.93" CONTENT="sina"/><SP WIDTH="17" VPOS="1320" HPOS="565"/>
							<String ID="string_186" HPOS="582" VPOS="1319" WIDTH="166" HEIGHT="31" WC="0.92" CONTENT="inkomst-"/><SP WIDTH="17" VPOS="1319" HPOS="748"/>
							<String ID="string_187" HPOS="765" VPOS="1318" WIDTH="82" HEIGHT="30" WC="0.93" CONTENT="eller"/><SP WIDTH="16" VPOS="1318" HPOS="847"/>
							<String ID="string_188" HPOS="863" VPOS="1312" WIDTH="505" HEIGHT="39" WC="0.90" CONTENT="förmögenhetsförhållanden"/><SP WIDTH="16" VPOS="1312" HPOS="1368"/>
							<String ID="string_189" HPOS="1384" VPOS="1311" WIDTH="11" HEIGHT="30" WC="0.96" CONTENT="i"/><SP WIDTH="19" VPOS="1311" HPOS="1395"/>
							<String ID="string_190" HPOS="1414" VPOS="1310" WIDTH="117" HEIGHT="36" WC="0.95" CONTENT="övrigt."/><SP WIDTH="21" VPOS="1310" HPOS="1531"/>
							<String ID="string_191" HPOS="1552" VPOS="1309" WIDTH="66" HEIGHT="31" WC="0.96" CONTENT="Om"/>
						</TextLine>
						<TextLine ID="line_21" HPOS="114" VPOS="1352" WIDTH="1504" HEIGHT="48">
							<String ID="string_192" HPOS="114" VPOS="1375" WIDTH="44" HEIGHT="21" WC="0.96" CONTENT="en"/><SP WIDTH="19" VPOS="1375" HPOS="158"/>
							<String ID="string_193" HPOS="177" VPOS="1365" WIDTH="158" HEIGHT="35" WC="0.96" CONTENT="medlem,"/><SP WIDTH="21" VPOS="1365" HPOS="335"/>
							<String ID="string_194" HPOS="356" VPOS="1373" WIDTH="75" HEIGHT="21" WC="0.96" CONTENT="som"/><SP WIDTH="18" VPOS="1373" HPOS="431"/>
							<String ID="string_195" HPOS="449" VPOS="1362" WIDTH="138" HEIGHT="37" WC="0.96" CONTENT="uppbär"/><SP WIDTH="18" VPOS="1362" HPOS="587"/>
							<String ID="string_196" HPOS="605" VPOS="1359" WIDTH="198" HEIGHT="36" WC="0.96" CONTENT="understöd,"/><SP WIDTH="21" VPOS="1359" HPOS="803"/>
							<String ID="string_197" HPOS="824" VPOS="1357" WIDTH="207" HEIGHT="37" WC="0.95" CONTENT="exempelvis"/><SP WIDTH="20" VPOS="1357" HPOS="1031"/>
							<String ID="string_198" HPOS="1051" VPOS="1356" WIDTH="54" HEIGHT="31" WC="0.96" CONTENT="får"/><SP WIDTH="23" VPOS="1356" HPOS="1105"/>
							<String ID="string_199" HPOS="1128" VPOS="1365" WIDTH="42" HEIGHT="21" WC="0.96" CONTENT="en"/><SP WIDTH="19" VPOS="1365" HPOS="1170"/>
							<String ID="string_200" HPOS="1189" VPOS="1354" WIDTH="205" HEIGHT="31" WC="0.91" CONTENT="lotterivinst"/><SP WIDTH="17" VPOS="1354" HPOS="1394"/>
							<String ID="string_201" HPOS="1411" VPOS="1352" WIDTH="47" HEIGHT="37" WC="0.96" CONTENT="på"/><SP WIDTH="22" VPOS="1352" HPOS="1458"/>
							<String ID="string_202" HPOS="1480" VPOS="1353" WIDTH="61" HEIGHT="29" WC="0.96" CONTENT="100"/><SP WIDTH="14" VPOS="1353" HPOS="1541"/>
							<String ID="string_203" HPOS="1555" VPOS="1352" WIDTH="63" HEIGHT="29" WC="0.96" CONTENT="000"/>
						</TextLine>
						<TextLine ID="line_22" HPOS="115" VPOS="1394" WIDTH="1505" HEIGHT="49">
							<String ID="string_204" HPOS="115" VPOS="1409" WIDTH="138" HEIGHT="34" WC="0.96" CONTENT="kronor,"/><SP WIDTH="19" VPOS="1409" HPOS="253"/>
							<String ID="string_205" HPOS="272" VPOS="1406" WIDTH="183" HEIGHT="31" WC="0.96" CONTENT="förändras"/><SP WIDTH="16" VPOS="1406" HPOS="455"/>
							<String ID="string_206" HPOS="471" VPOS="1404" WIDTH="101" HEIGHT="31" WC="0.96" CONTENT="alltså"/><SP WIDTH="16" VPOS="1404" HPOS="572"/>
							<String ID="string_207" HPOS="588" VPOS="1405" WIDTH="89" HEIGHT="29" WC="0.93" CONTENT="hans"/><SP WIDTH="15" VPOS="1405" HPOS="677"/>
							<String ID="string_208" HPOS="692" VPOS="1401" WIDTH="276" HEIGHT="31" WC="0.92" CONTENT="understödsrätt"/><SP WIDTH="16" VPOS="1401" HPOS="968"/>
							<String ID="string_209" HPOS="984" VPOS="1399" WIDTH="76" HEIGHT="30" WC="0.96" CONTENT="icke"/><SP WIDTH="15" VPOS="1399" HPOS="1060"/>
							<String ID="string_210" HPOS="1075" VPOS="1398" WIDTH="10" HEIGHT="30" WC="0.96" CONTENT="i"/><SP WIDTH="17" VPOS="1398" HPOS="1085"/>
							<String ID="string_211" HPOS="1102" VPOS="1397" WIDTH="104" HEIGHT="37" WC="0.96" CONTENT="något"/><SP WIDTH="17" VPOS="1397" HPOS="1206"/>
							<String ID="string_212" HPOS="1223" VPOS="1396" WIDTH="177" HEIGHT="31" WC="0.94" CONTENT="avseende."/><SP WIDTH="19" VPOS="1396" HPOS="1400"/>
							<String ID="string_213" HPOS="1419" VPOS="1394" WIDTH="49" HEIGHT="31" WC="0.96" CONTENT="På"/><SP WIDTH="16" VPOS="1394" HPOS="1468"/>
							<String ID="string_214" HPOS="1484" VPOS="1402" WIDTH="136" HEIGHT="22" WC="0.96" CONTENT="samma"/>
						</TextLine>
						<TextLine ID="line_23" HPOS="115" VPOS="1436" WIDTH="1504" HEIGHT="46">
							<String ID="string_215" HPOS="115" VPOS="1451" WIDTH="68" HEIGHT="29" WC="0.96" CONTENT="sätt"/><SP WIDTH="23" VPOS="1451" HPOS="183"/>
							<String ID="string_216" HPOS="206" VPOS="1449" WIDTH="109" HEIGHT="30" WC="0.95" CONTENT="skulle"/><SP WIDTH="23" VPOS="1449" HPOS="315"/>
							<String ID="string_217" HPOS="338" VPOS="1448" WIDTH="57" HEIGHT="30" WC="0.96" CONTENT="det"/><SP WIDTH="23" VPOS="1448" HPOS="395"/>
							<String ID="string_218" HPOS="418" VPOS="1447" WIDTH="53" HEIGHT="31" WC="0.96" CONTENT="stå"/><SP WIDTH="22" VPOS="1447" HPOS="471"/>
							<String ID="string_219" HPOS="493" VPOS="1449" WIDTH="10" HEIGHT="29" WC="0.96" CONTENT="i"/><SP WIDTH="22" VPOS="1449" HPOS="503"/>
							<String ID="string_220" HPOS="525" VPOS="1446" WIDTH="183" HEIGHT="36" WC="0.96" CONTENT="uppenbar"/><SP WIDTH="23" VPOS="1446" HPOS="708"/>
							<String ID="string_221" HPOS="731" VPOS="1443" WIDTH="85" HEIGHT="31" WC="0.96" CONTENT="strid"/><SP WIDTH="23" VPOS="1443" HPOS="816"/>
							<String ID="string_222" HPOS="839" VPOS="1444" WIDTH="81" HEIGHT="29" WC="0.93" CONTENT="med"/><SP WIDTH="22" VPOS="1444" HPOS="920"/>
							<String ID="string_223" HPOS="942" VPOS="1438" WIDTH="408" HEIGHT="37" WC="0.91" CONTENT="försäkringsprincipen,"/><SP WIDTH="25" VPOS="1438" HPOS="1350"/>
							<String ID="string_224" HPOS="1375" VPOS="1446" WIDTH="57" HEIGHT="20" WC="0.96" CONTENT="om"/><SP WIDTH="26" VPOS="1446" HPOS="1432"/>
							<String ID="string_225" HPOS="1458" VPOS="1436" WIDTH="66" HEIGHT="30" WC="0.93" CONTENT="den"/><SP WIDTH="23" VPOS="1436" HPOS="1524"/>
							<String ID="string_226" HPOS="1547" VPOS="1445" WIDTH="72" HEIGHT="20" WC="0.91" CONTENT="om-"/>
						</TextLine>
						<TextLine ID="line_24" HPOS="116" VPOS="1481" WIDTH="1505" HEIGHT="47">
							<String ID="string_227" HPOS="116" VPOS="1492" WIDTH="249" HEIGHT="36" WC="0.91" CONTENT="ständigheten,"/><SP WIDTH="27" VPOS="1492" HPOS="365"/>
							<String ID="string_228" HPOS="392" VPOS="1494" WIDTH="52" HEIGHT="27" WC="0.96" CONTENT="att"/><SP WIDTH="28" VPOS="1494" HPOS="444"/>
							<String ID="string_229" HPOS="472" VPOS="1499" WIDTH="42" HEIGHT="21" WC="0.91" CONTENT="en"/><SP WIDTH="26" VPOS="1499" HPOS="514"/>
							<String ID="string_230" HPOS="540" VPOS="1487" WIDTH="431" HEIGHT="33" WC="0.91" CONTENT="arbetslöshetsförsäkrad"/><SP WIDTH="27" VPOS="1487" HPOS="971"/>
							<String ID="string_231" HPOS="998" VPOS="1486" WIDTH="232" HEIGHT="35" WC="0.96" CONTENT="arbetstagare"/><SP WIDTH="30" VPOS="1486" HPOS="1230"/>
							<String ID="string_232" HPOS="1260" VPOS="1482" WIDTH="175" HEIGHT="36" WC="0.96" CONTENT="samtidigt"/><SP WIDTH="26" VPOS="1482" HPOS="1435"/>
							<String ID="string_233" HPOS="1461" VPOS="1481" WIDTH="80" HEIGHT="30" WC="0.96" CONTENT="med"/><SP WIDTH="31" VPOS="1481" HPOS="1541"/>
							<String ID="string_234" HPOS="1572" VPOS="1483" WIDTH="49" HEIGHT="27" WC="0.93" CONTENT="att"/>
						</TextLine>
						<TextLine ID="line_25" HPOS="115" VPOS="1521" WIDTH="1506" HEIGHT="47">
							<String ID="string_235" HPOS="115" VPOS="1536" WIDTH="73" HEIGHT="29" WC="0.96" CONTENT="han"/><SP WIDTH="23" VPOS="1536" HPOS="188"/>
							<String ID="string_236" HPOS="211" VPOS="1535" WIDTH="107" HEIGHT="29" WC="0.96" CONTENT="slutar"/><SP WIDTH="23" VPOS="1535" HPOS="318"/>
							<String ID="string_237" HPOS="341" VPOS="1533" WIDTH="53" HEIGHT="30" WC="0.96" CONTENT="sin"/><SP WIDTH="22" VPOS="1533" HPOS="394"/>
							<String ID="string_238" HPOS="416" VPOS="1532" WIDTH="209" HEIGHT="36" WC="0.96" CONTENT="anställning"/><SP WIDTH="22" VPOS="1532" HPOS="625"/>
							<String ID="string_239" HPOS="647" VPOS="1530" WIDTH="147" HEIGHT="31" WC="0.96" CONTENT="erhåller"/><SP WIDTH="22" VPOS="1530" HPOS="794"/>
							<String ID="string_240" HPOS="816" VPOS="1529" WIDTH="146" HEIGHT="37" WC="0.96" CONTENT="pension"/><SP WIDTH="23" VPOS="1529" HPOS="962"/>
							<String ID="string_241" HPOS="985" VPOS="1527" WIDTH="81" HEIGHT="31" WC="0.97" CONTENT="från"/><SP WIDTH="22" VPOS="1527" HPOS="1066"/>
							<String ID="string_242" HPOS="1088" VPOS="1527" WIDTH="52" HEIGHT="30" WC="0.96" CONTENT="sin"/><SP WIDTH="25" VPOS="1527" HPOS="1140"/>
							<String ID="string_243" HPOS="1165" VPOS="1525" WIDTH="239" HEIGHT="36" WC="0.96" CONTENT="arbetsgivare,"/><SP WIDTH="24" VPOS="1525" HPOS="1404"/>
							<String ID="string_244" HPOS="1428" VPOS="1523" WIDTH="110" HEIGHT="30" WC="0.96" CONTENT="skulle"/><SP WIDTH="24" VPOS="1523" HPOS="1538"/>
							<String ID="string_245" HPOS="1562" VPOS="1521" WIDTH="59" HEIGHT="30" WC="0.96" CONTENT="vid"/>
						</TextLine>
						<TextLine ID="line_26" HPOS="116" VPOS="1564" WIDTH="1505" HEIGHT="46">
							<String ID="string_246" HPOS="116" VPOS="1577" WIDTH="227" HEIGHT="30" WC="0.95" CONTENT="arbetslöshet"/><SP WIDTH="26" VPOS="1577" HPOS="343"/>
							<String ID="string_247" HPOS="369" VPOS="1575" WIDTH="181" HEIGHT="30" WC="0.96" CONTENT="föranleda"/><SP WIDTH="25" VPOS="1575" HPOS="550"/>
							<String ID="string_248" HPOS="575" VPOS="1573" WIDTH="180" HEIGHT="37" WC="0.96" CONTENT="prövning,"/><SP WIDTH="29" VPOS="1573" HPOS="755"/>
							<String ID="string_249" HPOS="784" VPOS="1571" WIDTH="173" HEIGHT="31" WC="0.96" CONTENT="huruvida"/><SP WIDTH="26" VPOS="1571" HPOS="957"/>
							<String ID="string_250" HPOS="983" VPOS="1571" WIDTH="72" HEIGHT="29" WC="0.96" CONTENT="han"/><SP WIDTH="27" VPOS="1571" HPOS="1055"/>
							<String ID="string_251" HPOS="1082" VPOS="1578" WIDTH="79" HEIGHT="21" WC="0.96" CONTENT="vore"/><SP WIDTH="27" VPOS="1578" HPOS="1161"/>
							<String ID="string_252" HPOS="1188" VPOS="1568" WIDTH="10" HEIGHT="29" WC="0.96" CONTENT="i"/><SP WIDTH="27" VPOS="1568" HPOS="1198"/>
							<String ID="string_253" HPOS="1225" VPOS="1568" WIDTH="113" HEIGHT="30" WC="0.96" CONTENT="behov"/><SP WIDTH="26" VPOS="1568" HPOS="1338"/>
							<String ID="string_254" HPOS="1364" VPOS="1575" WIDTH="42" HEIGHT="21" WC="0.96" CONTENT="av"/><SP WIDTH="26" VPOS="1575" HPOS="1406"/>
							<String ID="string_255" HPOS="1432" VPOS="1564" WIDTH="189" HEIGHT="32" WC="0.96" CONTENT="understöd"/>
						</TextLine>
						<TextLine ID="line_27" HPOS="117" VPOS="1606" WIDTH="1505" HEIGHT="45">
							<String ID="string_256" HPOS="117" VPOS="1619" WIDTH="80" HEIGHT="31" WC="0.96" CONTENT="från"/><SP WIDTH="28" VPOS="1619" HPOS="197"/>
							<String ID="string_257" HPOS="225" VPOS="1620" WIDTH="136" HEIGHT="29" WC="0.95" CONTENT="kassan."/><SP WIDTH="27" VPOS="1620" HPOS="361"/>
							<String ID="string_258" HPOS="388" VPOS="1617" WIDTH="194" HEIGHT="30" WC="0.96" CONTENT="Pensionen"/><SP WIDTH="26" VPOS="1617" HPOS="582"/>
							<String ID="string_259" HPOS="608" VPOS="1615" WIDTH="110" HEIGHT="31" WC="0.96" CONTENT="måste"/><SP WIDTH="25" VPOS="1615" HPOS="718"/>
							<String ID="string_260" HPOS="743" VPOS="1614" WIDTH="165" HEIGHT="37" WC="0.96" CONTENT="juridiskt"/><SP WIDTH="24" VPOS="1614" HPOS="908"/>
							<String ID="string_261" HPOS="932" VPOS="1615" WIDTH="63" HEIGHT="27" WC="0.96" CONTENT="sett"/><SP WIDTH="28" VPOS="1615" HPOS="995"/>
							<String ID="string_262" HPOS="1023" VPOS="1620" WIDTH="100" HEIGHT="22" WC="0.96" CONTENT="anses"/><SP WIDTH="26" VPOS="1620" HPOS="1123"/>
							<String ID="string_263" HPOS="1149" VPOS="1611" WIDTH="121" HEIGHT="35" WC="0.96" CONTENT="utgöra"/><SP WIDTH="29" VPOS="1611" HPOS="1270"/>
							<String ID="string_264" HPOS="1299" VPOS="1608" WIDTH="158" HEIGHT="37" WC="0.96" CONTENT="intjänad"/><SP WIDTH="24" VPOS="1608" HPOS="1457"/>
							<String ID="string_265" HPOS="1481" VPOS="1607" WIDTH="60" HEIGHT="29" WC="0.96" CONTENT="lön"/><SP WIDTH="26" VPOS="1607" HPOS="1541"/>
							<String ID="string_266" HPOS="1567" VPOS="1606" WIDTH="55" HEIGHT="30" WC="0.96" CONTENT="för"/>
						</TextLine>
						<TextLine ID="line_28" HPOS="116" VPOS="1648" WIDTH="1505" HEIGHT="48">
							<String ID="string_267" HPOS="116" VPOS="1658" WIDTH="211" HEIGHT="34" WC="0.96" CONTENT="arbetstiden"/><SP WIDTH="27" VPOS="1658" HPOS="327"/>
							<String ID="string_268" HPOS="354" VPOS="1656" WIDTH="58" HEIGHT="40" WC="0.90" CONTENT="(="/><SP WIDTH="21" VPOS="1656" HPOS="412"/>
							<String ID="string_269" HPOS="433" VPOS="1653" WIDTH="349" HEIGHT="41" WC="0.91" CONTENT="anställningstiden),"/><SP WIDTH="24" VPOS="1653" HPOS="782"/>
							<String ID="string_270" HPOS="806" VPOS="1655" WIDTH="100" HEIGHT="31" WC="0.95" CONTENT="alltså"/><SP WIDTH="22" VPOS="1655" HPOS="906"/>
							<String ID="string_271" HPOS="928" VPOS="1655" WIDTH="75" HEIGHT="30" WC="0.96" CONTENT="icke"/><SP WIDTH="23" VPOS="1655" HPOS="1003"/>
							<String ID="string_272" HPOS="1026" VPOS="1654" WIDTH="58" HEIGHT="29" WC="0.96" CONTENT="lön"/><SP WIDTH="24" VPOS="1654" HPOS="1084"/>
							<String ID="string_273" HPOS="1108" VPOS="1653" WIDTH="55" HEIGHT="30" WC="0.93" CONTENT="för"/><SP WIDTH="21" VPOS="1653" HPOS="1163"/>
							<String ID="string_274" HPOS="1184" VPOS="1648" WIDTH="267" HEIGHT="40" WC="0.87" CONTENT="pensionstiden."/><SP WIDTH="24" VPOS="1648" HPOS="1451"/>
							<String ID="string_275" HPOS="1475" VPOS="1648" WIDTH="146" HEIGHT="31" WC="0.91" CONTENT="Försäk-"/>
						</TextLine>
						<TextLine ID="line_29" HPOS="117" VPOS="1690" WIDTH="1506" HEIGHT="50">
							<String ID="string_276" HPOS="117" VPOS="1703" WIDTH="238" HEIGHT="37" WC="0.91" CONTENT="ringsmässigt"/><SP WIDTH="25" VPOS="1703" HPOS="355"/>
							<String ID="string_277" HPOS="380" VPOS="1705" WIDTH="64" HEIGHT="27" WC="0.96" CONTENT="sett"/><SP WIDTH="25" VPOS="1705" HPOS="444"/>
							<String ID="string_278" HPOS="469" VPOS="1701" WIDTH="145" HEIGHT="30" WC="0.96" CONTENT="innebär"/><SP WIDTH="25" VPOS="1701" HPOS="614"/>
							<String ID="string_279" HPOS="639" VPOS="1700" WIDTH="190" HEIGHT="36" WC="0.96" CONTENT="pensionen"/><SP WIDTH="26" VPOS="1700" HPOS="829"/>
							<String ID="string_280" HPOS="855" VPOS="1707" WIDTH="43" HEIGHT="20" WC="0.96" CONTENT="en"/><SP WIDTH="26" VPOS="1707" HPOS="898"/>
							<String ID="string_281" HPOS="924" VPOS="1695" WIDTH="171" HEIGHT="32" WC="0.96" CONTENT="successiv"/><SP WIDTH="26" VPOS="1695" HPOS="1095"/>
							<String ID="string_282" HPOS="1121" VPOS="1693" WIDTH="215" HEIGHT="36" WC="0.96" CONTENT="utbetalning"/><SP WIDTH="26" VPOS="1693" HPOS="1336"/>
							<String ID="string_283" HPOS="1362" VPOS="1701" WIDTH="42" HEIGHT="22" WC="0.96" CONTENT="av"/><SP WIDTH="26" VPOS="1701" HPOS="1404"/>
							<String ID="string_284" HPOS="1430" VPOS="1692" WIDTH="100" HEIGHT="29" WC="0.95" CONTENT="ränta"/><SP WIDTH="27" VPOS="1692" HPOS="1530"/>
							<String ID="string_285" HPOS="1557" VPOS="1690" WIDTH="66" HEIGHT="30" WC="0.96" CONTENT="och"/>
						</TextLine>
						<TextLine ID="line_30" HPOS="118" VPOS="1731" WIDTH="1504" HEIGHT="51">
							<String ID="string_286" HPOS="118" VPOS="1746" WIDTH="132" HEIGHT="36" WC="0.96" CONTENT="kapital"/><SP WIDTH="21" VPOS="1746" HPOS="250"/>
							<String ID="string_287" HPOS="271" VPOS="1755" WIDTH="43" HEIGHT="20" WC="0.96" CONTENT="av"/><SP WIDTH="22" VPOS="1755" HPOS="314"/>
							<String ID="string_288" HPOS="336" VPOS="1755" WIDTH="45" HEIGHT="20" WC="0.96" CONTENT="en"/><SP WIDTH="22" VPOS="1755" HPOS="381"/>
							<String ID="string_289" HPOS="403" VPOS="1744" WIDTH="249" HEIGHT="36" WC="0.96" CONTENT="förmögenhet,"/><SP WIDTH="25" VPOS="1744" HPOS="652"/>
							<String ID="string_290" HPOS="677" VPOS="1740" WIDTH="208" HEIGHT="32" WC="0.96" CONTENT="tillhörande"/><SP WIDTH="22" VPOS="1740" HPOS="885"/>
							<String ID="string_291" HPOS="907" VPOS="1740" WIDTH="66" HEIGHT="29" WC="0.96" CONTENT="den"/><SP WIDTH="21" VPOS="1740" HPOS="973"/>
							<String ID="string_292" HPOS="994" VPOS="1737" WIDTH="214" HEIGHT="31" WC="0.96" CONTENT="försäkrade."/><SP WIDTH="25" VPOS="1737" HPOS="1208"/>
							<String ID="string_293" HPOS="1233" VPOS="1735" WIDTH="57" HEIGHT="30" WC="0.92" CONTENT="Ett"/><SP WIDTH="24" VPOS="1735" HPOS="1290"/>
							<String ID="string_294" HPOS="1314" VPOS="1731" WIDTH="308" HEIGHT="39" WC="0.92" CONTENT="förmögenhetsin-"/>
						</TextLine>
						<TextLine ID="line_31" HPOS="118" VPOS="1773" WIDTH="1505" HEIGHT="46">
							<String ID="string_295" HPOS="118" VPOS="1790" WIDTH="114" HEIGHT="29" WC="0.92" CONTENT="nehav"/><SP WIDTH="21" VPOS="1790" HPOS="232"/>
							<String ID="string_296" HPOS="253" VPOS="1789" WIDTH="70" HEIGHT="29" WC="0.96" CONTENT="kan"/><SP WIDTH="20" VPOS="1789" HPOS="323"/>
							<String ID="string_297" HPOS="343" VPOS="1787" WIDTH="77" HEIGHT="30" WC="0.61" CONTENT="icke"/><SP WIDTH="21" VPOS="1787" HPOS="420"/>
							<String ID="string_298" HPOS="441" VPOS="1786" WIDTH="180" HEIGHT="31" WC="0.96" CONTENT="föranleda"/><SP WIDTH="20" VPOS="1786" HPOS="621"/>
							<String ID="string_299" HPOS="641" VPOS="1794" WIDTH="42" HEIGHT="21" WC="0.96" CONTENT="en"/><SP WIDTH="20" VPOS="1794" HPOS="683"/>
							<String ID="string_300" HPOS="703" VPOS="1782" WIDTH="230" HEIGHT="37" WC="0.96" CONTENT="omprövning"/><SP WIDTH="21" VPOS="1782" HPOS="933"/>
							<String ID="string_301" HPOS="954" VPOS="1790" WIDTH="42" HEIGHT="21" WC="0.93" CONTENT="av"/><SP WIDTH="18" VPOS="1790" HPOS="996"/>
							<String ID="string_302" HPOS="1014" VPOS="1778" WIDTH="322" HEIGHT="32" WC="0.92" CONTENT="understödsrätten"/><SP WIDTH="21" VPOS="1778" HPOS="1336"/>
							<String ID="string_303" HPOS="1357" VPOS="1785" WIDTH="80" HEIGHT="21" WC="0.96" CONTENT="vare"/><SP WIDTH="20" VPOS="1785" HPOS="1437"/>
							<String ID="string_304" HPOS="1457" VPOS="1775" WIDTH="50" HEIGHT="35" WC="0.96" CONTENT="sig"/><SP WIDTH="20" VPOS="1775" HPOS="1507"/>
							<String ID="string_305" HPOS="1527" VPOS="1774" WIDTH="11" HEIGHT="30" WC="0.96" CONTENT="i"/><SP WIDTH="21" VPOS="1774" HPOS="1538"/>
							<String ID="string_306" HPOS="1559" VPOS="1773" WIDTH="64" HEIGHT="30" WC="0.88" CONTENT="fal-"/>
						</TextLine>
						<TextLine ID="line_32" HPOS="119" VPOS="1822" WIDTH="1028" HEIGHT="39">
							<String ID="string_307" HPOS="119" VPOS="1832" WIDTH="46" HEIGHT="29" WC="0.96" CONTENT="let"/><SP WIDTH="26" VPOS="1832" HPOS="165"/>
							<String ID="string_308" HPOS="191" VPOS="1831" WIDTH="78" HEIGHT="30" WC="0.93" CONTENT="med"/><SP WIDTH="25" VPOS="1831" HPOS="269"/>
							<String ID="string_309" HPOS="294" VPOS="1829" WIDTH="250" HEIGHT="31" WC="0.87" CONTENT="lotterivinsten"/><SP WIDTH="24" VPOS="1829" HPOS="544"/>
							<String ID="string_310" HPOS="568" VPOS="1828" WIDTH="84" HEIGHT="29" WC="0.96" CONTENT="eller"/><SP WIDTH="26" VPOS="1828" HPOS="652"/>
							<String ID="string_311" HPOS="678" VPOS="1828" WIDTH="10" HEIGHT="29" WC="0.96" CONTENT="i"/><SP WIDTH="28" VPOS="1828" HPOS="688"/>
							<String ID="string_312" HPOS="716" VPOS="1826" WIDTH="96" HEIGHT="30" WC="0.96" CONTENT="fallet"/><SP WIDTH="26" VPOS="1826" HPOS="812"/>
							<String ID="string_313" HPOS="838" VPOS="1825" WIDTH="81" HEIGHT="30" WC="0.96" CONTENT="med"/><SP WIDTH="28" VPOS="1825" HPOS="919"/>
							<String ID="string_314" HPOS="947" VPOS="1822" WIDTH="200" HEIGHT="37" WC="0.94" CONTENT="pensionen,"/>
						</TextLine>
					</TextBlock>
					<TextBlock ID="block_6" HPOS="120" VPOS="1863" WIDTH="1507" HEIGHT="423">
						<TextLine ID="line_33" HPOS="165" VPOS="1863" WIDTH="1458" HEIGHT="44">
							<String ID="string_315" HPOS="165" VPOS="1872" WIDTH="294" HEIGHT="35" WC="0.96" CONTENT="Föreställningen"/><SP WIDTH="21" VPOS="1872" HPOS="459"/>
							<String ID="string_316" HPOS="480" VPOS="1874" WIDTH="48" HEIGHT="27" WC="0.96" CONTENT="att"/><SP WIDTH="22" VPOS="1874" HPOS="528"/>
							<String ID="string_317" HPOS="550" VPOS="1871" WIDTH="56" HEIGHT="29" WC="0.96" CONTENT="det"/><SP WIDTH="21" VPOS="1871" HPOS="606"/>
							<String ID="string_318" HPOS="627" VPOS="1871" WIDTH="39" HEIGHT="28" WC="0.96" CONTENT="är"/><SP WIDTH="23" VPOS="1871" HPOS="666"/>
							<String ID="string_319" HPOS="689" VPOS="1869" WIDTH="139" HEIGHT="36" WC="0.96" CONTENT="oriktigt"/><SP WIDTH="23" VPOS="1869" HPOS="828"/>
							<String ID="string_320" HPOS="851" VPOS="1871" WIDTH="49" HEIGHT="27" WC="0.92" CONTENT="att"/><SP WIDTH="19" VPOS="1871" HPOS="900"/>
							<String ID="string_321" HPOS="919" VPOS="1867" WIDTH="116" HEIGHT="36" WC="0.91" CONTENT="utgiva"/><SP WIDTH="20" VPOS="1867" HPOS="1035"/>
							<String ID="string_322" HPOS="1055" VPOS="1865" WIDTH="190" HEIGHT="31" WC="0.96" CONTENT="understöd"/><SP WIDTH="22" VPOS="1865" HPOS="1245"/>
							<String ID="string_323" HPOS="1267" VPOS="1864" WIDTH="79" HEIGHT="30" WC="0.92" CONTENT="från"/><SP WIDTH="21" VPOS="1864" HPOS="1346"/>
							<String ID="string_324" HPOS="1367" VPOS="1863" WIDTH="256" HEIGHT="30" WC="0.91" CONTENT="arbetslöshets-"/>
						</TextLine>
						<TextLine ID="line_34" HPOS="120" VPOS="1903" WIDTH="1505" HEIGHT="47">
							<String ID="string_325" HPOS="120" VPOS="1916" WIDTH="103" HEIGHT="29" WC="0.96" CONTENT="kassa"/><SP WIDTH="17" VPOS="1916" HPOS="223"/>
							<String ID="string_326" HPOS="240" VPOS="1914" WIDTH="49" HEIGHT="30" WC="0.96" CONTENT="till"/><SP WIDTH="21" VPOS="1914" HPOS="289"/>
							<String ID="string_327" HPOS="310" VPOS="1923" WIDTH="173" HEIGHT="27" WC="0.96" CONTENT="personer,"/><SP WIDTH="20" VPOS="1923" HPOS="483"/>
							<String ID="string_328" HPOS="503" VPOS="1918" WIDTH="75" HEIGHT="24" WC="0.96" CONTENT="som"/><SP WIDTH="19" VPOS="1918" HPOS="578"/>
							<String ID="string_329" HPOS="597" VPOS="1911" WIDTH="135" HEIGHT="36" WC="0.93" CONTENT="åtnjuta"/><SP WIDTH="20" VPOS="1911" HPOS="732"/>
							<String ID="string_330" HPOS="752" VPOS="1908" WIDTH="388" HEIGHT="37" WC="0.91" CONTENT="arbetsgivarepension,"/><SP WIDTH="20" VPOS="1908" HPOS="1140"/>
							<String ID="string_331" HPOS="1160" VPOS="1907" WIDTH="122" HEIGHT="29" WC="0.95" CONTENT="härrör"/><SP WIDTH="19" VPOS="1907" HPOS="1282"/>
							<String ID="string_332" HPOS="1301" VPOS="1904" WIDTH="163" HEIGHT="36" WC="0.94" CONTENT="möjligen"/><SP WIDTH="19" VPOS="1904" HPOS="1464"/>
							<String ID="string_333" HPOS="1483" VPOS="1903" WIDTH="80" HEIGHT="31" WC="0.96" CONTENT="från"/><SP WIDTH="20" VPOS="1903" HPOS="1563"/>
							<String ID="string_334" HPOS="1583" VPOS="1911" WIDTH="42" HEIGHT="21" WC="0.96" CONTENT="en"/>
						</TextLine>
						<TextLine ID="line_35" HPOS="120" VPOS="1945" WIDTH="1505" HEIGHT="46">
							<String ID="string_335" HPOS="120" VPOS="1956" WIDTH="353" HEIGHT="35" WC="0.95" CONTENT="sammanblandning"/><SP WIDTH="22" VPOS="1956" HPOS="473"/>
							<String ID="string_336" HPOS="495" VPOS="1955" WIDTH="127" HEIGHT="29" WC="0.96" CONTENT="mellan"/><SP WIDTH="26" VPOS="1955" HPOS="622"/>
							<String ID="string_337" HPOS="648" VPOS="1953" WIDTH="221" HEIGHT="36" WC="0.96" CONTENT="principerna"/><SP WIDTH="23" VPOS="1953" HPOS="869"/>
							<String ID="string_338" HPOS="892" VPOS="1951" WIDTH="55" HEIGHT="30" WC="0.96" CONTENT="för"/><SP WIDTH="24" VPOS="1951" HPOS="947"/>
							<String ID="string_339" HPOS="971" VPOS="1947" WIDTH="487" HEIGHT="35" WC="0.91" CONTENT="arbetslöshetsförsäkringen"/><SP WIDTH="24" VPOS="1947" HPOS="1458"/>
							<String ID="string_340" HPOS="1482" VPOS="1946" WIDTH="66" HEIGHT="29" WC="0.96" CONTENT="och"/><SP WIDTH="23" VPOS="1946" HPOS="1548"/>
							<String ID="string_341" HPOS="1571" VPOS="1945" WIDTH="54" HEIGHT="30" WC="0.96" CONTENT="för"/>
						</TextLine>
						<TextLine ID="line_36" HPOS="120" VPOS="1988" WIDTH="1504" HEIGHT="42">
							<String ID="string_342" HPOS="120" VPOS="2001" WIDTH="67" HEIGHT="29" WC="0.96" CONTENT="den"/><SP WIDTH="22" VPOS="2001" HPOS="187"/>
							<String ID="string_343" HPOS="209" VPOS="2010" WIDTH="44" HEIGHT="20" WC="0.93" CONTENT="av"/><SP WIDTH="20" VPOS="2010" HPOS="253"/>
							<String ID="string_344" HPOS="273" VPOS="1996" WIDTH="511" HEIGHT="33" WC="0.91" CONTENT="arbetslöshetskommittéerna"/><SP WIDTH="21" VPOS="1996" HPOS="784"/>
							<String ID="string_345" HPOS="805" VPOS="1993" WIDTH="166" HEIGHT="31" WC="0.91" CONTENT="bedrivna"/><SP WIDTH="22" VPOS="1993" HPOS="971"/>
							<String ID="string_346" HPOS="993" VPOS="1988" WIDTH="631" HEIGHT="35" WC="0.91" CONTENT="kontantunderstödsverksamheten."/>
						</TextLine>
						<TextLine ID="line_37" HPOS="121" VPOS="2030" WIDTH="1504" HEIGHT="42">
							<String ID="string_347" HPOS="121" VPOS="2042" WIDTH="67" HEIGHT="30" WC="0.96" CONTENT="Vid"/><SP WIDTH="21" VPOS="2042" HPOS="188"/>
							<String ID="string_348" HPOS="209" VPOS="2042" WIDTH="65" HEIGHT="30" WC="0.96" CONTENT="den"/><SP WIDTH="21" VPOS="2042" HPOS="274"/>
							<String ID="string_349" HPOS="295" VPOS="2040" WIDTH="215" HEIGHT="31" WC="0.93" CONTENT="sistnämnda"/><SP WIDTH="23" VPOS="2040" HPOS="510"/>
							<String ID="string_350" HPOS="533" VPOS="2038" WIDTH="347" HEIGHT="31" WC="0.91" CONTENT="understödsformen"/><SP WIDTH="24" VPOS="2038" HPOS="880"/>
							<String ID="string_351" HPOS="904" VPOS="2035" WIDTH="182" HEIGHT="36" WC="0.96" CONTENT="föreligger"/><SP WIDTH="22" VPOS="2035" HPOS="1086"/>
							<String ID="string_352" HPOS="1108" VPOS="2033" WIDTH="75" HEIGHT="31" WC="0.96" CONTENT="icke"/><SP WIDTH="22" VPOS="2033" HPOS="1183"/>
							<String ID="string_353" HPOS="1205" VPOS="2032" WIDTH="115" HEIGHT="36" WC="0.96" CONTENT="någon"/><SP WIDTH="23" VPOS="2032" HPOS="1320"/>
							<String ID="string_354" HPOS="1343" VPOS="2032" WIDTH="65" HEIGHT="29" WC="0.96" CONTENT="rätt"/><SP WIDTH="23" VPOS="2032" HPOS="1408"/>
							<String ID="string_355" HPOS="1431" VPOS="2030" WIDTH="49" HEIGHT="30" WC="0.92" CONTENT="till"/><SP WIDTH="20" VPOS="2030" HPOS="1480"/>
							<String ID="string_356" HPOS="1500" VPOS="2030" WIDTH="125" HEIGHT="29" WC="0.91" CONTENT="under-"/>
						</TextLine>
						<TextLine ID="line_38" HPOS="123" VPOS="2073" WIDTH="1503" HEIGHT="46">
							<String ID="string_357" HPOS="123" VPOS="2085" WIDTH="86" HEIGHT="34" WC="0.95" CONTENT="stöd,"/><SP WIDTH="25" VPOS="2085" HPOS="209"/>
							<String ID="string_358" HPOS="234" VPOS="2085" WIDTH="65" HEIGHT="29" WC="0.96" CONTENT="och"/><SP WIDTH="27" VPOS="2085" HPOS="299"/>
							<String ID="string_359" HPOS="326" VPOS="2084" WIDTH="174" HEIGHT="29" WC="0.96" CONTENT="dessutom"/><SP WIDTH="25" VPOS="2084" HPOS="500"/>
							<String ID="string_360" HPOS="525" VPOS="2082" WIDTH="40" HEIGHT="29" WC="0.96" CONTENT="är"/><SP WIDTH="24" VPOS="2082" HPOS="565"/>
							<String ID="string_361" HPOS="589" VPOS="2091" WIDTH="43" HEIGHT="20" WC="0.93" CONTENT="en"/><SP WIDTH="24" VPOS="2091" HPOS="632"/>
							<String ID="string_362" HPOS="656" VPOS="2078" WIDTH="301" HEIGHT="37" WC="0.90" CONTENT="behovsprövning"/><SP WIDTH="26" VPOS="2078" HPOS="957"/>
							<String ID="string_363" HPOS="983" VPOS="2076" WIDTH="216" HEIGHT="31" WC="0.96" CONTENT="föreskriven"/><SP WIDTH="23" VPOS="2076" HPOS="1199"/>
							<String ID="string_364" HPOS="1222" VPOS="2075" WIDTH="56" HEIGHT="29" WC="0.96" CONTENT="vid"/><SP WIDTH="25" VPOS="2075" HPOS="1278"/>
							<String ID="string_365" HPOS="1303" VPOS="2073" WIDTH="256" HEIGHT="35" WC="0.96" CONTENT="behandlingen"/><SP WIDTH="26" VPOS="2073" HPOS="1559"/>
							<String ID="string_366" HPOS="1585" VPOS="2080" WIDTH="41" HEIGHT="20" WC="0.96" CONTENT="av"/>
						</TextLine>
						<TextLine ID="line_39" HPOS="123" VPOS="2114" WIDTH="1503" HEIGHT="47">
							<String ID="string_367" HPOS="123" VPOS="2126" WIDTH="297" HEIGHT="35" WC="0.96" CONTENT="framställningar"/><SP WIDTH="18" VPOS="2126" HPOS="420"/>
							<String ID="string_368" HPOS="438" VPOS="2134" WIDTH="57" HEIGHT="20" WC="0.96" CONTENT="om"/><SP WIDTH="18" VPOS="2134" HPOS="495"/>
							<String ID="string_369" HPOS="513" VPOS="2123" WIDTH="198" HEIGHT="31" WC="0.96" CONTENT="understöd."/><SP WIDTH="23" VPOS="2123" HPOS="711"/>
							<String ID="string_370" HPOS="734" VPOS="2122" WIDTH="73" HEIGHT="29" WC="0.96" CONTENT="Den"/><SP WIDTH="20" VPOS="2122" HPOS="807"/>
							<String ID="string_371" HPOS="827" VPOS="2121" WIDTH="162" HEIGHT="33" WC="0.95" CONTENT="sökande,"/><SP WIDTH="22" VPOS="2121" HPOS="989"/>
							<String ID="string_372" HPOS="1011" VPOS="2128" WIDTH="74" HEIGHT="20" WC="0.96" CONTENT="som"/><SP WIDTH="19" VPOS="2128" HPOS="1085"/>
							<String ID="string_373" HPOS="1104" VPOS="2119" WIDTH="65" HEIGHT="29" WC="0.96" CONTENT="har"/><SP WIDTH="18" VPOS="2119" HPOS="1169"/>
							<String ID="string_374" HPOS="1187" VPOS="2114" WIDTH="376" HEIGHT="38" WC="0.91" CONTENT="arbetsgivarepension"/><SP WIDTH="22" VPOS="2114" HPOS="1563"/>
							<String ID="string_375" HPOS="1585" VPOS="2122" WIDTH="41" HEIGHT="21" WC="0.95" CONTENT="av"/>
						</TextLine>
						<TextLine ID="line_40" HPOS="124" VPOS="2156" WIDTH="1503" HEIGHT="47">
							<String ID="string_376" HPOS="124" VPOS="2168" WIDTH="184" HEIGHT="35" WC="0.96" CONTENT="tillräcklig"/><SP WIDTH="26" VPOS="2168" HPOS="308"/>
							<String ID="string_377" HPOS="334" VPOS="2167" WIDTH="137" HEIGHT="34" WC="0.96" CONTENT="storlek,"/><SP WIDTH="27" VPOS="2167" HPOS="471"/>
							<String ID="string_378" HPOS="498" VPOS="2166" WIDTH="177" HEIGHT="30" WC="0.96" CONTENT="betraktas"/><SP WIDTH="28" VPOS="2166" HPOS="675"/>
							<String ID="string_379" HPOS="703" VPOS="2163" WIDTH="122" HEIGHT="31" WC="0.96" CONTENT="därvid"/><SP WIDTH="27" VPOS="2163" HPOS="825"/>
							<String ID="string_380" HPOS="852" VPOS="2163" WIDTH="75" HEIGHT="30" WC="0.96" CONTENT="icke"/><SP WIDTH="28" VPOS="2163" HPOS="927"/>
							<String ID="string_381" HPOS="955" VPOS="2161" WIDTH="114" HEIGHT="31" WC="0.95" CONTENT="såsom"/><SP WIDTH="31" VPOS="2161" HPOS="1069"/>
							<String ID="string_382" HPOS="1100" VPOS="2160" WIDTH="9" HEIGHT="29" WC="0.96" CONTENT="i"/><SP WIDTH="29" VPOS="2160" HPOS="1109"/>
							<String ID="string_383" HPOS="1138" VPOS="2160" WIDTH="112" HEIGHT="29" WC="0.96" CONTENT="behov"/><SP WIDTH="27" VPOS="2160" HPOS="1250"/>
							<String ID="string_384" HPOS="1277" VPOS="2167" WIDTH="43" HEIGHT="21" WC="0.96" CONTENT="av"/><SP WIDTH="25" VPOS="2167" HPOS="1320"/>
							<String ID="string_385" HPOS="1345" VPOS="2157" WIDTH="190" HEIGHT="30" WC="0.76" CONTENT="understöd"/><SP WIDTH="27" VPOS="2157" HPOS="1535"/>
							<String ID="string_386" HPOS="1562" VPOS="2156" WIDTH="65" HEIGHT="29" WC="0.96" CONTENT="och"/>
						</TextLine>
						<TextLine ID="line_41" HPOS="124" VPOS="2197" WIDTH="1503" HEIGHT="45">
							<String ID="string_387" HPOS="124" VPOS="2211" WIDTH="221" HEIGHT="29" WC="0.90" CONTENT="tillerkännes"/><SP WIDTH="23" VPOS="2211" HPOS="345"/>
							<String ID="string_388" HPOS="368" VPOS="2209" WIDTH="118" HEIGHT="30" WC="0.96" CONTENT="därför"/><SP WIDTH="22" VPOS="2209" HPOS="486"/>
							<String ID="string_389" HPOS="508" VPOS="2208" WIDTH="74" HEIGHT="30" WC="0.96" CONTENT="icke"/><SP WIDTH="25" VPOS="2208" HPOS="582"/>
							<String ID="string_390" HPOS="607" VPOS="2207" WIDTH="103" HEIGHT="35" WC="0.93" CONTENT="något"/><SP WIDTH="20" VPOS="2207" HPOS="710"/>
							<String ID="string_391" HPOS="730" VPOS="2204" WIDTH="337" HEIGHT="32" WC="0.91" CONTENT="kontantunderstöd"/><SP WIDTH="22" VPOS="2204" HPOS="1067"/>
							<String ID="string_392" HPOS="1089" VPOS="2201" WIDTH="80" HEIGHT="31" WC="0.96" CONTENT="från"/><SP WIDTH="23" VPOS="2201" HPOS="1169"/>
							<String ID="string_393" HPOS="1192" VPOS="2197" WIDTH="435" HEIGHT="34" WC="0.90" CONTENT="arbetslöshetskommitté."/>
						</TextLine>
						<TextLine ID="line_42" HPOS="126" VPOS="2244" WIDTH="1443" HEIGHT="42">
							<String ID="string_394" HPOS="126" VPOS="2252" WIDTH="99" HEIGHT="30" WC="0.92" CONTENT="Detta"/><SP WIDTH="17" VPOS="2252" HPOS="225"/>
							<String ID="string_395" HPOS="242" VPOS="2252" WIDTH="333" HEIGHT="34" WC="0.91" CONTENT="understödssystem"/><SP WIDTH="17" VPOS="2252" HPOS="575"/>
							<String ID="string_396" HPOS="592" VPOS="2251" WIDTH="39" HEIGHT="28" WC="0.93" CONTENT="är"/><SP WIDTH="16" VPOS="2251" HPOS="631"/>
							<String ID="string_397" HPOS="647" VPOS="2247" WIDTH="313" HEIGHT="38" WC="0.91" CONTENT="begreppsmässigt"/><SP WIDTH="15" VPOS="2247" HPOS="960"/>
							<String ID="string_398" HPOS="975" VPOS="2247" WIDTH="102" HEIGHT="35" WC="0.96" CONTENT="något"/><SP WIDTH="16" VPOS="2247" HPOS="1077"/>
							<String ID="string_399" HPOS="1093" VPOS="2247" WIDTH="70" HEIGHT="29" WC="0.96" CONTENT="helt"/><SP WIDTH="17" VPOS="2247" HPOS="1163"/>
							<String ID="string_400" HPOS="1180" VPOS="2248" WIDTH="105" HEIGHT="27" WC="0.96" CONTENT="annat"/><SP WIDTH="16" VPOS="2248" HPOS="1285"/>
							<String ID="string_401" HPOS="1301" VPOS="2246" WIDTH="45" HEIGHT="28" WC="0.96" CONTENT="än"/><SP WIDTH="18" VPOS="2246" HPOS="1346"/>
							<String ID="string_402" HPOS="1364" VPOS="2244" WIDTH="205" HEIGHT="35" WC="0.96" CONTENT="försäkring."/>
						</TextLine>
					</TextBlock>
					<TextBlock ID="block_7" HPOS="125" VPOS="2285" WIDTH="1505" HEIGHT="218">
						<TextLine ID="line_43" HPOS="171" VPOS="2285" WIDTH="1458" HEIGHT="38">
							<String ID="string_403" HPOS="171" VPOS="2294" WIDTH="12" HEIGHT="29" WC="0.93" CONTENT="I"/><SP WIDTH="21" VPOS="2294" HPOS="183"/>
							<String ID="string_404" HPOS="204" VPOS="2293" WIDTH="216" HEIGHT="30" WC="0.96" CONTENT="motionerna"/><SP WIDTH="22" VPOS="2293" HPOS="420"/>
							<String ID="string_405" HPOS="442" VPOS="2292" WIDTH="162" HEIGHT="30" WC="0.96" CONTENT="hänvisas"/><SP WIDTH="24" VPOS="2292" HPOS="604"/>
							<String ID="string_406" HPOS="628" VPOS="2291" WIDTH="47" HEIGHT="29" WC="0.93" CONTENT="till"/><SP WIDTH="22" VPOS="2291" HPOS="675"/>
							<String ID="string_407" HPOS="697" VPOS="2294" WIDTH="48" HEIGHT="26" WC="0.96" CONTENT="att"/><SP WIDTH="27" VPOS="2294" HPOS="745"/>
							<String ID="string_408" HPOS="772" VPOS="2290" WIDTH="4" HEIGHT="29" WC="0.96" CONTENT="i"/><SP WIDTH="23" VPOS="2290" HPOS="776"/>
							<String ID="string_409" HPOS="799" VPOS="2291" WIDTH="41" HEIGHT="28" WC="0.96" CONTENT="de"/><SP WIDTH="23" VPOS="2291" HPOS="840"/>
							<String ID="string_410" HPOS="863" VPOS="2288" WIDTH="153" HEIGHT="31" WC="0.93" CONTENT="erkända"/><SP WIDTH="22" VPOS="2288" HPOS="1016"/>
							<String ID="string_411" HPOS="1038" VPOS="2287" WIDTH="430" HEIGHT="31" WC="0.91" CONTENT="arbetslöshetskassornas"/><SP WIDTH="23" VPOS="2287" HPOS="1468"/>
							<String ID="string_412" HPOS="1491" VPOS="2285" WIDTH="138" HEIGHT="35" WC="0.96" CONTENT="stadgar"/>
						</TextLine>
						<TextLine ID="line_44" HPOS="126" VPOS="2327" WIDTH="1502" HEIGHT="43">
							<String ID="string_413" HPOS="126" VPOS="2336" WIDTH="113" HEIGHT="29" WC="0.96" CONTENT="finnes"/><SP WIDTH="19" VPOS="2336" HPOS="239"/>
							<String ID="string_414" HPOS="258" VPOS="2335" WIDTH="137" HEIGHT="35" WC="0.96" CONTENT="intagen"/><SP WIDTH="18" VPOS="2335" HPOS="395"/>
							<String ID="string_415" HPOS="413" VPOS="2343" WIDTH="42" HEIGHT="20" WC="0.96" CONTENT="en"/><SP WIDTH="19" VPOS="2343" HPOS="455"/>
							<String ID="string_416" HPOS="474" VPOS="2333" WIDTH="249" HEIGHT="33" WC="0.89" CONTENT="bestämmelse,"/><SP WIDTH="20" VPOS="2333" HPOS="723"/>
							<String ID="string_417" HPOS="743" VPOS="2334" WIDTH="47" HEIGHT="28" WC="0.92" CONTENT="att"/><SP WIDTH="19" VPOS="2334" HPOS="790"/>
							<String ID="string_418" HPOS="809" VPOS="2330" WIDTH="165" HEIGHT="36" WC="0.91" CONTENT="daghjälp"/><SP WIDTH="21" VPOS="2330" HPOS="974"/>
							<String ID="string_419" HPOS="995" VPOS="2330" WIDTH="30" HEIGHT="35" WC="0.96" CONTENT="ej"/><SP WIDTH="19" VPOS="2330" HPOS="1025"/>
							<String ID="string_420" HPOS="1044" VPOS="2329" WIDTH="59" HEIGHT="30" WC="0.93" CONTENT="må"/><SP WIDTH="16" VPOS="2329" HPOS="1103"/>
							<String ID="string_421" HPOS="1119" VPOS="2328" WIDTH="134" HEIGHT="36" WC="0.90" CONTENT="utgivas"/><SP WIDTH="20" VPOS="2328" HPOS="1253"/>
							<String ID="string_422" HPOS="1273" VPOS="2328" WIDTH="56" HEIGHT="29" WC="0.96" CONTENT="för"/><SP WIDTH="18" VPOS="2328" HPOS="1329"/>
							<String ID="string_423" HPOS="1347" VPOS="2328" WIDTH="74" HEIGHT="35" WC="0.96" CONTENT="dag,"/><SP WIDTH="20" VPOS="2328" HPOS="1421"/>
							<String ID="string_424" HPOS="1441" VPOS="2328" WIDTH="54" HEIGHT="29" WC="0.96" CONTENT="för"/><SP WIDTH="19" VPOS="2328" HPOS="1495"/>
							<String ID="string_425" HPOS="1514" VPOS="2327" WIDTH="114" HEIGHT="29" WC="0.96" CONTENT="vilken"/>
						</TextLine>
						<TextLine ID="line_45" HPOS="126" VPOS="2370" WIDTH="1504" HEIGHT="38">
							<String ID="string_426" HPOS="126" VPOS="2377" WIDTH="147" HEIGHT="30" WC="0.95" CONTENT="medlem"/><SP WIDTH="22" VPOS="2377" HPOS="273"/>
							<String ID="string_427" HPOS="295" VPOS="2380" WIDTH="83" HEIGHT="27" WC="0.95" CONTENT="trots"/><SP WIDTH="21" VPOS="2380" HPOS="378"/>
							<String ID="string_428" HPOS="399" VPOS="2376" WIDTH="52" HEIGHT="29" WC="0.96" CONTENT="sin"/><SP WIDTH="22" VPOS="2376" HPOS="451"/>
							<String ID="string_429" HPOS="473" VPOS="2375" WIDTH="226" HEIGHT="30" WC="0.94" CONTENT="arbetslöshet"/><SP WIDTH="21" VPOS="2375" HPOS="699"/>
							<String ID="string_430" HPOS="720" VPOS="2373" WIDTH="150" HEIGHT="35" WC="0.93" CONTENT="åtnjuter"/><SP WIDTH="21" VPOS="2373" HPOS="870"/>
							<String ID="string_431" HPOS="891" VPOS="2371" WIDTH="170" HEIGHT="36" WC="0.82" CONTENT="avlöning,"/><SP WIDTH="22" VPOS="2371" HPOS="1061"/>
							<String ID="string_432" HPOS="1083" VPOS="2370" WIDTH="256" HEIGHT="31" WC="0.95" CONTENT="Motionärerna"/><SP WIDTH="22" VPOS="2370" HPOS="1339"/>
							<String ID="string_433" HPOS="1361" VPOS="2379" WIDTH="101" HEIGHT="26" WC="0.95" CONTENT="synas"/><SP WIDTH="22" VPOS="2379" HPOS="1462"/>
							<String ID="string_434" HPOS="1484" VPOS="2371" WIDTH="9" HEIGHT="29" WC="0.95" CONTENT="i"/><SP WIDTH="23" VPOS="2371" HPOS="1493"/>
							<String ID="string_435" HPOS="1516" VPOS="2370" WIDTH="114" HEIGHT="29" WC="0.96" CONTENT="denna"/>
						</TextLine>
						<TextLine ID="line_46" HPOS="125" VPOS="2411" WIDTH="1505" HEIGHT="42">
							<String ID="string_436" HPOS="125" VPOS="2419" WIDTH="241" HEIGHT="30" WC="0.92" CONTENT="bestämmelse"/><SP WIDTH="26" VPOS="2419" HPOS="366"/>
							<String ID="string_437" HPOS="392" VPOS="2417" WIDTH="82" HEIGHT="36" WC="0.96" CONTENT="vilja"/><SP WIDTH="23" VPOS="2417" HPOS="474"/>
							<String ID="string_438" HPOS="497" VPOS="2418" WIDTH="84" HEIGHT="29" WC="0.96" CONTENT="söka"/><SP WIDTH="24" VPOS="2418" HPOS="581"/>
							<String ID="string_439" HPOS="605" VPOS="2420" WIDTH="46" HEIGHT="26" WC="0.96" CONTENT="ett"/><SP WIDTH="24" VPOS="2420" HPOS="651"/>
							<String ID="string_440" HPOS="675" VPOS="2417" WIDTH="75" HEIGHT="28" WC="0.96" CONTENT="stöd"/><SP WIDTH="26" VPOS="2417" HPOS="750"/>
							<String ID="string_441" HPOS="776" VPOS="2415" WIDTH="55" HEIGHT="29" WC="0.96" CONTENT="för"/><SP WIDTH="25" VPOS="2415" HPOS="831"/>
							<String ID="string_442" HPOS="856" VPOS="2414" WIDTH="55" HEIGHT="31" WC="0.96" CONTENT="sitt"/><SP WIDTH="24" VPOS="2414" HPOS="911"/>
							<String ID="string_443" HPOS="935" VPOS="2413" WIDTH="165" HEIGHT="36" WC="0.96" CONTENT="yrkande."/><SP WIDTH="26" VPOS="2413" HPOS="1100"/>
							<String ID="string_444" HPOS="1126" VPOS="2412" WIDTH="120" HEIGHT="31" WC="0.95" CONTENT="Såsom"/><SP WIDTH="26" VPOS="2412" HPOS="1246"/>
							<String ID="string_445" HPOS="1272" VPOS="2421" WIDTH="81" HEIGHT="26" WC="0.93" CONTENT="nyss"/><SP WIDTH="23" VPOS="2421" HPOS="1353"/>
							<String ID="string_446" HPOS="1376" VPOS="2411" WIDTH="254" HEIGHT="30" WC="0.91" CONTENT="understrukits"/>
						</TextLine>
						<TextLine ID="line_47" HPOS="127" VPOS="2450" WIDTH="1503" HEIGHT="53">
							<String ID="string_447" HPOS="127" VPOS="2461" WIDTH="109" HEIGHT="31" WC="0.96" CONTENT="måste"/><SP WIDTH="18" VPOS="2461" HPOS="236"/>
							<String ID="string_448" HPOS="254" VPOS="2460" WIDTH="188" HEIGHT="31" WC="0.94" CONTENT="emellertid"/><SP WIDTH="21" VPOS="2460" HPOS="442"/>
							<String ID="string_449" HPOS="463" VPOS="2457" WIDTH="419" HEIGHT="46" WC="0.90" CONTENT="arbetsgivarepensionen"/><SP WIDTH="19" VPOS="2457" HPOS="882"/>
							<String ID="string_450" HPOS="901" VPOS="2456" WIDTH="175" HEIGHT="29" WC="0.96" CONTENT="betraktas"/><SP WIDTH="20" VPOS="2456" HPOS="1076"/>
							<String ID="string_451" HPOS="1096" VPOS="2465" WIDTH="73" HEIGHT="19" WC="0.96" CONTENT="som"/><SP WIDTH="21" VPOS="2465" HPOS="1169"/>
							<String ID="string_452" HPOS="1190" VPOS="2464" WIDTH="40" HEIGHT="20" WC="0.96" CONTENT="en"/><SP WIDTH="21" VPOS="2464" HPOS="1230"/>
							<String ID="string_453" HPOS="1251" VPOS="2454" WIDTH="53" HEIGHT="29" WC="0.95" CONTENT="för"/><SP WIDTH="20" VPOS="2454" HPOS="1304"/>
							<String ID="string_454" HPOS="1324" VPOS="2453" WIDTH="207" HEIGHT="30" WC="0.93" CONTENT="arbetstiden"/><SP WIDTH="27" VPOS="2453" HPOS="1531"/>
							<String ID="string_455" HPOS="1558" VPOS="2450" WIDTH="72" HEIGHT="39" WC="0.88" CONTENT="(an-"/>
						</TextLine>
					</TextBlock>
				</ComposedBlock>
			</PrintSpace>
		</Page>
	</Layout>
</alto>
