1858 2792
507 197 348 31 Utrikesutskottets
872 196 187 32 utlåtande
1076 206 43 21 nr
1136 197 20 30 3
1566 197 21 31 d

784 413 110 39 Nr
864 409 35 54 3

270 524 348 32 Utrikesutskottets
633 523 186 32 utlåtande
834 524 12 31 i
860 523 193 41 anledning
1068 533 44 22 av
1127 523 130 40 Kungl.
1272 523 133 40 Maj:ts
1421 525 159 39 proposi-

447 577 75 31 tion
542 587 43 21 nr
603 577 43 31 96
666 586 57 22 om
743 577 262 40 godkännande
1025 585 45 22 av
1090 586 43 22 en
1154 576 347 32 överenskommelse
1519 586 61 22 an-

449 629 137 40 gående
600 629 205 41 flyktingar
819 638 79 23 som
912 631 65 30 äro
992 629 153 40 sjömän.

131 735 137 31 Genom
287 744 43 22 en
350 735 67 32 den
439 735 42 32 13
500 743 98 23 mars
620 734 87 32 1959
727 735 237 39 dagtecknad,
987 735 55 30 till
1063 735 321 31 utrikesutskottet
1405 735 177 32 hänvisad

87 788 234 40 proposition,
343 798 42 21 nr
406 788 54 38 96,
481 788 68 31 har
569 787 129 40 Kungl.
720 788 122 39 Maj:t,
865 787 114 31 under
1000 786 225 42 åberopande
1247 797 45 22 av
1312 788 268 40 propositionen

86 840 116 40 bilagt
213 840 134 41 utdrag
358 850 47 22 av
415 840 402 41 statsrådsprotokollet
830 841 60 31 för
902 849 139 23 samma
1054 840 80 40 dag,
1149 840 108 31 äskat
1269 840 214 40 riksdagens
1496 841 84 40 god-

86 893 189 32 kännande
292 902 46 23 av
353 903 43 22 en
413 895 11 30 i
440 895 105 39 Haag
561 894 68 31 den
646 893 43 33 23
705 894 193 31 november
915 893 89 32 1957
1019 894 199 39 upprättad
1234 893 345 32 överenskommelse

85 945 185 40 angående
288 946 206 40 flyktingar
512 955 78 22 som
608 947 63 31 äro
691 946 150 39 sjömän,
862 945 121 32 vilken
1003 946 346 31 överenskommelse
1368 946 211 32 underteck-

86 1001 84 30 nats
187 999 60 32 för
263 999 165 40 Sveriges
445 1000 56 31 del
517 999 68 32 den
602 999 43 32 10
661 999 161 31 februari
840 999 98 32 1958.

131 1051 239 33 Beträffande
390 1051 390 32 överenskommelsens
799 1050 158 33 innehåll
977 1051 60 32 får
1055 1052 182 31 utskottet
1255 1050 152 33 hänvisa
1425 1052 57 31 till
1500 1060 79 31 pro-

84 1104 214 40 positionen.

130 1157 201 39 Utskottet,
352 1166 78 23 som
450 1158 181 31 inhämtat
649 1157 213 41 ytterligare
881 1158 264 40 upplysningar
1163 1159 115 31 under
1297 1159 168 31 ärendets
1485 1159 94 32 före-

86 1210 188 41 dragning,
296 1211 68 31 har
384 1211 78 32 icke
482 1210 122 32 funnit
626 1211 191 41 anledning
838 1211 56 32 till
915 1212 145 30 erinran
1080 1214 78 29 mot
1178 1210 280 41 ifrågavarande
1481 1212 98 31 över-

85 1263 260 33 enskommelse
367 1264 66 31 och
456 1263 70 39 får,
549 1263 112 32 under
683 1263 225 40 åberopande
932 1273 45 23 av
998 1265 70 31 vad
1090 1265 11 30 i
1124 1264 236 32 förenämnda
1382 1264 196 32 statsråds-

85 1316 181 39 protokoll
283 1316 154 38 anförts,
457 1317 201 38 hemställa,

448 1372 56 30 att
524 1369 193 40 riksdagen
736 1369 124 39 måtte,
882 1371 83 31 med
983 1370 104 32 bifall
1107 1371 55 32 till
1182 1372 129 40 Kungl.
1332 1372 132 40 Maj:ts
1485 1372 94 32 före-

400 1422 158 32 varande
577 1422 234 41 proposition,
832 1423 163 32 meddela
1016 1433 46 22 av
1081 1424 130 40 Kungl.
1234 1424 112 40 Maj:t
1366 1425 108 31 äskat
1494 1426 84 39 god-

402 1474 189 32 kännande
608 1484 46 22 av
671 1475 370 32 överenskommelsen
1059 1476 66 31 den
1144 1476 43 32 23
1203 1477 192 31 november
1413 1477 89 32 1957
1519 1487 60 22 an-

400 1526 136 41 gående
556 1527 202 40 flyktingar
777 1537 78 22 som
875 1529 63 31 äro
958 1528 152 40 sjömän.

132 1632 208 31 Stockholm
355 1633 68 31 den
439 1633 43 31 16
498 1633 91 40 april
606 1633 88 32 1959

534 1738 50 32 På
600 1739 342 31 utrikesutskottets
958 1740 154 39 vägnar:

608 1843 210 32 RICKARD
834 1844 222 31 SANDLER

458 2061 69 32 Vid
542 2062 167 30 ärendets
725 2061 216 41 behandling
959 2062 46 31 ha
1022 2061 181 33 närvarit:

129 2132 84 31 från
244 2132 171 30 första
445 2132 224 31 kammaren:
702 2132 127 31 herrar
860 2132 159 36 Sandler,
1050 2132 126 37 Åman,
1207 2133 151 30 Torsten
1384 2134 194 38 Bengtson,

86 2176 168 36 Ewerlöf,
271 2176 128 39 Birger
415 2176 208 31 Andersson
641 2177 65 30 och
723 2176 168 39 Aspling;

131 2220 83 30 från
244 2220 156 30 andra
430 2220 223 30 kammaren:
676 2221 126 30 herrar
820 2221 205 38 Bengtsson
1045 2221 10 30 i
1074 2221 201 37 Halmstad,
1295 2221 174 37 Hedlund,
1491 2222 88 30 Gus-

88 2264 153 35 tafsson,
259 2264 133 36 Cassel,
411 2264 223 36 Åkerström,
652 2264 207 31 Heckscher
876 2265 66 29 och
961 2264 229 31 Kärrlander.
