2226 2684
377 206 129 33 Andra
529 205 240 33 Kammarens
796 205 190 42 Tillfälliga
1018 205 145 33 Utskotts
1186 205 75 41 (N:o
1284 205 35 43 2)
1349 205 186 34 Utlåtande
1558 206 61 33 N:o
1643 207 31 32 3.
1793 207 21 32 3

222 296 115 38 deras
366 296 114 37 ställe
509 295 182 38 infördes
719 295 13 37 i
761 294 270 50 reglementet.
1090 294 81 38 För
1198 295 254 38 närvarande
1481 298 93 46 äger
1603 295 116 39 alltså
1747 296 66 39 det

221 350 279 49 egendomliga
527 349 273 39 förhållandet
828 362 102 34 rum,
962 352 58 35 att
1048 350 41 36 vi
1117 349 126 38 hafva
1262 353 57 34 ett
1339 350 471 49 apotekarereglemente,

220 405 117 37 hvari
367 404 77 38 alla
472 404 301 38 bestämmelser
802 404 147 37 saknas
978 403 172 38 rörande
1178 403 285 49 fordringarna
1489 404 67 38 för
1583 405 158 37 inträde
1761 408 52 45 på

221 459 351 47 apotekarebanan
614 458 172 36 likasom
829 458 74 37 ock
944 457 172 37 rörande
1158 457 201 38 villkoren
1392 458 66 37 för
1485 458 240 48 kompetens
1755 463 58 33 att

218 512 146 38 utöfva
407 512 66 37 det
515 512 109 48 yrke,
668 512 65 37 för
775 511 156 38 hvilket
964 511 259 49 reglementet
1252 514 44 34 är
1338 511 132 38 afsedt
1498 514 58 35 att
1584 515 144 46 utgöra
1757 516 56 34 ett

218 569 236 43 rättesnöre,
483 566 165 37 hvartill
668 566 122 37 äfven
810 566 81 36 kan
910 565 136 48 läggas
1067 565 78 38 den
1164 565 195 47 formella,
1383 578 66 24 om
1469 566 75 37 ock
1564 566 249 49 oväsentliga

220 620 334 48 oegentligheten,
586 623 58 34 att
672 619 260 48 reglementet
960 619 136 48 börjar
1124 619 88 37 icke
1241 619 93 37 med
1363 632 49 25 en
1441 621 190 47 paragraf
1657 621 33 45 1,
1713 624 99 34 utan

219 674 93 37 med
340 674 189 48 paragraf
558 675 33 36 9.

380 728 198 37 Frånsedt
620 728 115 37 dessa
776 740 57 24 nu
866 727 245 37 framhållna
1153 727 145 38 brister
1326 728 13 36 i
1369 727 66 38 det
1464 728 65 37 för
1557 729 254 37 närvarande

219 782 183 48 gällande
445 782 488 48 apotekarereglementet,
978 782 80 36 kan
1087 784 86 34 mot
1202 781 223 38 detsamma
1454 782 226 46 anmärkas,
1713 786 58 34 att
1799 783 14 37 i

217 836 319 48 fortsättningen
579 837 42 36 af
653 836 261 47 reglementet
956 836 131 36 finnas
1117 835 137 37 alltför
1282 838 147 46 många
1456 836 88 36 icke
1572 835 240 50 tillämpliga

217 889 314 47 bestämmelser,
562 889 141 38 hvilka
730 889 344 49 hufvudsakligen
1103 889 125 37 hafva
1247 889 63 38 sin
1329 889 133 49 grund
1481 890 14 36 i
1514 889 296 48 förhållanden,

218 957 88 25 som
348 945 66 36 för
455 944 116 48 länge
614 944 124 38 sedan
773 944 180 48 upphört
986 946 59 35 att
1074 944 180 37 existera.
1312 943 79 38 Det
1419 943 134 49 gamla
1581 944 230 48 apotekare-

217 999 264 47 reglementet
523 998 249 48 uppgjordes
813 998 203 48 nämligen
1059 998 130 37 under
1224 1010 50 25 en
1302 998 71 46 tid,
1405 998 51 37 då
1485 998 199 48 apoteken
1713 1011 99 24 voro

219 1052 187 49 säljbara,
439 1052 51 37 då
519 1052 171 37 sålunda
719 1052 464 47 apoteksinnehafvarne
1213 1052 75 37 och
1309 1051 114 38 deras
1442 1052 370 38 rättsinnehafvare

219 1106 235 37 betraktade
497 1106 453 48 apoteksprivilegierna
992 1108 132 35 såsom
1167 1106 63 37 sin
1267 1105 195 49 egendom
1495 1108 53 45 på
1575 1106 84 37 helt
1689 1109 124 35 annat

219 1163 90 43 sätt,
342 1163 51 34 än
423 1160 109 37 hvad
560 1172 170 25 numera
759 1163 44 34 är
831 1159 124 47 fallet,
988 1160 75 37 och
1092 1159 51 37 då
1172 1159 48 37 de
1241 1159 258 48 följaktligen
1520 1160 122 37 äfven
1663 1162 149 46 ansågo

218 1215 60 47 sig
308 1217 73 45 äga
409 1217 80 34 rätt
520 1216 58 35 att
606 1213 206 38 handskas
841 1213 93 37 med
963 1213 133 38 denna
1125 1214 63 37 sin
1218 1213 193 48 egendom
1440 1213 85 38 helt
1544 1213 267 47 annorlunda,

210 1271 60 41 än
312 1268 111 37 hvad
464 1280 171 24 numera
676 1268 82 36 kan
800 1267 160 38 tillåtas.
1019 1267 159 37 Genom
1211 1267 135 48 kungl.
1382 1267 270 48 kungörelsen
1682 1267 77 38 den
1790 1269 22 36 9

219 1322 227 47 september
489 1323 102 36 1873
627 1321 206 48 angående
867 1321 254 38 afskaffande
1150 1321 42 37 af
1221 1321 47 37 de
1298 1334 28 24 s.
1358 1321 37 37 k.
1427 1321 176 48 säljbara
1631 1322 182 47 apoteks-

218 1375 286 48 privilegierna
518 1376 126 36 hafva
659 1375 231 46 emellertid,
908 1375 203 48 praktiskt
1127 1375 97 45 sedt,
1243 1375 185 48 samtliga
1447 1375 230 48 privilegier
1688 1378 22 34 å
1721 1388 91 35 apo-

219 1429 69 37 tek
317 1429 137 37 blifvit
482 1429 93 37 från
604 1429 296 37 innehafvarne
928 1429 162 44 inlösta;
1122 1441 94 25 men
1236 1429 133 37 denna
1387 1429 241 48 ingripande
1646 1429 163 46 reform,

219 1496 88 24 som
349 1483 85 37 helt
463 1483 75 37 och
567 1483 124 37 hållet
720 1483 212 48 omskapat
960 1483 220 47 apotekens
1209 1483 75 37 och
1314 1483 265 48 apotekarnes
1609 1483 200 48 ställning,

218 1537 75 37 har
320 1537 89 37 icke
438 1537 158 48 åtföljts
626 1537 43 37 af
696 1537 152 37 sådana
867 1537 217 48 ändringar
1103 1538 13 36 i
1136 1537 184 48 gällande
1340 1537 470 48 apotekarereglemente,

218 1603 87 25 som
350 1591 124 38 borde
517 1591 105 37 varit
665 1591 67 37 det
773 1591 204 48 naturliga
1017 1590 211 38 resultatet
1271 1591 42 37 af
1355 1591 244 37 densamma.
1662 1591 152 37 Härtill

218 1645 195 45 kommer,
462 1648 58 34 att
562 1646 13 36 i
619 1646 102 36 1819
765 1648 64 34 års
871 1645 245 48 reglemente
1150 1657 50 25 en
1230 1645 64 37 del
1321 1645 256 37 föreskrifter
1604 1645 205 48 påträffas,

218 1698 143 37 hvilka
402 1699 89 37 icke
532 1698 139 49 längre
714 1699 141 36 kunna
896 1698 215 48 tillämpas,
1157 1698 138 38 därför
1337 1701 59 35 att
1429 1711 50 24 en
1512 1711 57 36 ny
1596 1699 82 37 tids
1707 1699 105 37 anda

220 1754 214 46 omskapat
462 1755 44 34 så
534 1755 148 46 många
709 1753 160 37 fordom
891 1752 178 38 rådande
1089 1753 311 48 uppfattningar
1420 1753 75 37 och
1513 1753 296 37 förhållanden.

220 1805 201 38 Särskildt
463 1810 68 34 äro
566 1807 289 48 paragraferna
886 1808 60 44 10,
979 1807 60 45 12,
1072 1807 48 36 13
1151 1806 75 38 och
1256 1808 50 35 14
1334 1807 14 36 i
1377 1806 306 38 ofvannämnda
1712 1807 99 37 afse-

218 1859 131 38 enden
379 1863 59 34 att
465 1860 225 37 framhålla.

379 1914 196 48 Paragraf
618 1915 49 37 10
696 1914 224 37 innehåller
949 1914 171 37 sålunda
1147 1914 255 37 föreskrifter
1429 1915 173 37 rörande
1630 1915 180 48 tillväga-

217 1967 173 48 gåendet
424 1968 101 37 efter
560 1968 131 48 aflagd
724 1968 413 48 apotekare-examen,
1168 1968 140 37 hvilka
1336 1970 53 46 på
1416 1968 132 48 grund
1572 1969 42 36 af
1633 1968 177 37 ändrade

217 2021 287 38 förhållanden
532 2022 14 36 i
574 2022 95 37 flere
699 2022 219 37 afseenden
946 2022 89 37 icke
1063 2034 170 25 numera
1253 2022 243 37 efterlefvas.
1541 2022 89 37 Den
1659 2023 13 36 i
1696 2035 113 35 para-

217 2076 141 47 grafen
401 2076 248 37 föreskrifna
696 2077 241 47 »provisors-
980 2076 96 37 eiler
1105 2076 352 47 apotekare-eden»
1494 2079 43 34 är
1566 2076 244 48 exempelvis

219 2130 203 36 afskaffad
464 2142 144 36 genom
652 2133 56 34 ett
727 2130 138 48 kungl.
896 2130 91 37 bref
1013 2129 63 38 till
1104 2129 414 49 medicinalstyrelsen
1547 2130 78 37 den
1656 2131 48 36 13
1734 2130 77 48 juli

220 2184 118 46 1887;
387 2184 221 47 provisors-
657 2183 95 38 eller
799 2184 316 47 apotekarebref,
1165 2196 87 25 som
1300 2183 66 37 det
1413 2183 128 37 skulle
1583 2184 229 37 tillkomma

218 2237 414 49 medicinalstyrelsen
653 2240 58 35 att
730 2237 310 38 tillhandahålla
1060 2249 49 26 en
1130 2237 216 48 apotekare
1363 2238 103 37 efter
1482 2238 130 48 afiagd
1629 2250 178 31 examen,

218 2291 75 37 har
320 2291 126 38 redan
474 2291 127 49 länge,
632 2294 53 45 på
713 2292 132 47 grund
874 2292 42 37 af
944 2304 49 25 en
1022 2303 126 37 nyare
1176 2291 210 38 föreskrift
1414 2292 14 36 i
1458 2291 352 49 medicinalstyrel-

219 2358 93 25 sens
341 2345 262 47 instruktion,
634 2346 106 37 varit
769 2349 123 34 ersatt
921 2345 93 38 med
1043 2358 49 25 en
1136 2345 243 49 anteckning
1407 2348 23 34 å
1460 2346 350 48 examensbetyget
