1906 2822
118 1762 147 25 Utskottet.

298 152 38 28 16
760 146 249 28 Statsutskottets
1028 145 160 27 utlåtande
1207 144 42 27 Nr
1269 145 46 26 54.

295 240 74 20 som
396 238 116 21 svarar
539 231 74 27 mot
639 228 120 38 gåvan.
798 226 53 30 Då
877 227 56 29 det
959 225 190 30 emellertid
1174 224 76 30 icke
1276 226 116 36 syntes
1419 223 195 30 tillkomma
1641 222 42 30 de
1709 223 76 28 sak-

294 274 154 37 kunniga
473 275 49 28 att
547 273 159 29 närmare
729 271 153 30 utforma
906 270 129 38 förslag
1059 269 52 30 till
1135 269 106 29 därav
1264 267 155 40 påkallat
1444 267 117 38 tillägg
1585 266 51 30 till
1661 267 125 28 skatte-

294 317 271 39 lagstiftningen,
586 316 203 30 hemställde
809 316 41 29 de
870 314 229 38 sakkunniga,
1119 316 49 27 att
1188 312 123 38 frågan
1331 312 121 29 därom
1473 311 135 39 gjordes
1629 310 51 30 till
1699 310 87 30 före-

294 361 72 31 mål
383 361 54 31 för
455 362 161 29 närmare
634 360 193 38 utredning.
859 359 66 30 För
943 359 73 29 min
1034 358 55 30 del
1108 367 99 20 anser
1225 357 67 38 jag,
1312 359 49 27 att
1378 356 146 30 berörda
1543 354 109 39 fråga,
1671 354 116 30 vilken

294 406 151 30 tekniskt
467 405 107 38 ligger
597 405 70 29 helt
689 404 57 30 vid
769 404 98 30 sidan
891 413 42 20 av
956 403 41 30 de
1019 403 66 29 här
1107 402 93 30 förut
1222 401 217 30 behandlade
1462 398 225 40 spörsmålen,
1712 399 75 29 icke

294 452 70 28 kan
383 450 90 29 lösas
491 450 11 29 i
520 449 171 30 samband
709 449 79 29 med
807 448 109 35 dessa,
935 450 84 27 utan
1037 450 51 26 att
1107 446 66 30 den
1192 446 79 29 med
1289 445 138 38 hänsyn
1445 444 52 30 till
1516 444 53 30 sin
1588 443 198 30 beskaffen-

293 495 59 29 het
371 495 63 29 bör
453 496 171 36 upptagas
644 493 50 29 till
714 491 239 39 övervägande
972 491 10 29 i
1004 494 108 27 annat
1133 490 263 37 sammanhang.

338 539 50 29 De
402 538 177 30 allmänna
594 537 148 38 grunder
757 537 54 29 för
827 539 127 27 statens
969 534 197 39 åtaganden
1180 535 10 29 i
1206 534 170 30 samband
1391 533 79 29 med
1485 532 244 39 emottagande
1742 541 42 20 av

295 582 106 39 gåvor
425 582 54 30 för
505 579 348 36 luftvärnsändamål,
881 590 73 20 som
982 579 148 30 sålunda
1156 579 84 29 böra
1266 578 229 30 underställas
1522 576 184 39 riksdagen
1733 575 55 30 för

295 626 264 39 godkännande,
586 626 110 29 skulle
719 625 10 29 i
754 625 151 38 enlighet
929 624 79 30 med
1033 624 57 29 det
1115 622 146 31 anförda
1286 631 84 21 vara
1394 621 168 39 följande:

342 672 27 29 1.
407 671 12 29 I
449 670 170 30 samband
647 670 78 29 med
753 668 222 39 mottagande
1002 678 43 20 av
1075 666 105 40 gåvor
1208 677 41 20 av
1279 665 328 31 luftvärnsmateriel
1636 665 80 30 eller
1745 674 41 20 av

294 716 113 29 medel
422 714 54 31 för
491 715 109 38 inköp
617 723 41 21 av
676 713 108 30 sådan
800 713 155 30 materiel
970 712 58 31 må
1046 712 124 38 Kungl.
1188 711 100 38 Maj:t
1304 711 117 29 ikläda
1438 711 136 29 kronan
1592 708 196 39 skyldighet

340 762 50 27 att
406 758 196 39 ombesörja
619 758 216 30 materielens
853 756 237 39 anskaffning,
1110 756 74 30 däri
1202 755 190 39 inbegripet
1409 754 151 30 kontroll
1577 763 43 21 av
1638 753 149 30 tillverk-

294 802 139 39 ningen,
455 802 243 38 leveransprov
721 802 66 29 och
809 800 196 39 besiktning
1028 801 59 29 vid
1110 800 213 32 leveransen;

340 851 49 27 att
418 846 267 31 tillhandahålla
716 845 328 39 förvaringslokaler
1074 845 67 30 och
1171 844 261 38 iordningställa
1465 842 126 39 nödiga
1622 841 165 40 uppställ-

295 892 229 39 ningsplatser
546 892 56 29 för
622 890 208 36 materielen,
859 890 5 29 i
887 890 65 30 den
973 889 83 30 mån
1079 889 93 30 avtal
1193 888 74 30 icke
1289 889 71 28 kan
1381 887 125 30 träffas
1527 887 80 29 med
1629 887 158 29 kommu-

295 945 61 21 ner
379 937 81 29 eller
482 936 158 29 enskilda
663 945 57 20 om
742 934 171 39 åtagande
934 934 11 29 i
968 933 125 30 sådant
1115 933 209 35 hänseende;

340 983 49 27 att
413 979 107 31 vårda
544 980 67 29 och
636 978 203 31 underhålla
864 978 212 35 materielen;

340 1027 59 33 att,
424 1024 10 30 i
456 1024 66 30 den
545 1023 238 39 utsträckning
806 1022 159 39 gällande
985 1022 259 30 bestämmelser
1265 1021 66 30 och
1354 1019 213 40 tillgängliga
1590 1019 121 38 anslag
1733 1018 55 30 det

295 1068 169 39 medgiva,
489 1068 134 30 utbilda
649 1067 209 39 värnpliktig
883 1067 158 39 personal
1067 1066 55 30 för
1146 1065 217 30 materielens
1387 1063 212 38 bemanning
1624 1064 163 29 ävensom

296 1112 265 31 tillhandahålla
586 1112 55 30 för
666 1112 140 38 frivillig
830 1111 194 39 utbildning
1050 1110 200 38 erforderlig
1275 1108 328 31 luftvärnsmateriel
1627 1108 66 29 och
1718 1117 70 19 am-

296 1157 185 35 munition;

341 1204 49 27 att
412 1202 174 29 bemanna
609 1200 198 30 materielen
830 1200 10 29 i
863 1199 144 39 krigstid
1030 1200 165 29 ävensom
1218 1200 135 28 utrusta
1376 1197 65 30 och
1463 1197 160 38 beväpna
1646 1196 66 29 den
1735 1195 54 30 för

297 1246 92 30 detta
410 1244 165 31 ändamål
596 1245 149 30 avsedda
767 1244 217 39 personalen;

340 1293 50 27 att
414 1290 56 29 vid
493 1289 238 30 beräknandet
755 1298 43 20 av
822 1286 524 38 ammunitionsanskaffningen
1370 1285 55 30 för
1449 1285 56 30 det
1530 1284 109 30 första
1663 1286 125 27 utrust-

296 1334 249 39 ningsbehovet
563 1333 11 30 i
592 1332 83 31 mån
692 1342 42 20 av
752 1332 213 39 tillgängliga
983 1331 113 30 medel
1115 1334 80 35 taga
1212 1331 137 37 hänsyn
1368 1329 130 39 jämväl
1515 1329 52 30 till
1585 1327 46 40 på
1648 1328 141 38 frivillig

296 1379 66 38 väg
382 1377 188 31 anskaffad
590 1376 340 35 luftvärnsmateriel;
951 1378 89 27 samt

341 1426 50 26 att
414 1422 90 38 sörja
528 1422 55 30 för
607 1419 440 39 ammunitionsersättning
1071 1419 10 29 i
1105 1418 154 39 krigstid.

342 1468 29 28 2.
409 1466 155 30 Kostnad
589 1466 56 30 för
668 1464 217 39 fullgörande
909 1473 41 21 av
974 1463 181 39 åtagande,
1181 1472 74 21 som
1279 1472 47 20 nu
1351 1463 38 29 är
1413 1465 84 35 sagt,
1522 1460 58 32 må
1604 1460 83 40 utgå
1710 1459 80 31 från

297 1511 120 38 anslag
436 1510 53 31 för
508 1510 254 34 motsvarande,
784 1509 50 30 till
855 1509 56 29 det
930 1509 177 29 allmänna
1124 1507 171 30 försvaret
1313 1506 197 38 hänförliga
1530 1505 150 39 utgifter.
1714 1505 76 30 Kan

296 1555 193 30 kostnaden
515 1554 76 30 icke
617 1553 167 30 bestridas
810 1552 45 40 på
881 1552 110 39 dylikt
1016 1553 67 29 sätt
1110 1552 80 29 eller
1216 1561 42 20 av
1284 1551 109 29 andra
1419 1550 213 39 tillgängliga
1658 1550 131 38 anslag,

297 1600 204 29 ankommer
522 1599 58 29 det
601 1597 45 40 på
669 1598 122 38 Kungl.
816 1597 101 38 Maj:t
939 1599 48 28 att
1009 1596 86 30 efter
1118 1595 104 39 gåvas
1244 1595 223 38 mottagande
1489 1595 82 38 göra
1594 1594 67 30 den
1684 1594 105 29 fram-

298 1643 161 38 ställning
477 1643 50 29 till
544 1643 185 38 riksdagen
745 1642 148 30 rörande
909 1641 252 30 kostnadernas
1177 1639 230 35 bestridande,
1427 1648 74 21 som
1518 1648 43 21 av
1578 1638 211 38 omständig-

296 1688 142 29 heterna
461 1686 57 31 må
542 1686 208 30 föranledas.

344 1759 171 30 Utskottet
539 1758 65 30 har
631 1757 75 30 icke
731 1757 77 30 haft
834 1755 105 40 något
964 1759 49 27 att
1038 1755 114 31 erinra
1178 1758 72 27 mot
1276 1754 42 30 de
1344 1764 42 20 av
1413 1752 378 40 departementschefen

298 1812 196 38 föreslagna
519 1812 179 29 allmänna
723 1810 149 39 grunder
896 1809 54 30 för
976 1812 129 27 statens
1130 1807 195 39 åtaganden
1350 1807 11 30 i
1387 1807 169 29 samband
1581 1806 80 30 med
1687 1804 104 40 gåvor

298 1874 43 20 av
362 1863 338 31 luftvärnsmateriel.

345 1918 170 30 Utskottet
535 1916 55 31 får
611 1915 100 31 alltså
731 1916 194 35 hemställa,

654 1990 48 27 att
728 1987 185 38 riksdagen
940 1985 57 31 må
1025 1986 186 38 godkänna
1238 1985 41 30 de
1305 1994 43 20 av
1375 1982 378 41 departementschefen
1780 1982 11 29 i

610 2039 373 40 statsrådsprotokollet
1003 2040 81 29 över
1105 2038 306 30 försvarsärenden
1431 2037 54 30 för
1505 2037 66 29 den
1593 2037 41 29 28
1654 2035 137 39 januari

613 2094 83 30 1938
721 2093 150 39 angivna
898 2093 177 29 allmänna
1102 2091 195 39 grunderna
1323 2090 55 30 för
1405 2093 127 27 statens
1559 2088 196 40 åtaganden
1781 2088 10 29 i

610 2147 169 30 samband
803 2146 80 30 med
906 2145 243 39 emottagande
1172 2154 42 20 av
1238 2143 105 40 gåvor
1365 2143 54 30 för
1442 2141 347 32 luftvärnsändamål.

345 2218 198 30 Stockholm
565 2218 67 30 den
654 2219 19 28 8
694 2227 92 20 mars
810 2218 94 29 1938.

788 2287 49 30 På
858 2287 276 30 statsutskottets
1154 2287 144 37 vägnar:

837 2348 176 30 ANDERS
1035 2342 214 36 RÅSTOCK.

341 2456 302 27 Närvarande:
666 2464 31 18 se
719 2456 96 26 under
837 2454 172 27 utlåtandet
1030 2463 38 18 nr
1089 2455 47 26 51.

727 2585 234 24 Centrallryckeriet,
983 2583 91 22 Esselte
1096 2584 36 21 ab.
1155 2583 136 22 Stockholm
1314 2584 51 20 1938

1006 2624 78 15 841395
