1904 2838
357 171 17 28 2
682 171 398 33 Jordbruksutskottets
1107 173 187 32 utlåtande
1321 174 52 32 Ni
1396 176 51 30 27.

311 245 304 37 ÖVErjäZMäÄSlAre
641 272 1073 13 .osooorereserrersserrr
1082 241 50 50 rer
1144 241 29 50 rr
1182 241 29 50 rK
1219 241 32 50 rr
1260 241 54 50 rr
1322 241 73 50 Kerr
1403 241 29 50 rr
1444 241 29 50 Kr
1494 241 48 50 sr
1572 241 104 50 os
1685 241 32 50 AA
1756 255 39 30 13

310 295 173 37 DYrAÅCHef
514 322 1202 14 sososeeererrerrerererrerrrs
1058 291 52 51 rer
1122 291 10 51 rs
1141 291 48 51 Arr
1198 291 33 51 rr
1239 291 52 51 Rss
1303 291 68 51 rss
1380 291 74 51 Ess
1469 291 77 51 KRKA
1568 291 90 51 ASKER
1670 291 49 51 La
1778 312 33 30 5;

352 358 104 33 Anm.
472 358 309 38 Befattningarna
799 362 117 30 såsom
933 361 317 37 skogsingenjörer
1267 362 101 32 skola
1387 362 61 32 vid
1465 363 288 37 uppkommande
1769 365 46 31 le-

309 409 126 37 dighet
450 410 79 32 icke
544 411 247 32 återbesättas.

352 510 32 36 3)
408 511 216 37 bemyndiga
645 510 133 38 Kungl.
799 512 111 36 Maj:t
930 514 55 30 att
1006 514 149 31 utfärda
1175 514 42 31 de
1239 515 478 37 övergångsbestämmelser,
1739 526 75 22 som

311 562 61 31 vid
391 562 279 37 genomförande
689 573 46 21 av
756 563 212 33 förberörda
986 564 201 37 ändringar
1206 566 59 30 må
1285 566 198 37 erfordras;

349 612 33 37 4)
406 614 216 37 bemyndiga
673 614 134 37 Kungl.
859 615 112 37 Maj:t
1001 618 56 30 att
1088 617 13 31 i
1133 617 236 32 förenämnda
1399 618 410 37 avlöningsreglemente

311 667 167 30 ävensom
505 667 13 31 i
545 667 70 31 den
642 666 62 31 vid
733 667 230 36 reglementet
994 668 128 36 fogade
1152 669 408 37 tjänsteförteckningen
1589 670 151 36 vidtaga
1768 671 43 31 de

309 716 207 38 ändringar,
539 728 75 22 som
638 717 204 32 föranledas
867 729 46 21 av
936 719 214 36 riksdagens
1171 720 116 32 beslut
1310 720 229 33 beträffande
1561 721 249 37 befattningar

308 769 63 32 vid
392 768 270 38 domänverket;

349 818 32 38 5)
405 820 217 37 bemyndiga
643 820 134 38 Kungl.
799 822 111 36 Maj:t
932 824 63 35 att,
1027 824 4 30 i
1051 823 68 31 den
1139 825 84 29 mån
1241 824 41 31 så
1302 826 131 34 prövas
1454 824 178 37 lämpligt,
1655 824 74 33 dels
1748 825 63 31 vid

308 872 286 36 uppkommande
621 872 158 38 ledighet
806 874 21 31 å
854 873 207 38 befattning
1089 874 97 31 inom
1212 875 173 31 8:e-—12:e
1411 875 265 37 lönegraderna
1701 876 13 30 i
1743 886 70 21 om-

309 923 177 32 förmälda
533 924 407 36 avlöningsreglemente
990 925 174 37 antingen
1209 926 202 32 tillsvidare
1457 927 99 32 hålla
1601 928 209 31 densamma

307 974 136 33 vakant
461 975 86 32 eller
566 976 65 31 ock
650 976 130 37 utbyta
799 976 251 37 befattningen
1069 980 74 29 mot
1163 977 114 37 tjänst
1297 978 96 31 inom
1412 979 101 36 lägre
1531 979 183 36 lönegrad,
1733 979 76 32 dels

307 1027 65 31 ock
396 1026 96 32 inom
515 1026 152 33 berörda
691 1028 211 36 lönegrader
925 1029 131 36 utbyta
1079 1029 75 32 viss
1176 1029 207 36 befattning
1405 1032 74 29 mot
1504 1040 120 21 annan
1649 1040 46 21 av
1719 1040 90 22 sam-

306 1086 60 22 ma
386 1078 186 37 lönegrad;
595 1080 94 30 samt

346 1128 32 37 6)
407 1130 175 37 medgiva,
608 1131 54 31 att
687 1131 237 33 förenämnda
948 1131 408 37 avlöningsreglemente
1382 1133 68 32 den
1476 1133 39 30 22
1542 1133 79 37 juni
1648 1133 79 31 1920
1754 1134 56 31 för

305 1179 219 37 tjänstemän
546 1182 63 31 vid
631 1183 255 32 domänverket
909 1184 69 36 må,
1002 1184 81 31 med
1105 1184 44 32 de
1173 1183 198 37 ändringar
1393 1184 82 32 däri
1509 1194 75 22 som
1608 1185 200 32 sedermera

305 1231 177 38 vidtagits
525 1233 87 32 eller
638 1243 75 22 som
739 1234 145 36 jämlikt
910 1233 32 37 4)
972 1236 59 30 må
1057 1235 143 32 komma
1227 1237 54 30 att
1306 1235 179 37 vidtagas,
1511 1235 202 33 tillsvidare
1740 1238 69 34 äga

305 1283 221 36 provisorisk
549 1284 232 37 tillämpning
805 1285 137 36 jämväl
966 1287 115 31 under
1105 1286 97 32 tiden
1228 1287 84 31 från
1336 1287 65 30 och
1425 1286 80 32 med
1526 1288 70 31 den
1620 1288 17 30 1
1662 1287 145 36 januari

305 1335 79 31 1933
405 1335 56 32 till
481 1337 65 30 och
566 1337 81 32 med
670 1336 66 32 den
758 1337 37 31 31
815 1337 184 33 december
1020 1337 88 33 1933.

347 1388 219 31 Beträffande
590 1387 229 38 utredningen
843 1389 12 30 i
879 1389 141 31 ärendet
1042 1390 56 30 får
1121 1390 167 31 utskottet
1310 1390 147 31 hänvisa
1481 1390 56 31 till
1555 1390 142 31 berörda
1713 1391 99 30 stats-

302 1440 259 36 rådsprotokoll.

344 1492 271 38 Inledningsvis
649 1495 59 29 må
744 1493 151 37 erinras,
930 1496 55 30 att
1020 1494 65 32 vid
1110 1493 226 32 inrättandet
1363 1504 127 26 genom
1515 1495 120 31 beslut
1660 1505 46 21 av
1731 1495 79 31 1882

304 1544 60 32 års
390 1544 147 37 riksdag
562 1554 47 22 av
636 1544 307 37 domänstyrelsen
971 1545 59 32 det
1056 1556 73 26 nya
1156 1545 260 33 ämbetsverket
1444 1546 202 33 fördelades
1673 1548 46 35 på
1745 1548 62 30 två

304 1595 246 37 avdelningar,
577 1606 43 22 en
648 1596 389 38 jordbruksavdelning
1064 1597 56 32 för
1147 1597 241 36 övertagande
1414 1608 46 21 av
1485 1598 70 31 den
1584 1598 225 35 förvaltning

301 1657 48 21 av
369 1647 158 32 kronans
549 1647 377 37 jordbruksdomäner,
950 1658 75 23 som
1045 1648 135 32 dittills
1203 1648 200 32 handhafts
1426 1659 45 21 av
1493 1649 315 37 kammarkollegii

300 1699 341 37 domänavdelning,
672 1702 93 29 samt
795 1709 44 22 en
868 1699 305 38 skogsavdelning
1203 1700 58 32 för
1291 1700 208 32 ersättande
1527 1710 46 22 av
1602 1700 70 32 den
1699 1700 110 33 dåva-

303 1751 111 32 rande
436 1750 291 37 skogsstyrelsen.
771 1749 33 33 Å
827 1750 442 38 jordbruksavdelningen,
1292 1752 123 31 vilken
1437 1752 216 37 uppdelades
1676 1753 46 35 på
1745 1753 62 31 två

303 1801 139 38 byråer,
463 1802 187 37 utgjordes
668 1803 69 32 den
760 1803 181 32 ordinarie
962 1804 210 35 personalen
1193 1814 46 21 av
1260 1805 62 30 två
1343 1803 213 37 byråchefer
1578 1804 65 32 och
1664 1805 63 30 två
1749 1814 57 21 no-

301 1854 122 32 tarier.
469 1854 127 37 Enligt
622 1855 42 31 de
689 1863 127 28 genom
838 1854 136 38 Kungl.
999 1854 131 37 Maj:ts
1156 1854 174 32 skrivelse
1353 1855 70 32 den
1449 1855 39 31 10
1516 1850 179 46 november
1720 1855 87 31 1882

304 1903 57 37 (nr
376 1904 52 37 59)
458 1906 184 36 angående
664 1906 269 36 förvaltningen
955 1916 47 21 av
1021 1905 157 33 kronans
1197 1907 172 31 domäner
1390 1906 207 32 meddelade
1621 1906 183 31 föreskrif-

302 1959 104 30 terna
423 1958 113 31 skulle
553 1957 322 37 handläggningen
894 1968 46 21 av
957 1958 158 31 ärenden
1128 1958 153 32 rörande
1309 1959 157 31 kronans
1493 1958 312 36 jordbruksdomä-

299 2017 65 24 ner
389 2009 95 31 inom
506 2009 308 36 domänstyrelsen
839 2010 62 31 ske
926 2008 113 37 enligt
1066 2020 46 20 av
1138 2009 279 32 imbetsverkets
1443 2010 80 31 chef
1547 2009 161 32 bestämd
1734 2009 70 31 för-

298 2060 157 37 delning.
497 2060 127 32 Denna
648 2060 203 37 fördelning
875 2061 248 36 genomfördes
1148 2061 11 31 i
1181 2060 190 32 huvudsak
1396 2061 222 36 geografiskt
1642 2060 161 37 sålunda,

299 2112 54 31 att
385 2112 261 35 egendomarna
678 2110 136 34 länsvis
844 2111 218 37 uppdelades
1093 2112 131 32 mellan
1254 2111 452 37 jordbruksavdelningens
1738 2112 64 31 två

299 2163 140 38 byråer.

341 2214 19 32 I
380 2216 172 32 samband
571 2216 81 32 med
669 2226 44 21 en
733 2216 63 31 vid
816 2216 78 31 1908
914 2218 60 30 års
993 2216 151 35 riksdag
1165 2214 111 38 (prop.
1296 2225 44 22 nr
1361 2215 52 37 39;
1434 2215 41 32 R.
1496 2216 70 31 skr.
1585 2225 44 21 nr
1650 2215 19 31 9
1688 2215 114 36 punkt

299 2264 33 37 9)
362 2267 209 36 genomförd
598 2266 180 37 reglering
805 2276 47 22 av
878 2266 358 33 löneförhållandena
1262 2277 47 21 m.
1334 2276 45 22 m.
1405 2266 63 32 vid
1493 2265 311 38 domänstyrelsen

298 2317 132 34 beslöts
450 2320 13 31 i
485 2319 175 32 avseende
681 2321 22 30 å
724 2318 193 38 styrelsens
939 2318 248 36 organisation
1207 2318 111 31 bland
1340 2320 111 30 annat
1471 2318 69 32 den
1562 2318 164 35 ändring,
1748 2318 54 31 att

297 2369 70 32 den
393 2370 208 32 dåvarande
630 2370 202 32 skillnaden
859 2370 134 32 mellan
1021 2369 433 37 jordbruksavdelningen
1483 2370 65 31 och
1578 2367 224 37 skogsavdel-

297 2419 134 38 ningen
454 2421 115 32 skulle
592 2421 173 36 upphöra,
788 2420 180 36 varjämte
989 2420 191 38 uttalades,
1201 2422 56 31 att
1281 2420 188 31 föreskrift
1491 2420 109 32 borde
1623 2418 179 33 meddelas

300 2473 133 36 därom,
461 2474 53 30 att
542 2483 42 21 en
612 2484 45 20 av
682 2472 262 38 byråcheferna
972 2472 108 32 borde
1107 2482 89 21 vara
1223 2482 43 21 en
1295 2472 12 30 i
1335 2471 175 37 jordbruk
1536 2469 140 37 kunnig
1703 2478 93 28 man,
