2168 2610
175 789 138 24 Utskottets

172 825 134 30 yitrande.

410 182 43 31 34
803 181 364 41 Bevillningsutskottets
1192 180 197 32 betänkande
1412 180 54 32 Nr
1488 181 53 31 46.

363 274 49 22 av
452 259 259 37 uteslutandet
739 273 46 22 av
822 259 282 36 inkomsttiteln
1131 259 265 48 punschskatt,
1426 258 72 37 blir
1524 258 59 36 för
1610 258 188 37 täckande
1827 272 47 23 av
1903 258 75 37 den

363 312 104 36 förut
499 311 249 36 omförmälda
783 310 291 48 budgetbristen
1102 311 13 35 i
1143 310 121 50 själva
1291 311 134 35 verket
1452 323 140 35 genom
1619 309 246 38 tullmedlens
1894 310 84 49 höj-

362 364 99 48 ning
488 363 232 48 disponibelt
748 362 135 37 endast
912 368 55 30 ett
995 362 138 50 belopp
1163 375 47 23 av
1238 364 58 34 8.5
1329 362 178 48 miljoner
1535 362 177 36 kronor.»

493 414 18 36 I
553 415 221 48 anslutning
815 414 128 36 härtill
985 414 98 36 hava
1111 415 13 34 i
1152 414 63 36 det
1243 414 11 36 i
1282 413 288 49 propositionen
1611 427 46 22 nr
1683 415 74 34 437
1788 414 191 47 ingående

362 466 187 48 förslaget
590 466 58 36 till
689 466 210 48 ändringar
926 466 11 35 i
966 465 435 49 inkomstberäkningen
1439 464 223 37 tullmedlen
1690 465 202 49 upptagits
1920 465 58 36 till

365 519 256 46 105,000,000
650 517 150 37 kronor.

493 621 228 37 Debiterade
736 621 195 37 tullmedel
946 621 58 36 för
1018 621 103 36 tiden
1133 621 289 48 januari—-april
1441 621 96 35 1919
1554 620 179 49 utgjorde
1747 622 229 46 18,939,065

362 674 142 36 kronor
532 674 48 35 39
609 678 76 32 öre.

495 777 209 47 Utskottet,
748 790 82 23 som
872 782 126 32 ansett
1034 777 46 36 de
1107 776 60 37 för
1195 776 46 36 de
1270 776 85 49 fyra
1384 776 121 36 första
1533 776 232 36 månaderna
1794 789 47 23 av
1870 776 108 35 inne-

362 828 169 37 varande
572 831 41 33 år
654 842 99 23 ovan
795 829 160 36 anförda
995 828 176 37 siffrorna
1212 828 89 48 giva
1342 832 87 44 gott
1471 828 85 36 stöd
1591 827 58 36 för
1677 840 47 23 en
1752 827 226 49 ytterligare

363 880 164 49 höjning
555 880 85 37 med
670 880 230 37 åtminstone
930 882 21 34 5
981 880 187 36 millioner
1208 879 141 37 kronor
1378 884 136 31 utöver
1547 879 73 36 vad
1648 878 13 36 1
1689 879 289 49 propositionen

363 945 46 23 nr
436 934 73 34 437
543 932 231 48 föreslagits,
803 932 230 47 hemställer,

900 1041 56 30 att
1014 1036 224 36 tullmedlen
1298 1038 60 34 må
1420 1035 60 36 för
1534 1038 42 33 år
1633 1037 97 34 1921
1788 1034 191 37 beräknas

767 1088 88 35 till
995 1118 477 6 sessionen
1538 1087 140 36 Kronor
1708 1087 269 46 110,000,000.
