2146 2616
636 188 358 44 Bevillningsutskottets
1016 192 196 32 betänkande
1236 192 52 32 Nr
1311 194 52 31 46.
1716 196 41 32 47

959 498 92 35 14:0.

272 618 427 53 Omsättningsskatt
727 624 83 39 och
838 625 457 50 utskänkningsskatt
1324 626 28 40 å
1382 627 326 50 spritdrycker.

325 733 130 37 Under
495 734 238 51 åberopande
770 751 47 23 av
844 738 73 36 vad
946 739 182 37 utskottet
1156 753 99 23 ovan
1284 740 121 36 under
1433 741 123 49 punkt
1586 743 57 34 1:0o
1672 742 125 37 anfört

192 784 74 36 och
307 784 198 51 föreslagit
546 787 233 38 beträffande
808 802 47 23 en
884 791 272 49 omsättnings-
1183 792 71 36 och
1283 805 48 23 en
1359 792 388 49 utskänkningsskatt
1775 797 21 34 å

191 836 268 49 spritdrycker,
488 838 218 38 hemställer
733 841 197 46 utskottet,

722 944 48 49 A)
798 950 53 31 att
892 946 204 49 riksdagen
1137 950 128 44 måtte,
1295 948 11 35 i
1337 948 209 49 anledning
1585 962 48 23 av
1662 950 132 37 motio-

592 1007 117 25 nerna
736 995 28 36 I:
782 998 74 35 314
878 1011 46 22 av
943 998 128 37 herrar
1089 998 210 49 Björnsson
1322 999 71 37 och
1414 989 102 47 Örne
1536 1006 98 31 samt
1654 1000 47 37 II:
1719 1004 74 35 460

592 1060 46 23 av
667 1047 85 37 herr
778 1048 136 49 Röing,
946 1055 139 43 antaga
1113 1051 170 48 följande

1092 1153 203 41 Förslag

1164 1214 51 33 till

632 1271 215 44 förordning
870 1273 182 42 angående
1076 1275 77 32 dels
1177 1284 45 24 en
1244 1276 258 41 omsättnings-
1527 1276 74 33 dels
1625 1285 42 24 en
1691 1278 57 32 ut-

861 1326 329 41 skänkningsskatt
1215 1329 21 31 å
1259 1328 258 41 spritdrycker.

717 1414 235 48 Härigenom
982 1415 198 36 förordnas
1210 1428 82 23 som
1321 1415 127 48 följer:

1011 1525 363 42 Omsättningsskatt.

1149 1605 83 50 18.

717 1673 74 35 För
819 1672 268 50 spritdrycker,
1117 1687 81 23 som
1229 1675 173 49 försäljas
1432 1676 70 36 här
1521 1676 11 36 i
1552 1677 108 46 riket,
1681 1677 108 47 skall,

587 1723 11 35 i
628 1723 71 36 den
727 1725 268 48 utsträckning
1022 1725 68 36 här
1118 1726 123 35 nedan
1265 1732 101 43 sägs,
1387 1728 57 35 till
1467 1733 124 31 staten
1611 1728 177 49 erläggas

587 1787 46 23 en
663 1775 132 48 avgift,
824 1775 189 37 benämnd
1041 1778 370 48 omsättningsskatt.

1143 1865 79 46 28

716 1930 419 49 Omsättningsskatten
1177 1928 188 54 upptages
1409 1933 62 36 vid
1500 1934 286 50 rusdrycksför-

586 1982 373 48 säljningsbolagens
987 1984 115 48 inköp
1132 1998 47 21 av
1200 1985 258 48 spritdrycker
1478 1985 71 36 och
1569 1989 113 45 utgår
1701 1987 86 36 med

587 2033 47 34 25
676 2040 157 41 procent
874 2047 47 22 av
950 2034 61 37 det
1040 2035 148 49 belopp,
1218 2037 60 34 för
1305 2037 121 35 vilket
1453 2036 164 49 bolagen
1646 2038 141 49 inköpa

587 2083 139 36 sådana
755 2084 168 49 drycker.

719 2135 632 51 Rusdrycksförsäljningsbolagen
1379 2143 74 44 äga
1482 2145 54 30 att
1554 2139 95 37 efter
1668 2153 117 35 grun-

588 2186 76 47 der,
707 2199 79 23 som
829 2201 47 21 av
920 2188 347 49 kontrollstyrelsen
1297 2190 218 46 fastställas,
1544 2189 63 37 vid
1637 2191 149 49 försälj-

587 2238 142 48 ningen
769 2252 46 22 av
857 2239 306 50 spritdryckerna
1203 2245 95 43 göra
1326 2241 59 47 sig
1413 2241 176 37 betäckta
1619 2243 59 35 för
1707 2256 78 23 om-

587 2289 354 48 sättningsskatten.
