2162 2686
418 203 19 31 8
855 194 268 34 Stats-Utskottets
1152 191 165 34 Utlåtande
1341 191 61 32 N:o
1425 192 48 29 14.

371 282 180 40 särskildt
587 280 137 49 anslag
751 278 84 37 icke
863 276 168 39 behöfva
1060 273 165 49 anvisas,
1254 275 42 35 så
1323 272 114 37 framt
1465 270 66 37 det
1558 268 237 50 medgåfves,
1825 271 55 33 att
1908 279 47 23 en

372 334 294 51 öfverflyttning
706 333 104 48 finge
854 344 73 36 ega
968 343 83 22 rum
1091 327 56 38 till
1189 326 65 37 det
1294 323 232 50 treklassiga
1568 320 218 39 läroverket
1814 320 42 37 af
1878 318 77 38 lika

372 393 140 46 många
554 383 447 54 adjunktsbefattningar
1042 381 96 37 ifrån
1181 379 63 37 det
1285 376 222 39 nuvarande
1535 375 121 50 högre
1685 372 229 49 läroverket,
1944 371 10 36 1

373 444 73 36 den
487 444 88 34 mån
617 439 175 48 ledighet
833 437 66 36 der
940 433 199 39 inträffade
1178 432 92 37 eller
1305 432 136 37 sådant
1471 429 111 50 eljest
1610 426 127 38 kunde
1767 426 69 37 ske
1864 431 90 30 utan

372 492 287 42 åsidosättande
702 492 41 36 af
773 493 150 45 någons
952 487 147 50 lagliga
1127 491 85 31 rätt.
1268 485 58 36 En
1355 484 116 37 sådan
1503 479 295 51 öfverflyttning
1822 483 133 44 syntes

372 562 90 24 vara
498 550 41 34 så
567 545 155 50 mycket
749 542 237 50 lämpligare,
1016 554 81 23 som
1127 539 33 49 ej
1191 538 147 36 mindre
1368 542 46 31 än
1444 536 84 49 fyra
1553 534 41 37 af
1617 534 64 36 det
1709 533 122 48 högre
1860 531 97 37 läro-

372 601 156 38 verkets
572 597 188 39 ordinarie
790 592 445 53 adjunktsbefattningar
1263 589 207 38 beräknats
1498 587 119 38 blifva
1646 584 219 49 obehöfliga
1893 582 65 38 vid

372 651 325 42 latinläroverket.
753 649 74 37 Det
869 647 98 37 enda
1009 645 135 49 anslag
1186 644 41 37 af
1256 641 235 48 statsmedel,
1522 654 80 23 som
1632 637 242 39 erfordrades
1902 636 58 36 för

374 708 65 36 det
480 704 234 47 treklassiga
743 700 250 38 läroverkets
1021 697 226 48 förändring
1274 696 57 36 till
1361 693 256 48 femklassigt,
1645 704 91 25 vore
1766 690 111 37 alltså
1906 694 54 31 ett

372 759 142 49 belopp
544 756 41 37 af
612 756 109 47 1,250
751 753 142 37 kronor
921 751 53 37 till
1007 749 269 48 förhöjningen
1302 748 41 36 af
1367 747 149 36 rektors
1546 744 70 37 och
1634 743 326 48 öfningslärarnes

374 811 180 48 aflöning.

504 861 267 39 Grundsatsen
800 872 57 22 om
890 855 189 50 skiljande
1109 854 64 36 vid
1202 854 47 36 de
1280 853 190 36 allmänna
1499 849 227 38 läroverken
1747 847 40 37 af
1799 847 46 37 de
1862 846 98 37 båda

376 913 360 51 bildningslinierna
770 917 40 31 är
839 908 287 48 otvifvelaktigt
1154 906 121 49 rigtig
1304 905 70 37 och
1398 904 69 36 har
1496 903 112 37 äfven
1637 900 136 38 vunnit
1800 899 160 37 Riksda-

376 983 98 36 gens
503 963 294 54 godkännande.
851 962 200 37 Utskottet
1074 959 68 37 vill
1170 958 11 37 i
1210 958 137 37 sådant
1374 955 222 38 hänseende
1622 953 136 49 erinra,
1779 953 180 36 hurusom

377 1022 220 48 Riksdagen
640 1018 11 36 i
679 1014 243 49 underdånig
950 1012 206 38 skrifvelse
1185 1010 72 37 den
1290 1013 43 35 16
1363 1009 74 49 Maj
1471 1010 109 46 1874,
1607 1005 201 51 angående
1837 1004 124 49 regle-

378 1076 136 48 ringen
558 1072 41 37 af
635 1070 212 49 utgifterna
879 1067 121 36 under
1028 1065 227 37 riksstatens
1285 1062 155 38 åttonde
1469 1059 241 48 hufvudtitel,
1741 1057 137 48 anfört,
1908 1061 55 33 att

379 1128 75 37 den
495 1131 89 32 nära
615 1122 180 48 förening
824 1120 163 37 emellan
1016 1118 46 37 de
1092 1117 101 37 olika
1220 1114 373 49 bildningslinierna,
1622 1126 81 23 som
1734 1110 134 37 dittills
1897 1114 66 44 egt

378 1194 95 32 rum,
517 1182 133 44 syntes
693 1174 112 37 hafva
848 1173 146 47 utgjort
1024 1176 53 31 ett
1105 1169 136 36 hinder
1269 1168 58 37 för
1355 1165 350 49 undervisningens
1733 1163 85 37 fullt
1847 1161 116 38 ända-

379 1230 228 48 målsenliga
634 1224 268 46 bedrifvande;
933 1229 54 31 att
1015 1222 215 50 uppenbart
1257 1233 102 33 vore,
1391 1219 64 36 det
1484 1224 54 31 ett
1566 1216 203 48 tillbörligt
1783 1210 178 58 tillgodo-

380 1284 142 38 seende
563 1281 40 38 af
641 1283 41 34 så
713 1279 59 37 väl
801 1277 72 37 den
902 1275 191 37 klassiska
1121 1287 80 24 som
1232 1273 74 36 den
1335 1272 103 37 reala
1467 1269 330 48 undervisningen
1826 1266 137 38 endast

380 1337 109 38 stode
518 1340 56 32 att
601 1333 116 37 vinna
745 1343 141 37 genom
916 1326 382 50 bildningsliniernas
1326 1323 251 49 fullständiga
1597 1321 245 49 åtskiljande;
1864 1323 99 33 samt

381 1396 55 31 att
468 1389 106 36 detta
602 1386 75 37 mål
704 1384 84 37 icke
816 1381 129 37 kunde
975 1379 241 48 fullständigt
1243 1378 146 49 uppnås
1419 1381 116 32 annat
1563 1380 46 32 än
1639 1387 140 36 genom
1809 1377 155 44 upprät-

380 1441 117 39 tande
528 1440 40 38 af
592 1436 188 40 särskilda
807 1433 191 38 klassiska
1027 1432 70 37 och
1126 1430 188 39 särskilda
1341 1429 105 37 reala
1472 1427 189 38 läroverk.
1868 1456 2 2 ;

511 1494 16 35 I
568 1487 402 42 öfverensstämmelse
1013 1484 87 37 med
1141 1483 106 37 detta
1276 1482 242 48 Riksdagens
1548 1479 196 37 uttalande
1772 1478 100 36 lärer
1901 1476 65 36 det

383 1561 48 23 nu
457 1542 267 51 föreliggande
753 1540 198 48 förslaget,
977 1537 132 37 dervid
1137 1536 198 37 Utskottet
1364 1535 32 48 ej
1426 1532 125 38 funnit
1570 1531 211 48 anledning
1794 1529 59 38 till
1868 1528 98 37 erin-

382 1613 78 31 ran,
504 1598 92 36 böra
640 1595 114 36 vinna
796 1591 244 48 Riksdagens
1071 1588 111 38 bifall.
1236 1586 146 38 Härvid
1410 1585 110 37 torde
1550 1584 97 37 dock
1675 1584 93 36 böra
1795 1581 172 48 uttryck-

383 1652 106 48 ligen
520 1647 230 46 framhållas,
780 1650 66 42 att,
876 1657 59 23 om
966 1648 47 31 än
1043 1642 209 47 Göteborg,
1281 1642 48 47 på
1349 1637 126 51 grund
1495 1637 41 37 af
1547 1637 59 37 sin
1621 1635 202 50 betydelse
1840 1637 125 33 såsom

383 1704 120 36 rikets
530 1701 117 37 andra
676 1698 86 37 stad
791 1702 97 31 samt
917 1695 65 36 det
1011 1700 103 31 stora
1141 1691 322 50 lärjungeantalet
1492 1690 10 36 i
1523 1687 237 39 dervarande
1776 1685 191 47 läroverk,

385 1753 287 48 otvifvelaktigt
699 1751 70 37 bör
798 1762 73 35 ega
899 1746 247 48 fullständiga
1170 1747 40 34 så
1239 1744 60 36 väl
1323 1742 190 38 klassiska
1541 1755 81 24 som
1647 1740 104 38 reala
1777 1737 190 44 läroverk,

385 1807 221 47 Riksdagen
640 1801 211 39 emellertid
879 1800 83 37 icke
991 1811 139 36 genom
1162 1802 53 32 att
1243 1796 130 37 bifalla
1400 1793 274 51 upprättandet
1703 1790 199 39 derstädes
1932 1789 40 37 al

386 1859 144 38 sådana
571 1860 61 33 må
675 1868 110 24 anses
828 1852 114 36 hafva
984 1849 213 50 medgifvit,
1239 1853 54 32 att
1336 1847 180 38 behofvet
1557 1845 155 37 kräfver
1740 1849 55 32 att
1822 1846 50 46 på
1896 1842 72 36 alla

386 1911 150 47 ställen,
571 1910 67 36 der
666 1905 249 48 fullständiga
943 1903 175 37 läroverk
1146 1915 49 23 nu
1225 1901 134 47 finnas,
1389 1898 187 38 särskilda
1604 1897 144 38 sådana
1775 1896 59 36 för
1857 1895 111 36 hvar-

386 1964 91 37 dera
505 1962 117 37 linien
652 1960 169 35 inrättas.
879 1957 14 35 I
925 1955 136 38 sådant
1088 1953 220 38 hänseende
1337 1951 153 50 yttrade
1523 1953 97 34 1874
1650 1953 58 33 års
1725 1947 172 48 Riksdag
1915 1947 51 35 uti

385 2016 114 37 ofvan
530 2011 214 50 åberopade
773 2008 267 48 underdåniga
1068 2005 216 48 skrifvelse,
1314 2010 54 31 att
1397 2004 116 48 detta,
1531 2001 150 39 oafsedt
1695 2000 272 46 kostnaderna,

386 2073 134 44 syntes
561 2078 92 25 vara
695 2064 107 36 desto
837 2074 103 23 mera
969 2058 257 49 öfverflödigt,
1253 2070 81 23 som
1364 2056 65 37 det
1457 2059 120 33 måste
1607 2060 173 42 antagas,
1811 2058 54 31 att
1894 2051 74 36 den

387 2124 152 44 strängt
568 2115 294 50 vetenskapliga
889 2110 324 50 underbyggnad,
1244 2123 81 24 som
1354 2109 75 36 den
1448 2107 189 38 klassiska
1652 2103 317 51 bildningslinien

388 2186 90 23 vore
509 2170 133 38 afsedd
674 2174 55 32 att
756 2166 187 47 meddela,
974 2165 135 36 endast
1136 2161 127 38 kunde
1291 2161 280 49 tillgodogöras
1601 2159 41 37 af
1666 2157 221 49 ettringare
1905 2168 65 24 an-

389 2226 49 35 tal
481 2224 208 46 lärjungar,
721 2220 45 36 då
795 2219 171 37 deremot
995 2217 63 36 det
1086 2220 102 32 stora
1216 2213 164 38 flertalet
1408 2214 86 37 bäst
1521 2211 279 49 tillgodosåges
1829 2221 139 37 genom

391 2277 73 36 den
492 2274 198 51 praktiska
718 2271 71 38 och
818 2271 156 36 allmänt
1002 2267 313 48 medborgerliga
1342 2266 186 47 bildning,
1558 2278 82 23 som
1668 2263 118 37 borde
1816 2260 156 38 medde-

389 2330 56 35 las
474 2329 11 35 i
514 2328 46 36 de
590 2326 102 36 reala
721 2322 239 47 läroverken,
989 2325 49 46 på
1066 2319 126 50 grund
1220 2318 145 47 hvaraf,
1396 2318 70 37 och
1495 2318 46 36 då
1569 2316 65 37 det
1667 2329 91 23 vore
1780 2312 193 39 sannolikt

391 2386 67 44 att,
506 2380 5 35 i
555 2379 70 36 den
670 2380 84 33 mån
798 2376 112 36 dessa
952 2386 134 25 senare
1129 2372 173 47 försåges
1344 2370 87 37 med
1461 2368 157 49 dugliga
1646 2368 69 35 och
1744 2364 228 48 tillräckliga
