1884 2784
423 176 121 28 Första
570 175 245 38 lagutskottets
842 175 177 29 utlåtande
1044 184 41 19 nr
1109 175 42 28 30
1175 176 38 27 år
1241 175 78 28 1957
1588 173 18 28 5)

160 256 51 28 Av
234 255 40 29 de
297 255 10 29 i
329 255 261 28 instruktionen
614 257 176 36 upptagna
814 254 309 29 bestämmelserna
1147 254 88 29 skall
1258 254 41 28 de
1325 254 102 29 flesta
1451 263 74 19 som
1548 254 57 28 rör

139 308 168 29 olismans
333 308 206 29 åligganden
564 308 64 28 och
654 308 159 29 samtliga
839 308 177 28 angående
1052 307 181 29 polismans
1259 306 347 29 maktbefogenheter

382 330 40 16 Sd
769 319 22 40 Sd
883 319 22 39 Sd
1442 329 18 15 d

116 362 108 38 enligt
249 362 37 29 15
313 361 14 36 $
352 362 10 28 i
385 361 206 39 tillämpliga
615 361 96 29 delar
734 362 61 37 äga
819 361 157 38 giltighet
998 361 43 38 på
1064 361 67 28 den
1157 370 73 18 som
1255 360 77 29 med
1358 360 76 29 stöd
1458 369 41 19 av
1524 359 38 29 18
1589 359 14 36 $

115 415 192 39 polislagen
336 414 201 30 förordnats
568 416 49 28 att
648 415 103 28 utöva
780 414 323 39 polisverksamhet.
1134 413 110 29 Bland
1272 413 41 29 de
1343 413 262 29 bestämmelser

117 478 75 20 som
213 467 226 40 undantagits
459 469 118 28 märks
598 468 127 29 främst
745 468 228 38 möjligheten
993 467 105 38 enligt
1119 467 19 28 8
1162 466 15 37 $
1200 469 49 27 att
1269 466 159 29 meddela
1449 467 157 38 rapport-

115 522 165 38 eftergift.

159 579 322 39 Polisreglementet
501 579 65 29 den
587 580 18 28 4
623 579 80 39 juni
725 580 82 28 1948
830 579 61 34 (nr
910 578 81 34 332)
1014 578 195 29 innehåller
1228 578 44 29 bl.
1293 588 29 19 a.
1343 577 262 30 bestämmelser

116 642 57 20 om
194 633 379 38 kompetensvillkoren
596 633 55 28 för
671 633 93 28 olika
786 633 72 38 slag
880 641 41 20 av
941 632 184 39 polismän.
1147 632 51 28 Av
1218 632 41 29 de
1280 632 127 28 villkor
1429 641 73 20 som
1525 632 81 29 stäl-

115 686 49 29 les
186 686 45 39 på
252 686 154 29 sökande
428 686 52 29 till
502 686 110 38 tjänst
635 686 116 28 såsom
773 685 247 39 polisaspirant
1042 685 83 29 eller
1147 685 78 28 med
1248 685 157 38 aspirant
1426 685 179 39 jämförlig

115 741 98 28 extra
236 739 175 39 polisman
435 738 58 30 må
515 739 64 29 här
604 739 80 29 från
709 739 39 29 23
776 738 14 37 $
817 740 157 32 nämnas,
999 740 49 27 att
1073 738 180 29 sökanden
1278 738 89 29 skall
1392 738 45 29 ha
1460 737 79 40 fyllt
1564 738 39 29 21

115 792 39 29 år
178 793 64 29 och
266 793 45 28 ha
335 792 177 30 förvärvat
537 792 54 29 för
615 792 157 39 tjänsten
796 792 204 39 erforderlig
1025 791 301 38 allmänbildning.
1364 792 13 28 I
1403 791 40 30 46
1472 791 14 36 $
1514 791 92 29 stad-

115 854 71 30 gas,
211 848 49 27 att
284 845 236 30 förordnande
545 846 54 29 för
624 847 67 28 den
716 856 74 19 som
815 846 89 29 skall
928 845 198 39 ombesörja
1150 846 10 28 i
1188 845 37 29 18
1253 846 14 35 $
1292 845 193 39 polislagen
1510 845 95 39 angi-

113 909 76 24 ven,
216 900 43 38 på
285 899 138 29 enskild
448 899 193 30 bekostnad
668 899 181 29 anordnad
874 899 287 38 polisbevakning
1194 898 285 38 (ordningsvakt)
1511 898 94 29 med-

114 953 96 29 delas
234 962 42 20 av
296 952 218 39 polischefen
536 953 93 33 eller,
652 962 58 20 om
734 953 66 29 den
823 952 150 30 avsedda
996 952 241 38 bevakningen
1260 952 101 29 berör
1385 952 93 29 olika
1500 951 105 39 polis-

114 1006 136 29 chefers
273 1006 423 33 verksamhetsområden,
722 1015 41 20 av
786 1005 259 39 länsstyrelsen.
1071 1005 248 29 Förordnande
1345 1005 55 29 för
1423 1005 182 38 ordnings-

114 1059 84 29 vakt
216 1059 88 29 skall
321 1067 87 30 ange
424 1059 287 29 verksamhetens
729 1060 52 28 art
797 1059 65 29 och
879 1058 212 39 omfattning
1110 1060 90 28 samt
1216 1059 66 28 den
1301 1068 75 19 som
1395 1058 87 29 skall
1500 1059 104 28 utöva

114 1112 229 39 förmanskap
368 1113 81 28 över
473 1112 308 39 ordningsvakten.
805 1112 248 29 Förordnande
1079 1111 54 29 får
1158 1111 30 39 ej
1217 1111 176 30 meddelas
1418 1120 116 20 annan
1559 1112 45 28 än

114 1165 67 29 den
208 1174 75 20 som
308 1166 127 38 prövas
462 1165 142 39 lämplig
631 1167 51 27 att
708 1166 103 29 utöva
838 1165 67 29 den
930 1164 325 40 polisverksamhet,
1281 1174 121 19 varom
1429 1164 98 39 fråga
1554 1165 49 32 är,

114 1219 65 29 och
196 1219 57 29 må
269 1218 188 30 återkallas
473 1220 63 28 när
553 1228 76 20 som
646 1219 100 30 helst.
764 1219 12 28 I
792 1219 88 29 intet
897 1220 107 28 annat
1020 1218 61 29 fall
1099 1219 44 28 än
1161 1227 74 20 som
1253 1227 47 19 nu
1318 1220 94 36 sagts
1429 1218 54 29 får
1499 1218 105 39 polis-

112 1271 206 40 myndighet
337 1271 159 30 meddela
517 1272 114 38 någon
652 1272 246 33 förordnande,
920 1272 106 29 vilket
1046 1281 99 20 avser
1167 1273 49 27 att
1237 1271 216 29 tillförsäkra
1474 1271 130 29 honom

114 1325 126 29 sådant
262 1325 113 39 skydd
399 1334 75 20 som
495 1325 106 38 enligt
626 1325 207 39 strafflagen
855 1325 212 29 tillkommer
1090 1325 185 38 polisman.

158 1383 49 29 De
226 1382 263 29 bestämmelser
508 1383 11 28 i
538 1382 209 39 strafflagen
768 1392 75 20 som
863 1382 147 30 sålunda
1029 1382 135 39 åsyftas
1184 1382 193 29 innehålles
1397 1382 11 28 i
1431 1382 37 29 10
1489 1382 79 38 kap.
1589 1381 14 29 I

116 1436 14 28 1
158 1435 15 36 $
198 1435 150 38 stadgas,
372 1437 50 27 att
444 1445 56 19 om
523 1435 115 39 någon
661 1436 171 38 förgriper
855 1435 51 39 sig
928 1435 77 29 med
1029 1435 79 29 våld
1131 1435 82 29 eller
1236 1435 60 29 hot
1320 1435 122 29 därom
1465 1435 19 29 å
1506 1435 98 28 inne-

112 1488 129 30 havare
262 1497 41 20 av
323 1488 136 29 ämbete
480 1488 81 29 eller
582 1498 117 19 annan
720 1488 206 39 befattning,
962 1488 127 29 varmed
1111 1488 264 29 ämbetsansvar
1397 1489 37 28 är
1455 1488 147 32 förenat,

113 1542 45 29 då
178 1542 112 29 denne
311 1543 38 28 är
370 1542 11 29 i
402 1541 302 39 tjänsteutövning
724 1542 82 29 eller
829 1542 54 29 för
903 1543 50 28 att
973 1541 117 38 tvinga
1111 1541 130 29 honom
1263 1541 51 28 till
1336 1540 266 39 tjänsteåtgärd,

112 1595 128 29 hindra
263 1594 131 29 honom
418 1594 158 30 därifrån
601 1595 84 28 eller
708 1595 147 29 hämnas
880 1594 129 34 därför,
1036 1594 38 30 så
1099 1594 119 29 dömes
1243 1594 70 29 han
1338 1594 55 29 för
1417 1594 79 29 våld
1520 1594 83 29 eller

112 1648 61 30 hot
192 1650 73 27 mot
283 1647 226 39 tjänsteman.
530 1648 73 29 Vad
625 1657 74 20 som
721 1649 76 37 sägs
816 1657 57 20 om
893 1647 206 39 befattning,
1134 1648 126 28 varmed
1281 1648 262 28 ämbetsansvar
1564 1648 38 28 är

112 1701 148 34 förenat,
286 1701 89 29 skall
400 1702 87 28 även
510 1701 89 38 gälla
623 1700 206 39 befattning,
855 1701 79 29 med
957 1700 116 30 vilken
1098 1700 107 38 enligt
1230 1701 213 37 Konungens
1468 1700 135 29 förord-

113 1754 115 29 nande
251 1763 134 20 samma
410 1754 111 39 skydd
545 1754 88 29 skall
657 1764 83 19 vara
763 1754 148 29 förenat.
943 1754 5 29 I
972 1754 83 29 2—6
1083 1753 37 36 $$
1145 1761 58 31 ges
1227 1754 66 29 den
1317 1763 75 20 som
1416 1754 38 28 är
1477 1753 126 30 under-

113 1808 126 28 kastad
259 1807 263 29 ämbetsansvar
544 1807 220 39 straffskydd
786 1809 72 27 mot
879 1816 117 20 annan
1017 1807 204 38 förgripelse
1242 1808 44 28 än
1307 1807 11 29 i
1342 1807 13 28 1
1382 1806 15 36 $
1421 1808 87 37 sägs,
1529 1808 74 27 mot

111 1860 174 29 våldsamt
310 1860 178 29 motstånd
511 1860 57 29 vid
596 1860 355 38 tjänsteutövningen,
976 1862 72 26 mot
1074 1859 171 29 smädelse
1270 1860 64 28 och
1360 1868 118 21 annan
1503 1859 100 29 miss-

112 1913 155 29 firmelse
288 1915 91 26 samt
400 1915 71 27 mot
492 1913 229 37 bestickning.

157 1966 101 29 Vilka
287 1974 74 20 som
390 1967 38 28 är
457 1966 257 28 underkastade
744 1966 261 28 ämbetsansvar
1033 1965 65 29 och
1128 1965 146 29 sålunda
1304 1965 156 38 åtnjuter
1490 1964 111 39 skydd

113 2019 107 38 enligt
246 2019 153 29 nämnda
426 2019 262 29 bestämmelser
716 2019 153 38 framgår
896 2028 41 19 av
964 2018 38 29 25
1030 2019 79 37 kap.
1141 2019 34 28 11
1208 2018 14 34 $
1250 2018 64 28 och
1342 2018 40 29 26
1410 2018 78 38 kap.
1515 2018 40 29 22
1585 2017 15 36 $

113 2072 218 38 strafflagen.
352 2071 115 38 Enligt
488 2072 243 29 förstnämnda
752 2072 135 37 lagrum
908 2073 37 27 är
964 2071 43 29 bl.
1027 2081 29 19 a.
1079 2071 61 29 »de
1160 2071 215 38 tjänstemän
1398 2080 74 20 som
1492 2071 109 29 under

112 2125 149 29 ämbets-
285 2125 64 29 och
375 2124 523 39 förvaltningsmyndigheterna
925 2124 97 38 lyda»
1051 2124 64 28 och
1144 2124 118 28 »andra
1299 2133 75 19 som
1402 2124 199 29 förordnats

111 2181 50 26 att
190 2178 146 29 förrätta
364 2178 148 28 ämbets-
538 2178 82 28 eller
650 2177 277 38 tjänsteärende»
959 2177 256 29 underkastade
1242 2177 273 28 ämbetsansvar.
1543 2176 59 29 Hit

111 2231 64 28 hör
199 2230 106 38 enligt
327 2231 145 36 stadgad
495 2231 116 37 praxis
634 2230 184 39 polisman.

157 2283 119 28 Såsom
304 2282 146 37 tidigare
477 2282 135 29 anförts
641 2283 68 28 kan
738 2283 192 36 Konungen
959 2282 165 28 förordna
1152 2283 49 27 att
1228 2291 117 20 annan
1373 2282 229 37 befattnings-

112 2336 127 28 havare
265 2336 44 28 än
335 2335 108 28 sådan
471 2344 71 19 som
570 2336 37 28 är
635 2335 236 28 underkastad
898 2334 262 29 ämbetsansvar
1187 2334 87 28 skall
1301 2334 141 38 åtnjuta
1468 2343 134 19 samma

113 2388 112 38 skydd
253 2397 74 19 som
355 2388 228 28 ämbetsman.
612 2388 119 38 Dylikt
760 2387 233 29 förordnande
1020 2387 62 28 har
1112 2387 191 28 meddelats
1332 2387 8 28 i
1368 2386 233 39 kungörelsen

112 2441 66 29 den
197 2442 41 27 30
255 2441 182 29 december
457 2441 81 28 1948
560 2441 60 33 (nr
640 2441 80 32 794)
742 2440 78 29 med
837 2440 236 38 förordnande
1093 2449 55 19 om
1168 2439 251 38 ämbetsskydd
1436 2440 56 38 för
1511 2440 90 29 vissa

114 2494 354 39 befattningshavare.
487 2494 46 29 De
551 2503 165 29 personer
735 2503 71 19 som
825 2494 62 28 där
904 2502 97 20 avses
1018 2494 38 28 är
1073 2493 74 29 dels
1164 2492 344 38 befattningshavare
1526 2502 75 19 som
