1886 2782
265 172 19 28 4
561 174 121 30 Första
707 175 245 38 lagutskottets
976 177 177 29 utlåtande
1176 187 42 19 nr
1240 178 42 28 30
1304 178 39 28 år
1368 178 81 29 1957

307 252 114 38 Enligt
446 253 18 28 2
493 252 14 36 $
535 253 87 29 skall
647 254 11 28 i
683 254 232 38 polisdistrikt
941 255 117 30 finnas
1084 256 173 31 anställda
1282 257 174 38 polismän
1480 258 11 28 i
1517 258 66 29 den
1607 258 142 29 omfatt-

262 305 92 38 ning,
377 315 74 19 som
475 306 175 30 erfordras
673 307 57 29 för
752 307 376 39 polisverksamhetens
1151 310 268 38 ombesörjande
1441 311 96 28 inom
1561 311 187 29 distriktet.

262 357 122 30 Därest
406 359 19 28 å
447 359 71 29 viss
540 362 52 26 ort
613 360 44 38 på
678 360 239 39 landsbygden
939 361 175 30 erfordras
1137 362 254 39 polispersonal
1413 363 80 29 med
1516 364 137 39 uppgift
1676 366 73 27 ute-

263 410 157 31 slutande
450 414 51 27 att
530 413 61 28 där
622 414 237 38 upprätthålla
888 415 194 38 ordningen
1111 416 57 28 vid
1197 416 147 30 enstaka
1373 416 174 34 tillfällen,
1576 417 54 29 får
1659 417 89 29 dock

262 463 55 30 för
346 464 124 30 sådant
500 466 161 29 ändamål
691 467 11 28 i
731 467 258 30 vederbörande
1019 468 233 39 polisdistrikt
1281 469 164 30 tillsättas
1476 479 42 19 en
1549 470 81 29 eller
1660 470 88 29 flera

260 517 263 39 ordningsmän.

306 571 13 28 I
342 571 37 29 18
403 571 14 36 $
440 572 221 35 föreskrives,
684 575 51 27 att
756 575 65 28 vad
842 576 10 28 i
874 575 101 38 lagen
997 575 114 30 finnes
1135 576 137 39 stadgat
1295 576 30 39 ej
1350 577 101 38 utgör
1474 577 124 30 hinder
1620 577 54 30 för
1698 579 51 28 att

261 623 288 40 polisbevakning
566 625 43 39 på
628 627 132 28 statens
778 626 194 30 bekostnad
992 628 213 38 ombesörjes
1223 628 11 28 i
1253 637 116 20 annan
1388 628 150 40 ordning
1557 630 43 28 än
1618 630 9 28 i
1648 629 98 39 lagen

261 677 87 38 sägs,
371 677 30 39 ej
427 677 110 30 heller
560 678 53 29 för
635 681 50 27 att
709 679 96 39 dylik
828 680 196 40 bevakning
1048 681 174 30 anordnas
1244 682 45 38 på
1312 681 137 30 enskild
1472 682 193 30 bekostnad
1688 683 58 29 vid

259 729 85 30 visst
368 729 144 40 företag,
539 731 55 29 vid
618 732 70 29 viss
714 732 221 40 tillställning
960 733 83 30 eller
1067 734 100 39 eljest
1192 735 11 28 i
1229 735 142 29 särskilt
1395 735 73 29 fall.

302 782 198 31 Anmärkas
523 784 57 29 må
601 786 49 27 att
673 785 250 39 länsstyrelsen
944 786 142 39 jämlikt
1110 787 16 29 7
1152 788 14 35 $
1194 788 15 28 1
1235 796 105 21 mom.
1365 787 381 40 länsstyrelseinstruk-

260 836 115 29 tionen
401 836 67 29 den
495 838 19 28 5
538 837 77 39 juni
642 838 84 29 1953
756 839 60 33 (nr
840 839 81 34 541)
952 840 80 38 äger
1058 842 49 27 att
1132 840 54 30 för
1213 841 308 38 upprätthållande
1548 851 41 20 av
1614 842 132 29 allmän

258 888 147 40 ordning
430 890 66 28 och
522 891 170 33 säkerhet,
719 892 62 29 där
807 892 37 29 så
867 892 161 30 befinnes
1053 893 128 39 nödigt,
1208 894 149 29 anställa
1380 896 98 27 extra
1503 895 174 38 polismän
1701 895 45 39 på

259 943 129 28 statens
412 942 205 31 bekostnad.
642 944 66 29 Om
734 944 124 30 sådant
881 945 115 30 beslut
1021 946 87 29 skall
1133 947 79 29 med
1237 947 193 38 angivande
1455 956 42 21 av
1522 948 120 29 skälen
1666 949 80 29 här-

257 995 52 29 till
330 995 165 30 anmälan
517 997 98 37 göras
638 997 51 29 till
712 998 124 29 chefen
858 998 54 29 för
933 999 421 39 inrikesdepartementet.

302 1047 155 31 Polisens
474 1049 176 39 uppgifter
667 1052 92 27 samt
775 1051 191 39 polismans
985 1052 176 30 allmänna
1178 1052 207 39 åligganden
1402 1054 65 28 och
1484 1054 262 39 maktbefogen-

257 1100 97 30 heter
384 1102 152 38 regleras
568 1104 160 29 närmare
761 1104 10 29 i
802 1103 179 31 allmänna
1013 1104 352 40 polisinstruktionen
1398 1106 67 30 den
1498 1107 19 29 4
1549 1107 78 39 juni
1660 1108 85 29 1948

260 1154 61 33 (nr
340 1154 95 33 331).

301 1206 109 30 Bland
426 1208 154 38 polisens
597 1209 177 38 uppgifter
791 1211 124 29 nämns
932 1211 11 28 i
962 1211 14 29 1
998 1211 15 36 $
1031 1213 49 28 att
1097 1212 84 29 söka
1199 1212 186 39 förebygga
1401 1212 95 30 brott
1513 1215 89 28 samt
1617 1214 128 29 hindra

257 1262 50 27 att
323 1261 195 38 ordningen
534 1262 63 28 och
615 1262 209 30 säkerheten
839 1263 101 39 eljest
958 1265 120 33 störes,
1096 1267 50 27 att
1164 1265 162 38 uppdaga
1343 1266 64 28 och
1424 1266 123 29 utreda
1564 1267 180 39 begångna

255 1313 93 30 brott
366 1315 90 28 samt
474 1314 138 39 vidtaga
630 1315 227 39 erforderliga
876 1316 162 39 åtgärder
1057 1317 43 29 då
1118 1317 195 39 ordningen
1332 1318 65 29 och
1416 1319 208 29 säkerheten
1642 1320 102 39 eljest

256 1365 98 30 blivit
376 1366 132 30 kränkt
533 1370 88 27 samt
645 1370 50 27 att
720 1369 11 28 i
755 1369 110 38 övrigt
888 1369 120 30 lämna
1032 1369 237 30 allmänheten
1294 1370 122 39 skydd,
1442 1371 212 40 upplysning
1679 1372 65 29 och

254 1428 116 20 annan
393 1420 111 39 hjälp.

299 1472 51 30 Av
371 1473 195 38 polismans
589 1474 207 39 åligganden
821 1475 56 30 må
900 1475 66 30 här
990 1476 133 39 återges
1147 1477 271 30 bestämmelsen
1442 1478 11 29 i
1478 1478 19 29 8
1524 1478 15 36 $
1565 1480 49 28 att
1638 1479 105 39 polis-

255 1534 91 25 man,
365 1526 118 30 vilken
502 1527 146 29 erhåller
667 1528 200 29 kännedom
886 1538 58 20 om
963 1529 93 30 brott
1077 1539 74 20 som
1170 1530 65 29 hör
1255 1530 111 30 under
1385 1531 148 30 allmänt
1552 1531 78 35 åtal,
1652 1532 90 30 skall

255 1578 38 29 så
313 1581 95 28 snart
428 1580 58 29 det
506 1580 70 29 kan
595 1580 59 30 ske
674 1589 84 30 avge
779 1583 142 37 rapport
941 1582 123 30 därom
1085 1582 50 29 till
1156 1583 258 30 vederbörande
1436 1584 150 30 förman.
1607 1585 44 29 Är
1672 1585 71 30 för-

254 1631 132 30 seelsen
407 1632 174 40 obetydlig
602 1634 63 28 och
687 1633 94 31 klart
803 1634 181 40 ursäktlig,
1007 1636 79 38 äger
1108 1635 245 40 polismannen
1374 1637 90 29 dock
1487 1638 183 30 underlåta
1691 1640 51 28 att

254 1692 82 31 avge
361 1688 144 36 rapport
531 1686 64 29 och
620 1686 69 30 låta
716 1687 109 29 saken
850 1688 81 29 bero
957 1688 58 29 vid
1041 1690 48 28 ett
1114 1689 206 39 påpekande
1346 1690 82 29 eller
1454 1700 44 20 en
1523 1691 139 30 erinran
1688 1692 53 29 till

253 1737 65 29 den
342 1738 148 30 felande.

298 1791 158 30 Rörande
484 1792 190 39 polismans
703 1793 347 39 maktbefogenheter
1078 1796 77 38 sägs
1182 1796 11 28 i
1223 1796 37 28 11
1292 1795 26 36 $,
1345 1798 50 27 att
1422 1796 174 39 polisman
1623 1798 31 39 ej
1685 1798 56 29 får

253 1844 158 29 använda
438 1846 179 37 strängare
643 1846 112 29 medel
782 1847 44 28 än
851 1846 268 31 förhållandena
1143 1848 126 29 kräver
1296 1851 89 27 samt
1411 1851 50 27 att
1488 1850 79 29 våld
1593 1850 54 29 får
1673 1851 69 29 till-

252 1896 115 39 gripas
390 1898 125 29 endast
538 1898 42 30 då
603 1898 317 40 tjänsteuppgiften
945 1900 31 39 ej
1002 1900 71 29 kan
1095 1901 91 29 lösas
1209 1902 45 38 på
1277 1904 107 27 annat
1409 1903 79 29 sätt.
1514 1903 65 29 Om
1603 1903 57 30 det
1685 1904 54 29 för

252 1951 51 27 att
327 1951 238 38 upprätthålla
590 1951 130 30 allmän
745 1952 148 39 ordning
919 1954 39 28 är
983 1953 223 39 nödvändigt,
1232 1954 65 29 har
1321 1955 175 38 polisman
1521 1956 106 39 enligt
1655 1957 38 29 12
1723 1957 15 36 $

251 2004 51 28 att
331 2002 168 40 tillfälligt
530 2005 273 39 omhändertaga
833 2006 66 29 den
930 2015 76 20 som
1037 2014 123 31 genom
1190 2007 61 29 sitt
1280 2009 243 38 uppträdande
1554 2010 71 29 stör
1655 2010 84 29 eller

250 2055 145 30 innebär
412 2066 43 20 en
474 2057 197 29 omedelbar
689 2058 77 29 fara
784 2058 54 30 för
856 2059 205 39 ordningen.
1081 2060 352 39 Omhändertagande
1453 2062 89 29 skall
1561 2063 85 28 även
1666 2063 71 33 ske,

250 2108 45 29 då
314 2109 56 29 det
391 2109 10 29 i
422 2110 111 30 andra
554 2110 60 29 fall
635 2112 37 28 är
693 2111 213 39 nödvändigt
926 2112 57 29 för
1002 2114 50 28 att
1072 2113 143 39 avvärja
1237 2114 228 39 straffbelagd
1487 2115 155 39 gärning,
1665 2118 73 27 mot

249 2161 117 30 vilken
387 2162 175 39 polisman
584 2164 37 28 är
643 2163 126 39 pliktig
792 2166 49 28 att
863 2165 148 39 ingripa.
1035 2166 65 29 Om
1123 2167 360 38 omhändertagandet
1507 2169 88 29 skall
1618 2170 120 28 anmä-

249 2214 58 30 lan
336 2215 207 39 skyndsamt
571 2217 98 37 göras
699 2217 64 29 hos
791 2218 257 30 vederbörande
1077 2218 149 30 förman.
1256 2220 73 29 Den
1356 2221 297 39 omhändertagne
1682 2222 55 29 får

249 2267 106 39 enligt
384 2268 36 29 13
451 2268 16 36 $
496 2269 110 29 hållas
633 2270 10 28 i
671 2269 118 30 förvar
816 2270 37 30 så
879 2270 101 39 länge
1008 2271 75 30 fara
1110 2271 185 40 föreligger
1322 2273 53 29 för
1403 2276 50 27 att
1480 2274 71 29 han
1577 2275 159 29 kommer

248 2322 50 27 att
324 2320 163 32 fortsätta
514 2324 49 27 att
588 2323 93 29 störa
705 2323 204 39 ordningen.

293 2378 114 39 Enligt
432 2379 39 29 14
497 2379 14 37 $
536 2379 127 30 förstås
684 2381 11 28 i
717 2380 262 31 instruktionen
1002 2382 78 29 med
1101 2383 185 38 polisman,
1309 2384 61 29 där
1392 2384 31 39 ej
1450 2387 108 27 annat
1580 2385 155 39 framgår

247 2440 42 20 av
311 2432 298 39 sammanhanget,
632 2442 107 20 envar
761 2434 56 29 vid
840 2434 257 38 polisväsendet
1121 2436 151 29 anställd
1296 2446 74 19 som
1394 2437 129 39 fullgör
1545 2438 191 39 polisverk-

246 2484 145 30 samhet.
