2216 2624
412 195 116 31 Andra
554 194 212 31 Kammarens
792 193 178 42 Tillfälliga
1001 193 139 32 Utskotts
1161 193 77 39 (N:o
1263 194 33 40 4)
1324 192 169 33 Utlåtande
1517 192 61 32 N:o
1607 194 45 30 13.
1748 193 39 30 19

228 288 60 22 om
318 274 113 37 också
459 286 158 23 numera
644 275 140 46 många
813 271 176 38 tillfällen
1018 272 138 36 funnes
1186 276 55 32 att
1263 277 92 31 utan
1375 271 142 37 sådana
1538 271 190 49 åtgärder,
1750 283 80 24 som

228 326 46 37 de
304 327 41 35 af
370 325 288 37 kommitterade
687 325 236 48 ifrågasatta,
954 325 150 35 komma
1132 324 57 36 till
1208 324 118 36 insikt
1346 337 59 23 om
1427 323 289 49 näringslifvets
1736 323 95 47 kraf,

229 379 102 36 detta
375 378 96 36 dock
512 377 207 48 ingalunda
759 377 163 36 uteslöte
963 377 183 36 behofvet
1187 376 42 36 af
1262 389 46 23 en
1338 376 162 36 särskild
1529 375 216 36 institution
1774 375 58 35 för

229 430 250 49 iakttagande
522 430 41 35 af
590 429 339 48 näringsidkarnes
958 429 199 47 intressen,
1186 433 53 32 att
1267 429 103 35 detta
1398 428 120 36 behof
1544 427 134 37 endast
1707 426 126 37 kunde

229 482 224 49 tillgodoses
482 494 139 36 genom
651 486 56 31 att
735 480 63 36 vid
827 480 107 37 sidan
964 481 41 36 af
1030 481 73 36 den
1132 480 196 49 egentliga
1357 479 355 37 administrationen
1730 479 102 36 bilda

229 548 47 23 en
319 533 245 50 korporation
606 533 40 36 af
683 533 242 48 sakkunniga
968 532 85 37 med
1090 537 76 31 rätt
1194 532 56 36 till
1278 532 165 36 initiativ
1472 531 11 36 i
1512 532 131 48 frågor
1670 531 162 36 rörande

228 586 244 49 näringarna,
516 592 97 29 samt
656 589 52 32 att
751 598 85 22 man
878 584 135 36 därvid
1054 584 116 36 minst
1211 584 162 36 behöfde
1417 583 128 37 frukta
1581 584 58 35 för
1667 596 166 35 omogna

228 639 154 48 förslag,
426 642 92 32 enär
560 637 151 47 sådana,
754 636 127 37 därest
909 636 46 37 de
984 636 266 47 framställdes,
1280 635 288 49 otvifvelaktigt
1596 635 104 36 såväl
1729 635 104 36 inom

229 690 296 50 korporationen
553 689 92 49 själf
670 702 81 23 som
781 688 40 37 af
844 688 256 37 allmänheten
1120 688 126 37 blefve
1267 687 236 37 behandlade
1524 688 96 36 efter
1639 687 192 49 förtjänst,

228 743 214 48 hvarjämte
471 745 123 33 såsom
624 741 213 50 opraktiskt
864 741 223 36 betecknats
1115 740 133 49 hvarje
1278 740 129 36 försök
1436 744 56 32 att
1521 740 168 36 anförtro
1715 739 117 35 admi-

229 794 199 37 nistrativa
456 794 132 48 bestyr
616 796 37 33 åt
682 806 191 36 personer,
904 806 80 23 som
1014 792 133 37 endast
1175 792 97 49 ägde
1300 791 339 49 näringstekniska
1658 790 173 37 insikter.

358 846 17 36 I
417 845 279 37 ofvanberörda
726 846 47 35 60
802 845 58 35 till
888 844 227 37 kommittén
1143 844 149 49 afgifna
1319 843 224 37 utlåtanden
1570 843 96 36 hade
1696 845 20 34 2
1746 856 86 36 per-

230 912 111 23 soner
368 898 159 36 framför
555 900 118 46 något
702 897 42 36 af
768 896 311 37 kommitterades
1109 898 20 34 3
1160 896 101 36 olika
1290 896 146 48 förslag
1464 895 210 49 föredragit
1703 895 64 36 det
1797 895 40 35 af

233 952 97 35 1874
373 953 59 33 års
474 949 199 37 kommitté
716 948 245 48 framställda,
1003 948 160 36 hvarvid
1205 948 45 36 de
1292 947 324 49 hufvudsakligen
1651 947 183 49 åberopat

230 1002 245 49 svårigheten
505 1006 56 31 att
589 1014 140 35 genom
759 1000 317 49 korporationens
1105 999 345 50 sammansättning
1470 999 107 49 gifva
1596 1004 54 32 ett
1669 998 165 37 adekvat

230 1055 154 48 uttryck
412 1057 38 33 åt
479 1053 72 36 alla
580 1053 185 37 särskilda
784 1052 321 49 näringsgrenars
1125 1052 100 37 olika
1244 1052 200 47 intressen,
1466 1051 147 37 hvilket
1632 1051 59 36 för
1716 1051 118 48 öfrigt

230 1107 33 48 ej
308 1106 119 37 heller
469 1110 107 44 synts
605 1105 85 36 dem
720 1118 89 23 vara
840 1105 40 36 af
905 1105 182 36 behofvet
1115 1104 205 50 påkalladt,
1351 1106 20 34 9
1401 1117 183 36 personer
1612 1103 138 36 uttalat
1774 1103 61 47 sig

229 1159 60 36 för
316 1158 313 37 kommitterades
657 1157 146 48 förslag
831 1157 27 47 I,
888 1158 47 35 41
966 1157 59 35 för
1051 1156 310 37 kommitterades
1390 1156 146 48 förslag
1564 1155 35 37 II
1625 1155 71 37 och
1724 1157 22 34 8
1775 1155 59 35 för

231 1210 310 36 kommitterades
584 1209 144 48 förslag
762 1208 67 48 III,
859 1208 161 36 hvarvid
1049 1208 320 48 hufvudsakligen
1399 1208 157 47 anförts,
1587 1212 55 31 att
1669 1206 163 37 nämnda

230 1263 144 47 förslag
402 1275 89 23 vore
519 1261 130 36 lättast
678 1262 70 35 och
776 1261 114 35 minst
910 1260 186 36 kostsamt
1117 1265 54 31 att
1187 1260 236 47 genomföra,
1440 1265 98 31 samt
1554 1264 55 32 att
1624 1259 210 36 detsamma

230 1314 83 36 icke
354 1314 175 36 lämnade
570 1327 80 22 rum
694 1313 59 36 för
794 1325 166 35 omogna
1002 1312 70 37 och
1115 1312 163 48 onödiga
1313 1312 156 47 förslag.
1580 1311 118 36 andra
1726 1310 108 36 sidan

231 1366 208 46 framhölls,
465 1370 55 31 att
554 1365 104 36 detta
686 1364 145 48 förslag
850 1364 83 36 icke
952 1364 184 36 innebure
1157 1364 187 47 säkerhet,
1365 1368 92 31 utan
1478 1363 135 37 endast
1631 1362 203 48 möjlighet

230 1418 57 36 för
307 1417 162 49 behörig
488 1417 259 36 växelverkan
767 1416 139 36 mellan
926 1416 188 48 styrelsen
1134 1415 70 37 och
1224 1415 287 37 vederbörande
1530 1414 302 49 näringsidkare.

358 1470 78 35 Mot
479 1469 182 48 förslaget
703 1468 34 37 II
780 1468 189 48 anfördes,
1013 1473 55 31 att
1109 1468 210 36 detsamma
1359 1468 83 36 icke
1484 1467 183 37 innebure
1706 1469 128 46 någon

233 1522 148 48 verklig
422 1521 152 49 garanti
616 1522 58 35 för
716 1526 54 31 att
810 1521 12 35 i
864 1520 296 49 korporationen
1194 1520 159 37 insattes
1383 1520 45 36 de
1457 1525 96 31 mest
1582 1518 252 48 sakkunniga,

231 1579 90 31 enär
362 1574 104 36 såväl
508 1573 148 36 landets
698 1572 270 48 utsträckning
1009 1586 80 22 som
1118 1571 179 37 valsättet
1324 1572 164 36 uteslöte
1516 1571 252 49 möjligheten
1799 1571 40 35 af

230 1626 225 36 samverkan
484 1626 138 35 mellan
643 1625 44 35 de
710 1625 184 48 väljande,
916 1624 261 36 hvarförutom
1199 1624 255 36 ortsintresset
1475 1623 219 48 säkerligen
1713 1622 122 37 skulle

231 1678 113 35 verka
386 1678 157 45 därhän,
587 1682 54 30 att
683 1678 94 34 hvar
819 1677 69 35 och
931 1689 46 23 en
1006 1676 150 36 röstade
1184 1679 48 45 på
1260 1688 180 36 personer
1469 1676 102 35 inom
1601 1675 58 35 sin
1687 1675 149 35 hemort

230 1730 86 35 med
345 1729 71 36 den
445 1729 157 48 påföljd,
633 1733 65 41 att,
729 1742 59 22 om
818 1727 113 37 också
959 1727 169 49 lottning
1157 1728 31 48 ej
1220 1728 159 36 behöfde
1401 1727 207 47 användas,
1629 1726 205 36 röstöfver-

233 1781 130 36 vikten
402 1780 95 37 dock
527 1780 106 36 alltid
662 1780 127 36 blefve
817 1779 192 37 beroende
1039 1780 41 35 af
1105 1793 47 23 en
1181 1779 134 49 slump.
1372 1779 139 36 Vidare
1541 1778 208 46 befarades,
1779 1783 54 30 att

232 1847 46 22 en
308 1833 105 48 dylik
442 1832 257 47 korporation,
730 1836 248 31 sammansatt
1007 1836 135 31 nästan
1171 1831 241 36 uteslutande
1442 1831 41 35 af
1508 1830 108 37 valde
1636 1842 198 36 represen-

231 1891 125 31 tanter
397 1885 60 36 för
496 1884 97 36 vissa
622 1884 132 48 yrken,
784 1883 121 36 skulle
934 1883 107 48 gifva
1069 1883 155 49 uttryck
1253 1883 133 36 endast
1415 1887 38 31 åt
1483 1882 175 48 ensidiga
1687 1881 71 36 och
1788 1884 45 46 på

231 1937 125 45 grund
399 1937 112 35 häraf
535 1937 109 35 äfven
676 1936 11 36 i
716 1936 45 35 de
791 1935 106 36 festa
926 1935 66 36 fall
1021 1935 265 48 oberättigade
1316 1935 164 49 anspråk
1509 1934 55 36 till
1600 1934 147 35 förmån
1778 1934 58 34 för

234 1989 100 35 vissa
375 1988 175 48 speciella
595 1987 313 48 yrkesintressen.
965 1988 118 35 Dessa
1126 1987 247 47 olägenheter
1415 1987 96 35 hade
1555 1990 144 31 ansetts
1728 1984 106 36 skola

233 2040 190 48 afhjälpas
466 2039 234 47 därigenom,
744 2044 53 29 att
836 2039 10 34 i
875 2039 397 35 öfverensstämmelse
1301 2039 83 34 med
1414 2038 63 35 det
1506 2038 117 34 första
1654 2037 180 46 förslaget

235 2091 98 35 valet
375 2091 40 34 af
452 2094 304 44 representanter
797 2089 303 36 öfverlämnades
1142 2092 37 32 åt
1209 2090 228 46 Konungen,
1468 2101 78 22 som
1577 2093 91 30 utan
1702 2087 133 36 tvifvel

234 2142 112 36 bland
376 2142 45 35 de
450 2141 217 47 föreslagna
696 2141 120 35 skulle
847 2147 81 29 utse
957 2141 45 35 de
1031 2145 97 31 mest
1156 2141 193 47 lämpliga.

361 2193 72 35 Till
477 2194 145 34 förmån
652 2193 58 35 för
739 2192 184 47 förslaget
952 2192 36 36 II
1018 2193 176 35 anfördes
1223 2196 16 31 å
1273 2192 116 35 andra
1418 2191 122 46 sidan,
1571 2196 55 30 att
1660 2190 176 48 närings-

234 2244 156 37 idkarne
434 2244 137 48 själfva
613 2249 88 30 utan
745 2243 130 36 tvifvel
907 2244 85 35 bäst
1021 2244 125 35 kunde
1174 2244 170 45 bedöma,
1376 2243 129 36 hvilka
1539 2255 181 36 personer
1748 2255 89 22 vore

235 2296 174 48 lämpliga
456 2301 54 30 att
552 2296 140 35 bevaka
738 2295 108 36 deras
875 2295 200 47 intressen,
1105 2301 55 30 att
1190 2301 89 29 utan
1312 2308 43 23 en
1387 2294 104 48 dylik
1523 2293 213 48 anordning
1765 2293 71 36 den
