2216 2628
689 148 109 29 Andra
824 147 212 40 lagutskottets
1061 149 158 30 utlåtande
1243 149 51 30 Nr
1319 150 47 30 19.
1772 151 18 29 3

219 236 124 43 slyrkt
371 236 109 34 dessa
510 237 122 41 lagars
660 236 214 42 antagande
902 238 58 33 för
989 248 43 23 en
1062 238 54 34 tid
1145 238 55 33 till
1230 239 66 33 och
1325 239 84 33 med
1439 239 71 34 den
1537 240 45 33 30
1608 240 94 43 april
1728 241 103 41 1920,

222 286 454 35 industrikommissionen
718 287 68 33 har
826 290 126 31 ansett
992 287 64 35 det
1095 299 84 32 nog,
1218 291 56 32 att
1301 289 46 34 de
1375 292 157 40 antoges
1560 290 57 33 för
1644 291 102 34 tiden
1775 292 53 34 till

219 337 69 33 och
317 337 84 33 med
430 337 103 34 detta
561 338 60 33 ärs
649 337 154 43 utgång,
833 338 68 33 och
931 338 463 43 handelskommissionen,
1424 351 80 22 som
1533 343 107 39 säger
1659 341 57 43 sig
1735 342 94 34 helst

219 389 83 39 sett,
345 389 55 31 att
441 387 72 34 den
551 388 141 42 sluppit
726 399 110 22 svara
864 387 49 44 på
941 388 110 34 dessa
1079 388 136 43 frågor,
1245 389 69 33 har
1341 392 135 40 ansett,
1507 393 55 30 att
1590 390 109 35 dessa
1727 392 105 43 lagar

221 436 77 33 icke
339 437 105 33 torde
484 438 101 32 bliva
626 434 243 46 erforderliga
910 438 58 34 för
1009 439 84 33 hela
1133 439 102 33 tiden
1277 440 98 33 intill
1417 440 71 33 den
1523 441 46 33 30
1597 441 95 42 april
1724 442 105 33 1920.

220 485 400 44 Sjöfartskommittén,
654 498 79 22 som
766 488 67 32 ock
865 488 108 33 blivit
1000 488 192 42 tillfrågad
1221 489 84 33 med
1334 490 185 33 avseende
1548 496 48 36 på
1624 491 11 32 i
1663 492 168 42 proposi-

218 536 171 34 tionerna
413 548 45 21 nr
486 537 70 33 289
586 537 69 33 och
684 537 71 33 290
783 537 215 43 föreslagna
1026 539 116 42 lagar,
1171 539 69 33 har
1267 539 169 34 däremot
1459 540 202 42 hewmställt,
1682 544 57 31 att
1756 541 74 34 för-

219 586 182 43 längning
428 598 48 22 av
504 587 109 34 dessa
641 587 123 43 lagars
793 587 250 43 giltighetstid
1071 588 79 34 icke
1179 589 114 34 måtte
1321 591 72 41 äga
1421 601 93 22 rum.
1569 590 73 34 Det
1670 592 104 34 torde
1794 592 33 42 ej

220 636 166 42 förvåna,
416 639 56 32 att
499 638 347 42 kommissionerna,
876 649 78 23 som
984 640 221 42 sysselsätta
1233 651 45 23 en
1308 642 77 31 stor
1413 641 68 33 och
1505 641 11 33 i
1536 641 204 34 allmänhet
1768 643 61 33 väl

217 687 163 34 avlönad
408 689 174 41 personal
611 689 68 33 och
708 688 160 34 sålunda
895 689 80 34 ieke
1004 692 140 40 ogärna
1172 690 89 34 sitta
1289 690 103 43 kvar,
1421 690 52 43 ja,
1502 691 140 34 kanske
1665 692 8 33 i
1693 692 136 44 många

217 737 67 34 fall
313 737 33 43 ej
376 738 120 34 skulle
525 739 99 33 hava
652 740 115 41 något
794 742 100 31 emot
922 743 56 31 att
1005 740 101 34 bliva
1130 744 246 39 permanenta
1395 742 247 42 ämbetsverk,
1664 754 89 23 anse
1773 744 57 43 sig

217 788 244 43 oumbärliga.
528 789 113 34 Detta
681 792 42 30 är
760 789 43 43 ju
845 790 214 43 mänskligt.
1114 791 85 33 Men
1233 802 87 23 man
1349 791 58 34 får
1434 793 62 32 väl
1525 792 21 34 å
1574 792 118 34 andra
1720 794 107 33 sidan

216 849 91 22 anse
335 838 83 34 dem
448 840 11 32 i
487 839 76 34 viss
591 839 93 43 grad
711 850 91 23 vara
830 843 85 39 part
942 840 12 33 i
983 840 124 34 målet.
1161 841 55 33 De
1243 842 90 33 böra
1361 841 129 34 därför
1517 843 117 43 enligt
1653 844 83 33 mitt
1754 844 75 34 för-

217 888 184 34 menande
430 889 33 42 ej
494 900 92 23 vara
613 890 123 33 allena
763 890 294 34 bestämmande.
1099 891 73 34 Ute
1200 891 11 33 i
1239 891 130 34 landet
1387 895 42 30 är
1448 903 45 22 en
1514 893 138 33 allmän
1673 894 154 42 önskan,

214 941 57 31 att
299 938 108 35 dessa
440 939 106 43 lagar
573 942 147 31 snarast
748 942 115 32 måtte
891 940 151 34 komma
1070 941 93 42 bort,
1194 942 68 33 och
1291 953 112 32 synes
1431 943 87 43 mig,
1548 946 56 31 att
1631 955 87 23 man
1746 944 81 34 bort

217 994 88 38 taga
333 989 147 43 hänsyn
508 990 57 34 till
594 990 114 35 detta.
762 990 88 34 Man
879 991 73 34 kan
981 991 219 44 visserligen
1230 995 101 41 säga,
1361 995 56 32 att
1440 992 64 35 det
1522 996 66 41 gör
1607 993 219 45 detsamma,

215 1051 60 22 om
303 1040 158 43 lagarna
488 1040 204 35 förefinnas
720 1041 89 34 eller
837 1041 47 43 ej,
914 1044 41 40 ty
983 1042 140 43 Kungl.
1148 1042 111 44 Maj:t
1277 1043 163 34 behöver
1459 1043 33 44 ej
1515 1045 170 43 tillämpa
1706 1044 119 43 dessa,

213 1089 52 35 då
304 1090 140 44 Kungl.
482 1091 110 43 Maj:t
619 1091 33 43 ej
683 1092 129 43 längre
841 1103 121 31 anser,
992 1095 56 32 att
1075 1093 317 44 utomordentliga
1421 1106 48 22 av
1496 1095 83 43 krig
1605 1095 221 35 föranledda

214 1140 264 35 förhållanden
518 1142 216 34 förefinnas.
801 1142 58 35 Då
899 1154 87 23 man
1028 1144 208 34 emellertid
1277 1145 68 34 hör
1372 1145 69 34 och
1470 1157 69 31 ser,
1569 1146 96 33 huru
1693 1158 44 22 en
1767 1147 59 34 hel

214 1191 139 43 mängd
381 1191 186 44 åtgärder,
600 1204 79 22 som
708 1205 47 22 av
782 1192 149 44 många,
959 1193 52 43 ja,
1040 1194 141 34 kanske
1210 1195 45 34 de
1283 1195 118 42 flesta,
1431 1207 110 23 anses
1569 1196 123 34 såsom
1720 1197 105 34 miss-

214 1252 118 33 grepp
360 1242 69 34 och
457 1242 162 44 onödiga
646 1243 324 44 tvångsåtgärder,
1000 1244 235 35 fortfarande
1263 1245 116 43 bestå,
1406 1245 53 43 ja,
1490 1250 55 32 att
1572 1247 56 34 till
1653 1247 68 34 och
1741 1248 84 34 med

214 1302 77 33 nya
321 1293 80 33 lära
433 1304 91 23 vara
556 1293 194 43 påtänkta,
783 1293 49 34 då
859 1294 118 34 måste
1005 1306 87 23 man
1120 1306 155 32 reagera
1302 1300 79 30 mot
1408 1296 103 34 detta
1539 1297 68 34 och
1636 1298 88 33 söka
1751 1298 74 34 för-

214 1342 136 34 hindra
390 1342 109 35 dessa
540 1344 123 43 lagars
704 1343 176 35 fortsatta
920 1345 252 44 tillämpning.
1226 1346 148 34 Endast
1401 1358 134 32 genom
1565 1347 109 34 dessa
1700 1348 125 43 lagars

211 1392 249 35 avskaffande
492 1394 73 34 kan
598 1394 161 34 svenska
791 1394 117 35 folket
934 1395 139 35 befrias
1100 1395 85 35 från
1216 1396 45 34 de
1290 1397 124 34 ovissa
1441 1397 274 43 förhållanden,
1745 1410 79 23 som

211 1443 176 43 lagarnas
414 1444 150 34 tillvaro
593 1445 106 34 alltid
728 1445 144 34 alstrar.

347 1494 157 44 Tydligt
531 1495 105 34 torde
663 1506 102 31 vara,
795 1499 56 31 att
879 1496 110 35 dessa
1016 1498 124 42 lagars
1169 1497 247 35 avskaffande
1444 1498 169 35 kommer
1640 1502 54 32 att
1722 1500 101 34 med-

209 1543 85 35 föra
321 1548 102 31 stora
451 1546 289 43 omvälvningar
766 1547 12 33 i
806 1546 138 45 många
973 1548 212 34 avseenden
1214 1549 67 33 och
1311 1549 73 34 kan
1412 1561 45 32 ge
1477 1549 206 44 anledning
1701 1551 56 33 till
1777 1562 45 23 en

208 1594 90 34 svår
337 1595 87 35 kris.
479 1596 205 35 Avskaffas
725 1597 110 34 dessa
870 1598 107 43 lagar
1005 1600 110 41 tvärt,
1144 1599 71 34 blir
1242 1599 123 34 krisen
1395 1600 190 34 sannolikt
1612 1600 96 43 svår,
1737 1612 84 23 men

209 1645 94 34 kort.
359 1645 114 35 Skola
513 1647 157 43 lagarna
711 1647 133 35 endast
880 1648 41 34 så
949 1648 236 44 småningom
1214 1650 202 42 avskaffas,
1446 1650 71 34 blir
1544 1651 63 34 det
1634 1652 189 34 sannolikt

208 1706 48 23 en
283 1695 90 45 lång
400 1696 144 35 kristid.
598 1697 59 35 Då
684 1698 117 43 enligt
828 1699 85 34 mitt
940 1698 246 36 förmenande
1214 1711 45 23 en
1287 1700 85 35 kort
1399 1712 59 22 om
1487 1701 68 34 ock
1582 1701 87 35 svår
1686 1702 75 34 kris
1781 1705 42 31 är

208 1749 59 31 att
297 1746 200 45 föredraga
524 1747 159 35 framför
710 1759 45 23 en
783 1748 90 45 lång
900 1761 60 23 om
988 1750 68 33 ock
1083 1750 116 44 något
1226 1751 145 34 mindre
1399 1751 87 35 svår
1513 1751 130 43 sådan,
1671 1752 60 34 får
1755 1752 68 45 jag

209 1796 148 43 föreslå,
399 1801 58 31 att
497 1798 109 35 dessa
646 1798 49 44 på
731 1800 122 42 grund
886 1811 48 23 av
961 1800 251 45 världskriget
1239 1804 167 41 antagna
1433 1803 107 42 lagar
1567 1802 33 44 ej
1632 1802 114 35 måtte
1774 1814 48 23 av

207 1847 201 44 riksdagen
436 1848 184 44 förnyas.»

344 1950 97 34 Herr
467 1950 180 35 Lindman
676 1952 67 33 har
769 1952 13 33 i
810 1952 57 34 sin
896 1953 141 34 motion
1066 1953 120 43 yrkat,
1216 1957 55 32 att
1298 1954 201 44 riksdagen
1519 1955 12 33 i
1550 1955 205 44 anledning
1772 1968 49 22 av

208 1999 250 35 förevarande
486 2001 233 43 proposition
748 2001 117 36 måtte
893 2006 140 41 antaga
1061 2003 71 34 den
1161 2004 82 34 däri
1270 2004 214 44 föreslagna
1512 2006 110 43 lagen
1647 2009 54 31 att
1719 2007 101 43 gälla

208 2050 58 34 till
294 2050 70 34 och
397 2051 85 34 med
511 2051 71 34 den
612 2052 43 34 31
687 2053 151 43 augusti
869 2054 106 43 1919,
1005 2057 98 31 samt
1130 2058 56 31 att
1213 2066 145 23 samma
1385 2056 62 43 lag
1475 2055 165 35 därefter
1666 2057 68 34 och
1762 2058 54 34 till

205 2101 71 33 och
296 2101 86 34 med
411 2101 71 35 den
512 2103 44 33 31
585 2102 153 43 januari
769 2103 95 34 1920
890 2103 237 36 fortfarande
1155 2105 116 35 måtte
1290 2106 192 43 tillämpas
1502 2107 160 34 allenast
1681 2107 138 35 beträf-

206 2150 128 36 ffande
376 2152 163 35 brödsäd
580 2153 68 34 och
689 2154 138 34 socker.
883 2154 233 36 Motionären
1146 2156 109 35 anför
1282 2157 56 34 till
1367 2156 85 35 stöd
1479 2157 59 35 för
1565 2157 123 35 denna
1716 2158 102 35 hem-

207 2201 139 35 ställan
374 2202 187 44 följande:

1893 1951 77 27 Herr

1854 1985 159 27 lindmans

1875 2020 104 25 motion
