2210 2628
693 147 111 30 Andra
828 147 207 41 lagutskottets
1061 149 160 31 utlåtande
1245 150 51 31 Nr
1320 152 48 30 19.
1776 156 16 28 7

221 234 10 32 i
260 233 85 34 herr
373 234 238 35 Anderssons
640 236 10 33 i
680 237 227 43 Knäppinge
936 250 47 22 m.
1015 239 33 33 fl.
1079 240 183 34 motioner
1290 240 237 36 framställda
1557 243 217 43 yrkandena
1798 244 33 42 ej

220 283 129 34 kunna
378 284 219 43 tillstyrkas.

354 333 85 34 Vad
468 334 79 35 åter
575 336 180 34 beträffar
783 338 85 33 herr
894 338 208 36 Lindmans
1130 341 153 44 förslag,
1313 343 69 33 har
1410 343 209 36 detsamma
1646 347 101 34 inom
1775 351 59 30 ut-

220 383 141 34 skottet
401 386 136 33 vunnit
577 386 217 44 understöd,
836 391 90 31 cnär
953 389 71 34 den
1053 392 213 33 successiva
1293 394 223 43 avveckling
1543 406 47 23 av
1618 396 216 45 tvångslag-

219 432 224 44 stiftningen
485 435 49 42 på
561 436 247 34 förevarande
837 438 163 43 område,
1029 451 79 23 som
1137 441 85 34 med
1250 442 104 34 detta
1381 443 143 44 förslag
1551 457 117 31 avses,
1698 447 135 34 förme-

219 486 84 31 nats
330 484 220 43 tillräckligt
577 486 198 42 tillgodose
804 490 154 40 statens,
988 490 114 34 såvitt
1130 502 51 21 nu
1210 491 124 34 kunde
1363 493 188 43 bedömas,
1573 496 258 45 oeftergivliga

220 533 154 43 uppsikt
405 536 88 31 över
520 534 159 44 tillgång
706 537 68 32 och
803 537 214 45 fördelning
1044 550 47 23 av
1119 540 45 34 de
1191 541 59 33 för
1277 541 360 48 folkförsörjningen
1665 546 167 35 nödvän-

218 583 145 43 digaste
395 595 120 23 varor.

352 633 219 37 Emellertid
605 636 68 33 har
700 637 182 35 utskottet
909 639 84 34 med
1022 640 147 44 hänsyn
1199 641 55 34 till
1283 644 104 32 såväl
1416 643 45 35 de
1488 646 177 41 politiska
1692 647 139 36 förhål-

219 683 162 35 landena
422 696 80 23 som
544 686 61 34 det
647 687 336 44 handelspolitiska
1011 691 94 43 läge,
1134 692 116 34 vilket
1277 693 65 34 vid
1371 696 53 32 ett
1452 698 173 33 emotsett
1651 697 179 36 fredsslut

219 734 71 33 kan
318 735 243 43 uppkomma,
590 736 128 35 funnit
745 738 57 43 sig
829 739 90 34 böra
946 740 189 44 tillstyrka
1162 742 291 44 ifrågavarande
1481 746 81 43 lags
1589 747 242 47 förlängning

215 784 56 34 till
311 785 77 34 viss
430 786 178 43 tidpunkt
643 787 95 35 efter
778 788 63 35 det
881 792 55 31 att
963 794 110 31 nästa
1100 791 61 35 års
1188 793 157 43 lagtima
1372 795 155 45 riksdag
1553 803 275 32 sammanträtt.

349 835 195 35 Utskottet
570 837 69 33 har
666 838 110 34 alltså
804 842 153 32 stannat
984 841 63 33 vid
1076 841 63 35 det
1166 843 75 34 slut
1269 846 56 32 att
1352 845 189 43 tillstyrka
1568 847 173 45 förlängd
1760 851 69 43 gil-

214 884 120 43 tighet
374 896 48 23 av
462 886 108 43 lagen
611 887 56 34 till
707 888 189 44 utgången
939 901 47 23 av
1025 891 165 35 februari
1231 893 139 34 månad
1414 896 106 34 1920.
1587 898 129 35 Härav
1754 900 70 35 föl-

213 934 69 44 Jer,
312 937 56 32 att
394 936 184 35 utskottet
605 938 196 43 avstyrker
828 939 105 35 bifall
961 941 57 34 till
1046 943 104 33 såväl
1179 943 85 34 herr
1290 944 210 36 Lindmans
1528 959 79 23 som
1628 949 85 34 herr
1730 950 98 35 Nils-

215 996 87 23 sons
329 985 12 33 i
369 985 187 36 Vibberbo
584 999 48 22 m.
661 988 36 34 fl.
727 989 193 35 motioner.

348 1036 220 36 Emellertid
608 1039 67 33 vill
716 1040 181 35 utskottet
936 1043 84 33 med
1062 1044 219 44 anslutning
1321 1046 56 33 till
1415 1046 64 35 det
1505 1048 12 33 i
1544 1051 281 42 propositionen

212 1085 136 44 gjorda
389 1088 223 43 uttalandet,
647 1092 54 32 att
729 1102 44 22 en
802 1092 171 34 alltmera
1002 1093 208 44 begränsad
1239 1096 243 45 tillämpning
1508 1110 49 23 av
1582 1100 109 44 lagen
1719 1103 106 34 torde

213 1136 60 35 för
315 1137 205 35 framtiden
560 1139 129 35 kunna
728 1140 206 45 förväntas,
976 1144 86 43 giva
1103 1146 150 42 uttryck
1280 1146 39 35 åt
1346 1148 73 34 den
1443 1148 289 47 förvissningen,
1770 1156 55 31 att

213 1187 129 43 lagens
370 1189 242 45 tillämpning
639 1190 61 35 må
728 1191 273 45 ifrågakomma
1029 1195 134 35 endast
1189 1196 59 35 för
1275 1197 137 36 sådant
1438 1198 79 44 fall,
1547 1212 79 23 som
1654 1202 170 45 betingas

212 1248 49 23 av
300 1240 211 43 synnerligt
546 1241 266 44 statsintresse,
840 1246 179 32 ävensom
1047 1248 56 32 att
1130 1246 357 38 kommissionernas
1515 1250 176 36 fortsatta
1717 1254 107 33 verk-

213 1288 148 34 samhet
391 1289 221 36 inskränkes
649 1292 55 33 till
731 1292 68 34 fall
827 1304 48 23 av
901 1294 75 34 lika
1004 1297 208 42 trängande
1241 1301 67 39 art,
1338 1300 70 33 och
1436 1303 56 31 att
1519 1301 218 36 densamma
1764 1304 60 34 må

213 1337 41 35 så
281 1339 226 42 skyndsamt
535 1352 78 23 som
641 1341 151 45 möjligt
819 1343 151 45 bringas
998 1346 55 34 till
1082 1347 128 43 slutlig
1238 1345 233 52 avveckling.

346 1440 289 46 Granskningen
676 1455 47 23 av
764 1444 45 35 de
842 1446 183 35 särskilda
1065 1448 331 36 bestämmelserna
1435 1452 13 33 i
1480 1452 178 45 förslaget
1690 1454 69 34 har
1787 1456 32 43 ej

209 1490 95 43 givit
331 1491 209 45 anledning
565 1493 56 34 till
651 1505 125 24 annan
805 1496 149 35 erinran
982 1500 48 31 än
1058 1498 102 35 förut
1187 1503 113 41 sagts,
1330 1501 69 34 och
1426 1501 61 35 får
1513 1504 181 35 utskottet
1712 1506 110 34 alltså

209 1540 199 36 hemställa

746 1592 49 48 ÅA)
837 1600 57 31 att
933 1599 213 44 riksdagen,
1188 1602 85 33 med
1313 1602 241 36 förklarande
1595 1607 55 33 att
1680 1607 140 44 Kungl.

612 1646 129 43 Maj:ts
781 1647 247 37 förevarande
1068 1650 143 44 förslag
1249 1652 80 35 icke
1370 1653 146 36 kunnat
1554 1656 13 33 i
1603 1656 219 37 oförändrat

612 1696 103 35 skick
755 1709 48 23 av
842 1699 200 44 riksdagen
1079 1704 170 41 antagas,
1279 1703 116 35 måtte
1423 1704 59 35 för
1509 1706 56 34 sin
1595 1707 59 34 del
1682 1710 138 42 antaga

612 1746 170 44 följande

946 1837 139 62 Lag

203 1928 62 24 om
292 1920 157 34 fortsatt
476 1923 239 42 tillämpning
737 1935 41 23 av
801 1926 106 41 lagen
930 1927 70 33 den
1022 1928 42 33 26
1086 1930 96 40 april
1206 1930 82 33 1918
1311 1940 59 24 om
1392 1932 219 42 förfogande
1635 1936 84 33 över
1743 1938 74 32 viss

326 1972 179 41 egendom
528 1974 116 34 under
666 1976 328 43 utomordentliga,
1018 1988 42 23 av
1082 1980 86 41 krig
1191 1980 218 35 föranledda
1432 1983 270 36 förhållanden.

366 2049 137 43 (Kungl
525 2051 120 41 Maj:ts
667 2052 152 43 förslag.)
1249 2058 194 41 (Utskottets
1465 2061 151 43 förslag.)

266 2116 209 42 Härigenom
504 2119 183 39 förordnas,
716 2123 53 30 att
790 2121 99 42 lagen
913 2123 63 31 den
1110 2124 205 43 Härigenom
1343 2127 186 41 förordnas,
1557 2132 52 30 att
1630 2130 101 43 lagen
1754 2132 63 32 den

204 2159 40 32 26
276 2159 92 42 april
404 2161 80 31 1918
507 2172 52 21 om
582 2162 199 43 förfogande
804 2168 79 28 över
905 2164 71 33 viss
1045 2168 39 30 26
1119 2168 88 31 april
1242 2170 80 30 1918
1353 2181 53 21 om
1429 2171 196 42 förfogande
1648 2178 76 27 över
1748 2174 69 32 viss

203 2204 162 38 egendom
390 2202 106 33 under
518 2205 296 42 utomordentliga,
836 2216 42 22 av
898 2206 78 43 krig
1045 2219 161 32 egendom
1230 2211 107 32 under
1359 2214 294 43 utomordentliga,
1675 2226 43 22 av
1738 2216 80 42 krig
