1874 2840
278 157 37 30 14
647 164 388 37 Bevillningsutskottets
1061 167 217 31 betänkande
1302 169 50 31 Nr
1372 170 48 30 27.

278 245 139 29 tecknat
449 244 92 30 detta
576 246 93 30 avtal
702 247 60 30 och
793 246 119 31 försett
945 248 70 31 det-
1050 248 137 31 vention
1221 250 65 29 and
1320 250 86 31 have
1435 251 124 31 affixed
1589 252 87 30 their
1706 254 82 30 seals

277 294 127 22 samma
427 287 72 29 med
523 288 70 28 sina
618 288 92 38 sigill.
1050 291 123 30 hereto.

319 328 77 30 Som
406 328 121 30 skedde
540 328 10 29 i
562 329 60 30 två
635 331 174 38 exemplar,
820 331 42 39 på
876 332 137 30 svenska
1049 324 17 52 —
1091 333 94 30 Done
1199 333 33 30 in
1249 333 175 39 duplicate,
1441 334 32 30 in
1489 335 57 30 the
1562 336 145 30 Swedish
1721 337 66 30 and

278 370 59 29 och
371 370 152 38 engelska
556 371 152 38 språken,
732 372 87 30 vilka
843 372 87 31 båda
953 376 60 36 äga
1049 374 136 39 English
1213 375 186 39 languages,
1430 376 82 30 both
1540 378 181 35 authentic,
1752 381 37 28 at

277 411 65 30 lika
369 411 136 36 vitsord,
539 412 4 29 i
570 413 215 39 Washington
813 415 63 29 den
905 415 107 39 tjugo-
1047 416 228 39 Washington,
1309 418 67 29 this
1410 419 231 38 twenty-third
1666 420 64 39 day
1754 420 34 30 of

277 452 107 39 tredje
406 461 86 22 mars
515 454 240 31 nittonhundra
777 456 181 31 trettionio.
1047 457 123 36 March,
1179 458 150 31 nineteen
1342 459 148 30 hundred
1501 460 66 30 and
1579 461 208 40 thirty-nine.

665 548 63 30 För
750 548 93 30 Hans
865 549 98 39 Maj:t
984 550 189 39 Konungen
1196 560 41 21 av
1261 551 142 39 Sverige:

914 625 49 30 W.
987 626 167 30 BosTRÖM

989 675 38 30 (L.
1047 675 35 30 S.)

644 783 63 30 För
727 783 170 31 Amerikas
925 784 140 31 Förenta
1091 785 126 31 Staters
1239 786 183 30 President:

872 859 149 30 SUMNER
1043 860 153 30 WELLES

987 909 38 30 (L.
1045 909 35 31 S)

559 1090 177 40 Protokoll
1340 1098 158 29 Protocol

1090 1171 47 30 At
1160 1172 56 30 the
1240 1174 148 28 moment
1413 1173 33 30 of
1469 1173 127 40 signing
1620 1175 57 29 the
1703 1175 81 30 Con-

1048 1213 136 30 vention
1217 1213 50 30 for
1296 1214 59 30 the
1387 1215 179 31 avoidance
1600 1216 33 29 of
1665 1217 120 30 double

1048 1255 163 35 taxation,
1254 1256 66 29 and
1362 1256 58 30 the
1461 1257 250 31 establishment
1753 1259 34 30 of

1048 1296 85 30 rules
1159 1297 33 29 of
1217 1297 176 39 reciprocal
1409 1298 264 32 administrative
1690 1300 95 30 assis-

1047 1339 97 29 tance
1172 1338 33 30 in
1233 1339 57 30 the
1310 1348 74 22 case
1404 1340 33 29 of
1456 1340 127 31 income
1604 1342 66 29 and
1691 1343 94 29 other

1045 1381 106 34 taxes,
1175 1380 66 30 this
1258 1381 65 38 day
1339 1382 178 30 concluded
1534 1383 148 30 between
1701 1384 83 30 Swe-

1046 1421 63 30 den
1133 1422 65 29 and
1219 1422 56 30 the
1298 1423 124 30 United
1445 1424 108 30 States
1574 1425 34 29 of
1623 1425 158 34 America,

1044 1463 58 30 the
1127 1464 216 39 undersigned
1368 1465 307 39 Plenipotentiaries
1699 1468 84 30 have

1044 1505 119 38 agreed
1197 1506 75 30 that
1306 1506 58 30 the
1399 1507 164 39 following
1598 1509 184 38 provisions

1044 1546 83 30 shall
1148 1547 83 30 form
1251 1557 42 20 an
1313 1548 139 39 integral
1473 1551 76 37 part
1570 1550 33 29 of
1623 1551 57 30 the
1701 1551 81 30 Con-

1043 1588 148 31 vention:

1088 1630 26 30 1.
1148 1631 44 29 As
1211 1631 78 30 used
1308 1631 34 30 in
1360 1632 67 30 this
1446 1633 217 30 Convention:

311 1167 65 30 Vid
406 1167 306 31 undertecknandet
741 1169 105 30 denna
877 1170 63 39 dag
969 1179 42 21 av

271 1209 91 30 avtal
380 1209 119 30 mellan
517 1209 132 39 Sverige
667 1211 60 29 och
744 1211 170 30 Amerikas
932 1213 78 29 För-

271 1253 77 27 enta
372 1251 110 30 Stater
503 1251 50 30 för
575 1252 213 30 undvikande
810 1262 42 20 av
876 1254 134 30 dubbel-

271 1292 214 39 beskattning
497 1293 60 29 och
570 1293 230 31 fastställande
813 1303 42 21 av
868 1295 142 30 bestäm-

270 1334 116 30 melser
419 1335 167 38 angående
620 1335 173 39 ömsesidig
825 1336 183 31 handräck-

270 1376 77 39 ning
378 1376 209 30 beträffande
618 1377 161 29 inkomst-
811 1378 61 29 och
904 1379 101 30 andra

269 1418 129 30 skatter
420 1415 84 33 hava
527 1418 267 31 undertecknade
812 1419 195 31 befullmäk-

268 1460 112 38 tigade
410 1460 121 30 ombud
560 1460 279 30 överenskommit
867 1463 53 28 att
947 1462 60 30 föl-

268 1501 100 38 jande
408 1501 249 30 bestämmelser
691 1502 90 31 skola
817 1505 118 37 utgöra
968 1513 39 21 en

269 1543 228 39 integrerande
520 1544 50 30 del
593 1553 44 21 av
660 1544 135 30 avtalet:

311 1627 27 29 1.
376 1627 14 29 I
414 1627 91 30 detta
527 1627 109 31 avtals
657 1628 131 39 mening
808 1628 93 30 skall:

350 1668 49 40 (a)
420 1669 178 39 begreppet
614 1669 82 30 »fast
713 1670 191 31 driftställe»
918 1670 89 31 inne-

309 1710 88 31 fatta
431 1711 124 35 filialer,
586 1719 123 31 gruvor
737 1712 59 30 och
826 1712 178 39 oljekällor,

309 1752 182 39 plantager,
508 1753 155 35 fabriker,
680 1754 202 35 verkstäder,
896 1762 111 31 maga-

308 1794 60 35 sin,
404 1795 129 34 kontor,
562 1797 185 37 agenturer,
771 1796 236 39 anläggningar

308 1836 62 30 och
386 1837 103 29 andra
505 1838 50 29 ett
569 1837 130 38 företag
711 1837 197 31 tillhörande
919 1838 87 31 fasta

307 1878 232 35 affärsställen,
574 1888 76 21 men
683 1879 70 30 icke
774 1879 170 40 inbegripa
966 1890 39 20 en

307 1919 142 31 allenast
475 1920 143 39 tillfällig
645 1920 76 31 eller
743 1921 184 40 kortfristig
949 1931 56 21 an-

306 1961 172 39 vändning
493 1971 42 21 av
547 1962 237 39 upplagsplats.
808 1964 61 29 Ett
882 1964 123 30 dotter-

306 2003 131 39 företag
456 2003 161 40 tillhörigt
640 2004 67 30 fast
731 2005 176 30 driftställe
923 2006 81 30 skall

306 2045 73 30 icke
407 2054 94 21 anses
525 2048 118 36 utgöra
667 2048 50 28 ett
739 2046 66 30 fast
828 2047 176 31 driftställe

305 2087 52 30 för
388 2087 287 39 moderföretaget.
716 2088 60 30 Om
803 2090 50 28 ett
877 2089 127 39 företag

305 2129 280 30 hemmahörande
611 2129 11 30 i
650 2139 40 20 en
717 2139 42 21 av
786 2130 39 30 de
846 2131 157 29 avtalslu-

306 2171 104 30 tande
437 2173 146 28 staterna
605 2171 151 31 bedriver
774 2172 121 30 affärer
912 2172 10 30 i
941 2173 60 30 den

305 2213 105 29 andra
432 2215 109 28 staten
558 2221 119 31 genom
693 2223 40 20 en
749 2214 170 30 därstädes
935 2216 67 29 eta-

305 2254 115 30 blerad
443 2255 327 39 befattningshavare
792 2256 76 30 eller
892 2259 107 36 agent,

305 2304 71 21 som
401 2297 60 29 har
483 2306 38 21 en
545 2297 141 38 generell
709 2297 154 31 fullmakt
878 2300 53 28 att
945 2308 56 20 av-

304 2337 89 31 sluta
428 2338 158 30 kontrakt
620 2339 52 29 för
700 2339 48 30 sin
778 2340 223 39 arbetsgivare

303 2379 78 30 eller
402 2380 202 35 huvudman,
627 2381 82 29 skall
733 2381 56 30 det
803 2391 95 20 anses
915 2382 84 30 hava

304 2423 50 28 ett
379 2421 68 30 fast
468 2422 176 30 driftställe
664 2422 11 29 i
695 2422 204 31 sistnämnda
921 2426 77 28 stat.

303 2463 77 30 Men
405 2463 62 30 den
486 2464 287 39 omständigheten
788 2467 52 28 att
854 2467 51 28 ett
919 2466 82 30 före-

1128 1672 48 39 (a)
1203 1673 68 30 The
1286 1675 85 28 term
1388 1677 208 36 »permanent
1612 1676 170 29 establish-

1085 1716 108 28 ment»
1221 1715 146 30 includes
1399 1716 169 35 branches,
1590 1717 105 30 mines
1716 1718 66 29 and

1085 1756 43 29 oil
1151 1756 96 35 wells,
1264 1757 215 38 plantations,
1496 1758 165 35 factories,
1678 1760 103 29 work-

1084 1798 109 38 shops,
1217 1799 215 35 warehouses,
1465 1799 123 36 offices,
1621 1801 159 38 agencies,

1083 1839 231 36 installations,
1333 1841 67 29 and
1417 1841 92 30 other
1524 1841 89 31 fixed
1627 1843 108 38 places
1748 1843 33 30 of

1083 1881 149 30 business
1265 1882 33 30 of
1328 1891 43 21 an
1403 1883 177 39 enterprise
1611 1884 62 30 but
1704 1885 76 30 does

1083 1925 61 27 not
1168 1923 129 31 include
1319 1924 58 30 the
1400 1925 109 30 casual
1531 1934 37 21 or
1589 1928 191 37 temporary

1083 1974 57 21 use
1172 1965 32 31 of
1233 1966 123 38 merely
1386 1968 129 37 storage
1546 1967 161 31 facilities.
1752 1970 28 28 A

1082 2009 195 36 permanent
1303 2007 252 32 establishment
1578 2009 34 30 of
1634 2019 19 20 a
1676 2010 103 30 subsi-

1083 2048 95 39 diary
1194 2049 207 39 corporation
1418 2050 81 30 shall
1512 2053 59 27 not
1587 2051 40 30 be
1645 2051 134 31 deemed

1082 2092 36 27 to
1146 2090 40 30 be
1209 2100 18 20 a
1246 2094 195 35 permanent
1463 2092 251 31 establishment
1746 2094 33 30 of

1081 2132 58 29 the
1162 2134 116 37 parent
1294 2133 216 39 corporation.
1544 2135 107 30 When
1667 2144 41 21 an
1725 2145 55 21 en-

1081 2174 137 39 terprise
1238 2174 33 30 of
1286 2183 62 22 one
1364 2175 34 29 of
1412 2175 57 30 the
1483 2177 207 38 contracting
1706 2177 73 30 Sta-

1080 2217 51 28 tes
1161 2216 115 30 carries
1305 2226 43 20 on
1377 2217 146 30 business
1545 2218 34 30 in
1601 2219 58 29 the
1685 2219 94 30 other

1081 2257 95 31 State
1203 2258 143 39 through
1364 2267 42 21 an
1424 2259 168 40 employee
1615 2269 37 20 or
1668 2262 108 36 agent,

1081 2300 198 30 established
1315 2300 103 35 there,
1454 2302 71 29 who
1558 2302 59 29 has
1648 2303 128 37 general

1080 2341 171 39 authority
1288 2344 36 27 to
1363 2344 150 29 contract
1550 2343 51 30 for
1639 2343 49 30 his
1711 2353 66 21 em-

1080 2383 114 39 ployer
1212 2392 35 21 or
1264 2383 169 39 principal,
1451 2384 26 30 it
1490 2385 83 30 shall
1587 2385 41 29 be
1643 2385 133 31 deemed

1078 2427 37 27 to
1132 2425 84 30 have
1231 2434 19 21 a
1265 2428 195 36 permanent
1476 2426 251 31 establishment
1742 2428 33 29 in

1078 2467 58 29 the
1163 2467 98 30 latter
1287 2467 104 30 State.
1427 2469 68 29 But
1527 2469 56 29 the
1610 2468 70 30 fact
1701 2470 75 29 that
