1908 2844
471 164 394 37 Bevillningsutskottets
886 162 218 32 betänkande
1123 162 48 31 Nr
1198 162 49 30 14.
1602 153 19 31 3

118 261 41 21 av
187 249 266 38 ifrågavarande
478 252 51 28 tre
555 248 39 31 år
622 248 89 31 hade
738 251 50 28 att
815 251 49 27 att
890 248 83 36 göra
1000 245 256 37 framställning
1285 245 52 31 till
1367 245 122 37 Kungl.
1519 242 101 38 Maj:t

117 302 146 31 rörande
285 301 42 31 de
349 301 148 37 angivna
519 301 187 36 beloppens
730 298 233 32 utbetalande.

162 353 64 31 Vid
259 352 258 32 sammanträde
549 351 66 30 den
648 351 39 29 16
717 359 93 21 mars
843 350 84 29 1936
957 347 203 32 bekräftade
1192 347 220 31 Stockholms
1444 344 174 33 stadsfull-

116 405 150 36 mäktige
289 404 57 31 sitt
370 402 223 39 preliminära
617 401 255 38 godkännande
896 410 41 22 av
960 397 488 39 omorganisationsförslaget.
1495 396 123 37 Kungl.

118 455 99 38 Maj:t
242 454 194 32 fastställde
462 453 151 31 därefter
637 453 65 30 den
729 453 37 29 17
795 452 88 37 april
911 451 83 30 1936
1020 469 44 4 —
1087 449 80 31 med
1192 448 256 38 godkännande
1476 457 43 22 av
1546 456 72 22 om-

115 506 418 38 organisationsförslaget
555 505 11 30 i
586 505 94 30 förut
700 504 185 31 anmärkta
908 503 95 30 delar
1022 520 44 4 —
1087 501 173 30 ordinarie
1281 501 147 29 lönestat
1451 499 55 31 för
1525 499 95 30 över-

117 556 349 33 ståthållarämbetets
508 555 183 36 avdelning
734 554 56 31 för
830 552 264 33 skatteärenden
1135 554 89 29 samt
1254 550 185 32 utfärdade
1471 548 148 33 särskild

117 608 209 32 instruktion
355 608 55 30 för
437 606 415 32 överståthållarämbelet
882 605 10 30 i
922 604 67 31 vad
1018 602 104 38 avsåg
1149 612 136 22 samma
1315 601 183 37 avdelning
1532 599 86 40 (SFS

121 661 95 30 1936:
249 655 89 41 129).
387 659 207 30 Lönestaten
621 658 65 30 och
712 656 255 32 instruktionen
991 655 54 30 för
1071 654 155 31 nämnda
1251 653 184 37 avdelning
1462 651 122 32 trädde
1608 651 12 31 i

119 711 92 31 kraft
228 711 66 30 den
315 712 14 29 1
350 710 144 31 oktober
515 709 93 30 1936.
650 707 48 31 På
715 707 111 37 grund
846 717 42 21 av
906 706 259 31 bestämmelser
1183 705 10 30 i
1211 705 193 30 lönestaten
1425 706 90 29 samt
1532 711 86 29 upp-

118 761 328 36 bördsreglementet
469 760 54 30 för
545 759 201 31 Stockholm
768 757 162 37 indrogos
953 756 159 36 samtliga
1134 755 282 38 tjänstemännen
1437 754 95 31 förut
1554 753 65 31 till-

118 811 212 32 kommande
354 811 144 38 sportler
521 810 52 31 till
597 810 137 31 stadens
757 810 114 30 kassa.

160 906 14 30 I
199 904 165 33 skrivelse
387 904 65 31 den
475 904 41 30 24
540 902 138 38 januari
704 902 83 30 1939
810 902 64 30 har
899 897 425 39 överståthållarämbetet,
1348 897 79 31 med
1452 897 166 31 överläm-

117 956 114 32 nande
255 966 42 21 av
323 966 42 21 en
392 955 66 31 den
487 956 39 29 13
553 953 180 32 december
759 953 84 30 1938
870 950 215 38 dagtecknad
1113 949 257 36 framställning
1396 947 78 32 från
1500 947 118 31 Stock-

116 1007 113 31 holms
252 1006 95 31 stads
370 1005 260 31 drätselnämnd
656 1004 147 31 rörande
827 1002 123 37 frågan
974 1012 56 20 om
1054 1000 240 36 fördelningen
1320 1010 42 20 av
1385 998 235 32 kostnaderna

116 1059 54 31 för
189 1057 306 37 taxeringsarbetet
521 1057 4 30 i
546 1056 201 30 Stockholm
767 1054 86 31 efter
873 1052 292 37 treårsperiodens
1187 1050 189 38 utlöpande
1397 1050 65 31 den
1483 1050 43 30 30
1545 1057 73 29 sep-

117 1110 130 31 tember
274 1109 94 36 1939,
391 1107 177 31 hemställt
590 1116 57 21 om
670 1105 208 37 vidtagande
902 1114 41 21 av
966 1102 223 37 erforderliga
1212 1101 160 37 åtgärder
1398 1101 10 30 i
1434 1099 185 37 anledning

117 1171 42 22 av
178 1159 195 32 nämndens
394 1158 266 35 framställning.

162 1209 314 33 Drätselnämnden
497 1209 66 31 har
581 1208 11 30 i
614 1208 52 31 sin
687 1207 163 31 skrivelse
871 1206 116 31 anfört
1006 1205 106 31 bland
1135 1206 106 29 annat
1261 1202 165 38 följande.

162 1272 74 30 Den
262 1269 202 32 nuvarande
488 1267 235 38 provisoriska
748 1266 237 35 anordningen
1013 1264 80 30 med
1118 1266 46 28 ett
1192 1263 69 30 fast
1287 1262 100 36 årligt
1413 1260 208 36 statsbidrag

119 1317 114 34 syntes
253 1313 76 31 icke
350 1313 120 30 kunna
489 1311 175 36 tillämpas
687 1309 57 30 vid
765 1319 42 21 en
827 1308 158 31 definitiv
1006 1306 166 36 reglering
1193 1315 42 21 av
1258 1305 115 31 denna
1394 1303 107 37 fråga.
1547 1303 72 31 Sta-

118 1360 74 27 tens
212 1355 101 32 andel
334 1355 10 30 i
363 1353 194 32 kostnaden
577 1353 56 30 för
652 1351 304 36 taxeringsarbetet
977 1349 106 31 borde
1104 1348 180 36 rimligtvis
1306 1347 168 38 påverkas
1495 1356 42 21 av
1560 1346 59 31 ök-

120 1398 79 37 ning
235 1398 10 30 i
283 1396 254 36 omfattningen
566 1405 41 21 av
635 1395 92 30 detta
754 1394 125 30 arbete.
930 1393 101 30 Detta
1060 1391 88 37 syfte
1176 1390 117 31 kunde
1320 1390 198 36 visserligen
1548 1388 72 31 vin-

85 1451 107 25 nas,
225 1450 58 21 om
314 1438 253 36 statsbidraget,
603 1436 113 32 såsom
749 1435 78 31 från
861 1433 432 33 överståthållarämbetets
1325 1432 75 31 sida
1432 1433 11 30 i
1477 1431 145 36 tidigare

119 1482 254 36 sammanhang
388 1480 208 37 ifrågasatts,
615 1479 138 30 ställdes
771 1479 9 29 i
799 1478 145 30 relation
960 1477 51 30 till
1028 1475 446 31 deklarationsmaterialets
1491 1473 129 37 mängd

119 1524 44 38 på
181 1528 46 28 ett
243 1525 83 30 eller
343 1526 106 28 annat
467 1523 66 30 sätt
551 1522 81 30 eller
650 1521 50 30 till
719 1520 138 31 stadens
876 1518 213 37 folkmängd.
1132 1517 200 31 Emellertid
1352 1520 115 33 syntes
1486 1525 41 22 en
1548 1524 72 28 reg-

118 1567 108 36 lering
243 1566 88 31 efter
348 1566 56 30 det
423 1564 243 31 förstnämnda
684 1562 216 31 alternativet
921 1561 125 31 bereda
1065 1560 211 36 svårigheter
1293 1558 88 32 både
1399 1559 57 30 vid
1474 1558 145 31 utform-

119 1609 81 36 ning
220 1609 66 30 och
304 1607 229 36 tillämpning.
577 1605 74 31 Och
670 1608 48 28 att
737 1606 83 35 göra
839 1604 155 35 bidraget
1015 1603 171 30 beroende
1205 1612 43 21 av
1269 1601 351 37 folkmängdssiffran

120 1655 114 32 syntes
263 1659 84 22 vara
378 1649 136 30 mindre
541 1648 156 36 lämpligt
728 1657 42 21 av
798 1647 56 30 det
884 1646 84 35 skäl,
999 1649 49 27 att
1077 1645 254 35 omfattningen
1361 1654 42 21 av
1433 1644 187 36 taxerings-

119 1694 129 30 arbetet
267 1691 205 37 näppeligen
490 1690 118 31 kunde
628 1699 99 22 anses
746 1688 52 32 stå
818 1689 10 30 i
847 1688 145 32 relation
1012 1688 50 30 till
1081 1687 258 36 folkmängden.
1372 1685 52 32 Då
1442 1696 83 21 man
1544 1687 75 30 sak-

120 1736 87 30 nade
224 1734 181 37 möjlighet
422 1736 49 28 att
489 1732 132 32 erhålla
638 1742 42 21 en
700 1732 68 30 fast
785 1731 259 36 utgångspunkt
1062 1730 57 30 vid
1136 1728 278 32 bestämmandet
1432 1739 43 21 av
1493 1731 127 29 statens

120 1776 204 37 deltagande
341 1777 11 29 i
369 1775 234 31 kostnaderna
619 1774 53 30 för
688 1773 306 36 taxeringsarbetet
1016 1773 5 30 i
1038 1772 210 35 Stockholm,
1267 1775 115 34 syntes
1401 1772 56 30 det
1473 1771 149 31 framför

121 1820 59 30 allt
199 1829 83 21 vara
300 1828 41 21 av
361 1818 183 36 betydelse,
564 1820 48 28 att
632 1826 41 21 en
692 1816 158 31 definitiv
868 1815 333 31 överenskommelse
1220 1815 124 29 härom
1362 1815 127 30 mellan
1510 1816 110 29 staten

119 1862 65 30 och
205 1860 122 32 staden
350 1860 127 31 skedde
499 1859 87 30 efter
608 1858 37 31 så
666 1859 103 30 enkla
792 1858 65 30 och
879 1858 99 30 klara
1002 1855 102 38 linjer
1126 1866 74 21 som
1225 1855 145 38 möjligt.

165 1928 97 30 Efter
281 1930 50 28 att
348 1928 90 30 hava
457 1926 164 36 framlagt
641 1926 127 36 förslag
789 1925 50 31 till
859 1925 195 36 fördelning
1073 1925 126 30 mellan
1222 1927 111 28 staten
1355 1924 65 30 och
1439 1924 121 30 staden
1580 1933 42 21 av

119 1979 231 30 kostnaderna
370 1977 55 30 för
446 1978 42 29 de
508 1977 126 35 bestyr,
656 1985 75 21 som
751 1976 122 36 utgöra
893 1975 55 30 led
970 1975 10 29 i
1001 1974 413 36 beskattningsväsendet,
1437 1973 105 36 enligt
1564 1973 59 30 vil-

121 2030 56 30 ket
201 2029 129 36 förslag
352 2027 44 38 på
419 2031 110 27 staten
551 2027 107 30 borde
680 2028 143 29 komma
847 2036 42 21 en
912 2025 244 31 nettokostnad
1179 2035 41 21 av
1243 2026 10 29 i
1276 2028 81 27 runt
1378 2026 47 30 tal
1451 2025 172 36 1,100,000

122 2080 138 35 kronor,
292 2079 64 30 har
386 2077 305 32 drätselnämnden
722 2077 175 31 hemställt
926 2086 57 20 om
1014 2076 206 36 vidtagande
1250 2086 42 21 av
1322 2076 224 36 erforderliga
1574 2074 48 32 åt-

122 2130 122 36 gärder
265 2130 57 30 för
341 2140 42 20 en
404 2129 158 30 definitiv
584 2128 133 36 lösning
741 2138 41 21 av
804 2128 65 30 den
894 2128 10 29 i
925 2127 185 31 skrivelsen
1136 2127 147 31 berörda
1305 2126 133 37 frågan.

166 2181 68 31 För
258 2189 83 28 egen
365 2181 53 30 del
441 2181 66 30 har
531 2178 415 31 överståthållarämbetet
970 2178 115 30 anfört
1107 2178 107 30 bland
1239 2180 108 27 annat
1371 2177 165 36 följande.

167 2240 63 30 Det
256 2248 81 21 vore
359 2238 166 36 ostridigt,
553 2241 48 27 att
625 2238 218 30 Stockholms
868 2237 76 30 stad
968 2236 37 31 så
1032 2236 129 30 tillvida
1186 2236 113 36 intoge
1324 2245 42 21 en
1393 2235 229 36 särställning,

122 2280 143 36 jämfört
294 2280 80 30 med
398 2280 109 30 andra
534 2281 217 34 kommuner,
781 2282 49 27 att
857 2279 119 30 staden
1005 2278 10 30 i
1042 2279 74 29 icke
1146 2278 97 35 ringa
1269 2278 241 35 utsträckning
1536 2276 88 37 själv

122 2322 92 36 finge
228 2322 153 31 bestrida
397 2322 193 30 kostnaden
607 2322 53 29 för
676 2321 232 36 fullgörandet
924 2330 42 21 av
981 2321 92 29 olika
1089 2320 301 36 arbetsuppgifter,
1408 2329 73 21 som
1498 2329 124 20 annor-

123 2364 112 31 städes
255 2364 167 36 fullgöras
441 2374 41 20 av
504 2364 235 29 statsavlönad
761 2363 169 36 personal.
975 2362 77 30 Med
1072 2361 178 35 undantag
1271 2361 56 30 för
1345 2361 278 31 överståthållar-

123 2406 166 30 ämbetets
309 2405 112 30 kansli
444 2404 156 31 bestrede
621 2404 145 31 sålunda
789 2405 121 29 staden
931 2404 9 29 i
962 2407 84 27 stort
1069 2407 64 27 sett
1153 2404 67 29 alla
1243 2403 189 31 kostnader
1451 2404 55 29 för
1529 2404 94 29 över-

124 2446 348 32 ståthållarämbetets
492 2446 220 31 verksamhet
730 2447 65 29 och
818 2445 146 31 sålunda
984 2447 85 29 även
1090 2446 48 30 till
1160 2446 65 29 den
1247 2445 196 37 betydande
1463 2446 64 34 del,
1549 2454 73 21 som

123 2489 148 31 ämbetet
290 2487 184 38 fullgjorde
493 2499 39 20 en
553 2489 236 35 länsstyrelses
808 2488 183 36 uppgifter.
1026 2489 62 29 Det
1109 2491 114 33 syntes
1242 2487 380 31 överståthållarämbe-
