<?xml version="1.0" encoding="UTF-8"?>
<alto xmlns="http://www.loc.gov/standards/alto/ns-v3#" xmlns:xlink="http://www.w3.org/1999/xlink" xmlns:xsi="http://www.w3.org/2001/XMLSchema-instance" xsi:schemaLocation="http://www.loc.gov/standards/alto/ns-v3# http://www.loc.gov/alto/v3/alto-3-0.xsd">
	<Description>
		<MeasurementUnit>pixel</MeasurementUnit>
		<sourceImageInformation>
			<fileName>/tmp/tess_4lf0wfma_input.PNG</fileName>
		</sourceImageInformation>
		<OCRProcessing ID="OCR_0">
			<ocrProcessingStep>
				<processingSoftware>
					<softwareName>tesseract 5.3.0</softwareName>
				</processingSoftware>
			</ocrProcessingStep>
		</OCRProcessing>
	</Description>
	<Layout>
		<Page WIDTH="2209" HEIGHT="2657" PHYSICAL_IMG_NR="0" ID="page_0">
			<PrintSpace HPOS="0" VPOS="0" WIDTH="2209" HEIGHT="2657">
				<ComposedBlock ID="cblock_0" HPOS="724" VPOS="147" WIDTH="1031" HEIGHT="48">
					<TextBlock ID="block_0" HPOS="724" VPOS="147" WIDTH="1031" HEIGHT="48">
						<TextLine ID="line_0" HPOS="724" VPOS="147" WIDTH="1031" HEIGHT="48">
							<String ID="string_0" HPOS="724" VPOS="154" WIDTH="246" HEIGHT="41" WC="0.90" CONTENT="Statsutskottets"/><SP WIDTH="22" VPOS="154" HPOS="970"/>
							<String ID="string_1" HPOS="992" VPOS="151" WIDTH="162" HEIGHT="33" WC="0.95" CONTENT="utlåtande"/><SP WIDTH="23" VPOS="151" HPOS="1154"/>
							<String ID="string_2" HPOS="1177" VPOS="150" WIDTH="53" HEIGHT="32" WC="0.92" CONTENT="Nr"/><SP WIDTH="23" VPOS="150" HPOS="1230"/>
							<String ID="string_3" HPOS="1253" VPOS="152" WIDTH="29" HEIGHT="29" WC="0.92" CONTENT="2."/><SP WIDTH="433" VPOS="152" HPOS="1282"/>
							<String ID="string_4" HPOS="1715" VPOS="147" WIDTH="40" HEIGHT="32" WC="0.95" CONTENT="29"/>
						</TextLine>
					</TextBlock>
				</ComposedBlock>
				<ComposedBlock ID="cblock_1" HPOS="205" VPOS="227" WIDTH="1610" HEIGHT="1621">
					<TextBlock ID="block_1" HPOS="205" VPOS="227" WIDTH="1599" HEIGHT="361">
						<TextLine ID="line_1" HPOS="333" VPOS="227" WIDTH="1467" HEIGHT="57">
							<String ID="string_5" HPOS="333" VPOS="237" WIDTH="73" HEIGHT="36" WC="0.93" CONTENT="För"/><SP WIDTH="29" VPOS="237" HPOS="406"/>
							<String ID="string_6" HPOS="435" VPOS="249" WIDTH="27" HEIGHT="23" WC="0.90" CONTENT="s."/><SP WIDTH="30" VPOS="249" HPOS="462"/>
							<String ID="string_7" HPOS="492" VPOS="235" WIDTH="36" HEIGHT="36" WC="0.92" CONTENT="k."/><SP WIDTH="31" VPOS="235" HPOS="528"/>
							<String ID="string_8" HPOS="559" VPOS="234" WIDTH="289" HEIGHT="50" WC="0.72" CONTENT="ljuspenningar"/><SP WIDTH="15" VPOS="234" HPOS="848"/>
							<String ID="string_9" HPOS="863" VPOS="232" WIDTH="23" HEIGHT="42" WC="0.43" CONTENT="&#39;)"/><SP WIDTH="31" VPOS="232" HPOS="886"/>
							<String ID="string_10" HPOS="917" VPOS="236" WIDTH="37" HEIGHT="33" WC="0.93" CONTENT="åt"/><SP WIDTH="27" VPOS="236" HPOS="954"/>
							<String ID="string_11" HPOS="981" VPOS="232" WIDTH="255" HEIGHT="36" WC="0.91" CONTENT="bofrätternas"/><SP WIDTH="29" VPOS="232" HPOS="1236"/>
							<String ID="string_12" HPOS="1265" VPOS="230" WIDTH="70" HEIGHT="36" WC="0.93" CONTENT="och"/><SP WIDTH="27" VPOS="230" HPOS="1335"/>
							<String ID="string_13" HPOS="1362" VPOS="228" WIDTH="254" HEIGHT="49" WC="0.84" CONTENT="kollegiernas"/><SP WIDTH="22" VPOS="228" HPOS="1616"/>
							<String ID="string_14" HPOS="1638" VPOS="227" WIDTH="162" HEIGHT="36" WC="0.90" CONTENT="ämbets-"/>
						</TextLine>
						<TextLine ID="line_2" HPOS="205" VPOS="279" WIDTH="1597" HEIGHT="58">
							<String ID="string_15" HPOS="205" VPOS="296" WIDTH="88" HEIGHT="32" WC="0.96" CONTENT="män"/><SP WIDTH="28" VPOS="296" HPOS="293"/>
							<String ID="string_16" HPOS="321" VPOS="289" WIDTH="72" HEIGHT="38" WC="0.96" CONTENT="och"/><SP WIDTH="27" VPOS="289" HPOS="393"/>
							<String ID="string_17" HPOS="420" VPOS="287" WIDTH="201" HEIGHT="50" WC="0.96" CONTENT="betjäning"/><SP WIDTH="27" VPOS="287" HPOS="621"/>
							<String ID="string_18" HPOS="648" VPOS="300" WIDTH="68" HEIGHT="23" WC="0.96" CONTENT="var"/><SP WIDTH="29" VPOS="300" HPOS="716"/>
							<String ID="string_19" HPOS="745" VPOS="286" WIDTH="78" HEIGHT="37" WC="0.96" CONTENT="före"/><SP WIDTH="29" VPOS="286" HPOS="823"/>
							<String ID="string_20" HPOS="852" VPOS="288" WIDTH="41" HEIGHT="35" WC="0.96" CONTENT="år"/><SP WIDTH="31" VPOS="288" HPOS="893"/>
							<String ID="string_21" HPOS="924" VPOS="286" WIDTH="96" HEIGHT="36" WC="0.93" CONTENT="1809"/><SP WIDTH="31" VPOS="286" HPOS="1020"/>
							<String ID="string_22" HPOS="1051" VPOS="286" WIDTH="20" HEIGHT="34" WC="0.92" CONTENT="å"/><SP WIDTH="28" VPOS="286" HPOS="1071"/>
							<String ID="string_23" HPOS="1099" VPOS="283" WIDTH="116" HEIGHT="37" WC="0.92" CONTENT="andra"/><SP WIDTH="27" VPOS="283" HPOS="1215"/>
							<String ID="string_24" HPOS="1242" VPOS="281" WIDTH="268" HEIGHT="48" WC="0.91" CONTENT="hufvudtiteln,"/><SP WIDTH="21" VPOS="281" HPOS="1510"/>
							<String ID="string_25" HPOS="1531" VPOS="293" WIDTH="80" HEIGHT="24" WC="0.96" CONTENT="som"/><SP WIDTH="24" VPOS="293" HPOS="1611"/>
							<String ID="string_26" HPOS="1635" VPOS="279" WIDTH="46" HEIGHT="38" WC="0.93" CONTENT="då"/><SP WIDTH="18" VPOS="279" HPOS="1681"/>
							<String ID="string_27" HPOS="1699" VPOS="279" WIDTH="103" HEIGHT="37" WC="0.92" CONTENT="inne-"/>
						</TextLine>
						<TextLine ID="line_3" HPOS="205" VPOS="331" WIDTH="1597" HEIGHT="59">
							<String ID="string_28" HPOS="205" VPOS="343" WIDTH="141" HEIGHT="37" WC="0.96" CONTENT="fattade"/><SP WIDTH="42" VPOS="343" HPOS="346"/>
							<String ID="string_29" HPOS="388" VPOS="341" WIDTH="211" HEIGHT="49" WC="0.96" CONTENT="utgifterna"/><SP WIDTH="43" VPOS="341" HPOS="599"/>
							<String ID="string_30" HPOS="642" VPOS="339" WIDTH="58" HEIGHT="37" WC="0.96" CONTENT="för"/><SP WIDTH="42" VPOS="339" HPOS="700"/>
							<String ID="string_31" HPOS="742" VPOS="339" WIDTH="45" HEIGHT="36" WC="0.94" CONTENT="de"/><SP WIDTH="42" VPOS="339" HPOS="787"/>
							<String ID="string_32" HPOS="829" VPOS="338" WIDTH="110" HEIGHT="37" WC="0.93" CONTENT="civila"/><SP WIDTH="41" VPOS="338" HPOS="939"/>
							<String ID="string_33" HPOS="980" VPOS="336" WIDTH="301" HEIGHT="43" WC="0.91" CONTENT="ämbetsverken,"/><SP WIDTH="42" VPOS="336" HPOS="1281"/>
							<String ID="string_34" HPOS="1323" VPOS="334" WIDTH="182" HEIGHT="50" WC="0.90" CONTENT="uppfördt"/><SP WIDTH="36" VPOS="334" HPOS="1505"/>
							<String ID="string_35" HPOS="1541" VPOS="338" WIDTH="53" HEIGHT="31" WC="0.96" CONTENT="ett"/><SP WIDTH="30" VPOS="338" HPOS="1594"/>
							<String ID="string_36" HPOS="1624" VPOS="331" WIDTH="178" HEIGHT="38" WC="0.96" CONTENT="särskildt"/>
						</TextLine>
						<TextLine ID="line_4" HPOS="205" VPOS="383" WIDTH="1597" HEIGHT="60">
							<String ID="string_37" HPOS="205" VPOS="395" WIDTH="133" HEIGHT="48" WC="0.93" CONTENT="anslag"/><SP WIDTH="44" VPOS="395" HPOS="338"/>
							<String ID="string_38" HPOS="382" VPOS="394" WIDTH="137" HEIGHT="46" WC="0.91" CONTENT="12,000"/><SP WIDTH="41" VPOS="394" HPOS="519"/>
							<String ID="string_39" HPOS="560" VPOS="392" WIDTH="77" HEIGHT="48" WC="0.93" CONTENT="rdr,"/><SP WIDTH="38" VPOS="392" HPOS="637"/>
							<String ID="string_40" HPOS="675" VPOS="392" WIDTH="143" HEIGHT="36" WC="0.96" CONTENT="hvilket"/><SP WIDTH="35" VPOS="392" HPOS="818"/>
							<String ID="string_41" HPOS="853" VPOS="391" WIDTH="135" HEIGHT="48" WC="0.96" CONTENT="anslag"/><SP WIDTH="27" VPOS="391" HPOS="988"/>
							<String ID="string_42" HPOS="1015" VPOS="389" WIDTH="63" HEIGHT="36" WC="0.93" CONTENT="vid"/><SP WIDTH="32" VPOS="389" HPOS="1078"/>
							<String ID="string_43" HPOS="1110" VPOS="388" WIDTH="201" HEIGHT="37" WC="0.89" CONTENT="1809—10"/><SP WIDTH="29" VPOS="388" HPOS="1311"/>
							<String ID="string_44" HPOS="1340" VPOS="390" WIDTH="60" HEIGHT="33" WC="0.95" CONTENT="års"/><SP WIDTH="28" VPOS="390" HPOS="1400"/>
							<String ID="string_45" HPOS="1428" VPOS="385" WIDTH="157" HEIGHT="49" WC="0.96" CONTENT="riksdag"/><SP WIDTH="27" VPOS="385" HPOS="1585"/>
							<String ID="string_46" HPOS="1612" VPOS="384" WIDTH="81" HEIGHT="38" WC="0.95" CONTENT="blef"/><SP WIDTH="24" VPOS="384" HPOS="1693"/>
							<String ID="string_47" HPOS="1717" VPOS="383" WIDTH="85" HEIGHT="37" WC="0.96" CONTENT="med"/>
						</TextLine>
						<TextLine ID="line_5" HPOS="205" VPOS="437" WIDTH="1597" HEIGHT="55">
							<String ID="string_48" HPOS="205" VPOS="452" WIDTH="53" HEIGHT="32" WC="0.96" CONTENT="ett"/><SP WIDTH="39" VPOS="452" HPOS="258"/>
							<String ID="string_49" HPOS="297" VPOS="447" WIDTH="58" HEIGHT="36" WC="0.92" CONTENT="till"/><SP WIDTH="44" VPOS="447" HPOS="355"/>
							<String ID="string_50" HPOS="399" VPOS="446" WIDTH="137" HEIGHT="46" WC="0.92" CONTENT="12,400"/><SP WIDTH="41" VPOS="446" HPOS="536"/>
							<String ID="string_51" HPOS="577" VPOS="444" WIDTH="65" HEIGHT="36" WC="0.91" CONTENT="rdr"/><SP WIDTH="37" VPOS="444" HPOS="642"/>
							<String ID="string_52" HPOS="679" VPOS="444" WIDTH="108" HEIGHT="48" WC="0.91" CONTENT="höjdt"/><SP WIDTH="31" VPOS="444" HPOS="787"/>
							<String ID="string_53" HPOS="818" VPOS="443" WIDTH="139" HEIGHT="48" WC="0.93" CONTENT="belopp"/><SP WIDTH="29" VPOS="443" HPOS="957"/>
							<String ID="string_54" HPOS="986" VPOS="440" WIDTH="209" HEIGHT="38" WC="0.51" CONTENT="öfverföråt"/><SP WIDTH="27" VPOS="440" HPOS="1195"/>
							<String ID="string_55" HPOS="1222" VPOS="440" WIDTH="57" HEIGHT="35" WC="0.96" CONTENT="till"/><SP WIDTH="29" VPOS="440" HPOS="1279"/>
							<String ID="string_56" HPOS="1308" VPOS="440" WIDTH="189" HEIGHT="35" WC="0.92" CONTENT="allmänna"/><SP WIDTH="28" VPOS="440" HPOS="1497"/>
							<String ID="string_57" HPOS="1525" VPOS="437" WIDTH="277" HEIGHT="48" WC="0.91" CONTENT="utgiftsstaten,"/>
						</TextLine>
						<TextLine ID="line_6" HPOS="206" VPOS="488" WIDTH="1598" HEIGHT="56">
							<String ID="string_58" HPOS="206" VPOS="500" WIDTH="65" HEIGHT="36" WC="0.96" CONTENT="där"/><SP WIDTH="41" VPOS="500" HPOS="271"/>
							<String ID="string_59" HPOS="312" VPOS="498" WIDTH="64" HEIGHT="37" WC="0.96" CONTENT="det"/><SP WIDTH="37" VPOS="498" HPOS="376"/>
							<String ID="string_60" HPOS="413" VPOS="497" WIDTH="211" HEIGHT="37" WC="0.96" CONTENT="sedermera"/><SP WIDTH="37" VPOS="497" HPOS="624"/>
							<String ID="string_61" HPOS="661" VPOS="496" WIDTH="276" HEIGHT="48" WC="0.96" CONTENT="sammanslogs"/><SP WIDTH="29" VPOS="496" HPOS="937"/>
							<String ID="string_62" HPOS="966" VPOS="493" WIDTH="83" HEIGHT="37" WC="0.95" CONTENT="med"/><SP WIDTH="29" VPOS="493" HPOS="1049"/>
							<String ID="string_63" HPOS="1078" VPOS="493" WIDTH="46" HEIGHT="36" WC="0.96" CONTENT="de"/><SP WIDTH="28" VPOS="493" HPOS="1124"/>
							<String ID="string_64" HPOS="1152" VPOS="491" WIDTH="59" HEIGHT="37" WC="0.93" CONTENT="för"/><SP WIDTH="28" VPOS="491" HPOS="1211"/>
							<String ID="string_65" HPOS="1239" VPOS="490" WIDTH="320" HEIGHT="38" WC="0.92" CONTENT="skrifmaterialier"/><SP WIDTH="29" VPOS="490" HPOS="1559"/>
							<String ID="string_66" HPOS="1588" VPOS="503" WIDTH="47" HEIGHT="22" WC="0.88" CONTENT="m."/><SP WIDTH="32" VPOS="503" HPOS="1635"/>
							<String ID="string_67" HPOS="1667" VPOS="502" WIDTH="47" HEIGHT="22" WC="0.91" CONTENT="m."/><SP WIDTH="32" VPOS="502" HPOS="1714"/>
							<String ID="string_68" HPOS="1746" VPOS="488" WIDTH="58" HEIGHT="36" WC="0.96" CONTENT="för"/>
						</TextLine>
						<TextLine ID="line_7" HPOS="206" VPOS="547" WIDTH="695" HEIGHT="41">
							<String ID="string_69" HPOS="206" VPOS="552" WIDTH="46" HEIGHT="36" WC="0.96" CONTENT="de"/><SP WIDTH="28" VPOS="552" HPOS="252"/>
							<String ID="string_70" HPOS="280" VPOS="551" WIDTH="111" HEIGHT="37" WC="0.96" CONTENT="civila"/><SP WIDTH="27" VPOS="551" HPOS="391"/>
							<String ID="string_71" HPOS="418" VPOS="550" WIDTH="141" HEIGHT="36" WC="0.93" CONTENT="verken"/><SP WIDTH="28" VPOS="550" HPOS="559"/>
							<String ID="string_72" HPOS="587" VPOS="548" WIDTH="154" HEIGHT="37" WC="0.92" CONTENT="afsedda"/><SP WIDTH="28" VPOS="548" HPOS="741"/>
							<String ID="string_73" HPOS="769" VPOS="547" WIDTH="132" HEIGHT="37" WC="0.96" CONTENT="medel."/>
						</TextLine>
					</TextBlock>
					<TextBlock ID="block_2" HPOS="206" VPOS="592" WIDTH="1600" HEIGHT="264">
						<TextLine ID="line_8" HPOS="335" VPOS="592" WIDTH="1469" HEIGHT="54">
							<String ID="string_74" HPOS="335" VPOS="603" WIDTH="74" HEIGHT="36" WC="0.96" CONTENT="Det"/><SP WIDTH="43" VPOS="603" HPOS="409"/>
							<String ID="string_75" HPOS="452" VPOS="601" WIDTH="156" HEIGHT="37" WC="0.91" CONTENT="sålunda"/><SP WIDTH="43" VPOS="601" HPOS="608"/>
							<String ID="string_76" HPOS="651" VPOS="599" WIDTH="279" HEIGHT="38" WC="0.91" CONTENT="sammanförda"/><SP WIDTH="42" VPOS="599" HPOS="930"/>
							<String ID="string_77" HPOS="972" VPOS="598" WIDTH="173" HEIGHT="48" WC="0.93" CONTENT="anslaget"/><SP WIDTH="41" VPOS="598" HPOS="1145"/>
							<String ID="string_78" HPOS="1186" VPOS="595" WIDTH="283" HEIGHT="48" WC="0.90" CONTENT="öfverflyttades"/><SP WIDTH="33" VPOS="595" HPOS="1469"/>
							<String ID="string_79" HPOS="1502" VPOS="594" WIDTH="64" HEIGHT="36" WC="0.92" CONTENT="vid"/><SP WIDTH="37" VPOS="594" HPOS="1566"/>
							<String ID="string_80" HPOS="1603" VPOS="592" WIDTH="201" HEIGHT="37" WC="0.87" CONTENT="1817—18"/>
						</TextLine>
						<TextLine ID="line_9" HPOS="208" VPOS="644" WIDTH="1597" HEIGHT="58">
							<String ID="string_81" HPOS="208" VPOS="659" WIDTH="58" HEIGHT="34" WC="0.86" CONTENT="års"/><SP WIDTH="41" VPOS="659" HPOS="266"/>
							<String ID="string_82" HPOS="307" VPOS="654" WIDTH="156" HEIGHT="48" WC="0.95" CONTENT="riksdag"/><SP WIDTH="42" VPOS="654" HPOS="463"/>
							<String ID="string_83" HPOS="505" VPOS="653" WIDTH="83" HEIGHT="37" WC="0.95" CONTENT="från"/><SP WIDTH="38" VPOS="653" HPOS="588"/>
							<String ID="string_84" HPOS="626" VPOS="652" WIDTH="151" HEIGHT="37" WC="0.94" CONTENT="åttonde"/><SP WIDTH="36" VPOS="652" HPOS="777"/>
							<String ID="string_85" HPOS="813" VPOS="651" WIDTH="57" HEIGHT="37" WC="0.96" CONTENT="till"/><SP WIDTH="38" VPOS="651" HPOS="870"/>
							<String ID="string_86" HPOS="908" VPOS="650" WIDTH="116" HEIGHT="37" WC="0.93" CONTENT="andra"/><SP WIDTH="32" VPOS="650" HPOS="1024"/>
							<String ID="string_87" HPOS="1056" VPOS="648" WIDTH="256" HEIGHT="38" WC="0.92" CONTENT="hufvudtiteln"/><SP WIDTH="29" VPOS="648" HPOS="1312"/>
							<String ID="string_88" HPOS="1341" VPOS="647" WIDTH="70" HEIGHT="37" WC="0.96" CONTENT="och"/><SP WIDTH="28" VPOS="647" HPOS="1411"/>
							<String ID="string_89" HPOS="1439" VPOS="651" WIDTH="168" HEIGHT="45" WC="0.95" CONTENT="upptogs"/><SP WIDTH="28" VPOS="651" HPOS="1607"/>
							<String ID="string_90" HPOS="1635" VPOS="644" WIDTH="88" HEIGHT="37" WC="0.96" CONTENT="med"/><SP WIDTH="29" VPOS="644" HPOS="1723"/>
							<String ID="string_91" HPOS="1752" VPOS="649" WIDTH="53" HEIGHT="31" WC="0.96" CONTENT="ett"/>
						</TextLine>
						<TextLine ID="line_10" HPOS="207" VPOS="696" WIDTH="1599" HEIGHT="59">
							<String ID="string_92" HPOS="207" VPOS="709" WIDTH="57" HEIGHT="36" WC="0.93" CONTENT="till"/><SP WIDTH="28" VPOS="709" HPOS="264"/>
							<String ID="string_93" HPOS="292" VPOS="708" WIDTH="139" HEIGHT="47" WC="0.91" CONTENT="42,340"/><SP WIDTH="28" VPOS="708" HPOS="431"/>
							<String ID="string_94" HPOS="459" VPOS="706" WIDTH="65" HEIGHT="37" WC="0.92" CONTENT="rdr"/><SP WIDTH="27" VPOS="706" HPOS="524"/>
							<String ID="string_95" HPOS="551" VPOS="705" WIDTH="169" HEIGHT="48" WC="0.91" CONTENT="förhöjdt"/><SP WIDTH="27" VPOS="705" HPOS="720"/>
							<String ID="string_96" HPOS="747" VPOS="704" WIDTH="151" HEIGHT="49" WC="0.96" CONTENT="belopp,"/><SP WIDTH="29" VPOS="704" HPOS="898"/>
							<String ID="string_97" HPOS="927" VPOS="702" WIDTH="211" HEIGHT="48" WC="0.93" CONTENT="hvarjämte"/><SP WIDTH="29" VPOS="702" HPOS="1138"/>
							<String ID="string_98" HPOS="1167" VPOS="704" WIDTH="20" HEIGHT="33" WC="0.93" CONTENT="å"/><SP WIDTH="28" VPOS="704" HPOS="1187"/>
							<String ID="string_99" HPOS="1215" VPOS="701" WIDTH="120" HEIGHT="49" WC="0.93" CONTENT="tredje"/><SP WIDTH="29" VPOS="701" HPOS="1335"/>
							<String ID="string_100" HPOS="1364" VPOS="698" WIDTH="268" HEIGHT="46" WC="0.92" CONTENT="hufvudtiteln,"/><SP WIDTH="26" VPOS="698" HPOS="1632"/>
							<String ID="string_101" HPOS="1658" VPOS="710" WIDTH="81" HEIGHT="23" WC="0.96" CONTENT="som"/><SP WIDTH="21" VPOS="710" HPOS="1739"/>
							<String ID="string_102" HPOS="1760" VPOS="696" WIDTH="46" HEIGHT="36" WC="0.96" CONTENT="då"/>
						</TextLine>
						<TextLine ID="line_11" HPOS="208" VPOS="750" WIDTH="1598" HEIGHT="57">
							<String ID="string_103" HPOS="208" VPOS="759" WIDTH="210" HEIGHT="38" WC="0.95" CONTENT="omfattade"/><SP WIDTH="41" VPOS="759" HPOS="418"/>
							<String ID="string_104" HPOS="459" VPOS="757" WIDTH="210" HEIGHT="50" WC="0.95" CONTENT="utgifterna"/><SP WIDTH="39" VPOS="757" HPOS="669"/>
							<String ID="string_105" HPOS="708" VPOS="757" WIDTH="60" HEIGHT="36" WC="0.92" CONTENT="för"/><SP WIDTH="40" VPOS="757" HPOS="768"/>
							<String ID="string_106" HPOS="808" VPOS="755" WIDTH="302" HEIGHT="50" WC="0.91" CONTENT="krigsväsendet,"/><SP WIDTH="29" VPOS="755" HPOS="1110"/>
							<String ID="string_107" HPOS="1139" VPOS="753" WIDTH="206" HEIGHT="50" WC="0.96" CONTENT="uppfördes"/><SP WIDTH="30" VPOS="753" HPOS="1345"/>
							<String ID="string_108" HPOS="1375" VPOS="756" WIDTH="53" HEIGHT="32" WC="0.96" CONTENT="ett"/><SP WIDTH="28" VPOS="756" HPOS="1428"/>
							<String ID="string_109" HPOS="1456" VPOS="750" WIDTH="133" HEIGHT="49" WC="0.93" CONTENT="anslag"/><SP WIDTH="29" VPOS="750" HPOS="1589"/>
							<String ID="string_110" HPOS="1618" VPOS="753" WIDTH="20" HEIGHT="32" WC="0.88" CONTENT="å"/><SP WIDTH="31" VPOS="753" HPOS="1638"/>
							<String ID="string_111" HPOS="1669" VPOS="750" WIDTH="137" HEIGHT="46" WC="0.91" CONTENT="10,000"/>
						</TextLine>
						<TextLine ID="line_12" HPOS="206" VPOS="800" WIDTH="1598" HEIGHT="56">
							<String ID="string_112" HPOS="206" VPOS="813" WIDTH="64" HEIGHT="36" WC="0.87" CONTENT="rdr"/><SP WIDTH="29" VPOS="813" HPOS="270"/>
							<String ID="string_113" HPOS="299" VPOS="811" WIDTH="59" HEIGHT="37" WC="0.93" CONTENT="till"/><SP WIDTH="29" VPOS="811" HPOS="358"/>
							<String ID="string_114" HPOS="387" VPOS="809" WIDTH="334" HEIGHT="47" WC="0.92" CONTENT="skrifmaterialier,"/><SP WIDTH="29" VPOS="809" HPOS="721"/>
							<String ID="string_115" HPOS="750" VPOS="808" WIDTH="73" HEIGHT="37" WC="0.93" CONTENT="ved"/><SP WIDTH="29" VPOS="808" HPOS="823"/>
							<String ID="string_116" HPOS="852" VPOS="822" WIDTH="47" HEIGHT="21" WC="0.90" CONTENT="m."/><SP WIDTH="31" VPOS="822" HPOS="899"/>
							<String ID="string_117" HPOS="930" VPOS="822" WIDTH="47" HEIGHT="21" WC="0.90" CONTENT="m."/><SP WIDTH="32" VPOS="822" HPOS="977"/>
							<String ID="string_118" HPOS="1009" VPOS="807" WIDTH="58" HEIGHT="36" WC="0.95" CONTENT="för"/><SP WIDTH="29" VPOS="807" HPOS="1067"/>
							<String ID="string_119" HPOS="1096" VPOS="806" WIDTH="45" HEIGHT="36" WC="0.96" CONTENT="de"/><SP WIDTH="23" VPOS="806" HPOS="1141"/>
							<String ID="string_120" HPOS="1164" VPOS="805" WIDTH="163" HEIGHT="37" WC="0.92" CONTENT="militära"/><SP WIDTH="25" VPOS="805" HPOS="1327"/>
							<String ID="string_121" HPOS="1352" VPOS="802" WIDTH="311" HEIGHT="38" WC="0.91" CONTENT="ämbetsverkens"/><SP WIDTH="15" VPOS="802" HPOS="1663"/>
							<String ID="string_122" HPOS="1678" VPOS="800" WIDTH="126" HEIGHT="38" WC="0.91" CONTENT="behof."/>
						</TextLine>
					</TextBlock>
					<TextBlock ID="block_3" HPOS="208" VPOS="853" WIDTH="1603" HEIGHT="580">
						<TextLine ID="line_13" HPOS="340" VPOS="853" WIDTH="1466" HEIGHT="56">
							<String ID="string_123" HPOS="340" VPOS="862" WIDTH="244" HEIGHT="38" WC="0.96" CONTENT="Sistnämnda"/><SP WIDTH="29" VPOS="862" HPOS="584"/>
							<String ID="string_124" HPOS="613" VPOS="862" WIDTH="134" HEIGHT="47" WC="0.95" CONTENT="anslag"/><SP WIDTH="27" VPOS="862" HPOS="747"/>
							<String ID="string_125" HPOS="774" VPOS="860" WIDTH="80" HEIGHT="37" WC="0.95" CONTENT="blef"/><SP WIDTH="26" VPOS="860" HPOS="854"/>
							<String ID="string_126" HPOS="880" VPOS="859" WIDTH="63" HEIGHT="37" WC="0.93" CONTENT="vid"/><SP WIDTH="27" VPOS="859" HPOS="943"/>
							<String ID="string_127" HPOS="970" VPOS="859" WIDTH="201" HEIGHT="36" WC="0.90" CONTENT="1828—30"/><SP WIDTH="21" VPOS="859" HPOS="1171"/>
							<String ID="string_128" HPOS="1192" VPOS="860" WIDTH="59" HEIGHT="33" WC="0.95" CONTENT="års"/><SP WIDTH="20" VPOS="860" HPOS="1251"/>
							<String ID="string_129" HPOS="1271" VPOS="856" WIDTH="157" HEIGHT="49" WC="0.96" CONTENT="riksdag"/><SP WIDTH="19" VPOS="856" HPOS="1428"/>
							<String ID="string_130" HPOS="1447" VPOS="855" WIDTH="150" HEIGHT="37" WC="0.96" CONTENT="nedsatt"/><SP WIDTH="19" VPOS="855" HPOS="1597"/>
							<String ID="string_131" HPOS="1616" VPOS="853" WIDTH="58" HEIGHT="37" WC="0.93" CONTENT="till"/><SP WIDTH="21" VPOS="853" HPOS="1674"/>
							<String ID="string_132" HPOS="1695" VPOS="854" WIDTH="111" HEIGHT="46" WC="0.91" CONTENT="7,000"/>
						</TextLine>
						<TextLine ID="line_14" HPOS="208" VPOS="905" WIDTH="1600" HEIGHT="59">
							<String ID="string_133" HPOS="208" VPOS="917" WIDTH="75" HEIGHT="47" WC="0.96" CONTENT="rdr,"/><SP WIDTH="35" VPOS="917" HPOS="283"/>
							<String ID="string_134" HPOS="318" VPOS="929" WIDTH="81" HEIGHT="23" WC="0.96" CONTENT="som"/><SP WIDTH="34" VPOS="929" HPOS="399"/>
							<String ID="string_135" HPOS="433" VPOS="914" WIDTH="209" HEIGHT="37" WC="0.96" CONTENT="fördelades"/><SP WIDTH="29" VPOS="914" HPOS="642"/>
							<String ID="string_136" HPOS="671" VPOS="913" WIDTH="85" HEIGHT="37" WC="0.93" CONTENT="med"/><SP WIDTH="28" VPOS="913" HPOS="756"/>
							<String ID="string_137" HPOS="784" VPOS="913" WIDTH="113" HEIGHT="47" WC="0.91" CONTENT="4,500"/><SP WIDTH="29" VPOS="913" HPOS="897"/>
							<String ID="string_138" HPOS="926" VPOS="911" WIDTH="64" HEIGHT="36" WC="0.95" CONTENT="rdr"/><SP WIDTH="28" VPOS="911" HPOS="990"/>
							<String ID="string_139" HPOS="1018" VPOS="911" WIDTH="59" HEIGHT="36" WC="0.93" CONTENT="för"/><SP WIDTH="27" VPOS="911" HPOS="1077"/>
							<String ID="string_140" HPOS="1104" VPOS="909" WIDTH="292" HEIGHT="37" WC="0.91" CONTENT="landtförsvaret"/><SP WIDTH="29" VPOS="909" HPOS="1396"/>
							<String ID="string_141" HPOS="1425" VPOS="907" WIDTH="70" HEIGHT="37" WC="0.93" CONTENT="och"/><SP WIDTH="29" VPOS="907" HPOS="1495"/>
							<String ID="string_142" HPOS="1524" VPOS="907" WIDTH="112" HEIGHT="47" WC="0.92" CONTENT="2,500"/><SP WIDTH="29" VPOS="907" HPOS="1636"/>
							<String ID="string_143" HPOS="1665" VPOS="906" WIDTH="64" HEIGHT="35" WC="0.96" CONTENT="rdr"/><SP WIDTH="21" VPOS="906" HPOS="1729"/>
							<String ID="string_144" HPOS="1750" VPOS="905" WIDTH="58" HEIGHT="36" WC="0.96" CONTENT="för"/>
						</TextLine>
						<TextLine ID="line_15" HPOS="210" VPOS="956" WIDTH="1598" HEIGHT="62">
							<String ID="string_145" HPOS="210" VPOS="970" WIDTH="259" HEIGHT="48" WC="0.92" CONTENT="sjöförsvaret,"/><SP WIDTH="42" VPOS="970" HPOS="469"/>
							<String ID="string_146" HPOS="511" VPOS="967" WIDTH="197" HEIGHT="35" WC="0.96" CONTENT="hvaremot"/><SP WIDTH="43" VPOS="967" HPOS="708"/>
							<String ID="string_147" HPOS="751" VPOS="966" WIDTH="64" HEIGHT="35" WC="0.96" CONTENT="det"/><SP WIDTH="41" VPOS="966" HPOS="815"/>
							<String ID="string_148" HPOS="856" VPOS="964" WIDTH="58" HEIGHT="37" WC="0.96" CONTENT="för"/><SP WIDTH="41" VPOS="964" HPOS="914"/>
							<String ID="string_149" HPOS="955" VPOS="964" WIDTH="46" HEIGHT="36" WC="0.96" CONTENT="de"/><SP WIDTH="33" VPOS="964" HPOS="1001"/>
							<String ID="string_150" HPOS="1034" VPOS="963" WIDTH="111" HEIGHT="36" WC="0.93" CONTENT="civila"/><SP WIDTH="32" VPOS="963" HPOS="1145"/>
							<String ID="string_151" HPOS="1177" VPOS="960" WIDTH="305" HEIGHT="38" WC="0.92" CONTENT="ämbetsverkens"/><SP WIDTH="28" VPOS="960" HPOS="1482"/>
							<String ID="string_152" HPOS="1510" VPOS="958" WIDTH="117" HEIGHT="37" WC="0.91" CONTENT="behof"/><SP WIDTH="26" VPOS="958" HPOS="1627"/>
							<String ID="string_153" HPOS="1653" VPOS="956" WIDTH="155" HEIGHT="38" WC="0.92" CONTENT="afsedda"/>
						</TextLine>
						<TextLine ID="line_16" HPOS="210" VPOS="1008" WIDTH="1599" HEIGHT="61">
							<String ID="string_154" HPOS="210" VPOS="1021" WIDTH="134" HEIGHT="47" WC="0.95" CONTENT="anslag"/><SP WIDTH="28" VPOS="1021" HPOS="344"/>
							<String ID="string_155" HPOS="372" VPOS="1019" WIDTH="132" HEIGHT="50" WC="0.96" CONTENT="höjdes"/><SP WIDTH="28" VPOS="1019" HPOS="504"/>
							<String ID="string_156" HPOS="532" VPOS="1019" WIDTH="58" HEIGHT="36" WC="0.93" CONTENT="till"/><SP WIDTH="29" VPOS="1019" HPOS="590"/>
							<String ID="string_157" HPOS="619" VPOS="1019" WIDTH="138" HEIGHT="46" WC="0.90" CONTENT="50,000"/><SP WIDTH="29" VPOS="1019" HPOS="757"/>
							<String ID="string_158" HPOS="786" VPOS="1017" WIDTH="78" HEIGHT="45" WC="0.96" CONTENT="rdr;"/><SP WIDTH="31" VPOS="1017" HPOS="864"/>
							<String ID="string_159" HPOS="895" VPOS="1016" WIDTH="69" HEIGHT="37" WC="0.96" CONTENT="och"/><SP WIDTH="30" VPOS="1016" HPOS="964"/>
							<String ID="string_160" HPOS="994" VPOS="1014" WIDTH="178" HEIGHT="38" WC="0.96" CONTENT="anvisade"/><SP WIDTH="25" VPOS="1014" HPOS="1172"/>
							<String ID="string_161" HPOS="1197" VPOS="1026" WIDTH="142" HEIGHT="24" WC="0.96" CONTENT="samma"/><SP WIDTH="18" VPOS="1026" HPOS="1339"/>
							<String ID="string_162" HPOS="1357" VPOS="1012" WIDTH="170" HEIGHT="47" WC="0.96" CONTENT="Riksdag"/><SP WIDTH="20" VPOS="1012" HPOS="1527"/>
							<String ID="string_163" HPOS="1547" VPOS="1010" WIDTH="184" HEIGHT="49" WC="0.96" CONTENT="därjämte"/><SP WIDTH="21" VPOS="1010" HPOS="1731"/>
							<String ID="string_164" HPOS="1752" VPOS="1008" WIDTH="57" HEIGHT="37" WC="0.96" CONTENT="till"/>
						</TextLine>
						<TextLine ID="line_17" HPOS="209" VPOS="1061" WIDTH="1600" HEIGHT="57">
							<String ID="string_165" HPOS="209" VPOS="1072" WIDTH="243" HEIGHT="38" WC="0.96" CONTENT="bestridande"/><SP WIDTH="38" VPOS="1072" HPOS="452"/>
							<String ID="string_166" HPOS="490" VPOS="1071" WIDTH="40" HEIGHT="36" WC="0.96" CONTENT="af"/><SP WIDTH="23" VPOS="1071" HPOS="530"/>
							<String ID="string_167" HPOS="553" VPOS="1070" WIDTH="211" HEIGHT="36" WC="0.96" CONTENT="kostnaden"/><SP WIDTH="29" VPOS="1070" HPOS="764"/>
							<String ID="string_168" HPOS="793" VPOS="1070" WIDTH="59" HEIGHT="35" WC="0.96" CONTENT="för"/><SP WIDTH="28" VPOS="1070" HPOS="852"/>
							<String ID="string_169" HPOS="880" VPOS="1068" WIDTH="255" HEIGHT="50" WC="0.96" CONTENT="tryckningen"/><SP WIDTH="29" VPOS="1068" HPOS="1135"/>
							<String ID="string_170" HPOS="1164" VPOS="1066" WIDTH="40" HEIGHT="35" WC="0.93" CONTENT="af"/><SP WIDTH="24" VPOS="1066" HPOS="1204"/>
							<String ID="string_171" HPOS="1228" VPOS="1064" WIDTH="388" HEIGHT="48" WC="0.91" CONTENT="landshöfdingarnas"/><SP WIDTH="29" VPOS="1064" HPOS="1616"/>
							<String ID="string_172" HPOS="1645" VPOS="1061" WIDTH="164" HEIGHT="37" WC="0.91" CONTENT="ämbets-"/>
						</TextLine>
						<TextLine ID="line_18" HPOS="211" VPOS="1113" WIDTH="1598" HEIGHT="60">
							<String ID="string_173" HPOS="211" VPOS="1123" WIDTH="249" HEIGHT="50" WC="0.96" CONTENT="kungörelser"/><SP WIDTH="42" VPOS="1123" HPOS="460"/>
							<String ID="string_174" HPOS="502" VPOS="1127" WIDTH="54" HEIGHT="32" WC="0.96" CONTENT="ett"/><SP WIDTH="37" VPOS="1127" HPOS="556"/>
							<String ID="string_175" HPOS="593" VPOS="1122" WIDTH="181" HEIGHT="36" WC="0.96" CONTENT="särskildt"/><SP WIDTH="35" VPOS="1122" HPOS="774"/>
							<String ID="string_176" HPOS="809" VPOS="1120" WIDTH="136" HEIGHT="50" WC="0.96" CONTENT="belopp"/><SP WIDTH="34" VPOS="1120" HPOS="945"/>
							<String ID="string_177" HPOS="979" VPOS="1120" WIDTH="40" HEIGHT="35" WC="0.96" CONTENT="af"/><SP WIDTH="27" VPOS="1120" HPOS="1019"/>
							<String ID="string_178" HPOS="1046" VPOS="1120" WIDTH="71" HEIGHT="35" WC="0.96" CONTENT="100"/><SP WIDTH="29" VPOS="1120" HPOS="1117"/>
							<String ID="string_179" HPOS="1146" VPOS="1118" WIDTH="64" HEIGHT="36" WC="0.96" CONTENT="rdr"/><SP WIDTH="29" VPOS="1118" HPOS="1210"/>
							<String ID="string_180" HPOS="1239" VPOS="1117" WIDTH="57" HEIGHT="36" WC="0.96" CONTENT="för"/><SP WIDTH="28" VPOS="1117" HPOS="1296"/>
							<String ID="string_181" HPOS="1324" VPOS="1116" WIDTH="131" HEIGHT="49" WC="0.96" CONTENT="hvarje"/><SP WIDTH="27" VPOS="1116" HPOS="1455"/>
							<String ID="string_182" HPOS="1482" VPOS="1116" WIDTH="74" HEIGHT="47" WC="0.96" CONTENT="län,"/><SP WIDTH="30" VPOS="1116" HPOS="1556"/>
							<String ID="string_183" HPOS="1586" VPOS="1114" WIDTH="88" HEIGHT="37" WC="0.96" CONTENT="eller"/><SP WIDTH="29" VPOS="1114" HPOS="1674"/>
							<String ID="string_184" HPOS="1703" VPOS="1113" WIDTH="106" HEIGHT="37" WC="0.96" CONTENT="alltså"/>
						</TextLine>
						<TextLine ID="line_19" HPOS="214" VPOS="1167" WIDTH="1596" HEIGHT="58">
							<String ID="string_185" HPOS="214" VPOS="1178" WIDTH="111" HEIGHT="47" WC="0.61" CONTENT="2.400"/><SP WIDTH="27" VPOS="1178" HPOS="325"/>
							<String ID="string_186" HPOS="352" VPOS="1176" WIDTH="74" HEIGHT="48" WC="0.94" CONTENT="rdr,"/><SP WIDTH="30" VPOS="1176" HPOS="426"/>
							<String ID="string_187" HPOS="456" VPOS="1175" WIDTH="87" HEIGHT="36" WC="0.96" CONTENT="med"/><SP WIDTH="28" VPOS="1175" HPOS="543"/>
							<String ID="string_188" HPOS="571" VPOS="1174" WIDTH="239" HEIGHT="37" WC="0.96" CONTENT="förklarande"/><SP WIDTH="28" VPOS="1174" HPOS="810"/>
							<String ID="string_189" HPOS="838" VPOS="1178" WIDTH="54" HEIGHT="31" WC="0.96" CONTENT="att"/><SP WIDTH="28" VPOS="1178" HPOS="892"/>
							<String ID="string_190" HPOS="920" VPOS="1173" WIDTH="122" HEIGHT="35" WC="0.96" CONTENT="denna"/><SP WIDTH="29" VPOS="1173" HPOS="1042"/>
							<String ID="string_191" HPOS="1071" VPOS="1169" WIDTH="214" HEIGHT="48" WC="0.96" CONTENT="ersättning"/><SP WIDTH="20" VPOS="1169" HPOS="1285"/>
							<String ID="string_192" HPOS="1305" VPOS="1168" WIDTH="115" HEIGHT="37" WC="0.92" CONTENT="borde"/><SP WIDTH="19" VPOS="1168" HPOS="1420"/>
							<String ID="string_193" HPOS="1439" VPOS="1168" WIDTH="12" HEIGHT="36" WC="0.91" CONTENT="i"/><SP WIDTH="20" VPOS="1168" HPOS="1451"/>
							<String ID="string_194" HPOS="1471" VPOS="1167" WIDTH="157" HEIGHT="36" WC="0.95" CONTENT="främsta"/><SP WIDTH="19" VPOS="1167" HPOS="1628"/>
							<String ID="string_195" HPOS="1647" VPOS="1170" WIDTH="163" HEIGHT="32" WC="0.96" CONTENT="rummet"/>
						</TextLine>
						<TextLine ID="line_20" HPOS="212" VPOS="1217" WIDTH="1599" HEIGHT="61">
							<String ID="string_196" HPOS="212" VPOS="1229" WIDTH="314" HEIGHT="49" WC="0.91" CONTENT="tillgodokomma"/><SP WIDTH="19" VPOS="1229" HPOS="526"/>
							<String ID="string_197" HPOS="545" VPOS="1226" WIDTH="268" HEIGHT="48" WC="0.92" CONTENT="kronofogdar,"/><SP WIDTH="20" VPOS="1226" HPOS="813"/>
							<String ID="string_198" HPOS="833" VPOS="1223" WIDTH="334" HEIGHT="46" WC="0.92" CONTENT="häradsskrifvare,"/><SP WIDTH="21" VPOS="1223" HPOS="1167"/>
							<String ID="string_199" HPOS="1188" VPOS="1221" WIDTH="243" HEIGHT="49" WC="0.92" CONTENT="magistrater"/><SP WIDTH="20" VPOS="1221" HPOS="1431"/>
							<String ID="string_200" HPOS="1451" VPOS="1220" WIDTH="70" HEIGHT="36" WC="0.96" CONTENT="och"/><SP WIDTH="21" VPOS="1220" HPOS="1521"/>
							<String ID="string_201" HPOS="1542" VPOS="1219" WIDTH="152" HEIGHT="49" WC="0.93" CONTENT="kyrkor,"/><SP WIDTH="17" VPOS="1219" HPOS="1694"/>
							<String ID="string_202" HPOS="1711" VPOS="1218" WIDTH="12" HEIGHT="36" WC="0.93" CONTENT="i"/><SP WIDTH="16" VPOS="1218" HPOS="1723"/>
							<String ID="string_203" HPOS="1739" VPOS="1217" WIDTH="72" HEIGHT="37" WC="0.96" CONTENT="den"/>
						</TextLine>
						<TextLine ID="line_21" HPOS="212" VPOS="1269" WIDTH="1597" HEIGHT="58">
							<String ID="string_204" HPOS="212" VPOS="1284" WIDTH="88" HEIGHT="33" WC="0.94" CONTENT="mån"/><SP WIDTH="41" VPOS="1284" HPOS="300"/>
							<String ID="string_205" HPOS="341" VPOS="1280" WIDTH="108" HEIGHT="36" WC="0.94" CONTENT="dessa"/><SP WIDTH="32" VPOS="1280" HPOS="449"/>
							<String ID="string_206" HPOS="481" VPOS="1278" WIDTH="160" HEIGHT="49" WC="0.96" CONTENT="deltagit"/><SP WIDTH="27" VPOS="1278" HPOS="641"/>
							<String ID="string_207" HPOS="668" VPOS="1278" WIDTH="12" HEIGHT="36" WC="0.96" CONTENT="i"/><SP WIDTH="27" VPOS="1278" HPOS="680"/>
							<String ID="string_208" HPOS="707" VPOS="1278" WIDTH="160" HEIGHT="37" WC="0.93" CONTENT="berörda"/><SP WIDTH="27" VPOS="1278" HPOS="867"/>
							<String ID="string_209" HPOS="894" VPOS="1274" WIDTH="403" HEIGHT="50" WC="0.90" CONTENT="tryckningskostnad,"/><SP WIDTH="29" VPOS="1274" HPOS="1297"/>
							<String ID="string_210" HPOS="1326" VPOS="1277" WIDTH="98" HEIGHT="32" WC="0.96" CONTENT="samt"/><SP WIDTH="30" VPOS="1277" HPOS="1424"/>
							<String ID="string_211" HPOS="1454" VPOS="1276" WIDTH="53" HEIGHT="32" WC="0.96" CONTENT="att"/><SP WIDTH="28" VPOS="1276" HPOS="1507"/>
							<String ID="string_212" HPOS="1535" VPOS="1272" WIDTH="73" HEIGHT="35" WC="0.96" CONTENT="den"/><SP WIDTH="28" VPOS="1272" HPOS="1608"/>
							<String ID="string_213" HPOS="1636" VPOS="1269" WIDTH="173" HEIGHT="47" WC="0.96" CONTENT="kostnad,"/>
						</TextLine>
						<TextLine ID="line_22" HPOS="215" VPOS="1321" WIDTH="1596" HEIGHT="57">
							<String ID="string_214" HPOS="215" VPOS="1347" WIDTH="81" HEIGHT="23" WC="0.93" CONTENT="som"/><SP WIDTH="33" VPOS="1347" HPOS="296"/>
							<String ID="string_215" HPOS="329" VPOS="1332" WIDTH="216" HEIGHT="37" WC="0.92" CONTENT="öfversköte"/><SP WIDTH="29" VPOS="1332" HPOS="545"/>
							<String ID="string_216" HPOS="574" VPOS="1331" WIDTH="72" HEIGHT="36" WC="0.96" CONTENT="den"/><SP WIDTH="29" VPOS="1331" HPOS="646"/>
							<String ID="string_217" HPOS="675" VPOS="1330" WIDTH="157" HEIGHT="37" WC="0.96" CONTENT="sålunda"/><SP WIDTH="28" VPOS="1330" HPOS="832"/>
							<String ID="string_218" HPOS="860" VPOS="1328" WIDTH="187" HEIGHT="50" WC="0.95" CONTENT="beviljade"/><SP WIDTH="29" VPOS="1328" HPOS="1047"/>
							<String ID="string_219" HPOS="1076" VPOS="1326" WIDTH="273" HEIGHT="49" WC="0.95" CONTENT="ersättningen,"/><SP WIDTH="30" VPOS="1326" HPOS="1349"/>
							<String ID="string_220" HPOS="1379" VPOS="1324" WIDTH="119" HEIGHT="37" WC="0.96" CONTENT="skulle"/><SP WIDTH="29" VPOS="1324" HPOS="1498"/>
							<String ID="string_221" HPOS="1527" VPOS="1323" WIDTH="41" HEIGHT="37" WC="0.93" CONTENT="af"/><SP WIDTH="23" VPOS="1323" HPOS="1568"/>
							<String ID="string_222" HPOS="1591" VPOS="1321" WIDTH="220" HEIGHT="50" WC="0.92" CONTENT="länsstyrel-"/>
						</TextLine>
						<TextLine ID="line_23" HPOS="214" VPOS="1380" WIDTH="873" HEIGHT="53">
							<String ID="string_223" HPOS="214" VPOS="1399" WIDTH="87" HEIGHT="23" WC="0.95" CONTENT="sens"/><SP WIDTH="30" VPOS="1399" HPOS="301"/>
							<String ID="string_224" HPOS="331" VPOS="1398" WIDTH="100" HEIGHT="35" WC="0.83" CONTENT="egna"/><SP WIDTH="27" VPOS="1398" HPOS="431"/>
							<String ID="string_225" HPOS="458" VPOS="1384" WIDTH="230" HEIGHT="48" WC="0.96" CONTENT="tjänstemän"/><SP WIDTH="29" VPOS="1384" HPOS="688"/>
							<String ID="string_226" HPOS="717" VPOS="1387" WIDTH="147" HEIGHT="32" WC="0.95" CONTENT="ensamt"/><SP WIDTH="26" VPOS="1387" HPOS="864"/>
							<String ID="string_227" HPOS="890" VPOS="1380" WIDTH="197" HEIGHT="37" WC="0.95" CONTENT="bestridas."/>
						</TextLine>
					</TextBlock>
					<TextBlock ID="block_4" HPOS="214" VPOS="1426" WIDTH="1600" HEIGHT="267">
						<TextLine ID="line_24" HPOS="343" VPOS="1426" WIDTH="1469" HEIGHT="55">
							<String ID="string_228" HPOS="343" VPOS="1436" WIDTH="74" HEIGHT="37" WC="0.93" CONTENT="Vid"/><SP WIDTH="45" VPOS="1436" HPOS="417"/>
							<String ID="string_229" HPOS="462" VPOS="1436" WIDTH="199" HEIGHT="35" WC="0.92" CONTENT="1834—35"/><SP WIDTH="39" VPOS="1436" HPOS="661"/>
							<String ID="string_230" HPOS="700" VPOS="1437" WIDTH="58" HEIGHT="34" WC="0.96" CONTENT="års"/><SP WIDTH="28" VPOS="1437" HPOS="758"/>
							<String ID="string_231" HPOS="786" VPOS="1433" WIDTH="167" HEIGHT="48" WC="0.96" CONTENT="Riksdag"/><SP WIDTH="27" VPOS="1433" HPOS="953"/>
							<String ID="string_232" HPOS="980" VPOS="1432" WIDTH="132" HEIGHT="48" WC="0.93" CONTENT="höjdes"/><SP WIDTH="29" VPOS="1432" HPOS="1112"/>
							<String ID="string_233" HPOS="1141" VPOS="1430" WIDTH="288" HEIGHT="45" WC="0.92" CONTENT="ofvannämnda,"/><SP WIDTH="29" VPOS="1430" HPOS="1429"/>
							<String ID="string_234" HPOS="1458" VPOS="1432" WIDTH="20" HEIGHT="33" WC="0.92" CONTENT="å"/><SP WIDTH="29" VPOS="1432" HPOS="1478"/>
							<String ID="string_235" HPOS="1507" VPOS="1428" WIDTH="115" HEIGHT="36" WC="0.93" CONTENT="andra"/><SP WIDTH="28" VPOS="1428" HPOS="1622"/>
							<String ID="string_236" HPOS="1650" VPOS="1426" WIDTH="162" HEIGHT="37" WC="0.92" CONTENT="hufvud-"/>
						</TextLine>
						<TextLine ID="line_25" HPOS="214" VPOS="1477" WIDTH="1598" HEIGHT="60">
							<String ID="string_237" HPOS="214" VPOS="1490" WIDTH="110" HEIGHT="36" WC="0.95" CONTENT="titeln"/><SP WIDTH="28" VPOS="1490" HPOS="324"/>
							<String ID="string_238" HPOS="352" VPOS="1487" WIDTH="189" HEIGHT="50" WC="0.93" CONTENT="uppförda"/><SP WIDTH="29" VPOS="1487" HPOS="541"/>
							<String ID="string_239" HPOS="570" VPOS="1487" WIDTH="279" HEIGHT="49" WC="0.92" CONTENT="expensanslag"/><SP WIDTH="27" VPOS="1487" HPOS="849"/>
							<String ID="string_240" HPOS="876" VPOS="1485" WIDTH="57" HEIGHT="36" WC="0.93" CONTENT="till"/><SP WIDTH="29" VPOS="1485" HPOS="933"/>
							<String ID="string_241" HPOS="962" VPOS="1485" WIDTH="137" HEIGHT="47" WC="0.92" CONTENT="70,000"/><SP WIDTH="27" VPOS="1485" HPOS="1099"/>
							<String ID="string_242" HPOS="1126" VPOS="1483" WIDTH="75" HEIGHT="48" WC="0.96" CONTENT="rdr,"/><SP WIDTH="29" VPOS="1483" HPOS="1201"/>
							<String ID="string_243" HPOS="1230" VPOS="1482" WIDTH="114" HEIGHT="37" WC="0.96" CONTENT="bland"/><SP WIDTH="29" VPOS="1482" HPOS="1344"/>
							<String ID="string_244" HPOS="1373" VPOS="1486" WIDTH="114" HEIGHT="32" WC="0.96" CONTENT="annat"/><SP WIDTH="28" VPOS="1486" HPOS="1487"/>
							<String ID="string_245" HPOS="1515" VPOS="1480" WIDTH="42" HEIGHT="36" WC="0.96" CONTENT="af"/><SP WIDTH="29" VPOS="1480" HPOS="1557"/>
							<String ID="string_246" HPOS="1586" VPOS="1479" WIDTH="72" HEIGHT="37" WC="0.93" CONTENT="den"/><SP WIDTH="26" VPOS="1479" HPOS="1658"/>
							<String ID="string_247" HPOS="1684" VPOS="1477" WIDTH="128" HEIGHT="38" WC="0.92" CONTENT="anled-"/>
						</TextLine>
						<TextLine ID="line_26" HPOS="216" VPOS="1531" WIDTH="1593" HEIGHT="59">
							<String ID="string_248" HPOS="216" VPOS="1541" WIDTH="105" HEIGHT="49" WC="0.95" CONTENT="ning,"/><SP WIDTH="43" VPOS="1541" HPOS="321"/>
							<String ID="string_249" HPOS="364" VPOS="1546" WIDTH="55" HEIGHT="30" WC="0.96" CONTENT="att"/><SP WIDTH="40" VPOS="1546" HPOS="419"/>
							<String ID="string_250" HPOS="459" VPOS="1539" WIDTH="212" HEIGHT="37" WC="0.96" CONTENT="kostnaden"/><SP WIDTH="33" VPOS="1539" HPOS="671"/>
							<String ID="string_251" HPOS="704" VPOS="1539" WIDTH="59" HEIGHT="37" WC="0.96" CONTENT="för"/><SP WIDTH="28" VPOS="1539" HPOS="763"/>
							<String ID="string_252" HPOS="791" VPOS="1537" WIDTH="205" HEIGHT="50" WC="0.96" CONTENT="tryckning"/><SP WIDTH="28" VPOS="1537" HPOS="996"/>
							<String ID="string_253" HPOS="1024" VPOS="1537" WIDTH="41" HEIGHT="35" WC="0.93" CONTENT="af"/><SP WIDTH="23" VPOS="1537" HPOS="1065"/>
							<String ID="string_254" HPOS="1088" VPOS="1534" WIDTH="374" HEIGHT="38" WC="0.89" CONTENT="rikshufvudbokens"/><SP WIDTH="28" VPOS="1534" HPOS="1462"/>
							<String ID="string_255" HPOS="1490" VPOS="1531" WIDTH="319" HEIGHT="50" WC="0.91" CONTENT="kapitalräkning,"/>
						</TextLine>
						<TextLine ID="line_27" HPOS="216" VPOS="1582" WIDTH="1598" HEIGHT="54">
							<String ID="string_256" HPOS="216" VPOS="1593" WIDTH="156" HEIGHT="36" WC="0.95" CONTENT="hvilken"/><SP WIDTH="41" VPOS="1593" HPOS="372"/>
							<String ID="string_257" HPOS="413" VPOS="1592" WIDTH="102" HEIGHT="37" WC="0.93" CONTENT="förut"/><SP WIDTH="33" VPOS="1592" HPOS="515"/>
							<String ID="string_258" HPOS="548" VPOS="1591" WIDTH="165" HEIGHT="37" WC="0.91" CONTENT="anvisats"/><SP WIDTH="30" VPOS="1591" HPOS="713"/>
							<String ID="string_259" HPOS="743" VPOS="1593" WIDTH="20" HEIGHT="34" WC="0.81" CONTENT="å"/><SP WIDTH="29" VPOS="1593" HPOS="763"/>
							<String ID="string_260" HPOS="792" VPOS="1588" WIDTH="368" HEIGHT="47" WC="0.90" CONTENT="öfverskottsmedel,"/><SP WIDTH="30" VPOS="1588" HPOS="1160"/>
							<String ID="string_261" HPOS="1190" VPOS="1590" WIDTH="138" HEIGHT="46" WC="0.95" CONTENT="ansågs"/><SP WIDTH="27" VPOS="1590" HPOS="1328"/>
							<String ID="string_262" HPOS="1355" VPOS="1586" WIDTH="93" HEIGHT="37" WC="0.93" CONTENT="böra"/><SP WIDTH="28" VPOS="1586" HPOS="1448"/>
							<String ID="string_263" HPOS="1476" VPOS="1588" WIDTH="20" HEIGHT="33" WC="0.92" CONTENT="å"/><SP WIDTH="27" VPOS="1588" HPOS="1496"/>
							<String ID="string_264" HPOS="1523" VPOS="1582" WIDTH="291" HEIGHT="50" WC="0.95" CONTENT="ifrågavarande"/>
						</TextLine>
						<TextLine ID="line_28" HPOS="216" VPOS="1643" WIDTH="412" HEIGHT="50">
							<String ID="string_265" HPOS="216" VPOS="1645" WIDTH="136" HEIGHT="48" WC="0.93" CONTENT="anslag"/><SP WIDTH="28" VPOS="1645" HPOS="352"/>
							<String ID="string_266" HPOS="380" VPOS="1643" WIDTH="248" HEIGHT="50" WC="0.89" CONTENT="öfverflyttas."/>
						</TextLine>
					</TextBlock>
					<TextBlock ID="block_5" HPOS="216" VPOS="1687" WIDTH="1599" HEIGHT="161">
						<TextLine ID="line_29" HPOS="346" VPOS="1687" WIDTH="1468" HEIGHT="58">
							<String ID="string_267" HPOS="346" VPOS="1696" WIDTH="18" HEIGHT="36" WC="0.96" CONTENT="I"/><SP WIDTH="40" VPOS="1696" HPOS="364"/>
							<String ID="string_268" HPOS="404" VPOS="1696" WIDTH="96" HEIGHT="49" WC="0.96" CONTENT="följd"/><SP WIDTH="39" VPOS="1696" HPOS="500"/>
							<String ID="string_269" HPOS="539" VPOS="1695" WIDTH="42" HEIGHT="36" WC="0.96" CONTENT="af"/><SP WIDTH="28" VPOS="1695" HPOS="581"/>
							<String ID="string_270" HPOS="609" VPOS="1695" WIDTH="72" HEIGHT="37" WC="0.96" CONTENT="den"/><SP WIDTH="28" VPOS="1695" HPOS="681"/>
							<String ID="string_271" HPOS="709" VPOS="1698" WIDTH="40" HEIGHT="33" WC="0.96" CONTENT="år"/><SP WIDTH="30" VPOS="1698" HPOS="749"/>
							<String ID="string_272" HPOS="779" VPOS="1695" WIDTH="97" HEIGHT="35" WC="0.96" CONTENT="1840"/><SP WIDTH="29" VPOS="1695" HPOS="876"/>
							<String ID="string_273" HPOS="905" VPOS="1691" WIDTH="249" HEIGHT="51" WC="0.95" CONTENT="genomförda"/><SP WIDTH="28" VPOS="1691" HPOS="1154"/>
							<String ID="string_274" HPOS="1182" VPOS="1705" WIDTH="76" HEIGHT="36" WC="0.92" CONTENT="nya"/><SP WIDTH="27" VPOS="1705" HPOS="1258"/>
							<String ID="string_275" HPOS="1285" VPOS="1687" WIDTH="529" HEIGHT="52" WC="0.91" CONTENT="departementsindelningen"/>
						</TextLine>
						<TextLine ID="line_30" HPOS="216" VPOS="1738" WIDTH="1599" HEIGHT="58">
							<String ID="string_276" HPOS="216" VPOS="1748" WIDTH="124" HEIGHT="37" WC="0.95" CONTENT="beslöt"/><SP WIDTH="43" VPOS="1748" HPOS="340"/>
							<String ID="string_277" HPOS="383" VPOS="1747" WIDTH="220" HEIGHT="49" WC="0.95" CONTENT="Riksdagen"/><SP WIDTH="31" VPOS="1747" HPOS="603"/>
							<String ID="string_278" HPOS="634" VPOS="1746" WIDTH="219" HEIGHT="50" WC="0.96" CONTENT="påföljande"/><SP WIDTH="29" VPOS="1746" HPOS="853"/>
							<String ID="string_279" HPOS="882" VPOS="1748" WIDTH="51" HEIGHT="43" WC="0.96" CONTENT="år,"/><SP WIDTH="31" VPOS="1748" HPOS="933"/>
							<String ID="string_280" HPOS="964" VPOS="1749" WIDTH="54" HEIGHT="31" WC="0.96" CONTENT="att"/><SP WIDTH="29" VPOS="1749" HPOS="1018"/>
							<String ID="string_281" HPOS="1047" VPOS="1744" WIDTH="62" HEIGHT="36" WC="0.96" CONTENT="det"/><SP WIDTH="29" VPOS="1744" HPOS="1109"/>
							<String ID="string_282" HPOS="1138" VPOS="1743" WIDTH="57" HEIGHT="36" WC="0.96" CONTENT="för"/><SP WIDTH="28" VPOS="1743" HPOS="1195"/>
							<String ID="string_283" HPOS="1223" VPOS="1742" WIDTH="111" HEIGHT="37" WC="0.96" CONTENT="civila"/><SP WIDTH="27" VPOS="1742" HPOS="1334"/>
							<String ID="string_284" HPOS="1361" VPOS="1740" WIDTH="239" HEIGHT="38" WC="0.95" CONTENT="ämbetsverk"/><SP WIDTH="27" VPOS="1740" HPOS="1600"/>
							<String ID="string_285" HPOS="1627" VPOS="1738" WIDTH="188" HEIGHT="51" WC="0.95" CONTENT="uppförda"/>
						</TextLine>
						<TextLine ID="line_31" HPOS="219" VPOS="1796" WIDTH="869" HEIGHT="52">
							<String ID="string_286" HPOS="219" VPOS="1800" WIDTH="342" HEIGHT="48" WC="0.92" CONTENT="förslagsanslaget"/><SP WIDTH="28" VPOS="1800" HPOS="561"/>
							<String ID="string_287" HPOS="589" VPOS="1798" WIDTH="121" HEIGHT="37" WC="0.96" CONTENT="skulle"/><SP WIDTH="29" VPOS="1798" HPOS="710"/>
							<String ID="string_288" HPOS="739" VPOS="1797" WIDTH="157" HEIGHT="37" WC="0.96" CONTENT="sålunda"/><SP WIDTH="28" VPOS="1797" HPOS="896"/>
							<String ID="string_289" HPOS="924" VPOS="1796" WIDTH="164" HEIGHT="36" WC="0.96" CONTENT="fördelas"/>
						</TextLine>
					</TextBlock>
				</ComposedBlock>
				<GraphicalElement ID="cblock_2" HPOS="239" VPOS="1894" WIDTH="366" HEIGHT="6"></GraphicalElement >
				<ComposedBlock ID="cblock_3" HPOS="217" VPOS="1921" WIDTH="1600" HEIGHT="136">
					<TextBlock ID="block_6" HPOS="217" VPOS="1921" WIDTH="1600" HEIGHT="136">
						<TextLine ID="line_32" HPOS="353" VPOS="1921" WIDTH="1463" HEIGHT="49">
							<String ID="string_290" HPOS="353" VPOS="1931" WIDTH="22" HEIGHT="39" WC="0.91" CONTENT="1)"/><SP WIDTH="32" VPOS="1931" HPOS="375"/>
							<String ID="string_291" HPOS="407" VPOS="1931" WIDTH="50" HEIGHT="29" WC="0.93" CONTENT="En"/><SP WIDTH="28" VPOS="1931" HPOS="457"/>
							<String ID="string_292" HPOS="485" VPOS="1930" WIDTH="133" HEIGHT="29" WC="0.96" CONTENT="kontant"/><SP WIDTH="22" VPOS="1930" HPOS="618"/>
							<String ID="string_293" HPOS="640" VPOS="1929" WIDTH="172" HEIGHT="37" WC="0.96" CONTENT="ersättning"/><SP WIDTH="24" VPOS="1929" HPOS="812"/>
							<String ID="string_294" HPOS="836" VPOS="1930" WIDTH="31" HEIGHT="26" WC="0.96" CONTENT="åt"/><SP WIDTH="22" VPOS="1930" HPOS="867"/>
							<String ID="string_295" HPOS="889" VPOS="1928" WIDTH="85" HEIGHT="29" WC="0.96" CONTENT="såväl"/><SP WIDTH="30" VPOS="1928" HPOS="974"/>
							<String ID="string_296" HPOS="1004" VPOS="1927" WIDTH="152" HEIGHT="29" WC="0.95" CONTENT="ordinarie"/><SP WIDTH="24" VPOS="1927" HPOS="1156"/>
							<String ID="string_297" HPOS="1180" VPOS="1936" WIDTH="64" HEIGHT="19" WC="0.95" CONTENT="som"/><SP WIDTH="24" VPOS="1936" HPOS="1244"/>
							<String ID="string_298" HPOS="1268" VPOS="1927" WIDTH="86" HEIGHT="27" WC="0.96" CONTENT="extra"/><SP WIDTH="23" VPOS="1927" HPOS="1354"/>
							<String ID="string_299" HPOS="1377" VPOS="1923" WIDTH="151" HEIGHT="29" WC="0.96" CONTENT="ordinarie"/><SP WIDTH="23" VPOS="1923" HPOS="1528"/>
							<String ID="string_300" HPOS="1551" VPOS="1921" WIDTH="186" HEIGHT="39" WC="0.95" CONTENT="tjänstemän"/><SP WIDTH="23" VPOS="1921" HPOS="1737"/>
							<String ID="string_301" HPOS="1760" VPOS="1921" WIDTH="56" HEIGHT="29" WC="0.95" CONTENT="och"/>
						</TextLine>
						<TextLine ID="line_33" HPOS="217" VPOS="1966" WIDTH="1600" HEIGHT="47">
							<String ID="string_302" HPOS="217" VPOS="1975" WIDTH="149" HEIGHT="38" WC="0.91" CONTENT="betjänte,"/><SP WIDTH="36" VPOS="1975" HPOS="366"/>
							<String ID="string_303" HPOS="402" VPOS="1984" WIDTH="65" HEIGHT="19" WC="0.96" CONTENT="som"/><SP WIDTH="33" VPOS="1984" HPOS="467"/>
							<String ID="string_304" HPOS="500" VPOS="1973" WIDTH="210" HEIGHT="30" WC="0.94" CONTENT="motsvarades"/><SP WIDTH="35" VPOS="1973" HPOS="710"/>
							<String ID="string_305" HPOS="745" VPOS="1972" WIDTH="30" HEIGHT="29" WC="0.96" CONTENT="af"/><SP WIDTH="23" VPOS="1972" HPOS="775"/>
							<String ID="string_306" HPOS="798" VPOS="1972" WIDTH="181" HEIGHT="39" WC="0.96" CONTENT="skyldighet"/><SP WIDTH="21" VPOS="1972" HPOS="979"/>
							<String ID="string_307" HPOS="1000" VPOS="1971" WIDTH="47" HEIGHT="29" WC="0.96" CONTENT="för"/><SP WIDTH="23" VPOS="1971" HPOS="1047"/>
							<String ID="string_308" HPOS="1070" VPOS="1971" WIDTH="90" HEIGHT="28" WC="0.96" CONTENT="dessa"/><SP WIDTH="24" VPOS="1971" HPOS="1160"/>
							<String ID="string_309" HPOS="1184" VPOS="1972" WIDTH="45" HEIGHT="26" WC="0.91" CONTENT="att"/><SP WIDTH="23" VPOS="1972" HPOS="1229"/>
							<String ID="string_310" HPOS="1252" VPOS="1968" WIDTH="111" HEIGHT="39" WC="0.91" CONTENT="själfva"/><SP WIDTH="22" VPOS="1968" HPOS="1363"/>
							<String ID="string_311" HPOS="1385" VPOS="1967" WIDTH="87" HEIGHT="29" WC="0.96" CONTENT="bestå"/><SP WIDTH="25" VPOS="1967" HPOS="1472"/>
							<String ID="string_312" HPOS="1497" VPOS="1968" WIDTH="47" HEIGHT="36" WC="0.96" CONTENT="sig"/><SP WIDTH="23" VPOS="1968" HPOS="1544"/>
							<String ID="string_313" HPOS="1567" VPOS="1966" WIDTH="60" HEIGHT="38" WC="0.96" CONTENT="ljus"/><SP WIDTH="24" VPOS="1966" HPOS="1627"/>
							<String ID="string_314" HPOS="1651" VPOS="1966" WIDTH="53" HEIGHT="29" WC="0.96" CONTENT="vid"/><SP WIDTH="24" VPOS="1966" HPOS="1704"/>
							<String ID="string_315" HPOS="1728" VPOS="1966" WIDTH="89" HEIGHT="28" WC="0.96" CONTENT="deras"/>
						</TextLine>
						<TextLine ID="line_34" HPOS="219" VPOS="2018" WIDTH="267" HEIGHT="39">
							<String ID="string_316" HPOS="219" VPOS="2018" WIDTH="267" HEIGHT="39" WC="0.90" CONTENT="ämbetsgöromål."/>
						</TextLine>
					</TextBlock>
				</ComposedBlock>
			</PrintSpace>
		</Page>
	</Layout>
</alto>
