2218 2630
434 197 19 30 2
648 195 115 31 Första
790 193 201 31 kammarens
1010 191 140 38 första
1176 188 171 42 tillfälliga
1370 187 131 32 utskotts
1524 185 162 32 utlåtande
1712 183 51 33 Nr
1791 186 28 29 6.

434 288 125 35 denna
615 285 168 46 riksdags
828 282 189 48 prövning.
1087 280 167 36 Nämnda
1296 278 175 37 skrivelse
1512 277 180 35 närslutes
1733 275 149 36 härmed
1925 276 116 34 såsom

435 340 134 47 bilaga.

547 393 19 35 I
609 391 255 43 Kalmarsund,
912 392 20 32 9
977 388 189 36 kilometer
1204 387 82 34 från
1330 379 137 42 Ölands
1504 395 107 24 norra
1652 382 96 35 udde
1777 381 67 36 och
1875 383 46 33 16
1952 380 90 36 kilo-

438 450 115 33 meter
591 446 81 35 från
709 445 61 35 det
799 442 232 38 småländska
1068 441 205 43 fastlandet,
1304 451 98 23 reser
1431 438 56 47 sig
1515 449 44 23 ur
1587 437 108 36 havet
1723 434 152 48 klippön
1911 434 132 46 »Jung-

438 502 125 43 frun»;
594 500 69 35 den
693 502 113 32 mäter
834 498 13 34 i
875 497 111 46 längd
1019 497 124 44 1,000,
1173 494 13 35 i
1215 493 115 36 bredd
1360 494 75 34 500
1465 494 113 33 meter
1606 493 92 32 samt
1717 489 114 35 håller
1850 487 14 36 1
1883 487 161 36 omkrets

441 558 21 32 3
492 553 200 37 kilometer.
738 552 51 35 På
816 551 119 47 grund
964 562 45 23 av
1039 548 56 36 sin
1124 546 250 49 egendomliga
1403 544 193 37 formation
1624 544 67 34 har
1717 543 71 35 den
1808 542 111 36 sedan
1938 541 108 47 långa

439 608 96 36 tider
563 606 153 37 tillbaka
745 605 110 35 fästat
882 602 371 49 uppmärksamheten
1281 599 62 37 vid
1371 598 67 48 sig.
1498 598 127 35 Redan
1653 596 117 36 Linné
1799 596 66 35 har
1894 595 152 35 sålunda

439 662 13 35 i
482 661 58 36 sin
582 659 174 38 öländska
798 670 78 23 resa
919 660 110 44 ägnat
1071 662 45 29 ön
1144 668 44 22 en
1217 653 151 47 utförlig
1397 653 65 35 och
1494 650 269 49 medryckande
1792 647 252 47 beskrivning.

440 708 108 43 Även
577 712 258 37 folkfantasien
863 712 66 34 har
958 710 187 47 sysselsatt
1174 708 56 47 sig
1259 708 81 35 med
1369 707 69 35 den
1470 706 67 35 och
1566 703 151 48 omgivit
1737 709 46 30 ön
1803 703 81 35 med
1917 713 130 36 sagans

441 769 67 36 och
551 773 152 42 sägnens
746 765 196 36 trollkrets.
1001 765 51 34 På
1093 762 152 36 avstånd
1288 760 112 48 stiger
1436 760 71 35 den
1543 759 97 35 »helt
1668 757 92 36 blått
1788 756 71 36 likt
1887 760 46 32 en
1961 755 86 36 halv

440 822 85 47 glob
554 833 73 36 upp
655 833 44 22 ur
728 822 177 42 vattnet»;
946 817 157 49 linjerna
1131 822 60 29 äro
1221 821 98 29 ännu
1347 814 98 35 ädelt
1471 812 181 45 rundade;
1675 811 134 35 anländ
1827 810 118 35 finner
1965 818 84 26 man

441 888 46 23 en
516 874 126 48 klippa
685 886 43 23 av
757 872 281 47 oregelbundna,
1070 869 190 36 mestadels
1289 868 67 36 vilt
1384 866 152 47 trotsiga
1565 866 145 42 former,
1741 864 67 36 och
1837 876 56 23 om
1923 862 126 37 vilken

443 929 117 35 Linné
602 928 123 35 skrev:
772 927 86 35 sÖm
900 927 121 45 någon
1058 927 54 32 ort
1153 923 13 34 i
1210 922 159 36 werlden
1408 932 57 24 ser
1494 918 160 48 hiskelig
1682 922 52 40 ut,
1766 923 39 30 är
1833 916 217 47 visserligen

443 983 120 35 denna
591 994 45 23 en
664 981 40 35 af
739 981 43 34 de
810 981 251 46 grymmaste.»
1119 976 70 35 Till
1218 976 58 35 sin
1303 973 255 38 beskaffenhet
1586 970 295 48 huvudsakligen
1910 982 45 23 en
1980 969 71 37 väl-

444 1036 63 47 dig
535 1033 259 50 granitklippa,
824 1045 98 23 reser
950 1031 57 48 sig
1040 1030 228 47 »Jungfrun»
1304 1029 12 35 i
1344 1029 130 34 branta
1494 1029 171 41 avsatser,
1687 1025 77 36 ofta
1785 1024 120 36 skilda
1920 1035 130 36 genom

444 1089 113 49 djupa
597 1088 138 47 klyftor
777 1087 66 35 och
871 1086 81 35 med
981 1087 169 45 utgröpta
1179 1082 183 43 caviteter,
1393 1080 56 37 till
1479 1093 45 23 en
1553 1079 164 47 ansenlig
1743 1077 99 49 höjd,
1873 1077 179 36 obekväm

445 1146 53 32 att
539 1144 47 33 nå
614 1141 55 36 för
697 1141 213 36 vandraren.
970 1139 117 35 Dessa
1115 1136 158 48 klippor,
1305 1147 94 24 »som
1429 1133 99 48 ligga
1556 1133 132 35 liksom
1718 1132 153 35 kastade
1900 1133 46 45 på
1974 1142 77 24 var-

446 1196 145 43 andra»,
622 1194 53 36 dit
703 1194 161 36 folktron
892 1192 138 37 förlade
1059 1190 179 44 Blåkulla,
1270 1190 64 35 där
1361 1189 164 35 häxorna
1544 1187 143 35 rastade
1708 1198 56 23 om
1785 1184 267 47 skärtorsdags-

447 1252 137 41 natten,
629 1247 152 49 erbjuda
821 1247 56 35 för
918 1245 378 46 vetenskapsmannen
1339 1245 52 32 ett
1426 1240 235 49 synnerligen
1699 1239 199 35 intressant
1936 1237 117 37 forsk-

446 1302 188 49 ningsfält.
691 1301 71 36 Till
791 1300 56 36 sin
875 1298 209 49 geologiska
1111 1300 107 33 natur
1247 1302 39 30 är
1303 1295 221 47 »Jungfrun»>
1556 1306 45 23 en
1629 1296 38 33 så
1698 1292 122 37 kallad
1849 1293 112 43 horst,
1993 1291 63 36 det

447 1356 66 37 vill
541 1361 86 42 säga
654 1368 45 23 en
727 1357 74 33 rest
829 1366 44 23 av
901 1354 71 35 den
1001 1352 217 47 berggrund,
1251 1362 74 23 som
1355 1349 97 36 förut
1478 1350 76 34 rest
1582 1346 55 49 sig
1664 1346 14 37 i
1707 1346 86 36 nivå
1822 1346 82 36 med
1924 1350 47 32 ön
1986 1345 66 36 och

448 1411 111 36 sedan
588 1407 206 38 försvunnit
821 1407 12 35 i
862 1407 136 48 djupet.
1057 1404 157 37 Istidens
1243 1402 180 38 inverkan
1452 1404 46 45 på
1526 1406 65 31 öns
1620 1399 138 48 daning
1778 1399 74 35 kan
1871 1398 182 48 ingående

449 1464 175 43 studeras,
667 1461 118 36 likaså
826 1461 44 35 de
912 1458 217 48 senglaciala
1170 1458 66 35 och
1266 1455 233 49 postglaciala
1527 1453 391 47 översvämningarnas
1947 1451 103 48 infly-

448 1518 120 43 telser,
612 1527 120 25 varom
776 1514 115 36 Linné
933 1514 102 43 talar,
1080 1513 44 34 då
1166 1512 73 35 han
1284 1515 113 42 säger:
1441 1511 71 34 »att
1540 1507 13 36 i
1581 1508 130 47 högsta
1746 1504 308 49 bergsklipporna

448 1571 111 48 gingo
587 1569 130 37 liksom
747 1571 109 45 vågor
884 1567 56 36 till
969 1569 53 33 ett
1050 1565 138 44 tecken,
1221 1566 53 34 att
1301 1564 109 36 havet
1437 1563 67 35 här
1531 1561 137 37 fordom
1690 1562 128 34 rasat».
1859 1560 58 35 En
1937 1558 116 37 märk-

449 1624 52 48 lig
530 1624 66 35 och
632 1623 69 36 vitt
729 1622 137 36 bekant
894 1620 189 37 företeelse
1112 1624 38 30 är
1179 1618 12 36 i
1220 1617 199 48 synnerhet
1447 1616 71 36 den
1547 1628 28 23 s.
1606 1615 36 36 k.
1672 1612 379 49 Jungfrukammaren

451 1681 45 44 på
525 1682 65 32 öns
618 1677 104 36 södra
751 1675 88 45 sida,
870 1674 200 48 utgörande
1099 1685 44 23 en
1172 1685 44 23 av
1244 1672 109 35 havet
1381 1670 141 36 formad
1550 1667 141 49 mäktig
1718 1665 335 49 inkörsport
1943 1661 17 68 i
1977 1661 77 68 ber-

450 1734 62 44 get
540 1743 45 24 av
613 1733 73 33 stor
714 1729 313 48 regelbundenhet
1055 1727 65 36 och
1149 1726 81 35 med
1259 1737 46 23 en
1333 1723 195 48 klipplatta
1557 1722 57 36 till
1641 1722 74 36 tak.

563 1784 50 35 På
643 1784 119 35 denna
804 1788 19 30 ö
866 1783 65 34 har
975 1787 91 30 även
1100 1792 44 24 en
1173 1778 195 48 egenartad
1396 1776 193 37 växtvärld
1617 1774 188 37 utvecklat
1837 1774 66 47 sig.
1963 1773 90 36 Man

451 1838 119 36 finner
593 1837 151 36 sålunda
773 1839 45 44 på
847 1835 210 36 södersidan
1085 1846 44 23 en
1158 1833 59 35 rik
1246 1830 202 48 blandning
1481 1842 44 24 av
1553 1829 152 45 lövträd,
1738 1827 191 37 däribland
1958 1826 95 36 eken

453 1898 39 29 är
520 1890 169 37 talrikast
715 1889 284 48 representerad,
1032 1887 100 37 vilka
1160 1889 44 44 på
1224 1886 120 48 grund
1363 1897 43 24 av
1425 1882 288 38 havsvindarnas
1732 1880 178 38 inverkan
1930 1882 126 46 uppnå

453 1945 129 36 endast
609 1944 104 47 ringa
741 1943 97 50 höjd,
869 1954 82 24 men
980 1941 240 37 utvecklande
1249 1939 56 47 sig
1334 1941 36 33 åt
1397 1937 145 37 sidorna
1571 1936 66 36 och
1666 1936 167 36 stundom
1862 1934 191 48 krypande

452 1999 105 47 längs
599 1998 150 35 marken
789 1999 46 46 på
872 1996 79 36 sina
979 1995 129 36 ställen
1136 1994 99 36 bilda
1263 1995 129 33 nästan
1420 1989 333 50 ogenomträngliga
1781 1991 93 33 snår.
1934 1987 122 47 Något

453 2053 126 46 längre
606 2064 75 35 upp
710 2051 138 36 avlöses
877 2050 118 35 denna
1024 2047 204 48 vegetation
1256 2059 45 24 av
1330 2058 45 23 en
1393 2045 76 47 gles
1489 2044 194 47 barrskog;
1714 2045 119 34 överst
1852 2043 46 46 på
1917 2044 136 44 toppen

455 2111 113 30 växer
596 2105 117 49 björk.
771 2102 378 48 Undervegetationen
1177 2100 186 36 utmärker
1391 2099 56 47 sig
1475 2110 128 36 genom
1633 2100 74 33 stor
1735 2095 221 37 artrikedom
1986 2094 68 37 och

454 2158 228 37 beträffande
711 2157 96 38 vissa
835 2160 95 33 arter
959 2169 46 23 en
1034 2155 216 36 enastående
1279 2153 187 48 yppighet.

563 2205 106 44 Även
711 2211 145 45 faunan,
888 2210 12 35 i
929 2209 199 49 synnerhet
1165 2207 256 47 fågelvärlden,
1452 2211 40 30 är
1519 2204 76 36 rikt
1617 2203 194 44 företrädd,
1828 2201 225 49 erbjudande

457 2265 155 36 intresse
640 2266 56 35 för
724 2265 189 36 forskaren
942 2263 66 36 och
1038 2262 132 47 fägnad
1198 2264 37 33 åt
1263 2263 263 33 naturvännen.
