1874 2794
413 189 123 31 Första
555 181 245 43 lagutskottets
818 174 179 34 utlåtande
1016 181 41 21 nr
1076 171 14 29 1
1110 170 39 30 år
1168 166 80 31 1961
1565 157 17 30 3

130 273 438 39 barnavårdsnämnderna
605 267 64 32 och
708 253 426 56 nykterhetsnämnderna
1171 252 11 30 i
1221 248 114 33 Gävle,
1374 242 209 34 Sandviken,

90 331 226 32 Söderhamn,
343 324 153 32 Bollnäs,
524 318 226 33 Karlskrona,
778 310 179 39 Ronneby,
985 305 213 32 Karlshamn
1226 299 65 31 och
1320 294 218 37 Sölvesborg;

133 380 188 32 Gullberna
345 374 153 41 sjukhus
521 372 12 29 i
557 368 231 32 Karlskrona;

134 424 409 46 fångvårdsanstalterna
563 421 11 29 i
596 417 102 32 Gävle
720 415 65 31 och
807 410 231 33 Karlskrona;
1064 405 90 31 samt

134 479 158 33 erkända
321 472 263 35 vårdanstalten
615 468 55 31 för
700 458 383 39 alkoholmissbrukare
1113 448 306 44 Pålyckehemmet
1448 445 12 29 i
1489 442 99 40 Björ-

92 531 119 41 keryd.

140 625 348 47 Tjänstförrättande
520 612 443 55 justitieombudsmannen
996 605 164 34 Lundvik
1191 603 65 30 har
1290 599 112 31 under
1433 596 40 30 år
1507 591 83 32 1960

94 682 218 40 inspekterat

141 733 115 31 Solna,
279 726 220 34 Stockholms
520 724 78 29 läns
618 721 129 30 västra,
769 713 140 32 Älvdals
929 710 68 31 och
1017 706 126 41 Nyeds,
1165 699 285 40 Mellansysslets,
1474 690 120 48 Söder-

99 783 154 40 sysslets,
273 775 228 34 Nordmarks,
523 773 110 31 Jösse,
653 765 202 43 Fryksdals,
876 762 128 31 Västra
1025 753 250 41 Hälsinglands
1296 750 65 30 och
1382 748 113 30 Norra
1514 739 81 47 Häl-

101 830 180 42 singlands
307 829 200 36 domsagor;
1192 805 2 3 |

145 878 249 35 stadsfiskalen
418 877 12 29 i
455 873 131 31 Arvika
612 871 89 30 samt
727 855 495 42 stadsfiskalen-stadsfogden
1246 853 11 29 i
1282 842 224 50 Hudiksvall;

145 928 298 35 Jlandsfiskalerna
472 925 12 29 i
515 920 200 33 Hammarö,
748 915 119 33 Säffle,
898 912 161 39 Årjängs,
1090 905 141 33 Arvika,
1263 902 128 31 Sunne,
1420 890 178 50 Ljusdals,

102 982 122 34 Arbrå,
245 979 116 31 Färila
382 977 65 30 och
468 974 109 30 Forsa
598 969 156 34 distrikt;

149 1025 474 40 kommunalborgmästarna
650 1020 11 30 i
690 1017 120 33 Säffle,
838 1013 131 31 Arvika
996 1009 65 31 och
1087 1002 209 35 Hudiksvall
1326 1001 90 30 samt
1444 998 157 29 överexe-

103 1085 105 29 kutor
230 1081 12 30 i
264 1075 223 36 Hudiksvall;

149 1128 317 35 häradsskrivarna
494 1124 12 30 i
535 1118 227 34 Hudiksvalls
793 1115 102 31 södra
925 1111 66 30 och
1020 1104 227 34 Hudiksvalls
1277 1109 106 22 norra
1412 1095 187 42 fögderier;

108 1186 164 29 ävensom

153 1226 367 45 fångvårdsanstalten
549 1223 14 29 i
592 1212 218 49 Hudiksvall.

153 1333 89 31 Över
262 1331 41 29 de
323 1328 111 31 under
455 1326 39 30 år
515 1322 83 32 1960
618 1316 200 41 handlagda
836 1310 223 43 klagomålen
1077 1307 66 31 och
1165 1302 174 34 anställda
1359 1299 115 31 åtalen
1494 1306 46 21 m.
1560 1304 46 21 m.

111 1382 177 32 meddelas
310 1380 12 29 i
343 1375 212 33 berättelsen
578 1369 156 41 följande
758 1364 168 33 översikt:

114 1451 69 31 >På
204 1449 69 30 sätt
293 1443 154 40 framgår
468 1450 42 21 av
531 1433 343 37 ämbetsberättelsen
895 1429 53 30 till
971 1425 83 32 1960
1076 1424 56 30 års
1153 1420 142 39 riksdag
1315 1415 154 42 uppgick

158 1498 131 32 antalet
308 1505 41 21 av
366 1495 41 29 de
426 1493 39 31 år
485 1490 84 31 1959
588 1488 52 30 till
660 1487 39 30 år
719 1483 83 33 1960
821 1477 239 35 balanserade,
1079 1473 111 31 under
1208 1466 261 41 handläggning

158 1547 183 33 härstädes
362 1542 155 32 varande
540 1538 173 32 ärendena
735 1534 54 30 till
817 1539 648 24 ......-.eseres
1109 1529 32 55 ee
1150 1529 77 55 0055
1250 1529 80 55 ett
1350 1529 11 55 0
1370 1529 98 55 0507
1552 1512 62 30 269

119 1600 140 32 Antalet
287 1596 109 31 under
425 1594 39 30 år
493 1590 83 31 1960
606 1584 211 34 diarieförda
846 1580 153 32 ärenden
1027 1577 64 29 har
1119 1572 147 42 uppgått
1294 1569 53 30 till
1378 1566 94 31 1225

169 1651 90 34 (mot
280 1646 93 32 1022
394 1644 112 30 under
527 1642 39 29 år
587 1638 82 31 1959
690 1638 64 29 och
777 1635 15 29 1
808 1632 62 31 020
892 1631 39 30 år
953 1627 117 34 1958).
1091 1626 51 29 Av
1162 1624 101 30 dessa
1285 1619 126 39 avsågo
1434 1617 39 29 16

164 1698 237 34 JO-ämbetets
426 1690 238 43 organisation
688 1687 65 31 och
777 1683 122 41 dylikt.
924 1681 52 29 Av
1000 1674 218 34 återstående
1245 1673 14 29 1
1276 1670 63 31 209
1363 1668 112 31 under

165 1752 37 30 år
225 1749 82 31 1960
328 1743 214 34 diarieförda
562 1739 151 32 ärenden
733 1737 47 29 ha
797 1729 291 42 anhängiggjorts

165 1809 124 33 genom
310 1795 175 41 klagomål
515 1792 956 31 .....se-sses
778 1781 54 65 ess
847 1781 58 65 see
912 1781 13 65 r
936 1781 34 65 et
981 1781 78 65 ert
1079 1781 41 65 te
1136 1792 335 31 00
1557 1764 63 31 983

1582 1815 38 29 15

167 1852 45 40 på
238 1849 111 41 grund
375 1856 42 21 av
443 1839 304 42 tidningsartiklar
780 1841 691 25 .....-.eeeeee
1044 1827 55 58 csr
1113 1827 77 58 see
1203 1827 34 58 te
1247 1841 224 25 rer

168 1902 45 40 på
235 1898 111 42 grund
369 1906 42 21 av
432 1891 234 38 anmärkning
686 1888 58 30 vid
766 1883 202 42 inspektion
990 1880 83 30 eller
1094 1877 101 39 eljest
1224 1892 249 12 ......-+-+.->
1560 1865 59 30 211

643 1897 26 52 S
695 1897 52 52 VIT
786 1897 124 52 SP

639 1966 145 30 Summa
803 1955 229 35 balanserade
1052 1953 64 30 och
1137 1950 170 30 inkomna
1328 1944 152 32 ärenden
1529 1940 94 31 1478
