1892 2824
74 1173 133 26 Utskottet.

272 145 20 30 4
715 155 263 32 Statsutskottets
1000 161 167 29 utlåtande
1190 163 44 28 Nr
1255 164 68 29 148.

943 469 58 41 Nr
1031 471 89 42 148.

688 569 123 29 Ankom
837 571 50 28 till
911 572 187 38 riksdagens
1123 576 103 28 kansli
1250 578 60 28 den
1337 580 16 26 7
1378 581 64 36 maj
1470 581 78 28 1940
1573 583 41 27 kl.
1643 584 12 26 1
1682 592 24 19 e.
1724 593 40 19 m.

582 658 192 38 Utlåtande
801 662 14 35 i
842 662 194 51 anledning
1065 678 45 23 av
1140 668 129 48 Kungl.
1300 670 130 49 Maj:ts
1449 675 227 45 proposition
1706 688 58 23 an-

676 721 136 47 gående
840 727 132 32 räntan
985 726 64 47 för
1068 728 251 47 egnahemslån
1340 731 62 35 vid
1420 739 128 30 statens
1559 735 207 49 järnvägar

679 782 59 34 och
765 789 133 30 statens
926 787 301 47 vattenfallsverk.

1542 852 61 41 (4:e
1627 854 84 41 avd.)

316 926 18 32 I
359 939 42 20 en
425 929 65 31 den
514 931 17 30 8
554 942 92 21 mars
671 934 81 32 1940
778 935 213 41 dagtecknad
1012 940 228 40 proposition,
1264 953 40 20 nr
1330 944 68 37 161,
1423 944 60 32 har
1504 945 127 43 Kungl.
1654 948 107 42 Maj:t,

264 978 109 31 under
397 979 216 43 åberopande
637 994 40 20 av
701 984 55 31 vid
779 986 262 41 propositionen
1064 989 96 41 fogat
1182 991 121 43 utdrag
1326 1004 40 20 av
1383 995 380 42 statsrådsprotokollet

264 1029 80 30 över
377 1030 466 37 kommunikationsärenden
878 1037 53 31 för
964 1049 128 21 samma
1126 1040 73 42 dag,
1234 1042 157 43 framlagt
1424 1045 127 43 förslag
1585 1049 175 40 angående

262 1080 122 30 räntan
407 1080 52 32 för
481 1082 243 41 egnahemslån
747 1085 56 32 vid
827 1088 132 31 statens
980 1089 179 42 järnvägar
1182 1092 62 31 och
1268 1095 132 31 statens
1423 1097 286 34 vattenfallsverk.

313 1172 70 33 Vid
408 1175 78 31 1937
510 1177 54 30 års
587 1176 140 43 riksdag
748 1179 178 33 nedsattes
949 1183 118 31 räntan
1091 1184 54 31 för
1167 1185 55 31 lån
1245 1186 72 32 från
1335 1189 132 31 statens
1482 1189 197 43 järnvägars
1696 1193 63 31 och

260 1224 132 31 statens
416 1226 296 34 vattenfallsverks
735 1230 387 41 egnahemslånefonder
1145 1235 52 31 till
1220 1238 20 29 4
1262 1240 144 38 procent
1429 1239 82 32 eller
1534 1252 130 21 samma
1687 1254 72 30 pro-

259 1275 153 31 centsats
445 1276 110 31 vartill
592 1280 123 30 räntan
747 1280 52 31 för
832 1281 202 34 bostadslån
1067 1285 75 31 från
1177 1288 129 31 statens
1330 1289 349 41 egnahemslånefond
1702 1293 57 32 vid

259 1334 130 22 samma
411 1326 137 43 riksdag
571 1329 129 32 sänkts.
728 1330 134 33 Endast
886 1333 52 31 för
959 1334 55 31 lån
1038 1335 56 31 vid
1112 1338 129 31 statens
1258 1340 286 39 vattenfallsverk,
1562 1343 196 33 utlämnade

258 1374 52 32 till
344 1387 174 29 personer,
543 1389 73 21 som
652 1380 30 41 ej
712 1382 56 30 äro
793 1383 295 41 statstjänstemän
1113 1387 63 31 och
1200 1388 28 41 ej
1253 1389 109 31 heller
1384 1390 286 43 kroppsarbetare
1694 1395 63 31 och

257 1426 78 31 med
359 1426 77 33 dem
459 1428 184 40 likställda,
669 1431 109 32 skulle
801 1432 67 32 den
892 1434 104 42 högre
1018 1437 215 32 räntesatsen
1256 1439 61 31 4!/2
1341 1444 143 37 procent
1505 1443 99 40 gälla.

308 1477 107 32 Detta
447 1479 202 42 riksdagens
683 1481 122 40 beslut,
831 1494 75 21 som
930 1485 144 33 allenast
1097 1490 103 40 avsåg
1223 1489 92 32 tiden
1340 1491 53 32 till
1418 1492 62 31 och
1503 1494 79 31 med
1605 1496 36 29 år
1666 1496 90 38 1939,

256 1527 145 33 föreslås
424 1540 46 20 nu
493 1530 148 42 förlängt
663 1531 53 32 till
739 1533 63 31 och
825 1534 79 32 med
927 1537 37 30 år
987 1537 87 31 1941.
1123 1538 81 32 Som
1228 1540 104 32 motiv
1355 1542 54 31 för
1432 1553 40 21 en
1495 1543 95 42 dylik
1606 1546 150 40 proviso-

255 1577 71 33 risk
360 1579 217 43 förlängning
611 1581 62 32 har
706 1583 183 42 åberopats
922 1588 174 40 pågående
1131 1590 183 43 utredning
1337 1603 56 20 om
1417 1595 119 30 räntan
1560 1597 18 29 å
1601 1596 57 31 lån
1681 1596 73 32 från

254 1630 133 31 statens
411 1631 305 42 utlåningsfonder.

308 1681 123 33 Under
464 1682 135 33 erinran
633 1686 50 30 att
715 1686 123 41 jämväl
873 1687 53 32 för
952 1689 99 32 lånen
1074 1691 76 31 från
1175 1694 128 30 statens
1328 1694 350 41 egnahemslånefond
1702 1698 53 31 be-

254 1731 125 33 slutats
414 1735 239 32 motsvarande
686 1737 234 41 provisoriska
953 1740 218 44 förlängning
1193 1754 39 20 av
1254 1744 197 33 nuvarande
1473 1748 209 31 räntesatser
1704 1749 50 31 får

252 1782 171 33 utskottet
445 1784 171 42 tillstyrka
639 1798 47 20 nu
708 1787 222 35 förevarande
953 1791 227 41 proposition.

303 1833 182 34 Utskottet
507 1835 208 40 hemställer,

571 1906 51 30 att
644 1905 182 43 riksdagen
850 1910 55 29 må
928 1909 154 43 medgiva

571 1954 30 42 a)
624 1957 51 30 att
707 1956 52 32 för
791 1959 81 30 åren
909 1960 81 31 1940
1016 1961 63 32 och
1105 1962 78 32 1941
1208 1965 192 32 räntefoten
1423 1966 52 32 för
1497 1964 253 51 egnahemslån,

521 2016 73 21 som
629 2017 41 21 av
704 2009 130 31 statens
856 2009 177 43 järnvägar
1056 2012 108 42 enligt
1187 2013 99 42 givna
1308 2015 300 43 bemyndiganden
1633 2020 118 31 utläm-

517 2058 77 30 nats
629 2057 84 32 eller
744 2059 172 33 utlämnas
950 2061 51 32 till
1034 2062 64 32 hos
1132 2065 147 31 nämnda
1310 2066 178 43 järnvägar
1510 2069 68 32 fast
1600 2071 150 31 anställd

516 2118 127 30 person
678 2109 52 31 för
762 2111 216 41 uppförande
1011 2124 39 20 av
1080 2114 306 44 bostadsbyggnad
1419 2120 19 29 å
1470 2121 95 37 tomt,
1602 2131 74 21 som
1710 2132 39 20 av

516 2168 130 22 samma
667 2159 178 43 järnvägar
868 2162 78 32 med
969 2164 200 41 äganderätt
1192 2166 81 32 eller
1295 2169 157 31 tomträtt
1474 2170 169 42 upplåtits
1667 2172 82 32 eller

515 2209 161 41 upplåtes
709 2210 92 32 inom
835 2212 54 32 för
923 2224 84 31 egna
1037 2214 77 32 hem
1140 2219 109 29 avsett
1271 2219 139 32 område
1433 2221 18 30 å
1474 2221 41 31 de
1539 2221 53 32 till
1616 2224 131 31 statens

512 2259 198 42 järnvägars
743 2261 393 47 fastighetsförvaltning
1169 2267 151 33 hörande
1354 2270 210 42 fastigheter,
1596 2274 55 30 må
1673 2274 73 31 från

515 2309 63 32 och
612 2311 79 32 med
725 2312 100 41 sjätte
859 2314 237 34 kalenderåret
1129 2319 149 31 närmast
1309 2319 87 33 efter
1418 2320 66 40 det,
1509 2323 110 32 under
1642 2324 105 32 vilket

513 2360 92 32 lånet
629 2361 84 32 eller
734 2362 107 33 första
857 2364 100 32 delen
974 2365 101 33 därav
1090 2367 256 41 utbekommits,
1364 2373 120 40 utgöra
1498 2373 74 41 fyra
1588 2377 156 38 procent;

565 2409 33 42 b)
622 2413 51 30 att
705 2412 52 32 för
790 2424 131 22 samma
952 2416 201 33 kalenderår
1181 2420 192 33 räntefoten
1407 2422 52 32 för
1490 2420 253 48 egnahemslån,

513 2472 72 23 som
624 2473 40 21 av
702 2465 130 31 statens
869 2467 277 33 vattenfallsverk
1177 2470 104 42 enligt
1312 2471 103 42 givna
1445 2472 298 44 bemyndiganden
