2224 2620
374 204 20 31 6
611 203 116 32 Andra
752 202 208 33 kammarens
985 204 107 35 tredje
1115 201 171 41 tillfälliga
1309 200 138 32 utskotts
1469 199 169 32 utlåtande
1655 200 52 30 Nr
1725 202 29 28 9.

373 285 202 36 nometrisk
599 284 236 46 bestämning
864 296 44 23 av
937 285 164 41 stomme,
1123 288 50 47 är
1201 281 117 48 enligt
1346 280 305 37 kommissionens
1680 280 243 48 uppfattning
1951 292 45 23 en

374 340 190 35 numerisk
602 338 165 46 mätning
800 338 58 34 för
895 337 159 35 handen.
1112 337 36 34 Å
1186 335 115 36 andra
1339 335 105 36 sidan
1482 347 111 36 synes
1631 334 88 35 böra
1759 334 153 44 erinras,
1943 337 54 33 att

371 392 136 49 jämväl
541 391 63 38 vid
634 392 70 34 den
732 390 180 47 mätning,
943 402 75 23 som
1049 388 285 37 kommissionen
1362 389 118 34 kallar
1509 387 230 47 finmätning,
1772 387 226 35 förekomma

376 448 160 33 moment
562 457 45 24 av
631 444 137 48 grafisk
792 447 122 41 natur,
937 442 226 48 exempelvis
1183 441 210 47 inmätning
1413 454 44 23 av
1478 442 147 46 ägoslag
1644 442 68 35 och
1726 440 95 37 vissa
1836 443 161 44 terräng-

376 499 164 35 föremål.
600 499 66 35 Ett
690 498 230 47 godtagande
950 509 44 24 av
1024 498 71 34 den
1124 496 98 35 äldre
1252 495 254 47 åskådningen
1536 495 120 35 skulle
1676 496 64 34 ock
1760 493 140 47 logiskt
1916 493 82 35 leda

377 553 151 42 därhän,
570 555 54 33 att
662 563 46 23 en
746 550 292 49 detaljmätning,
1066 562 76 24 som
1171 550 85 35 sker
1285 549 155 35 medelst
1469 547 146 36 direkta
1643 550 102 41 mått,
1777 559 85 23 men
1896 547 31 48 ej
1959 552 40 30 är

376 605 124 47 byggd
528 608 47 44 på
598 604 174 48 triangel-
802 605 92 35 eller
923 605 234 48 polygonnät,
1189 603 121 36 skulle
1335 614 85 24 vara
1443 604 54 33 att
1520 600 171 37 betrakta
1715 603 118 33 såsom
1858 601 139 46 grafisk

377 658 177 48 mätning.

485 713 76 35 Det
598 713 67 34 har
703 711 206 36 emellertid
946 710 96 37 varit
1081 709 227 47 väsentligen
1348 707 193 48 praktiska
1574 707 92 43 skäl,
1706 719 76 24 som
1825 706 174 36 föranlett

378 765 285 37 kommissionen
693 768 54 33 att
771 768 85 44 taga
885 764 156 36 avstånd
1069 764 83 35 från
1181 764 70 34 den
1281 763 100 35 äldre
1406 760 264 48 åskådningen.
1729 760 271 35 Erfarenheten

379 820 67 34 har
483 819 187 47 nämligen
708 818 142 47 påvisat
878 818 158 35 behovet
1065 820 54 33 att
1151 816 290 36 understundom
1475 814 214 36 kombinera
1713 814 44 35 de
1786 814 96 35 båda
1910 817 90 32 mät-

379 872 331 47 ningsmetoderna.
771 872 162 35 Sålunda
960 872 68 34 har
1056 871 62 35 det
1142 870 76 36 ofta
1241 869 191 36 befunnits
1461 867 171 48 lämpligt
1645 870 53 33 att
1715 867 164 35 anordna
1894 870 106 32 stom-

379 925 215 48 mätningen
635 924 210 37 numeriskt
887 925 66 35 och
993 923 329 49 detaljmätningen
1356 922 166 48 grafiskt.
1582 920 335 48 Polygonmätning
1955 932 44 24 av

381 979 371 47 skärgårdsområden
781 979 91 35 eller
901 978 254 47 skogstrakter
1179 977 126 35 ställer
1335 976 57 47 sig
1420 976 76 35 ofta
1524 974 168 48 billigare
1717 980 46 30 än
1793 987 28 23 s.
1854 974 35 36 k.
1922 986 78 34 gra-

380 1033 72 35 fisk
490 1032 263 47 stommätning
790 1032 124 43 därav,
955 1032 132 34 medan
1125 1031 71 35 den
1233 1030 160 47 grafiska
1427 1028 329 49 detaljmätningen
1789 1041 44 23 av
1863 1040 137 23 samma

381 1087 173 35 områden
583 1086 221 36 åtminstone
833 1085 14 35 i
874 1086 100 46 regel
1002 1084 119 37 bliver
1149 1083 180 48 billigare.
1387 1083 19 35 I
1434 1082 98 37 vissa
1561 1083 67 34 fall
1651 1082 74 34 kan
1755 1084 78 32 åter
1862 1093 46 24 en
1936 1093 64 22 nu-

382 1139 137 35 merisk
562 1139 284 48 detaljmätning
883 1141 46 44 på
972 1151 27 23 s.
1040 1138 36 35 k.
1121 1138 138 47 grafisk
1297 1140 152 32 stomme
1486 1148 88 24 vara
1606 1134 220 47 lämpligast.
1887 1134 46 35 Så
1962 1140 39 29 är

381 1193 227 47 exempelvis
646 1193 251 35 förhållandet
925 1191 97 35 inom
1057 1194 53 32 ett
1137 1191 120 36 starkt
1285 1190 257 46 uppåtgående
1573 1188 187 44 samhälle,
1796 1200 77 23 som
1902 1187 96 35 inom

382 1259 46 23 en
456 1259 86 24 snar
571 1246 151 36 framtid
750 1246 75 35 kan
854 1246 187 35 förväntas
1070 1244 98 36 bliva
1198 1246 170 44 uppmätt
1396 1243 93 35 efter
1518 1242 173 35 moderna
1719 1240 197 48 principer.

489 1300 296 35 Kommissionen
823 1311 109 23 anser
961 1298 57 47 sig
1049 1298 88 36 böra
1166 1297 13 35 i
1207 1298 102 35 detta
1338 1297 265 45 sammanhang
1631 1295 122 36 erinra
1782 1295 136 43 därom,
1950 1296 54 33 att

383 1354 210 35 densamma
622 1352 124 37 funnit
779 1353 63 35 det
871 1364 86 24 vara
982 1364 44 23 av
1051 1351 190 48 synnerlig
1269 1350 92 44 vikt,
1394 1353 54 32 att
1476 1355 91 30 även
1596 1348 62 37 vid
1687 1348 126 47 vanlig
1838 1347 167 47 mätning

382 1406 242 49 gränslinjers
653 1407 89 35 eller
771 1405 295 48 gränspunkters
1090 1408 97 32 rätta
1215 1405 82 46 läge
1327 1404 149 35 fastslås
1506 1403 83 35 med
1618 1402 144 35 direkta
1791 1404 91 33 mått
1902 1401 13 35 i
1936 1401 69 36 för-

382 1460 173 36 hållande
588 1460 57 35 till
683 1460 99 36 vissa
819 1459 226 47 fixpunkter,
1084 1459 118 35 vadan
1236 1457 288 35 kommissionen
1562 1456 13 35 i
1614 1458 46 33 31
1702 1456 67 35 och
1800 1458 48 32 47
1882 1455 47 46 $$
1961 1467 43 23 av

383 1514 175 47 förslaget
586 1513 172 48 upptagit
782 1512 233 37 föreskrifter
1044 1513 136 34 härom.
1239 1512 115 34 Detta
1377 1510 155 35 innebär
1556 1509 117 47 enligt
1696 1507 309 37 kommissionens

384 1567 160 47 mening,
576 1571 54 32 att
659 1572 92 31 även
780 1566 63 36 vid
872 1566 100 48 varje
1001 1565 102 48 dylik
1129 1564 167 47 mätning
1325 1567 55 33 ett
1407 1563 275 48 betydelsefullt
1706 1561 209 37 numeriskt
1934 1574 71 23 mo-

384 1624 102 33 ment
516 1626 39 30 är
583 1620 271 36 tillfinnandes.

492 1675 58 35 Då
579 1673 287 37 kommissionen
896 1673 156 35 sålunda
1081 1672 31 47 ej
1144 1672 96 35 velat
1269 1683 87 24 vara
1384 1671 83 35 med
1496 1682 57 23 om
1575 1673 55 32 att
1649 1670 181 35 benämna
1851 1669 155 35 allenast

385 1728 70 35 den
484 1727 168 48 mätning
679 1726 203 42 numerisk,
909 1739 74 22 som
1013 1726 161 47 grundas
1204 1728 20 32 å
1248 1724 171 47 triangel-
1440 1724 90 35 eller
1550 1722 336 48 polygonmätning,
1913 1725 93 32 samt

385 1781 82 36 icke
505 1781 113 35 heller
652 1780 125 36 funnit
815 1780 58 47 sig
910 1780 126 35 kunna
1073 1782 131 32 stanna
1233 1777 63 37 vid
1325 1790 44 23 en
1400 1778 111 35 sådan
1542 1776 195 47 reglering,
1764 1779 55 32 att
1848 1788 46 23 en
1919 1779 87 32 mät-

385 1834 92 47 ning
509 1840 105 42 säges
644 1846 86 24 vara
753 1833 193 36 numerisk
984 1833 89 35 eller
1110 1831 153 47 grafisk,
1290 1831 66 35 allt
1385 1831 170 35 eftersom
1587 1831 61 35 det
1676 1829 213 36 numeriska
1917 1829 90 35 eller

386 1887 165 47 grafiska
581 1890 196 33 momentet
806 1889 59 33 må
889 1898 106 24 anses
1025 1885 261 47 övervägande,
1318 1884 118 36 vilket
1464 1883 293 47 uppenbarligen
1781 1883 13 35 i
1820 1882 186 47 åtskilliga

386 1941 67 35 fall
482 1943 115 34 måste
626 1940 153 48 erbjuda
807 1940 200 36 avsevärda
1036 1938 229 47 svårigheter
1294 1941 55 32 att
1378 1938 224 43 konstatera,
1633 1938 66 34 har
1719 1935 287 37 kommissionen

386 1994 14 36 i
433 1995 174 47 förslaget
639 1993 94 48 givit
762 1994 151 46 uttryck
942 1996 40 33 åt
1008 1993 70 35 den
1106 1991 300 48 uppfattningen,
1438 1994 64 41 att,
1534 1993 40 33 så
1607 1994 101 32 snart
1736 1990 194 35 resultatet
1962 2001 45 24 av

388 2060 45 23 en
462 2048 178 47 mätning,
672 2048 71 35 den
767 2050 59 33 må
855 2059 86 24 vara
970 2047 78 35 helt
1072 2047 89 34 eller
1186 2045 117 36 delvis
1324 2048 55 33 att
1394 2044 169 36 betrakta
1578 2056 75 23 som
1674 2042 227 48 finmätning
1917 2043 89 35 eller

388 2101 125 48 vanlig
546 2101 177 47 mätning,
763 2100 263 47 stommätning
1054 2100 90 35 eller
1173 2098 291 48 detaljmätning,
1496 2097 123 36 finnes
1653 2096 148 48 angivet
1829 2096 12 35 i
1873 2096 132 44 siffror,

386 2155 197 35 benämnes
612 2155 210 36 densamma
851 2153 198 42 numerisk,
1075 2153 106 48 eljest
1204 2152 153 48 grafisk.

496 2209 125 35 Såsom
656 2209 100 35 förut
793 2207 169 44 erinrats,
1003 2212 86 41 äger
1127 2207 70 35 den
1235 2206 133 43 metod,
1409 2217 75 23 som
1515 2203 287 37 kommissionen
1830 2203 178 36 benämnt

388 2261 235 48 finmätning,
664 2262 199 36 avsevärda
906 2261 208 36 företräden
1148 2259 152 37 framför
1343 2259 69 35 den
1456 2258 146 47 vanliga
1644 2257 224 47 mätningen.
1934 2256 74 35 Det
