1860 2790
275 204 18 28 2
708 202 284 30 Statsutskottets
1013 202 178 30 utlåtande
1210 212 43 19 nr
1271 202 51 29 59.

275 282 344 38 utrustningsteknik
642 282 137 29 kunnat
801 283 97 38 tagas
920 282 11 28 i
953 282 90 29 bruk
1067 281 54 29 för
1144 290 44 20 en
1212 281 108 29 snabb
1344 282 64 28 och
1433 280 220 40 fortlöpande
1677 281 86 39 regi-

276 327 148 40 strering
447 337 41 20 av
511 328 40 29 de
574 327 154 39 sjukliga
751 327 293 39 förändringarna
1067 328 10 28 i
1102 327 169 29 samband
1296 327 77 29 med
1397 326 366 39 parodontopatierna.

275 371 13 28 I
309 371 449 39 anslagsframställningen
779 371 53 29 för
853 370 203 39 budgetåret
1080 370 140 35 1952/53
1244 370 292 33 förutskickades,
1558 372 50 27 att
1631 371 132 28 studier

276 417 79 29 över
375 416 356 39 parodontopatierna
754 416 110 30 skulle
886 417 63 38 äga
970 425 79 20 rum
1070 417 10 28 i
1103 416 169 29 samband
1294 416 79 29 med
1395 425 42 19 en
1459 415 306 39 kostomläggning

274 459 96 30 inom
397 460 488 38 kariesundersökningarnas
913 469 85 19 ram.
1027 459 123 29 Denna
1177 459 223 38 omläggning
1428 459 64 29 har
1519 459 31 38 ej
1582 459 181 39 företagits

276 513 42 20 av
341 504 86 34 skäl,
453 513 75 20 som
552 503 171 30 dikterats
748 513 40 20 av
812 504 191 29 resultaten
1028 513 41 20 av
1093 503 309 34 kariesstudierna,
1427 503 118 29 varför
1569 503 116 30 denna
1710 503 53 29 fas

276 559 42 19 av
336 550 351 38 undersökningarna
706 559 41 19 av
765 549 352 39 parodontopatierna
1137 549 91 29 måst
1247 549 222 38 uppskjutas.

320 647 12 28 I
356 646 97 39 fråga
475 656 57 19 om
554 647 41 29 de
616 646 165 39 fortsatta
805 646 349 39 undersökningarna
1177 645 150 30 anföres.

319 708 227 30 Beträffande
577 709 331 38 kariessjukdomen
939 709 177 38 planeras:
1153 708 34 33 1)
1225 708 164 29 fortsatta
1421 708 132 29 studier
1585 709 80 28 över
1697 708 68 29 den

275 752 171 29 inverkan
472 752 200 30 sockerfritt
698 762 89 29 resp.
814 752 247 39 sockerhaltigt
1086 753 87 29 bröd
1198 753 64 28 har
1287 752 45 39 på
1357 752 339 34 kariesfrekvensen,
1724 752 35 31 2)

276 797 300 38 kompletterande
597 797 133 29 studier
750 798 79 29 över
849 797 200 38 betydelsen
1069 806 41 21 av
1131 796 70 30 viss
1221 796 229 30 konsumtion
1471 806 41 20 av
1533 797 169 34 sötsaker,
1724 797 36 33 3)

277 841 131 29 studier
437 842 80 29 över
546 841 120 30 värdet
696 851 42 20 av
765 842 91 29 vissa
886 841 330 30 karieshämmande
1246 842 128 28 ämnen
1404 843 90 27 samt
1523 841 36 33 4)
1592 841 173 34 kemiska,

276 885 294 39 bakteriologiska
586 887 65 28 och
668 886 312 39 histopatologiska
997 886 314 38 undersökningar,
1330 885 220 39 nödvändiga
1566 886 10 28 i
1595 886 170 29 samband

277 930 78 29 med
375 930 41 29 de
436 930 110 29 under
565 930 201 39 punkterna
787 930 122 34 1)—3)
934 930 163 29 nämnda.
1118 931 111 28 Bland
1249 930 166 39 problem,
1437 939 74 20 som
1531 931 158 28 närmast
1710 939 56 20 av-

278 983 53 20 ses
352 977 49 27 att
422 976 170 37 upptagas
613 975 52 29 till
686 975 225 38 bearbetning
932 975 110 29 under
1062 975 205 38 budgetåret
1290 974 151 34 1953/54,
1464 976 59 27 äro
1544 974 121 30 försök
1687 974 78 29 med

277 1018 79 39 lång
378 1019 201 29 kontakttid
603 1019 54 29 för
681 1019 120 29 socker
822 1019 44 39 på
888 1019 171 39 tandytan
1082 1021 85 27 utan
1190 1021 50 27 att
1264 1018 179 39 samtidigt
1465 1020 67 37 hög
1556 1019 209 29 sockerkon-

277 1063 195 29 centration
498 1063 194 39 föreligger,
718 1063 293 39 bakteriologiska
1038 1064 132 29 studier
1196 1064 80 29 över
1302 1064 68 28 hur
1396 1063 274 30 bakteriefloran
1698 1063 68 29 för-

277 1108 127 29 ändras
433 1109 110 29 under
570 1109 170 29 växlande
769 1109 216 38 betingelser,
1015 1109 263 39 undersökning
1307 1118 41 20 av
1376 1109 93 29 vissa
1497 1107 272 40 hämningssub-

279 1153 145 33 stanser,
446 1152 119 29 försök
587 1153 79 28 med
686 1153 237 29 kontrollerad
945 1152 177 39 sköljning
1143 1154 65 28 och
1229 1152 182 38 borstning
1433 1162 41 19 av
1495 1152 171 30 tänderna
1687 1152 78 29 med

278 1196 428 40 natriumfluoridlösning
737 1199 89 27 samt
858 1197 303 38 undersökningar
1191 1197 57 29 vid
1279 1199 48 27 ett
1357 1197 95 29 antal
1484 1197 283 29 folktandvårds-

276 1240 225 39 polikliniker
530 1241 54 29 för
611 1241 154 30 kontroll
794 1250 41 21 av
862 1241 140 30 införda
1030 1241 377 39 kariesprofylaktiska
1436 1241 178 39 åtgärders
1644 1241 121 29 effekt.

322 1286 11 28 I
354 1286 99 39 fråga
473 1296 56 19 om
548 1287 356 38 parodontopatierna
923 1287 161 39 planeras
1104 1288 41 28 de
1167 1287 145 38 tidigare
1334 1286 219 39 uppskjutna
1574 1286 193 30 undersök-

278 1329 171 38 ningarna
468 1330 97 29 skola
584 1330 146 34 utföras,
749 1330 175 39 nämligen
945 1331 33 33 1)
1001 1331 171 38 prövning
1191 1331 110 28 under
1319 1330 183 39 praktiska
1520 1330 246 30 förhållanden

278 1382 40 20 av
343 1374 41 29 de
411 1374 111 29 under
546 1374 205 38 budgetåret
779 1374 136 29 1950/51
945 1375 202 29 utarbetade
1174 1375 488 38 undersökningsmetoderna
1688 1375 11 28 i
1724 1384 44 20 en

279 1418 264 39 försöksgrupp,
576 1419 63 29 där
672 1419 319 39 dietförändringar
1026 1419 180 38 företagits
1240 1420 96 28 inom
1370 1419 397 39 kariesundersökning-

279 1471 102 21 arnas
405 1471 86 25 ram,
514 1464 64 28 och
602 1462 36 34 2)
667 1462 222 39 jämförande
914 1463 131 29 studier
1068 1465 81 28 över
1173 1464 113 29 skilda
1310 1464 108 29 redan
1441 1464 203 29 utarbetade
1668 1465 64 28 och
1756 1464 11 28 i

277 1507 117 38 praxis
416 1507 160 30 använda
597 1507 388 39 behandlingsmetoder
1006 1508 44 39 på
1070 1510 49 28 ett
1140 1508 96 29 inom
1257 1508 203 39 Vipeholms
1482 1508 152 39 sjukhus
1656 1509 111 28 utvalt

279 1552 294 39 patientmaterial
603 1553 79 29 med
712 1554 267 38 parodontopati
1009 1554 10 28 i
1050 1554 92 29 olika
1174 1554 359 39 utvecklingsstadier.

320 1666 394 39 Departementschefen
734 1668 64 28 har
818 1668 43 28 bl.
877 1677 29 20 a.
928 1668 127 34 anfört,
1078 1671 49 26 att
1149 1668 67 29 den
1237 1668 266 39 odontologiska
1524 1668 242 30 försöksverk-

278 1720 180 29 samheten
476 1720 56 29 vid
550 1720 203 38 Vipeholms
772 1720 151 38 sjukhus
942 1721 98 38 ingår
1059 1721 116 29 såsom
1193 1723 48 27 ett
1260 1721 54 29 led
1332 1722 10 28 i
1361 1731 43 20 en
1422 1722 137 38 allsidig
1577 1721 188 39 utredning

277 1774 11 29 i
306 1774 89 38 syfte
412 1776 51 27 att
479 1774 105 29 vinna
601 1774 92 29 ökad
710 1774 199 29 kännedom
927 1784 56 19 om
1001 1774 93 30 vilka
1112 1774 162 39 åtgärder
1294 1784 74 20 som
1386 1775 61 29 bör
1465 1776 157 38 vidtagas
1642 1775 55 29 för
1716 1777 49 28 att

276 1825 95 30 inom
392 1826 77 30 vårt
491 1826 81 30 land
594 1826 141 30 minska
757 1826 255 40 utbredningen
1033 1836 42 20 av
1096 1827 41 30 de
1159 1828 173 38 vanligast
1355 1828 288 29 förekommande
1665 1828 101 29 tand-

277 1878 264 39 sjukdomarna.
562 1879 239 40 Utredningen
820 1881 64 28 har
904 1880 136 39 begärts
1061 1890 42 20 av
1126 1880 83 30 1939
1230 1881 56 29 års
1307 1881 153 39 riksdag.
1481 1881 285 38 Undersökning-

277 1941 103 21 arnas
409 1932 185 30 utförande
621 1934 65 28 har
714 1943 42 20 av
783 1933 124 39 Kungl.
936 1933 105 39 Maj:t
1069 1933 206 39 uppdragits
1303 1934 36 29 åt
1366 1934 360 39 medicinalstyrelsen
1754 1934 11 28 i

277 1985 139 29 samråd
439 1986 79 29 med
541 1986 256 39 lärarkollegiet
820 1987 56 29 vid
899 1987 383 38 tandläkarhögskolan
1305 1988 10 28 i
1339 1988 212 29 Stockholm.
1575 1988 111 29 Medel
1711 1987 54 29 för

278 2038 198 30 ändamålet
500 2038 182 31 anvisades
706 2049 42 20 av
770 2039 187 39 riksdagen
980 2040 110 29 första
1113 2040 136 39 gången
1272 2041 20 29 å
1314 2040 209 39 tilläggsstat
1547 2041 30 28 II
1601 2041 52 30 till
1677 2040 91 30 riks-

277 2093 113 28 staten
420 2092 55 30 för
503 2092 204 39 budgetåret
739 2092 150 37 1944/45.
919 2093 132 30 Hittills
1081 2094 64 28 har
1175 2093 154 31 anvisats
1361 2094 233 39 sammanlagt
1623 2093 64 30 458
1702 2093 62 29 000

276 2145 139 34 kronor,
438 2146 108 29 därav
567 2145 39 30 53
622 2145 63 30 000
708 2146 129 29 kronor
860 2146 54 30 för
935 2146 236 30 innevarande
1193 2147 180 38 budgetår.

321 2200 95 29 Knut
434 2201 64 28 och
518 2199 93 30 Alice
630 2200 240 38 Wallenbergs
890 2200 147 29 stiftelse
1056 2200 64 29 har
1139 2200 155 38 erbjudit
1314 2200 50 39 sig
1383 2202 50 27 att
1454 2201 100 28 ställa
1573 2203 49 27 ett
1640 2201 124 38 belopp

277 2261 40 21 av
341 2252 59 29 150
416 2253 63 29 000
502 2253 130 29 kronor
654 2253 52 29 till
731 2252 204 39 förfogande
959 2253 54 29 för
1035 2253 279 33 verksamheten,
1338 2254 111 28 avsett
1472 2255 49 27 att
1545 2253 153 30 fördelas
1721 2253 44 39 på

276 2306 57 29 två
353 2306 48 29 år.
422 2306 102 29 Detta
544 2306 217 38 erbjudande
783 2315 100 20 anses
904 2306 174 30 tacksamt
1098 2307 85 29 böra
1204 2308 208 37 accepteras.
1434 2306 211 39 Härigenom
1667 2307 98 29 torde

277 2360 268 29 verksamheten
562 2362 84 27 utan
665 2360 105 39 något
787 2359 121 39 bidrag
926 2360 79 29 från
1023 2360 216 29 industriens
1258 2360 75 30 sida
1350 2360 111 29 under
1478 2361 100 28 nästa
1597 2360 169 38 budgetår

275 2412 121 30 kunna
417 2412 159 30 bedrivas
599 2413 79 29 med
699 2412 204 30 oförändrat
927 2413 219 39 statsanslag.
1170 2413 65 30 Det
1257 2413 134 39 belopp,
1416 2422 73 20 som
1511 2413 178 30 erfordras
1712 2412 55 29 för

278 2468 49 27 att
359 2466 102 29 täcka
494 2467 131 28 statens
657 2466 122 38 bidrag
810 2465 51 30 till
894 2466 247 34 kostnaderna,
1174 2466 173 30 beräknas
1381 2466 147 30 sålunda
1560 2466 52 30 till
1646 2466 41 29 53
1702 2465 65 29 000

276 2518 138 29 kronor.
