2167 2681
383 207 38 28 16
894 200 232 41 Lag-Utskottets
1153 198 152 34 Utlåtande
1328 199 57 32 N:o
1411 199 50 30 35.

959 360 432 44 Reservationer:

486 482 68 32 mot
576 478 200 48 punkterna
806 480 20 33 1
858 477 58 35 och
945 479 23 33 3
998 476 45 45 af
1070 475 180 36 Utskottets
1278 472 219 37 hemställan:

487 586 40 38 af
552 587 96 37 Herr
678 587 181 46 Torpadie,
890 585 116 36 under
1035 583 229 50 åberopande
1294 581 39 37 af
1351 582 68 36 den
1439 581 234 45 reservation,
1693 580 73 35 han
1786 579 63 37 vid
1874 581 98 36 1876

381 643 56 37 års
464 641 150 51 riksdag
641 642 60 36 till
730 640 297 50 Lag-Utskottets
1056 638 190 36 utlåtande
1274 637 67 37 N:o
1372 639 48 35 38
1452 634 158 51 afgifvit,
1639 634 37 37 så
1703 634 176 50 lydande:

487 697 149 36 »Ehuru
673 696 62 36 det
772 697 84 43 slut,
895 695 105 36 hvari
1029 693 187 36 Utskottet
1245 697 144 31 stannat
1419 692 10 34 i
1457 690 106 50 fråga
1591 703 60 23 om
1681 689 154 49 ändring
1863 690 12 34 i
1904 689 69 35 den

381 752 242 35 kommunala
651 755 206 38 rösträtten,
887 761 104 37 synes
1019 748 77 47 mig
1129 747 163 48 skäligen
1327 746 192 47 antagligt,
1553 756 104 23 anser
1682 744 65 47 jag
1776 744 76 47 mig
1882 743 93 34 dock

381 807 78 35 icke
502 806 90 36 böra
634 803 249 51 undertrycka
925 802 70 37 den
1037 800 102 51 åsigt,
1171 801 63 49 jag
1268 800 100 36 inom
1402 798 188 37 Utskottet
1618 798 144 44 uttalat,
1791 797 90 35 eller
1910 801 65 40 att,

381 861 115 36 bland
525 860 44 36 de
597 860 60 35 till
685 858 189 37 Utskottet
902 856 197 37 hänvisade
1128 856 180 35 motioner
1337 853 185 50 angående
1551 852 197 49 ändringar
1776 852 12 34 i
1809 851 165 49 stadgan-

381 915 94 36 dena
507 914 155 36 rörande
696 913 71 36 den
799 911 242 37 kommunala
1073 915 207 39 rösträtten,
1314 908 69 36 den
1419 906 40 37 af
1484 906 95 37 Herr
1607 905 38 38 C.
1674 905 33 36 J.
1737 905 159 37 Svensén
1924 904 50 36 af-

382 969 102 50 gifna
513 969 67 36 och
610 968 40 36 af
675 967 95 36 Herr
798 966 32 38 S.
860 966 164 37 Johnson
1059 964 171 37 biträdda
1265 963 103 36 torde
1397 961 112 37 hafva
1536 961 97 37 varit
1660 959 151 50 förtjent
1840 958 40 37 af
1906 959 70 36 den

382 1029 130 32 största
554 1021 381 51 uppmärksamheten.
991 1020 71 36 Det
1103 1017 148 50 förslag,
1289 1031 78 23 som
1404 1018 11 34 i
1451 1016 118 36 denna
1596 1015 141 36 motion
1764 1013 212 44 innehålles,

382 1078 172 50 erbjuder
595 1077 186 49 åtskilliga
823 1074 292 38 beaktansvärda
1156 1072 170 37 fördelar.
1383 1071 72 36 Det
1496 1070 121 37 hvilar
1652 1068 46 50 på
1726 1082 43 23 en
1799 1068 176 45 bestämd,

382 1133 204 36 aritmetisk
615 1131 184 50 grundval
828 1130 68 36 och
925 1141 133 38 genom
1087 1128 220 35 detsammas
1336 1125 205 50 antagande
1574 1125 120 35 skulle
1726 1123 250 49 personlighet

383 1188 69 36 och
480 1186 256 49 förmögenhet
764 1185 37 36 så
829 1185 77 35 lika
935 1197 78 23 som
1041 1183 147 48 möjligt
1215 1186 173 43 motväga
1417 1179 220 44 hvarandra,
1666 1177 253 37 fastställande
1940 1175 40 37 af

383 1247 54 31 ett
463 1241 284 36 röstmaximum
774 1239 128 36 kunna
929 1237 181 37 undvikas
1138 1241 95 31 samt
1260 1235 109 36 enhet
1397 1235 53 35 uti
1481 1234 11 35 i
1517 1232 104 50 fråga
1640 1231 161 38 varande
1821 1229 155 51 lagstift-

382 1297 91 48 ning
500 1294 58 37 för
586 1294 80 37 stad
694 1294 68 36 och
792 1293 87 36 land
907 1291 145 37 införas.

490 1349 56 37 Då
574 1347 207 38 emellertid
809 1346 290 48 formuleringen
1128 1343 41 37 af
1194 1344 43 36 de
1267 1343 207 49 föreslagna
1503 1342 246 48 ändringarna
1778 1341 11 34 i
1809 1341 167 35 kommu-

383 1406 216 48 nallagarne
628 1403 104 36 torde
760 1403 90 35 böra
878 1402 62 35 ske
969 1400 85 36 med
1082 1399 186 50 synnerlig
1296 1397 257 50 noggrannhet
1581 1401 95 31 samt
1695 1394 146 49 atföljas
1861 1393 40 36 af
1917 1401 59 28 nö-

385 1460 85 48 diga
497 1458 168 44 tabeller,
693 1457 67 35 har
785 1458 64 46 jag
878 1460 118 31 ansett
1023 1453 188 37 Utskottet
1240 1453 89 36 böra
1356 1451 47 49 på
1432 1450 120 50 grund
1572 1448 41 37 af
1629 1450 186 35 motionen
1834 1447 142 46 föreslå,

917 1550 55 31 att
998 1544 206 48 Riksdagen
1235 1542 113 36 måtte
1376 1542 146 36 besluta
1550 1553 45 23 en
1623 1538 229 50 underdånig
1872 1536 104 38 skrif-

810 1601 97 36 velse
935 1600 60 35 till
1022 1599 134 48 Kongl.
1185 1597 114 49 Maj:t,
1326 1596 86 36 med
1440 1596 172 48 begäran,
1641 1599 54 30 att
1723 1593 132 48 Kongl.
1875 1592 102 48 Maj:t

810 1655 138 35 täcktes
976 1652 76 37 låta
1080 1652 170 36 utarbeta
1278 1650 68 37 och
1374 1649 57 37 för
1457 1647 305 38 nästkommande
1790 1646 57 36 års
1873 1646 103 37 Riks-

811 1708 71 49 dag
910 1706 207 50 framlägga
1146 1711 53 31 ett
1226 1705 128 36 sådant
1381 1702 139 50 förslag
1547 1703 60 36 till
1627 1702 198 48 ändringar
1845 1701 12 35 i
1875 1701 102 35 kom-

810 1762 291 49 munallagarne,
1130 1765 54 31 att
1210 1758 58 37 för
1291 1758 214 50 röstegande
1525 1758 100 34 inom
1644 1757 226 35 kommunen
1890 1760 86 30 röst-

811 1817 129 38 värdet
967 1815 61 36 må
1055 1815 178 36 beräknas
1262 1812 92 37 efter
1374 1812 70 36 den
1463 1810 110 46 siffra,
1593 1824 89 31 som,
1702 1808 275 50 multiplicerad

811 1870 85 36 med
933 1870 54 49 sig
1024 1867 93 51 sjelf,
1155 1866 167 51 angifver
1355 1868 50 45 på
1443 1867 115 35 landet
1595 1864 62 36 det
1693 1864 135 35 honom
1862 1862 115 37 åsatta

810 1924 143 50 fyrktal
982 1924 68 36 och
1077 1926 14 33 i
1118 1924 79 35 stad
1224 1922 12 35 i
1264 1922 145 44 kronor,
1438 1920 85 36 med
1543 1926 88 29 ören
1650 1917 116 37 såsom
1786 1917 101 45 bråk,
1907 1917 70 36 den

811 1980 136 35 honom
981 1978 117 48 enligt
1127 1976 101 37 2:dra
1256 1981 65 31 art.
1349 1972 487 51 bevillningsförordningen
1860 1976 119 31 senast

811 2033 115 36 åsatta
967 2032 215 48 bevillning,
1224 2030 85 36 med
1350 2028 237 50 iakttagande
1630 2025 107 38 deraf
1775 2031 55 31 att
1866 2025 112 49 sagda

812 2086 110 46 siffra,
951 2100 61 22 om
1040 2086 69 36 den
1137 2084 204 36 innehåller
1368 2082 103 46 bråk,
1499 2083 100 48 höjes
1625 2082 61 35 till
1714 2085 161 31 närmast
1893 2080 85 35 hela

811 2143 68 43 tal;
914 2139 188 38 äfvensom
1138 2144 54 31 att
1219 2138 209 49 Riksdagen
1456 2138 11 34 i
1496 2137 70 36 den
1594 2134 251 49 underdåniga
1874 2132 103 38 skrif-

813 2196 123 36 velsen
973 2195 90 37 ville
1100 2193 160 45 anhålla,
1297 2192 62 36 det
1395 2190 189 50 behagade
1613 2189 132 49 Kongl.
1773 2189 103 48 Maj:t
1904 2187 74 36 låta

813 2250 173 36 utarbeta
1023 2248 134 37 sådana
1192 2248 168 44 tabeller,
1398 2259 77 23 som
1503 2246 12 34 i
1543 2243 94 49 följd
1666 2242 40 37 af
1731 2241 247 51 lagförslagen

812 2304 126 36 kunna
965 2304 117 35 finnas
1109 2301 163 50 nödiga.»
