2208 2602
396 118 21 29 4
879 122 281 35 Bankoutskottets
1184 127 169 32 utlåtande
1377 128 52 31 Nr
1453 132 52 28 15.

396 200 122 36 änkan
546 202 113 47 enligt
687 216 89 34 egen
805 203 146 47 uppgift
980 204 76 36 dels
1083 206 83 35 från
1196 207 221 37 civilstatens
1446 210 107 36 änke-
1574 212 65 35 och
1659 213 235 47 pupillkassa,
1917 218 76 35 dels

395 254 67 35 ock
491 254 12 35 i
531 256 181 47 egenskap
755 269 43 24 av
827 256 258 37 förutvarande
1113 259 183 37 lärarinna
1323 261 61 36 vid
1412 263 228 38 Stockholms
1669 266 97 36 stads
1795 266 199 40 folkskolor

395 308 141 47 uppbär
565 309 112 46 årliga
705 309 190 47 pensioner
923 310 56 35 till
1008 314 51 33 ett
1087 315 238 46 sammanlagt
1351 315 132 48 belopp
1513 329 43 24 av
1587 322 114 41 3,845
1727 320 141 36 kronor.
1919 323 73 35 Vid

394 362 129 36 sådant
565 362 225 36 förhållande
831 364 66 34 och
940 365 45 34 då
1019 364 192 49 Hennings
1241 368 221 48 anställning
1489 370 12 35 i
1530 371 214 49 riksdagens
1772 375 112 48 tjänst
1912 375 79 36 icke

394 415 94 35 varit
531 427 43 23 av
616 415 250 37 beskaffenhet
908 420 55 32 att
1005 418 158 37 medföra
1195 423 118 45 någon
1343 425 72 33 rätt
1442 422 59 37 till
1530 425 148 46 pension
1708 427 65 36 har
1801 428 188 45 utskottet,

393 480 75 24 som
497 467 13 35 i
539 469 118 46 övrigt
697 469 81 36 icke
819 469 124 37 funnit
970 473 112 45 några
1114 473 179 37 särskilda
1321 475 79 36 skäl
1429 476 175 49 föreligga
1631 478 56 36 för
1715 479 203 50 beviljande
1948 495 43 23 av

392 522 208 44 understöd,
631 522 123 37 funnit
783 523 54 48 sig
865 524 87 35 böra
981 526 171 47 avstyrka
1180 527 103 36 bifall
1310 529 57 35 till
1396 529 191 37 motionen.

501 629 183 36 Utskottet
712 630 55 35 får
795 631 153 36 sålunda
977 632 197 46 hemställa,
1213 635 2 3 '

925 743 53 33 att
1020 742 234 36 förevarande
1297 743 134 36 motion
1474 745 28 35 I:
1523 749 19 32 3
1586 745 80 36 icke
1702 750 56 33 må
1786 748 56 36 till
1870 752 119 45 någon

820 792 213 49 riksdagens
1062 796 126 46 åtgärd
1218 795 194 38 föranleda.
1666 808 2 2 |

500 897 205 37 Stockholm
734 900 69 35 den
834 904 20 32 3
886 913 96 24 mars
1015 904 110 34 1922.

931 1009 50 34 På
1010 1008 316 38 bankoutskottets
1356 1018 150 41 vägnar:

942 1115 168 35 MALTE
1140 1116 295 38 SOMMELIUS.

392 1272 54 29 Vid
472 1272 81 30 detta
577 1274 126 28 ärendes
728 1274 244 40 slutbehandling
997 1277 75 29 hava
1096 1279 145 28 närvarit:

499 1326 36 19 av
570 1318 94 29 första
700 1318 185 30 kammaren:
918 1321 102 29 herrar
1046 1321 183 38 Gustafsson,
1257 1317 141 44 Öhngren,
1431 1325 114 36 Walles,
1573 1326 171 38 Strömberg,
1770 1328 102 37 Berge,
1898 1329 89 29 Lind-

602 1372 69 27 gren
695 1364 57 28 och
776 1364 215 30 Abrahamsson
1015 1370 78 25 samt
1497 1407 11 4 -
1795 1388 2 2 :

498 1416 35 19 av
570 1407 91 29 andra
697 1407 187 30 kammaren:
912 1409 102 30 herrar
1037 1411 194 37 Kristensson,
1258 1412 172 36 Gustafsson
1455 1415 8 27 i
1490 1414 123 37 Örebro,
1639 1415 158 38 Borggren,
1823 1418 155 29 Bäcklund

605 1451 179 38 Sommelius,
810 1453 106 37 Lovén,
948 1455 153 29 Wikström
1125 1457 58 28 och
1208 1457 181 29 Strindlund.

1979 1442 7 13 »
