1928 2794
552 164 117 30 Andra
685 165 238 38 lagutskottets
940 164 175 32 utlåtande
1132 175 40 20 nr
1188 166 50 30 27.
1624 168 14 28 1

817 325 65 37 Nr
907 325 65 36 27.

242 433 181 30 Utlåtande
442 435 10 29 i
469 434 186 39 anledning
673 444 41 21 av
733 435 101 30 väckt
852 437 133 29 motion
1004 445 56 21 om
1078 435 161 39 förlängd
1258 439 163 27 semester
1438 436 55 38 för
1512 436 128 30 arbets-

416 491 126 35 tagare,
562 497 75 21 som
659 489 92 37 utför
771 489 126 38 arbete,
918 489 62 31 där
1000 490 197 37 silikosfara
1217 490 191 39 föreligger.

197 595 13 29 I
229 604 41 20 en
287 595 94 30 inom
400 596 109 30 andra
527 597 205 30 kammaren
750 597 111 36 väckt,
881 597 50 30 till
949 598 188 38 lagutskott
1156 598 169 30 hänvisad
1343 599 142 35 motion,
1505 607 41 21 nr
1566 598 73 35 251,

153 648 113 30 vilken
290 649 206 30 behandlats
522 659 41 20 av
588 651 110 29 andra
722 651 231 39 lagutskottet,
979 652 64 29 har
1068 652 79 29 herr
1171 652 185 38 Lundberg
1382 652 184 35 hemställt,
1593 655 50 27 att

156 702 203 39 »riksdagen
373 702 59 31 må
447 704 141 34 besluta,
605 707 48 27 att
668 704 10 30 i
694 705 98 38 lagen
807 714 58 21 om
880 705 163 39 förlängd
1057 708 160 27 semester
1232 705 56 31 för
1303 706 90 30 vissa
1409 706 232 38 arbetstagare

152 756 79 30 med
250 756 138 31 särskilt
408 758 185 38 pressande
612 758 80 29 eller
712 758 217 39 hälsofarligt
949 759 115 31 arbete
1084 759 128 31 införes
1230 769 77 21 som
1326 760 113 38 punkt
1458 758 44 43 6)
1514 759 126 38 arbete,

153 810 61 30 där
234 810 198 38 silikosfara
453 811 213 39 föreligger».

196 864 222 30 Beträffande
437 865 41 30 de
497 865 75 30 skäl
589 875 75 20 som
683 865 181 40 åberopats
883 867 51 30 till
951 867 77 30 stöd
1045 867 55 30 för
1119 868 91 30 detta
1227 868 157 38 yrkande
1403 867 55 31 får
1476 868 164 30 utskottet

152 918 144 29 hänvisa
314 918 49 30 till
380 918 186 31 motionen.

197 965 89 36 Över
306 972 177 30 motionen
504 973 64 29 har
590 973 165 30 utskottet
777 974 10 29 i
810 974 65 30 den
898 974 148 39 ordning
1069 973 20 40 8
1111 975 42 29 46
1175 975 352 39 riksdagsordningen
1551 975 88 31 före-

153 1025 129 30 skriver
302 1025 172 31 inhämtat
493 1027 159 38 yttrande
672 1026 80 31 från
771 1028 362 39 medicinalstyrelsen,
1155 1028 168 39 varjämte
1344 1029 147 30 svenska
1511 1029 129 30 arbets-

152 1078 319 40 givareföreningen
490 1080 65 30 och
572 1081 380 38 landsorganisationen
972 1081 10 30 i
1001 1081 137 40 Sverige
1154 1082 125 31 beretts
1297 1082 136 32 tillfälle
1451 1086 48 27 att
1518 1083 122 39 avgiva

150 1133 160 38 yttrande
328 1134 80 29 över
428 1133 186 31 motionen.
636 1134 53 30 En
710 1134 215 39 redogörelse
945 1135 55 30 för
1021 1135 187 31 innehållet
1228 1136 11 30 i
1260 1136 41 31 de
1322 1136 169 31 inkomna
1509 1139 130 37 yttran-

151 1186 88 30 dena
257 1187 135 30 lämnas
411 1187 10 29 i
440 1186 201 32 utlåtandet.

196 1294 114 39 Enligt
332 1295 66 29 den
420 1295 177 30 allmänna
621 1296 272 39 semesterlagen,
917 1297 98 38 lagen
1038 1297 66 30 den
1126 1297 42 30 29
1189 1298 76 38 juni
1290 1298 84 30 1945
1398 1308 56 21 om
1477 1301 162 28 semester

156 1346 146 39 (ändrad
320 1356 124 30 genom
462 1348 55 39 lag
536 1349 65 30 den
620 1350 41 29 29
679 1349 76 39 juni
777 1349 110 40 1946),
907 1351 80 38 äger
1007 1351 231 39 arbetstagare
1255 1351 45 39 på
1318 1352 113 39 grund
1450 1362 42 21 av
1511 1353 56 30 det
1585 1362 54 21 ar-

150 1401 85 36 bete,
251 1411 74 20 som
339 1402 69 30 han
423 1402 110 30 under
548 1405 46 27 ett
607 1402 205 31 kalenderår
832 1403 321 40 (kvalifikationsår)
1173 1404 109 31 utfört
1295 1405 56 30 för
1366 1406 272 39 arbetsgivarens

150 1454 157 39 räkning,
328 1455 68 31 rätt
417 1459 48 26 att
485 1465 41 20 av
547 1456 111 30 denne
679 1455 129 31 erhålla
830 1460 171 27 semester.
1024 1457 167 31 Semester
1212 1457 99 41 utgår
1332 1459 80 30 med
1432 1468 42 21 en
1496 1460 66 38 dag
1584 1459 55 31 för

150 1508 94 38 varje
269 1508 295 31 kalendermånad
589 1519 42 20 av
657 1509 341 37 kvalifikationsåret,
1026 1511 111 30 under
1160 1511 116 31 vilken
1300 1513 257 39 arbetstagaren
1583 1513 55 31 för

150 1562 272 38 arbetsgivarens
437 1562 148 39 räkning
599 1562 109 31 utfört
722 1564 115 30 arbete
861 1562 10 31 å
885 1564 105 30 minst
1004 1568 119 27 sexton
1138 1565 115 39 dagar,
1268 1566 65 30 och
1348 1566 80 30 med
1443 1567 196 39 ytterligare

150 1624 42 21 en
212 1615 80 30 halv
313 1616 66 38 dag
400 1615 55 31 för
476 1616 94 38 varje
591 1615 108 32 sådan
721 1616 138 36 månad,
883 1618 113 30 därest
1018 1618 255 39 arbetstagaren
1296 1619 57 31 vid
1374 1619 190 32 månadens
1587 1621 51 30 in-

150 1668 89 39 gång
257 1669 31 38 ej
307 1669 77 39 fyllt
403 1670 144 30 aderton
566 1669 48 31 år.
635 1670 182 31 Dessutom
836 1671 89 30 skall
944 1671 160 39 förlängd
1124 1676 161 27 semester
1303 1672 83 40 utgå
1405 1674 51 30 till
1475 1674 90 31 vissa
1585 1684 52 21 ar-

150 1723 191 38 betstagare
361 1723 104 39 enligt
484 1723 258 31 bestämmelser
762 1725 10 29 i
792 1734 41 20 en
854 1724 149 31 särskild
1022 1725 65 39 lag,
1109 1726 98 38 lagen
1228 1726 66 30 den
1314 1727 43 30 29
1376 1728 77 38 juni
1476 1728 83 30 1946
1581 1738 57 21 om

150 1776 160 38 förlängd
325 1779 163 28 semester
502 1777 54 37 för
572 1778 90 30 vissa
676 1778 232 38 arbetstagare
923 1778 79 31 med
1017 1779 138 30 särskilt
1169 1780 186 38 pressande
1371 1781 81 30 eller
1467 1782 171 37 hälsofar-

150 1829 60 38 ligt
229 1830 124 29 arbete.
380 1831 13 28 1
418 1828 20 40 8
459 1830 11 30 i
492 1830 214 31 sistnämnda
728 1831 64 38 lag,
816 1831 115 30 vilken
953 1832 164 38 paragraf
1137 1832 191 31 innehåller
1351 1844 42 20 en
1415 1835 222 40 uppräkning

150 1892 42 21 av
212 1883 40 30 de
272 1883 72 38 slag
364 1892 42 20 av
427 1884 149 34 arbeten,
598 1884 9 28 i
628 1883 98 39 fråga
746 1894 57 20 om
823 1885 94 30 vilka
937 1885 99 39 lagen
1056 1886 38 29 är
1115 1886 191 40 tillämplig,
1329 1887 64 31 har
1413 1887 155 40 följande
1588 1889 48 39 ly-

150 1936 103 30 delse:

195 2007 175 35 Semester,
393 2007 112 30 vartill
524 2008 67 30 rätt
611 2007 193 32 förvärvats
824 2009 104 38 enligt
948 2009 100 38 lagen
1068 2019 57 20 om
1146 2013 170 33 semester,
1339 2011 87 31 skall
1454 2012 2 30 i
1478 2013 65 30 den
1565 2022 73 21 om-

151 2051 147 39 fattning
326 2061 74 20 som
428 2052 9 29 i
465 2053 112 29 denna
604 2053 55 38 lag
686 2053 76 38 sägs
789 2052 82 39 utgå
897 2053 80 30 med
1003 2056 47 28 ett
1077 2054 131 39 förhöjt
1235 2056 94 30 antal
1357 2058 279 38 semesterdagar,

150 2096 112 30 därest
283 2096 256 39 arbetstagaren
558 2097 111 30 under
689 2098 332 31 kvalifikationsåret
1041 2098 108 31 utfört

197 2143 27 39 1)
255 2144 115 30 arbete
388 2145 110 29 under
516 2144 76 39 jord
611 2145 9 29 i
639 2153 107 30 gruva
763 2146 81 30 eller
862 2146 177 36 stenbrott,

193 2187 31 39 2)
255 2189 203 37 gruvarbete
477 2198 88 20 ovan
584 2189 78 38 jord
681 2190 10 29 i
711 2189 224 31 Norrbottens
955 2191 67 35 län,

193 2232 31 38 3)
255 2233 124 35 arbete,
399 2233 126 38 förlagt
543 2233 37 30 så
598 2236 48 27 att
663 2234 105 30 minst
785 2234 78 39 fyra
881 2235 140 30 timmar
1040 2245 41 20 av
1099 2236 208 31 arbetstiden
1326 2237 55 31 för
1400 2238 91 39 dygn
1510 2239 126 31 infallit

151 2277 123 29 mellan
295 2277 151 30 klockan
468 2278 39 29 22
529 2278 64 29 och
615 2278 149 30 klockan
787 2279 29 34 6,

193 2319 30 40 4)
254 2321 125 35 arbete,
401 2321 74 30 däri
497 2322 255 38 arbetstagaren
773 2323 109 29 under
903 2324 105 29 minst
1029 2324 76 38 fyra
1127 2325 139 30 timmar
1287 2335 42 20 av
1351 2326 209 32 arbetstiden
1582 2328 55 30 för

150 2366 91 38 dygn
261 2366 192 38 sysselsatts
479 2366 3 29 i
503 2366 190 36 mörkrum,
715 2367 80 30 eller

193 2409 31 40 5)
254 2410 125 35 arbete,
407 2410 74 30 däri
508 2411 254 39 arbetstagaren
791 2414 122 28 utsatts
940 2412 54 30 för
1022 2413 314 41 röntgenstrålning
1361 2415 81 30 eller
1469 2415 167 41 strålning

150 2454 77 30 från
246 2454 209 31 radioaktivt
473 2455 111 30 ämne.

152 2514 107 31 Bihang
277 2514 41 25 till
334 2514 167 32 riksdagens
519 2516 144 30 protokoll
682 2517 74 23 1947.
775 2518 15 23 9
807 2517 80 24 saml.
908 2518 13 23 2?
940 2518 61 24 avd.
1022 2517 39 25 Nr
1079 2519 40 24 27.
