1910 2850
519 162 319 31 Bankoutskottets
863 162 185 31 memorial
1070 162 53 32 Nr
1147 163 50 30 57.
1561 160 19 31 7

161 239 284 33 Vaktmästarna
474 241 95 30 hava
601 240 12 31 i
643 239 57 32 sin
731 239 271 36 framställning
1032 241 116 31 såsom
1177 239 112 31 motiv
1319 239 57 31 till
1407 238 217 36 löneförhöj-

120 282 89 39 ning
235 283 107 32 bland
368 286 110 29 annat
504 282 169 33 hänvisat
698 285 46 34 på
764 285 56 29 att
848 283 295 36 »portvakterna»
1169 282 63 32 vid
1256 282 193 36 riksdagen
1474 290 149 22 numera

123 326 70 33 fått
236 327 58 32 sin
337 326 172 36 avlöning
532 326 165 36 reglerad
719 326 57 31 till
801 327 18 30 9
841 326 131 31 kronor
996 335 62 27 per
1082 326 79 35 dag,
1186 327 21 29 å
1232 326 111 31 vilket
1367 325 126 36 belopp
1518 325 105 31 också

120 370 275 37 dyrtidstillägg
425 370 159 37 utginge.
635 370 160 31 Härmed
825 369 116 37 syftas
972 369 286 36 uppenbarligen
1287 369 21 30 å
1339 368 42 31 de
1411 368 98 31 inom
1536 367 89 31 riks-

122 415 195 36 dagshuset
353 414 110 31 under
497 413 184 37 pågående
715 413 147 36 riksdag
896 413 182 31 anställda
1110 414 104 29 extra
1246 412 220 36 portvakter,
1502 420 123 23 varom

120 468 93 21 ovan
243 459 119 34 talats,
394 458 98 31 vilka
521 457 144 36 jämlikt
695 456 248 36 fullmäktiges
973 457 13 30 i
1013 456 346 36 riksgäldskontoret
1388 455 152 32 berörda
1571 455 55 31 be-

121 503 72 30 slut
224 502 68 31 den
321 502 40 30 20
389 512 96 20 mars
517 501 78 31 1930
624 500 84 31 från
738 501 64 30 och
833 500 80 31 med
943 509 137 22 samma
1111 500 69 36 dag
1210 499 146 36 åtnjuta
1386 498 241 37 nyssberörda

120 546 182 36 avlöning.
324 545 122 31 Skulle
467 545 13 30 i
500 544 113 32 likhet
633 544 80 31 med
734 544 69 31 vad
826 544 95 31 varit
943 544 103 30 fallet
1068 544 86 30 åren
1176 543 77 31 1928
1274 543 65 31 och
1359 543 76 30 1929
1457 552 44 21 en
1523 544 103 29 extra

123 588 254 35 gratifikation
394 599 47 20 av
462 589 18 30 1
498 588 115 31 krona
632 587 137 37 jämväl
790 587 244 31 innevarande
1053 588 41 31 år
1115 586 156 32 tilldelas
1288 586 103 32 dessa
1408 594 102 23 extra
1531 589 94 33 port-

121 631 138 36 vakter,
280 631 116 32 skulle
416 632 101 31 dessa
539 630 209 36 härigenom
769 631 140 30 komma
932 632 54 29 att
1009 631 57 30 för
1087 640 43 21 en
1151 629 131 32 månad
1303 639 56 21 om
1380 630 38 30 30
1439 630 113 35 dagar
1575 631 50 29 åt-

121 676 105 36 rjuta
253 685 137 21 samma
418 675 181 36 avlöning,
627 684 75 21 som
729 675 13 30 i
769 674 168 36 bifogade
964 673 117 32 tablås
1109 674 113 31 första
1249 675 157 29 moment
1432 673 194 31 beräknats

123 721 88 34 utgå
238 719 56 32 till
322 718 246 32 vaktmästare
594 718 96 31 inom
717 727 115 27 grupp
860 718 28 36 2,
914 717 86 31 eller
1028 717 59 31 386
1113 717 131 31 kronor
1271 726 63 26 per
1359 717 142 31 månad.
1548 716 78 32 Den

122 761 303 37 löneförhöjning,
453 771 76 22 som
557 761 131 32 beretts
718 760 281 36 ifrågavarande
1029 762 102 29 extra
1159 760 219 36 portvakter,
1408 760 76 36 har,
1513 761 112 34 enligt

123 806 70 31 vad
236 806 163 34 framgår
439 814 47 22 av
515 803 430 37 riksgäldsfullmäktiges
975 804 178 36 protokoll
1184 804 56 31 för
1271 803 244 37 nyssnämnda
1546 805 79 34 dag,

125 848 189 32 föranletts
341 858 48 21 av
417 850 53 31 att
499 847 207 37 delegerade
732 848 56 31 uti
815 848 62 31 sitt
905 847 231 31 omförmälta
1162 846 224 32 betänkande
1413 846 213 36 framhållit,

127 895 70 29 »att
226 892 103 33 deras
356 891 246 37 tjänstgöring
628 892 112 31 måste
765 900 104 23 anses
895 901 98 21 mera
1020 890 266 36 ansträngande
1313 893 46 28 än
1386 891 240 31 vaktmästar-

124 944 94 23 nas».

164 978 239 32 Beträffande
443 978 69 31 den
555 978 57 31 till
642 977 206 36 jämförelse
881 977 238 32 omförmälda
1151 977 218 36 avlöningen
1400 978 57 31 för
1488 978 45 31 de
1564 977 62 31 hos

122 1021 319 32 statsrevisorerna
467 1022 65 30 och
557 1021 225 36 kyrkomötet
809 1020 180 32 anställda
1014 1020 246 32 vaktmästare
1284 1020 91 36 vilja
1399 1020 227 36 kanslidepu-

122 1066 122 31 terade
269 1065 206 36 framhålla,
500 1066 53 30 att
580 1065 101 31 dessa
707 1064 262 32 vaktmästares
994 1064 122 31 arbete
1141 1064 75 31 dels
1242 1067 40 28 är
1306 1074 44 21 av
1376 1064 251 36 kortvarigare

123 1108 67 31 och
237 1118 98 21 mera
384 1108 164 36 tillfällig
598 1109 108 31 natur
734 1110 46 28 än
807 1107 469 36 riksdagsvaktmästarnas,
1304 1108 74 31 dels
1406 1107 64 31 ock
1499 1107 128 32 åtmin-

125 1153 99 30 stone
271 1152 72 31 vad
389 1151 181 32 beträffar
598 1151 42 31 de
669 1152 96 30 inom
794 1151 294 32 statsrevisionen
1117 1151 208 37 sysselsatta
1352 1151 274 31 vaktmästarna

122 1204 48 22 av
191 1194 157 32 särdeles
367 1194 227 37 betungande
614 1196 59 30 art
696 1203 126 26 genom
843 1195 67 31 den
932 1193 169 37 ständiga
1122 1196 183 34 transport
1327 1203 46 22 av
1393 1194 234 36 räkenskaps-

123 1236 95 34 band
243 1239 65 30 och
334 1236 146 33 därmed
507 1237 352 36 sammanhängande
886 1237 170 36 göromål,
1082 1248 75 22 som
1183 1238 273 35 ifrågakomma.

166 1314 205 33 Stockholm
390 1315 68 32 den
477 1316 38 30 14
535 1315 73 37 maj
629 1315 87 32 1930.

574 1401 52 32 På
648 1400 355 37 kanslideputerades
1026 1404 154 33 vägnar:

700 1478 45 31 K.
770 1489 73 22 von
868 1478 183 32 GEIJER.

1202 1571 84 33 Carl
1311 1572 96 32 Gust.
1433 1571 158 32 Beskow.

254 1713 112 30 Tablå,
386 1714 159 24 avseende
564 1714 417 29 riksdagsvaktmästarnas
1000 1713 411 30 avlöningsframställning
1431 1714 79 23 1930.

169 1789 125 32 Nedan
319 1790 160 36 angivna
509 1798 156 27 grupper
691 1798 84 22 avse
805 1788 160 36 följande
993 1789 57 31 till
1078 1788 367 38 månadsavlöningar
1472 1790 92 30 efter
1592 1790 38 30 30

129 1833 113 35 dagar
270 1833 234 31 förvandlade
532 1832 238 36 dagarvoden,
799 1832 183 35 nämligen
1011 1841 116 27 grupp
1156 1833 18 29 1
1200 1832 19 30 8
1246 1832 144 35 kronor;
1420 1841 117 28 grupp
1566 1834 18 29 2
1612 1833 18 30 9

127 1875 145 37 kronor;
298 1885 116 27 grupp
438 1876 17 31 3
479 1876 37 31 10
539 1875 141 32 kronor.
722 1874 72 32 Till
817 1885 115 26 grupp
956 1877 17 29 1
997 1875 194 33 hänfördes
1214 1876 78 30 1928
1315 1876 38 30 39
1374 1877 255 34 vaktmästare,

127 1920 57 31 till
210 1928 116 27 grupp
350 1920 18 29 2
393 1919 72 31 fem
487 1919 244 30 vaktmästare
758 1918 125 34 (förste
908 1919 270 30 vaktmästaren
1202 1919 13 30 i
1239 1919 266 31 statsutskottet
1530 1920 65 30 och
1620 1919 12 30 i

126 1961 411 38 tryckeriexpeditionen
578 1959 205 38 anställda),
822 1961 57 31 till
920 1971 117 26 grupp
1066 1962 19 30 3
1115 1962 83 36 fyra
1226 1962 245 31 vaktmästare
1505 1962 123 35 (förste

126 2004 246 31 vaktmästare
394 2007 91 30 samt
506 2004 325 35 postvaktmästare
855 2005 10 30 i
888 2004 222 35 kamrarna).

1031 2075 4 2 -
1383 2081 2 14 i
1470 2076 12 2 =

962 2100 86 28 Grupp
1069 2100 11 22 I
1194 2099 86 30 Grupp
1301 2100 25 22 II
1434 2099 86 30 Grupp
1540 2101 40 22 III

152 2215 167 24 Nuvarande
339 2215 47 23 lön
408 2217 73 21 samt
501 2213 205 32 dyrtidstillägg
727 2213 26 27 +
772 2215 10 22 1
799 2214 97 24 krona|
1041 2212 51 24 346
1286 2212 51 24 386
1384 2230 2 5 |
1530 2213 52 24 426

152 2269 50 22 D:o
224 2267 44 24 d:o
290 2266 28 27 +
343 2268 10 22 1
376 2267 88 24 krona
483 2267 32 23 50
535 2269 48 21 Öre
613 2282 274 5 ssssosesereresssresssrer
895 2270 1 12 |
1042 2264 49 24 361
1140 2266 2 4 |
1286 2263 50 25 401
1531 2265 50 24 4141

153 2320 48 23 D:o
222 2318 45 25 d:io
292 2318 25 26 +
341 2319 14 22 2
376 2318 106 24 kronOr
508 2333 380 6 sossostosseerssresrrrersee
812 2314 32 34 sis
856 2314 35 34 ora
895 2310 1 10 |
1043 2316 51 23 36
1140 2334 2 8 |
1286 2315 51 24 416
1531 2315 52 25 456

154 2407 66 23 1928
253 2403 44 26 års
331 2405 175 31 delegerades
540 2406 102 30 förslag
674 2405 216 31 begynnelselön

692 2450 73 22 samt
784 2449 104 23 slutlön
923 2442 17 41 —
953 2446 139 24 320—3635
1199 2445 139 25 360—-405
1444 2445 140 25 400—445

1669 240 64 30 Ang.
1753 241 72 22 vakt-

1670 277 151 21 mästarnas

1667 310 154 32 jämförelse

1672 346 59 23 med
1749 347 76 22 extra

1664 381 165 30 portvakters
