1884 2784
480 157 125 40 Tredje
632 157 249 40 lagutskottets
907 159 182 30 utlåtande
1114 169 44 20 nr
1184 160 50 29 12.
1576 161 43 30 19

93 240 204 30 stämmelse
314 241 180 30 meddelas
513 251 58 20 om
588 241 210 40 befogenhet
816 242 56 31 för
893 244 276 30 vattendomstol
1187 246 51 28 att
1256 245 168 29 förordna
1444 253 57 21 om
1521 254 94 21 ome-

93 289 122 31 delbar
242 291 267 40 verkställighet
540 301 42 21 av
609 292 344 40 ersättningsbeslut,
984 303 76 22 som
1089 294 179 30 meddelas
1298 295 89 31 efter
1417 295 197 30 tillståndet

94 340 54 30 till
171 340 59 30 det
254 341 136 40 företag
413 342 84 30 eller
523 342 67 30 den
614 343 124 39 åtgärd
762 352 75 21 som
862 343 202 31 föranleder
1088 344 147 31 skadan.

137 441 354 40 Remissyttrandena
516 444 60 29 äro
600 444 12 29 i
636 445 89 28 stort
750 446 66 27 sett
842 431 259 57 tillstyrkande.
1131 446 263 39 Invändningar
1418 456 42 20 av
1484 447 130 39 princi-

93 492 82 38 piell
196 494 106 28 natur
323 493 45 30 ha
390 494 91 29 dock
503 493 184 31 framförts
710 494 81 30 från
813 505 42 20 en
878 495 54 30 del
955 495 82 36 håll,
1059 496 44 29 bl.
1128 506 29 20 a.
1180 496 279 40 Riksförbundet
1480 497 135 30 Lands-

94 543 155 38 bygdens
266 543 78 40 folk
363 544 66 30 och
447 544 387 41 Advokatsamfundets
853 546 159 40 styrelse.

137 644 399 40 Departementschefen
562 645 104 43 anför
696 646 256 40 inledningsvis
980 647 159 40 följande
1166 648 181 30 allmänna
1374 649 238 39 synpunkter:

141 694 86 30 >Det
252 694 103 30 råder
380 695 77 29 icke
485 696 129 30 tvekan
641 705 58 20 om
725 698 51 29 att
803 698 266 29 vattenkraften
1095 698 10 29 i
1132 698 77 30 vårt
1236 699 83 29 land
1346 699 111 30 under
1484 700 129 39 många

93 744 38 29 år
151 744 131 30 framåt
300 745 162 30 kommer
482 748 51 28 att
551 746 47 29 bli
618 746 149 31 föremål
786 747 56 30 för
861 757 43 20 en
925 748 162 30 forcerad
1106 749 213 39 utbyggnad.
1339 749 53 30 En
1411 750 204 39 utveckling

93 795 11 28 i
130 795 69 29 den
225 795 204 39 riktningen
457 796 121 39 gjorde
605 797 51 39 sig
682 797 168 31 märkbar
880 799 111 29 redan
1016 799 113 30 under
1156 800 84 29 åren
1266 801 160 29 närmast
1452 801 76 29 före
1555 801 59 30 det

94 847 138 28 senaste
260 846 245 39 världskriget.
532 847 98 30 Efter
655 847 271 40 krigsutbrottet
953 849 161 40 skärptes
1141 850 90 39 läget
1257 851 202 39 ytterligare
1487 858 125 32 genom

93 897 51 29 att
166 896 176 39 importen
366 906 43 21 av
431 897 59 30 kol
515 898 66 29 och
603 900 110 28 annat
735 898 141 30 bränsle
900 899 12 29 i
934 900 173 39 väsentlig
1132 901 85 38 grad
1240 901 78 30 blev
1341 901 168 30 hämmad
1531 902 81 29 med

92 946 110 30 därav
222 946 159 39 följande
402 948 93 29 ökad
516 948 217 39 efterfrågan
753 949 45 40 på
823 949 171 30 elektrisk
1015 950 107 30 kraft.
1144 950 95 31 även
1260 952 109 29 sedan
1391 951 113 40 kriget
1526 961 87 31 upp-

91 996 110 30 hörde
223 997 66 29 och
310 997 280 40 importspärren
611 999 100 30 blivit
732 999 103 34 hävd,
857 1000 66 29 har
945 1000 377 31 kraftkonsumtionen
1346 1002 154 39 alltjämt
1522 1003 92 30 före-

93 1048 65 29 tett
182 1056 44 20 en
249 1047 198 39 betydande
473 1048 142 40 ökning.
641 1049 65 30 Det
732 1050 39 29 är
796 1050 194 38 självfallet
1015 1060 43 21 av
1084 1053 73 28 stor
1182 1052 74 31 vikt
1281 1054 52 28 att
1358 1053 95 29 detta
1478 1053 138 40 årligen

92 1097 113 30 ökade
225 1098 212 30 kraftbehov
457 1101 86 27 utan
563 1100 111 29 större
694 1100 220 30 tidsutdräkt
938 1101 72 30 kan
1029 1101 213 39 tillgodoses.

138 1149 14 28 I
168 1148 58 31 det
242 1149 156 32 rådande
415 1150 92 38 läget
522 1150 65 30 har
602 1151 58 29 det
675 1150 100 31 blivit
791 1151 218 41 nödvändigt
1026 1154 51 29 att
1095 1154 83 38 göra
1195 1163 42 20 en
1254 1154 149 39 översyn
1421 1165 41 20 av
1479 1156 138 29 vatten-

93 1198 268 41 lagstiftningen
381 1200 10 29 i
413 1201 91 38 syfte
524 1202 50 28 att
593 1201 234 30 vattenkraft-
846 1202 66 30 och
931 1204 454 40 vattenregleringsföretag
1405 1206 99 29 skola
1523 1206 92 29 kun-

92 1258 46 20 na
160 1249 224 39 genomföras
407 1251 80 29 med
510 1250 130 32 minsta
662 1251 145 40 möjliga
831 1252 184 40 dröjsmål.
1039 1254 48 31 De
1110 1255 89 30 krav
1221 1264 75 21 som
1319 1264 148 22 numera
1491 1256 128 30 ställas.

92 1299 45 39 på
163 1299 58 30 det
249 1300 160 39 rättsliga
436 1301 220 31 förfarandet
684 1302 57 30 vid
768 1303 148 40 ingrepp
943 1304 11 29 i
982 1305 254 39 vattendragen
1263 1306 56 30 för
1346 1307 270 30 kraftändamål

92 1350 61 29 äro
173 1350 187 39 väsentligt
382 1351 111 30 andra
514 1352 44 29 än
579 1361 83 20 man
683 1353 57 29 vid
761 1353 220 30 tillkomsten
1002 1364 43 20 av
1065 1356 223 39 vattenlagen
1309 1357 91 32 hade
1422 1358 190 39 anledning

92 1400 112 29 räkna
226 1400 90 29 med.
340 1400 65 30 Det
428 1402 193 38 trängande
643 1402 147 30 behovet
812 1412 44 21 av
877 1405 52 28 att
950 1404 401 40 kraftutbyggnaderna,
1374 1407 112 30 ehuru
1510 1408 107 30 dessa

92 1450 137 38 företag
251 1450 75 30 ofta
349 1451 61 29 äro
433 1452 141 38 mycket
597 1452 231 35 omfattande,
853 1454 124 31 kunna
1000 1455 106 39 något
1131 1456 39 30 så
1193 1457 64 29 när
1283 1457 126 31 snabbt
1433 1459 185 38 genomfö-

90 1506 55 21 ras
170 1497 162 40 påkallar
358 1500 145 30 särskilt
528 1500 312 41 hänsynstagande
866 1503 81 30 från
974 1505 295 31 statsmakternas
1295 1507 87 30 sida.

136 1549 66 40 Jag
218 1549 60 31 vill
295 1549 53 30 till
365 1560 43 20 en
425 1551 127 39 början
569 1553 116 30 erinra
702 1562 57 20 om
776 1553 43 30 de
836 1554 186 31 kännbara
1037 1556 275 40 påfrestningar,
1330 1558 56 29 för
1403 1558 94 31 vilka
1515 1560 99 29 dom-

92 1599 376 40 stolsorganisationen
487 1603 129 29 utsatts
640 1602 5 30 i
665 1603 171 31 samband
855 1606 81 29 med
955 1606 67 29 den
1040 1606 166 31 inträdda
1224 1607 258 41 utvecklingen.
1501 1609 110 32 Dessa

92 1650 215 39 svårigheter
326 1651 65 29 har
412 1661 83 20 man
515 1652 52 29 till
587 1662 43 20 en
649 1652 128 40 början
797 1655 80 30 sökt
896 1655 179 31 bemästra
1097 1664 124 32 genom
1243 1657 176 41 tillfälliga
1440 1660 172 31 förstärk-

91 1701 137 38 ningar.
257 1701 43 30 Så
327 1701 222 40 småningom
576 1703 65 30 har
668 1704 57 30 det
752 1705 195 31 emellertid
975 1706 183 32 befunnits
1186 1708 223 41 erforderligt
1436 1712 51 28 att
1514 1720 97 22 mera

89 1748 270 40 stadigvarande
389 1751 110 30 utöka
529 1752 295 40 organisationen,
855 1755 109 29 vilket
992 1756 93 30 skett
1114 1757 44 29 bl.
1189 1768 30 19 a.
1250 1766 126 31 genom
1404 1760 204 31 inrättande

98 1800 97 32 (från
218 1801 67 29 den
310 1801 13 29 1
347 1801 68 39 juli
440 1802 101 34 1949)
569 1813 43 20 av
634 1812 42 21 en
699 1813 47 30 ny
766 1806 286 30 vattendomstol.
1076 1807 138 39 Frågan
1237 1818 56 20 om
1316 1810 202 40 ytterligare
1541 1812 71 29 för-

88 1848 186 41 stärkning
298 1859 42 21 av
365 1851 286 39 organisationen
674 1853 65 30 har
763 1854 46 39 på
833 1854 132 31 sistone
990 1855 99 31 blivit
1114 1857 143 30 aktuell.
1284 1859 118 39 Enligt
1426 1860 182 39 bemyndi-

89 1898 111 38 gande
222 1909 42 20 av
285 1900 126 38 Kungl.
432 1901 106 39 Maj:t
558 1903 67 29 den
648 1903 40 29 20
711 1904 197 38 september
932 1905 82 30 1951
1037 1906 64 30 har
1120 1907 62 39 jag
1203 1907 165 31 tillkallat
1390 1919 42 20 en
1453 1911 153 30 särskild

87 1947 204 42 sakkunnig
306 1951 52 29 att
375 1950 97 30 inom
489 1951 419 41 justitiedepartementet
925 1954 140 31 biträda
1082 1957 79 29 med
1181 1958 189 40 utredning
1387 1961 149 29 rörande
1555 1961 52 30 in-

92 2001 296 39 stansordningen
405 2003 10 29 i
432 2003 192 30 vattenmål
641 2004 65 29 och
723 2005 145 30 därmed
887 2007 350 39 sammanhängande
1257 2010 171 38 spörsmål
1449 2013 90 28 samt
1557 2013 54 29 rö-

91 2051 109 29 rande
222 2052 381 31 vattendomstolarnas
626 2053 110 31 behov
759 2064 42 20 av
820 2055 173 39 juridiskt
1015 2057 64 29 och
1102 2058 157 30 tekniskt
1282 2059 178 32 utbildade
1483 2061 126 31 befatt-

91 2100 245 39 ningshavare.

127 2150 94 30 Även
242 2151 104 30 såvitt
365 2153 109 38 angår
494 2153 111 38 själva
624 2154 417 39 prövningsförfarandet
1061 2158 64 29 har
1144 2169 82 19 man
1246 2159 126 32 hittills
1391 2161 138 30 kunnat
1548 2163 62 29 nå-

90 2202 57 37 got
164 2201 39 29 så
219 2202 64 29 när
300 2201 174 31 behärska
492 2204 90 38 läget
599 2205 78 28 med
695 2204 99 40 hjälp
812 2215 42 20 av
870 2206 240 39 provisoriska
1127 2208 173 39 åtgärder.
1317 2210 66 38 Jag
1401 2212 111 37 syftar
1530 2213 81 29 här-

89 2251 57 29 vid
168 2250 127 30 främst
315 2252 43 38 på
379 2252 100 38 lagen
500 2253 66 29 den
587 2254 41 28 20
648 2254 146 30 oktober
816 2256 84 28 1939
921 2258 80 29 med
1023 2258 174 30 särskilda
1218 2259 265 32 bestämmelser
1504 2263 105 37 angå-

86 2298 88 30 ende
191 2298 154 41 tillfällig
362 2302 304 39 vattenreglering.
684 2303 93 30 även
796 2304 10 28 i
824 2305 67 29 den
909 2305 83 30 mån
1011 2308 155 28 nämnda
1186 2308 54 38 lag
1258 2309 29 38 ej
1309 2310 89 29 varit
1419 2311 185 39 tillämplig

86 2349 46 30 ha
153 2349 241 31 domstolarna
417 2351 282 30 understundom
720 2353 119 31 funnit
860 2354 51 39 sig
934 2356 202 30 nödsakade
1160 2359 50 27 att
1233 2359 8 28 i
1263 2359 93 29 vissa
1378 2360 225 31 hänseenden

86 2399 83 37 göra
191 2398 195 31 avvikelser
408 2400 80 29 från
510 2402 57 29 det
589 2401 163 31 ordinära
775 2402 232 32 förfarandet.
1031 2406 102 29 Detta
1155 2407 74 38 läge
1252 2408 69 30 kan
1345 2410 88 28 dock
1457 2420 146 21 numera

85 2448 77 30 icke
182 2451 108 37 gärna
309 2459 103 20 anses
432 2450 161 30 hållbart.
616 2452 83 30 1939
719 2452 56 29 års
797 2453 54 39 lag
870 2455 38 28 är
929 2464 42 19 av
992 2456 184 38 utpräglad
1199 2457 260 38 kriskaraktär;
1483 2462 119 29 starka
