2225 2665
456 138 41 32 24
904 146 248 36 Statsutskottets
1181 151 167 36 Utlåtande
1370 155 63 34 N-o
1457 157 51 31 20.

541 220 111 38 Såväl
697 224 286 38 vederbörande
1029 230 228 37 arrendator
1296 244 81 26 som
1419 236 74 36 ock
1532 237 140 49 Kungl.
1714 241 129 47 Maj:ts
1871 243 133 38 befall-

411 272 301 48 ningshafvande
748 276 115 38 hafva
899 279 320 51 tillkännagifvit,
1259 287 58 35 att
1353 288 59 36 uti
1449 289 65 37 det
1550 292 164 37 rörande
1748 295 256 46 egendomens

410 327 295 50 utarrendering
734 331 121 36 under
883 335 58 34 ett
969 336 42 33 år
1039 333 84 38 från
1152 336 73 37 den
1248 340 45 34 14
1312 351 102 26 mars
1442 345 94 34 1907
1559 347 234 45 upprättade
1813 348 191 39 kontrakt

409 377 293 49 ifrågavarande
743 386 218 36 vattenrätt
1001 387 13 35 i
1054 388 208 48 Munksjön
1303 394 252 49 undantagits
1594 397 86 39 från
1709 402 192 47 arrendet,
1932 404 71 36 och

407 431 72 36 har
506 432 139 49 Kungl.
675 435 128 48 Maj:ts
823 437 419 50 befallningshafvande
1262 443 207 51 hemställt,
1496 451 60 34 att
1575 452 255 45 egendomens
1850 458 152 34 vatten-

404 487 82 34 rätt
514 486 13 35 i
557 486 206 49 Munksjön
791 493 121 34 måtte
941 491 60 36 till
1036 494 133 36 staden
1198 497 180 47 upplåtas
1405 504 83 33 mot
1516 504 226 49 ersättning,
1773 519 81 24 som
1882 508 119 37 borde

403 537 232 39 bestämmas
675 541 13 35 i
721 542 73 36 den
824 543 174 49 ordning,
1029 546 133 49 kungl.
1192 548 277 53 förordningen
1498 555 73 36 den
1603 560 45 37 14
1678 558 98 47 april
1808 562 96 35 1866
1935 574 65 25 an-

403 592 148 45 gående
581 592 108 48 jords
730 595 92 36 eller
861 596 200 49 lägenhets
1103 600 195 40 afstående
1340 604 58 37 för
1426 607 162 38 allmänt
1616 610 121 37 behof
1760 613 197 49 stadgade,
1987 616 13 35 i

403 641 159 40 hvilken
590 645 229 39 hemställan
848 650 327 48 domänstyrelsen
1203 655 169 39 instämt.

532 699 52 35 På
624 702 127 44 grund
793 702 41 35 af
870 702 196 38 föreskrift
1100 707 6 33 i
1135 708 137 47 nådigt
1312 711 87 35 bref
1432 713 72 35 den
1543 717 46 33 29
1614 715 156 46 januari
1801 721 95 33 1895
1926 720 72 36 har

402 750 57 35 ett
501 751 154 36 område
698 765 60 23 om
801 756 83 44 45,6
926 755 140 38 hektar
1093 758 41 36 af
1157 761 236 46 egendomen
1422 764 164 39 afträdts
1614 768 61 36 till
1703 769 228 48 disposition
1960 773 37 36 af

402 802 392 51 arméförvaltningen
822 807 59 36 för
909 810 60 34 att
997 812 194 36 användas
1220 814 61 35 till
1309 817 218 37 exercisfält
1554 819 60 37 för
1640 822 67 36 det
1734 822 14 37 i
1771 823 225 51 Jönköping

401 853 175 49 förlagda
605 858 415 49 artilleriregementet.
1076 864 133 48 Enligt
1236 867 139 48 Kungl.
1405 871 129 47 Maj:ts
1552 872 443 50 befallningshafvandes

400 907 128 48 utslag
569 909 73 37 den
673 913 44 34 16
743 911 86 47 juni
867 915 94 35 1896
992 914 70 37 har
1090 917 66 36 det
1183 917 212 41 frånskilda
1423 925 175 36 området
1626 929 121 35 åsatts
1778 927 38 41 +
1846 932 148 35 mantal

401 959 71 36 och
501 962 255 46 egendomens
785 967 242 36 återstående
1056 969 60 36 del
1146 973 19 32 2
1185 969 39 42 '/,
1255 975 158 36 mantal.

525 1014 88 36 Med
627 1015 108 37 bifall
750 1017 61 36 till
827 1018 73 36 den
916 1022 45 33 22
980 1020 172 38 sistlidne
1167 1036 101 24 mars
1283 1026 61 35 till
1359 1027 219 50 Riksdagen
1594 1031 141 38 aflåten
1749 1036 243 46 proposition

394 1064 71 37 har
492 1066 219 49 Riksdagen
738 1070 213 48 medgifvit,
984 1075 69 44 att,
1083 1076 121 35 under
1232 1076 281 53 förutsättning
1533 1085 60 34 att
1613 1085 135 36 staden
1766 1087 225 49 Jönköping

392 1117 126 37 blefve
552 1120 174 36 bestämd
755 1124 121 35 såsom
904 1124 331 50 förläggningsort
1261 1129 60 37 för
1349 1132 243 50 Jönköpings
1619 1142 232 44 regemente,
1880 1140 105 38 förra

391 1169 456 50 landshöfdingbostället
897 1179 19 31 2
943 1176 36 39 '/,
1019 1181 148 37 mantal
1221 1183 154 45 Rydhof
1421 1198 61 23 n:o
1528 1190 16 31 1
1589 1188 123 46 jämte
1756 1191 233 47 lägenheten

392 1221 302 48 Uppsalahalsen
731 1226 12 34 i
780 1227 242 50 Jönköpings
1049 1230 78 48 län,
1155 1234 88 35 med
1270 1236 201 49 undantag
1499 1239 42 35 af
1564 1242 131 46 torpet
1721 1243 164 37 Holmen
1914 1245 74 36 och

389 1277 268 35 vattenrätten
685 1278 13 35 i
725 1278 219 49 Munksjön,
974 1282 12 35 i
1015 1283 73 35 den
1125 1287 89 34 mån
1252 1287 124 37 denna
1403 1293 81 33 rätt
1512 1291 129 38 kunde
1669 1294 14 35 i
1711 1296 210 49 anledning
1949 1298 43 36 af

389 1326 243 51 Jönköpings
673 1331 103 35 stads
818 1331 250 40 förevarande
1110 1338 216 49 ansökning
1366 1343 118 35 varda
1525 1344 61 36 till
1623 1347 135 36 staden
1786 1350 197 46 upplåten,

387 1378 101 49 finge
517 1381 73 36 den
622 1384 45 33 14
695 1395 100 24 mars
828 1387 95 34 1908
954 1387 253 40 öfverlämnas
1235 1392 61 36 till
1315 1393 300 40 landtförsvaret
1633 1398 61 37 för
1712 1403 60 33 att
1791 1401 193 48 begagnas

386 1431 62 36 till
489 1433 225 48 öfningsfält
755 1449 49 23 m.
846 1450 49 24 m.
938 1439 59 35 för
1033 1443 168 35 nämnda
1229 1450 219 42 regemente
1478 1448 72 36 och
1578 1450 198 38 Smålands
1805 1455 178 36 artilleri-

385 1489 231 42 regemente.

512 1539 135 48 Enligt
687 1540 101 37 hvad
825 1542 68 48 jag
933 1544 86 37 från
1060 1546 262 51 vederbörligt
1362 1551 80 37 håll
1479 1554 134 37 erfarit
1641 1556 71 36 har
1740 1558 73 36 den
1842 1559 14 35 i
1884 1559 97 37 före-

383 1591 166 36 nämnda
590 1592 142 47 nådiga
774 1594 85 36 bref
896 1595 41 37 af
974 1598 73 36 den
1091 1601 18 33 6
1152 1601 75 47 maj
1274 1605 95 35 1898
1399 1603 232 40 föreskrifna
1659 1611 322 49 ägostycknings-

381 1640 242 51 förrättning
664 1650 103 32 ännu
809 1647 85 35 icke
937 1652 66 44 ägt
1044 1662 84 25 rum
1167 1653 92 37 eller
1287 1667 65 24 ens
1381 1658 172 37 ansökan
1582 1661 134 37 därom
1744 1662 133 48 gjorts.
1935 1665 43 47 Ej

380 1691 122 39 heller
530 1701 43 30 är
601 1697 75 45 det,
707 1698 70 36 har
806 1699 65 36 det
898 1702 213 37 meddelats
1139 1705 90 47 mig,
1251 1708 304 39 vederbörandes
1575 1712 118 37 afsikt
1712 1717 61 34 att
1792 1716 185 47 påfordra

381 1744 298 51 förrättningen,
710 1749 130 38 förrän
870 1752 151 49 slutligt
1049 1756 126 37 beslut
1204 1760 210 38 meddelats
1434 1762 12 36 i
1466 1775 52 24 nu
1552 1763 251 41 förevarande
1824 1770 150 36 ärende.

507 1800 130 37 Såsom
670 1801 42 36 af
740 1803 74 35 den
841 1804 107 37 förut
975 1806 176 38 lämnade
1180 1811 268 47 redogörelsen
1475 1815 60 36 för
1563 1816 212 39 innehållet
1808 1820 41 36 af
1872 1818 103 55 NySss-

377 1853 167 35 nämnda
571 1853 142 48 nådiga
741 1856 88 35 bref
851 1856 182 49 framgår,
1062 1859 71 37 har
1157 1862 59 36 till
1237 1865 134 36 staden
1391 1866 163 38 allenast
1581 1870 189 47 upplåtits
1791 1875 58 34 ett
1867 1874 106 46 visst,

375 1913 141 35 genom
549 1906 232 47 angifvande
810 1908 41 36 af
874 1909 99 36 vissa
1002 1912 217 48 ägofigurer
1246 1916 194 38 bestämdt
1469 1922 155 35 område
1653 1922 43 37 af
1719 1926 255 46 egendomens

374 1956 123 37 mark.
553 1958 73 37 Det
658 1960 110 35 torde
802 1960 112 38 alltså
942 1962 133 38 kunna
1101 1978 122 36 yppas
1253 1968 104 38 olika
1385 1972 200 48 meningar
1605 1974 124 49 ifråga
1759 1989 62 24 om
1850 1978 120 37 öfver-

373 2005 259 52 hufvudtaget
651 2012 135 36 staden
807 2013 222 48 därigenom
1048 2016 213 40 förvärfvat
1280 2025 128 44 någon
1428 2024 61 36 del
1510 2025 41 36 af
1568 2026 237 39 hemmanets
1821 2032 150 35 vatten-

373 2062 92 35 rätt.
521 2063 225 36 Emellertid
789 2067 110 35 torde
941 2068 65 36 det
1047 2082 76 35 nog
1164 2071 164 39 förhålla
1370 2075 56 48 sig
1467 2079 51 43 så,
1561 2090 80 25 som
1683 2080 13 36 i
1724 2082 74 36 den
1835 2084 136 35 under-

372 2111 142 50 dåniga
548 2115 335 50 framställningen
912 2119 12 36 i
952 2119 252 41 förevarande
1233 2127 140 36 ärende
1403 2128 161 48 anföres,
1596 2134 60 34 att
1683 2145 91 25 man
1800 2135 65 36 vid
1892 2135 77 37 för-

370 2165 151 38 värfvet
562 2168 41 35 af
638 2167 251 39 förenämnda
923 2174 155 35 område
1106 2175 86 37 från
1220 2180 153 35 stadens
1401 2180 82 37 sida
1509 2181 76 38 fäst
1614 2196 47 24 en
1688 2186 73 36 viss
1789 2187 86 37 vikt
1903 2188 65 37 vid

371 2217 72 36 och
484 2219 111 37 äfven
636 2223 133 45 utgått
809 2223 112 47 ifrån,
961 2228 59 34 att
1049 2228 86 35 med
1163 2229 72 36 den
1263 2231 241 38 förvärfvade
1533 2237 161 35 marken
1723 2239 122 37 skulle
1873 2239 94 48 följa

369 2268 111 38 äfven
522 2273 233 37 åtminstone
791 2277 128 45 någon
948 2277 61 36 del
1038 2279 42 36 af
1102 2283 129 34 rätten
1260 2283 61 36 till
1349 2285 225 47 Munksjöns
1602 2292 144 44 vatten,
1777 2294 100 34 samt
1906 2294 60 35 att
