2147 2652
701 224 264 37 Stats-Utskottets
990 227 168 34 Memorial
1180 229 63 32 N:o
1265 230 53 32 44.
1731 231 38 32 15

218 311 82 33 efter
344 310 327 42 omständigheterna,
717 312 152 41 antingen
912 312 133 42 tillägga
1085 313 258 42 tjenstemannen
1378 314 73 33 hela
1484 314 99 33 lönen
1623 316 10 31 i
1671 317 145 41 pension,

217 363 104 32 ehvad
361 362 37 33 de
437 362 193 33 föreskrifna
670 362 140 33 lefnads-
849 364 61 32 och
939 364 196 42 tjensteåren
1165 370 55 27 äro
1243 365 174 42 uppnådda
1440 366 78 32 eller
1545 366 80 40 icke,
1654 368 79 32 eller
1759 368 61 33 ock

218 414 147 42 tillämpa
400 414 39 32 de
471 414 141 41 grunder
639 414 50 33 för
715 416 196 41 pensionens
934 415 254 41 bestämmande,
1219 427 67 22 som
1314 419 8 29 i
1351 421 72 28 näst
1449 418 193 40 föregående
1670 421 153 39 paragraf

218 468 56 30 äro
302 465 179 33 faststälda.

350 517 116 32 Derest
489 518 70 31 åter
585 517 210 33 vakimästare
816 517 77 40 förr,
922 521 41 28 än
1002 518 64 32 han
1094 520 140 39 uppnått
1268 518 60 32 den
1367 519 50 32 för
1444 520 153 41 pensions
1635 521 186 33 erhållande

218 565 168 35 bestämda
420 568 217 32 lefnadsålder
673 569 59 33 och
769 569 179 42 tjenstetid,
987 569 103 32 skulle
1128 581 112 29 genom
1277 570 174 42 sjuklighet
1473 571 78 32 eller
1582 572 35 32 af
1640 583 104 21 annan
1768 584 48 21 or-

216 619 58 32 sak
307 619 99 32 blifva
441 618 184 44 oförmögen
663 624 49 28 att
744 621 71 31 sina
842 620 337 42 tjensteskyldigheter
1206 621 109 33 vidare
1338 621 150 41 fullgöra,
1518 634 58 30 ega
1603 624 215 41 Fullmäktige

217 673 58 37 att,
301 671 82 32 efter
407 682 166 30 noggrann
600 672 153 41 pröfning
779 672 36 32 af
836 672 39 32 de
902 673 10 31 i
940 672 107 41 hvarje
1079 672 55 32 fall
1163 672 265 33 förekommande
1456 675 276 41 omständigheter
1759 677 60 32 och

217 723 237 39 förhållanden,
493 723 52 31 vid
584 723 83 33 hans
694 723 196 32 afskedande
918 723 123 32 tilldela
1070 724 118 32 honom
1216 735 38 21 en
1278 725 80 41 årlig
1381 726 144 40 pension,
1550 728 192 40 uppgående
1771 728 48 31 tili

217 773 93 41 högst
331 775 52 31 två
406 773 195 42 tredjedelar
627 774 33 33 af
685 775 106 32 lönen.

966 1047 16 42 $
1008 1050 49 30 99.

348 1133 108 40 Några
482 1131 163 33 tillförene
679 1132 186 33 meddelade
899 1133 61 32 och
984 1137 66 28 mot
1076 1133 55 32 det
1153 1144 42 21 nu
1223 1132 175 34 utfärdade
1421 1133 208 41 reglementet
1654 1136 161 33 stridande

215 1185 205 41 stadganden,
446 1184 167 40 angående
641 1183 339 41 Riksgäldskontorets
1008 1184 195 41 förvaltning
1229 1185 58 31 och
1318 1185 128 31 dermed
1476 1186 194 42 gemenskap
1694 1187 121 40 egande

214 1242 126 33 ämnen,
370 1236 32 32 få
429 1236 69 31 icke
527 1236 108 31 vidare
664 1235 155 42 åberopas
843 1236 58 32 och
925 1236 171 41 tillämpas.
