1852 2786
425 159 325 34 Bankoutskottets
767 159 184 35 memorial
968 172 44 21 nr
1030 162 17 31 1
1070 161 40 33 år
1128 162 91 32 1956
1524 163 44 30 33

788 240 15 39 8
829 243 34 31 4.

125 310 230 35 Beträffande
380 311 367 43 sammansättningen
773 323 46 22 av
845 311 342 43 styrelserna
1224 311 77 34 för
1338 312 55 34 de
1430 312 139 34 olika

79 364 574 43 avdelningskontoren
719 364 100 34 torde
835 364 37 34 få
886 364 168 35 hänvisas
1068 365 53 33 till
1137 364 239 44 fullmäktiges
1392 365 176 43 protokoll

79 417 70 34 den
164 420 42 31 15
221 417 184 34 december
419 421 100 31 1955.

788 498 15 40 $
831 502 32 31 5.

125 569 81 34 Den
227 582 47 22 av
294 569 222 44 fullmäktige
536 570 68 34 den
627 573 43 31 10
690 570 77 42 juni
789 573 88 32 1954
899 570 153 34 tillsatta
1072 570 213 34 kommittén
1305 570 82 35 med
1408 569 163 43 uppdrag

82 627 56 29 att
159 623 118 34 utreda
295 622 122 44 frågan
434 636 59 21 om
520 623 522 34 valutaärendenas
1080 623 387 43 handläggning
1497 622 72 44 (jfr.

80 675 119 35 BoU:s
217 676 65 35 utl.
300 688 42 22 nr
360 676 174 44 28/1954)
555 677 64 34 har
636 676 82 35 med
737 677 165 33 skrivelse
921 677 70 33 den
1010 680 43 31 30
1070 676 77 43 juni
1169 680 86 30 1955
1276 676 52 34 till
1348 675 222 43 fullmäktige

80 729 222 35 överlämnat
315 742 44 21 en
372 730 235 43 promemoria
620 730 82 34 med
716 729 190 44 utredning
919 730 67 34 och
1000 729 129 44 förslag
1143 729 180 43 angående
1339 729 231 43 valutaregle-

80 782 140 44 ringens
238 783 262 35 handhavande
518 796 48 22 m.
584 796 47 22 m.
651 783 66 35 och
735 783 64 34 har
816 783 147 34 därmed
983 783 157 34 avslutat
1160 782 63 35 sitt
1242 782 132 35 arbete.
1392 782 179 34 Kommit-

79 837 63 34 tén
156 836 155 41 föreslår,
327 842 56 31 att
398 837 292 34 valutakontoret
705 837 87 34 skall
808 836 163 44 upphöra
986 837 115 33 såsom
1117 835 235 44 självständig
1366 835 205 35 institution

80 891 67 34 och
164 896 56 29 att
236 891 215 34 riksbanken
467 891 87 34 skall
571 894 169 39 övertaga
757 895 166 30 ansvaret
939 890 55 34 för
1011 889 337 43 valutaregleringen
1365 894 94 29 samt
1474 889 97 34 inom

80 944 54 43 sig
146 945 112 43 skapa
270 949 54 30 ett
337 957 110 31 organ
460 944 54 35 för
526 944 263 43 handläggning
802 956 46 22 av
862 943 289 40 valutaärenden,
1165 943 252 34 motsvarande
1432 942 138 34 valuta-

80 998 186 34 kontorets
281 998 157 43 styrelse,

128 1051 236 43 Fullmäktige
378 1051 96 34 hava
488 1051 12 34 i
515 1051 166 34 skrivelse
697 1051 53 34 till
765 1051 202 42 Konungen
984 1050 67 34 den
1070 1053 41 31 13
1127 1049 149 34 oktober
1293 1052 88 31 1955
1398 1048 174 44 tillstyrkt

79 1104 234 35 kommitténs
333 1104 131 44 förslag
484 1105 66 34 och
570 1104 182 34 hemställt
773 1109 55 29 att
849 1104 134 42 Kungl.
1005 1103 111 42 Maj:t
1137 1103 80 33 ville
1237 1102 127 34 föreslå
1385 1101 187 44 riksdagen

78 1163 70 36 att,
173 1159 82 34 med
280 1158 240 43 upphävande
546 1170 46 22 av
617 1158 69 34 den
713 1157 54 35 för
793 1158 292 33 valutakontoret
1110 1156 161 43 gällande
1298 1155 274 39 instruktionen,

81 1212 196 43 överflytta
293 1212 302 34 valutaärendena
611 1212 47 43 på
675 1211 225 34 riksbanken.

128 1266 18 34 I
166 1266 54 34 sin
239 1265 166 35 skrivelse
424 1266 95 34 hava
538 1265 221 43 fullmäktige
779 1264 120 34 vidare
920 1263 182 35 hemställt
1121 1275 60 22 om
1200 1274 43 22 en
1263 1265 151 40 översyn
1435 1273 46 22 av
1501 1261 71 44 gäl-

81 1319 106 34 lande
202 1318 358 44 valutalagstiftning.

790 1399 16 40 $
834 1403 31 31 6.

127 1471 103 35 Efter
248 1472 338 34 överenskommelse
605 1471 124 34 härom
748 1471 81 34 med
849 1471 222 42 fullmäktige
1090 1471 11 34 i
1120 1470 339 43 riksgäldskontoret
1479 1470 94 34 hava

83 1525 343 43 bankofullmäktige
441 1524 191 44 uppdragit
648 1525 39 33 åt
700 1536 44 22 en
759 1524 141 34 teknisk
915 1524 90 43 byrå
1020 1529 56 29 att
1090 1524 126 34 utreda
1231 1523 270 43 möjligheterna
1517 1527 56 29 att

85 1578 158 34 anordna
304 1590 260 22 gemensam
601 1581 380 31 värmecentral
1033 1577 54 34 för
1100 1577 201 33 riksbanks-
1317 1577 66 34 och
1398 1576 174 43 riksdags-

81 1631 124 37 husen.
236 1632 18 34 I
275 1632 184 34 avvaktan
478 1632 48 42 på
544 1632 187 33 resultatet
752 1643 45 22 av
817 1631 118 33 denna
955 1630 262 43 undersökning
1237 1630 94 34 hava
1351 1629 222 43 fullmäktige

82 1685 77 34 icke
182 1685 96 35 velat
300 1690 84 38 taga
408 1685 224 43 ståndpunkt
655 1684 53 34 till
733 1684 67 34 den
824 1684 167 34 blivande
1015 1683 290 43 löneställningen
1330 1682 54 35 för
1408 1682 166 40 maskin-,

83 1738 112 34 eldar-
210 1738 67 35 och
292 1738 407 43 reparatörspersonalen
716 1737 60 34 vid
792 1737 215 34 riksbanken
1026 1736 71 44 (jfr.
1113 1736 118 35 BoU:s
1247 1736 65 34 utl.
1328 1748 42 21 nr
1386 1735 188 44 27/1955).

791 1838 15 39 $
834 1841 32 31 7.

128 1908 231 34 Riksbanken
381 1908 66 34 har
469 1920 146 22 numera
637 1908 146 34 tecknat
805 1908 173 34 kontrakt
1000 1908 81 33 med
1103 1908 249 42 Aktiebolaget
1375 1907 199 43 Spinneriet

84 1956 172 53 angående
278 1961 210 43 förhyrning
514 1974 46 21 av
596 1961 207 34 lokaler
839 1961 78 34 för
955 1960 568 43 avdelningskontoret
1562 1960 12 34 i

84 2015 44 33 M
142 2015 94 34 alm
250 2018 21 31 ö
296 2015 11 34 i
321 2027 43 22 en
378 2014 228 44 nybyggnad,
620 2027 76 22 som
711 2017 38 31 är
762 2014 111 34 under
885 2014 222 43 uppförande
1121 2014 96 34 inom
1231 2014 182 34 kvarteret
1428 2013 145 43 Spinne-

85 2068 66 34 riet
167 2068 11 33 i
193 2068 158 34 nämnda
367 2068 81 34 stad
469 2068 71 43 (jfr.
557 2068 212 34 berättelsen
786 2068 52 33 till
858 2071 87 31 1955
963 2068 57 33 års
1035 2067 272 41 bankoutskott,
1327 2067 15 39 $
1363 2067 50 42 5).
1430 2067 55 33 De
1504 2078 71 31 nya

84 2121 180 34 lokalerna
281 2121 100 34 torde
397 2121 123 34 kunna
536 2125 101 39 tagas
652 2121 11 33 i
681 2121 90 34 bruk
787 2120 112 34 under
916 2121 38 33 år
973 2124 98 30 1957.

129 2173 138 43 Frågan
289 2186 58 22 om
368 2173 447 43 personalorganisationen
837 2173 60 34 vid
919 2174 166 33 kontoret
1107 2175 38 31 är
1167 2172 54 34 för
1242 2172 222 34 närvarande
1486 2172 89 34 före-

85 2227 71 32 mål
172 2226 54 34 för
241 2227 258 42 övervägande.

793 2306 15 39 $
836 2310 31 30 8.

131 2376 232 35 Riksbanken
379 2377 65 33 har
460 2376 177 35 handhaft
653 2377 491 42 betalningsarrangemanget
1161 2377 80 33 med
1259 2377 121 34 Banco
1399 2376 45 35 do
1462 2376 113 34 Brasil

86 2434 94 29 samt
200 2429 268 43 tillämpningen
490 2442 45 21 av
556 2430 42 33 de
619 2430 128 33 mellan
768 2429 152 43 Sverige,
941 2431 22 33 å
982 2442 77 27 ena,
1081 2434 93 29 samt
1195 2430 205 42 Argentina,
1421 2430 155 42 Belgien,

86 2482 200 42 Bulgarien,
319 2482 199 41 Danmark,
551 2482 205 41 Frankrike,
791 2483 192 40 Grekland,
1017 2483 222 40 Indonesien,
1273 2483 140 40 Italien,
1447 2483 128 42 Japan,

82 2544 17 26 3
119 2558 34 4 —
169 2544 101 32 Bihang
286 2545 39 25 till
338 2544 151 32 riksdagens
502 2545 130 32 protokoll
646 2547 74 23 1956.
751 2547 16 23 8
781 2545 72 25 saml.
885 2545 40 25 Nr
939 2547 13 23 1
