2214 2638
480 196 19 29 4
881 195 355 42 Bevillningsutskottets
1263 196 202 32 Betänkande
1489 196 66 32 N:o
1579 198 28 30 4.

436 290 44 35 de
508 290 39 35 af
571 291 130 35 honom
729 292 12 33 i
769 291 90 36 hans
886 292 179 47 egenskap
1093 291 40 36 af
1143 292 190 47 jordegare
1360 293 87 35 eller
1479 293 211 35 arrendator
1721 294 179 47 åtnjutna,
1933 296 115 35 sällan

437 341 11 34 i
476 341 295 47 penningevärde
800 343 186 48 uttryckta
1015 343 67 34 och
1110 342 140 36 derföre
1278 344 168 45 vanligen
1475 343 208 36 förbisedda
1700 343 184 37 förmåner
1903 345 38 35 af
1961 346 87 34 alle-

437 391 119 35 handa
596 392 86 46 slag.
743 391 95 35 Enär
877 392 60 35 vid
978 393 265 47 uppskattning
1284 392 39 36 af
1350 393 116 48 öfriga
1494 394 327 36 samhällsklassers
1849 396 199 35 inkomster

436 442 197 46 tillbörligt
670 441 166 37 afseende
870 443 117 35 städse
1015 442 91 36 fästs
1134 443 60 35 vid
1222 444 102 35 dessa
1350 445 64 35 och
1445 445 171 34 liknande
1643 444 265 45 förhållanden,
1937 450 111 43 ansåg

436 492 163 35 komitén
626 492 185 36 desamma
838 493 30 47 ej
899 494 113 36 heller
1039 494 88 35 böra
1152 494 153 36 förbises
1324 495 61 35 vid
1400 495 395 47 jordbruksnäringens
1814 496 234 47 beskattning

435 542 65 35 och
541 542 161 47 föreslog
733 542 142 37 derföre
909 549 86 30 utan
1025 544 418 47 meningsskiljaktighet
1469 546 285 43 bestämmelser,
1783 546 114 47 enligt
1924 547 123 35 hvilka

434 592 62 35 det
524 592 142 48 belopp,
694 593 175 36 hvarmed
896 607 41 22 en
967 594 198 48 egendoms
1192 594 209 49 afkastning
1429 596 172 46 möjligen
1627 596 203 36 öfversköte
1854 597 95 35 hvad
1969 610 77 23 som

434 642 113 35 redan
573 655 131 34 genom
731 643 397 49 fastighetsbevillning
1155 645 121 35 blifvit
1303 646 215 43 beskattadt,
1548 647 117 35 skulle
1686 647 146 35 komma
1850 653 51 29 att
1921 647 125 36 träffas

435 693 81 35 med
556 694 372 48 inkomstbevillning.
988 696 54 35 Då
1084 696 177 35 komiténs
1302 696 134 47 förslag
1475 696 69 36 den
1587 699 20 33 8
1644 697 144 46 januari
1825 699 92 34 1883
1949 698 97 35 inför

433 742 135 49 Kongl.
598 743 102 47 Maj:t
727 745 197 44 anmäldes,
946 745 171 36 framhöll
1132 746 135 46 jemväl
1287 746 203 37 dåvarande
1509 747 398 48 departementschefen
1927 752 117 32 såsom

433 807 42 21 en
517 795 180 46 väsentlig
736 795 93 35 brist
855 796 12 34 i
895 796 290 47 lagstiftningen,
1219 802 53 29 att
1305 810 94 29 man,
1435 798 46 34 då
1513 811 84 21 man
1624 798 183 35 beskattat
1825 798 220 46 jordbruks-

432 843 230 47 fastigheten,
700 850 119 31 ansett
859 847 55 47 sig
953 850 45 44 på
1039 860 138 22 samma
1206 850 98 43 gång
1331 847 163 36 beskatta
1522 847 128 48 sjelfva
1672 849 372 46 jordbruksrörelsen,

432 894 128 36 dervid
587 894 238 46 förbiseende,
854 902 52 30 att
933 897 119 35 denna
1079 899 132 33 rörelse
1239 898 88 34 eller
1354 898 131 46 näring
1510 898 56 35 för
1585 899 64 35 sitt
1667 898 238 37 bedrifvande
1923 899 122 36 förut-

432 950 91 29 satte
556 945 78 35 icke
666 946 94 35 blott
792 946 127 47 sjelfva
946 947 230 47 fastigheten,
1206 953 87 29 utan
1322 953 51 30 ett
1400 949 91 35 visst
1518 948 226 48 driftkapital
1771 950 11 34 i
1811 950 233 44 inventarier,

432 995 148 35 kreatur
621 1009 45 21 m.
701 1010 46 21 m.
783 997 67 35 och
879 1003 51 29 ett
956 998 184 48 betydligt
1167 998 156 36 tillskott
1350 998 39 35 af
1412 999 133 35 arbete.
1600 999 184 47 Kapitalet
1811 1000 66 35 och
1905 1001 140 35 arbetet

432 1045 239 36 medverkade
703 1047 138 35 således
873 1048 286 47 uppenbarligen
1186 1049 57 35 till
1272 1048 69 36 den
1368 1050 171 41 inkomst,
1565 1049 360 47 jordbruksrörelsen
1952 1052 92 34 lem-

430 1095 104 44 nade,
564 1096 65 35 och
657 1097 45 34 då
728 1097 164 36 inkomst
919 1098 38 35 af
981 1099 136 47 kapital
1146 1099 65 35 och
1240 1099 122 36 arbete
1389 1100 103 46 eljest
1516 1100 240 43 beskattades,
1777 1101 111 35 borde
1903 1102 43 46 ju
1965 1102 79 35 icke

431 1146 116 35 heller
586 1147 197 47 rimligtvis
826 1148 206 36 inkomsten
1073 1149 39 35 af
1147 1149 61 35 det
1238 1150 12 34 i
1276 1150 362 47 jordbruksrörelsen
1666 1151 178 47 nedlagda
1870 1152 174 48 kapitalet

430 1197 66 34 och
538 1197 139 35 arbetet
716 1199 139 35 lemnas
896 1199 223 36 obeskattad.
1178 1199 510 48 Skatteregleringskomiténs
1715 1201 135 47 förslag
1877 1203 166 48 åsyftade

429 1248 205 34 emellertid
673 1253 53 30 att
766 1250 73 34 låta
878 1250 500 48 taxeringsmyndigheterna
1418 1252 196 47 uppskatta
1645 1252 69 35 den
1742 1253 171 44 inkomst,
1938 1253 104 48 jord-

429 1297 273 37 bruksrörelsen
742 1299 167 35 lemnade
949 1299 146 36 utöfver
1134 1301 93 35 hvad
1268 1314 77 22 som
1386 1302 122 35 kunde
1541 1315 104 23 anses
1677 1303 207 35 beskattadt
1909 1316 132 34 genom

430 1347 453 49 fastighetsbevillningen,
911 1350 64 36 och
1004 1356 54 29 att
1081 1352 73 34 låta
1172 1351 118 35 denna
1308 1352 265 48 uppskattning
1592 1353 62 35 ske
1672 1352 306 49 hufvudsakligen
1997 1358 45 44 på

429 1411 140 22 samma
609 1404 80 38 sätt,
731 1413 78 22 som
850 1401 103 47 eljest
993 1401 180 47 iakttoges
1214 1402 60 35 vid
1306 1402 203 48 beräkning
1536 1403 40 35 af
1599 1403 70 36 den
1697 1404 175 43 inkomst,
1901 1417 76 23 som
2007 1405 39 35 af

428 1462 119 22 annan
588 1451 131 34 rörelse
761 1451 88 35 eller
889 1452 131 46 näring
1052 1452 161 35 härflöte.
1269 1452 106 36 Detta
1411 1453 206 36 förfarande
1644 1467 85 22 vore
1756 1455 213 47 visserligen
1999 1469 44 21 ur

429 1500 172 35 teoretisk
641 1501 186 47 synpunkt
859 1502 139 46 rigtigt,
1032 1515 82 22 men
1142 1507 20 30 å
1189 1503 111 34 andra
1328 1504 102 35 sidan
1457 1504 92 35 hade
1577 1505 180 35 komiténs
1785 1504 217 37 ordförande
2030 1507 11 34 i

428 1549 164 47 afgifven
613 1552 233 42 reservation,
874 1552 152 35 likasom
1055 1553 284 35 kammarrätten
1367 1554 65 35 och
1460 1555 156 34 flertalet
1642 1556 254 48 länsstyrelser
1922 1557 12 34 i
1963 1557 79 35 sina

428 1599 102 35 öfver
545 1599 172 47 förslaget
736 1600 139 47 afgifna
893 1602 210 48 yttranden,
1124 1603 163 47 påpekat,
1307 1604 95 35 huru
1422 1604 44 35 de
1485 1605 304 48 svårtillämpliga
1807 1606 232 37 bestämmel-

429 1663 104 22 serna
560 1650 12 35 1
600 1651 180 36 komiténs
821 1651 133 48 förslag
986 1653 204 46 säkerligen
1222 1654 116 35 skulle
1370 1654 80 36 leda
1477 1655 57 35 till
1562 1660 53 30 ett
1641 1657 152 34 resultat
1820 1657 11 34 i
1858 1658 183 35 finansielt

427 1700 181 44 afseende,
637 1714 74 22 som
740 1702 128 47 gjorde
895 1703 80 36 hela
1002 1704 144 35 vinsten
1175 1703 39 36 af
1238 1704 61 35 det
1326 1718 71 36 nya
1424 1705 325 37 skatteföremålets
1778 1708 261 47 upptagande
2013 1696 29 63 i

426 1751 280 48 lagstiftningen
739 1753 12 33 i
779 1752 44 36 de
863 1754 102 35 flesta
1004 1753 65 36 fall
1110 1755 173 46 temligen
1323 1755 252 49 betydelselös.
1629 1756 89 36 Lika
1746 1758 82 34 med
1856 1758 44 35 de
1927 1759 113 35 hörda

427 1802 306 48 myndigheterna
773 1807 131 43 ansåge
944 1804 143 35 derföre
1120 1805 407 47 departementschefen,
1561 1812 54 30 att
1641 1807 128 47 frågan
1797 1821 59 22 om
1885 1809 153 35 särskild

427 1852 366 49 inkomstbevillning
821 1853 39 35 af
879 1854 358 47 jordbruksrörelsen
1266 1856 56 35 för
1349 1857 59 35 det
1436 1857 205 35 dåvarande
1668 1859 79 34 icke
1775 1859 121 35 kunde
1919 1863 46 44 på
1988 1865 50 29 ett

427 1903 181 46 praktiskt
648 1909 70 29 sätt
749 1905 94 35 lösas
870 1908 45 44 på
942 1919 120 21 annan
1089 1913 70 39 väg
1186 1913 44 28 än
1259 1907 71 34 den
1358 1907 35 35 af
1421 1908 182 35 komiténs
1631 1908 218 36 ordförande
1876 1909 161 48 angifna,

426 1953 88 34 eller
553 1965 130 34 genom
725 1959 53 30 att
818 1956 104 34 ställa
961 1956 279 47 beskattningen
1281 1957 39 35 af
1352 1958 360 47 jordbruksrörelsen
1745 1959 12 34 i
1784 1965 53 30 ett
1863 1961 70 34 fixt
1959 1962 78 44 lag-

427 2003 184 36 bestämdt
654 2004 227 36 förhållande
922 2006 54 35 till
1014 2007 439 47 jordbruksfastighetens
1493 2009 310 46 taxeringsvärde.
1872 2010 165 36 Komité-

426 2053 263 36 ordförandens
728 2054 137 48 förslag
904 2057 177 35 innebure
1122 2058 193 46 mnemligen,
1357 2064 51 30 att
1449 2059 249 47 bevillningen
1730 2059 57 36 för
1819 2061 218 46 jordbruks-

427 2103 185 47 fastighet,
654 2105 76 35 deri
764 2106 213 48 inbegrepes
1000 2107 137 46 jemvaäl
1167 2108 245 47 bevillningen
1439 2109 57 35 för
1519 2109 372 47 jordbruksrörelsen,
1921 2112 117 35 skulle

428 2157 87 43 utgå
555 2155 83 34 med
680 2157 18 33 6
740 2163 61 27 öre
833 2156 56 36 för
916 2157 125 47 hvarje
1072 2160 69 33 100
1170 2159 134 35 kronor
1331 2159 39 35 af
1393 2159 237 47 fastighetens
1657 2161 309 46 taxeringsvärde.
2021 2162 14 34 I

426 2203 208 37 hufvudsak
662 2206 213 36 biträdande
903 2208 94 34 detta
1028 2207 148 48 förslag,
1204 2212 131 44 ansåge
1363 2210 89 35 dock
1481 2210 410 48 departementschefen,
1920 2217 54 30 att
2001 2215 35 32 åt

427 2254 70 35 den
530 2256 119 42 tanke,
677 2256 136 48 hvarpå
840 2257 171 48 förslaget
1040 2259 152 44 hvilade,
1222 2260 111 35 borde
1360 2261 11 34 i
1399 2260 277 48 lagstiftningen
1702 2260 118 47 gifvas
1847 2267 51 30 ett
1926 2266 111 42 något
