2236 2646
619 215 116 46 Bilaga
757 215 48 37 till
827 215 225 47 Lagutskottets
1079 214 165 39 Utlåtande
1266 216 63 36 N:o
1350 219 49 32 41.
1767 216 47 38 25

205 308 79 32 sets
311 302 204 51 predikant
538 303 72 37 och
638 302 130 37 läkare
797 307 55 32 att
881 302 229 49 skyndsamt
1138 302 144 48 fången
1305 301 145 37 besöka
1474 301 71 37 och
1563 301 97 37 efter
1677 302 138 37 under-

205 355 166 48 sökning
398 355 43 36 af
466 355 96 36 hans
592 353 374 48 sinnesförfattning,
992 352 176 38 meddela
1185 358 176 32 närmare
1380 352 67 37 råd
1468 352 70 37 och
1554 353 261 49 anvisningar,

205 405 134 37 dervid
380 405 68 37 bör
486 410 112 43 tagas
633 404 10 37 i
676 403 267 47 betraktande,
973 415 61 25 om
1059 404 34 48 ej
1122 404 70 36 cell
1221 404 87 37 med
1337 408 122 32 större
1487 403 148 37 fönster
1663 407 61 34 må
1752 404 64 37 be-

204 469 151 37 gagnas
395 456 71 37 och
508 455 161 50 lämplig
707 455 116 49 fånge
864 460 108 32 utses
1014 459 55 32 att
1096 454 12 36 i
1136 454 124 37 cellen
1287 454 94 37 eller
1408 454 254 49 sjukrummet
1689 455 127 36 lemna

206 508 74 36 den
321 507 109 49 sjuke
471 506 132 49 tillsyn
641 506 72 37 och
740 505 105 37 vård.
898 506 79 36 Der
1004 509 49 46 på
1080 505 126 49 grund
1234 505 42 37 af
1301 505 46 37 de
1375 504 57 37 till
1456 504 192 50 styrelsen
1676 506 141 37 aflåtna

207 558 385 49 läkarerapporterna
641 557 65 36 det
750 561 109 44 synts
898 556 204 49 styrelsen,
1144 570 82 23 som
1268 556 325 37 enrumsstraffets
1636 556 180 37 fortsatta

206 609 246 49 tillämpning
492 608 124 37 skulle
654 607 173 37 medföra
862 607 81 37 fara
973 607 58 37 för
1059 607 164 49 fångens
1251 606 120 48 helsa,
1400 606 68 37 har
1496 606 192 50 styrelsen
1712 607 105 37 med-

207 659 103 38 delat
344 659 199 37 föreskrift
570 672 61 24 om
661 658 106 37 detta
794 658 128 37 straffs
951 657 135 50 utbyte
1116 664 79 31 mot
1221 657 495 50 gemensamhetsfängelse
1744 659 72 36 och

207 710 137 37 sådant
381 710 11 36 i
420 710 47 36 de
495 710 84 36 från
607 709 151 49 trycket
785 709 152 49 utgifna
965 709 123 49 årliga
1116 708 278 37 berättelserna
1422 709 69 36 hos
1520 708 125 37 Eders
1675 709 140 48 Kongl.

207 761 107 49 Maj:t
353 760 154 47 anmält,
549 761 73 37 och
649 761 69 35 har
746 759 190 49 styrelsen
964 759 147 37 hemtat
1138 759 86 37 stöd
1252 760 59 36 för
1337 759 138 37 sådant
1505 759 312 50 tillvägagående

208 812 42 37 af
274 810 210 38 innehållet
511 811 11 36 i
552 809 20 49 $
603 815 19 33 7
652 811 43 36 af
720 810 141 49 nådiga
890 810 278 49 förordningen
1196 811 75 36 den
1299 812 44 34 21
1375 810 202 37 december
1599 812 107 35 1857.
1760 811 58 36 Då

207 862 120 37 kändt
355 867 52 42 är,
436 862 96 36 huru
563 875 82 24 som
674 862 74 37 den
776 861 128 49 fånge,
934 874 81 23 som
1044 860 160 37 kommit
1231 861 58 36 till
1316 860 120 50 insigt
1464 860 72 37 och
1564 864 120 45 ånger
1707 861 37 37 af
1759 861 58 36 sin

208 913 260 49 brottslighet,
498 913 199 37 betraktar
724 915 127 34 såsom
872 925 47 24 en
940 911 200 50 synnerlig
1159 912 148 37 förmån
1325 917 55 32 att
1396 912 131 48 undgå
1546 912 271 37 samvistelsen

209 964 87 37 med
326 963 119 38 andra
473 964 150 48 fångar,
650 963 123 37 under
797 962 65 37 det
891 968 55 32 att
970 962 73 37 den
1074 962 231 37 förhärdade
1334 962 258 49 brottslingen
1611 963 122 36 finner
1753 963 65 36 det

210 1020 141 32 största
384 1014 128 49 behag
538 1015 11 36 1
578 1015 127 36 denna
729 1013 256 46 samvistelse,
1014 1019 41 31 är
1083 1013 111 47 klart,
1224 1019 66 41 att,
1319 1027 61 22 om
1409 1018 55 32 ett
1493 1013 137 37 sådant
1659 1013 159 37 allmänt

209 1065 217 49 stadgande
460 1065 11 36 i
498 1064 116 50 lagen
642 1065 157 46 införes,
828 1070 56 32 att
912 1065 188 36 cellstraff
1123 1064 83 37 icke
1235 1064 57 37 får
1319 1063 194 50 tillämpas
1541 1067 49 46 på
1619 1064 86 47 den,
1735 1078 81 23 som

208 1116 12 36 i
262 1116 94 49 följd
399 1117 42 36 af
476 1116 111 49 själs-
629 1116 94 37 eller
760 1115 414 50 kroppsbeskaffenhet
1213 1115 42 37 af
1284 1115 157 37 läkaren
1470 1128 113 24 anses
1612 1115 84 37 icke
1724 1120 92 32 utan

211 1168 82 36 fara
322 1168 59 36 för
408 1167 135 37 helsan
572 1167 130 36 kunna
730 1166 139 37 sådant
896 1167 188 48 undergå,
1109 1166 106 37 detta
1243 1165 98 38 skall
1369 1180 48 35 ge
1445 1165 212 50 anledning
1684 1165 58 38 till
1769 1179 47 23 en

211 1218 142 48 mängd
388 1217 266 37 simulationer
681 1218 72 36 och
781 1217 131 37 försök
947 1223 55 30 att
1025 1217 254 48 undandraga
1307 1217 62 48 sig
1396 1217 318 47 enrumsstraffet,
1744 1217 72 36 och

210 1273 55 32 att
302 1267 269 50 fängelsernas
613 1268 214 37 direktörer
865 1268 72 36 och
965 1267 131 37 läkare
1124 1267 224 49 härigenöm
1379 1271 165 45 mången
1571 1270 107 46 gång
1705 1267 110 37 skola

211 1319 154 36 komma
391 1318 11 37 i
431 1332 47 23 en
499 1318 68 37 allt
587 1324 117 32 annat
724 1324 46 31 än
791 1318 188 49 behaglig
994 1318 186 49 ställning
1199 1318 71 37 och
1292 1323 162 32 utsättas
1474 1319 59 36 för
1546 1318 99 49 pock
1662 1318 71 36 och
1750 1318 67 36 hot

213 1370 41 36 af
289 1369 48 37 de
379 1369 86 37 med
494 1370 149 49 hänsyn
672 1369 57 37 till
758 1369 217 49 sinnelaget
1003 1368 200 50 farligaste
1232 1369 198 48 fångarne.
1478 1368 200 50 Styrelsen
1703 1382 113 23 anser

210 1420 140 47 derför,
392 1423 54 33 att
481 1423 119 46 något
628 1423 42 34 så
696 1420 218 37 beskaffadt
943 1419 158 37 allmänt
1128 1420 215 48 stadgande
1371 1419 83 37 icke
1483 1420 70 36 bör
1580 1419 10 37 i
1619 1419 114 49 lagen
1761 1419 55 37 in-

209 1471 115 47 föras,
363 1471 71 36 och
476 1476 55 32 att
570 1471 228 37 hädanefter
832 1484 82 23 som
954 1470 136 37 hittills
1129 1474 49 46 på
1216 1470 404 50 fångvårdsstyrelsen
1657 1473 61 33 må
1750 1483 65 23 an-

208 1521 153 37 komma
389 1526 56 32 att
471 1525 48 45 på
547 1522 126 48 grund
703 1522 42 37 af
759 1521 273 37 inkommande
1052 1521 334 50 läkarerapporter
1405 1522 59 36 för
1480 1522 133 48 hvarje
1634 1520 181 38 särskildt

208 1572 67 36 fall
316 1573 243 46 föreskrifva,
600 1573 96 36 huru
737 1572 90 37 vida
868 1573 72 36 och
974 1573 11 36 i
1013 1572 101 37 hvad
1142 1576 86 33 mån
1258 1572 222 37 cellstraffet
1507 1575 61 34 må
1596 1572 217 36 modifieras

209 1622 93 37 eller
342 1623 156 49 utbytas
539 1629 80 30 mot
657 1623 242 37 straffarbete
941 1623 11 36 i
987 1623 304 49 gemensambhet,
1320 1623 68 37 allt
1412 1623 99 37 efter
1539 1636 81 24 som
1650 1623 164 48 fångens

208 1673 109 48 själs-
345 1673 71 38 och
445 1674 424 49 kroppsbeskaffenhet,
898 1674 97 36 hans
1024 1674 106 36 ålder
1153 1688 46 22 m.
1222 1688 47 22 m.
1291 1679 95 43 göra
1407 1674 136 37 sådant
1563 1673 250 49 nödvändigt.

338 1925 110 37 Hvad
489 1925 183 49 slutligen
709 1928 120 46 angår
869 1925 46 36 de
956 1924 251 37 ekonomiska
1245 1924 149 49 följder,
1433 1938 80 23 som
1548 1938 47 23 en
1623 1925 189 38 utsträckt

207 1975 244 50 tillämpning
480 1977 42 35 af
547 1977 222 36 cellstraffet
797 1976 123 36 skulle
951 1976 183 44 medföra,
1165 1976 57 36 får
1251 1979 20 33 å
1294 1989 71 23 ena
1394 1976 108 36 sidan
1530 1975 84 38 icke
1634 1976 176 47 förbises,

209 2031 54 32 att
304 2027 183 36 arbetena
521 2027 8 35 1
560 2027 72 36 cell
661 2026 193 49 svårligen
883 2026 79 36 lära
990 2027 129 35 kunna
1148 2026 195 37 bedrifvas
1373 2027 73 36 lika
1477 2027 224 47 förmånligt
1730 2040 80 22 som

206 2078 10 34 i
245 2076 502 49 gemensamhetsfängelse,
775 2077 198 36 äfvensom
1003 2082 56 31 att
1086 2076 62 36 vid
1178 2077 64 35 det
1269 2076 147 36 mindre
1445 2077 102 35 antal
1576 2077 235 48 länsfängel-

207 2140 73 33 ser,
310 2140 80 22 som
420 2126 124 36 skulle
574 2127 103 36 afses
706 2128 58 35 för
792 2126 222 48 aftjenande
1044 2126 41 36 af
1110 2127 304 35 enrumsstraffet
1442 2127 59 35 för
1529 2129 127 45 någon
1677 2126 134 49 längre

207 2177 66 45 tid,
297 2177 11 35 i
337 2176 46 37 de
412 2176 67 37 fall
508 2177 67 36 der
602 2177 119 48 nödig
747 2177 296 49 yrkeskunskap
1072 2176 58 36 för
1157 2176 197 36 inlärande
1374 2177 70 36 och
1464 2176 161 49 ledning
1645 2177 41 36 af
1703 2177 108 47 fång-

208 2227 148 37 arbetet
382 2226 84 38 icke
494 2227 70 36 hos
585 2227 428 48 fängelsebetjeningen
1034 2227 123 36 skulle
1177 2226 129 37 kunna
1326 2227 202 48 påräknas,
1549 2227 136 48 nödigt
1703 2228 108 35 torde

207 2278 120 36 blifva
367 2283 55 32 att
455 2278 164 36 anställa
648 2278 159 48 lämplig
835 2291 139 35 person
1004 2280 126 34 såsom
1160 2277 248 36 undervisare
1436 2278 71 36 och
1537 2277 273 47 arbetsledare,

311 2347 69 30 Bih.
405 2347 47 30 till
480 2347 103 30 BRiksd.
613 2346 81 31 Prot.
723 2350 87 28 1892.
854 2350 18 27 7
895 2347 91 31 Sand.
1013 2350 44 28 23
1084 2347 86 38 Hift.
1688 2347 21 33 4
