1894 2826
307 144 40 30 10
738 144 297 36 Statsutskottets
1058 146 185 35 utlåtande
1267 149 55 32 Nr
1336 151 54 32 99.

304 220 170 43 Uppsala.
522 222 71 34 Vid
617 223 185 34 institutet
827 228 38 30 är
889 225 11 33 i
925 226 120 42 övrigt
1069 227 156 34 anställd
1249 227 275 36 icke-ordinarie
1541 231 174 41 personal,
1733 231 64 34 vil-

303 274 70 34 ken
404 278 144 39 utgöres
574 276 73 34 dels
672 289 45 21 av
743 277 159 42 följande
926 279 223 42 tjänstemän
1174 281 21 33 å
1219 286 101 28 extra
1344 286 84 36 stat,
1453 283 180 42 nämligen
1658 296 43 21 en
1726 297 71 21 ras-

303 328 120 44 biolog
447 328 41 42 (B
513 328 65 43 28),
612 342 43 21 en
679 331 202 34 statistiker
905 331 41 43 (B
972 332 54 41 24)
1051 334 66 33 och
1141 346 44 21 en
1209 335 172 42 genealog
1405 335 41 42 (B
1471 337 64 40 21),
1561 337 74 33 dels
1660 338 67 33 ock
1751 351 46 20 av

302 381 227 43 erforderligt
554 384 99 32 antal
677 388 101 29 extra
802 385 179 34 ordinarie
1006 387 66 32 och
1097 392 99 29 extra
1221 388 370 42 befattningshavare.

347 435 69 33 Till
448 436 81 33 chef
558 436 55 33 för
637 437 184 34 institutet
846 440 199 33 utnämnde
1070 440 132 42 Kungl.
1228 441 112 42 Maj:t
1364 442 69 34 den
1460 447 39 29 15
1524 444 72 42 maj
1626 448 84 29 1936
1735 445 61 33 do-

302 493 128 28 centen
454 489 62 33 vid
542 490 252 34 universitetet
823 491 5 33 i
853 492 173 42 Uppsala,
1051 494 174 34 medicine
1243 495 156 34 doktorn
1419 496 40 33 G.
1478 497 194 42 Dahlberg.
1706 498 90 34 Ras-

302 541 373 44 biologbefattningen
711 545 207 42 uppehålles
955 546 55 34 för
1045 548 226 34 närvarande
1304 550 47 41 på
1384 549 253 42 förordnande,
1666 552 130 33 medan

302 595 216 34 statistiker-
543 597 67 33 och
634 598 468 43 genealogbefattningarna
1127 604 61 30 äro
1213 602 171 34 vakanta.
1433 602 143 43 Övriga,
1601 617 98 21 mera
1724 605 72 34 fast

302 649 179 33 anställda
511 650 358 43 befattningshavare
893 653 62 33 vid
980 653 185 35 institutet
1189 659 62 29 äro
1276 655 55 34 för
1354 658 226 32 närvarande
1604 659 65 32 två
1693 659 102 33 assis-

301 706 119 29 tenter
454 703 11 33 i
503 707 38 29 11
580 704 226 42 lönegraden,
843 711 54 28 ett
930 707 260 35 kanslibiträde
1220 709 11 33 i
1263 712 20 30 7
1308 710 65 33 och
1399 722 43 21 en
1467 711 248 34 vaktmästare
1739 712 11 33 i
1775 716 19 30 5

302 755 215 42 lönegraden
552 757 11 33 i
600 757 68 34 den
704 758 55 33 för
791 764 101 28 extra
923 760 178 34 ordinarie
1126 761 359 43 befattningshavare
1510 764 165 42 gällande
1699 765 95 34 löne-

301 808 140 42 planen.

345 862 52 33 På
429 864 178 41 grundval
638 877 46 21 av
715 870 54 29 ett
794 878 46 21 av
865 867 175 33 särskilda
1065 868 225 43 sakkunniga
1314 869 11 33 i
1351 873 122 31 ämnet
1498 871 147 42 avgivet
1669 872 124 33 betän-

300 915 118 34 kande
451 917 66 33 har
549 917 11 33 i
594 919 269 41 propositionen
895 932 41 21 nr
963 924 62 30 159
1050 921 187 42 framlagts
1263 922 132 43 förslag
1419 925 153 33 rörande
1596 937 43 21 en
1663 926 10 32 i
1699 926 95 33 vissa

300 969 227 35 hänseenden
553 971 137 34 ändrad
715 973 244 41 organisation
984 986 46 21 av
1055 975 194 34 institutet.

345 1022 361 43 Omorganisationen
742 1026 164 42 betingas
941 1031 163 30 närmast
1139 1028 123 40 därav,
1297 1034 57 29 att
1387 1030 204 34 institutets
1619 1044 70 30 nye
1713 1032 81 33 chef

299 1075 122 34 funnit
452 1077 53 42 sig
533 1078 88 33 böra
645 1078 130 34 föreslå
799 1092 43 21 en
867 1092 120 22 annan
1012 1082 169 42 läggning
1205 1095 46 20 av
1275 1083 203 34 institutets
1503 1085 290 42 arbetsprogram

299 1132 46 29 än
376 1142 77 21 som
478 1130 213 35 förutsattes
715 1132 63 34 vid
803 1133 69 33 den
897 1134 38 33 år
962 1138 85 30 1934
1072 1135 188 34 beslutade
1285 1137 300 41 organisationen.
1634 1138 159 35 Sålunda

299 1182 113 34 skulle
442 1184 113 42 enligt
583 1185 201 43 Dahlbergs
809 1187 133 42 förslag
965 1188 63 33 det
1051 1193 80 28 rent
1154 1189 245 43 psykiatriska
1424 1190 369 44 forskningsområdet

299 1235 35 33 få
360 1248 42 21 en
427 1249 75 22 mer
526 1238 286 43 tillbakaträngd
836 1241 95 41 plats
957 1244 45 30 än
1028 1242 151 41 tidigare
1204 1248 148 29 avsetts.

343 1290 73 33 Det
451 1290 244 43 föreliggande
730 1293 437 44 organisationsförslaget
1202 1308 104 22 avser
1342 1302 56 28 att
1434 1298 83 41 giva
1551 1310 43 21 en
1625 1311 98 21 mera
1748 1299 44 34 fri

298 1343 244 41 organisation
578 1357 46 21 av
658 1345 196 41 institutet,
888 1347 283 43 möjliggörande
1204 1362 44 21 en
1278 1351 219 42 anpassning
1520 1364 46 20 av
1591 1352 80 34 dess
1695 1353 96 33 med-

297 1396 228 35 arbetarstab
562 1398 91 34 efter
688 1399 44 33 de
766 1400 192 42 uppgifter,
988 1401 186 35 institutet
1197 1403 63 33 vid
1286 1415 43 21 en
1354 1404 72 33 viss
1451 1404 176 43 tidpunkt
1650 1406 66 33 har
1740 1406 53 42 sig

297 1449 192 43 förelagda.
538 1452 57 33 De
630 1452 226 43 sakkunniga
891 1454 95 33 hava
1020 1455 78 33 icke
1131 1461 121 29 ansett
1283 1457 53 42 sig
1359 1457 88 33 böra
1472 1459 184 41 uppställa
1680 1460 112 41 något

296 1503 145 34 särskilt
469 1505 290 42 arbetsprogram
788 1506 55 34 för
866 1507 195 34 institutet.
1109 1509 67 33 Ett
1199 1510 133 33 sådant
1356 1511 125 40 måste,
1507 1511 127 34 anföra
1658 1512 54 40 de,
1737 1513 53 33 så-

296 1568 76 21 som
405 1557 99 34 inom
538 1559 46 32 all
616 1560 210 42 vetenskap,
855 1561 11 32 i
891 1561 88 34 sista
1003 1562 97 33 hand
1125 1562 98 34 bliva
1248 1563 178 34 beroende
1450 1576 46 22 av
1521 1565 45 33 de
1589 1566 202 42 personliga

295 1609 137 34 krafter
466 1611 55 33 för
546 1612 355 42 forskningsarbetet,
927 1627 77 21 som
1029 1616 61 33 vid
1115 1628 43 21 en
1182 1616 73 34 viss
1280 1617 175 42 tidpunkt
1479 1619 104 33 stode
1607 1619 55 33 till
1687 1619 102 40 buds,

296 1663 66 33 och
398 1675 45 21 av
479 1664 103 34 deras
616 1666 175 33 särskilda
824 1667 306 43 förutsättningar
1160 1670 66 33 och
1251 1670 178 42 läggning.
1478 1672 89 33 Men
1593 1675 91 31 även
1708 1673 81 33 med

295 1716 205 35 beaktande
524 1718 114 34 härav
662 1720 130 42 ansåge
817 1720 43 33 de
884 1721 237 43 sakkunniga,
1145 1727 57 29 att
1226 1724 292 41 organisationen
1543 1737 45 21 av
1611 1726 61 33 det
1688 1726 101 33 insti-

295 1773 69 36 tut,
389 1782 77 22 som
491 1771 114 34 skulle
629 1772 87 34 bära
741 1785 74 31 upp
840 1774 69 33 den
925 1775 259 42 rasbiologiska
1201 1775 233 44 forskningen
1450 1778 66 33 här
1532 1778 12 33 i
1560 1779 134 40 landet,
1711 1779 79 34 icke

294 1823 111 34 borde
438 1824 62 34 ske
534 1825 91 34 efter
658 1826 160 43 ensidiga
850 1828 204 42 personliga
1081 1828 114 42 linjer,
1221 1834 90 29 utan
1335 1830 112 34 borde
1471 1844 89 21 vara
1584 1833 123 39 sådan,
1733 1837 56 29 att

294 1876 69 33 den
396 1877 165 43 inrymde
592 1879 67 33 och
687 1879 224 43 befrämjade
935 1882 251 41 upptagandet
1210 1895 47 21 av
1282 1883 95 33 olika
1402 1885 273 42 vetenskapliga
1699 1898 89 30 upp-

293 1929 107 42 gifter
424 1931 98 34 inom
547 1932 238 43 rasbiologien
809 1934 67 33 och
900 1934 79 34 icke
1003 1934 80 34 från
1100 1935 128 42 början
1247 1937 215 42 utestängde
1479 1938 84 33 eller
1581 1938 208 35 försvårade

293 1982 95 34 vissa
413 1995 155 32 grupper
593 1998 46 21 av
663 1985 379 44 forskningsområden
1063 1989 82 33 eller
1162 1989 307 43 arbetsuppgifter
1487 1992 152 33 allenast
1655 1992 132 41 därför,

293 2040 57 28 att
385 2036 55 34 för
475 2038 230 41 ögonblicket
737 2041 202 42 personliga
971 2041 139 34 krafter
1142 2042 56 34 för
1227 2043 207 35 ändamålet
1462 2044 79 34 icke
1565 2046 223 34 omedelbart

292 2094 123 37 syntes
440 2091 56 32 stå
520 2091 56 33 till
601 2092 221 42 förfogande.

336 2197 124 42 Enligt
493 2198 172 42 förslaget
694 2199 196 34 bibehålles
919 2201 69 33 den
1017 2203 211 33 nuvarande
1252 2203 352 44 chefsbefattningen
1629 2218 82 21 men
1735 2206 51 33 in-

291 2240 128 43 dragas
453 2243 217 34 statistiker-
704 2244 67 34 och
804 2246 478 42 genealogbefattningarna.
1336 2249 450 43 Rasbiologbefattningen

291 2285 208 35 förvandlas
533 2287 55 34 till
622 2300 43 21 en
697 2289 270 42 arvodestjänst
990 2291 82 33 med
1097 2296 54 28 ett
1175 2292 135 34 arvode
1334 2305 45 21 av
1404 2297 98 36 7,700
1527 2295 142 39 kronor,
1695 2300 91 28 mot-

290 2331 178 33 svarande
492 2331 335 43 begynnelselönen,
852 2334 196 34 reducerad
1073 2336 80 33 med
1178 2336 248 43 vederbörliga
1450 2339 335 41 pensionsavgifter,

291 2373 55 34 för
381 2387 43 21 en
460 2376 112 34 andre
607 2377 121 34 läkare
761 2378 62 33 vid
857 2383 138 29 statens
1020 2380 272 42 sinnessjukhus
1317 2381 206 44 (ortsgrupp
1548 2382 53 42 F),
1627 2383 55 34 för
1706 2387 79 29 när-

290 2420 158 33 varande
483 2421 168 41 placerad
687 2422 11 33 i
732 2423 215 41 lönegraden
977 2424 22 33 B
1025 2428 52 30 26.
1126 2424 175 42 Följande
1325 2431 100 29 extra
1450 2427 178 34 ordinarie
1652 2427 133 34 befatt-

289 2463 240 42 ningshavare
565 2466 114 34 skulle
711 2466 116 34 finnas
859 2468 192 40 anställda,
1087 2469 179 42 nämligen
1303 2483 43 21 en
1377 2471 112 34 förste
1514 2472 170 33 assistent
1707 2472 11 33 i
1745 2476 39 30 15
