2249 2756
668 143 83 37 Lag-
760 139 178 47 Utskottets
951 144 167 30 Utlåtande
1143 145 58 30 N:o
1226 147 49 28 12.
1708 147 17 31 7

169 228 57 37 för
270 229 176 49 delegare
490 230 69 36 och
600 230 99 48 gode
742 239 163 29 männen
932 233 58 35 till
1018 233 225 36 beslutande
1274 234 241 49 ordentligen
1544 234 69 37 och
1642 235 126 49 redigt

170 279 201 49 föredraga
412 282 67 35 allt
520 282 100 36 hvad
660 283 59 36 till
760 282 149 38 skiftets
943 285 288 49 verkställighet
1260 286 10 36 i
1299 286 85 36 hela
1413 286 83 37 dess
1525 286 90 37 vidd
1643 286 124 47 hörer,

169 333 208 47 nemligen:

305 386 58 34 1:o
394 398 60 23 om
483 386 209 47 egoutbyte
721 386 86 37 med
837 388 259 47 angränsande
1125 389 95 48 byar
1249 390 69 35 och
1347 390 194 45 hemman;

305 438 57 32 2:0o
392 449 61 22 om
482 450 158 34 egornas
669 438 221 48 gradering;
920 438 191 37 derunder
1137 439 179 48 frågorna
1342 441 161 36 rörande

305 500 58 22 3:0
392 487 197 49 undantag
617 487 40 37 af
680 489 106 36 mark
813 488 58 37 för
899 490 193 48 delegares
1122 491 189 36 allmänna
1338 491 120 37 behof
1480 498 98 31 samt

304 540 59 32 4:0
394 551 60 22 om
484 539 251 46 urskiljandet
764 539 40 36 af
828 541 73 35 den
929 542 118 43 mark,
1076 542 154 36 hvilken
1264 546 123 32 såsom
1415 544 231 47 inrösnings-
1675 546 92 34 eller

171 587 300 50 afrösningsjord
499 590 186 36 beräknas
713 591 107 44 skall,
849 592 106 35 skola
982 592 152 36 komma
1163 593 121 36 under
1312 593 179 50 pröfning
1510 595 70 35 och
1601 594 166 37 derefter

170 638 164 49 afgöras;
377 641 70 35 och
488 641 229 45 sedermera,
759 642 97 36 dock
897 643 31 47 ej
958 642 77 37 förr
1064 651 46 28 än
1140 643 310 51 egobeskrifning
1479 647 69 35 och
1577 646 189 37 häfdeför-

169 691 192 48 teckning,
391 691 67 36 der
485 692 117 35 sådan
629 691 240 50 förteckning
896 694 95 36 skall
1020 695 77 43 ske,
1125 694 127 37 blifvit
1280 697 207 47 upprättad
1517 698 70 35 och
1607 698 161 35 kommit

170 742 9 34 1
208 741 243 50 fullständigt
478 743 116 47 skick,

302 796 59 34 5:o
392 808 60 22 om
481 794 367 49 delningsgrunden;

304 847 58 34 6:0
392 859 61 22 om
482 845 120 49 öfriga
629 847 169 47 grunder
826 847 57 37 för
910 849 289 49 verkställighet
1228 849 40 37 af
1291 851 85 48 laga
1403 849 124 47 skifte,
1555 855 40 32 så
1615 852 70 36 ock
1705 866 62 22 om

168 895 365 50 skiftesläggningen
564 897 69 36 och
662 898 220 48 skyldighet
910 906 55 29 att
993 899 83 37 från
1095 901 51 46 by
1167 902 164 47 utflytta.
1372 901 126 37 Sedan
1513 902 111 37 skifte
1640 903 127 37 blifvit

167 947 85 48 laga
279 947 260 46 kraftvunnet,
567 947 201 49 företages,
797 949 96 37 efter
922 952 174 35 anmälan
1125 951 40 36 af
1189 952 187 48 delegare,

305 1002 58 33 7:0o
394 1013 60 22 om
482 999 136 48 bidrag
645 1000 59 35 till
733 1001 236 50 utflyttning,
998 1006 39 32 så
1067 1003 68 35 ock
1164 1016 60 22 om
1246 1004 314 47 odlingskostnad
1578 1004 57 38 för
1650 1006 116 36 sådan

169 1050 222 48 ouppodlad
432 1051 119 43 mark,
592 1051 155 35 hvilken
788 1052 10 34 i
832 1052 131 36 skiftet
996 1057 122 32 såsom
1147 1054 298 48 inrösningsjord
1473 1056 168 48 intagits,
1669 1064 97 29 samt

170 1113 61 23 om
261 1102 212 48 ersättning
501 1103 58 34 till
589 1101 187 48 delegare,
806 1116 80 22 som
916 1104 181 48 antingen
1126 1105 162 36 erhåller
1317 1105 215 37 vanhäfdad
1556 1108 88 46 jord
1673 1109 93 35 eller

169 1150 161 38 förlorar
358 1153 219 47 ståndskog,
607 1153 217 49 plantering
853 1155 92 35 eller
972 1155 175 47 torfjord,
1177 1156 86 36 med
1292 1170 101 23 mera
1423 1158 140 48 dylikt;
1593 1160 70 34 och

303 1206 58 33 8:o
392 1217 60 22 om
481 1204 106 36 tiden
614 1203 58 36 för
700 1205 168 35 tillträde
899 1205 39 36 af
954 1207 239 47 egolotterna
1213 1214 96 29 samt
1328 1208 128 48 skogs-
1477 1210 68 34 och
1566 1209 197 48 torfjords-

168 1253 250 49 afbrukning;
448 1254 96 37 dock
586 1259 60 32 må
682 1255 108 36 dessa
817 1255 128 49 frågor
969 1258 140 46 jemväl
1137 1257 79 37 före
1245 1257 148 38 skiftets
1423 1259 213 37 afslutande
1665 1261 99 37 före-

170 1304 134 48 dragas
334 1306 69 36 och
434 1305 159 49 afgöras,
624 1320 60 22 om
713 1307 175 48 samtliga
917 1308 174 48 delegare
1122 1308 131 36 derom
1282 1317 64 28 äro
1376 1323 115 23 ense».

302 1355 81 37 Och
403 1358 121 35 skulle
546 1356 263 48 efterföljande
831 1358 179 49 paragraf
1025 1360 153 47 bringas
1198 1360 59 36 till
1273 1359 391 40 öfverensstämmelse
1681 1364 83 35 här-

167 1407 86 36 med
282 1421 138 35 genom
447 1408 225 49 förändring
700 1407 39 37 af
766 1408 81 36 deri
876 1416 196 42 upptagna
1100 1410 125 36 siffror
1255 1412 68 35 och
1353 1418 54 30 ett
1435 1414 134 47 tillägg
1603 1428 60 21 om
1692 1421 73 30 sät-

166 1465 57 30 tet
241 1458 58 36 för
326 1460 122 36 talans
476 1459 166 48 fullföljd
670 1461 11 35 i
710 1460 92 35 visst
829 1459 65 37 fall
922 1461 119 48 enligt
1069 1459 18 48 $
1118 1463 81 35 129.

302 1510 102 37 Utan
433 1516 55 31 att
527 1512 90 47 vilja
645 1516 182 43 motsäga,
870 1511 64 36 det
976 1516 124 44 någon
1128 1514 193 48 svårighet
1350 1516 69 35 och
1448 1516 214 37 tidsförlust
1690 1517 73 37 kan

168 1575 90 23 vara
284 1561 158 37 förenad
471 1562 85 36 med
585 1563 291 48 tillämpningen
913 1562 40 36 af
993 1565 219 36 nuvarande
1242 1566 274 46 bestämmelse,
1546 1573 56 31 att
1630 1569 134 36 urskil-

162 1613 135 48 jandet
326 1612 40 37 af
388 1614 231 47 inrösnings-
652 1615 69 36 och
761 1612 347 50 afrösningsjorden
1141 1616 94 36 skall
1264 1616 128 50 föregå
1425 1619 338 49 egograderingen,

167 1668 119 32 måste
315 1664 197 36 Utskottet
539 1665 116 36 likväl
697 1666 190 44 anmärka,
930 1671 55 30 att
1014 1665 123 37 denna
1169 1666 194 38 föreskrift
1394 1673 79 32 står
1508 1670 11 34 i
1547 1669 216 50 fullkomlig

166 1715 392 37 öfverensstämmelse
604 1717 87 36 med
737 1717 70 35 och
852 1724 41 28 är
934 1730 46 22 en
1019 1716 94 49 följd
1150 1717 40 37 af
1226 1719 228 49 stadgandet
1499 1721 11 35 i
1555 1718 18 48 $
1612 1723 56 43 64,
1707 1728 56 30 att

168 1767 233 48 inrösnings-
430 1767 70 36 och
531 1766 349 49 afrösningsjorden
908 1768 94 35 skall
1030 1769 93 35 hvar
1154 1768 58 38 för
1231 1771 57 47 sig
1306 1771 178 36 särskildt
1503 1778 167 38 taxeras;
1692 1774 69 34 och

169 1817 65 36 det
262 1831 110 35 synes
400 1818 112 44 klart,
541 1824 55 30 att
637 1822 39 32 så
704 1819 81 35 icke
815 1819 73 35 kan
925 1819 77 44 ske,
1046 1819 126 37 derest
1200 1821 31 47 ej
1275 1820 103 38 förut
1417 1821 128 37 blifvit
1572 1823 190 37 bestämdt

166 1868 156 37 hvilken
350 1869 106 36 mark
483 1869 95 36 skall
605 1870 59 35 till
705 1869 203 37 hvartdera
936 1870 119 48 slaget
1084 1870 196 46 hänföras;
1317 1886 86 23 men
1431 1872 197 38 Utskottet
1656 1880 106 32 anta-

166 1930 67 36 ger
262 1920 196 47 derjemte,
487 1926 55 29 att
571 1933 62 22 om
660 1920 216 36 sedermera
903 1920 65 36 vid
1001 1922 253 48 graderingen
1289 1929 166 39 utrönes,
1497 1930 55 30 att
1581 1926 181 46 antingen

166 1971 103 34 inom
297 1978 163 40 gränsen
487 1969 58 37 för
572 1971 351 48 inrösningsjorden
964 1971 109 37 faller
1101 1977 124 44 någon
1259 1974 61 36 del
1349 1974 40 36 af
1412 1975 117 36 sådan
1552 1976 100 47 jord,
1681 1989 80 24 som

165 2021 81 36 icke
276 2021 88 36 med
391 2020 122 37 fördel
541 2022 74 36 kan
644 2022 116 45 odlas,
803 2023 92 35 eller
923 2028 55 30 att
1006 2024 103 35 inom
1149 2032 162 40 gränsen
1353 2024 39 37 af
1416 2025 346 49 afrösningsjorden

167 2072 102 48 ligga
296 2072 142 36 sådana
470 2073 156 47 spridda
670 2074 243 47 egostycken,
955 2074 128 37 hvilka
1115 2075 128 36 kunna
1271 2080 122 32 såsom
1422 2077 300 49 inrösningsjord
1750 2080 11 35 i

168 2123 130 36 skiftet
343 2124 100 47 ingå,
488 2123 427 48 förrättningsmännen,
962 2129 46 44 på
1054 2132 75 30 sätt
1175 2124 17 48 $
1237 2129 41 33 61
1310 2128 141 46 jemväl
1498 2129 161 44 anvisar,
1692 2143 68 35 ega

168 2179 56 31 att
240 2174 214 36 oberoende
475 2174 41 37 af
530 2175 101 36 hvad
651 2175 10 35 i
682 2174 175 38 afseende
880 2179 46 44 på
945 2184 162 40 gränsen
1123 2178 161 36 emellan
1303 2179 120 48 begge
1440 2180 203 48 egoslagen
1657 2181 103 36 förut

168 2225 125 37 blifvit
319 2225 203 46 bestämdt,
552 2226 63 36 vid
642 2225 131 38 skiftet
800 2227 167 37 beräkna
996 2228 72 35 den
1096 2227 101 38 förra
1223 2233 122 33 såsom
1372 2229 298 50 afrösningsjord
1690 2232 70 37 och
