<?xml version="1.0" encoding="UTF-8"?>
<alto xmlns="http://www.loc.gov/standards/alto/ns-v3#" xmlns:xlink="http://www.w3.org/1999/xlink" xmlns:xsi="http://www.w3.org/2001/XMLSchema-instance" xsi:schemaLocation="http://www.loc.gov/standards/alto/ns-v3# http://www.loc.gov/alto/v3/alto-3-0.xsd">
	<Description>
		<MeasurementUnit>pixel</MeasurementUnit>
		<sourceImageInformation>
			<fileName>/tmp/tess_p364ktd5_input.PNG</fileName>
		</sourceImageInformation>
		<OCRProcessing ID="OCR_0">
			<ocrProcessingStep>
				<processingSoftware>
					<softwareName>tesseract 5.3.0</softwareName>
				</processingSoftware>
			</ocrProcessingStep>
		</OCRProcessing>
	</Description>
	<Layout>
		<Page WIDTH="1918" HEIGHT="2798" PHYSICAL_IMG_NR="0" ID="page_0">
			<PrintSpace HPOS="0" VPOS="0" WIDTH="1918" HEIGHT="2798">
				<ComposedBlock ID="cblock_0" HPOS="551" VPOS="161" WIDTH="1077" HEIGHT="42">
					<TextBlock ID="block_0" HPOS="551" VPOS="161" WIDTH="1077" HEIGHT="42">
						<TextLine ID="line_0" HPOS="551" VPOS="161" WIDTH="1077" HEIGHT="42">
							<String ID="string_0" HPOS="551" VPOS="163" WIDTH="291" HEIGHT="36" WC="0.91" CONTENT="Statsutskottets"/><SP WIDTH="23" VPOS="163" HPOS="842"/>
							<String ID="string_1" HPOS="865" VPOS="161" WIDTH="184" HEIGHT="36" WC="0.95" CONTENT="utlåtande"/><SP WIDTH="23" VPOS="161" HPOS="1049"/>
							<String ID="string_2" HPOS="1072" VPOS="173" WIDTH="41" HEIGHT="23" WC="0.95" CONTENT="nr"/><SP WIDTH="19" VPOS="173" HPOS="1113"/>
							<String ID="string_3" HPOS="1132" VPOS="164" WIDTH="76" HEIGHT="39" WC="0.96" CONTENT="247."/><SP WIDTH="400" VPOS="164" HPOS="1208"/>
							<String ID="string_4" HPOS="1608" VPOS="163" WIDTH="20" HEIGHT="30" WC="0.96" CONTENT="5"/>
						</TextLine>
					</TextBlock>
				</ComposedBlock>
				<ComposedBlock ID="cblock_1" HPOS="138" VPOS="242" WIDTH="1495" HEIGHT="2292">
					<TextBlock ID="block_1" HPOS="138" VPOS="242" WIDTH="1487" HEIGHT="312">
						<TextLine ID="line_1" HPOS="139" VPOS="242" WIDTH="1484" HEIGHT="45">
							<String ID="string_5" HPOS="139" VPOS="258" WIDTH="121" HEIGHT="22" WC="0.96" CONTENT="maren"/><SP WIDTH="22" VPOS="258" HPOS="260"/>
							<String ID="string_6" HPOS="282" VPOS="258" WIDTH="45" HEIGHT="22" WC="0.96" CONTENT="av"/><SP WIDTH="22" VPOS="258" HPOS="327"/>
							<String ID="string_7" HPOS="349" VPOS="245" WIDTH="119" HEIGHT="34" WC="0.93" CONTENT="herrar"/><SP WIDTH="21" VPOS="245" HPOS="468"/>
							<String ID="string_8" HPOS="489" VPOS="245" WIDTH="171" HEIGHT="42" WC="0.91" CONTENT="Liedberg"/><SP WIDTH="22" VPOS="245" HPOS="660"/>
							<String ID="string_9" HPOS="682" VPOS="244" WIDTH="65" HEIGHT="35" WC="0.96" CONTENT="och"/><SP WIDTH="21" VPOS="244" HPOS="747"/>
							<String ID="string_10" HPOS="768" VPOS="244" WIDTH="150" HEIGHT="34" WC="0.96" CONTENT="Persson"/><SP WIDTH="22" VPOS="244" HPOS="918"/>
							<String ID="string_11" HPOS="940" VPOS="244" WIDTH="10" HEIGHT="34" WC="0.92" CONTENT="i"/><SP WIDTH="23" VPOS="244" HPOS="950"/>
							<String ID="string_12" HPOS="973" VPOS="243" WIDTH="183" HEIGHT="42" WC="0.92" CONTENT="Svensköp"/><SP WIDTH="25" VPOS="243" HPOS="1156"/>
							<String ID="string_13" HPOS="1181" VPOS="243" WIDTH="63" HEIGHT="42" WC="0.93" CONTENT="(II:"/><SP WIDTH="16" VPOS="243" HPOS="1244"/>
							<String ID="string_14" HPOS="1260" VPOS="243" WIDTH="96" HEIGHT="41" WC="0.81" CONTENT="509),"/><SP WIDTH="21" VPOS="243" HPOS="1356"/>
							<String ID="string_15" HPOS="1377" VPOS="242" WIDTH="11" HEIGHT="34" WC="0.96" CONTENT="i"/><SP WIDTH="22" VPOS="242" HPOS="1388"/>
							<String ID="string_16" HPOS="1410" VPOS="242" WIDTH="95" HEIGHT="34" WC="0.92" CONTENT="vilka"/><SP WIDTH="21" VPOS="242" HPOS="1505"/>
							<String ID="string_17" HPOS="1526" VPOS="242" WIDTH="97" HEIGHT="34" WC="0.92" CONTENT="hem-"/>
						</TextLine>
						<TextLine ID="line_2" HPOS="139" VPOS="294" WIDTH="1485" HEIGHT="47">
							<String ID="string_18" HPOS="139" VPOS="300" WIDTH="128" HEIGHT="39" WC="0.96" CONTENT="ställts,"/><SP WIDTH="28" VPOS="300" HPOS="267"/>
							<String ID="string_19" HPOS="295" VPOS="304" WIDTH="54" HEIGHT="29" WC="0.96" CONTENT="att"/><SP WIDTH="28" VPOS="304" HPOS="349"/>
							<String ID="string_20" HPOS="377" VPOS="299" WIDTH="187" HEIGHT="42" WC="0.96" CONTENT="riksdagen"/><SP WIDTH="29" VPOS="299" HPOS="564"/>
							<String ID="string_21" HPOS="593" VPOS="299" WIDTH="113" HEIGHT="33" WC="0.96" CONTENT="måtte"/><SP WIDTH="29" VPOS="299" HPOS="706"/>
							<String ID="string_22" HPOS="735" VPOS="297" WIDTH="130" HEIGHT="42" WC="0.93" CONTENT="bevilja"/><SP WIDTH="27" VPOS="297" HPOS="865"/>
							<String ID="string_23" HPOS="892" VPOS="297" WIDTH="278" HEIGHT="42" WC="0.90" CONTENT="engångsanslag"/><SP WIDTH="29" VPOS="297" HPOS="1170"/>
							<String ID="string_24" HPOS="1199" VPOS="295" WIDTH="55" HEIGHT="35" WC="0.96" CONTENT="för"/><SP WIDTH="27" VPOS="295" HPOS="1254"/>
							<String ID="string_25" HPOS="1281" VPOS="295" WIDTH="205" HEIGHT="42" WC="0.93" CONTENT="nödvändig"/><SP WIDTH="26" VPOS="295" HPOS="1486"/>
							<String ID="string_26" HPOS="1512" VPOS="294" WIDTH="112" HEIGHT="35" WC="0.92" CONTENT="forsk-"/>
						</TextLine>
						<TextLine ID="line_3" HPOS="138" VPOS="349" WIDTH="1487" HEIGHT="47">
							<String ID="string_27" HPOS="138" VPOS="353" WIDTH="308" HEIGHT="43" WC="0.91" CONTENT="ningsutrustning"/><SP WIDTH="26" VPOS="353" HPOS="446"/>
							<String ID="string_28" HPOS="472" VPOS="353" WIDTH="52" HEIGHT="34" WC="0.93" CONTENT="till"/><SP WIDTH="28" VPOS="353" HPOS="524"/>
							<String ID="string_29" HPOS="552" VPOS="352" WIDTH="230" HEIGHT="42" WC="0.92" CONTENT="histologiska"/><SP WIDTH="29" VPOS="352" HPOS="782"/>
							<String ID="string_30" HPOS="811" VPOS="351" WIDTH="249" HEIGHT="34" WC="0.95" CONTENT="institutionen"/><SP WIDTH="29" VPOS="351" HPOS="1060"/>
							<String ID="string_31" HPOS="1089" VPOS="350" WIDTH="63" HEIGHT="34" WC="0.96" CONTENT="vid"/><SP WIDTH="26" VPOS="350" HPOS="1152"/>
							<String ID="string_32" HPOS="1178" VPOS="349" WIDTH="122" HEIGHT="35" WC="0.95" CONTENT="Lunds"/><SP WIDTH="29" VPOS="349" HPOS="1300"/>
							<String ID="string_33" HPOS="1329" VPOS="349" WIDTH="208" HEIGHT="35" WC="0.94" CONTENT="universitet"/><SP WIDTH="29" VPOS="349" HPOS="1537"/>
							<String ID="string_34" HPOS="1566" VPOS="361" WIDTH="59" HEIGHT="22" WC="0.96" CONTENT="om"/>
						</TextLine>
						<TextLine ID="line_4" HPOS="141" VPOS="402" WIDTH="1484" HEIGHT="46">
							<String ID="string_35" HPOS="141" VPOS="411" WIDTH="65" HEIGHT="30" WC="0.95" CONTENT="118"/><SP WIDTH="15" VPOS="411" HPOS="206"/>
							<String ID="string_36" HPOS="221" VPOS="411" WIDTH="65" HEIGHT="30" WC="0.96" CONTENT="000"/><SP WIDTH="18" VPOS="411" HPOS="286"/>
							<String ID="string_37" HPOS="304" VPOS="407" WIDTH="141" HEIGHT="40" WC="0.95" CONTENT="kronor,"/><SP WIDTH="17" VPOS="407" HPOS="445"/>
							<String ID="string_38" HPOS="462" VPOS="407" WIDTH="53" HEIGHT="34" WC="0.96" CONTENT="till"/><SP WIDTH="17" VPOS="407" HPOS="515"/>
							<String ID="string_39" HPOS="532" VPOS="405" WIDTH="297" HEIGHT="43" WC="0.95" CONTENT="farmakologiska"/><SP WIDTH="19" VPOS="405" HPOS="829"/>
							<String ID="string_40" HPOS="848" VPOS="404" WIDTH="250" HEIGHT="34" WC="0.96" CONTENT="institutionen"/><SP WIDTH="17" VPOS="404" HPOS="1098"/>
							<String ID="string_41" HPOS="1115" VPOS="416" WIDTH="60" HEIGHT="22" WC="0.96" CONTENT="om"/><SP WIDTH="19" VPOS="416" HPOS="1175"/>
							<String ID="string_42" HPOS="1194" VPOS="407" WIDTH="42" HEIGHT="30" WC="0.96" CONTENT="37"/><SP WIDTH="15" VPOS="407" HPOS="1236"/>
							<String ID="string_43" HPOS="1251" VPOS="407" WIDTH="66" HEIGHT="30" WC="0.95" CONTENT="000"/><SP WIDTH="18" VPOS="407" HPOS="1317"/>
							<String ID="string_44" HPOS="1335" VPOS="403" WIDTH="131" HEIGHT="34" WC="0.95" CONTENT="kronor"/><SP WIDTH="19" VPOS="403" HPOS="1466"/>
							<String ID="string_45" HPOS="1485" VPOS="402" WIDTH="65" HEIGHT="35" WC="0.95" CONTENT="och"/><SP WIDTH="20" VPOS="402" HPOS="1550"/>
							<String ID="string_46" HPOS="1570" VPOS="403" WIDTH="55" HEIGHT="34" WC="0.96" CONTENT="till"/>
						</TextLine>
						<TextLine ID="line_5" HPOS="138" VPOS="456" WIDTH="1487" HEIGHT="39">
							<String ID="string_47" HPOS="138" VPOS="460" WIDTH="323" HEIGHT="35" WC="0.89" CONTENT="kliniskt-kemiska"/><SP WIDTH="20" VPOS="460" HPOS="461"/>
							<String ID="string_48" HPOS="481" VPOS="459" WIDTH="363" HEIGHT="35" WC="0.90" CONTENT="centrallaboratoriet"/><SP WIDTH="19" VPOS="459" HPOS="844"/>
							<String ID="string_49" HPOS="863" VPOS="458" WIDTH="61" HEIGHT="34" WC="0.93" CONTENT="vid"/><SP WIDTH="20" VPOS="458" HPOS="924"/>
							<String ID="string_50" HPOS="944" VPOS="457" WIDTH="425" HEIGHT="36" WC="0.91" CONTENT="universitetsklinikerna"/><SP WIDTH="19" VPOS="457" HPOS="1369"/>
							<String ID="string_51" HPOS="1388" VPOS="457" WIDTH="12" HEIGHT="34" WC="0.96" CONTENT="i"/><SP WIDTH="21" VPOS="457" HPOS="1400"/>
							<String ID="string_52" HPOS="1421" VPOS="456" WIDTH="103" HEIGHT="35" WC="0.96" CONTENT="Lund"/><SP WIDTH="19" VPOS="456" HPOS="1524"/>
							<String ID="string_53" HPOS="1543" VPOS="456" WIDTH="82" HEIGHT="34" WC="0.96" CONTENT="med"/>
						</TextLine>
						<TextLine ID="line_6" HPOS="139" VPOS="514" WIDTH="290" HEIGHT="40">
							<String ID="string_54" HPOS="139" VPOS="518" WIDTH="43" HEIGHT="31" WC="0.95" CONTENT="20"/><SP WIDTH="14" VPOS="518" HPOS="182"/>
							<String ID="string_55" HPOS="196" VPOS="518" WIDTH="66" HEIGHT="31" WC="0.95" CONTENT="000"/><SP WIDTH="27" VPOS="518" HPOS="262"/>
							<String ID="string_56" HPOS="289" VPOS="514" WIDTH="140" HEIGHT="40" WC="0.96" CONTENT="kronor;"/>
						</TextLine>
					</TextBlock>
					<TextBlock ID="block_2" HPOS="140" VPOS="563" WIDTH="1487" HEIGHT="424">
						<TextLine ID="line_7" HPOS="185" VPOS="563" WIDTH="1441" HEIGHT="46">
							<String ID="string_57" HPOS="185" VPOS="568" WIDTH="74" HEIGHT="34" WC="0.96" CONTENT="dels"/><SP WIDTH="22" VPOS="568" HPOS="259"/>
							<String ID="string_58" HPOS="281" VPOS="569" WIDTH="65" HEIGHT="33" WC="0.96" CONTENT="två"/><SP WIDTH="23" VPOS="569" HPOS="346"/>
							<String ID="string_59" HPOS="369" VPOS="567" WIDTH="227" HEIGHT="42" WC="0.96" CONTENT="likalydande"/><SP WIDTH="23" VPOS="567" HPOS="596"/>
							<String ID="string_60" HPOS="619" VPOS="566" WIDTH="185" HEIGHT="40" WC="0.96" CONTENT="motioner,"/><SP WIDTH="24" VPOS="566" HPOS="804"/>
							<String ID="string_61" HPOS="828" VPOS="565" WIDTH="131" HEIGHT="35" WC="0.96" CONTENT="väckta"/><SP WIDTH="24" VPOS="565" HPOS="959"/>
							<String ID="string_62" HPOS="983" VPOS="565" WIDTH="68" HEIGHT="34" WC="0.96" CONTENT="den"/><SP WIDTH="23" VPOS="565" HPOS="1051"/>
							<String ID="string_63" HPOS="1074" VPOS="577" WIDTH="68" HEIGHT="22" WC="0.96" CONTENT="ena"/><SP WIDTH="24" VPOS="577" HPOS="1142"/>
							<String ID="string_64" HPOS="1166" VPOS="564" WIDTH="96" HEIGHT="34" WC="0.96" CONTENT="inom"/><SP WIDTH="22" VPOS="564" HPOS="1262"/>
							<String ID="string_65" HPOS="1284" VPOS="563" WIDTH="113" HEIGHT="35" WC="0.96" CONTENT="första"/><SP WIDTH="22" VPOS="563" HPOS="1397"/>
							<String ID="string_66" HPOS="1419" VPOS="564" WIDTH="207" HEIGHT="34" WC="0.96" CONTENT="kammaren"/>
						</TextLine>
						<TextLine ID="line_8" HPOS="140" VPOS="617" WIDTH="1486" HEIGHT="45">
							<String ID="string_67" HPOS="140" VPOS="634" WIDTH="46" HEIGHT="22" WC="0.96" CONTENT="av"/><SP WIDTH="18" VPOS="634" HPOS="186"/>
							<String ID="string_68" HPOS="204" VPOS="621" WIDTH="81" HEIGHT="35" WC="0.96" CONTENT="herr"/><SP WIDTH="16" VPOS="621" HPOS="285"/>
							<String ID="string_69" HPOS="301" VPOS="621" WIDTH="212" HEIGHT="35" WC="0.0" CONTENT="Nordensson"/><SP WIDTH="23" VPOS="621" HPOS="513"/>
							<String ID="string_70" HPOS="536" VPOS="621" WIDTH="44" HEIGHT="41" WC="0.87" CONTENT="(I:"/><SP WIDTH="16" VPOS="621" HPOS="580"/>
							<String ID="string_71" HPOS="596" VPOS="621" WIDTH="80" HEIGHT="41" WC="0.96" CONTENT="356)"/><SP WIDTH="25" VPOS="621" HPOS="676"/>
							<String ID="string_72" HPOS="701" VPOS="620" WIDTH="65" HEIGHT="34" WC="0.96" CONTENT="och"/><SP WIDTH="20" VPOS="620" HPOS="766"/>
							<String ID="string_73" HPOS="786" VPOS="620" WIDTH="68" HEIGHT="34" WC="0.96" CONTENT="den"/><SP WIDTH="19" VPOS="620" HPOS="854"/>
							<String ID="string_74" HPOS="873" VPOS="619" WIDTH="111" HEIGHT="34" WC="0.96" CONTENT="andra"/><SP WIDTH="19" VPOS="619" HPOS="984"/>
							<String ID="string_75" HPOS="1003" VPOS="619" WIDTH="96" HEIGHT="34" WC="0.96" CONTENT="inom"/><SP WIDTH="21" VPOS="619" HPOS="1099"/>
							<String ID="string_76" HPOS="1120" VPOS="618" WIDTH="112" HEIGHT="34" WC="0.95" CONTENT="andra"/><SP WIDTH="19" VPOS="618" HPOS="1232"/>
							<String ID="string_77" HPOS="1251" VPOS="618" WIDTH="207" HEIGHT="34" WC="0.96" CONTENT="kammaren"/><SP WIDTH="22" VPOS="618" HPOS="1458"/>
							<String ID="string_78" HPOS="1480" VPOS="630" WIDTH="46" HEIGHT="21" WC="0.96" CONTENT="av"/><SP WIDTH="19" VPOS="630" HPOS="1526"/>
							<String ID="string_79" HPOS="1545" VPOS="617" WIDTH="81" HEIGHT="34" WC="0.95" CONTENT="herr"/>
						</TextLine>
						<TextLine ID="line_9" HPOS="140" VPOS="670" WIDTH="1486" HEIGHT="46">
							<String ID="string_80" HPOS="140" VPOS="675" WIDTH="220" HEIGHT="34" WC="0.92" CONTENT="Henriksson"/><SP WIDTH="16" VPOS="675" HPOS="360"/>
							<String ID="string_81" HPOS="376" VPOS="687" WIDTH="48" HEIGHT="21" WC="0.90" CONTENT="m."/><SP WIDTH="16" VPOS="687" HPOS="424"/>
							<String ID="string_82" HPOS="440" VPOS="674" WIDTH="39" HEIGHT="42" WC="0.96" CONTENT="fl."/><SP WIDTH="21" VPOS="674" HPOS="479"/>
							<String ID="string_83" HPOS="500" VPOS="674" WIDTH="63" HEIGHT="42" WC="0.96" CONTENT="(II:"/><SP WIDTH="16" VPOS="674" HPOS="563"/>
							<String ID="string_84" HPOS="579" VPOS="674" WIDTH="95" HEIGHT="42" WC="0.85" CONTENT="506),"/><SP WIDTH="20" VPOS="674" HPOS="674"/>
							<String ID="string_85" HPOS="694" VPOS="673" WIDTH="11" HEIGHT="34" WC="0.96" CONTENT="i"/><SP WIDTH="20" VPOS="673" HPOS="705"/>
							<String ID="string_86" HPOS="725" VPOS="673" WIDTH="96" HEIGHT="34" WC="0.93" CONTENT="vilka"/><SP WIDTH="15" VPOS="673" HPOS="821"/>
							<String ID="string_87" HPOS="836" VPOS="673" WIDTH="211" HEIGHT="39" WC="0.92" CONTENT="hemställts,"/><SP WIDTH="18" VPOS="673" HPOS="1047"/>
							<String ID="string_88" HPOS="1065" VPOS="676" WIDTH="55" HEIGHT="30" WC="0.96" CONTENT="att"/><SP WIDTH="20" VPOS="676" HPOS="1120"/>
							<String ID="string_89" HPOS="1140" VPOS="671" WIDTH="186" HEIGHT="42" WC="0.95" CONTENT="riksdagen"/><SP WIDTH="18" VPOS="671" HPOS="1326"/>
							<String ID="string_90" HPOS="1344" VPOS="672" WIDTH="115" HEIGHT="33" WC="0.96" CONTENT="måtte"/><SP WIDTH="17" VPOS="672" HPOS="1459"/>
							<String ID="string_91" HPOS="1476" VPOS="670" WIDTH="150" HEIGHT="40" WC="0.96" CONTENT="besluta,"/>
						</TextLine>
						<TextLine ID="line_10" HPOS="141" VPOS="723" WIDTH="1485" HEIGHT="49">
							<String ID="string_92" HPOS="141" VPOS="734" WIDTH="56" HEIGHT="29" WC="0.96" CONTENT="att"/><SP WIDTH="15" VPOS="734" HPOS="197"/>
							<String ID="string_93" HPOS="212" VPOS="728" WIDTH="223" HEIGHT="44" WC="0.96" CONTENT="professuren"/><SP WIDTH="18" VPOS="728" HPOS="435"/>
							<String ID="string_94" HPOS="453" VPOS="728" WIDTH="10" HEIGHT="34" WC="0.96" CONTENT="i"/><SP WIDTH="17" VPOS="728" HPOS="463"/>
							<String ID="string_95" HPOS="480" VPOS="727" WIDTH="191" HEIGHT="35" WC="0.96" CONTENT="romanska"/><SP WIDTH="17" VPOS="727" HPOS="671"/>
							<String ID="string_96" HPOS="688" VPOS="727" WIDTH="105" HEIGHT="42" WC="0.96" CONTENT="språk"/><SP WIDTH="18" VPOS="727" HPOS="793"/>
							<String ID="string_97" HPOS="811" VPOS="726" WIDTH="61" HEIGHT="34" WC="0.96" CONTENT="vid"/><SP WIDTH="19" VPOS="726" HPOS="872"/>
							<String ID="string_98" HPOS="891" VPOS="725" WIDTH="247" HEIGHT="35" WC="0.96" CONTENT="universitetet"/><SP WIDTH="25" VPOS="725" HPOS="1138"/>
							<String ID="string_99" HPOS="1163" VPOS="725" WIDTH="6" HEIGHT="33" WC="0.96" CONTENT="i"/><SP WIDTH="17" VPOS="725" HPOS="1169"/>
							<String ID="string_100" HPOS="1186" VPOS="725" WIDTH="160" HEIGHT="42" WC="0.96" CONTENT="Uppsala"/><SP WIDTH="16" VPOS="725" HPOS="1346"/>
							<String ID="string_101" HPOS="1362" VPOS="724" WIDTH="80" HEIGHT="34" WC="0.96" CONTENT="från"/><SP WIDTH="18" VPOS="724" HPOS="1442"/>
							<String ID="string_102" HPOS="1460" VPOS="723" WIDTH="65" HEIGHT="35" WC="0.96" CONTENT="och"/><SP WIDTH="19" VPOS="723" HPOS="1525"/>
							<String ID="string_103" HPOS="1544" VPOS="723" WIDTH="82" HEIGHT="35" WC="0.96" CONTENT="med"/>
						</TextLine>
						<TextLine ID="line_11" HPOS="141" VPOS="777" WIDTH="1486" HEIGHT="48">
							<String ID="string_104" HPOS="141" VPOS="783" WIDTH="68" HEIGHT="34" WC="0.96" CONTENT="den"/><SP WIDTH="29" VPOS="783" HPOS="209"/>
							<String ID="string_105" HPOS="238" VPOS="786" WIDTH="16" HEIGHT="30" WC="0.96" CONTENT="1"/><SP WIDTH="28" VPOS="786" HPOS="254"/>
							<String ID="string_106" HPOS="282" VPOS="782" WIDTH="64" HEIGHT="43" WC="0.96" CONTENT="juli"/><SP WIDTH="27" VPOS="782" HPOS="346"/>
							<String ID="string_107" HPOS="373" VPOS="785" WIDTH="86" HEIGHT="31" WC="0.96" CONTENT="1947"/><SP WIDTH="26" VPOS="785" HPOS="459"/>
							<String ID="string_108" HPOS="485" VPOS="781" WIDTH="172" HEIGHT="43" WC="0.96" CONTENT="uppdelas"/><SP WIDTH="25" VPOS="781" HPOS="657"/>
							<String ID="string_109" HPOS="682" VPOS="781" WIDTH="11" HEIGHT="34" WC="0.96" CONTENT="i"/><SP WIDTH="26" VPOS="781" HPOS="693"/>
							<String ID="string_110" HPOS="719" VPOS="781" WIDTH="73" HEIGHT="34" WC="0.96" CONTENT="dels"/><SP WIDTH="24" VPOS="781" HPOS="792"/>
							<String ID="string_111" HPOS="816" VPOS="793" WIDTH="45" HEIGHT="21" WC="0.96" CONTENT="en"/><SP WIDTH="23" VPOS="793" HPOS="861"/>
							<String ID="string_112" HPOS="884" VPOS="779" WIDTH="179" HEIGHT="43" WC="0.96" CONTENT="professur"/><SP WIDTH="24" VPOS="779" HPOS="1063"/>
							<String ID="string_113" HPOS="1087" VPOS="779" WIDTH="11" HEIGHT="34" WC="0.96" CONTENT="i"/><SP WIDTH="26" VPOS="779" HPOS="1098"/>
							<String ID="string_114" HPOS="1124" VPOS="778" WIDTH="190" HEIGHT="34" WC="0.96" CONTENT="romanska"/><SP WIDTH="28" VPOS="778" HPOS="1314"/>
							<String ID="string_115" HPOS="1342" VPOS="778" WIDTH="117" HEIGHT="42" WC="0.96" CONTENT="språk,"/><SP WIDTH="26" VPOS="778" HPOS="1459"/>
							<String ID="string_116" HPOS="1485" VPOS="777" WIDTH="142" HEIGHT="35" WC="0.96" CONTENT="särskilt"/>
						</TextLine>
						<TextLine ID="line_12" HPOS="140" VPOS="830" WIDTH="1487" HEIGHT="48">
							<String ID="string_117" HPOS="140" VPOS="836" WIDTH="145" HEIGHT="35" WC="0.96" CONTENT="franska"/><SP WIDTH="22" VPOS="836" HPOS="285"/>
							<String ID="string_118" HPOS="307" VPOS="836" WIDTH="65" HEIGHT="34" WC="0.92" CONTENT="och"/><SP WIDTH="23" VPOS="836" HPOS="372"/>
							<String ID="string_119" HPOS="395" VPOS="835" WIDTH="263" HEIGHT="43" WC="0.90" CONTENT="provensalska,"/><SP WIDTH="23" VPOS="835" HPOS="658"/>
							<String ID="string_120" HPOS="681" VPOS="834" WIDTH="72" HEIGHT="34" WC="0.96" CONTENT="dels"/><SP WIDTH="23" VPOS="834" HPOS="753"/>
							<String ID="string_121" HPOS="776" VPOS="834" WIDTH="66" HEIGHT="34" WC="0.96" CONTENT="ock"/><SP WIDTH="20" VPOS="834" HPOS="842"/>
							<String ID="string_122" HPOS="862" VPOS="846" WIDTH="46" HEIGHT="21" WC="0.96" CONTENT="en"/><SP WIDTH="22" VPOS="846" HPOS="908"/>
							<String ID="string_123" HPOS="930" VPOS="833" WIDTH="111" HEIGHT="34" WC="0.95" CONTENT="andra"/><SP WIDTH="23" VPOS="833" HPOS="1041"/>
							<String ID="string_124" HPOS="1064" VPOS="832" WIDTH="179" HEIGHT="43" WC="0.96" CONTENT="professur"/><SP WIDTH="22" VPOS="832" HPOS="1243"/>
							<String ID="string_125" HPOS="1265" VPOS="832" WIDTH="11" HEIGHT="34" WC="0.96" CONTENT="i"/><SP WIDTH="22" VPOS="832" HPOS="1276"/>
							<String ID="string_126" HPOS="1298" VPOS="831" WIDTH="189" HEIGHT="34" WC="0.96" CONTENT="romanska"/><SP WIDTH="22" VPOS="831" HPOS="1487"/>
							<String ID="string_127" HPOS="1509" VPOS="830" WIDTH="118" HEIGHT="43" WC="0.96" CONTENT="språk,"/>
						</TextLine>
						<TextLine ID="line_13" HPOS="141" VPOS="884" WIDTH="1486" HEIGHT="48">
							<String ID="string_128" HPOS="141" VPOS="890" WIDTH="141" HEIGHT="35" WC="0.96" CONTENT="särskilt"/><SP WIDTH="16" VPOS="890" HPOS="282"/>
							<String ID="string_129" HPOS="298" VPOS="889" WIDTH="153" HEIGHT="43" WC="0.95" CONTENT="spanska"/><SP WIDTH="16" VPOS="889" HPOS="451"/>
							<String ID="string_130" HPOS="467" VPOS="888" WIDTH="66" HEIGHT="35" WC="0.96" CONTENT="och"/><SP WIDTH="16" VPOS="888" HPOS="533"/>
							<String ID="string_131" HPOS="549" VPOS="888" WIDTH="197" HEIGHT="40" WC="0.96" CONTENT="italienska,"/><SP WIDTH="17" VPOS="888" HPOS="746"/>
							<String ID="string_132" HPOS="763" VPOS="891" WIDTH="169" HEIGHT="31" WC="0.96" CONTENT="ävensom"/><SP WIDTH="17" VPOS="891" HPOS="932"/>
							<String ID="string_133" HPOS="949" VPOS="891" WIDTH="56" HEIGHT="29" WC="0.96" CONTENT="att"/><SP WIDTH="16" VPOS="891" HPOS="1005"/>
							<String ID="string_134" HPOS="1021" VPOS="886" WIDTH="187" HEIGHT="42" WC="0.96" CONTENT="riksdagen"/><SP WIDTH="16" VPOS="886" HPOS="1208"/>
							<String ID="string_135" HPOS="1224" VPOS="886" WIDTH="114" HEIGHT="33" WC="0.96" CONTENT="måtte"/><SP WIDTH="15" VPOS="886" HPOS="1338"/>
							<String ID="string_136" HPOS="1353" VPOS="885" WIDTH="146" HEIGHT="42" WC="0.96" CONTENT="vidtaga"/><SP WIDTH="16" VPOS="885" HPOS="1499"/>
							<String ID="string_137" HPOS="1515" VPOS="884" WIDTH="112" HEIGHT="34" WC="0.95" CONTENT="härav"/>
						</TextLine>
						<TextLine ID="line_14" HPOS="140" VPOS="938" WIDTH="1375" HEIGHT="49">
							<String ID="string_138" HPOS="140" VPOS="943" WIDTH="189" HEIGHT="44" WC="0.96" CONTENT="påkallade"/><SP WIDTH="22" VPOS="943" HPOS="329"/>
							<String ID="string_139" HPOS="351" VPOS="942" WIDTH="187" HEIGHT="43" WC="0.96" CONTENT="ändringar"/><SP WIDTH="21" VPOS="942" HPOS="538"/>
							<String ID="string_140" HPOS="559" VPOS="942" WIDTH="12" HEIGHT="34" WC="0.91" CONTENT="i"/><SP WIDTH="22" VPOS="942" HPOS="571"/>
							<String ID="string_141" HPOS="593" VPOS="940" WIDTH="422" HEIGHT="43" WC="0.91" CONTENT="anslagsberäkningarna"/><SP WIDTH="19" VPOS="940" HPOS="1015"/>
							<String ID="string_142" HPOS="1034" VPOS="939" WIDTH="56" HEIGHT="34" WC="0.96" CONTENT="för"/><SP WIDTH="23" VPOS="939" HPOS="1090"/>
							<String ID="string_143" HPOS="1113" VPOS="939" WIDTH="159" HEIGHT="42" WC="0.96" CONTENT="Uppsala"/><SP WIDTH="23" VPOS="939" HPOS="1272"/>
							<String ID="string_144" HPOS="1295" VPOS="938" WIDTH="220" HEIGHT="39" WC="0.96" CONTENT="universitet;"/>
						</TextLine>
					</TextBlock>
					<TextBlock ID="block_3" HPOS="141" VPOS="991" WIDTH="1488" HEIGHT="417">
						<TextLine ID="line_15" HPOS="188" VPOS="991" WIDTH="1440" HEIGHT="43">
							<String ID="string_145" HPOS="188" VPOS="997" WIDTH="74" HEIGHT="34" WC="0.96" CONTENT="dels"/><SP WIDTH="21" VPOS="997" HPOS="262"/>
							<String ID="string_146" HPOS="283" VPOS="1009" WIDTH="44" HEIGHT="22" WC="0.96" CONTENT="en"/><SP WIDTH="22" VPOS="1009" HPOS="327"/>
							<String ID="string_147" HPOS="349" VPOS="997" WIDTH="96" HEIGHT="33" WC="0.96" CONTENT="inom"/><SP WIDTH="23" VPOS="997" HPOS="445"/>
							<String ID="string_148" HPOS="468" VPOS="996" WIDTH="111" HEIGHT="34" WC="0.96" CONTENT="andra"/><SP WIDTH="19" VPOS="996" HPOS="579"/>
							<String ID="string_149" HPOS="598" VPOS="995" WIDTH="207" HEIGHT="34" WC="0.96" CONTENT="kammaren"/><SP WIDTH="23" VPOS="995" HPOS="805"/>
							<String ID="string_150" HPOS="828" VPOS="1006" WIDTH="47" HEIGHT="22" WC="0.96" CONTENT="av"/><SP WIDTH="20" VPOS="1006" HPOS="875"/>
							<String ID="string_151" HPOS="895" VPOS="994" WIDTH="80" HEIGHT="34" WC="0.95" CONTENT="herr"/><SP WIDTH="24" VPOS="994" HPOS="975"/>
							<String ID="string_152" HPOS="999" VPOS="993" WIDTH="138" HEIGHT="41" WC="0.96" CONTENT="Wiberg"/><SP WIDTH="24" VPOS="993" HPOS="1137"/>
							<String ID="string_153" HPOS="1161" VPOS="992" WIDTH="109" HEIGHT="35" WC="0.96" CONTENT="väckt"/><SP WIDTH="21" VPOS="992" HPOS="1270"/>
							<String ID="string_154" HPOS="1291" VPOS="992" WIDTH="136" HEIGHT="34" WC="0.96" CONTENT="motion"/><SP WIDTH="26" VPOS="992" HPOS="1427"/>
							<String ID="string_155" HPOS="1453" VPOS="991" WIDTH="63" HEIGHT="42" WC="0.87" CONTENT="(IT:"/><SP WIDTH="14" VPOS="991" HPOS="1516"/>
							<String ID="string_156" HPOS="1530" VPOS="991" WIDTH="98" HEIGHT="42" WC="0.96" CONTENT="493),"/>
						</TextLine>
						<TextLine ID="line_16" HPOS="141" VPOS="1045" WIDTH="1488" HEIGHT="45">
							<String ID="string_157" HPOS="141" VPOS="1051" WIDTH="77" HEIGHT="34" WC="0.93" CONTENT="vari"/><SP WIDTH="23" VPOS="1051" HPOS="218"/>
							<String ID="string_158" HPOS="241" VPOS="1050" WIDTH="211" HEIGHT="40" WC="0.91" CONTENT="hemställts,"/><SP WIDTH="26" VPOS="1050" HPOS="452"/>
							<String ID="string_159" HPOS="478" VPOS="1054" WIDTH="55" HEIGHT="29" WC="0.96" CONTENT="att"/><SP WIDTH="26" VPOS="1054" HPOS="533"/>
							<String ID="string_160" HPOS="559" VPOS="1048" WIDTH="188" HEIGHT="42" WC="0.96" CONTENT="riksdagen"/><SP WIDTH="28" VPOS="1048" HPOS="747"/>
							<String ID="string_161" HPOS="775" VPOS="1048" WIDTH="114" HEIGHT="34" WC="0.96" CONTENT="måtte"/><SP WIDTH="26" VPOS="1048" HPOS="889"/>
							<String ID="string_162" HPOS="915" VPOS="1047" WIDTH="150" HEIGHT="40" WC="0.96" CONTENT="besluta,"/><SP WIDTH="27" VPOS="1047" HPOS="1065"/>
							<String ID="string_163" HPOS="1092" VPOS="1051" WIDTH="56" HEIGHT="29" WC="0.97" CONTENT="att"/><SP WIDTH="26" VPOS="1051" HPOS="1148"/>
							<String ID="string_164" HPOS="1174" VPOS="1045" WIDTH="175" HEIGHT="43" WC="0.96" CONTENT="professor"/><SP WIDTH="27" VPOS="1045" HPOS="1349"/>
							<String ID="string_165" HPOS="1376" VPOS="1045" WIDTH="99" HEIGHT="40" WC="0.96" CONTENT="skall,"/><SP WIDTH="26" VPOS="1045" HPOS="1475"/>
							<String ID="string_166" HPOS="1501" VPOS="1048" WIDTH="128" HEIGHT="31" WC="0.96" CONTENT="utöver"/>
						</TextLine>
						<TextLine ID="line_17" HPOS="141" VPOS="1098" WIDTH="1487" HEIGHT="48">
							<String ID="string_167" HPOS="141" VPOS="1117" WIDTH="49" HEIGHT="21" WC="0.95" CONTENT="nu"/><SP WIDTH="17" VPOS="1117" HPOS="190"/>
							<String ID="string_168" HPOS="207" VPOS="1103" WIDTH="177" HEIGHT="43" WC="0.91" CONTENT="utgående"/><SP WIDTH="18" VPOS="1103" HPOS="384"/>
							<String ID="string_169" HPOS="402" VPOS="1102" WIDTH="237" HEIGHT="42" WC="0.91" CONTENT="ålderstillägg"/><SP WIDTH="15" VPOS="1102" HPOS="639"/>
							<String ID="string_170" HPOS="654" VPOS="1103" WIDTH="21" HEIGHT="33" WC="0.91" CONTENT="å"/><SP WIDTH="18" VPOS="1103" HPOS="675"/>
							<String ID="string_171" HPOS="693" VPOS="1105" WIDTH="97" HEIGHT="30" WC="0.90" CONTENT="1000"/><SP WIDTH="16" VPOS="1105" HPOS="790"/>
							<String ID="string_172" HPOS="806" VPOS="1101" WIDTH="132" HEIGHT="34" WC="0.96" CONTENT="kronor"/><SP WIDTH="16" VPOS="1101" HPOS="938"/>
							<String ID="string_173" HPOS="954" VPOS="1099" WIDTH="89" HEIGHT="35" WC="0.96" CONTENT="efter"/><SP WIDTH="16" VPOS="1099" HPOS="1043"/>
							<String ID="string_174" HPOS="1059" VPOS="1099" WIDTH="72" HEIGHT="35" WC="0.96" CONTENT="fem"/><SP WIDTH="16" VPOS="1099" HPOS="1131"/>
							<String ID="string_175" HPOS="1147" VPOS="1100" WIDTH="56" HEIGHT="33" WC="0.96" CONTENT="års"/><SP WIDTH="17" VPOS="1100" HPOS="1203"/>
							<String ID="string_176" HPOS="1220" VPOS="1098" WIDTH="247" HEIGHT="43" WC="0.96" CONTENT="tjänstgöring,"/><SP WIDTH="18" VPOS="1098" HPOS="1467"/>
							<String ID="string_177" HPOS="1485" VPOS="1098" WIDTH="143" HEIGHT="42" WC="0.95" CONTENT="åtnjuta"/>
						</TextLine>
						<TextLine ID="line_18" HPOS="141" VPOS="1152" WIDTH="1487" HEIGHT="49">
							<String ID="string_178" HPOS="141" VPOS="1157" WIDTH="205" HEIGHT="44" WC="0.96" CONTENT="ytterligare"/><SP WIDTH="21" VPOS="1157" HPOS="346"/>
							<String ID="string_179" HPOS="367" VPOS="1161" WIDTH="55" HEIGHT="30" WC="0.96" CONTENT="ett"/><SP WIDTH="24" VPOS="1161" HPOS="422"/>
							<String ID="string_180" HPOS="446" VPOS="1156" WIDTH="128" HEIGHT="34" WC="0.96" CONTENT="sådant"/><SP WIDTH="22" VPOS="1156" HPOS="574"/>
							<String ID="string_181" HPOS="596" VPOS="1155" WIDTH="124" HEIGHT="42" WC="0.96" CONTENT="tillägg"/><SP WIDTH="25" VPOS="1155" HPOS="720"/>
							<String ID="string_182" HPOS="745" VPOS="1154" WIDTH="89" HEIGHT="35" WC="0.95" CONTENT="efter"/><SP WIDTH="24" VPOS="1154" HPOS="834"/>
							<String ID="string_183" HPOS="858" VPOS="1154" WIDTH="51" HEIGHT="34" WC="0.96" CONTENT="tio"/><SP WIDTH="25" VPOS="1154" HPOS="909"/>
							<String ID="string_184" HPOS="934" VPOS="1154" WIDTH="49" HEIGHT="40" WC="0.96" CONTENT="år,"/><SP WIDTH="23" VPOS="1154" HPOS="983"/>
							<String ID="string_185" HPOS="1006" VPOS="1153" WIDTH="167" HEIGHT="34" WC="0.93" CONTENT="likaledes"/><SP WIDTH="26" VPOS="1153" HPOS="1173"/>
							<String ID="string_186" HPOS="1199" VPOS="1153" WIDTH="21" HEIGHT="33" WC="0.92" CONTENT="å"/><SP WIDTH="27" VPOS="1153" HPOS="1220"/>
							<String ID="string_187" HPOS="1247" VPOS="1155" WIDTH="98" HEIGHT="31" WC="0.90" CONTENT="1000"/><SP WIDTH="24" VPOS="1155" HPOS="1345"/>
							<String ID="string_188" HPOS="1369" VPOS="1152" WIDTH="140" HEIGHT="40" WC="0.96" CONTENT="kronor,"/><SP WIDTH="25" VPOS="1152" HPOS="1509"/>
							<String ID="string_189" HPOS="1534" VPOS="1156" WIDTH="94" HEIGHT="30" WC="0.96" CONTENT="samt"/>
						</TextLine>
						<TextLine ID="line_19" HPOS="142" VPOS="1205" WIDTH="1487" HEIGHT="49">
							<String ID="string_190" HPOS="142" VPOS="1216" WIDTH="56" HEIGHT="30" WC="0.96" CONTENT="att"/><SP WIDTH="19" VPOS="1216" HPOS="198"/>
							<String ID="string_191" HPOS="217" VPOS="1211" WIDTH="60" HEIGHT="34" WC="0.96" CONTENT="det"/><SP WIDTH="18" VPOS="1211" HPOS="277"/>
							<String ID="string_192" HPOS="295" VPOS="1210" WIDTH="236" HEIGHT="44" WC="0.93" CONTENT="provisoriska"/><SP WIDTH="15" VPOS="1210" HPOS="531"/>
							<String ID="string_193" HPOS="546" VPOS="1209" WIDTH="240" HEIGHT="42" WC="0.91" CONTENT="lönetillägget"/><SP WIDTH="15" VPOS="1209" HPOS="786"/>
							<String ID="string_194" HPOS="801" VPOS="1208" WIDTH="54" HEIGHT="34" WC="0.95" CONTENT="till"/><SP WIDTH="17" VPOS="1208" HPOS="855"/>
							<String ID="string_195" HPOS="872" VPOS="1206" WIDTH="176" HEIGHT="44" WC="0.96" CONTENT="professor"/><SP WIDTH="18" VPOS="1206" HPOS="1048"/>
							<String ID="string_196" HPOS="1066" VPOS="1206" WIDTH="66" HEIGHT="34" WC="0.96" CONTENT="och"/><SP WIDTH="17" VPOS="1206" HPOS="1132"/>
							<String ID="string_197" HPOS="1149" VPOS="1206" WIDTH="180" HEIGHT="34" WC="0.96" CONTENT="laborator"/><SP WIDTH="16" VPOS="1206" HPOS="1329"/>
							<String ID="string_198" HPOS="1345" VPOS="1205" WIDTH="55" HEIGHT="34" WC="0.96" CONTENT="för"/><SP WIDTH="17" VPOS="1205" HPOS="1400"/>
							<String ID="string_199" HPOS="1417" VPOS="1205" WIDTH="212" HEIGHT="42" WC="0.96" CONTENT="budgetåret"/>
						</TextLine>
						<TextLine ID="line_20" HPOS="144" VPOS="1258" WIDTH="1485" HEIGHT="49">
							<String ID="string_200" HPOS="144" VPOS="1264" WIDTH="157" HEIGHT="43" WC="0.92" CONTENT="1947/48"/><SP WIDTH="32" VPOS="1264" HPOS="301"/>
							<String ID="string_201" HPOS="333" VPOS="1264" WIDTH="224" HEIGHT="39" WC="0.96" CONTENT="bestämmes,"/><SP WIDTH="31" VPOS="1264" HPOS="557"/>
							<String ID="string_202" HPOS="588" VPOS="1263" WIDTH="46" HEIGHT="34" WC="0.93" CONTENT="då"/><SP WIDTH="29" VPOS="1263" HPOS="634"/>
							<String ID="string_203" HPOS="663" VPOS="1261" WIDTH="377" HEIGHT="43" WC="0.90" CONTENT="befattningshavaren"/><SP WIDTH="31" VPOS="1261" HPOS="1040"/>
							<String ID="string_204" HPOS="1071" VPOS="1259" WIDTH="161" HEIGHT="43" WC="0.93" CONTENT="åtnjuter"/><SP WIDTH="30" VPOS="1259" HPOS="1232"/>
							<String ID="string_205" HPOS="1262" VPOS="1259" WIDTH="282" HEIGHT="42" WC="0.92" CONTENT="begynnelselön,"/><SP WIDTH="30" VPOS="1259" HPOS="1544"/>
							<String ID="string_206" HPOS="1574" VPOS="1258" WIDTH="55" HEIGHT="35" WC="0.96" CONTENT="till"/>
						</TextLine>
						<TextLine ID="line_21" HPOS="143" VPOS="1312" WIDTH="1485" HEIGHT="46">
							<String ID="string_207" HPOS="143" VPOS="1322" WIDTH="20" HEIGHT="31" WC="0.95" CONTENT="2"/><SP WIDTH="15" VPOS="1322" HPOS="163"/>
							<String ID="string_208" HPOS="178" VPOS="1322" WIDTH="66" HEIGHT="30" WC="0.96" CONTENT="200"/><SP WIDTH="19" VPOS="1322" HPOS="244"/>
							<String ID="string_209" HPOS="263" VPOS="1318" WIDTH="131" HEIGHT="34" WC="0.96" CONTENT="kronor"/><SP WIDTH="18" VPOS="1318" HPOS="394"/>
							<String ID="string_210" HPOS="412" VPOS="1322" WIDTH="106" HEIGHT="35" WC="0.96" CONTENT="samt,"/><SP WIDTH="21" VPOS="1322" HPOS="518"/>
							<String ID="string_211" HPOS="539" VPOS="1317" WIDTH="47" HEIGHT="34" WC="0.96" CONTENT="då"/><SP WIDTH="19" VPOS="1317" HPOS="586"/>
							<String ID="string_212" HPOS="605" VPOS="1316" WIDTH="71" HEIGHT="34" WC="0.96" CONTENT="han"/><SP WIDTH="21" VPOS="1316" HPOS="676"/>
							<String ID="string_213" HPOS="697" VPOS="1315" WIDTH="139" HEIGHT="43" WC="0.93" CONTENT="uppbär"/><SP WIDTH="22" VPOS="1315" HPOS="836"/>
							<String ID="string_214" HPOS="858" VPOS="1314" WIDTH="248" HEIGHT="42" WC="0.92" CONTENT="ålderstillägg,"/><SP WIDTH="22" VPOS="1314" HPOS="1106"/>
							<String ID="string_215" HPOS="1128" VPOS="1313" WIDTH="54" HEIGHT="34" WC="0.96" CONTENT="till"/><SP WIDTH="33" VPOS="1313" HPOS="1182"/>
							<String ID="string_216" HPOS="1215" VPOS="1317" WIDTH="8" HEIGHT="30" WC="0.96" CONTENT="3"/><SP WIDTH="15" VPOS="1317" HPOS="1223"/>
							<String ID="string_217" HPOS="1238" VPOS="1317" WIDTH="65" HEIGHT="30" WC="0.95" CONTENT="000"/><SP WIDTH="21" VPOS="1317" HPOS="1303"/>
							<String ID="string_218" HPOS="1324" VPOS="1313" WIDTH="131" HEIGHT="34" WC="0.96" CONTENT="kronor"/><SP WIDTH="19" VPOS="1313" HPOS="1455"/>
							<String ID="string_219" HPOS="1474" VPOS="1312" WIDTH="54" HEIGHT="34" WC="0.93" CONTENT="för"/><SP WIDTH="21" VPOS="1312" HPOS="1528"/>
							<String ID="string_220" HPOS="1549" VPOS="1324" WIDTH="79" HEIGHT="31" WC="0.91" CONTENT="pro-"/>
						</TextLine>
						<TextLine ID="line_22" HPOS="142" VPOS="1369" WIDTH="744" HEIGHT="39">
							<String ID="string_221" HPOS="142" VPOS="1372" WIDTH="111" HEIGHT="34" WC="0.92" CONTENT="fessor"/><SP WIDTH="18" VPOS="1372" HPOS="253"/>
							<String ID="string_222" HPOS="271" VPOS="1371" WIDTH="66" HEIGHT="34" WC="0.96" CONTENT="och"/><SP WIDTH="18" VPOS="1371" HPOS="337"/>
							<String ID="string_223" HPOS="355" VPOS="1374" WIDTH="20" HEIGHT="31" WC="0.95" CONTENT="2"/><SP WIDTH="13" VPOS="1374" HPOS="375"/>
							<String ID="string_224" HPOS="388" VPOS="1374" WIDTH="67" HEIGHT="31" WC="0.96" CONTENT="600"/><SP WIDTH="19" VPOS="1374" HPOS="455"/>
							<String ID="string_225" HPOS="474" VPOS="1370" WIDTH="131" HEIGHT="34" WC="0.96" CONTENT="kronor"/><SP WIDTH="18" VPOS="1370" HPOS="605"/>
							<String ID="string_226" HPOS="623" VPOS="1369" WIDTH="55" HEIGHT="34" WC="0.96" CONTENT="för"/><SP WIDTH="17" VPOS="1369" HPOS="678"/>
							<String ID="string_227" HPOS="695" VPOS="1369" WIDTH="191" HEIGHT="39" WC="0.96" CONTENT="laborator;"/>
						</TextLine>
					</TextBlock>
					<TextBlock ID="block_4" HPOS="142" VPOS="1419" WIDTH="1487" HEIGHT="210">
						<TextLine ID="line_23" HPOS="189" VPOS="1419" WIDTH="1440" HEIGHT="43">
							<String ID="string_228" HPOS="189" VPOS="1425" WIDTH="74" HEIGHT="34" WC="0.96" CONTENT="dels"/><SP WIDTH="19" VPOS="1425" HPOS="263"/>
							<String ID="string_229" HPOS="282" VPOS="1437" WIDTH="46" HEIGHT="22" WC="0.96" CONTENT="en"/><SP WIDTH="21" VPOS="1437" HPOS="328"/>
							<String ID="string_230" HPOS="349" VPOS="1425" WIDTH="95" HEIGHT="34" WC="0.96" CONTENT="inom"/><SP WIDTH="23" VPOS="1425" HPOS="444"/>
							<String ID="string_231" HPOS="467" VPOS="1424" WIDTH="110" HEIGHT="34" WC="0.96" CONTENT="andra"/><SP WIDTH="20" VPOS="1424" HPOS="577"/>
							<String ID="string_232" HPOS="597" VPOS="1423" WIDTH="207" HEIGHT="34" WC="0.96" CONTENT="kammaren"/><SP WIDTH="23" VPOS="1423" HPOS="804"/>
							<String ID="string_233" HPOS="827" VPOS="1434" WIDTH="46" HEIGHT="22" WC="0.96" CONTENT="av"/><SP WIDTH="21" VPOS="1434" HPOS="873"/>
							<String ID="string_234" HPOS="894" VPOS="1421" WIDTH="80" HEIGHT="34" WC="0.96" CONTENT="herr"/><SP WIDTH="27" VPOS="1421" HPOS="974"/>
							<String ID="string_235" HPOS="1001" VPOS="1420" WIDTH="137" HEIGHT="42" WC="0.96" CONTENT="Wiberg"/><SP WIDTH="25" VPOS="1420" HPOS="1138"/>
							<String ID="string_236" HPOS="1163" VPOS="1420" WIDTH="109" HEIGHT="34" WC="0.96" CONTENT="väckt"/><SP WIDTH="21" VPOS="1420" HPOS="1272"/>
							<String ID="string_237" HPOS="1293" VPOS="1420" WIDTH="137" HEIGHT="34" WC="0.96" CONTENT="motion"/><SP WIDTH="25" VPOS="1420" HPOS="1430"/>
							<String ID="string_238" HPOS="1455" VPOS="1419" WIDTH="63" HEIGHT="42" WC="0.65" CONTENT="(II:"/><SP WIDTH="14" VPOS="1419" HPOS="1518"/>
							<String ID="string_239" HPOS="1532" VPOS="1419" WIDTH="97" HEIGHT="41" WC="0.96" CONTENT="494),"/>
						</TextLine>
						<TextLine ID="line_24" HPOS="143" VPOS="1473" WIDTH="1486" HEIGHT="45">
							<String ID="string_240" HPOS="143" VPOS="1479" WIDTH="76" HEIGHT="34" WC="0.92" CONTENT="vari"/><SP WIDTH="24" VPOS="1479" HPOS="219"/>
							<String ID="string_241" HPOS="243" VPOS="1478" WIDTH="210" HEIGHT="40" WC="0.91" CONTENT="hemställts,"/><SP WIDTH="25" VPOS="1478" HPOS="453"/>
							<String ID="string_242" HPOS="478" VPOS="1482" WIDTH="54" HEIGHT="29" WC="0.96" CONTENT="att"/><SP WIDTH="22" VPOS="1482" HPOS="532"/>
							<String ID="string_243" HPOS="554" VPOS="1476" WIDTH="189" HEIGHT="42" WC="0.96" CONTENT="riksdagen"/><SP WIDTH="21" VPOS="1476" HPOS="743"/>
							<String ID="string_244" HPOS="764" VPOS="1476" WIDTH="115" HEIGHT="33" WC="0.96" CONTENT="måtte"/><SP WIDTH="25" VPOS="1476" HPOS="879"/>
							<String ID="string_245" HPOS="904" VPOS="1475" WIDTH="150" HEIGHT="39" WC="0.96" CONTENT="besluta,"/><SP WIDTH="25" VPOS="1475" HPOS="1054"/>
							<String ID="string_246" HPOS="1079" VPOS="1479" WIDTH="56" HEIGHT="29" WC="0.96" CONTENT="att"/><SP WIDTH="24" VPOS="1479" HPOS="1135"/>
							<String ID="string_247" HPOS="1159" VPOS="1473" WIDTH="61" HEIGHT="34" WC="0.96" CONTENT="det"/><SP WIDTH="26" VPOS="1473" HPOS="1220"/>
							<String ID="string_248" HPOS="1246" VPOS="1473" WIDTH="112" HEIGHT="34" WC="0.96" CONTENT="under"/><SP WIDTH="24" VPOS="1473" HPOS="1358"/>
							<String ID="string_249" HPOS="1382" VPOS="1473" WIDTH="104" HEIGHT="34" WC="0.95" CONTENT="titeln"/><SP WIDTH="21" VPOS="1473" HPOS="1486"/>
							<String ID="string_250" HPOS="1507" VPOS="1473" WIDTH="122" HEIGHT="34" WC="0.96" CONTENT="Lunds"/>
						</TextLine>
						<TextLine ID="line_25" HPOS="143" VPOS="1526" WIDTH="1486" HEIGHT="45">
							<String ID="string_251" HPOS="143" VPOS="1532" WIDTH="220" HEIGHT="35" WC="0.92" CONTENT="universitet:"/><SP WIDTH="22" VPOS="1532" HPOS="363"/>
							<String ID="string_252" HPOS="385" VPOS="1530" WIDTH="263" HEIGHT="35" WC="0.92" CONTENT="Omkostnader"/><SP WIDTH="21" VPOS="1530" HPOS="648"/>
							<String ID="string_253" HPOS="669" VPOS="1529" WIDTH="55" HEIGHT="34" WC="0.96" CONTENT="för"/><SP WIDTH="23" VPOS="1529" HPOS="724"/>
							<String ID="string_254" HPOS="747" VPOS="1529" WIDTH="212" HEIGHT="42" WC="0.93" CONTENT="budgetåret"/><SP WIDTH="23" VPOS="1529" HPOS="959"/>
							<String ID="string_255" HPOS="982" VPOS="1527" WIDTH="156" HEIGHT="42" WC="0.92" CONTENT="1947/48"/><SP WIDTH="25" VPOS="1527" HPOS="1138"/>
							<String ID="string_256" HPOS="1163" VPOS="1532" WIDTH="184" HEIGHT="37" WC="0.93" CONTENT="upptagna"/><SP WIDTH="21" VPOS="1532" HPOS="1347"/>
							<String ID="string_257" HPOS="1368" VPOS="1526" WIDTH="261" HEIGHT="43" WC="0.91" CONTENT="förslagsansla-"/>
						</TextLine>
						<TextLine ID="line_26" HPOS="142" VPOS="1580" WIDTH="1326" HEIGHT="49">
							<String ID="string_258" HPOS="142" VPOS="1591" WIDTH="61" HEIGHT="38" WC="0.91" CONTENT="get"/><SP WIDTH="21" VPOS="1591" HPOS="203"/>
							<String ID="string_259" HPOS="224" VPOS="1587" WIDTH="21" HEIGHT="33" WC="0.91" CONTENT="å"/><SP WIDTH="23" VPOS="1587" HPOS="245"/>
							<String ID="string_260" HPOS="268" VPOS="1589" WIDTH="65" HEIGHT="30" WC="0.95" CONTENT="288"/><SP WIDTH="15" VPOS="1589" HPOS="333"/>
							<String ID="string_261" HPOS="348" VPOS="1588" WIDTH="67" HEIGHT="31" WC="0.95" CONTENT="000"/><SP WIDTH="22" VPOS="1588" HPOS="415"/>
							<String ID="string_262" HPOS="437" VPOS="1585" WIDTH="129" HEIGHT="33" WC="0.93" CONTENT="kronor"/><SP WIDTH="20" VPOS="1585" HPOS="566"/>
							<String ID="string_263" HPOS="586" VPOS="1583" WIDTH="99" HEIGHT="42" WC="0.91" CONTENT="höjes"/><SP WIDTH="22" VPOS="1583" HPOS="685"/>
							<String ID="string_264" HPOS="707" VPOS="1583" WIDTH="81" HEIGHT="34" WC="0.96" CONTENT="med"/><SP WIDTH="22" VPOS="1583" HPOS="788"/>
							<String ID="string_265" HPOS="810" VPOS="1586" WIDTH="19" HEIGHT="30" WC="0.96" CONTENT="4"/><SP WIDTH="16" VPOS="1586" HPOS="829"/>
							<String ID="string_266" HPOS="845" VPOS="1586" WIDTH="65" HEIGHT="30" WC="0.96" CONTENT="000"/><SP WIDTH="22" VPOS="1586" HPOS="910"/>
							<String ID="string_267" HPOS="932" VPOS="1582" WIDTH="131" HEIGHT="33" WC="0.96" CONTENT="kronor"/><SP WIDTH="21" VPOS="1582" HPOS="1063"/>
							<String ID="string_268" HPOS="1084" VPOS="1581" WIDTH="53" HEIGHT="34" WC="0.96" CONTENT="till"/><SP WIDTH="24" VPOS="1581" HPOS="1137"/>
							<String ID="string_269" HPOS="1161" VPOS="1584" WIDTH="66" HEIGHT="30" WC="0.96" CONTENT="292"/><SP WIDTH="14" VPOS="1584" HPOS="1227"/>
							<String ID="string_270" HPOS="1241" VPOS="1584" WIDTH="66" HEIGHT="30" WC="0.96" CONTENT="000"/><SP WIDTH="22" VPOS="1584" HPOS="1307"/>
							<String ID="string_271" HPOS="1329" VPOS="1580" WIDTH="139" HEIGHT="40" WC="0.95" CONTENT="kronor;"/>
						</TextLine>
					</TextBlock>
					<TextBlock ID="block_5" HPOS="144" VPOS="1633" WIDTH="1487" HEIGHT="530">
						<TextLine ID="line_27" HPOS="190" VPOS="1633" WIDTH="1440" HEIGHT="43">
							<String ID="string_272" HPOS="190" VPOS="1639" WIDTH="73" HEIGHT="34" WC="0.96" CONTENT="dels"/><SP WIDTH="28" VPOS="1639" HPOS="263"/>
							<String ID="string_273" HPOS="291" VPOS="1651" WIDTH="45" HEIGHT="22" WC="0.96" CONTENT="en"/><SP WIDTH="27" VPOS="1651" HPOS="336"/>
							<String ID="string_274" HPOS="363" VPOS="1638" WIDTH="96" HEIGHT="34" WC="0.96" CONTENT="inom"/><SP WIDTH="29" VPOS="1638" HPOS="459"/>
							<String ID="string_275" HPOS="488" VPOS="1638" WIDTH="111" HEIGHT="34" WC="0.96" CONTENT="andra"/><SP WIDTH="28" VPOS="1638" HPOS="599"/>
							<String ID="string_276" HPOS="627" VPOS="1637" WIDTH="207" HEIGHT="34" WC="0.96" CONTENT="kammaren"/><SP WIDTH="29" VPOS="1637" HPOS="834"/>
							<String ID="string_277" HPOS="863" VPOS="1648" WIDTH="46" HEIGHT="22" WC="0.96" CONTENT="av"/><SP WIDTH="27" VPOS="1648" HPOS="909"/>
							<String ID="string_278" HPOS="936" VPOS="1635" WIDTH="80" HEIGHT="34" WC="0.96" CONTENT="herr"/><SP WIDTH="32" VPOS="1635" HPOS="1016"/>
							<String ID="string_279" HPOS="1048" VPOS="1634" WIDTH="138" HEIGHT="42" WC="0.93" CONTENT="Wiberg"/><SP WIDTH="28" VPOS="1634" HPOS="1186"/>
							<String ID="string_280" HPOS="1214" VPOS="1646" WIDTH="48" HEIGHT="21" WC="0.91" CONTENT="m."/><SP WIDTH="27" VPOS="1646" HPOS="1262"/>
							<String ID="string_281" HPOS="1289" VPOS="1634" WIDTH="39" HEIGHT="42" WC="0.94" CONTENT="fl."/><SP WIDTH="30" VPOS="1634" HPOS="1328"/>
							<String ID="string_282" HPOS="1358" VPOS="1633" WIDTH="107" HEIGHT="35" WC="0.96" CONTENT="väckt"/><SP WIDTH="27" VPOS="1633" HPOS="1465"/>
							<String ID="string_283" HPOS="1492" VPOS="1633" WIDTH="138" HEIGHT="35" WC="0.96" CONTENT="motion"/>
						</TextLine>
						<TextLine ID="line_28" HPOS="147" VPOS="1687" WIDTH="1483" HEIGHT="48">
							<String ID="string_284" HPOS="147" VPOS="1694" WIDTH="64" HEIGHT="41" WC="0.95" CONTENT="(II:"/><SP WIDTH="15" VPOS="1694" HPOS="211"/>
							<String ID="string_285" HPOS="226" VPOS="1693" WIDTH="95" HEIGHT="42" WC="0.95" CONTENT="495),"/><SP WIDTH="18" VPOS="1693" HPOS="321"/>
							<String ID="string_286" HPOS="339" VPOS="1692" WIDTH="75" HEIGHT="34" WC="0.92" CONTENT="vari"/><SP WIDTH="16" VPOS="1692" HPOS="414"/>
							<String ID="string_287" HPOS="430" VPOS="1692" WIDTH="210" HEIGHT="39" WC="0.92" CONTENT="hemställts,"/><SP WIDTH="15" VPOS="1692" HPOS="640"/>
							<String ID="string_288" HPOS="655" VPOS="1695" WIDTH="56" HEIGHT="29" WC="0.96" CONTENT="att"/><SP WIDTH="16" VPOS="1695" HPOS="711"/>
							<String ID="string_289" HPOS="727" VPOS="1690" WIDTH="188" HEIGHT="42" WC="0.95" CONTENT="riksdagen"/><SP WIDTH="14" VPOS="1690" HPOS="915"/>
							<String ID="string_290" HPOS="929" VPOS="1690" WIDTH="115" HEIGHT="33" WC="0.96" CONTENT="måtte"/><SP WIDTH="16" VPOS="1690" HPOS="1044"/>
							<String ID="string_291" HPOS="1060" VPOS="1689" WIDTH="150" HEIGHT="39" WC="0.96" CONTENT="besluta,"/><SP WIDTH="18" VPOS="1689" HPOS="1210"/>
							<String ID="string_292" HPOS="1228" VPOS="1692" WIDTH="55" HEIGHT="30" WC="0.96" CONTENT="att"/><SP WIDTH="17" VPOS="1692" HPOS="1283"/>
							<String ID="string_293" HPOS="1300" VPOS="1687" WIDTH="60" HEIGHT="34" WC="0.96" CONTENT="vid"/><SP WIDTH="17" VPOS="1687" HPOS="1360"/>
							<String ID="string_294" HPOS="1377" VPOS="1687" WIDTH="253" HEIGHT="34" WC="0.96" CONTENT="universiteten"/>
						</TextLine>
						<TextLine ID="line_29" HPOS="144" VPOS="1740" WIDTH="1487" HEIGHT="46">
							<String ID="string_295" HPOS="144" VPOS="1747" WIDTH="62" HEIGHT="34" WC="0.96" CONTENT="det"/><SP WIDTH="24" VPOS="1747" HPOS="206"/>
							<String ID="string_296" HPOS="230" VPOS="1745" WIDTH="206" HEIGHT="35" WC="0.93" CONTENT="nuvarande"/><SP WIDTH="25" VPOS="1745" HPOS="436"/>
							<String ID="string_297" HPOS="461" VPOS="1748" WIDTH="285" HEIGHT="31" WC="0.92" CONTENT="examensämnet"/><SP WIDTH="26" VPOS="1748" HPOS="746"/>
							<String ID="string_298" HPOS="772" VPOS="1744" WIDTH="135" HEIGHT="42" WC="0.96" CONTENT="geologi"/><SP WIDTH="27" VPOS="1744" HPOS="907"/>
							<String ID="string_299" HPOS="934" VPOS="1743" WIDTH="65" HEIGHT="34" WC="0.96" CONTENT="och"/><SP WIDTH="25" VPOS="1743" HPOS="999"/>
							<String ID="string_300" HPOS="1024" VPOS="1741" WIDTH="205" HEIGHT="43" WC="0.96" CONTENT="mineralogi"/><SP WIDTH="29" VPOS="1741" HPOS="1229"/>
							<String ID="string_301" HPOS="1258" VPOS="1741" WIDTH="212" HEIGHT="43" WC="0.96" CONTENT="(respektive"/><SP WIDTH="25" VPOS="1741" HPOS="1470"/>
							<String ID="string_302" HPOS="1495" VPOS="1740" WIDTH="136" HEIGHT="43" WC="0.96" CONTENT="geologi"/>
						</TextLine>
						<TextLine ID="line_30" HPOS="144" VPOS="1794" WIDTH="1487" HEIGHT="47">
							<String ID="string_303" HPOS="144" VPOS="1801" WIDTH="82" HEIGHT="33" WC="0.96" CONTENT="med"/><SP WIDTH="16" VPOS="1801" HPOS="226"/>
							<String ID="string_304" HPOS="242" VPOS="1799" WIDTH="219" HEIGHT="42" WC="0.96" CONTENT="mineralogi)"/><SP WIDTH="23" VPOS="1799" HPOS="461"/>
							<String ID="string_305" HPOS="484" VPOS="1798" WIDTH="170" HEIGHT="43" WC="0.96" CONTENT="uppdelas"/><SP WIDTH="21" VPOS="1798" HPOS="654"/>
							<String ID="string_306" HPOS="675" VPOS="1798" WIDTH="10" HEIGHT="33" WC="0.96" CONTENT="i"/><SP WIDTH="18" VPOS="1798" HPOS="685"/>
							<String ID="string_307" HPOS="703" VPOS="1802" WIDTH="143" HEIGHT="35" WC="0.95" CONTENT="tvenne,"/><SP WIDTH="19" VPOS="1802" HPOS="846"/>
							<String ID="string_308" HPOS="865" VPOS="1797" WIDTH="61" HEIGHT="34" WC="0.97" CONTENT="det"/><SP WIDTH="20" VPOS="1797" HPOS="926"/>
							<String ID="string_309" HPOS="946" VPOS="1809" WIDTH="68" HEIGHT="21" WC="0.96" CONTENT="ena"/><SP WIDTH="18" VPOS="1809" HPOS="1014"/>
							<String ID="string_310" HPOS="1032" VPOS="1796" WIDTH="172" HEIGHT="34" WC="0.96" CONTENT="benämnt"/><SP WIDTH="19" VPOS="1796" HPOS="1204"/>
							<String ID="string_311" HPOS="1223" VPOS="1795" WIDTH="215" HEIGHT="42" WC="0.93" CONTENT="mineralogi,"/><SP WIDTH="20" VPOS="1795" HPOS="1438"/>
							<String ID="string_312" HPOS="1458" VPOS="1794" WIDTH="173" HEIGHT="43" WC="0.90" CONTENT="petrologi"/>
						</TextLine>
						<TextLine ID="line_31" HPOS="145" VPOS="1848" WIDTH="1486" HEIGHT="47">
							<String ID="string_313" HPOS="145" VPOS="1854" WIDTH="66" HEIGHT="34" WC="0.96" CONTENT="och"/><SP WIDTH="20" VPOS="1854" HPOS="211"/>
							<String ID="string_314" HPOS="231" VPOS="1854" WIDTH="131" HEIGHT="33" WC="0.96" CONTENT="allmän"/><SP WIDTH="19" VPOS="1854" HPOS="362"/>
							<String ID="string_315" HPOS="381" VPOS="1852" WIDTH="146" HEIGHT="43" WC="0.95" CONTENT="geologi,"/><SP WIDTH="20" VPOS="1852" HPOS="527"/>
							<String ID="string_316" HPOS="547" VPOS="1852" WIDTH="61" HEIGHT="34" WC="0.96" CONTENT="det"/><SP WIDTH="21" VPOS="1852" HPOS="608"/>
							<String ID="string_317" HPOS="629" VPOS="1851" WIDTH="111" HEIGHT="35" WC="0.96" CONTENT="andra"/><SP WIDTH="19" VPOS="1851" HPOS="740"/>
							<String ID="string_318" HPOS="759" VPOS="1850" WIDTH="167" HEIGHT="34" WC="0.96" CONTENT="historisk"/><SP WIDTH="22" VPOS="1850" HPOS="926"/>
							<String ID="string_319" HPOS="948" VPOS="1849" WIDTH="134" HEIGHT="43" WC="0.96" CONTENT="geologi"/><SP WIDTH="20" VPOS="1849" HPOS="1082"/>
							<String ID="string_320" HPOS="1102" VPOS="1848" WIDTH="66" HEIGHT="35" WC="0.96" CONTENT="och"/><SP WIDTH="20" VPOS="1848" HPOS="1168"/>
							<String ID="string_321" HPOS="1188" VPOS="1848" WIDTH="249" HEIGHT="43" WC="0.96" CONTENT="paleontologi,"/><SP WIDTH="22" VPOS="1848" HPOS="1437"/>
							<String ID="string_322" HPOS="1459" VPOS="1853" WIDTH="94" HEIGHT="29" WC="0.96" CONTENT="samt"/><SP WIDTH="22" VPOS="1853" HPOS="1553"/>
							<String ID="string_323" HPOS="1575" VPOS="1851" WIDTH="56" HEIGHT="31" WC="0.96" CONTENT="att"/>
						</TextLine>
						<TextLine ID="line_32" HPOS="144" VPOS="1901" WIDTH="1486" HEIGHT="45">
							<String ID="string_324" HPOS="144" VPOS="1907" WIDTH="11" HEIGHT="34" WC="0.96" CONTENT="i"/><SP WIDTH="24" VPOS="1907" HPOS="155"/>
							<String ID="string_325" HPOS="179" VPOS="1906" WIDTH="173" HEIGHT="35" WC="0.96" CONTENT="samband"/><SP WIDTH="24" VPOS="1906" HPOS="352"/>
							<String ID="string_326" HPOS="376" VPOS="1905" WIDTH="145" HEIGHT="34" WC="0.96" CONTENT="därmed"/><SP WIDTH="25" VPOS="1905" HPOS="521"/>
							<String ID="string_327" HPOS="546" VPOS="1905" WIDTH="43" HEIGHT="34" WC="0.95" CONTENT="de"/><SP WIDTH="26" VPOS="1905" HPOS="589"/>
							<String ID="string_328" HPOS="615" VPOS="1904" WIDTH="215" HEIGHT="42" WC="0.93" CONTENT="förefintliga"/><SP WIDTH="22" VPOS="1904" HPOS="830"/>
							<String ID="string_329" HPOS="852" VPOS="1902" WIDTH="264" HEIGHT="43" WC="0.92" CONTENT="professurerna"/><SP WIDTH="22" VPOS="1902" HPOS="1116"/>
							<String ID="string_330" HPOS="1138" VPOS="1901" WIDTH="133" HEIGHT="34" WC="0.96" CONTENT="erhålla"/><SP WIDTH="25" VPOS="1901" HPOS="1271"/>
							<String ID="string_331" HPOS="1296" VPOS="1901" WIDTH="251" HEIGHT="34" WC="0.93" CONTENT="motsvarande"/><SP WIDTH="24" VPOS="1901" HPOS="1547"/>
							<String ID="string_332" HPOS="1571" VPOS="1901" WIDTH="59" HEIGHT="33" WC="0.91" CONTENT="be-"/>
						</TextLine>
						<TextLine ID="line_33" HPOS="145" VPOS="1954" WIDTH="1486" HEIGHT="48">
							<String ID="string_333" HPOS="145" VPOS="1960" WIDTH="220" HEIGHT="42" WC="0.91" CONTENT="nämningar,"/><SP WIDTH="20" VPOS="1960" HPOS="365"/>
							<String ID="string_334" HPOS="385" VPOS="1960" WIDTH="38" HEIGHT="33" WC="0.96" CONTENT="så"/><SP WIDTH="21" VPOS="1960" HPOS="423"/>
							<String ID="string_335" HPOS="444" VPOS="1963" WIDTH="55" HEIGHT="29" WC="0.96" CONTENT="att"/><SP WIDTH="18" VPOS="1963" HPOS="499"/>
							<String ID="string_336" HPOS="517" VPOS="1957" WIDTH="223" HEIGHT="43" WC="0.96" CONTENT="professuren"/><SP WIDTH="18" VPOS="1957" HPOS="740"/>
							<String ID="string_337" HPOS="758" VPOS="1957" WIDTH="12" HEIGHT="33" WC="0.96" CONTENT="i"/><SP WIDTH="19" VPOS="1957" HPOS="770"/>
							<String ID="string_338" HPOS="789" VPOS="1956" WIDTH="146" HEIGHT="42" WC="0.96" CONTENT="geologi,"/><SP WIDTH="21" VPOS="1956" HPOS="935"/>
							<String ID="string_339" HPOS="956" VPOS="1955" WIDTH="141" HEIGHT="34" WC="0.93" CONTENT="särskilt"/><SP WIDTH="19" VPOS="1955" HPOS="1097"/>
							<String ID="string_340" HPOS="1116" VPOS="1954" WIDTH="191" HEIGHT="43" WC="0.92" CONTENT="petrografi"/><SP WIDTH="22" VPOS="1954" HPOS="1307"/>
							<String ID="string_341" HPOS="1329" VPOS="1954" WIDTH="65" HEIGHT="34" WC="0.96" CONTENT="och"/><SP WIDTH="21" VPOS="1954" HPOS="1394"/>
							<String ID="string_342" HPOS="1415" VPOS="1954" WIDTH="216" HEIGHT="42" WC="0.96" CONTENT="mineralogi,"/>
						</TextLine>
						<TextLine ID="line_34" HPOS="145" VPOS="2007" WIDTH="1486" HEIGHT="47">
							<String ID="string_343" HPOS="145" VPOS="2014" WIDTH="147" HEIGHT="34" WC="0.96" CONTENT="erhåller"/><SP WIDTH="22" VPOS="2014" HPOS="292"/>
							<String ID="string_344" HPOS="314" VPOS="2012" WIDTH="254" HEIGHT="42" WC="0.96" CONTENT="beteckningen"/><SP WIDTH="21" VPOS="2012" HPOS="568"/>
							<String ID="string_345" HPOS="589" VPOS="2010" WIDTH="178" HEIGHT="44" WC="0.96" CONTENT="professur"/><SP WIDTH="24" VPOS="2010" HPOS="767"/>
							<String ID="string_346" HPOS="791" VPOS="2011" WIDTH="10" HEIGHT="33" WC="0.96" CONTENT="i"/><SP WIDTH="21" VPOS="2011" HPOS="801"/>
							<String ID="string_347" HPOS="822" VPOS="2009" WIDTH="216" HEIGHT="42" WC="0.93" CONTENT="mineralogi,"/><SP WIDTH="23" VPOS="2009" HPOS="1038"/>
							<String ID="string_348" HPOS="1061" VPOS="2008" WIDTH="171" HEIGHT="43" WC="0.92" CONTENT="petrologi"/><SP WIDTH="24" VPOS="2008" HPOS="1232"/>
							<String ID="string_349" HPOS="1256" VPOS="2008" WIDTH="66" HEIGHT="34" WC="0.96" CONTENT="och"/><SP WIDTH="23" VPOS="2008" HPOS="1322"/>
							<String ID="string_350" HPOS="1345" VPOS="2008" WIDTH="129" HEIGHT="34" WC="0.96" CONTENT="allmän"/><SP WIDTH="22" VPOS="2008" HPOS="1474"/>
							<String ID="string_351" HPOS="1496" VPOS="2007" WIDTH="135" HEIGHT="43" WC="0.96" CONTENT="geologi"/>
						</TextLine>
						<TextLine ID="line_35" HPOS="144" VPOS="2060" WIDTH="1487" HEIGHT="49">
							<String ID="string_352" HPOS="144" VPOS="2072" WIDTH="95" HEIGHT="29" WC="0.96" CONTENT="samt"/><SP WIDTH="18" VPOS="2072" HPOS="239"/>
							<String ID="string_353" HPOS="257" VPOS="2066" WIDTH="222" HEIGHT="43" WC="0.96" CONTENT="professuren"/><SP WIDTH="21" VPOS="2066" HPOS="479"/>
							<String ID="string_354" HPOS="500" VPOS="2066" WIDTH="10" HEIGHT="33" WC="0.95" CONTENT="i"/><SP WIDTH="19" VPOS="2066" HPOS="510"/>
							<String ID="string_355" HPOS="529" VPOS="2065" WIDTH="146" HEIGHT="42" WC="0.95" CONTENT="geologi,"/><SP WIDTH="20" VPOS="2065" HPOS="675"/>
							<String ID="string_356" HPOS="695" VPOS="2063" WIDTH="140" HEIGHT="35" WC="0.96" CONTENT="särskilt"/><SP WIDTH="21" VPOS="2063" HPOS="835"/>
							<String ID="string_357" HPOS="856" VPOS="2063" WIDTH="167" HEIGHT="34" WC="0.96" CONTENT="historisk"/><SP WIDTH="20" VPOS="2063" HPOS="1023"/>
							<String ID="string_358" HPOS="1043" VPOS="2061" WIDTH="146" HEIGHT="43" WC="0.96" CONTENT="geologi,"/><SP WIDTH="21" VPOS="2061" HPOS="1189"/>
							<String ID="string_359" HPOS="1210" VPOS="2061" WIDTH="146" HEIGHT="35" WC="0.96" CONTENT="erhåller"/><SP WIDTH="19" VPOS="2061" HPOS="1356"/>
							<String ID="string_360" HPOS="1375" VPOS="2060" WIDTH="256" HEIGHT="43" WC="0.96" CONTENT="beteckningen"/>
						</TextLine>
						<TextLine ID="line_36" HPOS="144" VPOS="2116" WIDTH="898" HEIGHT="47">
							<String ID="string_361" HPOS="144" VPOS="2120" WIDTH="178" HEIGHT="43" WC="0.96" CONTENT="professur"/><SP WIDTH="18" VPOS="2120" HPOS="322"/>
							<String ID="string_362" HPOS="340" VPOS="2120" WIDTH="11" HEIGHT="33" WC="0.96" CONTENT="i"/><SP WIDTH="20" VPOS="2120" HPOS="351"/>
							<String ID="string_363" HPOS="371" VPOS="2119" WIDTH="166" HEIGHT="34" WC="0.96" CONTENT="historisk"/><SP WIDTH="19" VPOS="2119" HPOS="537"/>
							<String ID="string_364" HPOS="556" VPOS="2118" WIDTH="134" HEIGHT="43" WC="0.96" CONTENT="geologi"/><SP WIDTH="19" VPOS="2118" HPOS="690"/>
							<String ID="string_365" HPOS="709" VPOS="2117" WIDTH="65" HEIGHT="34" WC="0.96" CONTENT="och"/><SP WIDTH="19" VPOS="2117" HPOS="774"/>
							<String ID="string_366" HPOS="793" VPOS="2116" WIDTH="249" HEIGHT="43" WC="0.96" CONTENT="paleontologi;"/>
						</TextLine>
					</TextBlock>
					<TextBlock ID="block_6" HPOS="145" VPOS="2167" WIDTH="1486" HEIGHT="259">
						<TextLine ID="line_37" HPOS="191" VPOS="2167" WIDTH="1440" HEIGHT="43">
							<String ID="string_367" HPOS="191" VPOS="2174" WIDTH="74" HEIGHT="33" WC="0.96" CONTENT="dels"/><SP WIDTH="26" VPOS="2174" HPOS="265"/>
							<String ID="string_368" HPOS="291" VPOS="2186" WIDTH="44" HEIGHT="21" WC="0.96" CONTENT="en"/><SP WIDTH="29" VPOS="2186" HPOS="335"/>
							<String ID="string_369" HPOS="364" VPOS="2173" WIDTH="95" HEIGHT="33" WC="0.96" CONTENT="inom"/><SP WIDTH="29" VPOS="2173" HPOS="459"/>
							<String ID="string_370" HPOS="488" VPOS="2172" WIDTH="110" HEIGHT="34" WC="0.96" CONTENT="andra"/><SP WIDTH="26" VPOS="2172" HPOS="598"/>
							<String ID="string_371" HPOS="624" VPOS="2172" WIDTH="206" HEIGHT="33" WC="0.96" CONTENT="kammaren"/><SP WIDTH="33" VPOS="2172" HPOS="830"/>
							<String ID="string_372" HPOS="863" VPOS="2182" WIDTH="46" HEIGHT="22" WC="0.96" CONTENT="av"/><SP WIDTH="26" VPOS="2182" HPOS="909"/>
							<String ID="string_373" HPOS="935" VPOS="2170" WIDTH="80" HEIGHT="33" WC="0.96" CONTENT="herr"/><SP WIDTH="32" VPOS="2170" HPOS="1015"/>
							<String ID="string_374" HPOS="1047" VPOS="2169" WIDTH="137" HEIGHT="41" WC="0.93" CONTENT="Wiberg"/><SP WIDTH="28" VPOS="2169" HPOS="1184"/>
							<String ID="string_375" HPOS="1212" VPOS="2180" WIDTH="48" HEIGHT="21" WC="0.89" CONTENT="m."/><SP WIDTH="28" VPOS="2180" HPOS="1260"/>
							<String ID="string_376" HPOS="1288" VPOS="2168" WIDTH="38" HEIGHT="41" WC="0.96" CONTENT="fl."/><SP WIDTH="31" VPOS="2168" HPOS="1326"/>
							<String ID="string_377" HPOS="1357" VPOS="2168" WIDTH="107" HEIGHT="34" WC="0.96" CONTENT="väckt"/><SP WIDTH="30" VPOS="2168" HPOS="1464"/>
							<String ID="string_378" HPOS="1494" VPOS="2167" WIDTH="137" HEIGHT="34" WC="0.96" CONTENT="motion"/>
						</TextLine>
						<TextLine ID="line_38" HPOS="148" VPOS="2220" WIDTH="1482" HEIGHT="48">
							<String ID="string_379" HPOS="148" VPOS="2227" WIDTH="64" HEIGHT="41" WC="0.96" CONTENT="(II:"/><SP WIDTH="15" VPOS="2227" HPOS="212"/>
							<String ID="string_380" HPOS="227" VPOS="2226" WIDTH="96" HEIGHT="40" WC="0.96" CONTENT="496),"/><SP WIDTH="23" VPOS="2226" HPOS="323"/>
							<String ID="string_381" HPOS="346" VPOS="2226" WIDTH="75" HEIGHT="33" WC="0.91" CONTENT="vari"/><SP WIDTH="23" VPOS="2226" HPOS="421"/>
							<String ID="string_382" HPOS="444" VPOS="2225" WIDTH="210" HEIGHT="39" WC="0.91" CONTENT="hemställts,"/><SP WIDTH="26" VPOS="2225" HPOS="654"/>
							<String ID="string_383" HPOS="680" VPOS="2229" WIDTH="56" HEIGHT="29" WC="0.96" CONTENT="att"/><SP WIDTH="23" VPOS="2229" HPOS="736"/>
							<String ID="string_384" HPOS="759" VPOS="2223" WIDTH="186" HEIGHT="41" WC="0.96" CONTENT="riksdagen"/><SP WIDTH="22" VPOS="2223" HPOS="945"/>
							<String ID="string_385" HPOS="967" VPOS="2223" WIDTH="114" HEIGHT="32" WC="0.96" CONTENT="måtte"/><SP WIDTH="25" VPOS="2223" HPOS="1081"/>
							<String ID="string_386" HPOS="1106" VPOS="2222" WIDTH="149" HEIGHT="39" WC="0.96" CONTENT="besluta,"/><SP WIDTH="26" VPOS="2222" HPOS="1255"/>
							<String ID="string_387" HPOS="1281" VPOS="2226" WIDTH="55" HEIGHT="28" WC="0.96" CONTENT="att"/><SP WIDTH="23" VPOS="2226" HPOS="1336"/>
							<String ID="string_388" HPOS="1359" VPOS="2220" WIDTH="78" HEIGHT="34" WC="0.96" CONTENT="från"/><SP WIDTH="24" VPOS="2220" HPOS="1437"/>
							<String ID="string_389" HPOS="1461" VPOS="2220" WIDTH="64" HEIGHT="34" WC="0.96" CONTENT="och"/><SP WIDTH="24" VPOS="2220" HPOS="1525"/>
							<String ID="string_390" HPOS="1549" VPOS="2220" WIDTH="81" HEIGHT="33" WC="0.96" CONTENT="med"/>
						</TextLine>
						<TextLine ID="line_39" HPOS="145" VPOS="2273" WIDTH="1486" HEIGHT="48">
							<String ID="string_391" HPOS="145" VPOS="2279" WIDTH="295" HEIGHT="42" WC="0.93" CONTENT="räkenskapsåret"/><SP WIDTH="21" VPOS="2279" HPOS="440"/>
							<String ID="string_392" HPOS="461" VPOS="2277" WIDTH="156" HEIGHT="42" WC="0.90" CONTENT="1947/48"/><SP WIDTH="19" VPOS="2277" HPOS="617"/>
							<String ID="string_393" HPOS="636" VPOS="2277" WIDTH="88" HEIGHT="33" WC="0.95" CONTENT="skall"/><SP WIDTH="21" VPOS="2277" HPOS="724"/>
							<String ID="string_394" HPOS="745" VPOS="2277" WIDTH="85" HEIGHT="40" WC="0.96" CONTENT="utgå"/><SP WIDTH="20" VPOS="2277" HPOS="830"/>
							<String ID="string_395" HPOS="850" VPOS="2276" WIDTH="53" HEIGHT="33" WC="0.92" CONTENT="till"/><SP WIDTH="20" VPOS="2276" HPOS="903"/>
							<String ID="string_396" HPOS="923" VPOS="2275" WIDTH="206" HEIGHT="33" WC="0.92" CONTENT="rektorerna"/><SP WIDTH="21" VPOS="2275" HPOS="1129"/>
							<String ID="string_397" HPOS="1150" VPOS="2274" WIDTH="59" HEIGHT="33" WC="0.96" CONTENT="vid"/><SP WIDTH="21" VPOS="2274" HPOS="1209"/>
							<String ID="string_398" HPOS="1230" VPOS="2274" WIDTH="253" HEIGHT="33" WC="0.96" CONTENT="universiteten"/><SP WIDTH="18" VPOS="2274" HPOS="1483"/>
							<String ID="string_399" HPOS="1501" VPOS="2273" WIDTH="11" HEIGHT="33" WC="0.88" CONTENT="i"/><SP WIDTH="20" VPOS="2273" HPOS="1512"/>
							<String ID="string_400" HPOS="1532" VPOS="2273" WIDTH="99" HEIGHT="42" WC="0.92" CONTENT="Upp-"/>
						</TextLine>
						<TextLine ID="line_40" HPOS="147" VPOS="2327" WIDTH="1484" HEIGHT="42">
							<String ID="string_401" HPOS="147" VPOS="2334" WIDTH="74" HEIGHT="33" WC="0.92" CONTENT="sala"/><SP WIDTH="18" VPOS="2334" HPOS="221"/>
							<String ID="string_402" HPOS="239" VPOS="2332" WIDTH="65" HEIGHT="33" WC="0.96" CONTENT="och"/><SP WIDTH="17" VPOS="2332" HPOS="304"/>
							<String ID="string_403" HPOS="321" VPOS="2331" WIDTH="103" HEIGHT="34" WC="0.96" CONTENT="Lund"/><SP WIDTH="19" VPOS="2331" HPOS="424"/>
							<String ID="string_404" HPOS="443" VPOS="2332" WIDTH="71" HEIGHT="33" WC="0.96" CONTENT="dels"/><SP WIDTH="19" VPOS="2332" HPOS="514"/>
							<String ID="string_405" HPOS="533" VPOS="2335" WIDTH="53" HEIGHT="29" WC="0.96" CONTENT="ett"/><SP WIDTH="18" VPOS="2335" HPOS="586"/>
							<String ID="string_406" HPOS="604" VPOS="2335" WIDTH="100" HEIGHT="29" WC="0.93" CONTENT="extra"/><SP WIDTH="17" VPOS="2335" HPOS="704"/>
							<String ID="string_407" HPOS="721" VPOS="2329" WIDTH="269" HEIGHT="34" WC="0.90" CONTENT="rektorsarvode"/><SP WIDTH="18" VPOS="2329" HPOS="990"/>
							<String ID="string_408" HPOS="1008" VPOS="2329" WIDTH="47" HEIGHT="40" WC="0.96" CONTENT="på"/><SP WIDTH="20" VPOS="2329" HPOS="1055"/>
							<String ID="string_409" HPOS="1075" VPOS="2332" WIDTH="19" HEIGHT="29" WC="0.96" CONTENT="6"/><SP WIDTH="16" VPOS="2332" HPOS="1094"/>
							<String ID="string_410" HPOS="1110" VPOS="2331" WIDTH="65" HEIGHT="30" WC="0.95" CONTENT="000"/><SP WIDTH="19" VPOS="2331" HPOS="1175"/>
							<String ID="string_411" HPOS="1194" VPOS="2327" WIDTH="140" HEIGHT="40" WC="0.95" CONTENT="kronor,"/><SP WIDTH="20" VPOS="2327" HPOS="1334"/>
							<String ID="string_412" HPOS="1354" VPOS="2327" WIDTH="72" HEIGHT="33" WC="0.96" CONTENT="dels"/><SP WIDTH="21" VPOS="2327" HPOS="1426"/>
							<String ID="string_413" HPOS="1447" VPOS="2331" WIDTH="52" HEIGHT="29" WC="0.93" CONTENT="ett"/><SP WIDTH="18" VPOS="2331" HPOS="1499"/>
							<String ID="string_414" HPOS="1517" VPOS="2338" WIDTH="114" HEIGHT="30" WC="0.92" CONTENT="repre-"/>
						</TextLine>
						<TextLine ID="line_41" HPOS="148" VPOS="2381" WIDTH="987" HEIGHT="45">
							<String ID="string_415" HPOS="148" VPOS="2385" WIDTH="320" HEIGHT="41" WC="0.91" CONTENT="sentationsanslag"/><SP WIDTH="17" VPOS="2385" HPOS="468"/>
							<String ID="string_416" HPOS="485" VPOS="2384" WIDTH="78" HEIGHT="41" WC="0.96" CONTENT="höjt"/><SP WIDTH="21" VPOS="2384" HPOS="563"/>
							<String ID="string_417" HPOS="584" VPOS="2383" WIDTH="78" HEIGHT="34" WC="0.96" CONTENT="från"/><SP WIDTH="21" VPOS="2383" HPOS="662"/>
							<String ID="string_418" HPOS="683" VPOS="2387" WIDTH="19" HEIGHT="29" WC="0.96" CONTENT="3"/><SP WIDTH="16" VPOS="2387" HPOS="702"/>
							<String ID="string_419" HPOS="718" VPOS="2386" WIDTH="65" HEIGHT="30" WC="0.96" CONTENT="600"/><SP WIDTH="19" VPOS="2386" HPOS="783"/>
							<String ID="string_420" HPOS="802" VPOS="2383" WIDTH="53" HEIGHT="33" WC="0.96" CONTENT="till"/><SP WIDTH="21" VPOS="2383" HPOS="855"/>
							<String ID="string_421" HPOS="876" VPOS="2385" WIDTH="99" HEIGHT="30" WC="0.50" CONTENT="8.000"/><SP WIDTH="19" VPOS="2385" HPOS="975"/>
							<String ID="string_422" HPOS="994" VPOS="2381" WIDTH="141" HEIGHT="40" WC="0.95" CONTENT="kronor;"/>
						</TextLine>
					</TextBlock>
					<TextBlock ID="block_7" HPOS="151" VPOS="2432" WIDTH="1482" HEIGHT="102">
						<TextLine ID="line_42" HPOS="193" VPOS="2432" WIDTH="1440" HEIGHT="43">
							<String ID="string_423" HPOS="193" VPOS="2439" WIDTH="74" HEIGHT="34" WC="0.96" CONTENT="dels"/><SP WIDTH="28" VPOS="2439" HPOS="267"/>
							<String ID="string_424" HPOS="295" VPOS="2451" WIDTH="43" HEIGHT="21" WC="0.96" CONTENT="en"/><SP WIDTH="29" VPOS="2451" HPOS="338"/>
							<String ID="string_425" HPOS="367" VPOS="2438" WIDTH="94" HEIGHT="33" WC="0.96" CONTENT="inom"/><SP WIDTH="30" VPOS="2438" HPOS="461"/>
							<String ID="string_426" HPOS="491" VPOS="2438" WIDTH="111" HEIGHT="33" WC="0.96" CONTENT="andra"/><SP WIDTH="28" VPOS="2438" HPOS="602"/>
							<String ID="string_427" HPOS="630" VPOS="2437" WIDTH="206" HEIGHT="33" WC="0.96" CONTENT="kammaren"/><SP WIDTH="30" VPOS="2437" HPOS="836"/>
							<String ID="string_428" HPOS="866" VPOS="2448" WIDTH="45" HEIGHT="21" WC="0.96" CONTENT="av"/><SP WIDTH="29" VPOS="2448" HPOS="911"/>
							<String ID="string_429" HPOS="940" VPOS="2435" WIDTH="79" HEIGHT="33" WC="0.95" CONTENT="herr"/><SP WIDTH="32" VPOS="2435" HPOS="1019"/>
							<String ID="string_430" HPOS="1051" VPOS="2434" WIDTH="137" HEIGHT="41" WC="0.93" CONTENT="Wiberg"/><SP WIDTH="30" VPOS="2434" HPOS="1188"/>
							<String ID="string_431" HPOS="1218" VPOS="2445" WIDTH="47" HEIGHT="21" WC="0.91" CONTENT="m."/><SP WIDTH="29" VPOS="2445" HPOS="1265"/>
							<String ID="string_432" HPOS="1294" VPOS="2433" WIDTH="38" HEIGHT="41" WC="0.95" CONTENT="fl."/><SP WIDTH="30" VPOS="2433" HPOS="1332"/>
							<String ID="string_433" HPOS="1362" VPOS="2433" WIDTH="107" HEIGHT="34" WC="0.96" CONTENT="väckt"/><SP WIDTH="27" VPOS="2433" HPOS="1469"/>
							<String ID="string_434" HPOS="1496" VPOS="2432" WIDTH="137" HEIGHT="34" WC="0.96" CONTENT="motion"/>
						</TextLine>
						<TextLine ID="line_43" HPOS="151" VPOS="2485" WIDTH="1482" HEIGHT="49">
							<String ID="string_435" HPOS="151" VPOS="2493" WIDTH="64" HEIGHT="41" WC="0.67" CONTENT="(II:"/><SP WIDTH="15" VPOS="2493" HPOS="215"/>
							<String ID="string_436" HPOS="230" VPOS="2493" WIDTH="95" HEIGHT="41" WC="0.96" CONTENT="497),"/><SP WIDTH="24" VPOS="2493" HPOS="325"/>
							<String ID="string_437" HPOS="349" VPOS="2491" WIDTH="74" HEIGHT="34" WC="0.93" CONTENT="vari"/><SP WIDTH="21" VPOS="2491" HPOS="423"/>
							<String ID="string_438" HPOS="444" VPOS="2491" WIDTH="210" HEIGHT="39" WC="0.92" CONTENT="hemställts,"/><SP WIDTH="22" VPOS="2491" HPOS="654"/>
							<String ID="string_439" HPOS="676" VPOS="2495" WIDTH="55" HEIGHT="29" WC="0.96" CONTENT="att"/><SP WIDTH="20" VPOS="2495" HPOS="731"/>
							<String ID="string_440" HPOS="751" VPOS="2489" WIDTH="187" HEIGHT="42" WC="0.96" CONTENT="riksdagen"/><SP WIDTH="23" VPOS="2489" HPOS="938"/>
							<String ID="string_441" HPOS="961" VPOS="2489" WIDTH="114" HEIGHT="33" WC="0.96" CONTENT="måtte"/><SP WIDTH="24" VPOS="2489" HPOS="1075"/>
							<String ID="string_442" HPOS="1099" VPOS="2488" WIDTH="139" HEIGHT="33" WC="0.96" CONTENT="besluta"/><SP WIDTH="23" VPOS="2488" HPOS="1238"/>
							<String ID="string_443" HPOS="1261" VPOS="2492" WIDTH="55" HEIGHT="29" WC="0.96" CONTENT="att"/><SP WIDTH="21" VPOS="2492" HPOS="1316"/>
							<String ID="string_444" HPOS="1337" VPOS="2486" WIDTH="78" HEIGHT="34" WC="0.95" CONTENT="från"/><SP WIDTH="23" VPOS="2486" HPOS="1415"/>
							<String ID="string_445" HPOS="1438" VPOS="2486" WIDTH="66" HEIGHT="34" WC="0.96" CONTENT="den"/><SP WIDTH="26" VPOS="2486" HPOS="1504"/>
							<String ID="string_446" HPOS="1530" VPOS="2490" WIDTH="15" HEIGHT="29" WC="0.95" CONTENT="1"/><SP WIDTH="24" VPOS="2490" HPOS="1545"/>
							<String ID="string_447" HPOS="1569" VPOS="2485" WIDTH="64" HEIGHT="42" WC="0.95" CONTENT="juli"/>
						</TextLine>
					</TextBlock>
				</ComposedBlock>
			</PrintSpace>
		</Page>
	</Layout>
</alto>
