1918 2798
561 168 292 34 Statsutskottets
876 166 181 36 utlåtande
1081 178 41 23 nr
1142 169 75 40 247.
1593 168 44 31 85

148 249 81 34 med
249 252 19 30 3
283 252 67 30 600
370 248 140 34 kronor.
531 248 59 34 Då
611 249 100 34 detta
733 249 73 34 inte
826 249 46 42 på
892 249 108 42 något
1021 252 73 31 sätt
1115 251 61 39 gör
1196 248 61 33 det
1278 247 140 42 möjligt
1439 246 54 34 för
1513 245 121 35 rektor

147 298 56 29 att
224 293 87 42 fylla
333 293 53 34 sin
411 292 269 43 betydelsefulla
702 293 141 42 uppgift
868 294 115 33 såsom
1007 293 68 34 den
1099 292 180 34 samlande
1302 292 66 34 och
1392 291 241 34 förmedlande

148 338 129 34 mellan
295 338 263 34 universitetets
577 338 114 34 skilda
711 338 111 34 lärare
841 337 66 34 och
927 337 218 41 tjänstemän
1166 341 93 30 samt
1277 336 44 34 de
1342 336 220 34 främmande
1583 347 50 22 re-

147 387 256 38 presentanter,
421 395 75 21 som
515 383 10 33 i
545 382 63 34 allt
628 386 111 30 större
758 383 97 33 antal
876 382 131 34 besöka
1024 383 86 33 våra
1129 381 218 40 universitet,
1366 380 127 35 föreslå
1512 380 47 40 vi,
1578 384 56 30 att

147 427 456 43 representationsanslaget
621 427 98 42 höjes
735 427 54 34 till
818 430 9 30 8
842 430 65 31 000
923 427 142 33 kronor.

189 524 190 35 Utskottet
401 525 194 43 tillstyrker
617 524 99 35 bifall
738 524 54 35 till
814 524 251 35 ovannämnda
1087 536 46 22 av
1156 522 388 44 departementschefen
1565 521 70 35 för-

144 578 143 41 ordade,
309 591 46 22 av
378 578 61 35 det
461 582 110 31 större
594 578 229 35 akademiska
844 577 226 35 konsistoriet
1097 577 6 34 i
1124 577 160 43 Uppsala
1306 577 67 34 och
1394 576 241 35 universitets-

144 632 165 34 kanslern
328 631 198 43 framlagda
544 631 140 44 förslag.

192 685 78 34 Vad
288 686 109 42 angår
414 685 60 35 det
491 685 11 34 i
519 686 181 33 motionen
716 685 30 34 I:
761 689 66 30 347
844 684 222 35 framställda
1082 684 177 43 yrkandet
1276 696 58 22 om
1353 682 220 36 anställande
1591 695 45 22 av

145 744 54 29 ett
215 739 287 34 kontorsbiträde
519 739 11 34 i
547 739 212 43 lönegraden
775 739 55 34 Eo
843 742 20 30 4
882 739 61 34 vid
961 738 263 34 universitetets
1242 737 114 34 kansli
1373 737 64 34 har
1456 737 60 34 det
1534 741 100 39 synts

147 793 178 34 utskottet
345 805 76 21 som
441 805 58 21 om
518 805 43 21 en
582 792 132 43 ökning
732 805 46 21 av
796 792 168 34 kansliets
982 804 97 22 mera
1098 791 72 34 fast
1189 791 175 34 anställda
1383 789 254 36 arbetskrafter

146 858 85 22 vore
247 846 211 43 erforderlig.
473 846 89 35 Med
576 846 140 44 hänsyn
730 846 54 34 till
799 850 55 30 att
870 844 462 43 universitetsberedningen
1347 844 54 34 för
1416 843 221 36 närvarande

148 901 65 34 har
232 901 109 34 bland
359 905 111 30 annat
490 901 43 33 de
554 900 127 43 frågor,
702 913 76 21 som
796 901 124 33 beröra
941 900 59 34 det
1021 899 230 35 akademiska
1270 899 169 34 kansliets
1460 898 175 42 organisa-

148 954 88 40 tion,
257 954 111 34 under
390 954 244 42 omprövning,
658 966 101 22 anser
781 953 178 35 utskottet
980 953 51 42 sig
1052 953 109 34 likväl
1184 953 75 33 icke
1281 965 48 21 nu
1350 953 86 33 böra
1457 951 179 43 tillstyrka

149 1007 98 35 bifall
269 1007 54 34 till
344 1007 269 42 ifrågavarande
635 1007 148 34 motion.

193 1060 88 34 Med
303 1060 189 43 anledning
511 1073 45 21 av
574 1060 182 34 motionen
774 1061 30 33 I:
820 1063 65 31 348
904 1059 54 35 får
979 1060 179 34 utskottet
1177 1058 197 41 framhålla,
1394 1063 55 31 att
1469 1058 168 34 universi-

146 1119 109 29 tetets
274 1114 220 43 gymnastik-
516 1114 65 34 och
602 1114 334 34 idrottsinstitution
956 1114 64 34 har
1041 1125 44 23 en
1108 1112 113 43 viktig
1239 1112 142 43 uppgift
1402 1117 54 29 att
1476 1111 87 44 fylla
1583 1111 55 35 för

147 1168 264 34 universitetets
430 1168 212 34 studerande
660 1168 166 42 ungdom.
843 1169 73 33 Det
934 1171 39 31 är
989 1167 150 43 givetvis
1157 1167 171 34 önskvärt
1346 1171 55 29 att
1418 1165 219 35 intendents-

146 1221 247 43 befattningen
419 1222 61 33 vid
504 1221 250 35 institutionen
779 1225 36 30 är
840 1221 145 34 förenad
1011 1221 81 34 med
1118 1220 134 35 sådana
1277 1219 360 43 avlöningsförmåner

148 1280 56 29 att
233 1288 83 21 man
344 1275 54 34 till
427 1275 115 34 denna
570 1275 55 34 för
653 1275 314 43 anläggningarnas
998 1275 131 34 skötsel
1159 1274 65 34 och
1254 1273 85 35 drift
1368 1272 269 45 betydelsefulla

148 1329 114 42 tjänst
290 1329 71 34 kan
389 1329 165 34 förvärva
582 1342 42 21 en
653 1329 55 34 för
735 1328 346 44 arbetsuppgifterna
1110 1329 58 33 väl
1195 1327 230 35 kvalificerad
1452 1326 106 36 kraft.
1586 1327 52 34 På

148 1380 69 37 den
240 1382 11 35 i
274 1383 183 34 motionen
479 1382 202 43 förebragta
703 1382 232 43 utredningen
960 1386 38 30 är
1022 1382 59 34 det
1105 1381 193 35 emellertid
1322 1380 77 35 icke
1423 1380 137 43 möjligt
1584 1380 53 34 för

147 1436 179 34 utskottet
350 1441 56 29 att
430 1436 151 34 bedöma
604 1436 218 42 skäligheten
846 1448 45 21 av
914 1440 55 29 att
992 1433 452 43 intendentsbefattningen
1467 1446 48 22 nu
1539 1437 98 31 över-

148 1489 91 34 föres
260 1490 47 42 på
328 1489 264 34 universitetets
615 1494 73 29 stat
710 1489 81 34 med
812 1489 177 42 placering
1009 1488 12 34 i
1043 1489 68 33 den
1134 1501 46 21 av
1202 1488 261 33 motionärerna
1486 1487 151 42 angivna

147 1542 223 43 lönegraden.
394 1543 128 34 Denna
543 1541 99 44 fråga
665 1542 101 34 torde
789 1542 107 43 enligt
918 1541 197 35 utskottets
1138 1541 141 43 mening
1300 1541 113 34 kräva
1434 1541 203 43 ytterligare

149 1596 200 43 utredning.
380 1596 189 35 Utskottet
601 1596 185 43 avstyrker
818 1594 119 36 därför
966 1595 99 34 bifall
1096 1594 53 35 till
1180 1595 60 34 det
1272 1594 12 34 i
1314 1594 182 34 motionen
1527 1594 30 34 TI:
1572 1597 65 31 348

148 1650 124 42 gjorda
289 1650 185 43 yrkandet.

193 1704 19 34 I
231 1704 182 34 motionen
431 1704 50 34 II:
496 1706 64 31 496
580 1703 66 35 har
664 1703 197 43 föreslagits
882 1703 72 34 dels
974 1708 56 29 att
1050 1702 203 35 rektorerna
1273 1702 60 34 vid
1355 1701 253 35 universiteten
1626 1700 11 35 i

148 1757 158 43 Uppsala
325 1757 65 34 och
409 1757 103 34 Lund
531 1757 112 34 skulle
662 1757 131 34 erhålla
810 1762 53 29 ett
882 1756 140 35 särskilt
1039 1756 269 34 rektorsarvode
1328 1768 46 22 av
1392 1759 19 30 6
1425 1759 65 30 000
1508 1755 130 34 kronor

149 1809 54 36 för
224 1812 49 39 år,
294 1811 73 33 dels
389 1811 66 33 ock
476 1815 55 29 att
553 1810 135 34 rektors
710 1811 205 33 nuvarande
935 1810 227 34 honorarium
1185 1809 110 34 skulle
1316 1809 101 42 höjas
1437 1808 80 35 från
1538 1812 19 31 3
1572 1812 66 30 600

149 1864 130 34 kronor
293 1864 53 34 till
362 1868 19 29 8
397 1867 66 31 000
476 1864 140 34 kronor.
631 1865 58 33 Då
704 1864 108 42 enligt
827 1863 195 34 utskottets
1038 1863 142 42 mening
1194 1862 250 42 otvivelaktigt
1459 1862 75 34 skäl
1549 1862 87 34 före-

149 1917 92 42 ligga
259 1917 55 34 för
335 1922 55 29 att
410 1916 430 35 universitetsrektorerna
860 1917 130 33 erhålla
1010 1917 109 41 något
1139 1915 130 35 arvode
1288 1919 127 30 utöver
1433 1915 206 43 professors-

149 1971 104 33 lönen
274 1970 54 34 för
349 1971 60 33 det
430 1970 90 34 både
542 1970 226 42 betungande
789 1970 65 34 och
875 1969 135 42 viktiga
1031 1970 121 33 arbete
1172 1981 75 21 som
1268 1969 11 33 i
1299 1968 176 43 egenskap
1497 1981 45 21 av
1564 1968 75 34 rek-

150 2029 94 29 torer
262 2024 112 34 åvilar
392 2024 81 34 dem
492 2036 100 22 anser
610 2024 190 40 utskottet,
820 2028 55 30 att
894 2024 116 33 denna
1029 2022 99 43 fråga
1146 2023 63 33 bör
1227 2026 100 39 göras
1347 2022 53 34 till
1420 2022 145 34 föremål
1585 2021 53 34 för

148 2078 273 42 överväganden
436 2078 188 42 lämpligen
638 2078 11 33 i
665 2077 172 34 samband
853 2077 80 34 med
948 2077 66 33 den
1030 2076 166 35 blivande
1209 2076 234 42 utredningen
1458 2075 180 43 angående

149 2130 277 43 professorernas
453 2131 257 42 löneställning.
736 2130 78 35 Vad
840 2131 136 33 rektors
1003 2129 227 35 honorarium
1255 2128 171 35 beträffar
1452 2129 101 33 torde
1580 2129 60 33 det

150 2184 134 42 jämväl
309 2184 86 34 böra
422 2184 214 34 undersökas
663 2197 58 21 om
745 2184 76 34 icke
848 2197 42 21 en
914 2183 148 42 höjning
1086 2196 45 21 av
1158 2183 198 34 detsamma
1379 2183 72 33 kan
1478 2182 160 34 befinnas

149 2236 178 43 påkallad.
348 2237 188 33 Utskottet
558 2236 221 41 förutsätter,
800 2241 55 29 att
877 2236 132 41 Kungl.
1030 2235 112 42 Maj:t
1164 2235 65 33 har
1250 2235 51 34 sin
1324 2235 315 42 uppmärksamhet

150 2290 118 33 riktad
295 2290 46 41 på
365 2289 221 34 sistnämnda
611 2290 168 41 spörsmål
806 2289 64 33 och
896 2288 53 34 för
973 2289 187 41 riksdagen
1184 2287 208 42 framlägger
1416 2288 59 33 det
1500 2287 140 41 förslag,

151 2343 117 33 vartill
284 2342 348 41 omständigheterna
647 2343 59 32 må
721 2342 81 41 giva
817 2341 198 42 anledning.
1031 2341 89 34 Med
1136 2340 70 34 vad
1223 2340 148 34 sålunda
1387 2339 135 34 anförts
1538 2340 101 33 torde

151 2396 180 33 motionen
352 2395 48 33 IT:
416 2398 64 31 496
503 2394 36 34 få
559 2407 100 21 anses
680 2394 183 34 besvarad.

198 2448 106 34 Emot
328 2449 42 33 de
392 2461 45 21 av
458 2448 387 42 departementschefen
868 2447 217 34 verkställda
1105 2446 454 42 kostnadsberäkningarna
1581 2447 57 33 be-

153 2501 178 35 träffande
354 2501 342 43 avlöningsanslaget
719 2501 63 34 har
805 2501 177 34 utskottet
1004 2500 75 34 icke
1102 2500 119 34 funnit
1242 2505 109 28 annat
1373 2505 54 28 att
1448 2500 124 40 erinra,
1596 2503 43 30 än

154 2560 54 29 att
232 2555 67 34 den
321 2555 10 33 i
355 2555 301 42 avlöningsstaten
684 2555 111 33 under
816 2555 29 33 I.
868 2554 218 33 Professorer
1109 2553 65 34 och
1199 2554 109 33 lärare
1333 2566 47 21 m.
1405 2553 36 33 fl.
1464 2553 177 42 uppförda

1697 523 142 27 Utskottet.
