1880 2780
246 160 48 31 :24
717 165 261 28 Statsutskottets
1002 165 166 28 utlåtande
1191 174 37 19 nr
1253 167 28 27 5.

306 236 263 41 Ifrågavarande
589 236 117 42 anslag
725 240 36 28 är
780 238 11 30 i
811 237 182 32 riksstaten
1014 239 54 30 för
1087 238 227 32 innevarande
1332 239 167 41 budgetår
1520 240 138 40 uppfört
1678 239 76 30 med

254 287 62 32 613
329 289 60 30 000
412 288 133 32 kronor.

307 339 272 43 Anslagsposten
601 341 53 30 till
677 341 161 41 sjukvård
860 352 41 20 m.
924 352 42 20 m.
991 341 144 32 föreslås
1157 342 85 41 höjd
1263 342 77 31 med
1362 343 18 30 3
1393 343 60 30 000
1476 342 133 31 kronor.

307 392 128 31 Posten
456 392 54 31 till
530 392 331 42 publikationstryck
882 393 61 31 har
963 393 208 42 uppräknats
1191 394 78 31 med
1290 394 113 31 90000
1424 394 133 37 kronor,
1580 405 40 20 av
1643 393 112 31 vilken

256 454 129 20 summa
408 443 85 31 dock
515 444 41 31 55
568 444 61 31 000
651 443 125 32 kronor
797 447 187 29 motsvaras
1007 456 41 20 av
1071 456 41 20 en
1135 445 181 31 reduktion
1338 448 20 29 å
1381 445 374 42 omkostnadsanslaget

256 495 54 31 för
332 495 66 31 den
420 495 182 42 offentliga
624 496 364 41 arbetsförmedlingen
1012 507 121 31 genom
1155 500 49 28 att
1229 497 74 31 dels
1325 497 428 32 distriktsvakanslistorna

257 546 176 42 indragits,
462 547 74 31 dels
563 547 62 32 ock
652 547 41 32 de
720 559 40 20 av
788 548 400 31 länsarbetsnämnderna
1215 549 140 41 utgivna
1382 549 373 31 månadsöversikterna

256 598 166 32 beräknas
447 598 115 32 kunna
585 599 152 42 upphöra
762 600 11 30 i
796 600 165 31 samband
983 600 78 31 med
1088 611 41 21 en
1154 600 191 42 föreslagen
1371 601 218 41 omläggning
1613 612 40 20 av
1676 600 69 31 riks

260 648 230 31 vakanslistan
510 648 55 31 till
584 660 41 19 en
643 649 258 41 mångsidigare,
921 660 92 20 mera
1033 650 282 41 tidningsmässig
1333 650 224 41 publikation.

310 701 310 42 Anslagsposterna
638 702 53 31 till
711 703 304 41 reseersättningar
1034 706 86 29 samt
1139 714 166 31 expenser
1322 705 44 30 ha
1384 704 166 32 minskats
1570 704 77 32 med
1666 706 18 30 8
1696 705 62 30 000

258 763 87 31 resp.
376 753 38 31 13
427 754 61 30 000
516 753 133 32 kronor.
689 754 126 31 Vidare
843 755 180 31 bortfaller
1050 755 66 31 den
1144 756 54 31 för
1226 756 229 31 innevarande
1483 754 167 44 budgetår
1678 767 79 31 upp-

258 806 101 39 tagna
379 807 122 39 posten
523 807 19 29 å
562 806 41 31 55
615 806 61 31 000
697 806 125 31 kronor
842 807 52 31 till
916 807 185 31 kostnader
1122 808 10 30 i
1154 807 164 32 samband
1339 808 75 31 med
1437 808 203 42 inflyttning
1660 808 12 31 i
1693 819 63 31 nya

257 856 266 41 tjänstelokaler.

315 957 182 31 Utskottet.
532 958 77 31 Den
631 958 198 42 ifrågasatta
852 959 261 42 omläggningen
1136 971 40 20 av
1199 960 304 32 riksvakanslistan
1527 961 54 31 till
1604 972 41 20 en
1669 972 89 20 mera

260 1008 283 42 tidningsmässig
569 1009 215 42 publikation
812 1021 96 21 avses
936 1011 50 31 bli
1013 1011 170 32 beroende
1212 1023 41 20 av
1280 1012 126 41 Kungl.
1435 1013 119 40 Maj:ts
1582 1012 176 42 prövning,

259 1059 106 31 sedan
401 1062 48 29 ett
484 1063 152 29 närmare
674 1062 162 31 utformat
873 1063 127 41 förslag
1038 1063 182 41 framlagts.
1260 1062 179 33 Utskottet
1474 1061 208 41 förutsätter,
1710 1067 49 29 att

259 1111 146 32 nämnda
426 1112 129 42 förslag
576 1113 123 41 jämväl
720 1114 150 31 kommer
890 1117 49 29 att
961 1115 190 41 föreläggas
1173 1115 42 31 de
1238 1115 53 31 för
1312 1117 145 40 översyn
1478 1127 41 20 av
1541 1116 219 31 arbetsmark-

260 1162 255 42 nadsstyrelsen
544 1165 63 31 och
635 1164 65 32 den
728 1166 181 41 offentliga
936 1166 367 42 arbetsförmedlingen
1331 1167 188 32 tillkallade
1549 1168 211 41 utrednings-

260 1215 154 29 männen.
453 1213 178 32 Utskottet
655 1214 59 31 vill
740 1215 138 31 särskilt
903 1215 225 42 understryka
1152 1216 394 43 departementschefens
1573 1217 182 37 uttalande,

260 1267 49 29 att
333 1276 42 21 en
400 1267 219 42 omläggning
641 1279 40 20 av
705 1268 303 33 riksvakanslistan
1032 1270 73 32 icke
1129 1271 62 31 bör
1216 1271 33 31 få
1272 1271 77 31 leda
1373 1271 53 31 till
1451 1273 112 39 någon
1586 1271 175 32 kostnads-

260 1317 135 42 ökning.

313 1369 125 43 Kungl.
466 1370 120 42 Maj:ts
613 1371 127 42 förslag
764 1372 61 31 har
851 1372 11 31 i
888 1373 110 41 övrigt
1024 1373 73 31 icke
1123 1373 84 42 givit
1234 1374 166 32 utskottet
1425 1375 186 41 anledning
1637 1375 52 31 till
1715 1386 46 20 er-

260 1420 108 38 inran,
394 1422 113 31 varför
532 1422 167 34 utskottet
723 1423 204 39 hemställer,

554 1499 50 30 att
630 1498 179 42 riksdagen
836 1502 54 29 må
915 1500 54 31 till
995 1501 491 40 Arbetsmarknadsstyrelsen:
1517 1502 246 32 Omkostnader

515 1550 52 30 för
601 1550 201 41 budgetåret
840 1551 132 32 1950/51
1011 1552 117 31 anvisa
1164 1555 49 29 ett
1251 1551 267 44 förslagsanslag
1553 1565 41 20 av
1630 1554 60 31 632
1702 1554 61 31 000

511 1601 134 31 kronor.

313 1736 84 41 37:0)
420 1737 511 42 Arbetsmarknadsstyrelsen:
977 1740 380 41 Krisorganisationen.
1401 1741 128 42 Kungl.
1568 1742 97 41 Maj:t
1701 1742 62 31 har

269 1785 120 41 (punkt
412 1786 49 36 44,
486 1796 25 20 s.
536 1786 136 42 66—68)
701 1786 177 42 föreslagit
902 1787 181 42 riksdagen
1108 1791 49 28 att
1179 1788 74 32 dels
1277 1788 144 39 besluta,
1446 1792 49 29 att
1519 1789 66 32 den
1609 1792 19 29 å
1650 1801 110 30 perso-

263 1836 317 42 nalförteckningen
604 1839 53 30 för
677 1838 486 43 arbetsmarknadsstyrelsens
1187 1840 305 42 krisorganisation
1517 1842 169 41 uppförda
1709 1842 52 31 be-

265 1882 191 46 fattningen
475 1900 74 20 som
566 1889 261 42 byråinspektör
845 1891 10 30 i
874 1890 162 42 lönegrad
1055 1891 46 32 Ce
1114 1892 39 31 25
1170 1892 87 31 skall
1275 1894 89 40 utgå,
1383 1893 73 31 dels
1475 1893 62 31 ock
1555 1894 54 30 till
1625 1894 136 31 Arbets-

263 1940 362 42 marknadsstyrelsen:
649 1942 360 41 Krisorganisationen
1032 1943 54 31 för
1106 1943 203 42 budgetåret
1331 1945 133 31 1950/51
1488 1945 117 31 anvisa
1628 1948 49 29 ett
1698 1946 63 30 för-

264 1991 211 42 slagsanslag
497 2004 41 20 av
559 1993 134 32 900000
714 1994 132 31 kronor.

318 2077 262 42 Ifrågavarande
619 2079 117 41 anslag
763 2082 36 28 är
827 2080 10 30 i
866 2080 156 41 gällande
1051 2081 139 32 riksstat
1219 2082 140 41 uppfört
1386 2082 77 31 med
1492 2085 47 28 ett
1569 2082 124 41 belopp
1721 2093 40 19 av

265 2129 61 30 350
338 2129 61 31 000
420 2129 133 32 kronor.

317 2189 246 42 Belastningen
584 2190 107 31 under
711 2191 203 41 föregående
936 2192 165 41 budgetår
1121 2192 146 42 uppgick
1287 2192 54 32 till
1363 2193 90 32 1198
1464 2194 62 33 043
1546 2194 132 30 kronor.

318 2250 222 31 Beträffande
559 2251 306 42 utlänningsbyrån
883 2252 144 31 föreslås
1045 2252 74 32 dels
1137 2252 206 42 indragning
1360 2264 40 20 av
1418 2264 41 20 en
1476 2253 195 42 befattning
1688 2264 73 20 sor

264 2302 262 41 byråinspektör
540 2302 12 31 i
569 2303 46 31 Ce
627 2303 49 38 25,
693 2314 75 21 vars
784 2303 203 32 innehavare
1003 2304 150 41 åtnjuter
1167 2304 262 42 tjänstledighet
1444 2305 53 31 för
1512 2304 250 43 uppehållande

265 2365 41 19 av
343 2353 104 42 högre
485 2356 95 29 extra
607 2354 194 42 befattning
826 2355 63 32 hos
917 2358 131 29 statens
1077 2356 432 42 utlänningskommission,
1539 2359 87 30 samt
1653 2368 39 20 av
1719 2367 43 20 en

265 2406 274 41 assistenttjänst
560 2407 6 30 i
582 2406 48 32 Ce
644 2407 38 31 19
698 2407 62 32 och
777 2418 42 21 en
836 2407 270 42 biträdestjänst,
1123 2407 74 32 dels
1215 2408 62 31 ock
1293 2408 145 42 ändring
1453 2420 41 20 av
1509 2420 43 20 en
1569 2408 193 40 befattning

266 2468 72 21 som
367 2458 164 31 assistent
559 2459 11 30 i
598 2458 101 41 Cg22
726 2458 55 31 till
808 2461 93 29 extra
930 2459 171 33 ordinarie
1129 2459 194 42 befattning
1350 2460 11 31 i
1390 2471 127 21 samma
1545 2460 170 42 lönegrad:
1745 2460 12 29 1
