1880 2784
595 159 264 27 Slatsutskottets
882 158 166 28 utlåtande
1071 166 38 19 nr
1133 158 28 27 5.
1584 153 38 31 31

173 230 272 42 Anslagsposten
465 230 53 32 till
537 229 198 41 avlöningar
754 228 54 31 till
827 228 170 31 ordinarie
1015 228 209 41 tjänstemän
1240 227 62 30 bar
1319 226 208 42 uppräknats
1545 225 78 31 med

120 283 40 31 22
172 283 62 32 000
254 282 134 38 kronor,
412 281 260 41 anslagsposten
694 280 54 31 till
770 280 200 41 avlöningar
990 279 54 32 till
1066 279 96 41 övrig
1184 278 258 32 ieke-ordinarie
1463 277 160 42 personal

120 335 76 31 med
217 335 16 31 6
249 335 61 31 600
330 334 127 31 kronor
476 333 63 32 och
561 333 260 41 anslagsposten
843 332 54 31 till
918 332 118 41 rörligt
1058 331 119 41 tillägg
1197 330 77 31 med
1295 330 93 32 3400
1408 330 133 31 kronor.

172 430 18 30 I
210 431 57 29 två
285 428 218 42 likalydande
525 427 176 37 motioner,
723 426 119 31 väckta
862 426 65 31 den
948 437 63 19 ena
1031 426 92 30 inom
1141 425 111 31 första
1272 425 193 30 kammaren
1485 435 41 20 av
1544 424 80 31 herr

121 481 119 32 Sunne
261 492 42 20 m.
326 481 36 40 fl.
390 480 42 42 (I:
446 480 74 41 291)
548 480 61 30 och
632 479 66 30 den
720 478 104 31 andra
848 478 92 31 inom
962 477 106 32 andra
1088 477 194 31 kammaren
1304 488 40 20 av
1365 476 78 31 herr
1465 476 157 41 Nihlfors

121 544 40 22 m.
183 534 36 40 fl.
247 533 61 41 (II:
325 532 85 42 189),
433 532 62 31 har
514 531 44 31 bl.
581 543 26 19 a.
631 530 203 38 hemställts,
857 533 48 29 att
928 530 180 41 riksdagen
1131 531 104 29 måtte
1248 529 134 31 besluta
1394 530 49 30 att
1457 528 108 32 under
1576 539 46 20 nu

121 584 256 43 ifrågavarande
402 584 127 41 anslag,
556 585 118 29 utöver
699 582 193 42 föreslagna
917 582 120 38 medel,
1063 582 119 31 anvisa
1205 581 74 32 dels
1304 581 94 31 4480
1421 581 126 31 kronor
1570 581 55 30 för

122 636 212 33 anställande
352 648 41 20 av
411 647 42 20 en
469 646 184 21 amanuens
672 637 44 39 på
733 634 141 38 halvtid,
894 634 73 31 dels
986 634 61 32 ock
1064 634 19 30 2
1096 634 61 31 240
1174 634 125 30 kronor
1316 633 53 31 för
1386 632 238 43 uppflyttning

122 700 40 20 av
182 690 37 30 11
238 688 301 32 kontorsbiträden
557 687 54 31 till
629 686 272 32 kanslibiträden
919 687 75 30 från
1012 686 63 31 och
1093 685 78 32 med
1189 685 67 31 den
1276 686 15 30 1
1311 685 134 42 januari
1464 685 89 32 1951.

173 740 223 32 Beträffande
418 740 42 31 de
481 739 82 38 skäl,
586 739 250 32 motionärerna
859 739 112 30 anfört
993 738 54 31 till
1069 738 77 31 stöd
1168 738 55 31 för
1244 738 76 30 sina
1340 736 184 42 yrkanden,
1546 736 77 31 hän-

120 794 92 31 visas
231 793 55 31 till
305 793 175 31 motionen
500 792 49 30 IT:
566 792 66 31 189.

177 888 182 32 Utskottet.
396 888 18 30 I
438 887 185 41 anledning
647 898 40 19 av
713 887 57 30 det
795 887 11 30 i
832 886 211 31 motionerna
1069 885 29 30 I:
1113 885 59 31 291
1200 885 63 30 och
1288 884 48 31 II:
1352 884 61 31 189
1437 883 187 31 framförda

121 940 165 41 yrkandet
303 951 54 20 om
374 938 229 33 anställandet
617 950 40 19 av
673 949 43 20 en
732 949 185 20 amanuens
932 939 44 40 på
990 936 141 38 halvtid,
1148 947 74 22 som
1235 936 12 31 i
1259 936 112 41 övrigt
1383 935 110 32 skulle
1506 935 116 42 tjänst-

119 993 82 40 göra
221 994 45 40 på
287 990 444 42 arbetarskyddsstyrelsen,
756 991 53 31 får
819 990 166 31 utskottet
997 989 111 31 erinra
1119 999 55 20 om
1185 989 62 31 sitt
1257 987 175 32 uttalande
1445 987 12 31 i
1469 987 60 31 det
1540 987 82 31 före-

120 1044 130 42 gående
270 1043 216 32 beträffande
508 1042 455 41 arbetarskyddsstyrelsens
985 1040 308 43 avlöningsanslag.
1327 1040 179 32 Utskottet
1528 1040 96 30 fram-

120 1097 72 31 höll
212 1096 129 38 därvid,
361 1098 51 29 att
430 1096 118 41 frågan
569 1106 53 19 om
642 1093 394 42 personalförstärkning
1055 1093 106 31 borde
1181 1092 50 32 bli
1251 1092 142 31 föremål
1412 1092 55 31 för
1485 1091 139 32 fortsatt

121 1148 177 42 prövning.
329 1148 53 31 Då
400 1147 178 32 resultatet
596 1158 40 20 av
656 1147 80 31 1947
756 1148 55 30 års
829 1145 356 41 biträdesutrednings
1205 1144 116 31 arbete
1340 1146 91 30 ännu
1448 1143 73 32 icke
1540 1144 83 30 före-

121 1200 118 42 ligger,
261 1211 101 20 anser
382 1200 53 41 sig
456 1199 166 32 utskottet
643 1198 73 32 icke
737 1198 109 33 heller
867 1198 113 31 kunna
1001 1197 173 42 tillstyrka
1195 1196 59 32 det
1273 1196 12 31 i
1306 1207 128 21 samma
1454 1195 170 32 motioner

121 1252 188 42 framlagda
330 1252 165 41 förslaget
517 1262 54 20 om
593 1250 129 32 ändrad
744 1249 357 43 lönegradsplacering
1123 1249 54 31 för
1198 1249 94 31 vissa
1312 1247 310 32 kontorsbiträden.

174 1304 119 32 Under
316 1303 215 43 åberopande
555 1314 39 20 av
617 1302 64 32 vad
704 1302 146 32 sålunda
871 1302 131 31 anförts
1026 1302 52 30 får
1098 1301 168 32 utskottet
1287 1300 189 38 hemställa,

415 1374 50 29 att
490 1372 181 41 riksdagen
696 1373 55 29 må
775 1371 79 31 med
878 1370 99 32 bifall
1003 1370 53 31 till
1081 1369 127 42 Kungl.
1236 1369 119 41 Maj:ts
1382 1369 130 40 förslag
1538 1370 86 29 samt

373 1424 79 31 med
468 1424 117 41 avslag
602 1425 18 29 å
637 1423 214 30 motionerna
868 1423 29 30 I:
912 1422 58 31 291
991 1422 62 31 och
1070 1421 48 31 II:
1136 1421 68 37 189,
1223 1421 104 31 såvitt
1345 1420 40 31 de
1402 1421 122 30 beröra
1541 1420 82 31 före-

374 1476 145 31 varande
545 1475 125 41 anslag,

414 1536 31 41 a)
473 1535 205 41 bemyndiga
698 1534 127 42 Kungl.
848 1534 102 41 Maj:t
969 1536 51 29 att
1039 1534 11 30 i
1071 1532 362 42 yrkesinspektionens
1455 1531 168 42 personal-

374 1587 214 41 förteckning
610 1586 138 42 vidtaga
768 1586 41 31 de
831 1585 191 42 ändringar,
1046 1596 73 20 som
1141 1584 150 42 angivits
1312 1584 12 31 i
1346 1583 278 42 statsrådsproto-

373 1639 106 32 kollet
503 1641 81 29 över
607 1638 256 32 socialärenden
888 1638 54 30 för
965 1637 65 31 den
1054 1638 19 30 4
1097 1637 134 41 januari
1257 1636 92 37 1950;

431 1701 33 41 b)
508 1701 171 32 fastställa
711 1700 152 42 följande
897 1700 251 41 avlöningsstat
1181 1700 53 30 för
1267 1698 357 42 yrkesinspektionen,

389 1755 49 28 att
462 1752 172 41 tillämpas
659 1751 71 32 tills
754 1750 116 32 vidare
893 1751 38 31 fr.
957 1762 29 20 o.
1011 1762 41 20 m.
1076 1750 207 41 budgetåret
1308 1748 150 33 1950/51:

860 1821 293 35 Avlöningsstat.

391 1880 25 28 1.
442 1877 209 41 Avlöningar
678 1877 53 31 till
755 1876 173 32 ordinarie
945 1875 217 41 tjänstemän,
1172 1874 258 41 förslagsvis....
1481 1874 136 31 957000

390 1929 27 29 2.
442 1927 161 31 Arvoden
636 1926 64 32 och
735 1926 169 32 särskilda
931 1925 237 41 ersättningar,
1195 1924 181 31 bestämda
1398 1935 39 20 av

443 1977 126 41 Kungl.
587 1976 98 42 Maj:t
719 2001 713 7 oosossoossseserserer
1063 1971 81 51 reser
1149 1971 8 51 r
1165 1971 62 51 reser
1235 1971 46 51 ere
1286 1971 78 51 retri
1372 1971 62 51 resa
1506 1975 37 31 13
1555 1974 63 31 000

389 2029 28 30 3.
443 2027 210 41 Avlöningar
675 2027 54 31 till
745 2026 97 42 övrig
861 2025 258 33 icke-ordinarie
1135 2026 295 41 personal........
1479 2025 64 31 464
1554 2025 62 31 600

390 2081 27 28 4.
443 2078 135 40 Rörligt
602 2078 127 41 tillägg,
747 2077 199 41 försläGSVi8
959 2102 471 6 sssssosssssssssear
1270 2073 76 50 sars
1354 2073 79 50 rensa
1482 2075 58 31 167
1553 2075 64 31 400

1152 2135 143 31 Summa
1311 2135 126 30 kronor
1451 2136 15 29 1
1480 2135 62 30 602
1553 2134 72 38 000;

443 2195 28 41 ce)
495 2195 53 31 till
592 2195 336 40 Yrkesinspektionen:
966 2194 199 39 Avlöningar
1187 2194 52 30 för
1262 2192 203 41 budgetåret
1490 2192 130 38 1950/51

390 2246 119 30 anvisa
532 2246 49 30 ett
605 2244 269 41 förslagsanslag
896 2255 39 20 av
962 2244 90 31 1602
1063 2244 63 31 000
1148 2244 136 30 kronor.

174 2364 87 40 58:0)
283 2363 377 41 Yrkesinspektionen:
695 2362 270 33 Omkostnader.
999 2361 18 31 1
1050 2360 152 41 enlighet
1236 2361 78 30 med
1349 2359 125 41 Kungl.
1510 2359 116 41 Maj:ts

124 2414 129 41 förslag
282 2413 122 42 (punkt
429 2413 49 37 80,
507 2424 24 19 s.
561 2412 191 41 123—125),
779 2411 106 32 vilket
910 2411 143 31 innebär
1078 2421 41 20 en
1145 2410 147 41 höjning
1317 2421 39 20 av
1383 2409 73 32 dels
1482 2408 147 42 anslags-

123 2467 121 39 posten
272 2465 52 31 till
352 2464 160 41 sjukvård
541 2464 74 31 med
643 2464 62 30 500
731 2464 134 37 kronor,
893 2463 74 31 dels
992 2464 120 40 posten
1140 2462 54 31 till
1223 2461 305 40 reseersättningar
1552 2460 75 32 med
