2172 2737
378 233 39 31 10
596 227 117 32 Andra
735 224 211 33 Kammarens
969 219 156 33 Enskilda
1152 216 160 35 Utskottets
1342 213 165 34 Utlåtande
1530 211 70 33 N:o.
1625 211 53 31 33.

337 313 119 45 randa,
488 307 199 46 Skellefteå,
716 304 191 47 Borgholm
937 301 62 37 och
1030 299 212 47 Trelleborg,
1271 296 129 45 hvilka,
1429 294 112 36 såsom
1569 291 76 37 icke
1674 288 160 38 försedda
1850 287 78 37 med

336 378 90 35 egen
450 361 237 51 jurisdiktion,
717 359 90 47 välja
848 356 245 46 riksdagsmän
1134 351 228 37 tillsammans
1408 347 77 37 med
1527 346 41 35 de
1599 345 191 46 domsagor,
1818 341 111 36 under

335 418 125 37 hvilka
501 416 41 35 de
583 414 92 48 lyda,
704 412 110 46 öfriga
842 409 115 36 städer
985 407 97 36 skola
1111 405 43 48 på
1182 401 269 38 nedannämnda
1479 401 67 35 sätt
1573 396 134 36 indelas
1735 396 11 35 i
1773 394 154 36 valkret-

338 483 65 33 sar,
431 482 73 24 som
531 466 172 38 hvardera
731 476 65 36 ega
824 467 75 31 utse
927 473 42 23 en
997 459 255 46 riksdagsman,
1280 454 192 47 nemligen:

467 573 123 47 Ystad,
621 571 138 36 Skanör
789 567 63 37 och
880 565 194 45 Falsterbo,
1092 576 43 23 en
1165 562 168 45 valkrets;

469 626 115 46 Lund,
613 637 44 24 en
684 622 171 45 valkrets;

468 679 244 44 Landskrona,
742 688 42 22 en
812 672 170 45 valkrets;

472 729 240 39 Kristianstad
740 727 65 36 och
834 723 264 41 Simbrishamn,
1140 732 43 24 en
1215 718 170 41 valkrets;

470 782 241 46 Helsingborg
739 779 66 35 och
830 775 226 48 Engelholm,
1085 786 43 22 en
1157 772 170 43 valkrets;

472 834 196 43 Halmstad,
698 830 185 47 Warberg,
910 826 158 41 Laholm,
1098 823 222 45 Falkenberg
1349 820 65 37 och
1442 816 253 49 Kungsbacka,
1712 827 42 23 en
1769 807 164 57 valkrets;

471 888 217 36 Karlshamn
716 884 66 36 och
809 881 219 45 Sölvesborg,
1056 890 43 23 en
1127 876 170 45 valkrets;

472 940 160 45 Kalmar,
660 950 42 23 en
731 935 170 45 valkrets;

479 992 134 45 Wexiö,
641 989 109 48 Eksjö
779 988 65 37 och
872 983 232 47 Wimmerby,
1133 993 42 24 en
1205 978 174 41 valkrets;

472 1044 205 37 Westervik
705 1042 65 35 och
799 1038 250 44 Oskarshamn,
1077 1047 43 23 en
1150 1033 168 45 valkrets;

474 1097 213 48 Jönköping,
715 1107 43 23 en
785 1093 169 44 valkrets;

475 1148 208 47 Uddevalla,
713 1144 204 52 Strömstad,
945 1138 202 40 Marstrand
1175 1137 66 37 och
1272 1133 168 48 Kungelf,
1469 1144 43 23 en
1539 1130 172 46 valkrets;

476 1201 240 45 Wenersborg
745 1198 66 36 och
838 1194 119 45 Åmål,
986 1205 42 23 en
1056 1191 170 45 valkrets;

477 1256 121 42 Borås,
628 1251 166 46 Alingsås
822 1248 68 36 och
919 1244 239 45 Ulricehamn,
1190 1255 42 22 en
1261 1240 172 43 valkrets;

479 1304 202 43 Mariestad,
711 1302 112 36 Skara
851 1299 65 37 och
945 1295 142 46 Sköfde,
1115 1307 42 23 en
1190 1293 168 44 valkrets;

477 1357 210 48 Lidköping,
717 1353 199 48 Falköping
945 1349 64 36 och
1037 1347 82 48 Hjo,
1148 1358 44 24 en
1220 1345 170 44 valkrets;

478 1409 212 48 Linköping,
719 1420 44 23 en
790 1406 175 42 valkrets;

480 1462 206 44 Wadstena,
715 1459 186 45 Skeninge,
931 1452 238 47 Söderköping
1198 1449 65 36 och
1291 1448 156 43 Grenna,
1474 1458 42 23 en
1545 1443 172 45 valkrets;

481 1515 138 47 Wisby,
648 1525 44 23 en
722 1511 169 44 valkrets;

482 1566 206 49 Nyköping,
716 1561 195 44 Torshälla,
941 1556 190 38 Mariefred
1160 1554 64 36 och
1252 1552 121 46 Trosa,
1402 1563 42 23 en
1472 1549 174 44 valkrets;

484 1621 192 47 Strengnäs
705 1615 66 37 och
797 1612 218 44 Eskilstuna,
1043 1621 44 23 en
1114 1603 173 56 valkrets;

487 1671 142 46 Örebro,
657 1681 44 23 en
729 1667 172 40 valkrets;

486 1721 213 46 Askersund,
726 1720 108 43 Nora,
862 1715 218 45 Lindesberg
1108 1711 65 36 och
1214 1707 279 45 Kristinehamn,
1527 1718 44 23 en
1604 1703 172 45 valkrets;

485 1774 169 37 Karlstad
682 1772 65 36 och
775 1767 182 50 Filipstad,
984 1778 42 23 en
1054 1764 169 45 valkrets;

488 1827 146 46 Arboga
664 1824 65 36 och
757 1823 92 46 Sala,
878 1833 43 23 en
948 1818 173 45 valkrets;

489 1878 190 41 Westerås,
708 1875 144 47 Köping
880 1871 65 37 och
972 1869 217 47 Enköping,
1200 1878 41 23 en
1269 1865 170 47 valkrets;

491 1929 203 47 Södertelje,
721 1925 188 47 Norrtelje,
937 1921 203 45 Waxholm,
1167 1916 197 49 Öregrund,
1393 1914 225 37 Östhammar
1646 1911 64 36 och
1738 1910 147 47 Sigtuna
1909 1920 44 23 en

569 1981 173 42 valkrets;

489 2035 124 44 Falun,
641 2032 199 36 Hedemora
867 2028 65 36 och
960 2025 110 47 Säter,
1098 2036 43 23 en
1168 2022 167 45 valkrets;

492 2087 221 37 Söderhamn
741 2081 68 38 och
813 2077 246 53 Hudiksvall,
1087 2088 43 24 en
1159 2074 167 46 valkrets;

493 2137 191 37 Sundsvall
712 2135 64 36 och
805 2130 205 46 Östersund,
1041 2141 42 23 en
1111 2127 169 46 valkrets;
1308 2129 91 32 samt
1678 2152 2 2 .

494 2189 224 47 Hernösand,
746 2185 125 48 Umeå,
898 2182 113 38 Luleå
1039 2180 64 37 och
1130 2178 111 43 Piteå,
1272 2190 43 23 en
1356 2176 187 37 valkrets!
1599 2195 47 4 —
1676 2194 46 4 —
1753 2192 49 5 —
1831 2191 45 4 =
1912 2194 38 5 —

603 2516 215 29 STOCKHOLM,
855 2514 100 23 ISAAC
975 2511 147 25 MARCUS
1141 2488 491 46 BOKTRYCKERI-AKTIEBOLAG,
1651 2488 76 40 1876.
1751 2486 20 2 [
