1872 2766
229 137 40 30 58

363 224 143 37 (Kungl.
530 224 120 36 Maj:ts
674 222 157 39 förslag.)

232 292 232 37 skattningsår
502 292 44 30 då
582 292 293 30 omkostnaderna
910 292 58 35 ägt

232 353 87 21 rum.
338 343 74 30 Vad
430 342 146 31 sålunda
594 343 154 35 stadgats
767 342 86 30 skall
872 342 10 30 i
901 341 64 30 till-

234 393 161 37 lämpliga
412 394 96 29 delar
524 394 88 35 gälla
628 392 132 37 jämväl
776 391 190 31 beträffan-

232 445 43 29 de
300 443 194 31 restitution
520 445 10 29 i
558 443 70 36 fall,
657 443 65 30 där
747 442 219 30 kostnadsut-

232 494 262 36 jämningsfond
514 494 31 36 ej
566 496 129 27 avsatts
716 502 79 20 men
815 492 152 37 proviso-

233 544 71 30 risk
322 544 161 38 påföring
502 553 41 21 av
561 543 407 37 krigskonjunkturskatt

233 596 57 29 det
309 595 118 30 oaktat
449 595 88 30 skett
558 594 43 37 på
622 595 114 35 grund
758 603 41 21 av
819 594 148 29 bestäm-

234 646 167 30 melserna
424 646 10 30 i
456 646 42 29 20
522 645 17 37 8
563 645 110 29 andra
696 644 140 37 stycket.

600 139 394 37 Bevillningsutskottets
1018 137 218 33 betänkande
1261 138 48 31 Nr
1329 138 49 30 36.

1168 221 207 38 (Utskottets
1401 220 158 38 förslag.)

1005 290 53 30 för
1084 290 56 30 det
1166 288 279 36 beskattningsår
1471 287 44 31 då
1541 288 198 30 omkostna-

1005 341 105 29 derna
1132 341 57 35 ägt
1211 348 88 21 rum.
1321 339 75 30 Vad
1419 338 146 31 sålunda
1587 338 153 36 stadgats

1005 390 86 30 skall
1115 390 10 29 i
1149 389 205 37 tillämpliga
1378 390 96 29 delar
1497 389 89 36 gälla
1609 387 132 37 jämväl

1005 440 221 31 beträffande
1243 439 192 31 restitution
1453 441 10 29 i
1480 439 71 36 fall,
1570 439 62 29 där
1649 439 91 29 kost-

1005 490 390 37 nadsutjämningsfond
1431 489 31 37 ej
1500 492 127 28 avsatts
1661 497 81 21 men

1007 541 210 37 provisorisk
1236 540 158 38 påföring
1412 549 44 21 av
1472 538 269 38 krigskonjunk-

1006 592 148 30 turskatt
1175 592 57 30 det
1252 591 117 30 oaktat
1390 591 90 30 skett
1501 589 43 37 på
1566 590 111 36 grund
1699 599 43 20 av

1006 642 304 30 bestämmelserna
1332 641 10 29 i
1363 642 42 29 20
1428 641 18 37 8
1469 640 109 30 andra
1599 640 142 37 stycket.

1049 693 56 30 Att
1131 694 10 28 i
1168 693 84 29 visst
1277 692 61 37 fall
1364 691 194 30 restitution
1584 690 71 31 kan
1682 690 59 29 ske

1006 745 87 29 även
1120 743 64 29 där
1212 740 469 38 kostnadsutjämningsfond
1711 740 32 36 ej

1007 794 145 29 använts
1194 793 55 37 för
1291 791 245 31 omkostnader
1578 800 75 21 som
1696 800 46 20 nu

1007 847 90 33 sagts
1117 843 155 37 framgår
1291 852 41 21 av
1351 843 40 29 21
1414 843 20 36 $
1454 843 82 29 sista
1555 841 142 39 stycket.

282 897 28 29 4,
347 896 116 37 Enligt
486 897 65 29 vad
573 905 74 21 som
670 894 155 37 framgår
846 904 42 21 av
910 895 114 36 punkt
1046 895 19 29 4
1088 893 32 40 d)
1150 903 44 21 av
1218 893 269 36 anvisningarna
1511 893 50 29 till
1584 893 20 28 4
1628 892 18 37 8
1671 892 72 29 kan

237 947 229 36 skattskyldig
481 947 57 30 vid
555 945 250 37 uppskattning
821 955 43 21 av
879 945 153 30 inkomst
1048 954 42 21 av
1106 945 129 30 rörelse
1251 944 137 36 jämlikt
1406 944 114 29 denna
1538 942 204 36 förordning

237 997 103 36 enligt
359 997 91 30 vissa
469 997 150 36 grunder
639 995 133 31 erhålla
792 996 127 36 avdrag
939 995 57 31 för
1015 1005 24 21 s.
1062 996 31 29 k.
1116 995 155 35 överpris
1290 995 80 29 eller
1390 993 224 30 merkostnad
1623 987 20 50 å
1676 992 65 29 till-

234 1047 88 37 gång
338 1047 54 31 för
409 1047 265 36 stadigvarande
690 1047 100 30 bruk.
808 1046 73 31 Har
897 1046 31 36 ej
946 1046 78 30 hela
1040 1046 56 30 det
1112 1046 10 29 i
1140 1045 283 35 räkenskaperna
1439 1043 122 37 gjorda
1578 1043 165 35 avdraget

237 1098 132 30 kunnat
391 1097 147 31 sålunda
560 1097 204 36 godkännas
786 1097 57 30 vid
863 1095 460 37 inkomstuppskattningen,
1346 1095 71 29 kan
1438 1095 68 29 den
1526 1092 217 32 återstående

236 1149 98 30 delen
350 1158 42 21 av
408 1149 165 35 avdraget
588 1148 107 30 likväl
712 1147 272 36 tillgodoräknas
1000 1147 66 30 den
1083 1145 249 37 skattskyldige
1348 1145 56 30 för
1420 1143 267 37 ifrågavarande
1704 1141 38 32 år

236 1207 122 28 genom
377 1198 211 37 provisorisk
610 1196 274 38 skattepåföring
902 1197 107 36 enligt
1030 1197 36 29 17
1089 1196 18 37 8
1128 1196 88 30 efter
1235 1196 154 36 yrkande
1409 1204 43 21 av
1472 1195 66 29 den
1558 1194 183 35 skattskyl-

236 1250 85 35 dige.
338 1249 73 30 Den
426 1248 234 37 provisoriska
678 1247 319 37 skattepåföringen
1012 1247 86 30 skall
1114 1246 10 30 i
1142 1245 112 37 dylikt
1269 1245 61 31 fall
1345 1254 82 21 avse
1442 1245 57 29 det
1513 1245 137 35 belopp,
1666 1253 76 20 var-

237 1300 79 30 med
338 1299 452 37 krigskonjunkturskatten
813 1298 110 30 skulle
946 1298 91 30 hava
1059 1297 181 35 minskats,
1265 1306 56 21 om
1345 1296 56 30 det
1425 1295 11 29 i
1460 1295 284 35 räkenskaperna

236 1350 120 36 gjorda
376 1350 164 36 avdraget
559 1350 11 29 i
590 1350 53 30 sin
663 1349 117 30 helhet
800 1347 180 37 medgivits
1002 1348 56 30 vid
1077 1347 216 30 inkomstens
1312 1345 259 37 uppskattning.

283 1400 67 31 När
366 1399 188 37 tillgången
571 1400 90 30 visas
678 1400 92 29 hava
786 1398 139 36 nedgått
941 1399 11 30 i
969 1399 104 29 värde
1089 1398 112 30 under
1217 1397 66 36 det,
1301 1396 50 31 till
1369 1396 106 30 vilket
1491 1396 56 29 det
1563 1395 11 29 i
1592 1395 150 30 beskatt-

237 1450 271 37 ningsavseende
526 1450 103 37 enligt
649 1450 116 30 denna
784 1449 204 37 förordning
1007 1448 217 35 nedskrivits,
1244 1446 58 31 må
1322 1446 105 36 enligt
1448 1447 39 29 21
1510 1445 18 37 $
1548 1445 196 31 restitution

239 1502 59 29 ske
319 1511 42 21 av
384 1501 37 31 så
445 1504 71 28 stor
537 1502 53 29 del
613 1510 43 21 av
679 1501 67 30 den
769 1500 225 36 provisoriskt
1016 1498 147 37 påförda
1187 1499 134 29 skatten
1344 1506 75 21 som
1442 1506 119 21 svarar
1581 1499 74 27 mot
1677 1495 66 30 den

237 1551 162 37 påvisade
426 1552 196 36 ytterligare
647 1550 363 36 värdeminskningen.
1036 1549 164 30 Befinnes
1227 1549 55 30 det
1307 1551 49 27 att
1382 1547 59 30 vid
1469 1546 172 37 tidpunkt,
1669 1555 75 20 som

240 1603 191 30 sedermera
450 1602 194 36 fastställes,
663 1600 187 38 tillgången
866 1600 151 37 alltjämt
1034 1600 64 30 har
1114 1602 48 28 ett
1178 1599 107 36 högre
1301 1598 105 30 värde
1423 1599 47 29 än
1487 1598 64 35 det,
1570 1596 51 31 till
1640 1596 106 30 vilket

239 1653 66 30 den
324 1653 10 30 i
354 1653 282 35 räkenskaperna
657 1652 56 30 för
733 1650 311 37 beskattningsåret
1065 1649 218 36 nedskrivits,
1305 1649 87 30 skall
1412 1649 113 29 rätten
1545 1647 50 30 till
1618 1646 127 37 ytterli-

239 1712 80 27 gare
336 1703 194 30 restitution
549 1703 91 30 hava
659 1702 156 31 förfallit.

284 1756 29 29 5.
360 1755 73 31 Har
454 1755 113 37 fartyg
588 1753 83 32 sålts
692 1754 56 30 för
767 1753 104 36 högre
892 1752 71 36 pris
984 1753 44 29 än
1049 1752 55 30 det
1124 1751 10 30 i
1156 1750 410 37 beskattningsavseende
1585 1749 160 37 gällande

240 1806 118 30 värdet
380 1809 87 28 utan
492 1808 48 28 att
565 1806 111 29 under
699 1802 312 37 beskattningsåret
1035 1803 143 30 ersättas
1203 1801 80 30 med
1307 1805 106 27 annat
1438 1800 123 37 fartyg,
1587 1801 159 29 kommer

241 1856 132 30 vinsten
391 1859 50 28 att
461 1856 58 30 vid
537 1856 201 35 taxeringen
758 1854 164 30 inräknas
941 1854 11 29 i
972 1853 197 30 inkomsten
1189 1862 43 21 av
1250 1852 135 34 rörelse,
1406 1851 135 37 medan,
1562 1860 58 21 om
1638 1852 109 28 annat

241 1906 112 37 fartyg
376 1907 112 30 under
512 1915 133 21 samma
669 1905 41 31 år
732 1904 206 36 anskaffats,
964 1904 133 30 vinsten
1121 1903 107 30 oftast
1253 1903 133 30 kunnat
1410 1902 51 30 till
1486 1904 71 28 stor
1580 1901 54 30 del
1659 1909 86 27 upp-

241 1958 102 36 vägas
368 1967 42 21 av
436 1958 129 35 avdrag
589 1956 57 31 för
669 1954 317 37 värdeminskning.
1012 1954 104 30 Avser
1141 1953 152 37 säljaren
1317 1956 48 27 att
1390 1952 57 31 för
1471 1950 276 38 köpeskillingen

241 2008 81 31 eller
340 2007 54 31 del
414 2017 43 21 av
480 2008 112 29 denna
614 2006 166 30 anskaffa
799 2008 74 34 nytt
894 2006 82 29 eller
996 2014 67 27 nya
1082 2003 125 37 fartyg,
1230 2004 69 29 kan
1320 2003 70 30 han
1412 2002 188 31 emellertid
1621 2010 126 28 genom

241 2061 49 27 att
310 2058 44 36 på
374 2058 140 30 särskilt
535 2058 106 30 konto
662 2057 65 30 hos
748 2055 213 31 riksbanken
982 2056 124 29 insätta
1128 2054 57 31 det
1206 2054 134 36 belopp,
1363 2054 72 29 han
1456 2052 145 31 sålunda
1623 2053 125 29 ämnar

241 2109 192 35 disponera,
454 2108 104 36 enligt
579 2108 39 29 18
638 2107 19 37 8
677 2106 130 31 erhålla
825 2107 67 29 rätt
910 2106 52 30 till
980 2105 211 36 provisorisk
1205 2103 162 37 påföring
1378 2113 42 21 av
1432 2102 38 31 så
1484 2106 69 27 stor
1565 2102 181 37 krigskon-

241 2159 239 36 junkturskatt
499 2168 73 21 som
591 2158 142 35 belöper
751 2156 45 37 på
815 2156 65 30 den
899 2156 11 29 i
930 2157 67 29 den
1017 2155 323 36 beskattningsbara
1360 2153 272 30 merinkomsten
1651 2151 95 37 ingå-

241 2210 86 31 ende
346 2210 54 29 del
420 2219 44 20 av
483 2210 55 30 det
557 2209 127 29 insatta
705 2208 169 35 beloppet,
896 2215 76 21 som
992 2205 184 37 överstiger
1197 2205 164 36 fartygets
1381 2203 11 30 i
1412 2203 335 36 beskattningsavse-

242 2260 85 30 ende
343 2259 107 37 enligt
468 2259 113 30 denna
598 2257 206 37 förordning
821 2257 160 36 gällande
999 2256 104 30 värde
1120 2256 59 30 vid
1197 2254 225 38 avyttringen,
1444 2255 32 29 d.
1497 2264 30 20 v.
1547 2263 25 23 s.
1592 2254 80 30 med
1692 2253 56 30 det

243 2308 133 36 belopp,
399 2309 141 29 varmed
564 2307 136 30 skatten
723 2306 109 30 skulle
853 2306 90 30 hava
966 2305 177 35 minskats,
1167 2314 59 20 om
1250 2304 54 30 det
1325 2303 238 36 överstigande
1585 2303 161 36 beloppet

243 2358 170 37 avdragits
435 2358 58 30 vid
512 2356 250 38 uppskattning
783 2365 41 21 av
844 2355 155 31 inkomst
1019 2355 104 36 enligt
1143 2355 114 30 denna
1277 2353 213 37 förordning.

288 2409 76 30 Rätt
385 2409 51 30 till
459 2407 309 32 skatterestitution
787 2406 143 31 erhålles
952 2406 190 30 sedermera
1168 2405 104 35 enligt
1294 2406 38 28 21
1356 2404 18 37 8
1396 2404 10 29 i
1430 2404 66 30 den
1516 2402 81 32 mån
1619 2403 56 30 det
1695 2401 51 30 in-

244 2462 85 28 satta
353 2459 161 36 beloppet
533 2458 176 31 användes
733 2457 54 30 för
805 2456 229 36 anskaffning
1053 2466 41 20 av
1114 2458 108 28 annat
1242 2454 113 37 fartyg
1377 2455 66 29 och
1465 2454 10 30 i
1496 2453 250 35 räkenskaper-
