2307 2741
723 166 85 42 Lag-
819 165 175 34 Utskottets
1024 165 173 36 Utlåtande
1220 167 66 34 N:o
1307 171 52 30 13.
1755 171 39 32 21

942 753 85 50 N:o
1057 753 68 50 13

901 914 76 34 Ank:
999 914 44 30 till
1062 914 103 34 Biksd.
1185 915 106 33 Kansli
1311 915 27 30 d.
1359 920 14 24 ö
1392 915 86 30 Febr.
1500 919 74 32 1867,
1592 916 39 30 kl.
1652 921 14 25 2
1686 927 24 20 e.
1730 928 36 18 m.

441 1011 194 45 Utlåtande,
668 1012 12 35 1
707 1011 192 49 anledning
927 1013 46 48 af
993 1012 126 36 Första
1147 1012 236 37 Kammarens
1409 1013 123 37 remiss
1560 1015 45 49 af
1627 1015 127 37 motion
1781 1029 55 23 om

633 1062 154 48 ändring
827 1062 14 36 i
867 1063 126 48 Kongl.
1025 1063 161 48 Stadgan
1213 1076 54 23 om
1287 1064 380 49 folkundervisningen
1693 1066 14 36 i
1732 1066 103 37 Riket

634 1113 67 36 den
741 1114 45 35 10
830 1113 91 36 Juni
946 1113 98 37 1842
1071 1115 181 48 äfvensom
1279 1115 14 35 r
1318 1115 127 49 Kongl.
1472 1115 270 50 Förordningen
1769 1130 64 23 an-

629 1164 137 48 gående
806 1164 258 48 kyrkostämma
1103 1172 90 29 sant
1231 1165 178 48 kyrkoråd
1436 1167 60 35 och
1523 1167 142 37 skolråd
1692 1168 67 36 den
1786 1169 47 35 21

635 1215 99 35 Mars
763 1214 103 37 1862.

334 1316 55 33 Uti
423 1327 38 21 en
504 1316 33 32 af
575 1317 84 32 Herr
700 1314 36 38 C.
768 1316 179 36 Hasselrot
974 1318 10 31 i
1012 1318 236 34 ofvanberörda
1275 1322 94 30 ämne
1399 1321 98 32 väckt
1524 1321 123 33 motion
1675 1321 58 33 har
1759 1320 73 35 blif-

234 1368 47 32 vit
307 1367 190 42 föreslaget,

335 1416 69 35 ”att
430 1419 188 41 Riksdagen
647 1419 101 34 måtte
777 1421 58 32 hos
864 1420 116 41 Kongl.
1012 1420 94 42 Maj:t
1132 1421 10 31 i
1171 1420 263 43 underdånighet
1461 1421 133 35 anhålla
1620 1433 52 23 om
1691 1424 140 42 ändring

233 1470 8 30 i
284 1471 19 38 $
343 1470 19 31 2
405 1480 95 22 mom.
533 1471 14 30 I
590 1470 33 32 af
653 1471 118 41 Kongl.
803 1471 147 40 Stadgan
977 1481 53 23 om
1056 1471 352 43 folkundervisningen
1434 1473 11 33 i
1472 1474 99 33 Riket
1598 1474 62 33 den
1690 1476 38 32 10
1754 1476 78 32 Juni

238 1521 86 40 1842,
367 1523 49 29 att
455 1523 113 38 pastor
608 1522 27 40 ej
671 1522 85 33 skall
783 1532 78 23 vara
889 1521 221 42 sjelfskrifven
1138 1522 196 34 ordförande
1362 1524 11 32 i
1400 1524 245 42 skolstyrelsen,
1675 1528 80 30 utan
1782 1529 50 30 att

234 1571 109 32 dertill
377 1571 53 32 må
463 1572 88 32 inom
579 1572 170 34 distriktet
775 1576 90 30 utses
894 1573 73 41 den,
996 1583 69 23 som
1094 1574 50 32 till
1172 1574 107 33 denna
1304 1574 187 43 befattning
1519 1586 95 23 anses
1641 1577 191 42 lämpligast

234 1625 85 29 samt
359 1625 49 29 att
442 1623 229 40 kyrkoherden
699 1624 80 33 eller
806 1624 63 32 den
897 1627 178 39 prestman,
1105 1635 68 23 som
1201 1626 82 32 hans
1310 1626 98 33 ställe
1435 1626 193 43 företräder,
1657 1628 96 41 skall,
1783 1628 47 34 så-

234 1682 68 23 som
344 1673 132 32 skolans
516 1674 183 41 inspektor,
728 1685 78 22 vara
834 1674 221 41 sjelfskrifyen
1083 1676 146 33 ledamot
1255 1676 33 32 af
1314 1678 235 40 skolstyrelsen
1577 1679 74 32 med
1677 1682 68 30 rätt
1770 1680 60 32 och

232 1724 190 40 skyldighet
462 1727 48 29 att
549 1725 244 33 vederbörande
834 1726 208 41 myndighets
1069 1726 153 42 pröfning
1251 1727 204 34 underställa
1481 1728 123 34 sådana
1643 1730 187 42 skolstyrel-

234 1784 72 22 sens
334 1775 120 40 beslut,
485 1784 68 23 som
580 1776 64 32 han
672 1775 106 33 finner
805 1776 104 33 strida
935 1780 69 29 mot
1029 1778 55 40 lag
1113 1778 80 32 eller
1220 1779 132 32 skolans
1381 1789 101 33 gagn;
1512 1798 48 4 —
1586 1784 86 29 samt

335 1828 50 29 att
424 1826 200 41 Riksdagen,
660 1827 11 32 i
711 1827 341 34 öfverensstämmelse
1092 1828 144 44 härmed,
1271 1830 77 33 ville
1375 1830 51 33 för
1453 1831 49 33 sin
1530 1831 53 33 del
1609 1832 132 33 besluta
1768 1832 62 33 den

232 1875 191 41 förändring
451 1878 10 30 i
489 1877 117 41 Kongl.
636 1878 248 41 Förordningen
913 1889 51 22 om”
993 1880 255 42 kyrkostämma,
1278 1881 164 41 kyrkoråd
1470 1882 59 32 och
1557 1882 133 33 skolråd
1709 1883 61 32 den
1790 1885 38 31 21

232 1926 87 33 Mars
349 1928 90 40 1862,
469 1931 49 29 att
546 1929 228 40 kyrkoherden
802 1930 81 32 eller
911 1930 62 32 den
1000 1930 81 33 hans
1109 1932 128 31 embete
1265 1931 150 43 förestår,
1445 1933 80 33 eller
1553 1934 63 32 den
1650 1937 177 39 prestman,

233 1988 67 21 som
341 1978 64 32 han
440 1978 111 33 dertill
579 1979 181 42 förordnar,
790 1981 27 40 ej
848 1981 84 32 skall
960 1991 77 23 vara
1065 1981 221 42 sjelfskrifven
1315 1983 194 33 ordförande
1536 1985 11 31 i
1575 1984 142 43 skolråd,
1749 1988 79 30 utan

233 2032 50 29 att
322 2029 111 32 dertill
474 2030 52 31 må
566 2031 87 32 inom
694 2032 244 32 skoldistriktet
977 2035 90 30 utses
1108 2033 72 39 den,
1210 2043 68 23 som
1306 2035 53 31 till
1386 2035 108 33 denna
1519 2035 186 42 befattning
1733 2047 95 23 anses

233 2077 222 43 lämpligast."

335 2131 115 37 Denna
490 2133 123 32 motion
654 2133 58 32 har
745 2133 33 32 af
803 2134 118 33 Första
947 2134 196 34 Kammaren
1169 2135 112 34 blifvit
1308 2137 50 32 till
1386 2137 274 41 Lag-Utskottets
1687 2139 142 33 behand-

234 2181 68 41 ling
331 2182 232 33 öfverlemnad.
617 2184 75 32 Men
721 2188 79 29 enär
827 2185 62 32 den
917 2185 139 33 sålunda
1082 2187 121 32 väckta
1229 2186 117 43 frågan
1373 2188 73 33 icke
1474 2192 36 29 är
1537 2192 50 30 att
1612 2190 138 33 hänföra
1776 2192 51 32 till

233 2232 122 32 allmän
389 2233 99 42 civil-,
531 2234 166 33 kriminal-
725 2236 81 32 eller
832 2237 172 41 kyrkolag,
1033 2240 86 30 samt
1146 2238 62 32 den
1236 2239 255 42 omständighet,
1521 2243 59 39 att,
1605 2241 133 40 jemlikt
1765 2242 61 33 den
