1916 2792
317 135 18 29 2
473 134 122 30 Första
613 134 204 31 kammarens
834 132 158 40 första
1011 134 172 39 tillfälliga
1200 136 142 30 utskotts
1361 135 171 32 utlåtande
1551 146 41 20 nr
1610 139 28 28 3.

316 246 85 26 samt
420 241 57 30 hos
498 240 286 39 departementens
805 241 319 38 expeditionschefer
1145 241 79 32 eller
1244 242 229 31 motsvarande
1495 242 303 39 chefstjänstemän.

318 294 63 30 Det
402 294 58 31 bör
480 295 83 30 även
585 294 126 31 erinras
730 305 51 20 om
801 298 51 28 att
873 294 84 32 flera
976 295 106 37 kårer,
1104 299 23 27 t.
1150 305 47 21 ex.
1219 295 267 38 akademistaten,
1509 297 102 31 sakna
1631 307 83 27 egna
1734 297 65 31 tid-

315 347 229 38 skriftsorgan.
568 348 49 30 De
639 347 145 32 centrala
804 348 122 31 verken
946 349 94 31 torde
1061 348 191 40 visserligen
1274 349 94 32 också
1390 350 11 30 i
1423 349 178 32 allmänhet
1624 350 84 38 följa
1730 351 66 31 frå-

315 410 59 28 gor
396 410 40 20 av
457 401 110 30 denna
589 404 53 28 art
664 411 72 21 men
757 402 94 30 torde
874 401 69 31 icke
965 402 95 31 alltid
1083 403 90 38 sörja
1195 403 53 30 för
1271 413 39 21 en
1333 403 216 38 publicering,
1572 402 225 33 innebärande

315 463 40 21 en
379 454 211 38 fortlöpande
613 454 191 39 delgivning
827 456 34 30 åt
884 455 228 31 underställda
1134 466 103 28 organ
1261 456 79 31 eller
1363 456 336 39 befattningshavare.
1724 456 72 32 Vis-

314 506 141 39 serligen
476 507 219 31 förekommer
715 508 94 31 också
830 518 41 21 en
892 508 166 31 informell
1081 509 282 31 kommunikation
1385 509 118 32 mellan
1527 510 268 39 departementen

314 560 59 30 och
391 560 230 32 underställda
639 561 78 31 verk
734 561 59 32 och
813 561 238 39 myndigheter,
1072 573 73 20 men
1165 567 46 27 ett
1230 563 107 38 dylikt
1356 564 70 38 slag
1445 574 41 20 av
1504 564 201 40 delgivning,
1725 565 70 31 ofta

315 613 10 30 i
344 614 141 38 muntlig
503 614 97 37 form,
618 614 94 32 torde
729 615 69 31 icke
815 615 11 31 i
844 616 65 30 alla
926 616 182 31 avseenden
1125 626 80 22 vara
1224 617 63 31 den
1305 617 217 38 lämpligaste.

356 667 64 32 Det
442 677 96 28 synes
560 668 156 31 önskvärt
738 672 49 28 att
809 679 41 21 en
872 679 88 22 mera
982 669 225 39 kontinuerlig
1229 671 205 39 upplysning
1455 681 51 21 om
1529 672 124 38 Kungl.
1676 673 121 38 Maj:ts

313 720 105 31 beslut
437 721 43 38 på
498 720 62 32 här
578 721 139 31 berörda
736 722 156 31 områden
911 722 109 32 kunde
1040 722 270 33 tillhandahållas
1330 724 230 38 myndigheter
1580 725 60 31 och
1660 725 134 31 allmän-

312 773 56 31 het
386 783 115 29 genom
519 784 41 21 en
579 773 212 40 rutinmässig
809 775 192 40 delgivning
1017 786 42 21 av
1077 776 184 34 materialet
1279 776 53 32 till
1351 777 267 32 facktidskrifter
1636 779 59 31 och
1713 780 82 38 jäm-

311 827 120 31 ställda
448 837 104 29 organ
570 828 80 31 eller
667 828 151 39 lämpligt
835 829 234 39 specialorgan.
1091 831 53 30 En
1162 830 100 32 sedan
1280 832 81 30 1938
1379 832 188 31 utkommen
1585 832 209 39 publikation

311 881 368 39 Förvaltningsrättslig
704 882 162 39 Tidskrift
892 883 100 38 fyller
1015 884 103 31 redan
1142 894 42 21 en
1207 885 64 31 viss
1295 885 138 38 uppgift
1457 886 11 30 i
1491 886 62 31 här
1575 886 140 31 berörda
1739 897 55 21 av-

312 934 117 31 seende
451 934 58 31 och
531 935 97 31 torde
649 934 112 32 kunna
783 936 128 32 komma
933 937 11 30 i
966 937 129 31 åtanke.
1119 938 116 31 Likväl
1257 938 68 31 låta
1346 939 51 39 sig
1419 940 83 30 även
1525 939 106 32 andra
1654 941 141 37 utvägar

309 987 126 32 tänkas.
452 986 60 32 Ett
526 989 154 31 närmare
693 988 201 32 bedömande
908 990 174 39 härvidlag
1096 992 95 31 torde
1205 992 78 31 böra
1297 992 172 32 ankomma
1483 994 44 38 på
1540 994 124 37 Kungl.
1680 993 112 39 Maj:t.

354 1042 16 29 I
398 1042 102 31 likhet
527 1042 76 32 med
630 1043 203 32 motionären
861 1044 112 32 finner
999 1046 170 37 utskottet,
1197 1049 50 28 att
1275 1046 56 31 det
1358 1047 90 31 såväl
1478 1047 52 32 för
1558 1047 235 39 förvaltnings-

311 1095 283 39 myndigheterna,
627 1097 11 30 i
672 1097 104 32 första
807 1097 90 32 hand
929 1098 163 32 måhända
1126 1099 273 39 länsstyrelserna
1429 1101 61 31 och
1522 1102 40 31 de
1583 1101 209 32 kommunala

310 1149 284 38 myndigheterna,
615 1161 68 20 som
702 1151 53 31 för
775 1151 220 32 allmänheten
1014 1152 66 31 kan
1100 1155 62 36 äga
1181 1157 47 28 ett
1248 1154 186 38 betydande
1455 1156 101 31 värde
1576 1156 58 30 och
1656 1156 137 31 intresse

310 1205 50 28 att
384 1202 123 32 erhålla
532 1203 183 32 kännedom
739 1215 52 21 om
815 1216 41 20 av
880 1206 186 39 Konungen
1091 1207 12 31 i
1126 1207 179 33 statsrådet
1329 1208 129 32 fattade
1482 1208 116 38 beslut,
1624 1208 133 32 särskilt
1781 1209 12 30 i

309 1255 269 33 administrativa
601 1258 206 38 besvärsmål,
833 1259 174 39 fullföljda
1030 1260 53 31 till
1107 1261 124 38 Kungl.
1256 1262 113 37 Maj:t.

352 1311 175 38 Utskottet,
552 1322 70 21 som
645 1312 190 31 instämmer
858 1313 12 31 i
893 1314 181 31 motionens
1098 1314 164 31 allmänna
1287 1315 97 38 syfte,
1411 1315 55 31 får
1489 1316 98 31 alltså
1610 1316 180 38 hemställa,

644 1424 49 27 att
716 1420 105 31 första
844 1420 189 32 kammaren
1056 1421 54 31 för
1132 1421 51 31 sin
1207 1421 52 31 del
1282 1422 78 31 ville
1381 1422 137 38 besluta,
1542 1426 50 28 att
1615 1423 176 39 riksdagen

601 1473 11 30 i
633 1473 153 32 skrivelse
805 1474 54 32 till
879 1474 122 39 Kungl.
1023 1475 105 38 Maj:t
1148 1476 101 31 måtte
1270 1475 180 39 hemställa,
1472 1480 50 27 att
1541 1477 124 39 Kungl.
1686 1478 105 37 Maj:t

601 1526 76 32 ville
695 1531 76 34 taga
788 1527 107 31 under
913 1529 227 38 övervägande
1158 1529 11 30 i
1187 1530 63 31 vad
1268 1530 76 30 mån
1361 1530 205 39 Konungens
1583 1531 11 30 i
1612 1531 179 31 statsrådet

602 1581 124 31 fattade
755 1581 107 31 beslut
890 1581 109 32 kunde
1028 1581 136 40 bringas
1191 1583 53 30 till
1273 1582 122 32 allmän
1423 1583 195 39 kännedom,
1648 1584 59 32 och
1737 1585 53 31 för

600 1634 174 39 riksdagen
800 1635 185 39 framlägga
1009 1636 40 31 de
1075 1636 134 39 förslag,
1235 1647 66 21 som
1326 1636 103 32 härav
1453 1638 113 32 kunna
1590 1638 198 31 föranledas.

351 1740 187 32 Stockholm
561 1741 65 32 den
649 1742 20 30 4
690 1751 86 22 mars
799 1743 90 30 1947.

841 1849 48 31 På
910 1849 177 32 utskottets
1108 1850 143 38 vägnar:

788 1955 196 32 WERNER
1005 1954 293 34 SÖDERKVIST.

344 2141 235 31 Närvarande:
594 2141 116 32 herrar
727 2141 200 40 Söderkvist,
944 2144 160 39 Näsgård,
1122 2144 142 39 Arrhén,
1281 2145 140 39 Nilsson,
1440 2146 164 38 Hjalmar,
1624 2146 163 39 Olofsson,

303 2188 149 38 Widner,
471 2188 177 32 Petersson
666 2189 59 31 och
743 2189 149 37 Persson,
913 2189 92 32 Karl.

751 2544 86 22 Caslon
854 2544 71 22 Press
943 2545 168 26 Boktryckeri,
1128 2544 134 22 Stockholm
1279 2546 53 21 1947
