1902 2778
278 131 18 29 2
595 136 388 34 Jordbruksutskottets
1005 142 178 32 utlåtande
1203 155 43 20 nr
1268 147 39 29 17
1327 147 39 30 år
1387 149 84 30 1956

280 214 303 40 narpsinstitutets
613 218 105 41 högre
749 222 222 39 mejerikurs.
1002 225 110 31 Dessa
1143 228 146 39 avgifter
1320 230 174 32 beräknas
1526 233 54 30 för
1610 235 171 41 budgetår

279 264 115 40 uppgå
412 266 53 29 till
483 269 232 40 sammanlagt
736 272 14 29 1
769 272 61 30 123
847 274 195 39 respektive
1059 276 62 31 500
1138 278 139 31 kronor.
1296 280 14 29 I
1327 282 204 41 anslutning
1549 284 119 32 härtill
1684 286 96 31 hem-

279 314 117 30 ställer
413 317 304 38 studentkårerna,
735 323 50 27 att
802 322 11 29 i
831 323 191 31 riksstaten
1039 326 55 30 för
1109 327 205 40 budgetåret
1332 332 148 36 1956/57
1500 335 89 29 skall
1607 338 170 39 upptagas

278 365 129 40 anslag,
432 375 76 22 som
531 368 184 41 möjliggör
737 373 249 31 avskaffandet
1009 385 43 20 av
1073 377 101 31 dessa
1196 380 157 39 avgifter.

319 440 373 43 Lantbruksstyrelsen
712 446 64 30 har
794 448 11 29 i
823 449 289 41 remissyttrande
1131 455 78 29 med
1227 456 188 42 anledning
1434 468 41 21 av
1495 460 282 42 institutsstyrel-

276 498 79 22 sens
373 492 156 31 äskande
551 494 188 42 föreslagit,
759 499 51 29 att
829 500 156 40 anslaget
1005 502 89 30 skall
1113 504 85 33 ökas
1218 507 78 29 med
1318 507 18 30 2
1351 507 63 32 200
1435 509 131 31 kronor
1585 512 51 30 till
1659 513 39 30 18
1713 514 62 30 000

274 540 140 32 kronor.

315 641 394 45 Departementschefen
729 647 64 31 har
813 649 118 31 anfört
951 651 169 41 följande.

318 717 139 40 >Någon
476 721 224 42 uppräkning
721 733 43 21 av
781 725 161 41 beloppet
961 729 53 29 till
1035 730 210 34 studieresor
1264 743 102 21 anser
1384 736 60 39 jag
1466 737 69 40 mig
1555 739 76 30 icke
1651 741 122 30 kunna

271 766 185 41 tillstyrka.
475 770 66 40 Jag
560 772 37 29 är
615 772 76 31 icke
708 774 109 31 heller
834 776 129 32 beredd
982 780 50 28 att
1050 780 142 32 förorda
1211 783 114 40 någon
1343 785 123 40 åtgärd
1485 789 79 29 med
1583 790 188 42 anledning

269 826 44 22 av
340 819 311 34 studentkårernas
679 824 131 41 förslag
834 835 57 21 om
917 829 233 32 avskaffande
1177 842 41 21 av
1244 834 42 29 de
1312 835 251 40 obligatoriska
1588 840 183 41 elevavgif-

268 868 109 35 terna,
409 869 106 32 såvitt
544 873 106 38 gäller
677 874 489 44 jordbruksdepartementets
1196 885 397 35 verksamhetsområde.
1624 892 146 31 Föreva-

268 919 107 30 rande
401 920 123 41 anslag
552 923 96 30 torde
675 925 148 31 sålunda
847 927 85 31 böra
957 930 170 39 uppföras
1152 934 79 29 med
1257 935 206 32 oförändrat
1487 939 136 41 belopp,
1652 942 38 30 15
1705 942 64 32 800

267 967 159 32 kronor.»

311 1044 185 33 Utskottet.
519 1047 120 31 Såsom
660 1049 155 42 framgår
838 1062 41 22 av
902 1054 57 30 det
980 1055 208 41 föregående
1209 1061 135 39 uttages
1366 1062 54 31 för
1442 1066 218 31 närvarande
1683 1068 84 31 obli-

265 1094 178 37 satoriska
469 1096 222 42 elevavgifter
717 1101 58 30 vid
800 1102 45 30 bl.
872 1113 30 20 a.
929 1106 371 42 veterinärhögskolan
1326 1113 65 29 och
1418 1113 347 43 Alnarpsinstitutets

264 1143 106 40 högre
398 1146 223 40 mejerikurs.
647 1150 110 31 Dessa
784 1153 148 39 avgifter
958 1156 103 39 utgår
1086 1158 57 30 vid
1170 1159 194 41 högskolan
1390 1163 12 29 i
1429 1164 93 31 form
1549 1176 42 20 av
1616 1167 150 33 inskriv-

263 1193 117 41 nings-
404 1196 67 30 och
498 1201 315 40 examensavgifter
838 1206 91 28 samt
953 1206 58 30 vid
1037 1206 175 34 institutet
1237 1211 116 31 såsom
1381 1214 119 40 övriga
1526 1217 158 39 avgifter.
1711 1220 54 30 In-

261 1242 161 33 komsten
444 1256 44 21 av
509 1248 266 40 ifrågavarande
794 1253 149 40 avgifter
964 1255 218 34 beräknades
1203 1260 55 31 för
1279 1261 205 42 budgetåret
1508 1267 147 37 1954/55
1677 1279 87 32 upp-

261 1293 42 39 gå
322 1295 52 29 till
392 1298 235 40 sammanlagt
646 1301 14 30 1
679 1301 61 31 123
760 1304 194 39 respektive
974 1306 66 31 500
1056 1308 141 33 kronor.
1215 1312 50 31 De
1284 1312 197 40 inflytande
1498 1316 172 42 beloppen
1690 1321 73 30 står

259 1343 58 31 vid
345 1345 197 40 högskolan
571 1349 52 30 till
651 1351 134 32 dennas
815 1353 218 42 förfogande,
1063 1360 126 30 medan
1219 1362 41 29 de
1290 1362 58 31 vid
1377 1365 176 32 institutet
1582 1369 178 32 redovisas

260 1394 115 31 såsom
392 1396 118 32 intäkt
528 1398 12 30 i
559 1399 200 34 riksstaten.

303 1446 13 29 I
332 1447 220 32 motionerna
569 1452 28 29 I:
614 1451 62 31 243
692 1453 65 30 och
774 1455 45 29 II:
836 1455 61 31 547
915 1459 92 28 samt
1023 1458 29 30 I:
1068 1458 63 32 423
1148 1461 64 29 och
1229 1462 45 31 II:
1290 1463 62 31 515
1368 1465 65 29 har
1447 1467 132 39 yrkats,
1596 1471 50 28 att
1662 1479 99 31 nyss-

257 1496 153 32 nämnda
431 1499 149 40 avgifter
599 1502 89 31 skall
707 1504 181 32 avskaffas
908 1508 65 29 och
993 1510 51 28 att
1065 1509 193 34 institutets
1280 1514 296 44 stipendieanslag
1595 1520 53 31 till
1669 1521 90 40 följd

256 1545 108 33 härav
387 1548 90 31 skall
501 1553 203 38 uppräknas
728 1556 79 29 med
831 1556 62 32 500
918 1558 132 30 kronor
1076 1560 54 31 för
1154 1564 51 28 att
1230 1564 102 30 täcka
1356 1566 67 30 den
1447 1567 235 34 bortfallande
1708 1572 51 29 in-

256 1596 129 32 täkten.
405 1599 78 31 Med
502 1602 189 42 anledning
708 1604 110 31 härav
834 1607 60 30 vill
912 1609 173 31 utskottet
1104 1612 115 31 erinra
1238 1623 57 20 om
1316 1617 50 28 att
1385 1618 261 33 statsutskottet
1665 1622 12 29 i
1698 1622 60 31 sitt

254 1647 180 32 utlåtande
456 1660 42 20 nr
521 1652 40 30 55
582 1652 189 34 behandlat
793 1658 206 31 motionsvis
1024 1660 196 33 framförda
1240 1665 184 39 yrkanden
1445 1677 57 21 om
1524 1671 233 32 avskaffande

254 1706 42 21 av
320 1698 242 34 kvarvarande
587 1703 222 42 elevavgifter
834 1708 57 30 vid
916 1709 251 34 universiteten
1193 1715 65 29 och
1282 1716 93 31 vissa
1400 1718 199 40 högskolor.
1625 1722 130 32 Därvid

252 1747 66 30 har
337 1751 262 32 statsutskottet
618 1754 195 33 framhållit
830 1758 45 30 bl.
896 1768 40 26 a.,
957 1762 51 28 att
1028 1762 107 40 enligt
1153 1765 188 32 utskottets
1361 1769 142 40 mening
1523 1772 118 31 starka
1660 1774 95 39 prin-

252 1797 135 41 cipiella
409 1802 78 30 skäl
508 1803 91 30 talar
619 1805 54 30 för
694 1806 102 31 dessa
819 1809 166 40 avgifters
1006 1811 239 42 borttagande.
1267 1816 65 31 Det
1353 1817 65 31 har
1440 1821 192 32 emellertid
1655 1827 98 36 synts

253 1850 260 32 statsutskottet
542 1854 220 42 erforderligt
790 1860 50 29 att
869 1868 125 31 genom
1022 1863 258 33 vederbörande
1310 1868 238 33 universitets-
1578 1873 65 30 och
1671 1874 82 41 hög-

251 1898 362 44 skolemyndigheters
630 1905 137 42 försorg
786 1910 162 31 närmare
968 1913 189 40 utredning
1175 1915 217 42 förebringas
1411 1921 149 31 rörande
1578 1923 173 42 ifrågava-

248 1950 108 30 rande
376 1953 184 38 spörsmål,
579 1956 241 33 innefattande
839 1960 106 31 bland
965 1965 109 28 annat
1092 1965 148 40 uppgift,
1259 1967 175 33 huruvida
1452 1973 48 28 ett
1518 1973 233 33 avskaffande

248 2008 43 21 av
312 2002 105 39 sagda
441 2004 150 39 avgifter
611 2006 70 30 kan
704 2008 116 31 såsom
842 2010 270 42 kompensation
1134 2015 54 30 för
1210 2016 336 36 inkomstbortfallet
1568 2024 182 33 föranleda

246 2049 112 32 behov
380 2062 42 21 av
443 2056 225 41 uppräkning
691 2060 84 28 utav
796 2060 327 41 ifrågakommande
1146 2068 131 39 anslag.
1303 2069 265 34 Statsutskottet
1592 2075 64 30 har
1680 2076 70 31 för-

246 2102 119 34 utsatt,
386 2105 50 28 att
456 2106 155 30 nämnda
630 2109 187 41 utredning
834 2112 206 31 verkställes
1060 2115 11 29 i
1091 2117 169 31 samband
1280 2121 79 29 med
1380 2122 258 34 vederbörande
1660 2127 89 31 läro-

246 2152 116 30 sätens
378 2154 414 45 petitaframställningar
811 2161 55 30 för
882 2162 206 41 budgetåret
1107 2167 158 36 1957/58,
1286 2170 37 31 så
1340 2173 50 28 att
1407 2172 126 42 Kungl.
1552 2176 106 40 Maj:t
1676 2178 71 30 kan

245 2200 55 31 för
318 2202 81 31 1957
417 2204 57 30 års
493 2206 144 41 riksdag
653 2209 194 42 framlägga
864 2212 132 41 förslag
1012 2214 11 29 i
1041 2216 127 31 ämnet.

288 2252 49 32 De
354 2256 230 38 synpunkter,
603 2267 75 21 som
694 2261 261 32 statsutskottet
972 2265 128 37 anfört,
1117 2268 94 30 delas
1229 2279 42 21 av
1286 2270 375 43 jordbruksutskottet,
1680 2279 65 29 och

243 2301 44 30 då
306 2311 42 21 en
367 2303 182 43 likformig
568 2307 212 43 behandling
797 2321 44 20 av
859 2312 267 41 ifrågavarande
1147 2319 222 39 elevavgifter
1388 2324 39 29 är
1446 2325 176 33 önskvärd
1641 2337 103 21 anser

241 2351 375 43 jordbruksutskottet,
642 2360 51 29 att
718 2361 154 31 nämnda
899 2366 219 39 synpunkter
1142 2367 62 31 bör
1227 2378 84 23 vara
1334 2374 213 38 vägledande
1574 2378 87 30 även
1684 2378 58 30 vid

240 2400 211 44 bedömning
473 2415 43 20 av
537 2407 40 30 de
599 2407 10 29 i
631 2407 228 36 förevarande
882 2414 173 31 motioner
1077 2416 195 33 framförda
1293 2422 215 38 yrkandena.
1530 2427 212 31 Jordbruks-
