1848 2778
258 209 18 30 2
569 209 125 39 Tredje
719 210 245 39 lagutskottets
989 208 179 31 utlåtande
1193 218 42 21 nr
1257 209 20 30 8
1300 209 40 30 år
1365 209 81 30 1961

261 294 53 29 Nu
339 292 160 41 gällande
524 293 262 30 bestämmelser

307 352 68 30 För
402 352 41 30 de
470 352 215 39 stadganden
711 352 12 29 i
749 352 98 39 lagen
875 361 56 20 om
959 351 376 34 fiskevårdsområden,
1360 351 97 30 vilka
1481 351 66 30 här
1572 352 40 29 är
1638 359 43 22 av
1705 350 53 31 in-

264 404 119 32 tresse,
415 403 64 29 och
509 402 55 30 för
592 403 330 30 bestämmelsernas
953 402 172 30 tillkomst
1154 402 136 30 lämnas
1320 410 43 21 en
1393 401 218 40 redogörelse
1642 401 20 30 å
1693 401 63 30 sid.

263 451 84 31 3—5
368 453 11 30 i
401 452 271 40 propositionen.
696 453 77 30 Med
795 452 209 40 hänvisning
1026 452 52 30 till
1100 452 116 30 denna
1238 452 215 39 redogörelse
1475 452 71 30 kan
1567 452 66 29 här
1655 459 105 32 anges

262 502 147 30 allenast
433 502 164 41 följande.

307 551 120 32 Såsom
449 552 212 40 huvudregel
682 553 58 30 vid
762 552 161 31 bildande
944 562 43 20 av
1006 552 342 41 fiskevårdsområde
1370 553 116 39 gäller,
1508 554 51 29 att
1581 553 180 39 samtycke

264 603 88 30 skall
379 603 166 40 föreligga
571 604 167 39 antingen
764 603 79 30 från
869 604 169 39 delägare,
1066 612 74 23 som
1167 603 194 30 företräder
1386 612 75 21 mer
1486 604 45 29 än
1556 603 137 30 hälften
1720 612 42 21 av

264 653 317 40 delaktighetstalet
607 653 66 30 och
699 653 112 30 tillika
836 654 102 39 utgör
964 654 108 29 minst
1098 663 44 20 en
1168 653 169 40 tredjedel
1363 663 42 21 av
1432 653 131 31 antalet
1589 653 172 40 delägare,

263 702 82 31 eller
365 702 82 33 från
466 703 169 40 delägare,
657 713 75 21 som
752 704 101 39 utgör
873 712 75 22 mer
969 704 44 29 än
1033 703 103 31 halva
1157 704 132 30 antalet
1309 703 160 41 delägare
1490 703 65 31 och
1575 704 114 30 tillika
1711 704 50 30 fö-

264 753 156 30 reträder
446 753 107 32 minst
579 763 44 21 en
649 753 168 40 tredjedel
845 763 43 21 av
913 754 320 40 delaktighetstalet
1264 753 36 35 (6
1329 753 16 38 8
1375 754 111 30 första
1514 754 168 40 stycket).
1709 754 53 30 Då

264 802 99 41 fråga
380 804 39 29 är
435 813 56 20 om
509 803 99 36 fiske,
627 813 76 21 som
721 804 63 29 hör
801 804 51 30 till
870 804 147 30 allenast
1034 813 43 21 en
1095 804 167 40 fastighet
1278 804 66 31 och
1360 804 31 40 ej
1412 806 137 29 ensamt
1566 804 57 31 för
1640 804 53 40 sig
1709 806 54 29 ut-

264 854 60 38 gör
349 863 43 20 en
418 853 175 42 fastighet,
619 854 124 30 räcker
769 854 56 30 det
851 854 191 30 emellertid
1069 855 80 30 med
1176 854 178 40 samtycke
1381 854 80 31 från
1486 864 75 21 mer
1587 855 45 30 än
1658 855 104 30 halva

263 903 132 31 antalet
420 903 157 41 delägare
603 904 84 30 eller
710 914 42 21 av
776 904 159 40 delägare
960 904 93 31 vilka
1078 904 194 31 företräder
1296 914 74 23 mer
1395 905 45 30 än
1464 904 136 31 hälften
1626 914 43 21 av
1692 905 70 30 del-

263 952 260 41 aktighetstalet
548 954 36 34 (6
607 954 16 37 $
645 954 111 31 andra
777 954 168 40 stycket).

307 1002 67 31 För
388 1004 188 30 rösträtten
593 1004 95 30 inom
703 1003 340 41 fiskevårdsområde
1059 1006 109 40 gäller
1182 1005 192 31 emellertid
1390 1014 135 22 samma
1539 1006 112 40 regler
1665 1005 97 31 inom

265 1053 68 31 alla
358 1054 74 40 slag
458 1063 41 21 av
524 1054 178 30 områden.
729 1055 115 39 Enligt
869 1055 241 40 huvudregeln
1141 1055 36 35 (9
1206 1055 16 38 8
1250 1056 110 30 första
1387 1056 152 40 stycket)
1570 1056 109 40 gäller
1703 1056 59 30 vid

263 1103 218 41 omröstning
500 1105 99 29 enkel
619 1104 189 40 majoritet,
827 1105 127 30 räknat
973 1105 87 31 efter
1079 1106 217 30 huvudtalet.
1316 1106 134 31 Endast
1468 1106 12 30 i
1499 1106 94 30 vissa
1612 1106 151 40 angivna

263 1152 118 41 frågor
402 1154 123 30 kräves
545 1154 72 31 viss
639 1155 202 40 anslutning
863 1155 10 30 i
895 1155 223 41 delaktighet.
1142 1156 14 29 I
1178 1156 108 40 några
1307 1156 62 30 fall
1391 1156 124 31 kräves
1538 1157 224 39 enhällighet.

263 1203 247 41 Huvudregeln
531 1214 56 20 om
608 1204 160 41 röstning
789 1205 88 30 efter
897 1205 170 31 huvudtal
1089 1206 72 32 kan
1183 1206 191 30 emellertid
1396 1207 110 30 sättas
1527 1216 42 20 ur
1590 1207 97 30 kraft
1709 1216 54 32 ge-

264 1261 81 22 nom
366 1253 115 31 beslut
502 1264 41 21 av
563 1254 200 40 delägarna,
786 1264 74 21 som
883 1255 132 31 således
1038 1256 113 39 själva
1172 1256 71 30 kan
1264 1256 195 31 bestämma
1480 1257 210 40 exempelvis
1713 1259 49 29 att

264 1303 204 40 röstningen
489 1304 88 31 skall
599 1305 61 30 ske
681 1305 88 30 efter
789 1306 224 40 delaktighet.
1034 1306 129 31 Härför
1183 1307 124 30 kräves
1328 1307 90 30 dock
1442 1307 38 34 (9
1501 1307 16 37 8
1539 1307 114 40 tredje
1674 1310 89 38 styc-

263 1353 75 36 ket)
362 1353 213 41 enhällighet
593 1355 94 36 eller,
707 1355 45 30 då
771 1355 148 30 beslutet
939 1356 106 30 fattas
1071 1356 5 30 i
1097 1356 171 31 samband
1287 1357 79 30 med
1386 1357 376 31 fiskevårdsområdets

263 1402 175 38 bildande,
456 1406 51 29 att
524 1405 205 41 anslutning
747 1405 183 40 föreligger
948 1406 11 29 i
977 1406 91 30 form
1088 1415 43 22 av
1148 1415 43 22 en
1210 1407 109 32 sådan
1336 1407 229 31 kvalificerad
1583 1408 179 40 majoritet

264 1461 75 22 som
360 1454 107 40 enligt
487 1455 19 29 6
529 1455 14 37 8
565 1455 112 39 första
698 1456 135 39 stycket
853 1456 124 31 kräves
998 1457 55 29 för
1075 1459 51 28 att
1147 1457 341 31 fiskevårdsområde
1510 1458 88 31 skall
1620 1458 143 31 komma

264 1503 52 30 till
337 1504 114 30 stånd.

263 1587 276 41 Framställning
563 1588 81 40 från
673 1589 248 40 länsstyrelsen
949 1590 11 30 i
985 1590 223 31 Stockholms
1235 1591 57 30 län

308 1646 13 29 I
339 1655 45 21 en
401 1646 54 30 till
474 1647 124 40 Kungl.
618 1647 107 40 Maj:t
743 1648 116 30 riktad
879 1648 261 41 framställning
1158 1650 65 30 har
1241 1650 248 40 länsstyrelsen
1509 1650 11 30 i
1536 1650 224 31 Stockholms

265 1696 56 30 län
346 1697 144 35 anmält,
514 1699 51 28 att
589 1697 269 32 förhållandena
880 1699 97 30 inom
1000 1699 94 31 vissa
1117 1700 99 30 delar
1238 1709 43 21 av
1303 1700 220 31 Stockholms
1547 1703 92 37 yttre
1662 1701 99 31 skär-

264 1746 85 39 gård
370 1747 77 30 icke
467 1757 80 21 vore
568 1748 11 29 i
601 1748 68 30 allo
692 1748 323 32 tillfredsställande
1036 1750 45 40 på
1103 1750 125 30 fiskets
1250 1751 150 30 område.
1423 1752 66 31 Det
1512 1751 105 31 fanns
1639 1751 122 31 visser-

264 1796 91 39 ligen
381 1797 187 41 anledning
592 1800 52 29 att
668 1799 116 36 vänta,
809 1802 50 27 att
883 1800 100 39 lagen
1008 1809 56 21 om
1090 1800 367 31 fiskevårdsområden
1483 1802 112 30 skulle
1620 1802 144 30 komma

266 1848 50 28 att
342 1847 11 29 i
380 1847 176 40 åtskilliga
582 1848 225 31 hänseenden
834 1850 244 30 åstadkomma
1106 1851 216 30 förbättrade
1349 1851 257 36 förhållanden,
1634 1851 127 32 främst

264 1897 11 29 i
293 1896 102 40 fråga
416 1907 57 20 om
492 1899 42 29 de
556 1899 175 30 särskilda
751 1900 306 39 skärgårdsfisken
1078 1910 76 21 som
1175 1901 123 40 avsågs
1318 1901 11 30 i
1350 1901 20 31 6
1392 1901 17 38 8
1431 1902 112 30 andra
1563 1902 136 40 stycket
1720 1912 43 21 av

264 1947 111 40 lagen.
400 1948 52 30 Då
475 1957 81 21 man
579 1949 11 30 i
614 1950 67 29 den
706 1959 69 30 nya
797 1950 101 40 lagen
919 1951 140 30 införde
1080 1951 230 40 möjligheten
1333 1953 51 29 att
1408 1952 353 35 fiskevårdsområde,

265 1999 64 29 när
352 1998 58 30 det
434 1999 110 39 gällde
568 2008 48 21 nu
640 1999 268 40 ifrågavarande
931 2001 215 40 fastigheter,
1171 2002 113 31 skulle
1307 2002 122 30 kunna
1452 2002 112 31 bildas
1588 2003 80 30 med
1691 2003 70 40 läg-

266 2057 35 20 re
327 2048 88 30 krav
440 2049 44 39 på
509 2050 204 39 anslutning
739 2052 44 29 än
808 2051 113 39 eljest,
947 2054 117 37 syntes
1088 2052 92 30 dock
1206 2052 265 31 konsekvensen
1496 2052 47 31 ha
1566 2053 118 40 bjudit
1711 2055 51 29 att

265 2098 11 30 i
304 2099 102 30 dessa
431 2099 63 30 fall
521 2100 106 30 också
653 2100 68 30 den
747 2101 179 39 majoritet
954 2111 73 21 som
1054 2101 179 32 erfordras
1260 2102 54 31 för
1340 2104 52 29 att
1418 2102 343 32 fiskevårdsområde

268 2149 88 30 skall
384 2150 142 30 komma
553 2150 52 30 till
634 2151 103 30 stånd
766 2152 99 34 skall,
891 2161 59 21 om
978 2153 67 29 den
1073 2153 39 30 så
1138 2153 142 35 önskar,
1307 2153 122 31 kunna
1457 2154 227 39 genomdriva
1709 2156 52 28 att

266 2200 190 30 rösträtten
480 2200 173 32 beräknas
679 2201 46 40 på
751 2204 106 28 annat
885 2204 69 28 sätt
980 2204 44 29 än
1050 2202 88 31 efter
1164 2204 216 29 huvudtalet.

308 2250 76 30 Den
405 2252 162 29 närmare
587 2251 253 40 motiveringen
863 2252 55 30 för
939 2253 270 40 länsstyrelsens
1230 2254 210 30 hemställan
1461 2254 172 31 refereras
1655 2255 20 30 å
1696 2254 66 32 sid.

266 2300 19 29 6
310 2300 11 29 i
348 2301 273 40 propositionen.

264 2384 267 39 Propositionen

314 2443 395 39 Departementschefen
739 2463 45 3 —
813 2455 80 21 vars
926 2446 180 31 uttalande
1139 2448 12 30 i
1184 2447 54 30 sin
1270 2447 118 30 helhet
1419 2447 193 31 återfinnes
1646 2448 21 30 å
1699 2448 65 31 sid.

267 2493 83 31 6—7
377 2494 13 30 i
413 2495 264 39 propositionen
700 2513 45 4 —
768 2495 117 31 finner
909 2496 11 30 i
946 2496 64 30 och
1036 2496 55 30 för
1116 2496 52 41 sig
1193 2497 72 30 inte
1289 2497 196 31 tilltalande
1510 2499 51 29 att
1585 2498 12 30 i
1622 2506 44 22 en
1690 2498 71 40 lag-
