1912 2858
488 176 397 32 Jordbruksutskottets
918 178 187 32 utlåtande
1137 179 52 31 Nr
1214 180 27 30 1.
1544 182 39 29 35

163 252 73 23 Anm,
278 254 18 19 1.
338 252 50 21 Den
417 259 26 16 av
466 252 195 28 professorerna,
682 260 49 15 som
753 253 84 23 tillika
855 256 26 20 är
903 255 83 22 rektor
1007 255 40 23 vid
1069 256 143 30 högskolan,
1232 257 62 23 skall
1317 265 57 15 vara
1395 259 98 29 skyldig
1513 261 36 21 att
1569 260 61 23 bebo

120 286 46 21 den
186 287 38 21 för
243 286 85 22 rektor
348 288 106 21 avsedda
474 287 248 29 bostadslägenheten
743 289 129 22 därstädes
892 289 43 23 och
957 290 62 22 skall
1041 291 38 22 för
1093 292 142 22 densamma
1248 294 115 21 ävensom
1379 294 37 22 för
1430 295 56 21 dess
1500 297 131 26 uppvärm-

121 320 58 29 ning
198 321 137 23 vidkännas
356 322 93 28 avdrag
467 321 14 23 å
500 322 214 28 professorslönen
735 324 53 22 med
812 326 74 24 1,500
905 325 94 22 kronor
1017 325 104 28 årligen.

164 358 21 21 2,
225 356 144 23 Professorn
390 356 6 22 i
416 357 70 22 läran
507 364 38 15 om
566 358 193 23 nötkreaturens
779 358 143 29 sjukdomar
942 360 135 28 (bujatrik)
1095 368 31 15 m.
1147 369 39 19 m.,
1206 362 97 22 läraren
1325 362 5 23 i
1352 362 135 29 hovbeslag
1500 364 44 22 och
1560 365 68 22 läran

119 397 39 15 om
186 391 93 22 hovens
308 390 144 28 sjukdomar
480 394 64 20 samt
573 392 46 22 den
649 399 29 16 av
707 394 186 27 professorerna
921 395 61 22 eller
1001 395 187 23 laboratorerna
1208 396 5 22 i
1236 397 105 22 medicin
1363 398 59 22 eller
1443 397 5 23 i
1468 398 106 29 kirurgi,
1588 400 41 22 be-

119 426 124 22 träffande
258 425 83 23 vilken
362 425 87 24 sådant
468 427 90 22 varder
578 434 29 15 av
628 427 149 28 högskolans
797 429 105 27 styrelse
922 429 115 30 bestämt,
1057 430 70 23 skola
1146 438 43 16 var
1210 432 36 21 för
1266 431 38 29 sig
1319 439 58 15 vara
1390 432 114 29 skyldiga
1518 436 36 20 att
1567 434 62 22 bebo

119 461 47 22 den
185 467 29 15 av
235 460 28 22 de
283 460 38 22 för
339 461 79 22 lärare
439 461 41 23 vid
501 461 136 28 högskolan
657 462 107 23 avsedda
783 462 251 29 familjebostäderna,
1055 472 50 15 som
1126 473 28 15 av
1169 467 121 27 styrelsen
1306 466 105 24 anvisas.
1443 468 48 22 För
1509 469 119 22 bostaden

120 496 114 21 ävensom
249 495 38 21 för
301 495 56 22 dess
371 495 182 29 uppvärmning
577 496 63 21 skall
661 497 92 28 avdrag
771 498 80 27 göras,
871 498 38 22 för
928 499 126 28 professor
1074 500 42 21 och
1138 500 96 23 läraren
1256 501 5 22 i
1284 501 134 28 hovbeslag
1438 509 30 15 m.
1483 510 31 14 m.
1529 503 13 22 å
1556 503 71 22 lönen

121 531 63 20 samt
202 529 38 22 för
259 529 128 23 laborator
407 529 13 23 å
439 530 111 27 arvodet,
572 530 54 22 med
646 531 88 28 belopp
755 533 173 22 motsvarande
948 534 41 21 det
1010 534 139 23 beräknade
1163 534 79 29 årliga
1255 535 164 28 hyresvärdet
1433 537 44 22 och
1492 538 137 27 utgörande

119 564 38 21 för
185 564 231 29 sexrumslägenhet
446 567 75 25 1,200
550 565 100 28 kronor,
680 566 38 22 för
747 567 234 28 femrumslägenhet
1011 570 49 21 900
1083 569 94 23 kronor
1196 569 44 23 och
1261 571 38 21 för
1318 571 240 29 fyrarumslägenhet
1579 574 50 21 600

120 598 100 22 kronor.

164 635 23 22 3.
224 633 183 29 Vaktmästare,
427 633 179 29 verkmästare,
625 634 164 28 fodermarsk,
810 635 169 28 sjukvårdare,
1002 636 238 31 ladugårdsförman,
1261 639 134 23 maskinist
1415 640 44 22 och
1480 640 148 23 automobil-

121 668 98 22 föraren
248 668 70 22 skola
345 675 44 15 var
417 668 38 22 för
483 667 38 29 sig
547 669 63 21 efter
638 670 135 26 styrelsens
797 670 185 23 bestämmande
1003 679 59 16 vara
1082 672 114 29 skyldiga
1215 675 37 21 att
1271 674 110 28 begagna
1400 675 88 23 bostad
1508 675 42 23 vid
1570 675 58 29 hög-

121 703 99 28 skolan;
246 702 127 28 skolande,
394 703 84 22 därest
500 703 71 29 dylik
591 703 245 29 befattningshavare
856 704 109 30 åtnjuter
984 707 89 22 bostad
1093 708 54 22 med
1168 708 107 27 bränsle,
1297 710 136 22 eventuellt
1453 711 54 21 med
1528 710 99 23 bränsle

122 737 42 22 och
186 737 59 28 lyse,
275 745 29 15 av
331 738 71 22 lönen
433 737 82 24 avstås
544 739 38 22 för
607 739 88 23 bostad
716 739 54 22 med
799 740 99 23 bränsle
919 743 49 21 300
988 742 94 23 kronor
1102 744 62 21 samt
1184 744 39 22 för
1243 744 52 27 lyse
1316 745 32 21 25
1372 744 93 23 kronor
1485 746 38 21 för
1543 744 34 24 år.
1616 745 8 22 I

119 772 28 22 de
167 772 52 27 fall,
239 771 31 24 då
289 772 70 28 dylik
378 772 247 30 befattningshavare
646 772 111 30 åtnjuter
775 775 88 22 enbart
883 776 87 23 bostad
991 777 62 22 eller
1073 778 88 22 bostad
1181 779 55 22 med
1257 781 84 20 värme
1362 787 54 15 men
1437 780 53 22 icke
1511 780 6 22 i
1545 780 82 29 övrigt

119 807 160 29 erforderligt
298 808 107 27 bränsle,
426 809 116 21 ävensom
563 807 31 24 då
613 808 201 24 bostadsförmån
834 812 27 20 är
880 818 29 15 av
930 810 75 24 sådan
1026 812 182 27 beskaffenhet,
1230 815 36 21 att
1287 814 48 22 den
1354 813 52 24 icke
1417 815 47 22 kan
1479 822 71 16 anses
1564 815 64 23 hava

121 849 63 16 ovan
203 842 75 29 sagda
296 843 85 26 värde,
403 843 62 22 skall
486 844 42 22 det
548 843 124 23 ankomna
690 843 31 28 på
740 844 90 29 Kungl.
851 845 70 29 Maj:t
941 847 36 22 att
997 847 64 23 efter
1081 848 247 28 omständigheterna
1347 849 137 23 bestämma
1504 851 42 21 det
1560 850 66 29 lägre

122 877 157 29 löneavdrag,
300 884 52 15 som
373 877 38 23 för
433 877 70 28 dylik
522 877 96 23 förmån
639 878 61 22 skall
722 880 44 27 äga
785 886 62 16 rum.
869 880 91 29 (Kung.
981 879 44 32 !/11
1048 884 65 21 1918
1135 882 38 31 [nr
1194 882 73 31 836];
1288 884 70 25 ändr.
1379 884 152 30 584/1920.)

162 989 17 30 I
202 989 200 36 jämförelse
430 989 78 31 med
538 990 162 35 gällande
729 992 79 35 stat,
833 1001 73 20 som
930 992 114 31 slutar
1067 994 44 34 på
1135 994 137 36 239,800
1293 995 138 36 kronor,
1456 997 170 35 uppvisar

120 1041 56 30 det
199 1040 199 36 framlagda
422 1041 242 36 statförslaget
695 1052 42 20 en
765 1042 227 37 nedsättning
1020 1044 77 31 med
1126 1045 93 35 3,900
1248 1046 130 31 kronor
1406 1048 56 30 till
1488 1048 138 36 235,900

120 1093 138 30 kronor.

162 1144 70 31 Vid
266 1144 196 36 beräkning
497 1155 45 20 av
578 1145 57 31 det
658 1146 176 31 ordinarie
858 1148 160 35 anslaget
1042 1149 57 30 till
1124 1149 195 37 högskolan
1343 1151 62 30 har
1429 1152 196 31 emellertid

119 1196 219 31 sistnämnda
362 1196 123 36 belopp
510 1197 173 31 minskats
707 1198 78 31 med
809 1198 72 31 dels
904 1199 171 36 avdraget
1092 1201 54 30 för
1162 1201 69 31 fria
1248 1202 171 37 bostäder,
1437 1204 94 35 7,500
1548 1204 77 30 kro-

120 1257 74 26 nor,
223 1247 72 31 dels
324 1248 63 30 ock
416 1247 65 31 den
510 1249 55 30 för
588 1249 222 32 bestridande
833 1260 45 21 av
902 1251 150 36 utgifter
1076 1253 111 36 enligt
1211 1255 115 30 staten
1350 1255 196 31 beräknade
1570 1255 55 31 del

119 1309 44 20 av
180 1299 212 36 högskolans
409 1300 204 31 inkomster.
636 1301 132 36 Denna,
785 1301 55 31 för
856 1303 221 31 närvarande
1093 1304 177 32 beräknad
1283 1306 58 31 till
1356 1307 114 35 20,000
1484 1307 140 36 kronor,

120 1351 63 30 har
210 1352 98 35 synts
333 1351 378 35 departementschefen
735 1353 88 30 efter
846 1354 214 36 vidtagande
1084 1365 45 21 av
1152 1357 231 36 erforderliga
1407 1359 218 35 besparings-

119 1402 163 36 åtgärder
306 1403 121 30 kunna
450 1403 55 31 för
528 1403 208 36 budgetåret
753 1405 211 31 1924—1925
981 1406 84 31 ökas
1082 1407 77 31 med
1176 1409 94 35 5,000
1287 1409 130 31 kronor
1432 1410 59 30 till
1508 1411 116 35 25,000

119 1454 138 31 kronor.
300 1454 18 31 I
341 1454 158 36 enlighet
523 1455 145 31 härmed
691 1456 63 30 har
777 1456 81 31 från
881 1458 132 30 statens
1037 1459 211 32 slutsumma
1266 1461 138 36 235,900
1420 1462 130 30 kronor
1567 1472 58 20 av-

119 1506 135 36 dragits
292 1503 109 40 (7,500
421 1508 28 27 +
470 1507 116 36 25,000
603 1505 46 36 =)
684 1508 116 36 32,500
824 1508 138 37 kronor,
988 1510 64 30 och
1075 1510 56 32 det
1155 1511 177 32 ordinarie
1356 1513 160 36 anslaget
1539 1523 85 26 upp-

118 1559 107 35 tagits
260 1558 57 31 till
353 1559 138 36 203,400
525 1559 140 31 kronor.
710 1559 53 31 Då
797 1561 203 31 nuvarande
1037 1562 175 32 ordinarie
1246 1565 125 36 anslag
1406 1566 136 35 uppgår
1565 1566 58 30 till

119 1610 137 36 212,300
272 1610 140 36 kronor,
429 1611 63 30 har
516 1621 43 20 en
583 1612 207 35 minskning
814 1622 44 21 av
883 1613 159 36 anslaget
1065 1616 130 30 ansetts
1220 1616 120 31 kunna
1357 1617 59 30 ske
1433 1617 78 31 med
1528 1618 95 36 8,900

118 1656 138 36 kronor.

160 1799 178 31 Utskottet
361 1800 63 30 har
449 1801 75 30 icke
549 1801 121 31 funnit
691 1803 106 35 något
813 1804 51 29 att
880 1804 118 30 erinra
1016 1806 72 29 mot
1104 1805 134 36 Kungl.
1256 1806 120 36 Maj:ts
1393 1807 230 31 förevarande

117 1851 265 36 framställning
406 1852 128 31 liksom
559 1853 30 36 ej
615 1854 109 30 heller
747 1856 71 29 mot
842 1855 64 30 den
930 1865 44 21 av
999 1856 379 36 departementscechefen
1401 1859 111 31 under
1535 1860 87 30 före-

117 1903 153 31 varande
305 1904 114 34 punkt
453 1904 124 36 gjorda
611 1906 241 36 beräkningen
886 1917 44 20 av
959 1909 102 30 extra
1083 1909 161 36 anslaget
1268 1910 58 30 till
1351 1911 134 31 diverse
1511 1912 110 31 behov

117 1955 60 30 vid
201 1955 385 37 veterinärhögskolan.
632 1957 95 31 Dock
750 1968 102 21 anser
876 1959 171 32 utskottet
1071 1962 52 29 att
1139 1963 89 29 även
1244 1962 90 30 efter
1350 1962 56 31 det
1423 1963 199 37 föreslagna

116 2007 204 31 förenandet
343 2017 45 21 av
412 2008 300 37 undervisningen
737 2010 11 30 i
773 2010 232 38 bakteriologi
1031 2012 77 31 med
1133 2013 221 36 professuren
1379 2015 12 30 i
1407 2015 215 32 födoämnes-

116 2058 131 37 hygien
286 2059 176 32 laborator
502 2060 60 31 vid
596 2062 132 30 statens
764 2063 476 38 veterinärbakteriologiska
1273 2067 132 30 anstalt
1440 2067 62 30 bör
1536 2078 86 20 vara

116 2110 142 37 skyldig
292 2112 53 29 att
378 2111 62 31 vid
474 2112 192 31 anfordran
690 2114 153 30 bestrida
866 2115 134 35 jämväl
1025 2116 303 37 undervisningen
1353 2118 11 30 i
1388 2118 234 37 bakteriologi

116 2162 61 31 vid
200 2163 383 36 veterinärhögskolan.
629 2164 179 32 Utskottet
832 2166 91 31 skall
948 2167 112 31 under
1083 2168 114 36 punkt
1221 2170 40 29 52
1283 2169 65 31 här
1364 2170 114 31 nedan
1494 2171 128 31 föreslå

115 2214 109 31 härav
260 2215 165 35 påkallad
460 2215 151 37 ändring
636 2217 11 29 i
672 2217 163 35 gällande
870 2219 453 36 avlöningsbestämmelser
1358 2222 53 30 för
1445 2222 176 32 ordinarie

115 2266 348 37 befattningshavare
487 2268 61 31 vid
573 2269 475 38 veterinärbakteriologiska
1071 2273 187 30 anstalten.

158 2318 78 31 Med
272 2319 174 31 förmälan
473 2321 53 30 att
554 2320 171 31 utskottet
749 2322 110 31 under
883 2323 236 36 nästföljande
1143 2325 114 35 punkt
1281 2325 154 31 kommer
1458 2328 53 29 att
1535 2329 84 34 göra

115 2370 266 37 framställning
407 2372 144 31 rörande
576 2372 56 30 det
649 2373 194 37 tillstyrkta
861 2377 99 29 extra
977 2376 160 35 anslaget
1154 2377 201 31 hemställer
1372 2379 170 30 utskottet
1559 2389 59 26 nu,

1680 1818 133 24 Utskottet.
