1898 2854
66 258 206 31 Landsbygdens

74 292 190 31 elektrifiering.

66 347 83 28 (extra
168 345 103 30 anslag.)

132 384 81 38 [89.1]

101 517 137 24 Motioner.

108 2072 131 23 Utskottet.

335 175 39 29 58
670 171 396 33 Jordbruksutskottets
1098 171 188 31 utlåtande
1318 171 51 31 Nr
1394 171 28 30 1.

335 257 85 35 90:0)
444 258 120 31 Under
602 259 112 34 punkt
750 258 39 35 89
825 257 63 30 har
924 257 135 35 Kungl.
1096 256 102 36 Maj:t
1235 257 181 35 föreslagit
1447 257 188 35 riksdagen
1664 259 51 29 att
1742 258 51 30 för

291 310 199 37 främjande
525 310 111 30 under
672 310 82 30 1924
788 319 43 20 av
856 319 41 20 en
923 308 217 36 planmässig
1165 308 241 36 organisation
1431 309 63 30 och
1519 309 206 35 utveckling
1750 319 42 20 av

291 362 259 36 landsbygdens
586 361 254 35 elektrifiering
876 361 123 29 anvisa
1036 360 52 30 för
1124 360 205 34 budgetåret
1364 360 213 31 1924—1925
1613 362 47 29 ett
1694 362 97 29 extra

292 415 124 35 anslag
439 424 45 20 av
510 414 114 35 30,000
649 414 138 29 kronor.

335 518 16 30 I
376 519 93 30 detta
494 519 100 28 ämne
619 516 90 30 hava
735 516 94 29 inom
847 515 187 35 riksdagen
1053 515 120 30 väckts
1190 515 153 35 följande
1361 514 56 31 till
1434 514 359 36 jordbruksutskottet

292 569 192 31 hänvisade
510 568 171 30 motioner
705 567 180 35 nämligen

336 620 30 34 1)
391 632 42 19 nr
458 621 61 30 125
545 621 10 29 i
581 620 106 30 första
713 619 203 29 kammaren
940 628 45 20 av
1011 618 77 29 herr
1112 618 205 35 Ingeström,
1335 618 227 36 likalydande
1579 618 76 30 med
1673 628 42 20 nr
1732 619 60 29 286

293 675 10 29 i
326 674 110 30 andra
462 673 203 30 kammaren
690 681 45 20 av
761 671 79 29 herr
863 670 84 35 Igel,
974 670 74 29 vari
1076 669 209 35 hemställts,
1310 671 50 28 att
1386 669 190 36 riksdagen
1600 671 107 29 måtte
1733 670 59 30 hos

291 726 133 35 Kungl.
455 724 101 36 Maj:t
586 726 82 33 göra
699 722 209 30 hemställan
933 731 54 21 om
1014 721 213 35 vidtagande
1251 732 44 19 av
1319 721 251 36 skyndsamma
1594 722 164 35 åtgärder
1783 722 10 29 i

291 778 90 35 syfte
406 778 53 29 att
485 777 7 28 i
520 775 198 36 möjligaste
743 775 81 29 mån
849 773 195 36 nedbringa
1068 773 38 30 de
1124 773 166 35 avgifter,
1309 783 71 20 som
1399 773 54 30 för
1471 773 219 31 närvarande
1708 774 85 34 utgå

291 830 53 30 för
367 828 169 31 elektrisk
560 827 119 34 energi
705 826 59 30 vid
789 825 260 36 landsbygdens
1073 825 266 35 elektrifiering,
1364 825 62 29 och
1450 826 52 29 att
1528 825 188 35 riksdagen
1741 825 52 29 för

291 879 209 33 bekostande
525 889 43 20 av
593 878 65 31 den
683 878 200 34 utredning,
909 887 73 20 som
1007 877 118 30 härför
1150 879 55 27 må
1230 887 99 20 anses
1352 876 221 36 erforderlig,
1592 878 104 29 måtte
1714 876 79 36 höja

290 932 159 36 anslaget
486 931 109 30 under
631 930 112 35 punkt
779 930 39 29 89
844 929 7 29 i
879 929 127 30 nionde
1043 928 225 30 huvudtiteln
1307 929 78 29 från
1422 929 117 34 530,000
1574 928 128 30 kronor
1737 928 56 30 till

292 985 116 35 32,000
433 984 139 33 kronor,
598 983 89 29 samt

335 1034 31 35 2)
391 1046 42 19 nr
457 1036 60 29 126
544 1035 10 29 i
579 1034 110 30 första
714 1033 201 30 kammaren
940 1042 44 19 av
1009 1032 79 29 herr
1114 1032 160 34 Schedin,
1299 1031 227 35 likalydande
1551 1031 75 30 med
1644 1041 42 20 nr
1704 1032 60 29 201
1784 1032 10 29 i

292 1088 108 30 andra
426 1087 203 30 kammaren
654 1095 43 20 av
723 1085 79 29 herr
827 1083 182 36 Sundling,
1035 1084 77 29 vari
1137 1083 208 35 hemställts,
1362 1084 52 29 att
1432 1083 189 36 riksdagen
1639 1083 87 30 ville
1742 1083 53 30 för

292 1138 213 37 främjandet
539 1137 110 30 under
683 1137 82 29 1924
789 1146 43 19 av
858 1145 40 20 en
924 1135 216 36 planmässig
1166 1135 239 35 organisation
1431 1135 64 30 och
1520 1135 206 35 utveckling
1750 1145 44 19 av

292 1189 260 37 landsbygdens
586 1187 252 36 elektrifiering
873 1187 126 30 anvisa
1035 1187 53 29 för
1124 1187 204 35 budgetåret
1364 1187 213 29 1924—1925
1613 1188 48 28 ett
1696 1188 97 28 extra

291 1243 123 35 anslag
439 1252 44 20 av
508 1241 116 35 65,000
649 1240 137 30 kronor.

335 1293 222 31 Beträffande
581 1292 40 31 de
645 1291 85 35 skäl,
756 1301 71 20 som
852 1291 133 29 anförts
1009 1290 57 30 till
1091 1290 74 30 stöd
1188 1290 54 30 för
1265 1290 95 30 dessa
1378 1290 317 36 framställningar,
1712 1290 83 30 hän-

293 1347 94 29 visas
410 1345 58 31 till
493 1345 227 30 motionerna.

335 1397 80 31 Med
447 1397 193 33 anledning
672 1405 44 20 av
750 1394 123 30 väckta
904 1394 171 30 motioner
1099 1392 166 31 anvisade
1291 1393 81 30 1918
1397 1393 57 29 års
1479 1393 146 35 lagtima
1652 1393 143 35 riksdag

293 1451 53 29 för
372 1449 162 31 vartdera
568 1458 43 19 av
640 1448 84 29 åren
749 1446 82 30 1918
855 1445 63 30 och
942 1445 83 30 1919
1051 1446 47 29 ett
1122 1444 124 36 anslag
1270 1454 43 20 av
1340 1445 137 34 100,000
1503 1445 127 30 kronor
1655 1445 54 29 för
1733 1446 61 33 att,

294 1503 7 28 i
330 1501 68 30 vad
421 1501 44 35 på
488 1499 289 36 länsstyrelserna
804 1497 193 35 lämpligen
1022 1496 114 30 kunde
1159 1496 197 35 ankomma,
1374 1496 130 35 främja
1521 1506 42 20 en
1580 1496 216 35 planmässig

293 1553 242 35 organisation
559 1561 44 20 av
629 1549 259 36 landsbygdens
912 1548 265 34 elektrifiering.
1224 1547 50 31 På
1299 1548 268 34 framställning
1591 1558 43 19 av
1660 1548 134 35 Kungl.

292 1605 102 35 Maj:t
411 1605 64 29 har
492 1601 245 32 motsvarande
753 1601 123 35 belopp
894 1601 158 29 anvisats
1069 1601 88 28 även
1175 1600 54 29 för
1246 1601 80 29 åren
1347 1599 223 30 1920—1922.
1616 1599 179 35 Anslagen

293 1657 89 29 hava
419 1655 130 30 mellan
584 1653 288 36 länsstyrelserna
909 1651 167 31 fördelats
1111 1661 43 20 av
1190 1651 135 34 Kungl.
1358 1650 101 36 Maj:t
1484 1651 87 30 efter
1596 1651 131 35 förslag
1752 1661 43 19 av

293 1705 493 36 elektrifieringskommittén.

336 1759 51 31 Då
411 1758 77 31 med
512 1757 202 34 fördelning
738 1766 44 19 av
807 1755 122 35 anslag
954 1756 54 29 för
1033 1755 81 30 1923
1139 1755 128 34 ansågs
1291 1755 117 29 kunna
1434 1755 102 29 anstå
1553 1754 56 30 till
1627 1754 86 29 efter
1731 1753 65 30 den

294 1813 13 28 1
337 1811 69 35 juli
441 1819 130 21 samma
608 1810 48 33 år,
692 1807 153 31 behövde
882 1808 106 34 något
1011 1806 124 35 anslag
1160 1806 75 30 icke
1259 1806 101 29 äskas
1384 1816 43 19 av
1454 1806 83 30 1922
1561 1807 56 28 års
1642 1804 153 36 riksdag.

337 1862 66 30 För
434 1860 237 32 innevarande
700 1859 171 35 budgetår
895 1860 39 28 är
958 1858 158 34 anslaget
1143 1858 10 29 i
1179 1858 185 29 riksstaten
1392 1857 145 35 uppfört
1562 1858 110 29 såsom
1698 1862 97 24 extra

293 1914 124 35 anslag
442 1913 75 30 med
542 1913 116 33 65,000
682 1912 138 29 kronor.

338 2067 221 32 Beträffande
595 2068 85 29 först
716 2066 39 29 de
790 2075 44 20 av
870 2065 119 29 herrar
1025 2064 195 35 Ingeström
1245 2064 63 30 och
1335 2063 67 35 Igel
1429 2063 127 30 väckta
1581 2064 213 29 motionerna

295 2121 92 30 rikta
409 2121 56 34 sig
489 2120 98 30 dessa
611 2119 155 29 närmast
791 2118 69 29 mot
885 2116 39 30 de
948 2116 54 30 för
1019 2115 219 31 närvarande
1256 2115 169 36 utgående
1443 2115 113 35 enligt
1573 2115 223 30 motionärer-

295 2183 62 19 nas
392 2172 143 35 mening
571 2170 120 31 alltför
727 2169 87 35 höga
850 2168 320 35 energiavgifterna
1207 2168 54 29 för
1296 2167 39 30 de
1370 2167 56 30 till
1459 2168 132 29 statens
1616 2166 179 30 kraftverk

294 2224 166 30 anslutna
485 2222 186 31 elektriska
696 2220 512 35 distributionsföreningarna,
1234 2219 97 30 vilka
1355 2218 364 36 sammanslutningar
1744 2219 52 28 för

295 2275 218 31 närvarande
550 2274 85 31 hade
669 2274 53 29 att
757 2272 126 35 kämpa
917 2271 76 30 med
1029 2273 92 28 stora
1156 2271 221 30 ekonomiska
1406 2270 226 35 svårigheter.
1678 2270 119 30 Under

295 2327 257 31 framhållande
588 2325 126 34 tillika,
750 2325 51 29 att
824 2323 547 35 jordbrukare-konsumenterna,
1398 2322 98 29 vilka
1521 2322 10 29 i
1557 2322 53 29 sin
1635 2323 58 28 tur
1717 2321 79 30 hårt

295 2378 191 32 drabbades
521 2388 44 20 av
600 2376 153 31 nämnda
787 2375 162 35 avgifter,
984 2384 73 21 som
1092 2384 42 20 en
1163 2374 88 36 följd
1276 2374 105 30 därav
1406 2373 177 36 nödgades
1607 2372 189 31 inskränka

295 2430 275 35 användningen
594 2439 45 20 av
653 2427 165 31 elektrisk
840 2427 103 35 kraft,
961 2427 129 30 föreslå
1107 2427 258 29 motionärerna
1383 2424 212 37 vidtagande
1611 2434 43 20 av
1671 2424 126 37 skynd-

295 2492 131 20 samma
463 2481 163 36 åtgärder
651 2481 7 29 i
686 2479 90 36 syfte
809 2480 50 29 att
885 2478 193 35 nedbringa
1103 2477 152 31 nämnda
1279 2477 164 35 avgifter,
1469 2476 172 36 varjämte
1666 2477 53 29 för
1745 2476 52 30 be-
