2275 2768
555 146 18 31 8
984 144 250 44 Lag-Utskottets
1269 145 164 33 Utlåtande
1461 144 61 35 N:o
1551 144 57 35 31.

501 233 367 44 sonlighetsprincipens
910 233 205 32 omedelbara
1158 235 204 43 tillämpning
1402 237 41 40 på
1480 235 60 32 den
1570 236 207 33 kommunala
1804 237 287 45 röstberäkningen

501 287 62 31 kan
594 286 231 32 tillfredsställa
854 286 59 31 den
944 292 129 36 stränga
1102 288 172 30 rättvisans
1303 288 194 42 fordringar.

634 338 59 32 Att
720 338 145 43 grunden
895 339 50 31 för
972 338 320 42 riksdagsmannaval
1321 340 47 31 till
1397 338 115 33 Andra
1539 339 197 34 Kammaren
1767 342 59 32 och
1855 343 49 32 för
1931 346 159 32 rösträtt
2077 334 17 51 i

502 392 209 32 kommunala
739 391 268 42 angelägenheter
1039 391 56 32 bör
1131 404 74 19 vara
1233 392 178 38 enahanda,
1441 393 121 31 förmår
1591 393 166 32 Utskottet
1787 395 49 31 för
1863 396 48 32 sin
1941 397 51 32 del
2020 397 71 33 icke

501 445 78 31 inse.
635 442 63 34 Om
728 443 215 32 kommunens
988 443 202 32 verksamhet
1219 456 84 27 vore,
1333 445 100 31 ehuru
1462 446 87 31 inom
1580 457 36 20 en
1648 452 129 37 trängre
1805 448 106 42 spher,
1940 449 65 32 helt
2032 450 59 32 och

500 497 95 31 hållet
623 496 137 32 likartad
799 496 71 31 med
912 496 214 43 Riksdagens,
1157 497 46 30 då
1233 497 109 31 kunde
1372 497 150 43 möjligen
1552 510 37 19 en
1619 499 98 31 sådan
1747 500 82 42 åsigt
1857 512 99 31 synas
1985 501 105 33 berät-

501 550 107 42 tigad;
638 560 71 20 men
740 549 87 30 detta
855 554 35 25 är
917 549 71 31 icke
1016 549 223 31 förhållandet.
1292 550 227 31 Kommunens
1547 551 202 32 verksamhet
1776 552 84 32 afser
1887 554 205 33 uteslutande

501 602 71 31 dess
613 613 238 31 gemensamma
892 601 173 43 ordnings-
1107 601 58 32 och
1207 601 525 45 hushållnings-angelägenheter,
1773 604 110 32 hvilka
1911 608 76 36 åter,
2018 607 74 32 med

499 654 94 43 högst
620 654 42 38 få,
691 666 51 20 om
772 665 54 20 ens
855 655 108 41 några,
992 654 178 42 undantag,
1201 660 53 26 äro
1285 655 151 31 förenade
1466 656 68 31 med
1565 661 100 26 större
1693 656 76 32 eller
1798 658 127 32 mindre
1945 660 145 42 utgifter.

497 707 206 42 Riksdagens
733 706 202 31 verksamhet
976 712 34 25 är
1052 707 143 31 deremot
1223 707 71 31 icke
1322 707 80 32 blott
1432 708 30 30 af
1491 708 240 43 beskattnings-
1761 715 76 26 utan
1867 711 92 32 äfven
1992 712 60 31 och
2081 713 9 30 i

498 760 132 31 främsta
658 765 137 25 rummet
835 759 31 30 af
906 759 325 42 lagstiftningsnatur.
1287 759 103 32 Häraf
1428 760 149 43 framgår,
1608 761 128 31 hvilken
1767 761 147 44 betydlig
1955 763 132 33 skilnad

498 811 172 31 förefinnes
700 811 114 29 mellan
845 810 38 30 de
912 811 158 29 särskilda
1099 817 126 23 arterna
1253 812 32 29 af
1314 812 212 29 kommunens
1555 813 60 30 och
1645 813 203 42 Riksdagens
1869 815 217 38 verksamhet,

499 862 58 33 och
587 862 81 32 huru
699 861 85 32 olika
813 861 38 32 de
893 861 201 43 synpunkter
1134 868 66 32 äro,
1237 874 38 19 ur
1303 862 118 39 hvilka,
1452 862 7 31 i
1490 863 185 43 principielt
1703 863 160 40 afseende,
1893 866 194 43 rättigheten

499 915 46 31 till
575 914 192 42 deltagande
800 914 9 30 1
852 914 60 31 den
942 926 60 19 ena
1043 914 76 31 eller
1160 915 61 30 den
1265 915 101 31 andra
1395 916 8 29 i
1433 915 58 31 och
1522 917 47 29 för
1597 917 50 41 sig
1675 919 99 29 måste
1804 917 163 33 bedömas.
2025 919 63 32 Ut-

498 967 118 31 skottet
645 966 61 31 kan
736 965 122 32 således
886 966 71 31 icke
987 966 163 42 medgifva
1178 966 190 42 rigtigheten
1400 966 33 31 af
1459 967 53 30 det
1540 969 207 41 antagandet,
1774 975 45 24 att
1834 970 253 43 personlighets-

498 1019 185 43 principens
725 1017 206 33 omedelbara
972 1018 204 42 tillämpning
1219 1020 39 40 på
1298 1019 323 40 riksdagsmannaval
1665 1020 45 31 till
1746 1019 117 33 Andra
1891 1021 197 33 Kammaren

498 1071 102 32 skulle
629 1076 112 37 utgöra
783 1070 186 42 tillräckligt
1010 1070 68 31 skäl
1108 1071 48 30 för
1185 1070 71 31 dess
1286 1070 203 52 omedelbara
1518 1071 206 43 tillämpning
1747 1073 121 41 jemväl
1897 1076 41 40 på
1966 1074 123 32 röstbe-

498 1123 179 42 räkningen
707 1123 9 30 i
746 1122 207 32 kommunala
994 1122 276 43 angelägenheter.
1312 1118 14 55 -
1339 1122 155 32 Deremot
1537 1123 104 32 skulle
1670 1130 44 26 ett
1741 1125 124 42 ganska
1894 1126 118 43 vigtigt
2039 1129 50 29 så-

499 1176 78 31 dant
604 1175 181 36 förefinnas,
815 1186 61 26 om,
906 1178 103 27 såsom
1052 1175 85 30 Herr
1165 1174 157 38 Ölauson,
1355 1175 83 31 dock
1467 1182 76 24 utan
1574 1179 105 39 någon
1709 1182 146 26 närmare
1884 1179 205 42 motivering,

498 1230 129 40 påstått,
670 1227 140 31 nämnda
853 1226 124 43 princip
1021 1238 74 20 vore
1138 1226 61 31 den
1242 1227 82 31 enda
1352 1227 8 30 i
1392 1227 150 31 afseende
1571 1230 41 40 på
1639 1229 187 31 kommunal
1855 1234 130 27 rösträtt
2014 1231 74 31 fullt

498 1280 141 30 rättvisa.
692 1279 119 30 Denna
838 1278 84 41 åsigt
949 1284 34 25 är
1010 1278 168 32 Utskottet
1205 1279 178 30 emellertid
1415 1281 34 28 så
1477 1279 88 42 långt
1593 1280 82 31 ifrån
1705 1287 45 24 att
1778 1281 81 38 dela,
1890 1288 45 24 att
1949 1282 137 32 Utskot-

498 1337 45 26 tet
570 1335 136 28 tvärtom
735 1329 112 39 finner,
883 1329 53 32 det
964 1329 208 33 kommunala
1213 1330 283 43 angelägenheters
1537 1331 175 43 afgörande
1740 1343 117 32 genom
1886 1334 204 43 omröstning

498 1384 80 31 efter
604 1382 206 32 hufvudtalet
851 1381 105 32 skulle
997 1382 73 31 leda
1114 1382 47 31 till
1203 1383 60 31 den
1306 1388 116 26 största
1458 1384 162 30 orättvisa.
1675 1384 66 31 Det
1767 1384 58 31 har
1852 1386 98 30 redan
1982 1385 109 32 blifvit

499 1435 123 42 antydt,
652 1441 44 25 att
726 1435 54 31 det
808 1433 303 43 hufvudsakligaste
1141 1435 166 31 föremålet
1335 1435 48 31 för
1412 1435 212 31 kommunens
1654 1436 203 32 verksamhet
1884 1443 34 25 är
1948 1437 141 32 bestäm-

498 1487 140 38 mandet,
677 1486 153 43 antingen
872 1486 124 32 direkte
1037 1488 18 29 å
1082 1486 204 32 kommunal-
1317 1486 60 32 och
1406 1486 242 42 kyrkostäwmma
1676 1494 82 25 samt
1786 1489 54 30 vid
1869 1490 115 30 allmän
2015 1490 76 30 råd-

498 1546 103 36 stuga,
631 1539 75 31 eller
734 1538 159 31 indirekte
934 1550 116 30 genom
1080 1538 203 32 kommunal-
1313 1539 59 31 och
1401 1539 302 43 stadsfullmägtige,
1734 1541 32 30 af
1794 1540 213 32 kommunens
2035 1553 54 31 ge-

499 1603 196 20 mensamma
723 1590 142 43 utgifter.
919 1590 78 32 Med
1026 1590 151 32 afseende
1219 1590 76 32 härå
1321 1591 128 42 yttrade
1478 1591 146 31 sistlidne
1652 1591 163 44 Riksdags
1844 1592 246 43 Lag-Utskott:

503 1642 85 33 "Om
617 1643 109 41 hvarje
754 1642 138 31 medlem
924 1644 32 29 af
984 1643 197 31 kommunen
1226 1643 127 42 deltoge
1381 1643 9 31 i
1421 1644 174 40 utgifterna
1624 1644 66 30 lika
1717 1645 73 30 med
1818 1656 37 19 en
1885 1645 78 30 hvar
1991 1645 32 31 af
2052 1645 39 31 de

498 1695 112 43 öfriga,
640 1706 75 21 vore
744 1695 54 31 det
831 1694 188 42 visserligen
1048 1694 10 31 i
1087 1694 48 31 sin
1175 1695 152 42 ordning,
1357 1700 45 25 att
1430 1694 62 31 alla
1519 1695 81 42 egde
1629 1695 64 31 lika
1721 1696 177 42 inflytande
1926 1698 40 40 på
1980 1696 109 32 beslu-

497 1753 74 32 ten;
601 1758 70 20 men
702 1749 34 29 så
763 1746 98 42 länge
880 1747 136 30 andelen
1033 1746 23 31 'i
1085 1746 39 31 de
1152 1747 142 42 utgifter,
1324 1758 68 19 som
1409 1746 142 32 beslutas
1569 1747 59 31 och
1645 1754 171 32 uttaxeras,
1834 1754 34 25 är
1884 1747 160 33 beroende
2061 1749 31 30 af

497 1799 95 31 hvars
621 1799 60 31 och
722 1810 57 20 ens
821 1798 232 42 förmögenhet,
1093 1798 63 31 kan
1185 1799 71 31 icke
1299 1798 71 31 med
1400 1798 132 31 rättvisa
1561 1799 74 31 eller
1664 1798 146 43 billighet
1839 1812 74 18 vara
1941 1800 152 42 förenligt

498 1857 46 25 att
573 1850 51 39 de,
653 1862 67 20 som
750 1851 31 30 af
810 1863 38 19 en
877 1850 167 42 ifrågasatt
1071 1850 99 42 utgift
1197 1851 49 31 för
1274 1856 44 25 ett
1345 1850 79 31 visst
1451 1850 150 31 ändamål
1629 1850 128 32 komme
1786 1857 44 25 att
1859 1851 140 32 drabbas
2027 1852 9 30 i
2053 1863 38 20 en

497 1903 96 42 högst
621 1902 166 43 obetydlig
816 1904 83 37 mån,
929 1902 114 38 skulle,
1073 1904 34 29 så
1136 1908 88 25 snart
1252 1902 91 31 deras
1372 1902 86 31 antal
1487 1902 178 43 öfverstege
1693 1903 118 32 hälften
1842 1904 32 30 af
1902 1904 39 30 de
1970 1904 53 31 vid
2053 1915 37 19 en

497 1961 136 26 stämma
673 1956 211 40 närvarande,
927 1954 95 31 hafva
1064 1961 87 36 magt
1192 1960 45 25 att
1265 1953 125 32 besluta
1418 1966 121 19 samma
1566 1955 96 42 utgift
1692 1955 58 31 och
1781 1955 150 43 beloppet
1959 1956 31 30 af
2017 1956 74 30 den-

497 2018 122 20 samma
647 2007 9 30 i
686 2007 78 31 strid
807 2007 71 31 med
922 2007 38 30 de
1002 2006 118 42 öfrigas
1161 2007 140 41 mening,
1331 2006 49 31 för
1407 2006 108 31 hvilka
1544 2005 139 33 beslutet
1710 2007 168 31 medförde
1907 2006 185 43 skyldighet

498 2059 46 31 till
574 2066 44 24 ett
646 2058 226 44 skattebidrag
901 2060 48 31 för
977 2058 156 32 hvardera
1161 2058 196 45 ojemförligt
1384 2063 101 26 större
1513 2064 39 25 än
1590 2059 61 31 alla
1680 2059 38 31 de
1746 2059 102 31 förras
1879 2059 210 31 tillsamman-

498 2111 128 41 lagda."
685 2111 53 31 Då
766 2111 54 31 det
850 2111 187 31 nuvarande
1065 2110 259 42 Lag-Utskottet
1353 2110 117 31 tillåter
1498 2110 50 42 sig
1579 2117 45 24 att
1652 2111 140 42 åberopa
1820 2111 60 32 och
1900 2113 102 29 såsom
2021 2111 70 31 sina

497 2174 82 31 egna
607 2169 143 36 upptaga
785 2164 39 30 de
866 2163 79 36 skäl,
989 2163 108 30 hvilka
1138 2163 136 30 sålunda
1310 2163 97 30 redan
1436 2162 54 31 vid
1519 2163 148 31 sistlidne
1695 2163 134 42 riksdag
1871 2163 105 31 blifvit
2004 2169 87 25 emot

497 2214 170 32 införande
696 2216 32 30 af
755 2215 403 43 per-capita-omröstning
1199 2215 9 30 i
1238 2214 208 32 kommunala
1481 2215 269 42 angelägenheter
1779 2215 143 38 anförda,
1953 2215 139 32 förutser

496 2266 168 33 Utskottet
691 2267 177 32 emellertid
898 2268 61 30 den
1003 2266 213 43 invändning,
1261 2278 66 20 som
1358 2273 85 24 emot
1471 2266 92 32 dessa
1591 2267 67 31 skäl
1689 2267 150 43 möjligen
1869 2267 62 31 kan
1962 2267 130 31 komma

1945 2325 46 26 att
