1870 2796
274 197 192 32 Allmänna
480 197 416 40 beredningsutskottets
908 197 186 32 utlåtande
1105 207 45 22 nr
1162 198 42 31 25
1218 200 42 29 år
1272 198 88 31 1959
1550 198 21 31 öd

76 304 66 38 ligt
163 306 56 29 att
239 304 160 30 anordna
421 303 260 39 taklagsfester
702 305 89 29 utan
813 305 56 30 att
891 303 126 31 därvid
1038 312 145 22 servera
1206 302 153 32 alkohol.
1382 303 184 31 Huvudin-

75 348 142 39 trycket
233 347 83 31 från
332 349 42 30 de
390 347 261 40 taklagsfester
665 356 76 22 som
759 348 132 30 hittills
907 347 171 31 avhållits
1094 348 42 30 är
1151 349 55 30 att
1222 348 170 30 störande
1409 349 157 29 moment

76 392 45 39 på
136 392 116 40 grund
268 402 44 21 av
328 394 56 29 att
399 392 142 31 alkohol
558 393 182 30 serverats
756 393 168 39 ytterligt
939 392 115 31 sällan
1070 392 251 31 förekommer.

121 446 320 39 Taklagsfesterna
456 446 10 30 i
482 446 174 31 samband
670 446 79 31 med
764 444 101 33 såväl
881 445 170 39 offentlig
1067 454 77 22 som
1159 445 121 41 privat
1294 445 272 40 husbyggnads-

75 490 232 31 verksamhet
327 491 68 30 har
415 491 11 29 i
447 491 53 30 sin
523 490 206 31 nuvarande
749 490 228 39 utformning
997 489 144 32 erhållit
1163 500 43 21 en
1227 490 104 31 stark
1352 490 214 40 förankring

76 535 77 30 icke
168 535 110 31 minst
294 535 66 31 hos
376 535 41 31 de
432 535 54 31 till
502 534 379 40 byggnadsföretagen
898 535 138 30 knutna
1052 535 203 31 arbetarna.
1273 535 65 30 Ett
1354 534 211 31 avskaffan-

76 579 42 31 de
137 588 45 21 av
200 579 66 31 den
286 581 242 38 uppmuntran
548 588 77 22 som
644 579 42 31 de
706 579 208 31 nuvarande
933 579 310 40 taklagsfesterna
1262 580 165 31 närmast
1446 580 42 30 är
1507 588 59 22 av-

76 623 109 31 sedda
205 625 55 29 att
278 624 131 39 utgöra
429 623 70 31 kan
519 625 154 38 antagas
693 623 143 31 komma
857 625 56 30 att
932 624 118 30 mötas
1070 624 81 30 med
1171 622 214 33 oförståelse
1406 624 66 31 och
1492 623 73 31 må-

76 667 118 31 hända
209 667 108 32 också
331 669 11 29 i
355 668 74 31 viss
443 669 88 38 grad
546 677 44 21 av
603 668 182 39 missnöje.
800 667 256 32 Förhållandet
1070 668 130 31 mellan
1214 667 67 32 den
1296 668 189 39 byggande
1500 669 65 30 och

75 712 43 31 de
135 711 45 40 på
199 712 264 40 arbetsplatsen
482 713 214 38 sysselsatta
714 712 70 31 kan
803 713 56 30 till
878 712 92 40 följd
988 713 114 30 härav
1120 713 131 31 tänkas
1270 712 142 31 komma
1432 714 55 29 att
1506 711 59 41 på-

75 756 130 31 verkas
223 757 9 30 i
249 757 146 39 negativ
412 757 170 38 riktning.

120 805 182 39 Styrelsen
315 814 107 22 anser
435 804 273 33 förhållandena
722 805 78 31 icke
813 815 88 21 vara
915 805 147 37 sådana,
1078 807 55 30 att
1146 806 42 31 de
1203 806 197 30 motiverar
1413 815 42 21 en
1469 805 94 31 före-

73 849 121 37 skrift,
215 859 77 21 som
311 850 188 39 förbjuder
517 850 150 40 statliga
685 851 254 39 myndigheter
958 852 55 29 att
1034 850 159 31 anordna
1213 849 271 40 taklagsfester,
1504 850 60 31 vid

73 893 97 31 vilka
187 893 276 41 spritförtäring
480 895 88 30 även
587 895 10 30 i
614 893 145 42 måttlig
776 895 222 40 omfattning
1015 894 251 32 förekommer.

116 991 160 31 Svenska
301 990 396 40 landstingsförbundet
721 992 139 32 uttalar
883 992 160 41 följande
1067 992 231 32 beträffande
1323 993 95 30 inom
1444 993 116 31 lands-

69 1044 124 39 tingen
207 1044 189 41 tillämpad
411 1046 121 38 praxis
549 1046 10 30 i
574 1045 237 31 förevarande
828 1046 185 37 avseende,
1031 1055 124 22 varom
1170 1045 194 32 förbundet
1381 1046 179 30 inhämtat

71 1097 200 41 uppgifter:

120 1204 56 31 Av
196 1204 104 31 dessa
322 1204 164 40 framgår
506 1206 55 29 att
582 1205 73 30 fem
676 1204 194 40 landsting,
893 1203 233 41 Jönköpings,
1148 1202 186 37 Gotlands,
1356 1202 206 40 Älvsborgs,

69 1249 216 31 Värmlands
306 1250 65 30 och
390 1249 220 40 Gävleborgs
629 1249 87 37 läns,
736 1249 159 31 beslutat
915 1248 306 39 inskränkningar
1239 1247 230 32 beträffande
1489 1256 72 22 ser-

71 1293 125 39 vering
209 1303 45 21 av
269 1293 284 40 alkoholhaltiga
568 1293 161 40 drycker.
745 1295 16 29 I
799 1293 200 40 Jönköpings
1015 1294 57 30 län
1088 1292 292 33 tillhandahålles
1395 1294 33 39 ej
1445 1293 116 31 stark-

73 1337 93 40 sprit
190 1346 79 22 men
294 1338 163 30 däremot
480 1339 61 29 vin
565 1339 66 30 och
656 1338 254 39 maltdrycker.
936 1338 176 31 Gotlands
1136 1339 78 30 läns
1240 1338 183 39 landsting
1447 1337 116 31 beslöt

73 1382 42 30 år
129 1381 87 31 1958
230 1384 55 29 att
300 1382 184 39 servering
498 1391 45 21 av
557 1383 248 39 spritdrycker
819 1382 46 40 på
880 1382 240 40 landstingets
1135 1382 200 31 bekostnad
1350 1383 10 30 i
1375 1382 96 39 regel
1487 1382 76 31 icke

73 1426 93 30 skall
183 1426 235 37 förekomma,
436 1426 44 31 då
498 1426 220 39 landstinget
735 1426 86 31 eller
838 1426 111 39 något
966 1426 82 31 dess
1066 1426 270 31 underordnade
1355 1435 112 30 organ
1486 1435 77 21 sva-

75 1479 61 21 rar
154 1470 59 30 för
231 1470 181 40 värdskap
433 1480 44 21 av
496 1470 110 40 något
627 1471 87 38 slag.
737 1471 217 31 Värmlands
976 1471 78 30 läns
1075 1471 183 39 landsting
1277 1471 116 30 beslöt
1415 1470 41 31 år
1477 1470 86 31 1949

75 1514 77 31 ”att
169 1514 82 31 från
271 1515 65 30 och
356 1515 80 30 med
455 1515 86 31 1950
561 1514 59 32 års
641 1514 133 41 ingång
792 1515 222 39 landstinget
1033 1515 112 39 jämte
1164 1515 267 38 underlydande
1452 1523 112 31 organ

75 1558 76 31 icke
168 1559 69 38 äga
252 1561 56 29 att
323 1559 111 39 bjuda
449 1558 45 40 på
510 1559 211 39 spritvaror,
739 1568 77 22 som
833 1559 181 31 debiteras
1029 1558 118 40 någon
1165 1568 45 22 av
1226 1559 240 40 landstingets
1484 1559 79 31 kas-

74 1602 91 31 sor”.
183 1602 222 40 Gävleborgs
421 1603 78 31 läns
517 1603 183 40 landsting
716 1603 116 32 beslöt
849 1603 41 32 år
907 1603 86 32 1951
1013 1604 76 31 ”att
1107 1604 76 31 icke
1199 1603 152 32 bekosta
1369 1603 194 40 spritdryc-

74 1647 64 31 ker
153 1647 64 30 och
233 1647 101 31 viner
348 1647 60 31 vid
423 1648 240 39 landstingets
679 1648 360 40 representationer”.

119 1699 197 40 Älvsborgs
337 1700 79 31 läns
437 1700 182 40 landsting
639 1701 115 31 beslöt
775 1700 217 41 föregående
1014 1700 41 32 år
1075 1702 191 39 godkänna
1288 1703 53 30 ett
1363 1711 44 21 av
1428 1701 136 31 finans-

73 1744 180 31 utskottet
272 1745 145 39 avgivet
435 1744 185 32 utlåtande
639 1746 85 30 över
741 1746 108 30 väckt
868 1746 135 30 motion
1025 1746 77 31 ”att
1121 1746 180 30 allmänna
1320 1746 112 31 medel
1452 1746 33 39 ej
1507 1752 57 24 må

74 1788 55 30 till
145 1788 117 39 någon
280 1789 55 30 del
352 1789 183 31 användas
553 1789 58 31 för
627 1790 229 30 bestridande
874 1799 44 21 av
936 1790 196 31 kostnader
1148 1790 58 30 för
1224 1790 184 39 servering
1426 1799 44 22 av
1487 1799 76 22 rus-

74 1832 153 39 drycker
239 1833 60 31 vid
313 1833 168 31 tillfällen
495 1833 45 31 då
555 1833 220 40 landstinget
790 1834 85 31 eller
890 1833 110 40 något
1015 1844 44 21 av
1074 1835 81 30 dess
1170 1834 265 39 underlydande
1451 1843 113 30 organ

73 1885 128 22 svarar
213 1877 58 30 för
283 1877 181 39 värdskap
479 1887 44 21 av
537 1877 110 39 något
661 1878 110 38 slag”.
786 1879 15 29 I
814 1877 206 32 utlåtandet
1034 1878 149 31 anförde
1197 1879 181 30 utskottet
1392 1878 169 39 följande.

76 1920 210 32 ”Utskottet
302 1921 138 30 uttalar
456 1922 10 29 i
484 1922 113 30 likhet
614 1922 80 30 med
710 1920 426 41 förvaltningsutskottet
1153 1922 56 30 sin
1226 1923 157 38 sympati
1400 1922 59 31 för
1476 1922 60 31 det
1554 1923 9 29 i

73 1964 180 31 motionen
273 1964 203 32 framförda
495 1965 177 40 förslaget
691 1975 79 21 men
790 1967 42 29 är
851 1966 187 31 ävenledes
1058 1975 44 21 av
1122 1966 66 31 den
1207 1966 281 40 uppfattningen
1509 1968 55 29 att

73 2008 189 39 möjlighet
297 2009 9 30 i
340 2009 97 31 vissa
471 2009 271 40 undantagsfall
765 2010 67 31 bör
853 2010 203 31 förefinnas
1079 2011 54 30 till
1156 2009 222 41 frångående
1403 2020 45 21 av
1471 2010 93 32 före-

73 2052 123 39 slagen
219 2053 262 40 inskränkning
502 2054 60 30 vid
583 2055 178 30 utövande
784 2064 45 21 av
851 2055 181 39 värdskap
1055 2055 59 30 för
1136 2055 240 39 landstingets
1399 2055 163 40 räkning.

73 2096 189 32 Utskottet
295 2097 155 31 föreslår
483 2098 58 30 för
573 2098 66 30 den
672 2098 93 31 skull
799 2101 56 29 att
877 2099 238 39 Landstinget
1137 2098 113 32 måtte
1273 2100 9 29 i
1306 2099 191 39 anledning
1520 2108 44 22 av

73 2141 179 30 motionen
270 2142 185 39 uppdraga
471 2141 38 31 åt
525 2142 426 39 förvaltningsutskottet
968 2145 65 35 att,
1052 2144 80 30 med
1148 2143 234 39 iakttagande
1400 2144 9 29 i
1426 2144 137 30 största

71 2185 148 38 möjliga
237 2186 254 38 utsträckning
511 2195 44 21 av
575 2187 199 31 motionens
795 2187 108 39 syfte,
924 2188 135 38 avgöra
1080 2188 10 29 i
1110 2187 96 31 vilka
1226 2186 65 31 fall
1312 2187 185 39 servering
1518 2197 44 21 av

75 2229 215 38 rusdrycker
302 2232 45 36 på
361 2230 238 39 landstingets
613 2230 200 31 bekostnad
827 2232 10 29 i
850 2231 286 38 fortsättningen
1149 2231 92 30 skall
1255 2231 39 30 få
1308 2231 256 31 förekomma.”

117 2281 131 31 Vidare
268 2282 58 30 må
345 2283 219 35 omnämnas,
585 2284 55 29 att
659 2283 131 39 frågan
810 2284 96 30 varit
924 2284 151 30 föremål
1095 2284 59 30 för
1173 2284 217 40 behandling
1410 2285 89 30 även
1520 2294 44 21 av

73 2325 148 29 Kalmar
239 2325 78 31 läns
336 2335 108 21 norra
463 2326 182 39 landsting
664 2327 41 30 år
724 2327 87 31 1950
831 2328 9 29 i
861 2327 191 39 anledning
1072 2337 44 21 av
1134 2328 108 31 väckt
1261 2329 146 30 motion.
1428 2330 134 30 Lands-

73 2369 115 37 tinget
205 2369 187 39 godkände
410 2370 125 30 därvid
552 2373 52 28 ett
622 2379 43 22 av
683 2371 426 38 förvaltningsutskottet
1126 2373 145 38 avgivet
1287 2373 179 38 yttrande,
1485 2374 77 29 vari

72 2412 159 39 följande
251 2413 186 31 anfördes:
461 2414 458 39 ”Förvaltningsutskottet
940 2424 107 22 anser
1066 2416 55 39 sig
1142 2416 75 31 icke
1238 2416 120 31 kunna
1379 2417 184 39 tillstyrka

72 2456 103 30 bifall
191 2457 53 30 till
261 2458 190 30 motionen.
467 2458 123 30 Ehuru
607 2458 179 31 utskottet
801 2460 57 29 väl
875 2459 69 30 kan
960 2459 118 30 förstå
1093 2460 223 31 motionären
1333 2461 82 30 från
1432 2461 131 31 dennes

73 2500 165 39 speciella
257 2502 234 38 synpunkter,
512 2511 107 30 synes
638 2502 59 31 det
717 2503 180 31 utskottet
917 2503 187 40 olämpligt
1124 2506 55 29 att
1198 2513 127 31 genom
1347 2505 216 39 landstings-
