2121 2662
280 265 19 34 ö
476 264 114 31 Första
614 263 208 31 Kammarens
847 260 168 41 Tillfälliga
1051 257 132 33 Utskotts
1206 258 80 41 (N:o
1308 255 36 41 3)
1373 254 163 33 Utlåtande
1558 254 63 31 N:o
1644 256 45 29 11.

279 348 79 38 deri
386 347 189 50 stadgade
604 345 224 51 skyldighet
856 345 59 37 för
944 344 72 37 den
1041 341 203 51 brottslige
1273 346 55 32 att
1356 344 143 34 ersätta
1528 339 71 37 den
1629 350 140 38 genom
1786 336 103 37 brot-

279 406 55 31 tet
370 400 222 49 uppkomna
620 398 159 47 skadan,
809 397 154 36 hvilken
992 394 239 37 sistnämnda
1260 393 10 35 i
1298 393 65 36 det
1390 390 227 50 antagligen
1646 390 33 48 ej
1710 389 179 48 ovanliga

280 452 78 47 fall,
400 457 54 31 att
491 449 215 38 domstolen
735 449 141 37 saknar
903 446 125 51 grund
1059 446 58 37 för
1143 443 241 39 bedömande
1414 443 41 36 af
1480 443 88 36 dess
1598 441 157 46 storlek,
1784 440 104 36 dom-

279 503 123 37 stolen
445 502 217 49 säkerligen
704 500 33 50 ej
776 499 222 38 underlåter
1039 503 55 32 att
1130 495 238 38 underställa
1409 494 169 49 kunnige
1616 492 72 38 och
1721 492 11 36 i
1762 490 129 50 dylika

281 555 112 37 saker
421 554 178 37 förfarne
620 552 100 50 gode
749 557 108 32 mäns
885 550 183 50 pröfning
1097 549 71 36 och
1196 546 291 51 uppskattning.

414 657 198 38 Utskottet
641 656 57 36 får
727 655 160 37 sålunda
915 651 214 48 hemställa,

785 761 54 31 att
877 754 223 49 Riksdagen
1138 752 88 37 ville
1255 751 11 36 i
1296 750 202 37 skrifvelse
1528 748 57 37 till
1613 748 142 48 Kongl.
1785 747 106 48 Maj:t

685 808 162 45 anhålla,
878 813 54 31 att
960 805 140 49 Kongl.
1129 804 106 48 Maj:t
1262 803 149 37 täcktes
1435 802 76 37 låta
1538 800 176 38 utarbeta
1742 799 70 37 och
1833 799 59 36 för

683 865 54 31 ett
777 858 229 37 kommande
1036 859 60 34 års
1124 855 172 49 Riksdag
1322 853 219 49 framlägga
1568 851 146 49 förslag
1741 850 57 37 till
1827 855 64 31 än-

685 911 114 49 dring
835 910 10 36 i
866 912 58 44 22
955 906 20 49 $
1006 908 41 37 af
1071 906 130 50 kongl.
1231 905 276 49 förordningen
1533 903 201 50 angående
1758 907 132 44 patent

685 963 72 36 den
791 964 44 34 16
864 961 75 48 maj
971 961 96 35 1884
1096 959 10 35 i
1136 959 68 35 här
1232 959 114 35 ofvan
1376 956 174 48 angifvet
1578 954 113 49 syfte.

484 1116 221 39 Stockholm
736 1115 72 37 den
839 1117 20 34 9
889 1113 95 50 april
1016 1114 106 35 1889.

855 1267 53 37 På
935 1265 208 37 utskottets
1174 1268 160 44 vägnar:

962 1364 61 40 W.
1051 1362 159 42 Stråle.
