1914 2810
567 155 293 33 Statsutskottets
892 154 188 32 utlåtande
1110 154 53 31 Nr
1188 154 49 29 76.
1558 151 39 30 23

1402 336 131 35 Bilaga.

564 484 81 31 Till
674 483 256 36 Riksdagens
958 482 272 31 statsutskott.

186 583 129 30 Genom
351 580 297 31 ämbetsskrivelse
684 580 79 30 från
797 579 118 35 kungl.
946 578 370 35 socialdepartementet
1339 576 63 30 den
1427 577 39 29 24
1492 575 152 30 februari

143 627 84 31 1927
262 626 64 30 har
361 624 133 36 Kungl.
529 624 101 35 Maj:t
664 624 11 29 i
699 623 189 35 anledning
910 632 46 20 av
979 621 165 31 skrivelse
1169 621 9 29 i
1203 622 116 28 ämnet
1342 620 77 30 från
1444 618 200 35 riksdagens

142 669 216 33 statsutskott
392 668 168 30 anbefallt
593 666 355 36 medicinalstyrelsen
982 667 51 29 att
1065 665 126 35 avgiva
1230 663 173 32 utlåtande
1430 665 82 28 över
1534 671 43 21 en
1599 671 45 20 av

144 715 78 30 herr
256 713 117 31 Johan
408 712 100 30 Peter
542 711 194 31 Johansson
767 711 12 29 i
804 709 198 36 riksdagens
1025 709 106 30 första
1154 709 176 29 kammare
1354 707 64 30 den
1442 707 40 30 21
1506 706 139 36 januari

145 758 83 31 1927
265 756 102 31 väckt
401 755 142 36 motion,
578 765 41 20 nr
648 755 51 34 81,
724 753 174 36 angående
922 752 156 37 avgiften
1102 752 53 30 för
1179 752 156 30 leverans
1357 761 44 19 av
1425 751 117 29 vatten
1566 749 79 30 från

143 800 200 32 Östersunds
377 799 167 36 hospitals
579 798 205 31 vattenverk
817 797 55 30 till
907 796 214 36 Hornsbergs
1152 793 355 38 municipalsamhälle
1530 803 45 20 m.
1599 803 45 19 m.

143 845 63 30 och
238 854 43 21 en
310 854 45 20 av
379 843 80 30 herr
482 842 161 31 Hedlund
668 842 12 29 i
703 839 184 33 Östersund
911 840 93 30 inom
1028 839 107 31 andra
1160 839 198 30 kammaren
1381 837 102 31 väckt
1505 836 139 32 motion,

144 899 41 20 nr
209 888 73 35 139,
306 897 45 20 av
376 887 72 30 lika
472 885 127 37 lydelse
622 885 77 30 med
724 883 243 32 ovannämnda
990 883 128 30 motion
1142 893 42 19 nr
1208 883 49 29 81.

188 931 79 30 Med
291 930 190 34 anledning
504 929 108 30 härav
637 929 54 29 får
715 927 351 35 medicinalstyrelsen
1090 926 120 30 anföra
1234 925 159 36 följande.

189 974 121 36 Enligt
344 974 18 37 $
386 973 18 30 5
441 973 11 29 i
487 972 55 31 det
571 982 44 20 av
650 972 132 36 Kungl.
807 971 100 35 Maj:t
931 970 64 30 den
1019 970 40 30 19
1084 969 69 36 maj
1180 969 83 30 1916
1289 967 187 37 godkända,
1500 966 146 30 emellan

144 1018 119 36 kungl.
300 1017 168 36 styrelsen
503 1016 61 30 och
599 1015 215 35 Hornsbergs
848 1013 356 36 municipalsamhälle
1238 1012 64 31 den
1338 1012 38 30 16
1405 1011 61 30 och
1490 1011 39 30 27
1555 1020 91 20 mars

146 1062 84 31 1916
254 1060 204 36 upprättade
482 1059 199 31 kontraktet
703 1058 176 36 angående
903 1058 153 30 leverans
1079 1067 45 20 av
1147 1058 119 28 vatten
1290 1056 54 30 till
1368 1054 181 31 samhället
1569 1054 77 29 fran

146 1103 400 36 vattenledningsverket
584 1102 61 31 vid
679 1100 201 33 Östersunds
915 1100 155 36 hospital,
1106 1100 110 30 skulle
1250 1099 180 30 samhället
1463 1097 110 31 under
1606 1097 40 30 de

146 1150 106 29 första
284 1148 48 30 tio
367 1149 80 29 åren
473 1157 45 20 av
541 1145 276 32 kontraktstiden
841 1145 56 30 till
921 1144 179 36 hospitalet
1123 1143 139 36 erlägga
1285 1153 40 20 en
1349 1140 229 36 vattenavgift
1601 1150 46 20 av

146 1193 49 30 tio
218 1194 57 28 öre
299 1201 59 26 per
381 1191 226 30 kubikmeter.
650 1190 66 30 För
740 1189 97 36 varje
862 1187 151 37 följande
1036 1187 221 36 tioårsperiod
1282 1186 85 31 skall
1391 1185 154 36 avgiften
1569 1185 79 29 fast-

145 1236 120 31 ställas
299 1246 46 19 av
379 1234 133 37 Kungl.
547 1233 110 36 Maj:t.
704 1234 17 29 I
756 1233 216 30 kontraktets
1008 1231 17 30 6
1052 1232 15 37 $
1102 1231 135 35 stadgas
1273 1230 126 35 vidare,
1433 1230 51 29 att
1507 1229 53 30 för
1583 1228 66 30 den

148 1279 160 31 händelse
343 1278 167 37 styrelsen
545 1277 111 31 skulle
690 1278 108 35 pröva
833 1276 55 31 det
923 1275 217 36 erforderligt
1173 1276 51 29 att
1247 1274 107 31 under
1376 1271 272 33 kontraktstiden

147 1323 150 36 anlägga
319 1322 143 31 särskilt
485 1321 226 36 reningsverk
736 1321 52 30 för
817 1319 398 36 vattenledningsverket
1231 1318 113 31 kunde
1360 1318 103 35 priset
1479 1319 20 27 å
1515 1317 134 29 vattnet

147 1367 97 36 höjas
268 1366 77 31 med
369 1366 109 30 härav
502 1364 142 31 orsakad
667 1364 131 36 ökning
822 1365 12 28 i
857 1362 289 37 självkostnaden.

191 1410 50 31 På
265 1410 129 35 förslag
418 1419 45 20 av
487 1408 130 36 Kungl.
643 1408 102 35 Maj:t
768 1407 169 35 beviljade
962 1407 83 30 1920
1070 1406 61 30 och
1156 1406 82 30 1921
1263 1411 56 24 ars
1335 1404 178 36 riksdagar
1528 1404 121 34 anslag

148 1454 56 30 till
227 1452 216 37 anläggande
466 1463 45 19 av
534 1452 115 36 dylikt
672 1451 236 36 reningsverk,
932 1450 61 30 och
1017 1449 221 31 omnämndes
1261 1449 11 29 i
1297 1448 89 30 detta
1402 1447 247 35 sammanhang

149 1498 52 30 uti
225 1497 132 35 Kungl.
382 1496 117 36 Maj:ts
522 1497 38 29 år
585 1495 83 30 1920
694 1494 194 36 framlagda
911 1494 208 35 proposition
1143 1493 12 29 i
1179 1493 132 34 frågan,
1335 1493 50 29 att
1408 1493 42 34 på
1474 1490 111 37 grund
1605 1500 44 20 av

150 1541 163 30 kontrakt
348 1539 130 31 mellan
512 1539 162 36 styrelsen
710 1538 62 30 och
800 1537 216 35 Hornsbergs
1039 1535 356 36 municipalsamhälle
1418 1535 154 35 avgiften
1598 1534 53 29 för

150 1584 64 31 den
249 1584 56 30 till
334 1583 182 30 samhället
539 1582 192 30 levererade
755 1580 290 35 vattenmängden
1069 1580 111 30 skulle
1203 1580 118 29 kunna
1345 1578 95 35 höjas
1463 1579 42 34 på
1529 1577 122 30 sådant

150 1629 78 34 sätt,
262 1629 52 28 att
348 1626 182 36 hospitalet
563 1626 74 30 icke
672 1626 110 29 skulle
815 1625 132 30 behöva
969 1624 146 29 belastas
1140 1623 75 30 med
1239 1624 106 28 större
1370 1622 52 30 del
1445 1632 44 19 av
1513 1621 138 35 anlägg-

151 1670 291 37 ningskostnaden
476 1672 45 28 än
556 1679 71 20 som
651 1668 216 31 motsvarade
891 1667 203 31 detsammas
1119 1666 235 31 vattenbehov.
1400 1665 98 30 Detta
1528 1664 124 30 förhal-

152 1715 100 30 lande
276 1714 182 30 framhölls
481 1716 87 28 även
592 1723 43 20 av
660 1712 250 31 statsutskottet
934 1711 11 30 i
969 1710 74 31 dess
1066 1710 176 31 utlatande
1266 1711 81 28 över
1371 1708 149 31 nämnda
1535 1718 117 25 propo-

148 1759 115 30 sition.

195 1802 113 31 Sedan
332 1800 259 37 reningsverket
614 1800 135 35 anlagts
773 1799 60 30 och
851 1799 103 36 tagits
970 1799 11 29 i
998 1797 87 31 bruk
1102 1798 48 29 lät
1166 1796 347 36 medicinalstyrelsen
1530 1804 121 27 genom

153 1846 201 36 ingenjören
378 1845 34 31 J.
437 1844 196 36 Bergström
657 1843 189 31 verkställa
869 1842 189 35 beräkning
1082 1840 173 36 angående
1278 1840 55 30 det
1357 1840 121 35 tillägg
1495 1839 11 30 i
1523 1840 130 29 vatten-

153 1890 166 35 avgiften,
344 1898 72 21 som
442 1886 372 37 municipalsamhället
838 1887 12 29 i
867 1885 85 36 följd
967 1896 44 19 av
1028 1885 273 35 reningsverkets
1316 1883 211 36 anläggning
1544 1882 108 30 skulle

152 1933 92 30 hava
278 1934 51 29 att
364 1932 199 35 ytterligare
597 1931 151 35 erlägga.
795 1930 56 29 Av
886 1929 104 36 sagda
1022 1928 190 35 beräkning
1241 1927 177 36 framgick,
1442 1928 50 29 att
1516 1927 12 28 i
1551 1926 103 36 själv-

153 1976 271 36 kostnadspriset
458 1975 102 31 borde
596 1975 81 35 ingå
712 1973 187 31 kostnaden
935 1973 52 29 för
1022 1972 64 30 den
1121 1971 182 31 elektriska
1337 1971 124 35 energi,
1493 1980 71 20 som
1589 1970 65 29 för-

153 2020 171 30 brukades
359 2020 52 30 för
447 2019 170 35 filtrering
653 2018 62 30 och
750 2017 214 35 ozonisering
995 2026 42 20 av
1062 2017 142 33 vattnet,
1227 2014 173 31 beräknad
1423 2014 55 30 till
1501 2013 71 30 3.04
1597 2015 58 28 öre

154 2073 59 26 per
247 2063 226 34 kubikmeter,
509 2061 119 31 vidare
661 2060 227 31 kostnaderna
923 2060 54 30 för
1010 2058 402 36 förbrukningsartiklar,
1445 2057 120 36 tillsyn
1592 2056 61 31 och

154 2106 183 32 underhåll
372 2106 62 31 och
467 2105 218 31 oförutsedda
709 2104 182 31 kostnader
915 2102 191 31 beräknade
1129 2103 54 30 till
1207 2104 49 29 1.5
1282 2104 56 28 öre
1361 2111 57 26 per
1440 2101 215 30 kubikmeter

155 2152 89 30 samt
267 2151 164 35 slutligen
455 2152 101 28 ränta
579 2151 21 29 å
622 2149 62 30 och
707 2148 210 35 amortering
940 2158 45 19 av
1008 2145 430 38 anläggningskostnaden,
1455 2144 201 37 uppgående

154 2195 57 30 till
245 2195 41 30 10
321 2196 55 28 öre
411 2203 60 26 per
504 2193 225 31 kubikmeter.
777 2190 236 36 Sammanlagt
1046 2190 111 31 skulle
1188 2189 263 36 ifrågavarande
1474 2187 182 31 kostnader

154 2240 114 34 uppgå
303 2238 55 30 till
394 2239 93 29 14.54
524 2239 55 28 öre
614 2236 83 31 eller
731 2236 12 30 i
776 2235 173 31 avrundat
971 2234 49 31 tal
1045 2234 39 30 15
1108 2236 56 28 öre
1188 2243 56 26 per
1268 2233 224 34 kubikmeter,
1517 2231 139 31 varmed

155 2282 147 31 sålunda
325 2281 65 31 den
415 2281 168 36 utgående
602 2279 276 36 vattenavgiften
900 2278 101 31 borde
1024 2278 91 31 ökas.

200 2326 130 30 Genom
365 2325 112 30 beslut
512 2324 66 31 den
612 2324 40 30 31
688 2324 66 35 juli
788 2322 234 31 innevarande
1055 2323 39 29 år
1127 2321 189 31 fastställde
1338 2320 129 35 Kungl.
1493 2319 98 35 Maj:t
1615 2325 42 28 på

157 2369 261 35 framställning
441 2378 45 20 av
509 2367 167 37 styrelsen
700 2366 276 36 vattenavgiften
991 2366 52 29 för
1058 2364 211 31 återstående
1285 2364 97 30 delen
1397 2373 43 20 av
1457 2362 43 31 då
1516 2361 142 37 löpande

156 2412 223 36 tioårsperiod
403 2412 84 30 eller
510 2411 55 30 till
589 2410 61 31 och
673 2410 77 31 med
774 2409 65 31 den
860 2409 40 31 26
918 2418 91 22 mars
1026 2408 82 30 1926
1126 2408 55 30 till
1198 2408 70 30 24.5
1287 2409 56 28 öre
1359 2416 57 26 per
1431 2406 225 31 kubikmeter.

201 2455 360 36 Municipalstyrelsen
597 2455 12 29 i
644 2454 199 34 Hornsberg
877 2452 115 36 ingick
1027 2452 148 30 därefter
1210 2451 55 30 till
1300 2450 129 35 Kungl.
1458 2449 100 35 Maj:t
1580 2448 76 30 med
