1876 2794
430 163 409 40 Bevillningsutskottets
866 165 222 31 betänkande
1114 175 44 22 nr
1183 165 50 30 16.
1576 163 18 31 7

73 246 304 41 arbetsförmågan
404 249 155 39 upphört
583 266 45 3 —
651 249 46 30 ha
723 251 119 37 sparat
868 251 50 28 ett
943 252 73 27 mot
1042 249 270 30 studieskulden
1337 249 175 30 svarande
1535 248 57 30 be-

74 295 91 42 lopp.
189 298 67 30 Om
278 297 126 41 frågan
426 297 225 32 betraktades
674 308 42 21 ur
739 299 228 39 synpunkten
993 299 116 30 >»skatt
1132 299 88 30 efter
1244 298 179 40 förmåga»
1450 299 142 29 komme

76 356 93 26 man,
189 348 81 29 sade
288 348 223 34 kommittén,
530 348 134 30 således
681 348 52 30 till
752 349 58 29 det
828 349 195 33 resultatet,
1043 350 51 28 att
1112 349 58 29 det
1189 348 76 30 icke
1284 348 155 40 förelåge
1459 357 135 21 samma

75 398 77 30 skäl
171 401 50 28 att
241 400 122 38 medge
383 400 131 39 avdrag
533 399 56 30 för
609 400 214 39 amortering
843 399 56 31 för
919 400 310 30 studiekostnader
1250 400 55 30 för
1325 400 67 30 den
1413 409 76 20 som
1509 401 83 29 ned-

74 447 71 40 lagt
162 450 76 29 ärvt
254 450 134 39 kapital
405 449 11 29 i
433 449 200 40 utbildning
650 459 75 21 som
743 452 50 28 att
810 450 123 40 medge
950 450 282 30 rörelseidkaren
1249 450 131 40 avdrag
1398 450 55 30 för
1470 451 122 29 värde-

74 497 215 41 minskning.
312 499 133 30 Genom
467 500 95 30 detta
583 508 232 31 resonemang
837 500 118 30 fördes
979 500 343 40 avvägningsfrågan
1344 500 46 41 på
1411 503 78 37 nytt
1510 501 84 30 över

74 547 81 31 från
178 549 58 29 det
259 548 219 32 horisontala
503 549 53 30 till
580 551 57 29 det
662 550 171 30 vertikala
858 550 102 35 ledet,
984 552 11 28 i
1020 550 108 32 vilket
1153 552 67 29 den
1245 560 76 20 som
1346 552 144 29 nämnts
1515 551 76 29 icke

76 599 109 30 hörde
210 599 142 30 hemma
374 599 12 29 i
411 599 97 30 detta
535 600 266 39 sammanhang.
829 600 50 30 De
905 609 91 23 ovan
1022 600 151 31 anförda
1200 601 270 39 synpunkterna
1496 600 99 31 ledde

75 649 263 30 motionärerna
356 650 54 29 till
429 650 67 29 den
515 650 183 31 bestämda
717 650 276 40 uppfattningen
1012 652 51 29 att
1082 660 44 20 en
1144 651 210 39 fullständig
1373 651 222 39 avdragsrätt

74 698 55 31 för
155 700 310 31 studiekostnader
489 710 82 21 vore
595 700 214 41 principiellt
835 701 206 32 motiverad.
1068 702 53 29 En
1147 702 196 39 begränsad
1370 702 223 39 avdragsrätt

74 749 45 40 på
137 752 70 29 sätt
225 750 212 31 kommittén
456 751 181 40 föreslagit
656 751 113 30 skulle
787 751 207 40 visserligen
1013 752 77 30 leda
1109 752 54 30 till
1181 762 43 19 en
1242 752 214 40 förbättring
1475 752 55 30 för
1549 761 43 21 en

74 799 55 31 del
148 800 223 30 studerande.
389 802 78 29 Den
484 801 113 30 skulle
615 801 194 31 emellertid
827 802 77 30 icke
923 802 180 34 innebära,
1122 804 52 28 att
1191 803 67 29 den
1276 803 208 29 nuvarande
1501 802 92 40 klyf-

73 850 62 30 tan
156 850 11 30 i
189 850 449 40 beskattningshänseende
661 853 176 38 gentemot
859 852 239 40 skattskyldig
1119 853 81 29 med
1222 853 110 30 andra
1356 852 237 31 förvärvskäl-

74 900 52 31 lor
146 900 237 40 utjämnades.

120 1001 184 29 Utskottet.
324 1000 122 31 Såsom
470 1000 152 38 framgår
644 1010 42 21 av
706 1001 66 30 den
794 1010 91 21 ovan
908 1002 160 30 lämnade
1089 1002 243 38 redogörelsen
1352 1002 64 30 har
1441 1002 80 30 1944
1540 1002 56 31 års

77 1051 177 29 allmänna
278 1050 295 31 skattekommitté
597 1052 12 29 i
634 1052 147 37 avgivna
805 1052 246 30 betänkanden
1076 1052 163 38 framlagt
1264 1052 131 39 förslag
1420 1053 177 38 angående

77 1101 153 30 ändrade
254 1101 262 30 bestämmelser
541 1101 55 31 för
619 1102 223 38 beskattning
866 1111 43 21 av
934 1103 194 37 periodiskt
1153 1103 190 30 understöd
1367 1113 45 20 m.
1437 1113 46 20 m.
1509 1105 89 30 samt

76 1151 149 30 rörande
247 1152 321 30 studiekostnaders
590 1152 212 38 behandling
824 1153 11 29 i
858 1153 451 38 beskattningshänseende.
1332 1154 49 30 De
1403 1154 195 38 framlagda

75 1202 178 39 förslagen
274 1203 61 29 äro
356 1202 151 30 föremål
528 1203 56 29 för
604 1203 267 39 överväganden
892 1203 97 30 inom
1013 1203 401 41 finansdepartementet
1437 1204 77 35 och,
1537 1214 59 21 en-

77 1252 62 38 ligt
158 1253 66 29 vad
245 1253 167 30 utskottet
433 1253 181 35 inhämtat,
634 1254 157 30 kommer
811 1254 221 37 proposition
1052 1254 45 37 på
1118 1255 170 37 grundval
1309 1264 44 21 av
1373 1255 225 30 kommitténs

78 1302 133 39 förslag
230 1303 11 29 i
261 1305 77 28 vart
358 1303 64 30 fall
442 1304 76 30 icke
539 1306 49 28 att
609 1304 194 38 föreläggas
825 1305 240 30 innevarande
1089 1306 58 29 års
1168 1305 154 40 riksdag.

119 1354 13 30 I
157 1354 88 31 flera
268 1365 42 21 av
334 1356 42 30 de
400 1355 239 41 föreliggande
661 1355 224 31 motionerna
907 1357 66 30 har
996 1357 200 32 hemställts
1220 1366 57 21 om
1301 1357 295 41 lagstiftningsåt-

77 1404 125 39 gärder
222 1405 12 29 i
256 1404 191 39 anledning
469 1414 43 21 av
533 1405 248 30 ovannämnda
804 1405 334 40 kommittéförslag,
1162 1406 111 30 under
1297 1407 58 29 det
1379 1409 51 27 att
1451 1406 12 29 i
1485 1407 112 29 andra

75 1455 174 31 motioner
268 1466 42 19 en
331 1457 149 38 översyn
502 1456 176 31 förordats
699 1466 43 21 av
762 1456 189 41 förslagen.
974 1457 155 31 Sålunda
1149 1458 107 39 yrkas
1276 1458 12 29 i
1308 1459 41 29 de
1370 1458 227 40 likalydande

75 1505 223 30 motionerna
323 1506 29 29 I:
369 1505 64 30 214
455 1506 65 29 och
542 1506 45 29 II:
604 1506 74 34 285,
702 1508 50 28 att
776 1506 190 39 riksdagen
988 1507 109 29 måtte
1118 1507 138 30 besluta
1277 1507 321 40 författningsänd-

74 1556 121 40 ringar
212 1566 42 21 av
271 1558 10 29 i
300 1557 188 30 huvudsak
506 1558 68 29 den
590 1558 171 30 innebörd
780 1558 214 30 kommittén
1011 1558 182 40 föreslagit
1211 1561 92 28 samt
1321 1560 51 29 att
1390 1560 208 39 ändringar-

74 1616 46 21 na
147 1607 109 30 måtte
284 1608 101 30 träda
412 1608 11 29 i
451 1608 97 30 kraft
575 1610 67 29 den
671 1608 15 29 1
714 1608 144 40 januari
888 1608 95 30 1953.
1012 1609 262 31 Motionärerna
1301 1610 47 30 ha
1375 1610 11 29 i
1414 1610 183 31 sistberör-

74 1657 45 30 da
156 1657 173 31 motioner
367 1658 159 30 förordat
562 1659 218 39 väsentligen
817 1658 161 40 följande
1016 1660 191 40 ändringar
1232 1660 11 30 i
1269 1660 231 31 kommitténs
1527 1661 70 30 för-

76 1708 83 39 slag,
200 1708 178 41 nämligen
417 1708 72 30 viss
529 1709 265 40 uppmjukning
832 1711 152 30 rörande
1013 1710 268 40 avdragsrätten
1307 1712 57 29 för
1392 1712 125 40 bidrag
1544 1712 53 31 till

75 1758 187 30 studerade
297 1757 213 31 tillhörande
546 1759 160 38 givarens
742 1759 153 36 hushåll,
930 1760 72 30 viss
1038 1761 152 40 ändring
1223 1771 42 21 av
1300 1763 207 39 underlaget
1542 1763 57 30 för

77 1807 225 30 beräknande
337 1817 43 20 av
415 1808 211 39 avdragsgill
664 1808 233 35 studieskuld,
938 1810 223 39 avdragsrätt
1199 1810 55 30 för
1292 1811 225 40 avbetalning
1552 1821 44 20 av

75 1858 76 30 icke
189 1859 353 31 förvärvsarbelande
576 1861 123 30 makes
726 1861 223 30 studieskuld
976 1864 92 28 samt
1094 1862 134 30 sådana
1251 1862 348 41 övergångsbestäm-

77 1908 137 34 melser,
246 1910 51 28 att
329 1909 87 29 även
449 1909 68 29 den
548 1918 75 20 som
656 1910 114 38 avlagt
803 1919 148 20 examen
983 1910 149 39 tidigare
1165 1912 45 28 än
1241 1911 72 29 fem
1346 1912 39 29 år
1417 1912 76 29 före
1525 1912 70 30 för-

77 1959 434 41 fattningsändringarnas
552 1961 284 30 ikraftträdande
876 1962 73 30 kan
989 1962 134 31 erhålla
1162 1963 130 39 avdrag
1322 1963 55 30 för
1406 1963 192 31 återståen-

76 2010 41 29 de
160 2010 223 40 amortering.
427 2010 128 30 Vidare
595 2012 108 38 yrkas
743 2012 13 29 i
796 2013 42 29 de
880 2013 228 38 likalydande
1138 2013 224 31 motionerna
1391 2014 28 29 I:
1437 2014 61 29 291
1532 2015 65 29 och

76 2060 46 29 I[:
139 2060 74 34 382,
241 2063 51 28 att
319 2061 190 39 riksdagen
536 2061 109 30 måtte
672 2062 137 31 besluta
837 2062 134 30 sådana
999 2063 191 40 ändringar
1218 2063 11 29 i
1255 2064 343 31 kommunalskatte-

78 2110 111 38 lagen,
210 2111 51 27 att
282 2110 131 38 avdrag
432 2110 176 39 medgives
628 2111 56 29 för
704 2111 309 30 studiekostnader
1033 2114 135 27 oavsett
1189 2113 67 28 hur
1277 2113 183 30 studierna
1481 2114 116 29 finan-

78 2159 125 29 sierats
220 2161 91 28 samt
328 2161 51 28 att
396 2159 189 40 riksdagen
602 2160 9 29 i
629 2161 112 38 övrigt
759 2161 109 29 måtte
886 2163 130 37 antaga
1033 2163 57 28 det
1107 2172 43 20 av
1167 2162 210 30 kommittén
1399 2163 199 40 framlagda

76 2211 167 38 förslaget
262 2211 10 29 i
291 2211 100 39 fråga
410 2221 58 20 om
488 2211 375 31 studiekostnadernas
884 2213 279 39 skatterättsliga
1180 2214 225 40 behandling.
1427 2215 169 40 Slutligen

75 2261 107 38 yrkas
209 2260 11 29 i
246 2261 41 29 de
313 2261 227 38 likalydande
566 2262 220 30 motionerna
814 2262 28 29 I:
860 2262 64 29 216
951 2263 66 29 och
1043 2263 45 28 II:
1106 2263 62 29 287
1197 2264 167 30 skrivelse
1391 2265 52 29 till
1469 2265 126 40 Kungl.

76 2310 105 39 Maj:t
202 2311 79 29 med
301 2311 213 31 hemställan
534 2321 57 19 om
614 2312 132 39 förslag
764 2312 53 29 till
841 2312 84 29 1953
946 2313 57 31 års
1024 2313 145 39 riksdag
1188 2314 224 30 beträffande
1433 2317 163 38 avdrags-

75 2362 70 28 rätt
167 2361 54 29 för
244 2361 309 30 studiekostnader
575 2363 170 28 avseende
768 2362 94 30 såväl
885 2363 233 30 akademiska
1139 2364 64 28 och
1226 2365 144 29 därmed
1391 2365 204 40 jämförliga

77 2411 133 30 studier
240 2420 74 20 som
343 2411 308 40 yrkesutbildning
679 2412 96 29 inom
803 2412 187 39 jordbruk,
1020 2413 139 36 handel,
1190 2414 183 34 hantverk,
1404 2415 98 39 sjuk-
1531 2418 64 28 och

74 2460 198 35 hälsovård,
294 2461 122 30 socialt
438 2461 117 31 arbete
576 2471 45 20 m.
642 2471 46 20 m.
