1878 2792
447 167 409 39 Bevillningsutskottets
882 169 222 32 betänkande
1130 180 43 22 nr
1200 171 50 29 16.
1593 170 14 29 1

773 463 60 40 Nr
861 463 64 41 16.

311 580 408 41 Bevillningsutskottets
750 582 222 31 betänkande
1002 584 11 29 i
1040 583 192 40 anledning
1259 593 43 21 av
1332 583 123 31 väckta
1484 583 125 31 motio-

534 641 63 22 ner
621 642 56 21 om
703 632 156 32 ändrade
886 633 265 31 bestämmelser
1175 634 181 39 angående
1384 633 225 40 beskattning

534 692 43 21 av
594 682 197 40 periodiskt
810 684 195 30 understöd
1023 687 94 27 samt
1135 693 56 21 om
1212 685 71 30 rätt
1301 687 52 29 att
1374 684 57 31 vid
1450 685 159 39 taxering

535 733 53 31 till
609 733 256 32 inkomstskatt
886 734 142 40 åtnjuta
1050 735 132 40 avdrag
1202 736 58 40 för
1283 736 91 30 vissa
1395 735 213 30 studiekost-

534 783 118 32 nader.

1369 836 76 34 (2:a
1460 837 97 34 avd.)

131 950 66 30 Till
219 951 385 40 bevillningsutskottet
625 953 46 30 ha
691 953 184 31 hänvisats
898 954 159 39 följande
1078 954 98 30 inom
1196 955 191 40 riksdagen
1406 956 137 33 väckta,
1566 964 42 21 av

86 1001 172 31 utskottet
279 1002 54 30 till
354 1002 215 41 behandling
591 1003 11 30 i
624 1006 48 28 ett
695 1004 260 40 sammanhang
976 1006 181 39 upptagna
1178 1006 184 34 motioner,
1384 1006 178 40 nämligen

133 1050 34 34 1)
198 1052 41 30 de
264 1052 226 39 likalydande
515 1052 221 33 motionerna
761 1054 29 30 I:
808 1054 64 30 214
896 1064 43 21 av
962 1055 82 30 herr
1072 1055 163 31 Weiland
1257 1066 46 20 m.
1329 1056 37 30 fl.
1391 1057 65 29 och
1480 1057 46 29 II:
1542 1056 64 30 285

87 1110 43 21 av
145 1102 82 29 herr
241 1102 187 39 Swedberg
444 1112 45 20 m.
506 1103 48 33 fl.,
571 1104 74 29 vari
661 1104 210 34 hemställts,
888 1107 51 27 att
955 1105 189 39 riksdagen
1160 1106 109 29 måtte
1286 1106 80 30 med
1382 1106 225 40 tillämpning

86 1152 80 31 från
184 1154 67 30 den
273 1154 14 29 1
307 1153 144 40 januari
473 1154 83 30 1953
575 1155 90 31 fatta
681 1156 117 29 beslut
815 1165 57 20 om
890 1157 136 30 ändrad
1044 1157 131 39 lydelse
1193 1158 11 29 i
1222 1157 95 31 vissa
1335 1158 96 30 delar
1448 1167 43 21 av
1508 1159 99 29 kom-

84 1203 346 41 munalskattelagen
449 1206 68 29 den
537 1204 41 30 28
599 1206 198 39 september
817 1206 95 37 1928,
933 1207 255 40 förordningen
1208 1209 69 29 den
1295 1208 41 30 26
1356 1208 67 40 juli
1445 1208 83 30 1947
1549 1218 57 20 om

85 1254 119 40 statlig
223 1254 256 32 inkomstskatt
499 1256 65 30 och
584 1256 255 42 förordningen
858 1258 67 30 den
945 1257 19 30 6
984 1258 79 39 juni
1087 1257 81 31 1941
1190 1268 59 21 om
1268 1260 178 30 arvsskatt
1465 1260 65 30 och
1550 1259 56 41 gå-

87 1303 139 32 voskatt
251 1304 108 39 enligt
384 1313 43 21 en
451 1305 58 30 vid
535 1306 222 32 motionerna
781 1306 106 39 fogad
912 1306 130 40 bilaga;

130 1354 36 34 2)
197 1356 41 30 de
266 1356 226 39 likalydande
519 1357 223 30 motionerna
768 1358 30 30 I:
815 1358 63 30 216
906 1368 43 21 av
973 1359 83 31 herr
1081 1359 208 40 Söderquist
1316 1361 66 29 och
1409 1360 46 30 11:
1471 1360 63 30 287
1563 1370 43 21 av

84 1405 81 31 herr
186 1406 133 30 Wedén
339 1416 45 20 m.
406 1407 48 35 fl.,
475 1408 74 30 vari
568 1407 210 36 hemställts,
801 1411 71 29 >att
892 1409 190 40 riksdagen
1102 1410 108 30 måtte
1231 1411 142 30 anhålla
1392 1412 64 29 hos
1477 1412 126 39 Kungl.

84 1456 107 39 Maj:l
216 1466 59 20 om
301 1457 133 40 förslag
461 1458 52 30 till
543 1458 82 30 1953
653 1458 57 31 års
737 1459 145 40 riksdag
908 1460 226 30 beträffande
1160 1461 141 40 lösning
1327 1471 42 21 av
1396 1462 125 39 frågan
1548 1472 57 20 om

84 1508 69 28 rätt
171 1509 51 28 att
239 1508 153 40 avdraga
410 1509 308 30 studiekostnader
736 1509 58 31 vid
812 1510 272 40 beskattningen
1103 1511 55 30 för
1176 1511 96 30 såväl
1291 1512 230 31 akademiska
1539 1513 65 30 och

83 1557 146 31 därmed
247 1558 206 40 jämförliga
474 1559 134 31 studier
628 1569 76 21 som
724 1561 57 30 för
800 1560 201 40 utbildning
1021 1561 97 30 inom
1137 1561 185 40 jordbruk,
1343 1563 138 37 handel,
1502 1564 103 30 hant-

83 1608 95 35 verk,
211 1608 100 39 sjuk-
341 1610 65 28 och
437 1610 197 35 hälsovård,
666 1611 124 31 socialt
821 1612 118 30 arbete
970 1612 65 29 och
1067 1613 111 29 andra
1208 1613 173 31 likartade
1412 1622 189 32 grupper»;

82 1658 168 30 ävensom

127 1708 37 33 3)
213 1710 41 30 de
275 1709 227 39 likalydande
523 1710 222 32 motionerna
766 1711 29 31 1:
812 1711 61 30 291
897 1722 43 21 av
959 1713 82 30 herr
1061 1713 217 39 Magnusson
1300 1715 66 29 och
1387 1715 126 30 fröken
1534 1715 70 30 An-

81 1759 148 30 dersson
250 1761 92 28 samt
363 1760 46 29 II:
425 1760 64 30 382
510 1770 42 21 av
571 1761 81 30 herr
671 1761 131 40 Kyling
820 1772 46 20 m.
887 1763 49 36 fl.,
956 1764 75 30 vari
1051 1764 209 35 hemställts,
1283 1766 94 29 >dels
1397 1768 51 29 att
1467 1767 137 30 riksda-

80 1817 68 31 gen
169 1810 110 29 måtte
302 1810 56 30 för
381 1810 54 30 sin
458 1812 54 29 del
535 1811 137 31 besluta
695 1812 135 31 sådana
852 1813 192 40 ändringar
1066 1814 12 29 i
1100 1814 431 42 kommunalskattelagen
1553 1819 50 28 att

80 1860 224 39 avdragsrätt
324 1861 177 39 medgives
522 1862 55 29 för
597 1862 320 36 studiekostnader,
938 1866 137 29 oavsett
1094 1866 105 30 sättet
1220 1866 55 31 för
1295 1867 121 30 dessas
1435 1867 168 31 finansie-

83 1909 119 33 rande,
225 1909 74 30 dels
318 1910 62 33 att,
400 1910 11 28 i
432 1910 123 39 övrigt,
577 1911 57 29 det
654 1920 42 21 av
720 1911 86 30 1944
826 1912 58 30 års
905 1913 181 30 allmänna
1109 1914 303 31 skattekommitté
1434 1915 11 29 i
1467 1916 136 30 föreva-

84 1959 109 29 rande
218 1960 174 29 avseende
419 1960 199 39 framlagda
645 1960 169 40 förslaget
841 1962 11 29 i
879 1962 211 40 tillämpliga
1118 1964 97 30 delar
1243 1964 124 30 vinner
1395 1966 208 39 riksdagens

82 2008 111 34 bifall,
218 2009 74 32 dels
315 2010 66 29 ock
406 2012 50 30 att
479 2010 261 31 vederbörande
764 2013 137 29 utskott
925 2013 109 30 måtte
1059 2014 162 32 utarbeta
1246 2014 132 40 förslag
1402 2015 53 31 till
1479 2016 123 31 härför

81 2059 231 40 erforderliga
331 2060 459 40 författningsändringar>.

127 2110 230 30 Beträffande
376 2110 42 30 de
438 2110 86 34 skäl,
546 2120 75 20 som
641 2112 139 30 anförts
800 2112 53 31 till
873 2114 77 29 stöd
970 2113 56 30 för
1044 2114 42 29 de
1106 2113 11 30 i
1136 2114 222 31 motionerna
1379 2116 224 31 framställda

81 2161 217 38 yrkandena,
329 2162 56 30 får
413 2163 182 34 utskottet,
633 2164 2 29 i
665 2165 67 30 den
762 2164 85 31 mån
874 2166 221 38 redogörelse
1123 2166 123 32 härför
1275 2167 31 39 ej
1338 2168 137 31 lämnas
1504 2169 11 30 i
1544 2170 58 30 det

82 2210 169 38 följande,
282 2210 150 30 hänvisa
459 2211 52 29 till
541 2212 223 30 motionerna
794 2213 120 34 I:214,
944 2213 46 30 II:
1018 2213 63 30 287
1112 2215 65 29 och
1207 2215 135 31 II:382.
1371 2217 14 28 I
1415 2217 99 39 fråga
1544 2227 57 20 om

83 2259 192 30 innehållet
295 2260 10 29 i
325 2260 67 29 den
412 2261 57 29 vid
489 2261 221 30 motionerna
730 2262 29 29 1:
777 2262 63 29 214
861 2263 65 29 och
947 2263 45 29 II:
1010 2263 63 30 285
1095 2265 125 37 fogade
1240 2265 140 39 bilagan
1400 2267 130 30 tillåter
1550 2267 52 40 sig

82 2309 172 30 utskottet
275 2310 148 31 hänvisa
442 2310 52 29 till
513 2311 217 30 densamma.

125 2411 65 30 Vid
211 2411 196 41 beräkning
428 2421 43 21 av
491 2410 202 32 inkomsten
710 2413 84 30 från
816 2414 152 30 särskild
990 2414 257 33 förvärvskälla
1269 2417 99 31 skola
1389 2418 107 39 enligt
1518 2419 41 30 20
1583 2418 16 37 8

80 2461 429 40 kommunalskattelagen
536 2462 79 30 från
641 2463 302 31 förvärvskällans
970 2465 154 31 intäkter
1151 2467 175 30 avräknas
1353 2468 68 31 alla
1446 2470 155 30 omkost-

111 2527 13 26 1
165 2528 112 30 Bihang
290 2527 47 25 till
350 2528 169 30 riksdagens
532 2528 148 31 protokoll
693 2529 76 24 1952.
790 2530 14 23 7
816 2530 85 24 saml.
922 2531 38 23 Nr
986 2532 36 23 16.
