1846 2780
238 161 22 30 4
453 166 188 34 Allmänna
656 170 400 43 beredningsutskottets
1071 179 178 32 utlåtande
1262 191 45 20 nr
1321 183 39 30 17
1374 184 40 30 år
1427 186 82 30 1961

240 241 147 42 företag.
413 244 202 34 Förbundet
641 249 166 33 hänvisar
834 253 52 30 till
913 255 511 38 kommunalrättskommittén
1452 265 66 30 och
1545 268 184 39 avstyrker

238 295 232 33 motionerna.

281 348 397 38 Landskommunernas
699 356 155 40 förbund
875 360 165 41 anlägger
1061 373 135 22 samma
1217 369 221 38 synpunkter
1460 380 76 21 som
1558 373 169 31 stadsför-

236 400 135 33 bundet
397 404 64 30 och
487 405 207 33 framhåller
719 409 189 39 dessutom,
936 416 51 29 att
1013 415 59 31 det
1098 417 74 31 ofta
1198 419 38 29 är
1264 420 195 40 självklart,
1487 426 51 29 att
1564 425 162 32 kommu-

236 462 114 23 nerna
368 457 132 40 stödjer
519 459 78 31 sina
615 469 88 32 egna
721 462 145 43 företag,
886 467 84 30 enär
989 468 259 34 kommunerna
1266 473 66 30 har
1351 475 57 30 det
1427 477 130 30 största
1576 478 149 32 intresse

235 515 45 22 av
300 511 51 28 att
371 511 269 33 verksamheten
660 516 266 39 upprätthålles.
947 520 204 34 Förbundet
1172 524 167 32 hänvisar
1360 528 107 31 också
1487 530 53 30 till
1562 531 161 32 kommu-

234 561 364 35 nalrättskommittén
622 568 65 29 och
710 571 183 38 avstyrker
915 574 232 32 motionerna.

881 709 195 39 Utskottet

279 782 123 32 Såsom
422 785 12 29 i
454 787 213 38 yttrandena
688 790 81 31 över
791 792 222 34 motionerna
1034 795 214 35 framhållits
1271 800 100 32 torde
1393 802 58 31 det
1473 803 110 32 redan
1604 805 84 41 ingå
1708 807 14 30 i

232 836 227 40 uppgifterna
480 839 56 31 för
557 841 511 38 kommunalrättskommittén
1090 853 50 28 att
1162 852 108 39 pröva
1293 853 134 41 frågan,
1450 855 177 35 huruvida
1649 860 73 29 sär-

232 888 118 32 skilda
368 890 161 41 åtgärder
548 894 72 30 kan
639 905 62 20 var
719 897 169 40 befogade
909 900 55 30 för
984 904 51 28 att
1057 904 207 31 säkerställa
1283 906 229 41 borgenärers
1533 911 71 30 rätt
1624 915 95 36 gent-

230 945 95 28 emot
352 944 263 42 kommunägda
642 948 143 42 företag,
815 961 74 21 som
917 954 95 30 drivs
1041 956 117 30 såsom
1185 959 176 31 särskilda
1387 962 245 41 rättssubjekt.
1661 967 59 29 Ut-

229 995 134 32 skottet
387 997 116 31 finner
527 1001 81 29 med
633 1001 137 42 hänsyn
796 1004 118 31 härtill
940 1007 77 30 icke
1044 1009 220 42 erforderligt
1291 1014 80 29 med
1396 1014 106 40 något
1528 1016 153 32 initiativ
1706 1019 11 29 i

228 1048 127 40 frågan
380 1050 79 31 från
483 1052 206 41 riksdagens
715 1056 77 30 sida
816 1060 85 28 utan
925 1060 214 37 hemställer,

582 1110 52 27 att
652 1108 42 30 de
713 1109 224 40 likalydande
957 1114 221 32 motionerna
1198 1117 29 30 I:
1243 1118 64 30 534
1329 1120 65 30 och
1415 1120 45 31 II:
1476 1122 63 30 633
1560 1123 77 30 icke
1658 1124 59 30 må

537 1160 182 32 föranleda
740 1163 115 40 någon
876 1165 207 41 riksdagens
1105 1168 131 41 åtgärd.

270 1209 203 32 Stockholm
494 1212 67 30 den
583 1214 38 29 21
645 1224 94 21 mars
763 1216 79 31 1961

552 1320 50 30 På
619 1321 179 32 allmänna
813 1323 401 43 beredningsutskottets
1233 1331 146 39 vägnar:

772 1403 146 31 NANCY
939 1406 219 32 ERIKSSON

265 1609 242 32 Närvarande:

263 1661 83 31 från
373 1663 166 32 första
566 1667 222 33 kammaren:
806 1671 122 31 herrar
943 1673 133 37 Möller,
1094 1676 161 41 Nestrup,
1273 1679 85 31 Axel
1372 1681 171 31 Emanuel
1556 1684 153 30 Anders-

220 1714 75 27 son,
317 1707 78 31 Uno
415 1708 199 38 Olofsson+,
635 1712 215 38 Hellebladh,
872 1717 91 39 Tage
985 1718 211 38 Johansson,
1219 1722 131 37 Schött,
1373 1725 59 30 fru
1453 1726 257 33 Hamrin-Tho-

219 1750 84 30 rell=
327 1753 66 29 och
413 1753 82 30 herr
515 1755 112 40 Bengt
648 1757 252 39 Gustavsson;

262 1803 83 31 från
377 1806 155 32 andra
563 1809 222 33 kammaren:
809 1812 58 31 fru
889 1814 171 32 Eriksson
1081 1817 12 30 i
1114 1818 214 38 Stockholm,
1350 1822 124 31 herrar
1493 1824 181 32 Johnsson
1695 1827 12 29 i

216 1848 180 40 Skoglösa,
416 1850 57 31 fru
491 1852 201 42 Jäderberg,
711 1855 123 31 herrar
853 1858 174 32 Svensson
1047 1861 11 29 i
1077 1862 169 41 Kungälv,
1268 1865 164 32 Carlsson
1451 1868 11 29 i
1481 1869 223 36 Huskvarna,

213 1892 145 32 Nilsson
377 1894 12 30 i
408 1895 198 38 Bästekille,
628 1898 209 42 Björkänge,
859 1903 174 40 Haglund,
1056 1906 176 40 Berglund
1253 1910 66 30 och
1340 1910 125 32 fröken
1487 1913 184 32 Anderson
1693 1915 11 29 i

214 1936 142 32 Lerum.

249 2020 14 15 +
284 2017 36 32 Ej
340 2019 182 27 närvarande
540 2022 50 24 vid
607 2023 180 27 utlåtandets
805 2026 155 33 justering.

768 2495 56 14 IDUNS
834 2496 96 17 TRYCKERI,
942 2498 86 16 ESSELTE,
1039 2500 61 15 STHLM
1111 2502 18 13 61

923 2522 63 17 03898
