2306 2732
456 154 104 27 Andra
583 153 190 27 Kammarens
798 152 163 36 Tillfälliga
990 152 123 28 Utskotts
1134 153 70 37 (N:o
1229 151 32 39 6)
1290 153 155 27 Utlåtande
1467 154 58 26 N:o
1547 151 51 30 22.
1767 156 15 24 1

948 537 78 29 N:o
1047 537 69 29 22.

997 718 62 23 Ank.
1080 718 37 23 till
1137 718 83 25 Riksd.
1240 718 83 23 Kansli
1343 718 22 25 d.
1385 717 15 25 9
1419 719 65 23 Mars
1507 717 73 30 1869,
1599 718 33 25 kl.
1652 718 15 25 6
1687 727 19 16 e.
1727 727 32 16 m.

435 857 115 32 Andra
576 858 208 31 Kommarens
814 858 174 40 Tillfälliga
1021 858 131 33 Utskotts
1179 859 73 40 (N:o
1280 862 32 37 6)
1345 858 164 33 Utlåtande
1536 858 58 32 N:o
1616 860 27 38 1,
1669 857 160 40 angående

634 917 172 41 ifrågasatt
846 918 137 39 ändring
1014 919 13 30 i
1064 918 147 40 gällande
1245 918 220 32 bestämmelser
1490 917 134 32 rörande
1649 918 133 39 trafiken
1808 917 21 31 å

636 977 123 33 Statens
779 978 179 40 jernvägar.

371 1166 53 32 Uti
451 1175 37 22 en
514 1166 46 31 till
586 1166 174 32 Utskottets
787 1166 185 39 behandling
998 1166 149 32 hänvisad
1174 1167 124 38 motion,
1324 1167 57 30 N:o
1406 1166 72 39 241,
1504 1166 57 31 har
1587 1166 80 30 Herr
1692 1165 40 33 A.
1759 1166 68 31 Me-

236 1216 56 32 din
318 1218 71 31 med
416 1217 156 40 obetydlig
597 1216 178 41 förändring
806 1217 122 40 förnyat
960 1218 55 31 sitt
1045 1218 51 31 vid
1136 1218 74 32 flera
1242 1218 183 39 föregående
1457 1217 162 39 riksdagar
1645 1217 107 39 gjorda
1778 1227 49 29 yr-

237 1269 108 39 kande,
371 1270 47 30 att
443 1268 177 40 Riksdagen
646 1269 45 30 uti
718 1268 191 40 underdånig
935 1268 159 32 skrifvelse
1121 1270 46 30 till
1194 1269 108 40 Kongl.
1331 1269 86 39 Maj:t
1442 1268 70 32 ville
1538 1267 136 32 anhålla:

371 1320 53 31 det
449 1319 109 40 Kongl.
585 1319 95 40 Maj:t,
706 1319 78 32 efter
810 1319 196 32 inhemtande
1032 1319 33 32 af
1089 1320 327 40 Jernvägs-styrelsens
1444 1319 166 39 utlåtande,
1637 1319 118 31 täcktes
1782 1319 45 31 bi-

236 1371 86 32 falla:
364 1371 61 40 1:0)
458 1379 37 22 en
534 1370 196 40 nedsättning
769 1370 33 32 af
836 1370 111 41 fyratio
972 1373 127 37 procent
1136 1371 46 32 för
1215 1372 87 31 2:dra
1334 1371 137 31 klassens
1500 1380 79 30 vagn
1606 1370 18 32 å
1650 1369 177 41 snälltågen,

236 1423 107 31 hvilka
380 1421 89 32 äfven
510 1422 94 31 borde
637 1425 75 37 göra
744 1424 45 29 ett
821 1422 70 31 kort
923 1422 144 40 uppehåll
1094 1423 52 31 vid
1172 1423 106 39 hvarje
1304 1423 122 38 station,
1452 1422 35 32 så
1511 1422 93 31 framt
1630 1422 26 39 ej
1684 1431 37 21 en
1747 1422 80 38 3:dje

236 1474 138 31 klassens
401 1483 79 30 vagn
507 1472 80 41 finge
615 1472 105 40 åtfölja
745 1474 64 30 mot
835 1473 42 31 40
903 1477 51 28 öre
981 1474 10 30 i
1019 1473 89 40 afgift
1133 1484 56 29 per
1215 1474 114 32 banmil
1348 1473 48 32 för
1409 1474 105 39 hvarje
1527 1482 125 30 person;
1678 1473 62 39 2:0)
1754 1473 73 30 ned-

237 1525 136 39 sättning
399 1524 11 31 i
436 1524 255 32 fraktkostnaden
724 1523 48 32 för
798 1522 150 43 åtskilligt
978 1527 107 38 tyngre
1115 1526 91 39 gods;
1246 1526 73 31 eller
1345 1525 57 31 ock
1429 1524 62 41 3:0)
1517 1526 46 29 att
1587 1522 241 41 persontrafiken

236 1575 96 33 måtte
358 1575 105 40 skiljas
487 1575 67 32 från
581 1575 215 40 godstrafiken.

370 1627 62 31 Det
457 1626 165 41 Tillfälliga
647 1627 135 39 Utskott,
809 1635 65 22 som
901 1626 51 31 vid
978 1626 138 32 sistlidne
1137 1626 50 32 års
1213 1627 126 39 riksdag
1363 1626 192 32 behandlade
1582 1626 53 31 det
1660 1625 40 32 då
1720 1626 11 30 i
1748 1635 80 21 sam-

240 1688 51 22 ma
317 1677 78 42 syfte
422 1677 192 33 framställda
639 1677 123 41 förslag,
789 1677 149 40 afstyrkte
966 1677 178 40 detsamma,
1171 1678 256 40 hufvudsakligen
1454 1677 33 32 af
1509 1677 133 39 följande
1667 1676 81 32 skäl:
1783 1678 46 30 att

238 1739 37 22 en
301 1729 35 32 så
362 1729 138 40 betydlig
525 1729 269 40 prisnedsättning,
834 1738 65 22 som
939 1729 58 31 den
1030 1727 188 42 ifrågasatta,
1252 1729 152 32 sannolikt
1436 1729 98 31 skulle
1566 1727 183 32 åtminstone
1776 1727 52 31 vid

236 1781 82 31 vissa
343 1780 138 32 tillfällen
507 1780 140 32 medföra
672 1782 99 29 större
797 1780 108 39 tillopp
933 1779 33 31 af
988 1789 208 31 passagerare,
1222 1784 38 27 än
1287 1790 65 22 som
1379 1780 101 31 kunde
1507 1788 132 31 rymmas
1665 1778 11 31 i
1703 1779 52 30 det
1780 1777 49 32 för

239 1831 170 40 snälltågen
434 1831 176 32 beräknade
637 1832 111 39 högsta
774 1830 83 32 antal
883 1840 129 30 vagnar;
1040 1833 46 29 att
1112 1834 44 28 ett
1183 1830 144 41 uppehåll
1353 1831 52 32 vid
1431 1831 105 39 hvarje
1563 1829 112 32 station
1689 1830 26 39 ej
1730 1829 98 31 skulle

238 1882 156 41 medgifva
420 1883 58 31 den
505 1882 161 40 snabbhet,
693 1891 65 22 som
792 1891 88 22 anses
914 1882 174 40 nödvändig
1126 1882 48 32 för
1213 1882 183 40 snälltågen;
1436 1884 45 29 att
1506 1881 89 32 äfven
1621 1890 41 22 nu
1689 1880 139 40 gällande

236 1938 73 27 taxa
335 1934 68 31 icke
429 1943 89 31 synes
545 1934 111 31 hindra
679 1933 200 39 försändning
904 1932 33 32 af
960 1935 90 37 tungt
1075 1934 76 39 gods
1176 1934 117 39 ganska
1318 1933 70 40 lång
1415 1937 73 35 väg;
1527 1934 80 30 samt
1634 1933 46 30 att
1705 1941 124 29 person-

238 1985 59 31 och
324 1984 206 41 godstrafiken
558 1984 26 40 ej
611 1985 71 32 med
708 1983 100 41 någon
833 1983 98 32 fördel
957 1984 103 31 kunde
1091 1984 113 40 skiljas,
1242 1984 103 32 förrän
1376 1984 134 32 rörelsen
1537 1981 131 42 uppnått
1694 1992 36 22 en
1757 1982 72 32 vida

237 2038 100 29 större
363 2036 82 39 höjd,
471 2040 39 27 än
536 2045 41 22 nu
604 2039 35 27 är
664 2035 93 32 fallet.

371 2087 159 32 Utskottet
557 2089 135 38 antager,
726 2088 46 30 att
803 2096 42 21 nu
872 2086 135 40 antydda
1032 2086 67 32 skäl
1125 2086 67 32 icke
1218 2087 93 31 sedan
1337 2085 126 32 förlidet
1489 2084 34 33 år
1548 2084 127 33 förlorat
1700 2085 45 31 sin
1773 2085 55 40 gil-

237 2139 115 39 tighet;
392 2139 58 31 och
489 2148 75 30 som,
604 2138 10 31 i
654 2137 86 41 fråga
780 2147 49 22 om
868 2137 205 32 motionärens
1108 2138 146 31 särskildt
1286 2138 51 31 vid
1370 2139 99 30 denna
1501 2137 127 39 riksdag
1653 2136 176 32 alternativt

236 2190 111 31 väckta
374 2189 122 41 förslag,
536 2191 47 30 att
608 2199 37 22 en
671 2189 98 40 tredje
797 2189 137 32 klassens
961 2198 79 30 vagn
1065 2187 95 34 måtte
1186 2188 32 32 få
1244 2188 105 41 åtfölja
1374 2187 169 41 snälltågen
1569 2190 82 29 emot
1677 2198 37 21 en
1741 2187 88 40 afgift

237 2241 48 31 för
310 2250 111 30 person
449 2241 33 31 af
506 2241 41 31 40
574 2244 52 28 öre
652 2250 55 30 per
732 2240 124 39 banmil,
881 2240 160 32 Utskottet
1066 2239 97 33 finner
1182 2241 218 39 lämpligheten
1427 2240 33 31 af
1482 2240 99 31 denna
1607 2239 108 40 åtgärd
1741 2239 87 31 bero-

319 2298 65 28 Bih.
407 2297 45 28 tull
472 2296 100 29 Biksd.
596 2297 79 29 Prot.
699 2295 93 31 1869.
834 2295 19 30 8
877 2297 89 28 Saml.
987 2295 22 28 2
1030 2296 71 37 Afd.
1124 2296 22 29 2
1169 2298 95 28 Band.
1291 2296 19 29 8
1331 2298 88 34 Häft.
