1888 2778
275 174 42 30 24
629 175 298 37 Statsutskottets
943 180 186 36 utlåtande
1146 195 42 21 nr
1205 186 43 31 70
1265 185 40 33 år
1320 187 90 32 1958

323 252 91 41 13:0)
442 253 235 36 Folkskolor
702 266 52 24 m.
768 267 70 25 m.:
869 256 376 50 Övergångsbidrag
1271 265 62 33 till
1361 266 355 42 tjänstebostäder.
1744 271 19 33 I

275 305 154 42 enlighet
450 308 80 33 med
549 308 133 43 Kungl.
702 310 129 42 Maj:ts
853 312 129 44 förslag
1004 314 131 42 (punkt
1155 320 78 36 227,
1255 330 26 21 s.
1304 319 95 41 575),
1421 320 111 34 vilket
1551 321 148 36 innebär
1718 336 43 21 en

275 359 342 45 anslagsminskning
633 364 81 33 med
733 367 43 31 20
791 369 67 30 000
876 366 139 41 kronor,
1033 369 203 35 hemställer
1254 372 190 41 utskottet,

637 422 55 28 att
711 417 187 44 riksdagen
917 421 60 33 må
995 421 52 34 till
1067 422 208 36 Folkskolor
1293 438 47 21 m.
1353 438 62 21 m.:
1435 425 325 46 Övergångsbidrag

591 469 53 35 till
665 471 301 41 tjänstebostäder
986 474 54 34 för
1061 476 211 42 budgetåret
1295 479 156 42 1938/59
1473 482 124 33 anvisa
1617 488 54 29 ett
1691 483 69 34 för-

590 523 215 44 slagsanslag
820 538 47 21 av
885 529 64 31 160
963 531 65 30 000
1044 529 141 35 kronor.

319 636 91 41 16:0)
437 636 237 36 Folkskolor
695 650 51 24 m.
761 650 69 25 m.:
857 642 150 43 Bidrag
1030 644 62 34 till
1116 645 274 43 Skytteanska
1413 650 141 35 skolan
1578 652 13 33 i
1614 653 144 35 Tärna.

270 687 19 33 I
310 688 156 42 enlighet
486 691 81 34 med
587 691 133 44 Kungl.
742 693 130 43 Maj:ts
894 696 129 43 förslag
1046 697 130 43 (punkt
1199 703 77 37 228,
1300 713 26 21 s.
1350 705 66 31 575
1440 704 65 33 och
1529 705 95 42 576),
1647 706 110 34 vilket

270 741 147 35 innebär
435 755 43 21 en
497 745 286 45 anslagshöjning
800 750 82 33 med
901 753 19 29 2
935 753 65 31 200
1019 751 140 41 kronor,
1177 753 202 36 hemställer
1397 753 190 51 utskottet,

633 804 55 29 att
706 800 187 44 riksdagen
912 804 59 32 må
989 804 53 34 till
1061 805 208 36 Folkskolor
1286 820 48 22 m.
1347 821 62 22 m.:
1427 809 131 44 Bidrag
1579 812 52 35 till
1649 813 107 40 Skyt-

587 853 147 34 teanska
755 855 125 34 skolan
899 856 13 34 i
934 857 115 34 Tärna
1070 859 55 33 för
1145 859 212 43 budgetåret
1380 863 156 42 1958/59
1559 865 123 35 anvisa
1702 872 54 28 ett

586 905 271 46 förslagsanslag
877 922 46 21 av
944 914 42 30 50
1000 915 66 30 200
1087 913 140 34 kronor.

313 1017 91 42 17:0)
432 1019 236 35 Folkskolor
693 1032 51 24 m.
758 1033 70 24 m.:
859 1025 267 37 Anordnande
1154 1039 50 24 av
1231 1030 260 37 kombinerad
1518 1034 236 43 korrespon-

266 1068 113 35 dens-
411 1071 74 34 och
515 1073 412 48 radioundervisning.
957 1079 19 33 I
1006 1081 154 42 enlighet
1189 1084 81 33 med
1300 1084 134 44 Kungl.
1465 1087 129 42 Maj:ts
1624 1089 131 42 förslag

270 1122 131 42 (punkt
415 1128 78 37 229,
509 1138 26 22 s.
552 1130 64 31 576
633 1128 65 34 och
716 1130 94 42 577),
827 1131 112 35 vilket
953 1133 147 35 innebär
1114 1147 44 21 en
1174 1137 343 45 anslagsminskning
1531 1142 81 34 med
1629 1146 42 30 50
1686 1147 67 30 000

264 1175 141 41 kronor,
422 1178 201 36 hemställer
639 1182 189 41 utskottet,

627 1242 55 28 att
704 1238 188 44 riksdagen
913 1242 60 33 må
995 1243 53 33 till
1070 1244 208 36 Folkskolor
1300 1261 122 21 m.m.:
1443 1250 239 37 Anordnande
1706 1267 46 21 av

582 1289 231 38 kombinerad
829 1293 292 45 korrespondens-
1140 1299 65 33 och
1222 1301 352 46 radioundervisning
1592 1305 55 35 för
1663 1308 88 34 bud-

579 1344 136 41 getåret
742 1347 157 42 1958/59
925 1350 123 34 anvisa
1071 1356 54 29 ett
1150 1354 358 45 reservationsanslag
1532 1370 46 22 av
1604 1363 65 31 690
1684 1365 66 30 000

580 1397 140 35 kronor.

306 1508 92 42 18:0)
425 1510 322 45 Resestipendier
771 1513 45 37 åt
838 1516 132 36 lärare
993 1520 67 33 vid
1083 1521 103 34 folk-
1210 1524 74 33 och
1308 1521 440 54 fortsättningsskolor.

260 1560 19 33 I
300 1561 155 43 enlighet
476 1565 80 34 med
578 1565 132 44 Kungl.
732 1567 130 44 Maj:ts
884 1570 129 45 förslag
1037 1573 131 43 (punkt
1190 1579 77 37 230,
1291 1590 26 21 s.
1342 1582 66 31 577
1431 1581 65 33 och
1520 1583 95 41 578),
1637 1584 111 34 vilket

259 1613 148 36 innebär
424 1628 43 22 en
486 1619 286 45 anslagshöjning
789 1624 82 33 med
891 1627 19 30 8
925 1628 65 31 000
1008 1626 140 41 kronor,
1167 1629 202 37 hemställer
1387 1634 190 41 utskottet,

622 1680 56 29 att
700 1677 187 43 riksdagen
910 1681 59 33 må
992 1681 52 34 till
1068 1683 286 44 Resestipendier
1377 1688 39 33 åt
1439 1689 110 34 lärare
1573 1691 62 34 vid
1657 1693 89 38 folk-

574 1729 66 33 och
662 1730 368 44 fortsättningsskolor
1052 1736 54 34 för
1129 1737 212 43 budgetåret
1366 1742 156 42 1958/59
1547 1744 123 35 anvisa
1693 1751 54 29 ett

574 1784 359 45 reservationsanslag
950 1800 45 21 av
1014 1792 43 30 63
1072 1793 66 31 000
1156 1791 140 36 kronor.

304 1896 91 42 19:0)
424 1897 224 44 Stipendier
666 1899 44 36 åt
727 1902 308 38 folkskollärare
1055 1907 66 34 för
1139 1909 198 36 vinnande
1356 1922 52 23 av
1426 1913 237 44 behörighet
1681 1919 64 33 att

255 1949 216 36 undervisa
490 1952 13 33 i
523 1953 200 42 engelska.
744 1955 19 33 I
783 1956 153 43 enlighet
957 1960 81 33 med
1057 1960 134 43 Kungl.
1211 1962 128 43 Maj:ts
1361 1965 130 43 förslag
1514 1967 131 42 (punkt
1665 1974 78 34 231,

255 2013 26 22 s.
305 2003 96 41 578),
425 2004 110 35 vilket
558 2006 146 35 innebär
728 2009 194 35 anvisande
946 2024 45 21 av
1015 2025 137 23 samma
1176 2017 268 44 anslagsbelopp
1469 2032 75 22 som
1569 2022 54 33 för
1647 2023 96 34 inne-

255 2057 155 33 varande
430 2058 182 43 budgetår,
630 2060 203 37 hemställer
849 2065 189 40 utskottet,

618 2120 55 29 att
690 2116 187 44 riksdagen
894 2120 59 33 må
969 2121 53 34 till
1039 2122 200 43 Stipendier
1256 2126 39 33 åt
1311 2126 265 42 folkskollärare
1593 2131 56 41 för
1665 2132 76 33 vin-

569 2170 116 33 nande
708 2183 45 21 av
778 2171 205 44 behörighet
1006 2180 56 29 att
1084 2177 189 35 undervisa
1294 2179 13 34 i
1329 2181 164 41 engelska
1516 2182 55 35 för
1593 2180 148 52 budget-

570 2223 76 33 året
670 2225 155 42 1958/539
849 2227 124 34 anvisa
994 2233 53 29 ett
1069 2229 271 45 förslagsanslag
1362 2246 46 21 av
1431 2238 66 31 280
1511 2240 66 30 000
1600 2237 140 35 kronor.

296 2335 93 42 20:0)
417 2336 150 43 Bidrag
582 2338 62 34 till
660 2339 110 34 vissa
785 2341 202 35 särskilda
1002 2343 287 37 skoländamål.
1306 2347 18 33 I
1340 2348 154 43 enlighet
1509 2352 81 33 med
1606 2351 133 42 Kungl.

250 2387 128 42 Maj:ts
395 2389 130 43 förslag
543 2391 131 42 (punkt
690 2396 78 36 232,
785 2406 26 21 s.
829 2396 208 42 579—586),
1055 2398 112 34 vilket
1183 2411 101 22 avser
1301 2403 308 35 sammanförande
1627 2407 111 33 under

249 2440 269 43 ifrågavarande
545 2445 261 42 anslagsrubrik
833 2460 46 21 av
905 2449 93 34 vissa
1022 2451 361 45 medelsanvisningar
1410 2455 54 34 för
1490 2457 112 34 skilda
1630 2460 107 33 ända-

249 2495 69 33 mål
339 2496 46 41 på
408 2496 265 36 skolväsendets
694 2501 143 33 område
859 2507 93 29 samt
972 2503 10 33 i
1004 2504 338 42 anslagshänseende
1364 2508 146 35 innebär
1530 2523 42 21 en
1593 2511 148 44 höjning
