1894 2850
374 190 106 31 Första
501 193 181 31 kammarens
703 196 119 34 första
844 198 154 38 tillfälliga
1020 202 119 29 utskotts
1161 204 147 30 utlåtande
1330 206 46 28 Nr
1400 209 26 27 6.
1635 208 15 30 1

832 429 62 40 Nr
923 431 40 41 6.

511 527 127 29 Ankom
661 529 50 28 till
735 530 189 39 riksdagens
948 534 105 29 kansli
1077 536 61 28 den
1163 538 38 27 26
1225 540 81 36 april
1332 540 80 29 1930
1435 542 42 28 kl.
1504 543 37 28 10
1564 543 20 28 f.
1603 553 42 19 m.

448 600 130 37 Första
619 603 224 39 kammarens
877 608 143 48 första
1054 611 192 50 tillfälliga
1274 615 145 37 utskotts
1446 613 196 58 utlåtande,

550 667 43 22 nr
632 655 33 46 6,
695 657 14 34 i
736 658 194 50 anledning
968 674 44 23 av
1050 664 100 36 väckt
1186 667 133 35 motion
1355 680 56 24 om
1448 670 156 49 ändring
1631 672 15 34 i

542 706 266 51 förordningen
841 712 185 48 angående
1044 716 171 47 forntida
1243 718 300 39 minnesmärkens
1564 723 78 48 fre-

549 759 119 36 dande
695 761 61 35 och
786 762 211 39 bevarande.

191 846 18 31 I
231 858 38 20 en
291 848 87 32 inom
401 849 107 34 första
528 852 191 35 kammaren
741 857 100 32 väckt
861 859 60 32 och
944 859 54 32 till
1020 861 73 32 dess
1115 862 105 34 första
1241 864 178 40 tillfälliga
1438 868 131 34 utskott
1589 870 54 32 för

133 895 240 36 förberedande
393 900 253 42 handläggning
666 906 162 34 hänvisad
852 909 133 39 motion,
1008 923 38 19 nr
1068 913 72 38 222,
1162 914 86 32 hava
1267 916 76 32 herr
1362 918 157 38 Schlyter
1538 932 41 21 m.
1602 921 38 31 fl.

136 947 112 39 yrkat,
276 952 51 29 att
354 951 177 39 riksdagen
558 956 103 32 måtte
687 957 59 32 hos
774 958 126 39 Kungl.
931 962 102 37 Maj:t
1058 964 176 33 hemställa
1261 979 52 20 om
1341 972 227 35 övervägande
1596 983 42 20 av

133 999 105 32 sådan
260 1002 142 38 ändring
422 1015 41 20 av
485 1004 238 41 förordningen
745 1010 62 32 den
830 1011 39 31 29
891 1013 175 33 november
1089 1016 82 32 1867
1193 1018 170 37 angående
1385 1020 148 34 forntida
1554 1024 82 30 min-

133 1052 212 33 nesmärkens
365 1054 159 34 fredande
543 1058 59 31 och
621 1059 197 40 bevarande,
837 1066 51 28 att
908 1064 39 32 de
964 1075 96 26 grav-
1080 1067 59 31 och
1158 1068 219 40 boplatsfynd
1396 1072 12 31 i
1428 1072 117 39 Skåne,
1566 1086 69 20 som

132 1103 170 32 anträffas
326 1104 56 33 vid
408 1118 41 20 av
473 1107 116 39 Lunds
613 1111 213 33 universitets
851 1114 181 34 historiska
1056 1130 148 21 museum
1232 1120 175 40 företagna
1431 1126 204 37 grävningar

130 1153 61 31 och
211 1155 295 42 undersökningar,
527 1161 53 31 må
600 1161 147 34 förbliva
765 1164 88 32 inom
874 1168 144 31 nämnda
1038 1180 159 29 museum,
1216 1175 51 29 att
1288 1173 87 33 inom
1396 1186 125 22 samma
1540 1176 92 34 land-

130 1204 84 39 skap
238 1207 195 37 påträffade
457 1210 87 38 fynd
569 1223 41 20 av
633 1214 93 38 guld,
754 1215 100 33 silver
879 1218 60 31 och
964 1219 128 39 koppar
1117 1221 93 33 skola
1236 1223 52 32 till
1316 1225 192 40 lagstadgat
1533 1228 98 33 inlös-

129 1256 219 41 ningsbelopp
366 1272 41 20 av
424 1262 216 37 upphittaren
658 1265 80 32 eller
754 1268 245 34 vederbörande
1017 1274 268 38 ortsmyndighet
1302 1276 196 39 hembjudas
1516 1279 115 34 Lunds

128 1308 214 34 universitets
363 1311 179 35 historiska
563 1327 148 22 museum
731 1338 44 3 —
796 1320 127 36 ägande
945 1322 84 32 dock
1049 1326 125 31 statens
1194 1326 182 34 historiska
1395 1341 147 22 museum
1564 1335 67 29 rätt

128 1361 53 30 att
202 1360 13 31 i
237 1362 167 33 särskilda
426 1364 63 32 fall
513 1366 59 31 och
596 1367 86 34 efter
704 1369 215 35 inhämtande
942 1384 43 20 av
1006 1374 126 39 Kungl.
1157 1376 118 39 Maj:ts
1298 1379 152 34 tillstånd
1475 1381 156 34 förvärva

128 1411 126 33 sådana
277 1413 138 33 föremål
440 1427 41 20 av
505 1416 207 36 sistnämnda
735 1421 82 38 slag,
842 1434 68 21 som
936 1424 114 38 kunna
1072 1438 94 21 anses
1191 1430 268 39 oundgängligen
1485 1434 143 32 nödvän-

128 1463 78 37 diga
223 1463 53 32 för
292 1465 62 31 den
370 1467 156 33 totalbild
543 1480 41 20 av
600 1470 39 32 de
656 1470 92 33 olika
762 1472 224 40 landskapens
1001 1476 267 42 kulturhistoria,
1286 1492 68 21 som
1370 1482 259 41 ifrågavarande

127 1525 148 22 museum
302 1515 58 32 bör
385 1517 114 33 kunna
524 1521 151 32 meddela
699 1543 44 4 —
768 1528 86 28 samt
879 1529 51 28 att
955 1538 127 22 samma
1106 1529 246 35 bestämmelser
1378 1535 169 36 angående
1573 1548 54 20 av-

126 1565 134 33 låtande
279 1578 41 20 av
341 1567 159 40 kyrkliga
520 1571 202 34 inventarier
741 1574 87 33 inom
852 1576 109 33 Skåne
982 1578 93 33 skola
1095 1581 89 36 gälla
1206 1582 53 32 för
1279 1582 116 34 Lunds
1415 1587 212 33 universitets

124 1616 181 34 historiska
328 1631 146 21 museum
498 1633 69 20 som
588 1623 54 31 för
663 1627 126 31 statens
811 1627 181 34 historiska
1014 1642 157 22 museum.

179 1668 221 35 Beträffande
424 1673 240 39 motiveringen
688 1676 127 33 tillåter
838 1679 52 37 sig
914 1680 163 34 utskottet
1101 1683 138 34 hänvisa
1263 1685 52 32 till
1339 1689 175 32 motionen.

177 1770 172 34 Utskottet
377 1774 60 31 har
464 1774 11 31 i
503 1776 210 40 vederbörlig
740 1780 141 39 ordning
910 1782 166 35 inhämtat
1103 1788 158 35 yttrande
1288 1794 77 27 över
1393 1791 166 33 motionen
1587 1804 41 20 av

123 1819 197 39 vitterhets-,
343 1823 147 34 historie-
513 1827 60 31 och
596 1828 402 38 antikvitetsakademien.

177 1871 18 30 I
214 1871 97 38 fråga
330 1885 50 20 om
400 1875 55 32 det
472 1876 250 41 huvudsakliga
740 1881 182 34 innehållet
941 1884 12 31 i
973 1885 221 35 omförmälda
1213 1891 159 35 yttrande
1391 1891 54 32 får
1464 1893 163 33 utskottet

122 1919 109 34 lämna
252 1923 147 37 följande
418 1927 216 37 redogörelse:

178 2012 378 40 Vitterhetsakademien
580 2020 126 34 erinrar
732 2023 85 33 först
842 2025 123 39 därom,
993 2030 49 29 att
1069 2029 193 34 akademien
1288 2034 73 32 med
1387 2030 238 49 tillstyrkande

122 2062 159 35 skrivelse
305 2066 61 31 den
389 2069 16 30 7
427 2068 132 37 januari
582 2072 84 32 1930
688 2073 53 32 till
763 2077 180 32 statsrådet
965 2078 59 32 och
1047 2080 116 32 chefen
1185 2081 52 32 för
1260 2083 359 42 ecklesiastikdeparte-

121 2117 123 30 mentet
263 2118 202 33 överlämnat
486 2121 297 36 riksantikvariens
803 2127 12 31 i
835 2127 160 34 skrivelse
1016 2131 62 31 den
1100 2132 17 30 2
1137 2132 131 37 januari
1291 2135 84 32 1930
1395 2137 118 37 gjorda
1533 2139 87 31 hem-

121 2165 122 32 ställan
266 2179 50 20 om
341 2168 210 36 tillkallande
574 2186 41 19 av
638 2176 167 33 särskilda
826 2179 213 39 sakkunniga
1061 2182 52 32 för
1136 2183 173 34 utlåtande
1333 2187 59 31 och
1415 2188 129 38 förslag
1565 2191 53 30 till

120 2215 156 38 åtgärder
293 2218 52 32 för
361 2222 49 31 att
427 2222 119 38 bringa
562 2224 370 38 kulturminnesvården
950 2231 11 31 i
978 2237 150 28 närmare
1146 2239 324 32 överensstämmelse
1488 2241 72 31 med
1579 2242 39 31 de

120 2266 199 34 förändrade
343 2270 230 36 förhållanden
597 2277 59 31 och
680 2277 93 39 krav,
799 2291 67 20 som
892 2283 234 38 utvecklingen
1150 2286 11 30 i
1186 2286 90 32 olika
1300 2287 205 35 hänseenden
1530 2293 87 30 med-

121 2316 77 38 fört,
237 2320 100 31 sedan
374 2323 155 35 gällande
567 2325 217 41 lagstiftning
810 2331 58 30 och
895 2333 227 36 organisation
1149 2336 94 37 fingo
1271 2338 73 32 sina
1371 2351 45 19 nu
1442 2340 175 34 bestående

118 2367 131 34 former.
283 2370 17 31 I
321 2371 296 37 riksantikvariens
639 2380 159 32 skrivelse
819 2381 180 34 behandlas
1019 2389 82 27 även
1124 2386 119 38 frågan
1265 2400 51 20 om
1339 2390 277 37 provinsmuseer-

119 2429 57 21 nas
199 2421 160 38 ställning
381 2424 11 31 i
416 2424 208 35 förhållande
648 2430 52 31 till
725 2434 124 29 statens
872 2432 180 35 historiska
1077 2448 157 22 museum.
1271 2439 52 32 En
1347 2441 136 38 allsidig
1506 2445 108 31 utred-

117 2469 81 38 ning
219 2483 40 20 av
283 2473 91 32 detta
396 2477 159 36 spörsmål
579 2478 145 39 begäres.

168 2529 114 37 Bihang
306 2531 45 27 till
374 2534 167 36 riksdagens
560 2537 145 35 protokoll
732 2538 88 31 1930.
865 2540 36 29 12
912 2544 79 28 saml.
1030 2543 16 28 I
1063 2546 64 27 avd.
1152 2545 20 28 5
1187 2547 71 36 håft.
1284 2546 63 36 (Nr
1371 2548 45 37 6.)
1495 2560 41 19 862
1549 2561 25 19 30

1683 1802 131 24 Yttrande.
