1848 2772
436 145 113 35 Tredje
573 144 217 35 lagutskottets
814 141 162 28 utlåtande
998 148 39 19 nr
1059 140 17 27 8
1099 140 36 27 år
1157 139 76 28 1964
1572 141 14 28 1

785 403 123 41 Nr
875 399 36 56 8

308 519 183 30 Utlåtande
512 518 12 30 i
541 517 188 40 anledning
747 526 42 21 av
809 516 123 30 väckta
951 514 173 31 motioner
1143 523 55 20 om
1220 511 159 41 befrielse
1399 511 81 40 från
1500 509 93 39 skyl-

506 580 162 40 digheten
686 581 51 28 att
756 579 204 30 underrätta
978 586 153 31 grannar
1148 585 47 21 m.
1212 575 39 40 fl.
1270 584 56 21 om
1346 572 246 41 byggnadslov.

163 689 128 39 Tredje
310 688 230 40 lagutskottet
558 688 65 29 har
643 686 190 31 behandlat
853 685 59 30 två
932 685 11 29 i
965 683 188 39 riksdagen
1173 682 127 30 väckta
1321 681 66 30 och
1408 680 52 30 till
1482 680 113 38 lagut-

110 744 94 29 skott
222 742 190 30 hänvisade
432 742 183 33 motioner,
635 749 42 20 nr
696 739 63 30 225
780 740 9 29 i
811 739 111 29 första
941 738 207 29 kammaren
1169 746 42 20 av
1229 736 81 29 herr
1329 735 179 29 Enarsson
1529 732 66 31 och

110 806 42 20 nr
170 796 63 30 279
250 797 11 28 i
280 796 109 29 andra
406 795 209 30 kammaren
634 803 41 20 av
693 794 122 29 herrar
836 792 174 29 Turesson
1030 791 66 29 och
1113 790 163 29 Jonsson.

166 850 13 29 I
201 850 229 34 motionerna,
453 857 76 21 som
551 848 38 29 är
609 846 233 40 likalydande,
865 844 203 31 hemställes
1091 845 72 28 »att
1183 842 189 39 riksdagen
1394 842 11 29 i
1429 839 167 32 skrivelse

111 904 53 29 till
181 903 126 39 Kungl.
325 902 106 40 Maj:t
447 901 109 30 måtte
574 900 141 31 anhålla
732 909 58 20 om
810 899 110 30 sådan
938 898 149 39 ändring
1107 907 42 20 av
1168 897 40 30 58
1230 896 15 38 $
1266 893 330 42 byggnadsstadgan

112 958 67 29 den
200 956 40 30 30
259 956 181 30 december
461 954 95 35 1959,
578 956 51 27 att
649 954 66 30 den
737 962 74 21 som
832 952 140 30 erhållit
991 950 239 41 byggnadslov
1249 949 131 30 befrias
1402 948 81 30 från
1505 947 92 39 skyl-

112 1011 163 38 digheten
297 1011 50 28 att
368 1009 206 29 underrätta
596 1015 150 31 grannar
768 1006 65 30 och
855 1005 120 34 andra,
997 1005 96 29 vilka
1113 1004 123 29 kunna
1257 1003 142 30 beröras
1421 1012 43 20 av
1484 1001 114 30 beslu-

113 1066 80 28 tet>.

168 1115 226 31 Beträffande
410 1115 41 29 de
467 1115 76 29 skäl
558 1114 261 29 motionärerna
833 1112 166 39 åberopat
1014 1111 53 30 till
1083 1110 77 31 stöd
1176 1110 55 30 för
1247 1110 55 29 sin
1316 1108 212 31 hemställan
1544 1107 55 30 får

114 1171 181 32 utskottet,
327 1169 3 29 i
356 1169 67 29 den
446 1168 84 30 mån
555 1166 216 40 redogörelse
797 1166 75 29 icke
897 1165 138 31 lämnas
1059 1165 11 29 i
1096 1164 57 30 det
1178 1163 168 40 följande,
1372 1163 149 29 hänvisa
1545 1162 54 29 till

114 1224 180 29 motionen
319 1223 45 29 II:
380 1221 73 31 279.

652 1319 171 31 Gällande
848 1320 70 29 rätt
944 1329 48 19 m.
1014 1329 47 19 m.

172 1391 118 39 Enligt
305 1391 55 38 lag
377 1391 67 29 den
461 1389 21 30 4
498 1390 79 39 juni
597 1388 83 31 1954
697 1398 57 20 om
771 1387 196 31 besvärstid
983 1387 59 30 vid
1059 1386 97 30 talan
1173 1387 74 29 mot
1266 1384 219 31 förvaltande
1504 1392 99 30 myn-

117 1444 137 39 dighets
269 1444 114 29 beslut
399 1443 90 30 skall
504 1443 124 30 besvär
643 1443 80 29 över
739 1441 124 30 sådant
879 1441 125 33 beslut,
1021 1449 57 21 om
1095 1440 30 39 ej
1145 1441 108 28 annat
1269 1438 105 40 följer
1390 1447 43 21 av
1448 1438 55 39 lag
1520 1437 83 29 eller

118 1497 220 39 författning,
362 1497 59 29 vid
448 1497 145 38 äventyr
619 1505 41 20 av
685 1495 115 30 talans
827 1494 128 30 förlust
979 1494 47 29 ha
1051 1493 188 30 inkommit
1265 1492 54 30 till
1343 1490 260 31 vederbörande

118 1551 205 39 myndighet
338 1550 95 29 inom
450 1551 52 28 tre
517 1549 126 30 veckor
660 1548 80 30 från
756 1549 58 29 det
829 1547 200 40 klaganden
1045 1546 72 30 fick
1134 1546 55 30 del
1207 1555 42 21 av
1263 1545 165 35 beslutet;
1447 1545 157 30 besvärs-

121 1604 94 29 tiden
236 1603 55 30 för
311 1603 177 39 menighet
508 1604 39 28 är
567 1603 88 29 dock
675 1602 72 29 fem
767 1602 137 29 veckor.
936 1601 117 39 Lagen
1075 1602 38 28 är
1135 1599 186 40 tillämplig
1342 1599 44 39 på
1407 1599 79 29 bl.a.
1508 1597 97 30 talan

119 1660 73 27 mot
208 1657 334 39 byggnadsnämnds
557 1656 114 29 beslut
688 1655 107 40 enligt
812 1654 284 40 byggnadslagen
1118 1653 89 35 (BL)
1230 1652 83 31 eller
1329 1651 277 41 byggnadsstad-

122 1719 66 31 gan
213 1710 99 34 (BS).
333 1710 113 29 Sådan
466 1710 98 29 talan
582 1709 93 30 föres
693 1709 142 39 jämlikt
855 1709 37 29 71
918 1708 15 37 $
958 1708 14 29 1
994 1717 106 20 mom.
1121 1707 112 30 första
1255 1706 134 39 stycket
1410 1706 50 30 BS
1482 1713 124 32 genom

120 1764 124 30 besvär
262 1764 63 29 hos
344 1763 261 39 länsstyrelsen.

178 1817 71 29 158
270 1817 14 36 3
307 1817 13 28 I
340 1825 104 21 mom.
462 1816 51 30 BS
531 1815 210 30 föreskrives
760 1817 50 28 att
827 1814 334 39 byggnadsnämnds
1179 1813 115 30 beslut
1312 1813 11 29 i
1342 1813 127 30 ärende
1488 1813 120 29 röran-

122 1870 41 30 de
183 1870 237 39 byggnadslov
441 1869 90 30 skall
552 1868 177 30 meddelas
752 1868 180 30 sökanden
955 1867 209 39 skriftligen.
1187 1866 152 39 Beviljas
1359 1865 248 40 byggnadslov,

123 1923 90 30 skall
238 1922 255 30 underrättelse
517 1930 58 21 om
599 1921 149 31 beslutet
772 1921 254 38 ofördröjligen
1051 1920 11 29 i
1087 1919 305 30 rekommenderat
1418 1919 83 30 brev
1526 1918 83 30 eller

124 1976 101 39 eljest
247 1976 189 39 bevisligen
459 1975 177 30 tillställas
658 1974 206 39 markägare
888 1974 83 29 eller
996 1983 118 20 annan
1138 1973 177 39 sakägare,
1341 1981 75 21 som
1442 1982 41 20 av
1506 1972 103 38 bygg-

124 2029 267 30 nadsnämnden
418 2029 99 29 hörts
546 2029 10 29 i
583 2028 152 30 ärendet.
764 2029 13 29 I
804 2028 124 33 beslut,
955 2026 203 40 varigenom
1186 2026 238 40 byggnadslov
1451 2025 158 39 beviljas,

125 2082 89 30 skall
237 2083 135 38 intagas
396 2082 191 38 anmaning
608 2082 52 28 till
685 2081 179 30 sökanden
888 2082 50 28 att
961 2089 58 20 om
1042 2080 150 30 beslutet
1214 2079 191 39 bevisligen
1428 2078 182 31 underrät-

126 2137 36 27 ta
181 2143 152 31 grannar
352 2133 64 31 och
436 2134 120 34 andra,
575 2134 95 29 vilka
689 2134 71 29 kan
779 2134 142 29 beröras
942 2133 117 29 därav.

181 2187 317 30 Bestämmelserna
517 2188 75 32 har,
614 2186 103 30 såvitt
737 2187 106 38 gäller
864 2185 255 30 underrättelse
1141 2186 52 29 till
1215 2194 118 21 annan
1354 2187 45 28 än
1421 2184 190 34 sökanden,

127 2240 204 30 tillkommit
350 2240 45 39 på
414 2239 262 39 framställning
696 2249 42 19 av
760 2239 83 29 1958
864 2238 58 30 års
941 2238 198 39 A-riksdag.
1173 2239 12 29 I
1207 2238 42 29 de
1269 2238 58 29 vid
1348 2238 155 30 nämnda
1524 2238 89 29 riks-

127 2294 67 39 dag
212 2293 126 29 väckta
358 2292 192 30 fristående
571 2292 219 29 motionerna
812 2291 28 30 1:
857 2291 41 30 66
920 2291 65 30 och
1007 2291 46 29 II:
1069 2290 41 30 98
1131 2291 90 29 hade
1245 2290 149 30 sålunda
1415 2290 198 30 hemställts

127 2346 78 30 bl.a.
230 2355 58 20 om
314 2345 108 30 sådan
449 2345 149 39 ändring
623 2354 42 20 av
689 2344 45 30 då
759 2344 160 39 gällande
944 2343 307 40 byggnadsstadga
1277 2345 50 28 att
1353 2353 42 20 av
1420 2344 194 39 byggnads-

130 2399 131 30 nämnd
285 2398 102 30 faltat
409 2398 116 30 beslut
546 2407 115 20 vunne
684 2397 77 39 laga
784 2397 96 30 kraft
904 2397 96 29 inom
1023 2397 71 30 viss
1117 2396 159 30 bestämd
1300 2396 60 30 tid.
1395 2397 126 39 Tredje
1545 2397 69 39 lag-

130 2452 170 30 utskottet
322 2451 165 30 framhöll
510 2451 10 29 i
544 2460 42 21 av
606 2451 187 39 riksdagen
817 2450 154 40 godkänt
995 2450 180 30 utlåtande
1203 2449 156 35 (9/1958)
1388 2450 81 30 över
1493 2450 122 29 motio-

129 2519 66 21 5847
209 2519 31 20 64
270 2513 11 43 —
287 2517 122 35 Bihang
425 2517 47 28 till
487 2518 176 34 riksdagens
679 2518 145 34 protokoll
842 2518 87 27 1964.
950 2517 17 27 9
983 2517 89 28 saml.
1092 2517 17 26 3
1126 2517 67 27 avd.
1211 2518 49 28 Nr
1277 2517 17 26 8
