1862 2774
471 165 123 39 Tredje
613 165 246 39 lagutskottets
879 164 178 30 utlåtande
1077 173 42 20 nr
1140 165 39 28 13
1197 164 39 29 år
1258 164 82 28 1965
1612 163 36 28 15

164 245 77 39 lagd
259 245 52 29 till
329 245 179 29 Jämtland
526 245 65 29 och
609 243 292 40 Ångermanland.
921 244 178 30 Stammen
1118 251 131 31 uppges
1268 252 47 20 nu
1334 243 75 29 visa
1426 252 41 19 en
1488 242 162 29 markant

164 298 183 39 spridning
367 301 71 26 mot
458 307 82 20 norr
560 298 65 29 och
645 297 234 40 fjällvärlden,
900 298 65 29 och
985 297 57 29 två
1063 296 211 40 tredjedelar
1294 305 42 21 av
1356 295 204 30 densamma
1582 295 68 29 för-

164 351 120 30 modas
304 352 73 29 leva
397 352 95 28 inom
510 350 398 31 renskötselområdena.
927 350 188 30 Beståndet
1134 359 42 20 av
1195 357 93 31 varg,
1309 358 75 20 som
1403 349 39 29 år
1464 348 80 30 1957
1565 357 85 31 upp-

165 405 178 29 skattades
366 405 51 29 till
440 405 163 38 omkring
623 404 41 30 40
687 404 92 39 djur,
803 404 172 30 beräknas
998 403 73 29 f.n.
1095 403 115 39 uppgå
1231 403 53 29 till
1308 402 127 30 mellan
1462 402 37 29 12
1522 402 65 29 och
1609 401 40 30 20

164 458 92 39 djur.
278 458 260 30 Järvstammen
562 458 161 39 slutligen
747 458 64 29 har
835 459 132 28 ansetts
991 456 98 30 bestå
1111 465 43 21 av
1177 456 96 30 cirka
1298 455 63 30 200
1386 455 83 40 djur
1492 455 39 29 år
1557 455 92 33 1942,

164 511 164 39 omkring
351 511 59 29 125
433 511 82 40 djur
535 511 40 30 år
598 511 81 29 1957
703 513 90 27 samt
816 511 71 29 f.n.
910 520 43 20 av
973 510 129 30 mellan
1126 510 39 29 75
1188 510 65 29 och
1278 509 59 30 130
1361 509 92 39 djur.
1475 509 72 29 Mot
1568 508 82 29 bak-

163 564 112 38 grund
294 574 42 20 av
356 565 66 29 den
442 565 149 29 sålunda
609 564 152 39 antydda
782 564 244 39 utvecklingen
1047 563 250 39 understryker
1317 562 259 30 motionärerna
1596 562 55 29 be-

160 618 103 29 hovet
274 627 43 20 av
328 620 49 27 ett
391 618 124 29 snabbt
528 617 334 40 ställningstagande
876 618 11 29 i
900 617 134 39 frågan,
1047 625 59 20 om
1118 616 65 29 och
1196 616 11 29 i
1220 615 117 30 vilken
1352 615 82 30 mån
1447 615 42 29 de
1503 615 148 29 svenska

164 673 216 28 stammarna
400 681 43 20 av
461 671 153 29 nämnda
634 671 145 39 rovdjur
798 671 10 28 i
830 670 189 30 framtiden
1040 670 61 29 bör
1122 669 153 39 skyddas
1296 677 126 31 genom
1441 668 209 39 fridlysning

163 725 64 28 och
247 724 191 30 bibehållas
460 725 10 28 i
489 724 61 29 vår
571 724 118 29 fauna.
717 724 5 28 I
745 724 218 29 motionerna
983 723 202 29 hemställes
1206 731 57 20 om
1285 722 188 38 utredning
1492 722 9 29 i
1522 722 127 28 ämnet.

207 778 74 29 Den
300 778 125 29 väckta
442 778 123 39 frågan
583 778 65 29 har
664 777 146 39 tidigare
829 777 247 30 aktualiserats
1095 776 9 29 i
1125 776 113 29 skilda
1257 775 266 38 sammanhang.
1542 774 25 29 Å
1586 784 64 20 ena

164 831 100 29 sidan
288 832 65 28 har
377 831 80 30 från
481 830 282 30 naturvårdshåll
789 830 197 39 föreslagits
1011 830 94 30 olika
1130 829 161 39 åtgärder
1315 829 52 29 till
1394 828 111 39 skydd
1531 828 54 29 för
1610 828 40 29 de

164 886 92 28 stora
279 884 201 40 rovdjuren.
502 884 26 29 Å
550 884 109 30 andra
683 884 101 29 sidan
805 884 65 29 har
893 883 142 30 särskilt
1057 883 66 29 den
1146 882 234 30 renskötande
1403 881 247 39 befolkningen

164 937 118 39 begärt
300 940 48 27 ett
366 938 122 29 utökat
506 937 112 39 skydd
637 939 70 27 mot
725 937 331 39 rovdjursangrepp.
1075 935 309 39 Domänstyrelsen
1402 935 65 29 har
1484 935 9 29 i
1513 935 137 29 remiss-

163 991 162 38 yttrande
345 991 82 29 över
445 991 107 29 sådan
575 990 261 39 framställning
856 990 135 33 uttalat,
1013 991 50 28 att
1083 988 213 40 berättigade
1317 989 86 28 krav
1423 988 76 29 från
1524 997 127 20 samer-

165 1054 43 19 na
227 1044 30 39 ej
280 1044 70 29 kan
372 1044 156 33 förbises,
550 1053 78 20 men
648 1046 50 27 att
717 1043 163 39 åtgärder
899 1043 55 29 för
974 1045 50 28 att
1044 1042 185 30 efterhålla
1248 1042 189 39 rovdjuren
1458 1041 60 30 bör
1538 1041 112 29 vidtas

165 1097 42 38 på
225 1099 48 28 ett
293 1097 124 29 sådant
437 1099 68 28 sätt
524 1099 50 27 att
593 1097 40 29 de
653 1097 68 29 kan
740 1096 158 30 behållas
915 1097 10 28 i
945 1096 143 29 faunan.
1109 1095 66 29 Till
1195 1095 114 30 denna
1329 1094 217 40 principiella
1566 1103 85 30 upp-

165 1151 161 38 fattning,
348 1160 74 20 som
443 1151 157 28 kommer
620 1150 50 29 till
691 1150 141 39 uttryck
850 1150 131 39 jämväl
1003 1149 10 29 i
1033 1149 230 33 motionerna,
1284 1148 70 29 kan
1374 1148 87 29 även
1482 1148 168 29 utskottet

163 1204 140 29 ansluta
325 1204 61 39 sig.
408 1204 120 29 Ehuru
551 1204 93 29 såväl
666 1203 303 39 domänstyrelsen
991 1211 76 20 som
1088 1202 111 30 andra
1221 1201 214 30 företrädare
1458 1201 55 29 för
1533 1203 118 27 natur-

163 1257 269 30 vårdsintresset
457 1257 184 39 ifrågasatt
666 1256 250 40 lämpligheten
942 1265 42 20 av
1010 1255 397 39 skyddsbestämmelser
1433 1254 56 29 för
1513 1262 137 31 vargen,

164 1320 103 20 anser
290 1311 170 29 utskottet
486 1310 133 30 således
644 1312 49 28 att
718 1310 57 29 det
801 1309 236 39 föreliggande
1064 1308 208 40 spörsmålet
1297 1308 62 29 bör
1383 1307 164 30 bedömas
1573 1307 78 30 med

165 1364 263 39 utgångspunkt
447 1364 78 29 från
544 1366 50 27 att
612 1363 135 30 landets
765 1362 148 30 bestånd
930 1372 42 20 av
989 1362 42 29 de
1050 1362 78 39 fyra
1147 1362 109 29 större
1276 1361 304 39 rovdjursarterna
1600 1361 52 28 så-

164 1417 63 29 vitt
247 1417 137 39 möjligt
403 1417 64 29 bör
484 1416 152 39 skyddas
656 1416 81 29 från
756 1416 191 38 utrotning.
969 1415 122 29 Såsom
1110 1414 183 29 framhålls
1314 1414 11 29 i
1345 1414 217 29 motionerna
1583 1413 68 29 för-

165 1470 148 29 utsätter
332 1480 41 19 en
394 1470 96 39 dylik
509 1470 194 38 avvägning
721 1471 51 27 att
793 1469 123 38 frågan
936 1477 58 20 om
1012 1468 195 38 ersättning
1227 1467 54 29 för
1301 1467 129 29 skador
1449 1475 74 20 som
1542 1466 108 30 vållas

164 1533 41 19 av
219 1524 190 38 rovdjuren
424 1524 68 28 kan
507 1523 35 29 få
556 1532 42 20 en
614 1522 323 29 tillfredsställande
952 1521 149 39 lösning.

208 1577 51 29 Av
277 1577 231 38 utredningen
526 1576 10 28 i
555 1576 143 29 ärendet
717 1575 55 29 får
789 1584 103 20 anses
912 1574 145 39 framgå,
1077 1576 50 27 att
1146 1574 41 29 de
1208 1574 148 29 svenska
1377 1575 214 27 stammarna
1610 1582 41 20 av

165 1630 101 38 björn
290 1631 64 28 och
376 1631 31 28 lo
430 1630 64 29 har
516 1639 41 20 en
582 1629 108 29 sådan
713 1629 130 29 storlek
867 1630 50 28 att
940 1628 114 38 någon
1077 1627 75 30 fara
1177 1627 54 29 för
1254 1626 100 30 deras
1378 1626 180 39 utrotning
1581 1626 69 29 f.n.

165 1683 29 39 ej
217 1683 193 39 föreligger.
431 1683 108 29 Såvitt
559 1682 108 39 angår
685 1682 100 29 dessa
805 1682 177 39 djurarter
1003 1690 102 29 synes
1126 1681 9 28 i
1155 1680 152 39 enlighet
1328 1680 78 29 med
1426 1680 226 29 motionärer-

165 1745 61 20 nas
248 1736 227 39 uppfattning
495 1735 358 39 uppmärksamheten
873 1735 125 28 främst
1018 1734 84 29 böra
1122 1734 148 28 inriktas
1291 1733 44 39 på
1355 1742 42 21 en
1418 1733 142 39 lämplig
1580 1740 72 30 reg-

165 1789 110 39 lering
294 1798 44 20 av
357 1791 233 27 stammarnas
612 1788 208 39 utveckling.
843 1788 120 29 Såsom
985 1787 260 29 motionärerna
1266 1786 118 29 funnit
1404 1786 39 29 är
1464 1786 188 29 förhållan-

166 1842 56 29 det
247 1844 48 27 ett
321 1845 107 26 annat
454 1841 219 30 beträffande
698 1849 84 30 varg
807 1841 66 29 och
896 1841 88 39 järv.
1011 1840 64 29 Det
1102 1840 148 28 svenska
1277 1839 182 29 beståndet
1484 1848 42 20 av
1551 1839 98 29 dessa

165 1895 178 39 djurarter
361 1896 39 28 är
419 1895 146 29 sålunda
586 1894 37 29 så
642 1894 199 38 obetydligt,
861 1895 50 28 att
930 1902 42 20 en
993 1892 243 29 oförminskad
1256 1892 229 38 avskjutning
1505 1892 68 28 kan
1593 1902 59 19 an-

167 1951 50 26 tas
239 1948 77 29 leda
336 1948 51 29 till
409 1950 50 27 att
478 1956 125 30 vargen
626 1948 94 28 inom
742 1947 78 29 kort
841 1947 64 28 och
924 1947 123 38 järven
1069 1946 94 28 inom
1184 1945 219 38 överskådlig
1424 1945 48 29 tid
1495 1945 157 29 kommer

165 2004 47 26 att
234 2003 145 27 utrotas.
401 2001 123 29 Härtill
546 2000 116 29 bidrar
681 2000 239 38 otvivelaktigt
939 1999 57 29 det
1016 2008 42 20 av
1078 1998 259 29 motionärerna
1358 1998 144 29 berörda
1524 1998 128 29 förhål-

167 2055 125 32 landet,
313 2057 50 26 att
384 2054 160 29 tekniska
566 2053 210 39 hjälpmedel
798 2062 43 20 av
860 2052 91 29 olika
974 2052 73 38 slag
1068 2051 217 29 underlättar
1304 2051 123 38 jakten
1448 2052 62 28 och
1532 2053 49 27 att
1602 2051 50 29 in-

167 2110 119 26 tresset
311 2108 54 28 för
387 2108 112 28 denna
522 2107 198 29 stimuleras
743 2115 42 20 av
806 2106 158 38 gällande
987 2105 264 29 bestämmelser
1271 2113 57 19 om
1349 2104 147 39 jakträtt
1520 2104 54 28 för
1596 2114 56 19 en-

167 2170 59 19 var
240 2161 63 28 och
320 2170 41 19 av
376 2160 40 28 de
432 2159 187 30 avsevärda
636 2159 202 38 belöningar
855 2159 53 28 för
923 2158 105 29 dödat
1044 2158 82 38 djur
1142 2166 74 19 som
1234 2157 100 37 utgår
1350 2157 77 28 från
1446 2157 204 29 statsverket

166 2215 90 27 samt
277 2213 93 29 olika
393 2213 122 29 kassor
535 2213 65 28 och
622 2212 132 28 fonder.
777 2211 176 30 Utskottet
976 2211 116 28 finner
1114 2210 121 29 därför
1255 2212 50 26 att
1329 2209 165 38 ställning
1516 2212 137 27 snarast

169 2266 107 28 måste
298 2267 52 27 tas
372 2266 7 27 i
402 2265 132 37 frågan,
556 2265 42 38 på
618 2265 105 28 vilket
744 2264 69 29 sätt
832 2271 84 31 varg
934 2264 66 28 och
1017 2263 78 38 järv
1115 2263 62 28 bör
1197 2262 153 38 skyddas
1371 2264 72 27 mot
1463 2262 189 39 utrotning.

211 2322 119 29 Såsom
350 2320 154 39 framgår
520 2330 41 19 av
578 2320 65 29 den
662 2319 185 29 inledande
866 2318 240 38 redogörelsen
1126 2318 106 38 pågår
1250 2327 41 19 en
1311 2317 226 37 samordning
1554 2326 41 20 av
1612 2317 40 28 de

167 2375 163 28 nordiska
360 2374 185 28 ländernas
572 2373 92 39 jakt-
691 2373 64 28 och
785 2371 504 39 fridlysningsbestämmelser.
1319 2370 213 38 Erforderlig
1560 2370 93 28 över-

167 2437 61 29 syn
247 2437 41 20 av
307 2428 63 28 den
392 2426 145 29 svenska
558 2426 263 38 lagstiftningen
842 2425 79 29 sker
940 2424 96 29 inom
1057 2423 81 29 1949
1157 2423 56 29 års
1231 2423 277 39 jaktutredning.
1529 2423 123 38 Kungl.

168 2481 100 38 Maj:t
294 2481 62 28 har
377 2480 128 38 jämväl
531 2479 48 29 till
606 2478 228 38 utredningen
857 2478 215 29 överlämnat
1096 2477 91 28 vissa
1211 2476 301 38 framställningar
1534 2476 8 28 i
1567 2476 87 28 före-
