1910 2840
268 137 38 31 10
694 140 107 28 Andra
821 140 220 34 lagutskottets
1059 140 162 29 utlåtande
1241 141 47 28 Nr
1307 143 47 27 22.

272 227 137 30 rösträtt
433 225 80 32 eller
537 229 47 29 att
609 225 234 39 skogsägaren,
869 231 59 26 när
952 226 64 32 han
1042 226 194 33 avlämnade
1262 227 49 32 sin
1338 227 164 39 anmälan,
1529 229 106 32 skulle
1659 229 111 32 tillika

270 266 128 39 styrka,
421 271 50 28 att
489 268 64 31 han
573 267 193 32 förbehållit
784 267 53 39 sig
856 271 139 29 rösträtt
1016 269 51 31 för
1086 269 85 32 visst
1189 269 73 32 med
1279 281 123 21 annans
1421 270 219 38 registrerade
1659 271 111 32 märke

270 308 119 32 försett
407 308 104 32 virke.

314 353 72 32 Den
413 353 107 31 första
542 352 193 38 tolkningen
761 353 124 31 anslöte
910 353 53 38 sig
986 357 146 28 närmast
1157 353 54 32 till
1237 353 215 38 lagrummets
1480 355 192 38 avfattning
1697 367 72 19 men

270 395 153 32 förefölle
445 395 81 37 föga
546 395 123 38 rimlig.
717 394 136 39 Följden
875 395 102 32 härav
994 395 114 33 skulle
1131 395 63 33 lätt
1216 395 112 33 kunna
1350 396 100 38 bliva,
1476 399 48 29 att
1547 397 223 38 skogsägaren

262 437 64 31 och
350 436 260 37 virkesköparen
633 436 128 32 komme
786 440 49 28 att
858 448 60 20 var
943 437 53 31 för
1020 437 51 38 sig
1095 437 131 32 anmäla
1251 449 121 20 samma
1399 439 90 36 parti
1514 438 104 32 virke.
1666 439 101 31 Detta

266 478 107 32 skulle
392 477 215 39 naturligtvis
626 478 91 33 bliva
735 490 38 20 en
791 478 93 32 källa
902 478 54 32 till
977 479 155 38 ständiga
1153 479 208 38 tvistigheter
1382 498 45 3 —
1448 480 193 37 föreningen
1662 481 103 31 förut-

266 523 84 28 satte
371 520 107 31 såsom
499 520 187 38 självklart,
710 523 47 30 att
779 520 119 32 dubbel
919 523 137 30 rösträtt
1076 521 71 31 icke
1170 521 91 38 finge
1282 525 117 28 utövas
1423 521 53 32 för
1496 525 46 28 ett
1563 522 58 31 och
1640 534 126 20 samma

265 561 100 38 parti.
415 561 176 32 Dessutom
619 563 104 31 måste
751 563 43 37 på
819 563 102 37 något
948 566 67 28 sätt
1040 562 186 39 klargöras,
1255 567 49 28 att
1330 563 254 37 vederbörande,
1615 568 59 27 när
1702 564 63 32 han

266 603 152 33 anmälde
441 603 104 38 virke,
570 605 122 37 avsåge
715 607 49 28 att
787 605 116 31 endast
927 608 102 29 utöva
1053 608 148 28 rösträtt.
1249 605 17 31 I
1291 608 100 29 annat
1419 605 63 33 fall
1508 605 107 32 skulle
1641 606 65 31 han
1730 607 36 36 ju

263 648 167 35 upptagas
447 646 106 31 såsom
572 646 254 38 avgiftspliktig
844 647 12 31 i
871 647 364 38 uttaxeringslängden.
1276 647 73 32 Men
1368 652 81 27 även
1469 659 51 21 om
1538 647 94 32 dessa
1651 648 114 37 frågor

264 687 109 31 kunde
402 687 102 32 vinna
532 699 38 20 en
599 688 314 32 tillfredsställande
944 688 140 39 lösning,
1115 701 77 19 vore
1223 689 53 32 det
1306 689 82 32 dock
1420 689 117 32 alltför
1567 690 196 37 uppenbart,

264 732 50 28 att
351 728 224 39 anordningen
611 729 107 33 skulle
743 730 138 38 inbjuda
904 730 54 32 till
984 731 53 32 det
1061 731 179 38 yppigaste
1263 731 251 38 bulvansystem
1540 731 75 33 från
1639 732 124 31 virkes-

261 770 166 38 köparnas
448 770 82 38 sida,
551 771 90 32 detta
659 771 12 32 i
691 772 91 37 syfte
801 776 49 28 att
868 772 112 38 undgå
1002 773 140 37 stadgad
1162 773 222 38 begränsning
1405 785 42 20 av
1467 776 189 29 rösträtten.

307 815 52 31 Då
386 827 40 19 av
455 814 95 33 dessa
576 814 73 32 skäl
677 815 61 31 den
765 826 79 26 nyss
872 815 144 31 nämnda
1041 815 194 38 tolkningen
1261 816 103 32 måste
1392 815 180 37 förkastas,
1599 815 164 32 återstode

262 857 126 31 således
412 857 55 31 det
491 857 210 37 antagandet,
726 860 48 29 att
798 857 201 38 lagrummet
1023 857 167 37 åsyftade,
1217 860 48 28 att
1291 857 234 38 anmälningen
1552 857 108 32 skulle
1686 869 76 20 avse

260 902 46 28 ett
324 899 85 31 visst
427 899 73 31 med
517 911 124 19 annans
659 898 113 33 märke
791 898 119 32 försett
928 900 89 36 parti
1034 899 103 31 virke.
1179 898 62 32 Om
1258 899 89 31 detta
1362 911 77 19 vore
1457 899 183 38 meningen,
1658 900 103 31 måste

262 940 82 32 dock
366 945 108 33 sägas,
498 944 48 28 att
569 940 162 39 förslaget
752 940 71 33 icke
846 941 128 38 angivit
998 941 37 31 de
1059 941 132 38 former,
1214 941 103 31 under
1339 941 92 31 vilka
1456 953 38 19 en
1516 941 44 38 på
1581 941 103 32 sådan
1706 953 54 20 an-

260 983 108 31 mälan
394 982 153 38 grundad
571 985 137 29 rösträtt
734 983 92 37 finge
850 986 131 28 utövas.
1031 982 115 32 Skulle
1169 983 118 31 tvister
1312 982 113 32 kunna
1451 983 177 37 undvikas,
1656 983 104 32 måste

260 1024 199 36 anmälaren,
487 1036 49 19 om
561 1024 64 32 han
649 1036 76 20 vore
753 1024 199 38 skogsägare
978 1025 58 31 och
1060 1025 11 31 i
1096 1024 104 32 sådan
1224 1024 164 38 egenskap
1415 1024 80 32 ville
1521 1025 131 37 åtnjuta
1678 1029 81 28 röst-

260 1070 76 34 rätt,
351 1067 89 31 klart
455 1067 211 37 ådagalägga
678 1067 100 31 bland
793 1070 100 28 annat
908 1067 68 32 dels
992 1067 51 32 för
1057 1067 104 32 vilket
1175 1068 88 36 parti
1276 1067 102 37 virke,
1393 1067 66 31 han
1473 1067 79 32 ville
1567 1070 99 29 utöva
1681 1071 79 28 röst-

258 1110 77 34 rätt,
358 1108 59 31 och
439 1108 69 31 dels
530 1111 48 28 att
600 1108 65 31 han
689 1108 193 31 förbehållit
905 1108 54 38 sig
982 1108 103 32 sådan
1108 1111 66 29 rätt
1197 1108 56 32 vid
1277 1108 201 38 försäljning
1501 1120 41 20 av
1565 1108 94 32 virke
1683 1109 75 31 från

258 1161 79 26 egen
363 1149 93 38 skog.
504 1149 50 32 De
578 1150 212 38 sakkunniga
811 1150 84 32 hade
920 1150 109 38 själva
1052 1151 111 38 insett,
1190 1154 48 28 att
1262 1151 90 32 vissa
1375 1150 207 38 svårigheter
1606 1150 72 32 med
1704 1163 53 19 av-

256 1191 115 32 seende
391 1192 18 31 å
428 1191 267 32 timmermärken
715 1193 58 31 och
792 1192 111 38 dylikt
923 1192 260 32 understundom
1202 1192 92 32 torde
1313 1192 187 32 förefinnas
1521 1192 52 32 för
1592 1196 47 28 ett
1659 1192 98 38 prak-

256 1233 82 32 tiskt
364 1233 165 32 ordnande
555 1245 41 20 av
620 1234 104 31 denna
747 1234 70 37 sak,
841 1234 199 32 åtminstone
1062 1234 65 32 vad
1151 1234 126 32 kronan
1302 1235 152 37 anginge.
1500 1234 106 32 Dessa
1631 1235 125 37 svårig-

254 1275 91 31 heter
363 1275 110 32 kunde
492 1275 71 32 icke
581 1276 126 31 lämnas
725 1276 114 37 olösta,
859 1276 41 32 då
918 1288 77 20 man
1012 1276 79 32 ville
1110 1276 100 32 bland
1230 1276 38 32 de
1286 1276 200 39 röstägande
1503 1277 44 37 på
1567 1276 189 38 flottnings-

254 1320 140 29 stämma
414 1317 112 32 införa
543 1321 70 28 rent
634 1318 205 32 främmande
858 1318 149 38 element,
1027 1318 109 32 vilkas
1157 1323 139 27 närvaro
1315 1319 62 31 lätt
1397 1318 111 32 kunde
1528 1318 227 32 åstadkomma

256 1358 182 38 förvirring
460 1359 58 31 och
540 1359 107 32 oreda.

299 1403 101 32 Klart
421 1415 77 20 vore
520 1403 193 38 emellertid,
736 1406 60 35 att,
819 1407 82 27 även
925 1414 51 20 om
1000 1402 167 31 formerna
1189 1403 11 30 i
1223 1414 44 19 nu
1289 1402 145 37 angivna
1458 1401 208 32 hänseenden
1690 1401 66 32 till-

253 1445 260 32 fredsställande
535 1445 171 38 ordnades,
732 1444 238 38 särskiljandet
994 1456 42 20 av
1058 1445 60 31 den
1141 1448 148 33 rösträtt,
1313 1456 68 20 som
1405 1443 184 32 tillkomme
1613 1444 60 31 den
1696 1455 60 20 ena

253 1488 59 31 och
330 1488 60 32 den
408 1488 115 37 andra,
540 1487 128 32 komme
686 1491 49 28 att
754 1487 120 32 orsaka
892 1486 135 38 mycket
1044 1487 119 31 besvär
1180 1487 60 31 och
1257 1486 208 32 tidsutdräkt
1484 1486 92 31 såväl
1597 1486 71 32 före
1687 1497 68 20 som

250 1531 57 31 vid
329 1530 357 38 flottningsstämman.

296 1576 19 31 I
335 1575 91 32 detta
445 1574 183 33 hänseende
647 1574 94 37 finge
759 1572 189 38 anmärkas,
968 1575 51 29 att
1037 1572 54 32 det
1110 1571 53 32 för
1183 1570 262 33 bestämmandet
1463 1582 42 20 av
1525 1571 60 31 den
1604 1573 148 34 rösträtt,

254 1629 69 20 som
347 1617 185 31 tillkomme
558 1616 236 38 skogsägaren,
819 1615 73 32 icke
917 1626 78 20 vore
1022 1613 203 38 tillräckligt
1250 1616 49 29 att
1324 1616 76 28 veta
1426 1613 55 32 det
1505 1613 93 31 antal
1622 1613 132 31 timmer

252 1659 80 32 eller
349 1662 102 28 annat
469 1657 104 38 virke,
592 1669 68 20 som
679 1669 43 20 av
739 1657 116 31 honom
873 1656 156 38 anmälts,
1047 1659 81 28 utan
1146 1655 65 32 han
1229 1656 104 31 måste
1349 1655 58 32 vid
1428 1655 52 32 sin
1498 1655 154 32 anmälan
1672 1656 80 36 foga

253 1700 204 37 fullständig
479 1699 237 38 specifikation
737 1698 138 32 rörande
897 1698 91 32 detta
1009 1697 94 33 virke
1126 1701 87 29 samt
1232 1697 160 38 uppgiva,
1413 1701 114 28 varest
1547 1697 109 32 virket
1678 1698 73 30 fun-

251 1753 56 20 nes
328 1742 144 37 upplagt
493 1741 91 32 invid
606 1741 187 31 flottleden.
835 1740 111 38 Eljest
965 1740 111 32 kunde
1095 1740 30 37 ej
1146 1740 198 31 bestämmas
1366 1740 39 32 de
1426 1739 88 32 inom
1536 1740 37 32 de
1594 1739 90 32 olika
1705 1740 46 31 di-

252 1783 142 32 strikten
413 1784 54 30 för
486 1782 89 32 olika
596 1782 315 38 flottningsenheter
932 1782 165 38 utgående
1117 1781 341 39 flottningsavgifter,
1480 1783 45 37 på
1545 1782 207 38 grundvalen

253 1837 101 19 varav
372 1828 181 28 rösträtten
570 1824 216 32 beräknades.
826 1824 50 32 De
895 1824 130 38 siffror,
1047 1836 67 20 som
1135 1824 119 32 härvid
1274 1823 228 39 framkomme,
1523 1824 107 32 skulle
1651 1824 100 32 sedan

250 1866 162 38 jämföras
430 1866 74 32 med
521 1866 60 32 och
598 1866 202 37 fråndragas
821 1866 38 31 de
878 1865 131 39 siffror,
1028 1877 68 21 som
1115 1866 168 32 bestämde
1303 1866 60 32 den
1383 1866 183 32 flottandes
1587 1866 163 38 delaktig-

249 1909 56 31 het
330 1908 12 31 i
367 1908 214 37 flottningen.
627 1907 61 32 Om
714 1907 127 32 således
866 1907 231 38 skogsägarna
1122 1908 12 31 1
1159 1911 103 29 större
1285 1908 236 38 utsträckning
1545 1909 79 32 ville
1649 1913 101 27 utöva

250 1953 149 34 rösträtt,
417 1949 108 32 skulle
542 1950 104 31 härav
664 1949 191 32 föranledas
873 1953 48 28 ett
938 1950 131 32 oerhört
1085 1950 112 32 arbete
1215 1950 53 31 för
1285 1950 369 39 flottningsledningen.
1675 1951 76 31 Men

252 1991 127 33 ändock
400 1992 94 31 torde
517 1991 72 32 icke
610 1991 114 32 kunna
747 1991 176 39 undvikas,
947 1995 51 28 att
1023 1993 19 30 å
1065 1992 345 38 flottningsstämman
1433 1993 165 38 uppstode
1621 1993 128 37 tvister,

249 2033 110 32 vilkas
377 2033 189 37 avgörande
583 2036 75 35 toge
673 2033 12 31 i
702 2033 144 38 anspråk
865 2033 50 32 tid
932 2034 60 31 och
1008 2033 142 39 krafter,
1169 2046 68 20 som
1255 2034 108 32 kunde
1383 2035 109 32 bättre
1510 2036 169 38 utnyttjas
1697 2036 53 31 till

251 2075 142 31 fromma
415 2075 53 31 för
490 2075 38 31 de
550 2074 168 39 egentliga
742 2075 357 38 flottningsärendena.

293 2115 65 32 Det
380 2116 84 32 hade
485 2116 159 38 antagits,
668 2120 51 28 att
741 2117 188 38 egentligen
952 2117 117 32 endast
1090 2117 127 33 kronan
1241 2118 106 33 skulle
1368 2118 134 33 komma
1524 2123 50 29 att
1597 2120 152 38 begagna

250 2157 52 38 sig
320 2169 42 19 av
379 2158 62 31 den
456 2158 177 37 medgivna
651 2158 181 39 förmånen,
850 2171 73 31 men
941 2159 87 32 huru
1044 2160 135 32 härmed
1196 2160 11 31 i
1223 2160 229 39 verkligheten
1469 2161 129 33 komme
1614 2166 51 28 att
1683 2163 66 31 för-

249 2198 92 32 hålla
366 2199 63 37 sig,
456 2199 110 32 kunde
592 2200 73 32 icke
692 2201 155 31 förutses.
895 2198 97 35 Även
1018 2202 104 31 andra
1149 2202 213 40 skogsägare,
1389 2207 25 29 t.
1441 2216 50 20 ex.
1519 2208 89 28 stora
1635 2204 113 39 skogs-

248 2239 110 46 bolag,
379 2240 93 32 vilka
494 2241 108 38 själva
624 2242 29 37 ej
674 2242 98 32 dreve
792 2243 238 39 träförädling,
1050 2244 129 32 komme
1201 2245 167 32 sannolikt
1389 2245 73 33 icke
1483 2250 51 28 att
1554 2248 96 31 avstå
1672 2248 76 31 från

250 2282 61 31 den
334 2286 78 34 rätt,
435 2295 69 19 som
527 2284 53 31 för
602 2283 95 33 deras
720 2284 144 38 räkning
887 2285 206 38 tillskapats.
1138 2286 103 32 Klart
1263 2299 75 20 vore
1360 2288 11 30 i
1393 2288 122 39 övrigt,
1540 2293 49 28 att
1611 2290 137 32 bulvan-

248 2326 158 35 systemet
430 2329 82 28 även
535 2325 60 31 här
618 2325 129 33 komme
771 2329 51 29 att
845 2327 95 31 finna
963 2339 40 20 en
1025 2327 150 33 tacksam
1198 2329 160 38 jordmån,
1383 2329 128 34 kanske
1535 2331 137 39 därhän,
1696 2335 51 29 att

247 2364 39 33 de
303 2365 157 38 fördelar,
478 2377 76 20 man
571 2366 90 33 velat
677 2367 101 32 vinna
796 2368 53 32 för
865 2368 145 33 kronans
1031 2370 61 38 del,
1110 2370 69 32 helt
1197 2371 270 38 omintetgjordes
1487 2385 115 26 genom
1620 2374 126 32 virkes-

246 2405 167 48 köparnas
434 2408 333 33 överenskommelser
785 2410 72 32 med
877 2410 38 32 de
934 2412 72 31 små
1024 2411 240 41 skogsägarna,
1284 2413 103 39 vilka,
1407 2414 106 38 enligt
1531 2416 65 32 vad
1616 2417 38 32 de
1673 2417 73 32 sak-

246 2447 148 39 kunniga
430 2450 158 38 uttalade,
625 2451 121 32 hittills
782 2452 180 39 ådagalagt
989 2454 95 38 ringa
1109 2455 139 32 intresse
1276 2456 52 31 för
1355 2457 230 34 flottledernas
1612 2460 134 33 skötsel.
