1898 2854
266 161 39 30 24
684 157 115 29 Första
822 155 223 36 lagutskottets
1069 154 165 29 utlåtande
1259 154 49 29 Nr
1328 159 28 31 4.

407 244 144 42 (Kungl.
575 244 121 39 Maj:ts
720 241 146 41 förslag)
1223 239 207 42 (Utskottets
1455 237 145 42 förslag)

973 343 40 32 21
1034 341 31 40 8.

315 405 111 39 Brott,
449 416 69 22 som
539 403 14 33 i
575 404 39 33 19
639 402 20 40 $
681 407 89 35 sägs,
791 402 99 33 hörer
910 401 107 33 under
1037 400 142 34 allmänt
1200 400 81 39 åtal,
1303 411 75 21 men
1400 399 98 39 eljest
1517 399 56 32 må
1593 398 90 34 brott
1706 402 71 29 mot

272 457 108 33 denna
401 456 59 38 lag
481 455 30 39 ej
535 454 109 33 åtalas
667 466 43 21 av
731 464 111 22 annan
864 457 42 28 än
929 451 228 40 målsägande.

316 574 120 33 Denna
455 573 58 39 lag
531 572 113 34 träder
663 572 12 32 i
694 572 96 32 kraft
809 571 62 33 den
893 572 17 31 1
931 570 64 39 juli
1015 571 97 33 1931.

318 674 193 34 Stockholm
536 674 61 32 den
623 675 38 31 17
687 672 150 33 februari
863 673 97 32 1931.

724 773 49 32 På
792 773 109 32 första
920 770 239 40 lagutskottets
1176 775 144 34 vägnar:

867 839 43 33 A.
930 835 253 37 ÅKERMAN.

357 1068 65 29 Vid
444 1068 86 28 detta
553 1066 130 30 ärendes
704 1065 192 35 behandling
918 1064 79 29 hava
1020 1064 158 29 närvarit:

314 1127 76 29 från
443 1128 125 27 första
595 1125 193 29 kammaren:
807 1124 112 28 herrar
937 1121 165 33 Åkerman,
1118 1130 92 26 greve
1227 1119 113 36 Spens,
1355 1120 121 29 Larson
1492 1120 11 28 i
1520 1117 161 36 Lerdala”,
1699 1118 80 29 Nor-

276 1169 78 35 ling,
372 1167 148 35 Öhman",
537 1167 149 32 Forssell,
738 1166 188 35 Hjalmarsson
946 1165 56 29 och
1021 1164 113 34 Julin;

315 1229 77 28 från
419 1228 138 28 andra
584 1227 193 28 kammaren:
797 1226 112 29 herrar
925 1224 184 35 Björkman,
1126 1222 167 35 Lindqvist
1318 1222 2 28 i
1339 1219 196 36 Halmstad”,
1551 1218 154 37 Sjögren”
1722 1219 57 29 och

275 1271 167 29 Johanson
459 1271 11 27 i
489 1270 201 32 Huskvarna,
708 1268 112 29 fröken
840 1267 117 29 Wellin
975 1271 79 24 samt
1071 1266 111 29 herrar
1202 1265 183 34 Bergström
1404 1264 11 29 i
1433 1261 189 36 Bäckland”,
1641 1261 137 30 Jonsson

276 1314 11 28 i
306 1313 136 34 Risinge
460 1311 57 30 och
535 1309 183 37 Sjöström”.

317 1383 14 14 +
350 1382 31 33 Ej
401 1382 157 25 närvarande
575 1381 44 24 vid
637 1380 159 25 utlåtandets
810 1379 138 32 justering.

848 1594 367 35 Reservationer:

326 1684 37 41 1)
392 1697 43 21 av
452 1684 77 33 herr
546 1681 158 41 Forssell,
721 1693 72 22 som
812 1681 131 33 anfört:

326 1736 78 33 Med
421 1735 130 38 hänsyn
568 1734 54 32 till
641 1733 61 32 den
720 1736 90 30 stora
826 1730 178 40 praktiska
1020 1729 201 33 innebörden
1239 1740 42 21 av
1299 1731 48 30 ett
1364 1726 185 39 stadgande
1567 1737 52 21 om
1637 1728 48 30 ett
1701 1724 86 33 visst

282 1786 262 38 minimibelopp,
570 1783 116 33 vartill
711 1782 191 38 målsägare
927 1780 213 39 tillskyndad
1167 1779 122 32 förlust
1316 1777 88 34 skall
1429 1776 214 40 uppskattas,
1668 1794 46 5 —
1738 1778 49 30 ett

282 1836 115 40 dylikt
419 1835 185 39 stadgande
626 1839 38 28 är
685 1833 214 39 synnerligen
921 1832 73 32 ofta
1015 1834 105 35 ägnat
1140 1833 51 29 att
1212 1831 12 32 i
1244 1829 88 33 båda
1352 1832 176 36 parternas
1550 1827 141 32 intresse
1712 1830 74 28 onö-

283 1887 143 39 diggöra
444 1898 39 21 en
500 1885 167 39 vidlyftig
686 1884 59 33 och
764 1883 127 39 dyrbar
909 1881 179 39 utredning
1105 1900 45 5 —
1168 1879 193 34 hemställer
1378 1879 70 38 jag,

636 1971 53 30 att
706 1967 38 33 de
761 1979 43 20 av
822 1965 129 39 Kungl.
970 1964 103 39 Maj:t
1090 1963 194 39 framlagda
1300 1961 231 40 lagförslagen
1550 1961 103 32 måtte
1669 1959 13 33 i
1700 1959 87 33 oför-

593 2018 120 33 ändrat
730 2016 96 34 skick
842 2016 206 39 godkännas.

329 2111 38 41 2)
396 2124 43 21 av
460 2111 115 33 herrar
598 2111 128 32 Larson
748 2109 13 32 i
784 2107 145 34 Lerdala
954 2107 60 32 och
1036 2107 195 38 Bergström
1253 2105 13 32 i
1290 2103 184 39 Bäckland,
1498 2102 94 33 vilka
1614 2103 140 32 instämt
1776 2102 13 31 i

283 2164 78 32 herr
379 2161 164 34 Forssells
562 2160 161 39 yrkande.

467 2425 180 30 Stockholm
666 2424 85 28 1931.
781 2422 120 36 Kungl.
920 2421 250 34 Boktryckeriet,
1190 2420 35 29 P.
1245 2418 37 29 A.
1302 2417 153 31 Norstedt
1474 2417 22 29 &
1517 2416 107 31 Söner.

987 2475 100 21 310498
