2220 2634
730 135 231 41 Lagutskottets
985 137 161 31 utlåtande
1168 138 52 30 Nr
1242 139 50 30 64.
1737 142 39 30 41

211 221 108 34 koren
349 221 8 32 i
389 222 120 46 övrigt
538 221 58 35 för
625 228 53 29 att
707 223 123 35 kunna
858 237 79 21 vara
974 225 160 35 ledamot
1162 227 8 32 i
1202 226 212 35 kommunal
1440 227 261 37 arbetsnämnd
1730 231 90 33 eller

210 269 342 37 länsarbetsnämnd
582 279 93 28 samt
702 285 57 22 om
791 279 72 30 rätt
890 280 54 29 att
973 282 130 40 avsäga
1131 277 56 45 sig
1215 277 205 48 uppdraget
1446 279 91 34 skall
1566 279 11 34 i
1600 279 219 48 tillämpliga

211 320 101 34 delar
337 321 98 44 gälla
462 322 68 35 vad
559 323 11 34 i
600 322 265 49 förordningen
894 338 58 21 om
982 326 368 49 kommunalstyrelse
1378 329 11 33 i
1417 328 80 35 stad
1526 330 89 34 eller
1642 330 10 34 i
1678 329 141 36 förord-

211 371 135 45 ningen
376 384 58 21 om
460 372 372 49 kommunalstyrelse
861 378 20 31 å
908 375 125 34 landet
1060 377 90 33 eller
1176 377 11 34 i
1208 376 264 49 förordningen
1493 392 58 21 om
1571 379 191 47 landsting
1780 388 40 27 är

210 419 157 47 stadgat;
408 421 90 36 dock
538 428 52 29 att
631 424 135 34 kvinna
794 428 58 31 må
879 425 263 47 tillgodonjuta
1170 427 69 35 den
1268 428 117 34 henne
1414 429 198 46 medgivna
1639 430 181 35 särskilda

210 471 259 47 avsägelserätt
497 474 163 42 allenast,
691 474 45 35 då
763 475 71 34 hon
863 482 40 27 är
930 475 82 46 gift.

343 520 145 36 Nämnd
518 528 65 39 äge
610 528 53 30 att
691 525 10 32 i
730 524 221 47 erforderlig
979 526 257 45 utsträckning
1263 532 133 42 antaga
1423 528 221 46 tjänstemän
1670 530 66 34 och
1764 531 55 34 bi-

209 571 129 35 träden
366 577 94 29 samt
487 573 155 39 tillkalla
670 574 229 47 sakkunniga
927 588 182 34 personer,
1139 576 92 35 dock
1260 583 86 28 utan
1376 583 71 29 rätt
1466 577 56 35 för
1541 579 102 35 dessa
1663 585 53 29 att
1744 580 75 35 del-

209 625 84 43 taga
320 622 11 33 1
360 622 132 34 beslut.

971 690 83 45 78.

344 781 237 35 Nämnderna
619 783 182 43 tillsättas,
844 787 38 32 så
921 790 101 30 snart
1054 785 62 35 ske
1145 786 69 34 kan
1244 785 93 36 efter
1365 787 61 35 det
1453 787 122 36 denna
1602 790 61 45 lag
1689 794 89 30 trätt
1806 792 12 33 i

210 830 106 45 kraft,
346 831 125 35 därvid
505 832 253 36 ledamöterna
790 834 67 34 och
885 835 284 46 suppleanterna
1199 841 98 30 utses
1325 836 56 36 för
1409 838 71 35 viss
1509 838 66 44 tid,
1604 840 214 35 kommunal

209 881 280 35 arbetsnämnds
516 882 203 35 ledamöter
745 884 67 34 och
833 886 236 45 suppleanter
1088 885 59 35 för
1164 886 69 35 den
1255 887 54 34 tid
1330 887 226 48 Konungens
1575 888 243 48 befallnings-

211 931 164 35 havande
404 931 232 36 bestämmer.
677 933 101 35 Intill
807 934 80 35 dess
915 935 213 35 kommunal
1155 936 261 37 arbetsnämnd
1436 939 106 35 blivit
1562 939 143 44 utsedd,
1726 942 92 45 ålig-

208 993 65 34 ger
299 982 62 34 det
384 982 402 36 kommunalnämnden
814 989 52 30 att
893 998 86 22 vara
1007 985 272 37 arbetsnämnd.

343 1031 227 48 Konungens
598 1032 391 48 befallningshavande
1017 1043 78 40 äge,
1125 1037 111 34 sedan
1264 1039 58 34 val
1350 1039 57 34 till
1436 1039 214 36 kommunal
1679 1041 138 35 arbets-

208 1082 139 35 nämnd
387 1083 108 42 skett,
537 1082 176 37 förordna
753 1097 61 23 om
854 1091 83 43 nytt
974 1088 68 42 val,
1072 1087 95 35 ändå
1193 1092 53 30 att
1274 1088 70 35 den
1373 1089 55 35 tid
1456 1090 31 47 ej
1517 1093 79 44 gått
1623 1091 58 35 till
1709 1092 107 44 ända,

209 1132 59 36 för
294 1133 122 36 vilken
444 1133 101 36 förra
572 1135 95 34 valet
694 1135 94 48 ägde
815 1148 94 24 rum.

969 1248 20 33 8
1018 1245 34 45 $.

344 1325 259 37 Kostnaderna
643 1327 56 36 för
738 1330 455 36 länsarbetsnämndernas
1234 1332 67 35 och
1343 1332 43 36 de
1414 1334 237 36 kommunala
1678 1335 139 37 arbets-

211 1376 245 36 nämndernas
484 1378 232 35 verksamhet
743 1379 181 36 bestridas

342 1428 13 33 i
383 1425 102 50 fråga
512 1441 60 22 om
600 1428 261 37 arbetsnämnd
888 1431 12 34 i
928 1429 213 37 Stockholm
1168 1445 43 22 av
1239 1431 229 38 Stockholms
1496 1435 93 44 stad,

342 1478 12 33 i
381 1476 105 49 fråga
525 1491 60 22 om
626 1480 343 36 länsarbetsnämnd
1010 1495 44 22 av
1090 1482 226 48 landstinget
1357 1485 99 43 eller,
1500 1485 65 36 där
1590 1487 100 35 inom
1717 1488 101 35 länet

208 1528 117 35 finnes
366 1528 93 44 stad,
487 1541 79 23 som
608 1529 31 47 ej
682 1530 162 48 deltager
869 1532 13 34 i
908 1532 201 48 landsting,
1138 1546 44 22 av
1209 1535 111 34 sådan
1348 1535 79 35 stad
1456 1535 84 36 med
1567 1549 44 23 en
1638 1537 179 47 tredjedel

209 1578 67 35 och
304 1578 225 48 landstinget
557 1580 83 35 med
667 1584 61 32 två
755 1581 232 48 tredjedelar,
1016 1588 94 30 samt

342 1630 12 34 i
382 1627 105 50 fråga
514 1642 60 23 om
603 1631 214 36 kommunal
844 1633 261 36 arbetsnämnd
1133 1647 43 22 av
1203 1635 240 45 kommunen;

342 1679 83 36 med
466 1685 72 30 rätt
575 1682 139 46 jämväl
756 1681 57 36 för
852 1683 203 36 ledamöter
1089 1686 12 33 i
1141 1685 261 36 arbetsnämnd
1441 1692 54 30 att
1532 1688 142 47 åtnjuta
1702 1690 117 48 skälig

207 1731 206 46 ersättning
440 1730 94 36 efter
561 1732 246 36 kommunens
836 1734 89 35 eller
951 1734 243 49 landstingets
1223 1735 288 38 bestämmande.

970 1854 19 33 9
1015 1847 37 56 8.

341 1930 119 38 Sedan
501 1932 247 38 förordnande
788 1948 59 23 om
888 1937 240 48 tillämpning
1167 1950 43 23 av
1240 1939 233 49 tjänsteplikt
1501 1940 213 46 meddelats,
1743 1943 74 35 till-

208 1982 166 35 kommer
413 1982 62 36 det
511 1985 388 37 riksarbetsnämnden
927 1992 53 30 att
1008 1987 167 36 meddela
1202 1988 43 36 de
1272 1996 169 29 närmare
1468 1990 241 47 föreskrifter,
1739 2006 77 23 som

209 2032 117 36 under
353 2032 70 36 den
451 2034 55 35 tid
533 2036 299 47 tjänstepliktens
860 2038 241 48 tillämpning
1120 2042 45 44 på
1183 2040 121 46 grund
1323 2053 44 23 av
1385 2040 268 38 förordnandet
1672 2042 144 46 fortfar,

207 2086 60 32 må
294 2096 85 23 vara
407 2084 205 49 behövliga,
642 2086 82 35 med
752 2092 71 30 rätt
851 2093 53 30 att
931 2088 12 35 i
971 2089 180 35 särskilda
1178 2091 202 35 avseenden
1408 2095 38 32 åt
1472 2093 345 37 länsarbetsnämnd

208 2134 161 35 överlåta
396 2134 159 36 berörda
581 2136 232 48 befogenhet.

342 2184 400 39 Riksarbetsnämnden
782 2189 236 48 ombesörjer,
1052 2195 53 30 att
1132 2189 263 39 förordnandet
1418 2192 118 47 jämte
1564 2193 81 37 dess
1673 2196 12 34 i
1713 2202 104 29 ären-

250 2247 130 43 Bihang
404 2248 49 32 till
476 2250 179 42 riksdagens
673 2252 161 41 protokoll
856 2253 90 31 1917.
993 2255 20 28 9
1035 2254 88 31 saml.
1168 2255 41 31 49
1232 2254 81 43 häft.
1359 2256 65 36 (Nr
1449 2258 67 37 64.)
1758 2264 16 26 6
