2222 2630
737 149 231 43 Lagutskottets
994 148 160 31 utlåtande
1178 147 53 31 Nr
1253 148 51 30 64.
1764 149 18 28 5

218 238 118 36 under
362 238 247 35 innevarande
637 238 288 46 avverkningsår
952 236 130 36 endast
1111 236 80 35 med
1221 239 19 32 2
1270 236 186 35 millioner
1474 232 57 38 m”
1551 236 117 34 skulle
1688 236 140 34 behöva

218 288 180 45 överstiga
425 287 70 36 den
521 290 164 33 normala
712 269 284 65 avverkningen.

352 318 84 54 Men
465 351 77 23 som
571 339 138 35 bristen
739 342 44 43 på
811 325 145 48 bränsle
984 345 68 39 gör
1079 338 56 47 sig
1162 339 168 33 alltmera
1358 335 174 44 kännbar,
1563 339 115 33 måste
1707 336 121 35 denna

218 389 285 45 årsavverkning
539 390 159 34 avslutas
727 388 113 35 redan
869 367 136 56 under
1014 386 383 37 sommarmånaderna
1426 386 56 35 för
1509 392 54 29 att
1591 387 116 35 veden
1736 387 91 34 skall

219 439 112 34 hinna
357 439 105 35 torka
479 419 89 55 före
596 438 279 47 nedforslingen
898 442 51 57 på
976 437 228 36 vinterföret.

352 488 188 47 Därjämte
580 492 114 31 måste
735 470 106 53 också
869 492 94 43 på
944 488 121 34 grund
1093 501 42 21 av
1162 487 239 46 möjligheten
1429 485 59 35 för
1516 499 44 22 en
1588 492 100 29 snart
1715 487 113 34 inträ-

219 538 116 36 dande
363 531 242 43 bränslebrist
630 551 43 22 en
702 538 209 47 betydande
939 520 59 53 del
1026 550 43 22 av
1089 537 99 36 detta
1206 537 101 34 virke
1326 535 204 36 nedforslas
1549 536 113 35 redan
1683 540 45 44 på
1748 537 80 35 bar-

219 590 102 34 mark
349 588 78 36 före
454 590 183 34 vintern.
617 584 22 56 :

356 638 203 36 Statsrådet
586 638 66 35 och
681 637 129 36 chefen
839 637 59 36 för
916 638 413 47 finansdepartementet
1353 636 166 34 kommer
1538 636 126 35 därför
1681 637 57 34 till
1759 637 69 34 den

218 690 206 43 slutsatsen,
454 693 53 30 att
534 689 105 47 tjugo
668 688 186 35 millioner
880 689 235 34 kubikmeter
1142 687 72 36 fast
1241 689 91 32 mått
1359 686 68 35 ved
1455 685 88 36 böra
1566 699 134 34 genom
1720 687 109 35 brän-

218 740 358 35 slekommissionens
605 738 144 49 försorg
776 739 172 35 avverkas
977 738 131 36 fortast
1127 738 146 47 möjligt
1292 736 248 36 innevarande
1560 750 170 22 sommar.
1761 737 68 35 Det

219 797 39 28 är
286 790 82 35 med
395 790 198 47 förvåning
620 803 83 21 man
724 769 129 55 finner
880 802 44 22 av
953 789 71 35 den
1054 789 133 47 Kungl.
1218 788 288 47 propositionen,
1530 792 54 31 att
1603 787 70 35 den
1693 788 136 47 ifråga-

217 840 158 35 varande
403 821 272 55 arbetskraften
704 839 59 36 för
790 840 120 35 denna
937 820 225 66 avverkning
1191 852 42 22 av
1263 841 45 33 20
1338 834 257 40 millioner
1549 821 48 69 m?
1624 838 68 35 ved
1712 825 116 48 skulle

217 896 102 42 tagas
347 889 82 36 från
454 890 233 47 jordbruket.
722 889 225 47 Visserligen
968 895 147 42 utsäges
1135 869 101 55 detta
1255 889 130 36 endast
1404 889 182 35 dunkelt
1572 865 20 76 i
1609 888 69 35 den
1700 889 127 47 kungl.

219 940 289 48 propositionen,
538 953 83 22 men
649 920 249 55 ordföranden
926 941 12 33 i
966 920 138 54 statens
1132 940 388 34 bränslekommission
1548 939 64 34 har
1632 938 192 44 bekräftat,

218 996 53 30 att
298 994 39 32 så
363 1003 85 23 vore
477 991 210 47 meningen.

353 1041 55 35 Då
448 1040 117 36 under
604 1040 213 36 nuvarande
850 1039 256 36 förhållanden
1134 1040 144 35 landets
1307 1039 191 37 förseende
1526 1039 84 36 med
1636 1039 191 36 livsmedel

219 1095 114 33 måste
360 1096 113 31 sättas
501 1093 13 33 i
541 1090 115 36 första
683 1097 172 38 rummet,
884 1090 57 36 får
968 1091 61 35 det
1056 1103 104 23 anses
1180 1103 77 23 som
1278 1091 143 35 mindre
1440 1091 211 34 välbetänkt
1672 1095 54 30 att
1744 1096 84 42 taga

217 1142 243 48 erforderliga
500 1142 226 48 dagsverken
767 1143 57 34 till
864 1143 183 45 väsentlig
1079 1141 58 36 del
1165 1141 81 36 från
1272 1141 234 47 jordbruket.
1561 1141 74 35 Till
1664 1140 94 48 följd
1785 1154 43 21 av

218 1193 71 36 den
318 1205 84 23 sena
429 1196 111 32 våren
569 1193 65 34 har
661 1192 137 36 sådden
826 1193 107 35 blivit
960 1191 172 36 försenad
1160 1192 107 48 högst
1286 1192 196 48 betydligt.
1528 1191 71 35 Tar
1627 1204 84 23 man
1731 1191 99 35 dess-

219 1249 101 30 utom
347 1245 12 33 i
386 1242 240 36 betraktande
654 1243 71 35 den
745 1243 111 35 sedan
877 1242 193 36 årtionden
1089 1241 215 49 fortgående
1323 1241 265 48 avfolkningen
1607 1241 81 36 från
1707 1242 122 35 lands-

219 1293 159 49 bygden,
418 1293 105 36 torde
564 1306 84 22 man
680 1292 127 45 förstå,
841 1298 55 30 att
924 1296 123 45 någon
1075 1292 389 49 arbetslöshetsperiod
1494 1292 188 36 därstädes
1712 1292 117 35 under

219 1356 205 24 sommaren
452 1345 12 33 i
491 1344 201 35 allmänhet
719 1344 67 34 och
815 1345 10 33 i
854 1346 40 32 år
921 1350 99 29 ännu
1050 1343 143 35 mindre
1221 1344 166 34 kommer
1410 1348 54 29 att
1491 1342 159 36 inträffa.

352 1393 83 36 Man
473 1393 172 36 förvånar
684 1395 56 46 sig
779 1394 109 35 också
929 1401 86 28 över
1042 1399 53 30 att
1121 1394 80 35 icke
1231 1393 135 45 Kungl.
1395 1392 105 47 Maj:t
1528 1393 189 47 samtidigt
1745 1393 84 35 med

217 1445 275 48 propositionen
533 1444 171 47 framlagt
745 1442 244 49 fullständiga
1020 1443 380 49 inventeringssiffror
1434 1450 85 29 över
1546 1443 60 35 det
1635 1442 125 36 förråd
1787 1456 43 22 av

218 1495 227 48 upphuggen
473 1494 79 45 ved,
582 1507 77 23 som
664 1475 142 55 "finnes
833 1496 103 34 inom
943 1475 158 55 landet.

354 1545 80 36 Men
476 1545 47 36 då
563 1549 38 32 så
639 1546 79 34 icke
759 1546 107 43 skett,
900 1546 132 35 saknar
1065 1544 193 48 riksdagen
1300 1544 95 36 fasta
1423 1544 321 48 utgångspunkter
1772 1543 59 37 för

217 1598 80 34 sina
323 1596 257 48 beräkningar.
626 1596 72 35 Till
726 1595 94 47 följd
849 1609 43 22 av
919 1596 44 35 de
992 1596 94 47 höga
1112 1597 166 46 priserna
1304 1595 56 36 får
1387 1608 85 22 man
1501 1595 93 35 dock
1614 1600 143 43 antaga,
1778 1600 51 30 att

221 1646 322 49 upphuggningen
571 1659 42 22 av
638 1646 69 35 ved
734 1647 12 34 i
774 1647 121 35 vinter
921 1647 97 34 skett
1044 1648 12 33 i
1084 1651 72 30 rätt
1184 1652 76 30 stor
1287 1645 238 48 omfattning.

351 1696 125 37 Skulle
509 1697 69 35 den
611 1710 51 22 nu
693 1697 187 48 pågående
907 1698 282 46 inventeringen
1218 1696 93 36 dock
1337 1698 89 42 visa,
1456 1701 53 30 att
1536 1709 45 22 en
1609 1709 220 23 sommarav-

217 1748 179 47 verkning
423 1748 57 35 till
508 1749 72 34 viss
609 1747 220 48 myckenhet
853 1746 56 37 får
936 1749 59 33 lov
1022 1752 54 30 att
1102 1755 68 40 äga
1197 1760 94 30 rum,
1320 1748 90 34 böra
1437 1746 115 36 andra
1578 1754 112 41 vägar
1717 1747 112 46 väljas

218 1805 46 28 än
305 1803 53 30 att
396 1799 166 46 tillgripa
601 1810 45 23 en
686 1801 39 32 så
765 1797 198 36 förtvivlad
1005 1803 112 43 utväg
1156 1810 78 23 som
1268 1802 54 31 att
1349 1799 131 45 ålägga
1507 1796 167 49 Sveriges
1703 1810 127 22 vuxna

218 1848 218 48 befolkning
476 1849 136 34 allmän
652 1849 245 47 tjänsteplikt,
940 1849 125 35 vilken
1106 1849 12 34 i
1146 1849 56 34 sin
1230 1847 115 45 första
1370 1848 241 48 tillämpning
1638 1848 118 35 skulle
1783 1851 46 44 gå

218 1904 42 31 ut
299 1905 85 29 över
420 1899 285 47 jordbrukarna.
760 1899 54 35 En
853 1900 131 34 lättare
1026 1898 239 48 framkomlig
1300 1906 70 40 väg
1409 1911 109 36 synes
1559 1911 58 23 oss
1649 1911 97 31 vara,
1775 1904 54 29 att

217 1951 129 47 ålägga
386 1950 217 48 skogsägare
634 1949 212 49 skyldighet
874 1950 285 48 sommarhugga
1185 1950 72 35 viss
1286 1949 221 48 myckenhet
1533 1949 80 44 ved,
1642 1950 65 34 allt
1736 1948 94 36 efter

218 1978 331 69 skogsbeståndens
577 1999 252 37 beskaffenhet
856 2000 67 36 och
954 1981 157 55 storlek.

352 2050 52 36 De
449 2056 98 30 stora
589 2051 273 48 bruksbolagen
905 2051 120 35 skulle
1069 2050 83 36 med
1197 2051 132 35 lätthet
1369 2050 126 35 kunna
1535 2051 210 47 organisera
1786 2063 45 22 en

219 2101 111 36 sådan
370 2101 226 47 avverkning
628 2102 68 35 och
723 2114 133 35 genom
885 2114 95 35 egna
1007 2101 334 47 skogstjänstemän
1368 2102 196 34 verkställa
1592 2102 236 47 utsyningen.

219 2151 139 37 Genom
399 2156 54 31 att
485 2131 108 69 lägga
618 2130 127 57 denna
767 2132 228 67 avverkning
1024 2151 92 36 efter
1142 2152 45 35 de
1213 2157 100 30 stora
1340 2151 491 36 kommunikationslederna

219 2203 123 35 kunde
381 2182 435 68 transportkostnaderna
855 2208 167 30 avsevärt
1062 2202 231 47 nedbringas.
1362 2202 70 35 För
1472 2207 53 30 att
1565 2202 161 35 likställa
1761 2203 69 34 alla
