2220 2630
441 136 41 30 44
921 135 232 42 Lagutskottets
1177 135 161 31 utlåtande
1360 136 55 31 Nr
1441 136 52 31 64.

534 220 34 44 c)
596 230 66 27 när
703 222 227 48 Konungens
967 222 247 36 förordnande
1241 224 150 45 jämlikt
1425 225 18 34 1
1473 222 23 45 $
1525 223 145 57 upphör
1697 229 52 30 att
1775 226 109 46 gälla,
1913 230 93 30 samt

535 270 38 46 d)
602 279 66 28 när
698 253 386 55 riksarbetsnämnden
1112 275 90 33 eller
1228 273 353 44 länsarbetsnämnd,
1611 274 11 34 i
1650 273 70 36 den
1747 254 162 70 ordning
1936 275 69 36 den

399 323 126 35 därtill
553 336 44 22 av
625 323 208 47 Konungen
862 319 208 66 berättigas,
1100 323 127 36 därom
1256 324 173 35 beslutar.

534 374 110 35 Mom.
673 374 36 34 3.
762 353 270 68 Entledigande
1060 375 12 33 i
1100 374 114 35 andra
1252 373 64 36 fall
1357 380 46 29 än
1445 374 72 45 det,
1559 387 77 23 som
1677 387 100 23 avses
1805 375 12 34 i
1846 390 109 22 mom.
1988 379 14 32 1

400 423 115 36 andra
542 424 155 48 stycket,
727 425 81 34 sker
834 425 12 34 i
875 424 70 36 den
973 424 159 48 ordning
1160 425 207 47 Konungen
1395 423 230 37 föreskriver.

1150 527 43 34 15
1222 524 34 45 $.

535 593 96 43 Över
670 601 214 35 kommunal
922 601 280 35 arbetsnämnds
1242 601 121 35 beslut
1391 600 156 36 rörande
1574 601 209 35 inkallande
1811 602 92 34 eller
1930 608 77 29 ent-

400 650 195 48 ledigande
635 663 47 23 av
722 651 272 48 tjänstepliktig
1026 655 58 32 må
1115 652 130 35 besvär
1271 651 150 36 anföras
1448 652 65 34 hos
1541 651 402 43 länsarbetsnämnden,

534 714 44 22 av
604 701 273 48 tjänstepliktig
903 703 89 34 eller
1019 702 260 47 arbetsgivare,
1307 715 77 23 som
1406 701 197 44 förmenar,
1623 706 53 31 att
1694 702 201 46 tillräcklig
1918 703 88 34 hän-

400 764 69 35 syn
496 751 79 36 icke
602 754 112 45 tagits
742 752 58 35 till
828 752 218 47 stadgandet
1073 754 12 33 i
1116 755 42 32 11
1189 751 23 45 $
1239 765 110 22 mom.
1380 754 19 33 2
1429 750 47 46 a),
1505 750 51 46 b),
1585 750 34 45 c)
1648 753 88 34 eller
1763 751 50 45 d),

536 807 93 30 samt
656 815 43 22 av
726 801 385 41 arbetsföreståndare,
1141 816 78 22 som
1246 815 105 24 anser
1378 802 238 36 föreskriften
1640 805 12 32 i
1674 805 41 32 11
1737 801 23 45 $
1792 816 111 22 mom.
1927 805 19 32 2
1967 801 39 46 b)

399 852 81 35 icke
507 865 85 22 vara
618 853 200 47 behörigen
846 853 205 48 iakttagen;

536 902 91 36 dock
654 903 92 35 skall
774 904 148 34 kallelse
950 903 109 36 lända
1086 904 58 35 till
1173 903 241 36 efterrättelse
1442 904 98 35 intill
1563 904 82 35 dess
1669 903 338 37 länsarbetsnämn-

401 952 71 36 den
501 953 231 35 annorlunda
758 952 202 37 förordnat.

535 996 98 43 Över
672 1004 362 36 länsarbetsnämnds
1066 1004 122 36 beslut
1220 1006 12 33 i
1264 1003 114 50 fråga,
1408 1017 77 23 som
1514 1018 50 21 nu
1592 1011 41 28 är
1660 1004 100 46 sagd,
1790 1007 60 33 må
1876 1004 132 47 klagan

402 1053 31 47 ej
465 1052 109 37 föras.

1151 1124 43 34 16
1223 1121 33 45 $.

535 1196 288 36 Föreskrifterna
849 1199 12 33 i
889 1197 120 36 denna
1048 1199 61 45 lag
1149 1197 165 36 medföra
1345 1199 32 46 ej
1408 1197 133 36 hinder
1567 1197 58 35 för
1651 1198 276 47 tjänstepliktig
1953 1202 52 30 att

400 1246 159 48 fullgöra
585 1248 72 35 vad
685 1247 134 36 honom
851 1248 117 47 enligt
996 1248 171 48 gällande
1193 1247 376 49 förfoganderättslag
1595 1249 89 34 eller
1711 1248 296 47 rekvisitionslag

400 1300 60 32 må
500 1299 123 47 åligga
662 1299 90 34 eller
779 1299 269 47 inskränkning
1073 1300 13 33 i
1114 1299 45 35 de
1199 1299 218 46 rättigheter
1457 1299 67 35 och
1561 1298 250 48 skyldigheter
1838 1303 80 31 mot
1945 1298 62 36 det

401 1348 196 43 allmänna,
639 1361 78 22 som
758 1349 106 47 eljest
893 1349 114 48 enligt
1033 1350 61 46 lag
1121 1350 90 34 eller
1237 1348 226 49 författning
1489 1350 205 34 tillkomma
1721 1349 136 35 honom
1886 1352 119 32 såsom

401 1398 239 46 medborgare
667 1399 13 34 i
708 1404 73 30 stat
808 1399 68 36 och
904 1400 186 34 kommun.

535 1448 126 36 Såsom
701 1450 81 47 laga
822 1449 124 36 förfall
988 1449 57 36 för
1084 1449 234 47 fullgörande
1349 1463 46 22 av
1422 1450 236 47 tjänsteplikt
1685 1450 91 34 skall
1803 1462 118 31 anses,
1949 1461 59 23 om

400 1512 86 22 man
526 1505 41 29 är
594 1499 84 47 sjuk
710 1501 89 34 eller
826 1500 135 36 häktad
988 1501 87 35 eller
1101 1513 61 23 om
1190 1513 84 22 man
1302 1500 142 35 hämtas
1472 1501 58 34 till
1558 1505 122 30 rätten
1708 1500 89 35 eller
1824 1499 186 48 undergår

401 1548 249 37 frihetsstraff.

534 1599 295 64 Tjänstepliktig,
858 1613 79 23 som
964 1608 40 28 är
1031 1601 169 48 lagstadd
1228 1602 89 34 eller
1345 1601 217 35 annorledes
1588 1601 12 34 i
1628 1613 138 23 annans
1786 1601 116 47 tjänst
1921 1600 88 36 eller

401 1650 126 35 arbete
554 1651 170 43 anställd,
753 1655 59 31 må
839 1651 33 47 ej
902 1651 125 47 skiljas
1055 1651 81 35 från
1165 1652 272 47 anställningen
1465 1653 12 33 i
1505 1651 199 48 anledning
1723 1651 120 43 därav,
1864 1656 56 30 att
1938 1651 69 35 han

401 1700 66 35 har
493 1705 53 30 att
574 1679 162 69 fullgöra
762 1701 137 36 honom
927 1701 194 48 åliggande
1148 1682 241 67 tjänsteplikt.

1147 1813 43 34 17
1220 1810 34 45 $.

535 1886 388 36 Arbetsföreståndare
961 1894 95 40 äger,
1085 1888 12 34 i
1130 1887 72 35 den
1234 1890 85 32 mån
1347 1887 32 47 ej
1409 1887 324 35 bestämmelserna
1759 1888 12 32 1
1800 1886 122 35 denna
1948 1887 59 46 lag

401 1937 67 35 och
498 1937 88 35 därå
612 1937 199 47 grundade,
841 1936 58 36 för
925 1916 289 57 arbetskraftens
1242 1937 312 47 ändamålsenliga
1577 1936 354 36 tillhandahållande
1950 1917 56 54 ut-

401 1986 150 36 färdade
592 1967 231 56 föreskrifter
854 1988 58 35 till
953 1993 110 30 annat
1103 1987 198 45 föranleda,
1343 1992 53 31 att
1437 1968 117 65 enligt
1591 1986 56 36 för
1673 1988 135 34 honom
1836 1986 170 49 gällande

401 2038 277 35 bestämmelser
717 2038 190 36 handhava
947 2038 71 35 den
1058 2038 153 48 ledning
1251 2051 43 23 av
1326 2038 151 43 arbetet,
1507 2050 77 23 som
1611 2011 226 75 tillkommer
1864 2037 142 35 arbets-

400 2089 124 47 givare
551 2087 229 37 beträffande
807 2089 126 35 arbete
960 2102 43 22 av
1030 2102 140 22 samma
1188 2090 88 46 slag,
1297 2088 57 36 för
1372 2088 115 36 vilket
1505 2088 231 47 tjänsteplikt
1755 2089 29 46 ej
1807 2088 197 47 tillämpas.

535 2138 287 48 Tjänstepliktig
862 2143 60 32 må
949 2140 30 46 ej
1012 2139 194 48 förpliktas
1233 2140 56 35 till
1317 2138 126 36 arbete
1471 2142 20 32 å
1518 2138 227 48 arbetsplats,
1775 2138 67 35 där
1868 2138 137 35 arbets-

402 2188 235 49 nedläggelse
665 2189 116 35 råder.
