2216 2632
727 142 232 42 Lagutskottets
982 144 159 30 utlåtande
1165 144 52 31 Nr
1240 145 50 30 64.
1732 148 37 29 37

1810 178 3 10 |

205 227 95 35 sund
341 228 147 46 lösning
530 234 87 30 utan
659 229 227 47 stadganden
930 232 9 33 i
969 230 146 49 åsyftad
1144 233 175 46 riktning.
1376 231 188 37 Utskottet
1592 233 65 35 har
1685 233 123 36 därför

205 278 78 34 icke
310 278 10 33 i
350 278 64 34 sitt
445 279 207 48 uppgjorda
680 279 138 47 förslag
846 280 188 36 hemställt
1062 295 60 22 om
1151 286 113 44 några
1292 282 125 49 dylika
1444 283 238 48 stadganden.

338 376 94 36 Herr
463 378 193 37 Lindqvist
689 381 5 34 i
723 380 112 35 Kosta
862 381 64 35 har
954 383 10 33 i
993 383 57 33 sin
1079 384 140 33 motion
1263 383 101 43 yrkat,
1395 389 52 29 att
1474 383 195 36 riksdagen
1700 388 110 31 måtte

489 429 7 8 sin;
588 389 48 69 sier
707 431 6 6 er
979 431 47 8 ec
1246 397 17 33 y
1405 433 5 6 .
1599 415 22 16 2

203 427 155 43 besluta,
387 433 55 31 att
468 429 275 48 tjänstepliktig
770 431 164 35 arbetare
954 444 31 34 ej
1010 432 55 34 får
1085 432 172 36 beordras
1275 438 53 30 att
1349 433 123 35 utföra
1491 434 122 35 arbete
1633 437 20 32 å
1672 435 138 35 arbets-

203 478 96 46 plats
326 477 66 36 där
419 479 156 35 konflikt
603 480 106 35 råder
736 482 134 33 mellan
899 482 247 47 arbetsgivare
1174 483 66 34 och
1269 484 176 34 arbetare.

337 578 198 43 Utskottet,
578 592 77 22 som
697 580 32 45 ej
772 579 80 36 haft
891 584 112 44 något
1039 586 53 30 att
1120 582 119 35 erinra
1266 587 76 30 mot
1370 588 51 30 ett
1450 583 115 48 dylikt
1598 584 212 47 stadgande,

203 628 67 35 har
297 629 148 35 beaktat
473 629 181 48 yrkandet
681 630 61 35 vid
770 629 296 49 formuleringen
1096 645 42 21 av
1168 634 42 33 17
1241 631 33 44 8.

337 728 52 36 De
416 730 12 33 i
457 730 198 36 utskottets
695 730 202 49 lagförslag
923 732 152 46 intagna
1102 733 419 48 straffbestämmelserna
1549 735 60 35 och
1636 734 176 36 slutstad-

198 780 172 45 gandena
410 785 310 31 överensstämma
759 782 12 34 i
812 781 206 43 huvudsak,
1049 782 44 36 de
1120 782 99 36 förra
1247 783 84 36 med
1359 785 279 47 propositionen
1666 798 44 21 nr
1737 787 69 33 341

202 834 94 31 samt
322 829 45 36 de
394 843 126 22 senare
548 831 84 35 med
660 831 161 36 nämnda
848 834 229 46 proposition
1106 834 67 35 och
1201 834 279 48 propositionen
1508 848 44 21 nr
1580 836 82 34 358.

336 929 105 36 Efter
481 930 44 35 de
566 932 162 46 grunder
768 933 180 34 utskottet
989 946 51 21 nu
1077 934 12 34 i
1117 939 96 30 stora
1240 934 91 46 drag
1358 935 151 46 angivit,
1539 935 65 35 har
1631 935 181 36 utskottet

203 980 185 35 utarbetat
428 980 62 36 det
517 981 120 35 nedan
665 983 12 34 i
705 982 200 35 utskottets
932 982 219 37 hemställan
1178 985 153 45 intagna
1357 984 249 48 lagförslaget.
1662 984 150 37 Utskot-

200 1035 54 31 tet
281 1030 66 35 har
373 1032 175 46 uppgjort
580 1031 166 48 följande
769 1033 164 35 översikt
961 1033 135 36 mellan
1125 1037 20 33 å
1172 1047 68 23 ena
1266 1035 104 35 sidan
1399 1035 161 36 nämnda
1587 1034 139 48 förslag
1744 1036 67 36 och

201 1084 20 32 å
248 1080 114 37 andra
388 1081 104 36 sidan
522 1084 319 46 propositionerna
869 1096 45 23 nr
942 1085 70 34 341
1043 1085 67 35 och
1141 1087 86 34 358:

367 1211 182 61 lok
1009 1249 123 34 Jämför

390 1279 124 35 förslag.

454 1336 18 32 I
715 1337 18 32 1
763 1335 67 36 och
860 1337 20 34 2
909 1335 48 44 $$
985 1337 12 34 i
1025 1350 45 22 nr
1098 1339 82 34 341.

453 1386 19 32 2
713 1387 20 33 7
763 1384 23 45 8
814 1387 12 34 i
853 1399 45 22 nr
925 1389 84 33 341.

452 1436 21 34 3
715 1438 17 32 I
764 1436 68 35 och
861 1438 22 34 4
911 1435 49 45 $$
987 1438 12 35 i
1026 1451 44 22 nr
1097 1440 83 35 338.

451 1487 22 33 4
714 1488 20 33 2
763 1485 22 45 8
812 1488 13 33 i
854 1501 43 21 nr
924 1489 85 35 358.

452 1538 20 33 5
714 1536 114 44 38»
869 1550 13 18 >»
962 1550 13 19 >

452 1591 20 30 6
714 1586 113 45 68»
869 1600 13 18 >»
962 1601 13 19 >

452 1639 19 32 7
714 1637 114 45 TS»
869 1651 13 18 >>»
963 1652 13 18 >

451 1689 21 34 8
712 1688 114 44 858»
869 1702 12 17 >
961 1705 14 19 >

452 1740 20 33 9
707 1738 58 33 SEE

427 1790 46 34 10
711 1793 21 33 8
761 1789 24 44 $
812 1792 12 33 i
852 1804 45 22 nr
925 1793 82 34 341.

427 1841 42 33 11
711 1842 21 33 9
760 1839 65 45 EE»
866 1856 13 18 >
951 1854 13 18 >»

426 1891 45 33 12
687 1893 44 33 11
761 1889 23 45 8
813 1903 13 18 >»
867 1904 14 19 >

425 1942 45 34 13
688 1943 45 34 12
762 1940 23 45 8
813 1954 13 18 >»
868 1955 13 17 »

426 1993 45 33 14
688 1994 44 34 13
762 1992 23 44 8
813 2005 13 18 >»
867 2008 13 19 »

426 2043 44 34 15
684 2061 51 5 —

425 2093 44 34 16
687 2095 44 34 15
761 2092 23 45 $
810 2095 13 34 i
851 2107 45 22 nr
924 2096 84 34 341.

426 2144 43 33 17
687 2146 45 33 19
761 2143 64 44 8>»>
867 2157 13 18 >»
951 2157 14 19 >

425 2194 45 35 18
687 2196 44 34 17
812 2207 13 18 8»
866 2210 13 19 >
951 2208 13 18 >
