2220 2630
729 149 232 41 Lagutskottets
984 148 162 31 utlåtande
1170 148 52 31 Nr
1248 148 51 29 64.
1761 147 19 27 3

212 252 44 22 av
284 238 156 34 behovet
459 250 42 22 av
522 238 145 34 bränsle
687 238 55 34 till
764 237 204 41 hushållen,
990 236 204 36 industrien
1215 236 87 34 eller
1322 233 498 40 kommunikationsmedlen;

210 289 67 35 och
319 287 57 35 får
421 288 179 35 utskottet
641 287 229 36 beträffande
903 288 124 34 skälen
1057 286 57 35 för
1142 286 99 35 detta
1268 285 137 46 förslag
1435 285 150 35 hänvisa
1612 285 55 33 till
1689 295 131 36 propo-

207 339 168 35 gitionen.

343 437 138 36 Herrar
513 439 124 35 Olsson
667 440 10 33 i
707 437 150 36 Ramsta
883 451 46 21 m.
952 438 44 47 fl.
1026 438 67 34 och
1122 437 125 34 herrar
1274 436 155 36 Skareen
1458 450 46 21 m.
1524 436 45 47 fl.
1598 435 91 35 hava
1711 436 11 33 i
1743 436 79 34 sina
1840 438 115 37 Herrar
1973 437 60 27 Ols-

211 489 182 34 motioner
420 489 109 47 yrkat
557 490 126 45 avslag
710 491 19 31 å
758 488 276 46 propositionen
1062 500 44 21 nr
1133 489 68 32 341
1233 491 93 30 samt
1354 487 170 33 hänvisat
1551 486 57 34 till
1634 484 115 35 andra
1768 488 51 31 åt-
1831 480 67 51 "Sf
1916 470 117 72 ma

212 538 130 48 gärder
381 537 59 36 för
480 538 71 35 den
592 539 12 34 i
633 538 274 47 propositionen
936 550 43 21 nr
1007 539 70 33 353
1107 535 241 36 omförmälda
1376 534 443 47 bränsleanskaffningen.
1842 537 178 34 motivering.

345 588 70 35 Till
458 588 81 36 stöd
582 587 126 35 härför
746 588 91 34 hava
878 588 125 34 herrar
1040 586 121 37 Olsson
1197 587 12 33 i
1238 586 147 35 Ramsta
1412 599 45 21 m.
1479 586 45 47 fl.
1553 586 12 33 i
1594 586 56 33 sin
1679 585 140 34 motion

212 638 135 36 anfört:

345 687 157 37 »Genom
533 688 134 47 Kungl.
698 687 124 46 Maj:ts
850 687 134 47 nådiga
1013 687 239 48 proposition,
1282 699 44 22 nr
1346 687 82 41 341,
1451 692 39 28 är
1514 684 137 49 förslag
1670 686 57 34 till
1750 684 70 48 ”lag

209 752 62 23 om
299 740 134 35 allmän
462 737 241 49 tjänsteplikt”
734 737 157 48 förelagt
919 737 193 48 riksdagen
1141 738 57 34 till
1226 736 217 48 antagande.

344 789 126 48 Enligt
498 789 196 47 förslagets
723 788 115 36 första
864 787 23 44 $
915 788 157 47 stadgas,
1101 793 53 30 att
1182 800 44 23 en
1255 800 63 22 var
1344 788 100 33 inom
1475 787 94 34 riket
1596 786 120 35 bosatt
1735 798 83 22 man

211 840 67 36 och
306 840 145 42 kvinna,
480 840 122 34 vilken
631 838 85 48 fyllt
743 837 140 37 femton
913 851 81 22 men
1025 839 30 45 ej
1087 838 119 35 sextio
1234 841 49 39 år,
1313 837 117 35 skulle
1459 849 86 22 vara
1572 835 248 36 underkastad

211 890 243 48 tjänsteplikt,
497 889 150 35 varmed
688 890 118 46 enligt
845 888 239 47 lagförslaget
1123 887 131 36 förstås
1286 887 212 48 skyldighet
1525 892 64 37 att,
1618 886 46 35 då
1691 885 130 36 sådant

213 941 173 47 påkallas,
417 938 120 36 utföra
566 939 123 35 arbete
716 940 10 33 i
756 952 43 21 av
826 940 108 46 lagen
962 938 125 35 vidare
1115 937 165 36 bestämd
1308 937 161 47 ordning
1501 936 57 35 för
1590 935 230 48 folknäring-

212 1003 65 23 ens
304 990 217 48 tryggande,
551 989 57 35 för
633 988 179 36 täckande
840 1002 44 22 av
911 989 155 34 behovet
1085 1001 43 22 av
1147 988 143 35 bränsle
1310 988 57 34 till
1387 987 203 43 hushållen,
1611 986 208 35 industrien

212 1041 88 35 eller
326 1039 498 43 kommunikationsmedlen,
853 1038 59 36 för
938 1038 293 48 tillgodoseende
1258 1051 43 22 av
1325 1037 269 48 krigsmaktens
1613 1037 131 43 behov,
1765 1035 56 36 för

212 1090 260 37 samfärdselns
501 1090 270 48 uppehållande
800 1090 89 35 eller
917 1088 57 37 för
1002 1094 112 30 annat
1142 1088 170 36 ändamål
1339 1101 44 22 av
1411 1089 191 47 synnerlig
1628 1087 89 35 vikt.

345 1142 70 34 Det
442 1148 39 28 är
507 1141 149 48 tydligt,
685 1146 53 30 att
766 1140 61 35 det
854 1148 39 27 är
920 1140 71 35 den
1019 1139 160 36 hotande
1206 1140 76 34 kol-
1309 1139 68 35 och
1400 1138 220 43 vedbristen,
1642 1150 78 23 som
1739 1144 81 29 när-

212 1197 93 31 mast
337 1191 175 36 föranlett
541 1192 134 46 Kungl.
704 1191 105 47 Maj:t
837 1196 53 30 att
916 1190 205 48 framlägga
1147 1190 99 35 detta
1273 1189 211 46 lagförslag,
1513 1188 113 36 vilket
1653 1191 39 32 så
1717 1190 104 44 ingå-

211 1243 93 35 ende
343 1244 165 46 ingriper
547 1243 13 34 i
599 1242 71 35 den
712 1241 166 36 enskilda
918 1241 283 47 medborgarens
1242 1245 72 30 rätt
1346 1244 53 31 att
1421 1239 203 35 bestämma
1652 1245 85 29 över
1764 1240 57 34 sin

211 1305 133 37 person
384 1293 64 35 och
484 1294 56 34 sin
582 1291 231 45 arbetskraft,
842 1296 54 31 att
924 1304 84 22 man
1036 1291 58 35 får
1120 1294 45 43 gå
1192 1291 55 35 till
1278 1290 60 36 det
1367 1289 235 48 krigförande
1631 1288 189 49 Tyskland

211 1343 59 36 för
297 1348 52 30 att
376 1344 102 34 finna
504 1346 123 43 någon
655 1342 69 35 full
752 1342 274 45 motsvarighet.

346 1393 86 35 Med
460 1398 95 30 rätta
581 1392 124 35 ställer
734 1405 84 22 man
847 1392 70 35 den
945 1391 129 48 frågan
1100 1392 59 34 till
1187 1393 70 45 sig:
1288 1390 51 35 är
1365 1392 98 46 läget
1491 1393 38 32 så
1549 1389 199 44 förtvivlat,
1768 1394 53 30 att

211 1450 53 30 ett
302 1445 79 34 icke
421 1442 240 49 krigförande
701 1442 88 36 land
830 1445 114 32 måste
972 1443 167 47 tillgripa
1165 1441 135 35 sådana
1327 1440 303 48 tvångsåtgärder
1661 1452 78 23 som
1768 1445 53 30 att

213 1494 210 36 mobilisera
450 1494 83 35 hela
560 1493 143 36 landets
730 1506 136 31 vuxna,
896 1492 202 36 arbetsföra
1124 1491 217 48 befolkning
1367 1493 12 33 i
1407 1491 85 35 civil
1520 1489 221 49 värnplikt”?

346 1544 90 44 Och,
474 1558 60 22 om
566 1544 62 36 det
656 1545 118 34 skulle
801 1544 165 35 befinnas
995 1542 235 48 nödvändigt,
1260 1547 53 30 att
1340 1547 118 31 staten
1486 1540 56 36 får
1570 1542 58 34 till
1656 1542 64 34 sitt
1747 1540 73 36 för-

211 1595 159 48 fogande
411 1608 44 22 en
496 1596 74 35 viss
610 1595 182 35 kvantitet
820 1595 185 47 mänsklig
1031 1592 220 37 arbetskraft
1277 1592 59 36 för
1364 1597 53 31 att
1444 1592 126 35 kunna
1596 1590 225 37 tillförsäkra

211 1646 126 36 landet
376 1645 83 36 dess
499 1645 117 36 behov
657 1658 42 22 av
740 1645 155 43 bränsle,
936 1651 40 28 är
1016 1644 61 36 det
1108 1643 124 36 därför
1264 1643 230 47 nödvändigt
1522 1647 52 30 att
1601 1642 113 36 binda
1741 1642 81 35 hela

211 1695 166 49 Sveriges
404 1709 126 23 vuxna
557 1695 217 47 befolkning
801 1696 68 34 och
896 1695 133 35 beröva
1056 1695 70 35 den
1155 1696 55 34 sin
1238 1695 210 46 personliga
1475 1692 112 36 frihet
1614 1705 134 36 genom
1776 1705 45 23 en

212 1748 71 47 lag,
311 1760 77 22 som
431 1747 81 35 med
541 1747 79 34 sina
647 1746 114 35 hårda
788 1744 385 37 straffbestämmelser
1200 1744 129 36 endast
1356 1745 70 34 kan
1454 1743 129 36 tänkas
1610 1742 210 49 genomför-

212 1798 66 35 bar
304 1798 12 34 i
344 1802 52 31 ett
424 1796 236 47 krigförande
687 1796 97 43 land,
814 1797 102 34 ställt
943 1797 9 34 i
984 1801 93 30 stort
1104 1795 176 48 nödläge?

344 1848 100 35 Våra
483 1847 257 48 grannländer,
773 1847 123 47 Norge
936 1847 67 35 och
1045 1846 196 43 Danmark,
1282 1844 65 36 där
1378 1843 278 48 bränslefrågan
1685 1844 136 36 kanske

210 1899 96 36 varit
332 1901 144 33 svårare
503 1903 55 30 att
584 1899 76 34 lösa
687 1905 44 28 än
760 1898 12 34 i
802 1896 160 49 Sverige,
992 1897 47 35 ha
1066 1896 92 36 dock
1184 1897 80 34 icke
1283 1900 119 31 ansett
1421 1896 57 47 sig
1495 1895 142 35 behöva
1655 1895 167 47 tillgripa

211 1953 40 32 så
278 1949 315 48 utomordentliga
620 1948 169 47 åtgärder
816 1961 78 22 som
927 1952 53 31 att
1008 1953 134 42 antaga
1167 1960 45 22 en
1240 1947 62 47 lag
1329 1959 60 22 om
1417 1947 136 34 allmän
1579 1946 240 46 tjänsteplikt.

211 1999 55 36 Då
297 1998 237 49 lagförslaget
574 1998 93 36 först
698 1999 95 35 talar
820 2012 71 30 om,
925 2003 53 30 att
1005 1998 280 47 tjänsteplikten
1312 1997 119 35 skulle
1458 1996 157 36 behövas
1644 1995 56 36 för
1726 1995 95 36 folk-

211 2051 198 45 näringens
442 2049 217 49 tryggande,
692 2056 40 28 är
758 2049 62 36 det
847 2049 32 46 ej
909 2048 189 47 underligt
1124 2061 59 22 om
1208 2047 275 48 jordbrukarna
1510 2048 106 34 ställa
1643 2047 58 47 sig
1728 2046 93 36 und-

211 2100 112 36 rande
350 2100 67 36 och
445 2099 195 49 spörjande
667 2099 100 36 inför
794 2100 100 35 detta
921 2099 147 48 förslag.

346 2151 134 35 Månne
520 2151 61 35 det
611 2151 158 35 behöves
802 2163 45 22 en
875 2149 112 36 sådan
1014 2148 259 49 tvångsåtgärd
1300 2147 84 37 från
1411 2153 139 30 statens
1578 2147 78 36 sida
1682 2146 60 36 för
1768 2151 54 31 att

212 2201 38 37 få
276 2201 166 48 Sveriges
466 2201 246 47 jordbrukare
741 2206 53 30 att
821 2201 86 35 beså
933 2200 161 36 varenda
1119 2200 92 35 fläck
1239 2199 109 35 odlad
1372 2198 108 47 jord?
1535 2198 165 35 Förvisso
1728 2198 92 35 icke.
