1896 2854
480 177 118 31 Första
622 176 220 39 lagutskottets
864 175 170 32 utlåtande
1057 175 52 32 Nr
1132 177 52 29 22.
1565 174 11 30 1

756 585 68 42 Nr
852 585 65 41 22.

597 750 113 25 Ankom
730 749 43 26 till
792 748 170 32 riksdagens
981 747 95 26 kansli
1095 747 56 26 den
1171 747 33 26 11
1224 754 78 19 mars
1321 745 70 27 1932
1409 746 38 26 kl.
1469 746 13 26 1
1503 753 25 19 e.
1546 754 39 19 m.

308 894 177 34 Utlåtande
516 894 15 32 i
563 893 177 41 anledning
764 904 40 21 av
828 893 123 41 Kungl.
978 891 119 42 Maj:ts
1116 891 201 42 proposition
1341 891 166 41 angående
1529 901 55 21 an-

514 948 70 41 slag
608 959 40 21 ur
671 946 218 43 kyrkofonden
906 946 59 41 för
988 945 223 42 reparationer
1235 947 20 30 å
1280 946 60 31 den
1365 946 34 31 åt
1419 944 166 42 kyrkoher-

515 1002 62 32 den
600 1001 14 32 i
637 1001 235 41 Korpilombolo
889 999 199 42 församling
1111 999 160 42 upplåtna
1290 999 226 41 prästgården.

132 1119 131 32 Genom
289 1130 42 21 en
356 1118 66 33 den
448 1119 39 31 12
512 1117 151 33 februari
688 1119 85 31 1932
799 1116 223 43 dagtecknad,
1047 1115 51 33 till
1121 1115 189 42 lagutskott
1329 1114 167 33 hänvisad
1513 1123 72 33 pro-

87 1173 156 42 position,
278 1184 41 20 nr
344 1173 51 38 99,
420 1172 115 32 vilken
560 1171 200 33 behandlats
785 1182 43 21 av
852 1172 107 30 första
982 1169 229 42 lagutskottet,
1236 1169 63 32 har
1323 1168 127 41 Kungl.
1477 1168 107 41 Maj:t,

87 1227 108 32 under
218 1225 216 43 åberopande
458 1237 42 21 av
523 1225 255 42 propositionen
802 1224 108 42 bilagt
926 1224 123 41 utdrag
1065 1234 42 22 av
1124 1222 367 42 statsrådsprotokollet
1507 1226 79 28 över

87 1280 374 39 ecklesiastikärenden,
494 1279 176 41 föreslagit
698 1278 183 42 riksdagen
904 1280 50 30 att
977 1277 51 32 till
1051 1276 217 33 bestridande
1292 1287 43 22 av
1358 1275 229 33 kostnaderna

87 1335 53 32 för
174 1334 230 42 reparationer
437 1334 62 32 och
524 1333 221 33 anordnande
769 1343 43 22 av
835 1331 259 41 värmeledning
1117 1330 59 33 vid
1201 1330 65 32 den
1291 1331 34 30 åt
1348 1329 238 42 kyrkoherden

87 1389 11 31 i
132 1387 260 43 Korpilombolo
428 1386 203 42 församling
657 1386 167 42 upplåtna
847 1385 224 43 prästgården
1096 1386 56 30 må
1176 1395 41 21 ur
1240 1383 241 42 kyrkofonden
1504 1385 83 40 utgå

88 1445 45 30 ett
157 1442 119 41 anslag
299 1453 44 22 av
368 1442 99 41 högst
494 1442 118 38 12,462
637 1441 133 31 kronor.

132 1495 217 33 Beträffande
374 1495 40 32 de
438 1494 83 38 skäl,
547 1505 72 21 som
645 1493 92 42 ligga
761 1493 51 32 till
835 1492 114 43 grund
972 1493 54 31 för
1044 1491 172 42 förslaget,
1233 1492 54 31 får
1302 1491 174 38 utskottet,
1493 1490 11 32 i
1520 1489 66 33 den

87 1551 81 31 mån
191 1548 211 42 redogörelse
426 1548 115 33 därför
565 1548 30 41 ej
621 1547 132 32 lämnas
776 1547 63 32 här
861 1546 124 39 nedan,
1009 1545 144 33 hänvisa
1176 1544 52 33 till
1251 1544 263 42 propositionen.

132 1656 172 33 Utskottet
327 1657 54 31 får
404 1655 50 32 till
478 1666 42 21 en
543 1654 121 42 början
688 1654 11 32 i
722 1654 136 32 korthet
881 1653 111 32 erinra
1015 1663 56 22 om
1094 1652 40 32 de
1151 1651 167 42 åtgärder,
1336 1661 72 22 som
1425 1650 161 42 vidtagits
1608 1658 212 27 Bestämmelser

86 1712 54 31 för
164 1713 47 29 att
235 1709 193 33 underlätta
452 1708 223 33 anskaffande
697 1719 42 22 av
756 1707 157 33 bostäder
930 1708 33 31 åt
980 1710 174 38 prästerna
1170 1706 11 31 i
1198 1705 186 32 Norrlands
1402 1704 185 42 ödebygds-
1607 1703 64 60 för
1680 1695 133 69 lysande

86 1763 249 42 församlingar.
385 1763 49 32 De
458 1762 10 32 i
493 1762 166 32 samband
683 1761 77 33 med
789 1762 85 32 1910
899 1762 53 31 års
976 1760 215 42 lagstiftning
1210 1759 11 31 i
1238 1760 99 40 fråga
1353 1769 55 21 om
1426 1758 55 32 det
1498 1763 88 36 präs-
1606 1775 34 18 av
1656 1758 162 42 prästgård.

87 1817 118 42 terliga
240 1817 343 41 avlöningssystemet
618 1815 224 42 genomförda
870 1814 231 41 ändringarna
1124 1812 212 33 beträffande
1361 1812 152 41 anslaget
1536 1811 50 32 till

86 1871 198 42 lappmarks
320 1870 305 38 ecklesiastikverk,
659 1869 157 41 kyrkliga
840 1868 171 39 ändamål,
1036 1866 117 43 gjorde
1178 1866 56 32 det
1258 1866 156 41 omöjligt
1438 1869 49 29 att
1510 1867 77 30 från

87 1925 91 32 detta
213 1924 120 41 anslag
368 1924 117 32 anvisa
520 1923 111 32 medel
666 1924 53 30 för
753 1921 181 42 byggande
962 1931 42 22 av
1028 1920 188 42 prästgård,
1242 1920 63 31 och
1330 1919 119 32 endast
1472 1919 11 31 i
1507 1929 81 21 rena

87 1977 257 42 undantagsfall
379 1977 115 32 kunde
528 1976 120 41 bidrag
678 1975 114 32 härtill
816 1986 42 21 av
884 1973 193 34 statsmedel
1101 1973 179 42 påräknas.
1329 1973 50 31 De
1403 1972 183 42 uppgifter,

87 2043 72 21 som
194 2032 93 31 förut
322 2030 111 42 ålegat
466 2030 129 32 fonden
630 2030 53 31 för
717 2028 198 43 lappmarks
939 2027 306 38 ecklesiastikverk,
1281 2025 86 32 hade
1391 2025 50 32 till
1465 2029 123 28 största

87 2085 96 32 delen
219 2084 183 41 övertagits
438 2094 42 22 av
516 2082 248 42 kyrkofonden,
800 2082 63 32 och
894 2081 57 32 det
974 2081 55 41 låg
1053 2080 43 32 då
1120 2085 82 27 nära
1226 2079 51 33 till
1302 2079 109 32 hands
1436 2082 49 29 att
1509 2078 78 33 med

86 2138 256 42 kyrkofondens
379 2137 93 41 hjälp
509 2136 190 33 underlätta
733 2135 155 33 lösandet
917 2146 42 21 av
983 2135 121 40 frågan
1128 2145 56 21 om
1210 2132 232 43 prästgårdars
1467 2133 120 40 uppfö-

87 2192 103 32 rande
214 2192 11 32 i
250 2191 186 33 Norrlands
461 2190 201 42 ödebygder.
711 2190 96 31 Efter
831 2189 56 32 det
911 2188 128 41 Kungl.
1065 2188 97 40 Maj:t
1186 2187 51 31 till
1265 2188 84 31 1925
1374 2188 53 30 års
1450 2185 138 42 riksdag

86 2243 46 42 (se
166 2256 93 31 prop.
290 2256 41 20 nr
356 2241 179 43 213/1925)
561 2244 63 31 och
648 2244 201 40 kyrkomöte
874 2241 161 41 framlagt
1058 2241 128 41 förslag
1209 2241 11 31 i
1245 2242 116 30 ämnet
1384 2243 88 28 samt
1496 2239 91 32 detta

86 2298 128 42 förslag
245 2298 125 32 vunnit
402 2297 106 38 bifall,
534 2297 195 31 utfärdades
755 2296 65 32 den
846 2297 40 30 21
913 2294 184 33 november
1123 2295 85 30 1925
1232 2293 66 41 lag,
1324 2304 40 20 nr
1387 2294 75 35 456,
1488 2294 99 39 angå-

86 2352 85 32 ende
207 2351 174 32 anlitande
416 2362 41 21 av
494 2350 237 41 kyrkofonden
756 2351 54 30 för
834 2348 215 42 uppförande
1074 2358 41 21 av
1141 2346 216 42 prästgårdar
1380 2346 92 31 inom
1497 2346 91 32 vissa

87 2405 92 32 delar
213 2416 42 21 av
291 2404 224 32 Härnösands
552 2404 62 31 och
650 2403 105 32 Luleå
783 2403 82 31 stift.
914 2402 15 31 I
956 2403 15 30 1
998 2399 21 42 8
1043 2412 41 20 av
1110 2400 112 32 denna
1247 2400 55 40 lag
1326 2399 188 37 förordnas,
1539 2401 49 29 att

87 2460 9 31 i
133 2459 40 32 de
209 2458 70 38 fall,
317 2458 43 32 då
395 2458 92 31 inom
525 2457 105 41 sagda
663 2456 73 32 stift
764 2455 124 41 tjänlig
910 2454 177 42 prästgård
1112 2454 124 31 saknas
1262 2454 52 30 för
1338 2452 105 32 sådan
1468 2452 119 41 kyrko-

86 2512 103 33 herde
213 2511 79 32 eller
317 2511 245 38 komminister,
588 2521 71 21 som
686 2510 8 31 i
720 2509 116 32 därför
860 2508 143 41 stadgad
1028 2507 145 41 ordning
1197 2506 181 33 förklarats
1399 2505 189 42 berättigad

136 2574 107 32 Bihang
264 2574 45 26 till
329 2573 159 33 riksdagens
506 2572 135 34 protokoll
655 2573 76 24 1932.
771 2573 15 22 9
805 2571 78 26 saml.
930 2571 10 24 1
960 2569 60 27 avd.
1059 2571 34 24 17
1113 2569 71 33 häft.
1224 2568 56 30 (Nr
1298 2567 128 32 22—23)
1537 2568 13 25 1
