1854 2768
266 198 18 29 2
669 197 240 24 Statsutskottets
930 196 151 24 utlåtande
1101 204 34 16 nr
1156 195 49 24 120
1227 195 33 24 år
1280 195 67 24 1959

267 287 77 29 tens
361 286 206 37 järnvägars
585 286 240 29 trafikrörelse
844 285 54 29 får
916 285 170 30 utskottet
1103 284 177 36 tillstyrka
1297 284 98 29 bifall
1416 283 51 30 till
1488 283 125 36 Kungl.
1634 281 122 37 Maj:ts

268 339 228 30 förevarande
515 339 141 37 förslag.
675 340 115 29 Härav
811 338 104 37 följer
934 340 49 28 att
1002 338 170 29 utskottet
1191 338 76 29 icke
1286 337 69 29 kan
1374 336 138 30 biträda
1532 337 40 28 de
1592 335 165 29 motions-

269 393 92 30 ledes
387 393 194 30 framförda
605 393 204 37 yrkandena
834 401 56 20 om
917 392 116 36 avslag
1059 391 19 30 å
1104 391 124 36 Kungl.
1255 390 124 36 Maj:ts
1406 389 131 37 förslag
1563 387 195 37 respektive

269 447 203 36 minskning
497 457 40 20 av
562 446 362 36 medelsanvisningen
951 445 53 29 för
1030 445 99 29 nästa
1155 443 169 36 budgetår
1350 443 50 29 till
1427 443 49 28 ett
1500 442 125 36 belopp
1651 450 40 20 av
1717 440 40 29 85

271 501 87 36 milj.
378 501 51 30 kr.

313 555 12 28 I
345 554 218 29 motionerna
583 554 28 28 I:
628 553 63 30 226
709 553 64 28 och
793 552 45 29 II:
855 552 62 29 285
936 552 63 28 har
1018 552 85 28 även
1122 549 197 31 hemställts
1337 558 57 19 om
1412 549 49 28 ett
1479 547 181 30 uttalande
1680 545 76 30 från

269 608 204 36 riksdagens
496 607 75 29 sida
593 615 42 20 av
656 606 168 29 innebörd
847 607 51 27 att
919 614 41 20 en
982 604 69 29 viss
1073 604 99 28 andel
1196 613 40 19 av
1258 603 166 35 anslagen
1446 601 50 29 till
1520 600 140 36 statliga
1681 600 77 35 väg-

267 662 66 28 och
353 660 387 37 brobyggnadsarbeten
761 659 89 29 skall
872 659 152 28 avsättas
1045 657 54 29 för
1118 656 277 37 vägbyggnader,
1415 664 74 19 som
1510 654 177 29 erfordras
1707 653 50 29 till

269 714 89 37 följd
381 723 41 20 av
443 714 253 36 nedläggandet
717 722 40 20 av
778 712 217 36 trafiksvaga
1015 711 177 29 bandelar.
1214 708 298 37 Planläggningen
1534 717 41 20 av
1595 707 163 29 arbetena

268 768 107 29 borde
393 768 117 29 vidare
529 767 61 29 ske
608 767 110 29 under
737 765 195 37 respektive
950 764 261 37 länsstyrelsers
1230 762 259 30 överinseende.
1506 761 178 30 Utskottet
1700 759 58 30 vill

271 823 10 28 i
302 821 187 36 anledning
508 821 109 29 härav
637 820 187 30 framhålla
845 821 50 28 att
913 819 56 29 vid
990 819 64 29 den
1076 817 221 36 fortlöpande
1316 815 250 37 vägplanering
1587 823 74 21 som
1683 814 78 29 sker

269 875 9 29 i
297 876 130 28 största
444 874 144 36 möjliga
604 873 247 36 utsträckning
868 873 85 28 även
969 871 144 29 beaktas
1131 870 41 29 de
1187 869 202 37 ytterligare
1406 868 176 36 vägbehov
1599 876 74 20 som
1691 867 69 29 kan

270 928 200 29 föranledas
488 936 41 21 av
547 927 167 29 framtida
730 924 417 39 järnvägsnedläggelser.
1164 923 110 29 Medel
1292 922 55 30 för
1363 922 101 29 dessa
1480 920 210 37 vägarbeten
1706 920 55 29 be-

270 982 131 29 räknas
420 981 120 29 därvid
560 980 111 29 under
690 980 40 29 de
749 979 176 29 ordinarie
944 978 176 36 anslagen.
1139 976 130 30 Genom
1288 976 41 29 de
1348 975 154 30 ändrade
1520 973 242 37 dispositions-

272 1036 110 36 regler
402 1044 73 20 som
497 1034 41 29 fr.
558 1043 31 20 o.
609 1043 45 20 m.
673 1032 238 30 innevarande
929 1030 169 38 budgetår
1116 1030 107 37 gäller
1243 1029 54 29 för
1316 1029 157 36 anslaget
1492 1028 51 30 till
1563 1027 102 30 Vissa
1683 1028 79 35 väg-

271 1088 325 38 byggnadsarbeten
616 1087 70 29 kan
705 1087 180 29 dessutom
905 1085 109 29 medel
1036 1084 78 29 från
1134 1084 95 29 detta
1248 1083 122 36 anslag
1388 1084 98 34 tagas
1504 1082 11 29 i
1535 1081 154 36 anspråk
1709 1080 54 29 för

271 1143 133 29 sådana
423 1141 228 30 oförutsedda
671 1139 209 38 vägarbeten
899 1147 74 20 som
993 1137 232 30 aktualiseras
1245 1146 41 19 av
1306 1135 322 37 nedläggningarna
1646 1134 64 29 och
1729 1134 31 35 ej

271 1196 129 29 hunnit
420 1196 81 29 eller
523 1195 136 29 kunnat
679 1194 167 29 inordnas
867 1193 10 28 i
898 1192 40 29 de
957 1191 176 30 ordinarie
1154 1189 308 37 flerårsplanerna.
1482 1188 281 30 Vidkommande

271 1249 164 37 slutligen
455 1248 124 37 frågan
598 1256 56 21 om
673 1246 294 38 planläggningen
986 1254 41 20 av
1045 1245 41 29 de
1104 1243 228 37 erforderliga
1350 1242 231 37 vägarbetena
1601 1241 56 30 må
1674 1241 89 30 erin-

275 1312 56 21 ras
349 1312 55 20 om
423 1303 55 29 det
495 1302 195 30 samarbete
708 1301 8 29 i
734 1300 210 30 hithörande
962 1299 117 36 frågor
1097 1298 127 29 mellan
1242 1296 352 38 järnvägsstyrelsen,
1613 1295 151 37 väg-och

271 1354 473 39 vattenbyggnadsstyrelsen
772 1353 65 29 och
865 1350 483 37 arbetsmarknadsstyrelsen
1375 1358 74 20 som
1475 1356 125 29 genom
1626 1358 41 20 en
1694 1348 71 29 sär-

272 1410 92 29 skild
382 1409 193 36 delegation
592 1408 107 29 sedan
715 1407 108 36 några
839 1406 38 29 år
893 1405 145 29 tillbaka
1053 1403 117 37 pågår.
1186 1404 72 29 Mot
1272 1403 185 36 bakgrund
1474 1412 41 20 av
1530 1402 150 36 angivna
1696 1401 68 29 för-

275 1463 187 30 hållanden
478 1462 64 30 och
558 1462 112 29 under
685 1460 196 30 beaktande
895 1459 129 36 jämväl
1043 1468 40 20 av
1099 1458 65 29 vad
1181 1457 170 30 utskottet
1368 1458 9 28 i
1397 1456 59 30 sitt
1473 1466 41 20 av
1530 1455 236 31 innevarande

272 1517 58 29 års
348 1516 140 36 riksdag
504 1523 148 21 numera
667 1513 186 38 godkända
869 1512 181 29 utlåtande
1066 1519 41 20 nr
1123 1511 18 29 6
1158 1509 119 31 anfört
1292 1508 223 31 beträffande
1531 1508 233 37 väganslagen

273 1570 66 30 och
360 1571 100 28 deras
481 1568 199 36 fördelning
701 1567 42 36 på
764 1566 94 29 olika
879 1564 162 31 ändamål
1063 1564 116 29 finner
1199 1563 51 37 sig
1270 1563 172 29 utskottet
1462 1562 75 30 icke
1557 1563 121 28 kunna
1698 1560 68 31 till-

274 1624 122 37 styrka
416 1625 49 27 att
484 1624 48 28 ett
552 1621 143 30 särskilt
714 1619 182 30 uttalande
915 1620 97 35 göres
1032 1617 79 30 från
1131 1617 206 36 riksdagens
1356 1616 75 29 sida
1450 1625 42 20 av
1510 1616 66 29 den
1595 1615 169 30 innebörd

274 1686 76 21 som
366 1677 10 29 i
394 1677 219 29 motionerna
631 1673 207 36 föreslagits.
855 1672 176 30 Utskottet
1047 1670 181 38 avstyrker
1244 1671 9 28 i
1270 1669 153 37 enlighet
1437 1670 145 28 härmed
1598 1668 98 30 bifall
1713 1668 52 30 till

271 1731 175 38 yrkandet
459 1730 11 29 i
485 1729 110 36 fråga.

317 1784 176 30 Utskottet
512 1782 213 32 hemställer,

642 1836 22 28 I.
691 1836 49 28 att
761 1834 185 36 riksdagen
967 1832 66 35 må,
1054 1832 77 29 med
1152 1831 97 30 bifall
1271 1831 51 29 till
1345 1831 125 35 Kungl.
1492 1830 124 36 Maj:ts
1638 1830 130 36 förslag

596 1890 65 28 och
684 1889 76 29 med
784 1887 118 36 avslag
925 1886 19 29 å
967 1886 218 29 motionerna
1209 1884 96 29 1:227
1330 1884 64 29 och
1418 1883 113 29 11:287
1556 1885 91 28 samt
1671 1882 97 30 1:226

595 1942 65 29 och
680 1942 45 29 II:
742 1941 75 34 285,
838 1939 220 30 sistnämnda
1077 1937 89 30 båda
1187 1937 172 29 motioner
1379 1935 105 30 såvitt
1503 1945 47 20 nu
1570 1936 39 29 är
1628 1936 9 29 i
1659 1935 108 37 fråga,

595 1996 51 29 till
666 1993 219 38 Driftbidrag
905 1992 51 29 till
974 1993 133 28 statens
1125 1991 190 36 järnvägar
1334 1990 54 29 för
1405 1989 206 37 budgetåret
1631 1988 135 30 1959/60

594 2049 109 29 under
719 2047 106 37 sjätte
839 2046 220 29 huvudtiteln
1076 2045 119 29 anvisa
1211 2045 48 29 ett
1274 2043 121 37 anslag
1410 2053 41 20 av
1469 2042 59 30 100
1543 2042 63 30 000
1621 2042 62 30 000
1699 2042 67 33 kr.;

642 2102 39 29 II.
708 2102 50 28 att
773 2100 219 29 motionerna
1009 2097 98 31 1:226
1123 2098 64 29 och
1205 2097 124 35 11:285,
1347 2096 104 31 såvitt
1468 2097 41 30 de
1525 2096 75 30 icke
1616 2096 152 29 behand-

600 2157 65 28 lats
698 2154 109 30 under
840 2153 23 33 I,
897 2152 73 30 icke
1003 2152 54 29 må
1090 2161 41 20 av
1164 2151 184 35 riksdagen
1383 2150 150 29 bifallas.

324 2265 198 30 Stockholm
543 2263 65 29 den
627 2261 41 29 20
687 2260 68 36 maj
781 2259 81 29 1959

765 2356 46 30 På
831 2355 280 30 statsutskottets
1129 2354 146 36 vägnar:

806 2436 172 30 MARTIN
999 2434 235 30 SKOGLUND
