<?xml version="1.0" encoding="UTF-8"?>
<alto xmlns="http://www.loc.gov/standards/alto/ns-v3#" xmlns:xlink="http://www.w3.org/1999/xlink" xmlns:xsi="http://www.w3.org/2001/XMLSchema-instance" xsi:schemaLocation="http://www.loc.gov/standards/alto/ns-v3# http://www.loc.gov/alto/v3/alto-3-0.xsd">
	<Description>
		<MeasurementUnit>pixel</MeasurementUnit>
		<sourceImageInformation>
			<fileName>/tmp/tess_s2lfwgka_input.PNG</fileName>
		</sourceImageInformation>
		<OCRProcessing ID="OCR_0">
			<ocrProcessingStep>
				<processingSoftware>
					<softwareName>tesseract 5.3.0</softwareName>
				</processingSoftware>
			</ocrProcessingStep>
		</OCRProcessing>
	</Description>
	<Layout>
		<Page WIDTH="1878" HEIGHT="2780" PHYSICAL_IMG_NR="0" ID="page_0">
			<PrintSpace HPOS="0" VPOS="0" WIDTH="1878" HEIGHT="2780">
				<ComposedBlock ID="cblock_0" HPOS="262" VPOS="149" WIDTH="1185" HEIGHT="41">
					<TextBlock ID="block_0" HPOS="262" VPOS="149" WIDTH="1185" HEIGHT="41">
						<TextLine ID="line_0" HPOS="262" VPOS="149" WIDTH="1185" HEIGHT="41">
							<String ID="string_0" HPOS="262" VPOS="154" WIDTH="36" HEIGHT="28" WC="0.96" CONTENT="10"/><SP WIDTH="279" VPOS="154" HPOS="298"/>
							<String ID="string_1" HPOS="577" VPOS="152" WIDTH="124" HEIGHT="38" WC="0.93" CONTENT="Tredje"/><SP WIDTH="21" VPOS="152" HPOS="701"/>
							<String ID="string_2" HPOS="722" VPOS="151" WIDTH="244" HEIGHT="38" WC="0.57" CONTENT="lagutskottiets"/><SP WIDTH="22" VPOS="151" HPOS="966"/>
							<String ID="string_3" HPOS="988" VPOS="150" WIDTH="177" HEIGHT="29" WC="0.96" CONTENT="utlåtande"/><SP WIDTH="20" VPOS="150" HPOS="1165"/>
							<String ID="string_4" HPOS="1185" VPOS="159" WIDTH="41" HEIGHT="19" WC="0.96" CONTENT="nr"/><SP WIDTH="20" VPOS="159" HPOS="1226"/>
							<String ID="string_5" HPOS="1246" VPOS="150" WIDTH="40" HEIGHT="28" WC="0.96" CONTENT="20"/><SP WIDTH="20" VPOS="150" HPOS="1286"/>
							<String ID="string_6" HPOS="1306" VPOS="149" WIDTH="38" HEIGHT="29" WC="0.95" CONTENT="år"/><SP WIDTH="21" VPOS="149" HPOS="1344"/>
							<String ID="string_7" HPOS="1365" VPOS="150" WIDTH="82" HEIGHT="28" WC="0.95" CONTENT="1956"/>
						</TextLine>
					</TextBlock>
				</ComposedBlock>
				<ComposedBlock ID="cblock_1" HPOS="263" VPOS="232" WIDTH="1514" HEIGHT="2274">
					<TextBlock ID="block_1" HPOS="263" VPOS="232" WIDTH="1502" HEIGHT="133">
						<TextLine ID="line_1" HPOS="263" VPOS="232" WIDTH="1502" HEIGHT="42">
							<String ID="string_8" HPOS="263" VPOS="236" WIDTH="62" HEIGHT="28" WC="0.96" CONTENT="och"/><SP WIDTH="28" VPOS="236" HPOS="325"/>
							<String ID="string_9" HPOS="353" VPOS="236" WIDTH="113" HEIGHT="28" WC="0.96" CONTENT="denna"/><SP WIDTH="27" VPOS="236" HPOS="466"/>
							<String ID="string_10" HPOS="493" VPOS="235" WIDTH="227" HEIGHT="39" WC="0.96" CONTENT="uppfattning"/><SP WIDTH="30" VPOS="235" HPOS="720"/>
							<String ID="string_11" HPOS="750" VPOS="244" WIDTH="100" HEIGHT="29" WC="0.93" CONTENT="synes"/><SP WIDTH="29" VPOS="244" HPOS="850"/>
							<String ID="string_12" HPOS="879" VPOS="234" WIDTH="171" HEIGHT="29" WC="0.92" CONTENT="omfattad"/><SP WIDTH="27" VPOS="234" HPOS="1050"/>
							<String ID="string_13" HPOS="1077" VPOS="234" WIDTH="131" HEIGHT="37" WC="0.96" CONTENT="jämväl"/><SP WIDTH="28" VPOS="234" HPOS="1208"/>
							<String ID="string_14" HPOS="1236" VPOS="242" WIDTH="41" HEIGHT="20" WC="0.96" CONTENT="av"/><SP WIDTH="26" VPOS="242" HPOS="1277"/>
							<String ID="string_15" HPOS="1303" VPOS="233" WIDTH="150" HEIGHT="28" WC="0.95" CONTENT="flertalet"/><SP WIDTH="27" VPOS="233" HPOS="1453"/>
							<String ID="string_16" HPOS="1480" VPOS="233" WIDTH="117" HEIGHT="38" WC="0.93" CONTENT="övriga"/><SP WIDTH="28" VPOS="233" HPOS="1597"/>
							<String ID="string_17" HPOS="1625" VPOS="232" WIDTH="140" HEIGHT="29" WC="0.92" CONTENT="remiss-"/>
						</TextLine>
						<TextLine ID="line_2" HPOS="263" VPOS="282" WIDTH="1501" HEIGHT="41">
							<String ID="string_18" HPOS="263" VPOS="287" WIDTH="182" HEIGHT="27" WC="0.95" CONTENT="instanser."/><SP WIDTH="44" VPOS="287" HPOS="445"/>
							<String ID="string_19" HPOS="489" VPOS="285" WIDTH="91" HEIGHT="29" WC="0.89" CONTENT="Även"/><SP WIDTH="43" VPOS="285" HPOS="580"/>
							<String ID="string_20" HPOS="623" VPOS="285" WIDTH="203" HEIGHT="38" WC="0.96" CONTENT="skyddet"/><SP WIDTH="41" VPOS="285" HPOS="826"/>
							<String ID="string_21" HPOS="867" VPOS="284" WIDTH="74" HEIGHT="29" WC="0.96" CONTENT="för"/><SP WIDTH="41" VPOS="284" HPOS="941"/>
							<String ID="string_22" HPOS="982" VPOS="285" WIDTH="83" HEIGHT="28" WC="0.93" CONTENT="den"/><SP WIDTH="46" VPOS="285" HPOS="1065"/>
							<String ID="string_23" HPOS="1111" VPOS="282" WIDTH="432" HEIGHT="39" WC="0.90" CONTENT="utvecklingsbara"/><SP WIDTH="43" VPOS="282" HPOS="1543"/>
							<String ID="string_24" HPOS="1586" VPOS="283" WIDTH="178" HEIGHT="37" WC="0.96" CONTENT="skogen"/>
						</TextLine>
						<TextLine ID="line_3" HPOS="263" VPOS="334" WIDTH="1040" HEIGHT="31">
							<String ID="string_25" HPOS="263" VPOS="346" WIDTH="100" HEIGHT="19" WC="0.96" CONTENT="anses"/><SP WIDTH="20" VPOS="346" HPOS="363"/>
							<String ID="string_26" HPOS="383" VPOS="336" WIDTH="84" HEIGHT="29" WC="0.96" CONTENT="böra"/><SP WIDTH="18" VPOS="336" HPOS="467"/>
							<String ID="string_27" HPOS="485" VPOS="336" WIDTH="192" HEIGHT="29" WC="0.95" CONTENT="bibehållas"/><SP WIDTH="22" VPOS="336" HPOS="677"/>
							<String ID="string_28" HPOS="699" VPOS="345" WIDTH="40" HEIGHT="19" WC="0.96" CONTENT="av"/><SP WIDTH="22" VPOS="345" HPOS="739"/>
							<String ID="string_29" HPOS="761" VPOS="336" WIDTH="39" HEIGHT="28" WC="0.95" CONTENT="de"/><SP WIDTH="22" VPOS="336" HPOS="800"/>
							<String ID="string_30" HPOS="822" VPOS="335" WIDTH="101" HEIGHT="29" WC="0.93" CONTENT="flesta"/><SP WIDTH="22" VPOS="335" HPOS="923"/>
							<String ID="string_31" HPOS="945" VPOS="334" WIDTH="358" HEIGHT="29" WC="0.91" CONTENT="remissinstanserna."/>
						</TextLine>
					</TextBlock>
					<TextBlock ID="block_2" HPOS="306" VPOS="385" WIDTH="936" HEIGHT="39">
						<TextLine ID="line_4" HPOS="306" VPOS="385" WIDTH="936" HEIGHT="39">
							<String ID="string_32" HPOS="306" VPOS="386" WIDTH="372" HEIGHT="38" WC="0.90" CONTENT="Lantbruksstyrelsen"/><SP WIDTH="23" VPOS="386" HPOS="678"/>
							<String ID="string_33" HPOS="701" VPOS="386" WIDTH="100" HEIGHT="29" WC="0.95" CONTENT="anför"/><SP WIDTH="20" VPOS="386" HPOS="801"/>
							<String ID="string_34" HPOS="821" VPOS="386" WIDTH="105" HEIGHT="29" WC="0.95" CONTENT="bland"/><SP WIDTH="22" VPOS="386" HPOS="926"/>
							<String ID="string_35" HPOS="948" VPOS="387" WIDTH="104" HEIGHT="27" WC="0.95" CONTENT="annat"/><SP WIDTH="24" VPOS="387" HPOS="1052"/>
							<String ID="string_36" HPOS="1076" VPOS="385" WIDTH="166" HEIGHT="38" WC="0.95" CONTENT="följande."/>
						</TextLine>
					</TextBlock>
					<TextBlock ID="block_3" HPOS="266" VPOS="442" WIDTH="1502" HEIGHT="421">
						<TextLine ID="line_5" HPOS="310" VPOS="442" WIDTH="1455" HEIGHT="41">
							<String ID="string_37" HPOS="310" VPOS="446" WIDTH="72" HEIGHT="28" WC="0.96" CONTENT="Vad"/><SP WIDTH="20" VPOS="446" HPOS="382"/>
							<String ID="string_38" HPOS="402" VPOS="445" WIDTH="107" HEIGHT="38" WC="0.96" CONTENT="angår"/><SP WIDTH="19" VPOS="445" HPOS="509"/>
							<String ID="string_39" HPOS="528" VPOS="445" WIDTH="122" HEIGHT="37" WC="0.96" CONTENT="frågan"/><SP WIDTH="18" VPOS="445" HPOS="650"/>
							<String ID="string_40" HPOS="668" VPOS="454" WIDTH="55" HEIGHT="18" WC="0.96" CONTENT="om"/><SP WIDTH="19" VPOS="454" HPOS="723"/>
							<String ID="string_41" HPOS="742" VPOS="454" WIDTH="40" HEIGHT="19" WC="0.95" CONTENT="en"/><SP WIDTH="20" VPOS="454" HPOS="782"/>
							<String ID="string_42" HPOS="802" VPOS="444" WIDTH="229" HEIGHT="37" WC="0.96" CONTENT="reformering"/><SP WIDTH="19" VPOS="444" HPOS="1031"/>
							<String ID="string_43" HPOS="1050" VPOS="453" WIDTH="39" HEIGHT="19" WC="0.92" CONTENT="av"/><SP WIDTH="20" VPOS="453" HPOS="1089"/>
							<String ID="string_44" HPOS="1109" VPOS="443" WIDTH="309" HEIGHT="38" WC="0.90" CONTENT="skogsvårdslagen"/><SP WIDTH="22" VPOS="443" HPOS="1418"/>
							<String ID="string_45" HPOS="1440" VPOS="443" WIDTH="61" HEIGHT="28" WC="0.96" CONTENT="har"/><SP WIDTH="20" VPOS="443" HPOS="1501"/>
							<String ID="string_46" HPOS="1521" VPOS="443" WIDTH="7" HEIGHT="28" WC="0.96" CONTENT="i"/><SP WIDTH="21" VPOS="443" HPOS="1528"/>
							<String ID="string_47" HPOS="1549" VPOS="442" WIDTH="216" HEIGHT="29" WC="0.96" CONTENT="motionerna"/>
						</TextLine>
						<TextLine ID="line_6" HPOS="266" VPOS="485" WIDTH="1499" HEIGHT="39">
							<String ID="string_48" HPOS="266" VPOS="488" WIDTH="134" HEIGHT="28" WC="0.96" CONTENT="anförts"/><SP WIDTH="24" VPOS="488" HPOS="400"/>
							<String ID="string_49" HPOS="424" VPOS="488" WIDTH="92" HEIGHT="28" WC="0.96" CONTENT="vissa"/><SP WIDTH="24" VPOS="488" HPOS="516"/>
							<String ID="string_50" HPOS="540" VPOS="486" WIDTH="86" HEIGHT="30" WC="0.95" CONTENT="skäl,"/><SP WIDTH="25" VPOS="486" HPOS="626"/>
							<String ID="string_51" HPOS="651" VPOS="496" WIDTH="72" HEIGHT="19" WC="0.96" CONTENT="som"/><SP WIDTH="25" VPOS="496" HPOS="723"/>
							<String ID="string_52" HPOS="748" VPOS="487" WIDTH="104" HEIGHT="37" WC="0.93" CONTENT="enligt"/><SP WIDTH="25" VPOS="487" HPOS="852"/>
							<String ID="string_53" HPOS="877" VPOS="487" WIDTH="276" HEIGHT="28" WC="0.90" CONTENT="motionärernas"/><SP WIDTH="25" VPOS="487" HPOS="1153"/>
							<String ID="string_54" HPOS="1178" VPOS="485" WIDTH="224" HEIGHT="39" WC="0.96" CONTENT="uppfattning"/><SP WIDTH="24" VPOS="485" HPOS="1402"/>
							<String ID="string_55" HPOS="1426" VPOS="485" WIDTH="87" HEIGHT="28" WC="0.95" CONTENT="talar"/><SP WIDTH="22" VPOS="485" HPOS="1513"/>
							<String ID="string_56" HPOS="1535" VPOS="485" WIDTH="54" HEIGHT="28" WC="0.96" CONTENT="för"/><SP WIDTH="23" VPOS="485" HPOS="1589"/>
							<String ID="string_57" HPOS="1612" VPOS="487" WIDTH="49" HEIGHT="26" WC="0.96" CONTENT="att"/><SP WIDTH="24" VPOS="487" HPOS="1661"/>
							<String ID="string_58" HPOS="1685" VPOS="494" WIDTH="80" HEIGHT="18" WC="0.95" CONTENT="man"/>
						</TextLine>
						<TextLine ID="line_7" HPOS="266" VPOS="527" WIDTH="1501" HEIGHT="41">
							<String ID="string_59" HPOS="266" VPOS="530" WIDTH="111" HEIGHT="29" WC="0.93" CONTENT="skulle"/><SP WIDTH="22" VPOS="530" HPOS="377"/>
							<String ID="string_60" HPOS="399" VPOS="530" WIDTH="154" HEIGHT="38" WC="0.92" CONTENT="företaga"/><SP WIDTH="21" VPOS="530" HPOS="553"/>
							<String ID="string_61" HPOS="574" VPOS="538" WIDTH="41" HEIGHT="19" WC="0.96" CONTENT="en"/><SP WIDTH="21" VPOS="538" HPOS="615"/>
							<String ID="string_62" HPOS="636" VPOS="531" WIDTH="146" HEIGHT="36" WC="0.96" CONTENT="översyn"/><SP WIDTH="21" VPOS="531" HPOS="782"/>
							<String ID="string_63" HPOS="803" VPOS="538" WIDTH="40" HEIGHT="19" WC="0.95" CONTENT="av"/><SP WIDTH="21" VPOS="538" HPOS="843"/>
							<String ID="string_64" HPOS="864" VPOS="529" WIDTH="114" HEIGHT="28" WC="0.96" CONTENT="denna"/><SP WIDTH="23" VPOS="529" HPOS="978"/>
							<String ID="string_65" HPOS="1001" VPOS="528" WIDTH="227" HEIGHT="37" WC="0.94" CONTENT="lagstiftning."/><SP WIDTH="23" VPOS="528" HPOS="1228"/>
							<String ID="string_66" HPOS="1251" VPOS="528" WIDTH="98" HEIGHT="28" WC="0.96" CONTENT="Vissa"/><SP WIDTH="21" VPOS="528" HPOS="1349"/>
							<String ID="string_67" HPOS="1370" VPOS="537" WIDTH="40" HEIGHT="19" WC="0.96" CONTENT="av"/><SP WIDTH="21" VPOS="537" HPOS="1410"/>
							<String ID="string_68" HPOS="1431" VPOS="528" WIDTH="98" HEIGHT="28" WC="0.96" CONTENT="dessa"/><SP WIDTH="23" VPOS="528" HPOS="1529"/>
							<String ID="string_69" HPOS="1552" VPOS="536" WIDTH="104" HEIGHT="29" WC="0.96" CONTENT="synas"/><SP WIDTH="22" VPOS="536" HPOS="1656"/>
							<String ID="string_70" HPOS="1678" VPOS="527" WIDTH="89" HEIGHT="28" WC="0.96" CONTENT="dock"/>
						</TextLine>
						<TextLine ID="line_8" HPOS="266" VPOS="570" WIDTH="1501" HEIGHT="41">
							<String ID="string_71" HPOS="266" VPOS="572" WIDTH="174" HEIGHT="39" WC="0.96" CONTENT="knappast"/><SP WIDTH="20" VPOS="572" HPOS="440"/>
							<String ID="string_72" HPOS="460" VPOS="580" WIDTH="80" HEIGHT="21" WC="0.96" CONTENT="vara"/><SP WIDTH="19" VPOS="580" HPOS="540"/>
							<String ID="string_73" HPOS="559" VPOS="581" WIDTH="41" HEIGHT="19" WC="0.96" CONTENT="av"/><SP WIDTH="19" VPOS="581" HPOS="600"/>
							<String ID="string_74" HPOS="619" VPOS="571" WIDTH="109" HEIGHT="29" WC="0.96" CONTENT="sådan"/><SP WIDTH="20" VPOS="571" HPOS="728"/>
							<String ID="string_75" HPOS="748" VPOS="571" WIDTH="81" HEIGHT="33" WC="0.96" CONTENT="vikt,"/><SP WIDTH="20" VPOS="571" HPOS="829"/>
							<String ID="string_76" HPOS="849" VPOS="573" WIDTH="48" HEIGHT="26" WC="0.95" CONTENT="att"/><SP WIDTH="23" VPOS="573" HPOS="897"/>
							<String ID="string_77" HPOS="920" VPOS="571" WIDTH="56" HEIGHT="28" WC="0.96" CONTENT="det"/><SP WIDTH="19" VPOS="571" HPOS="976"/>
							<String ID="string_78" HPOS="995" VPOS="571" WIDTH="120" HEIGHT="28" WC="0.96" CONTENT="enbart"/><SP WIDTH="20" VPOS="571" HPOS="1115"/>
							<String ID="string_79" HPOS="1135" VPOS="570" WIDTH="43" HEIGHT="39" WC="0.96" CONTENT="på"/><SP WIDTH="19" VPOS="570" HPOS="1178"/>
							<String ID="string_80" HPOS="1197" VPOS="570" WIDTH="112" HEIGHT="37" WC="0.96" CONTENT="grund"/><SP WIDTH="20" VPOS="570" HPOS="1309"/>
							<String ID="string_81" HPOS="1329" VPOS="579" WIDTH="40" HEIGHT="20" WC="0.95" CONTENT="av"/><SP WIDTH="19" VPOS="579" HPOS="1369"/>
							<String ID="string_82" HPOS="1388" VPOS="570" WIDTH="76" HEIGHT="28" WC="0.96" CONTENT="dem"/><SP WIDTH="21" VPOS="570" HPOS="1464"/>
							<String ID="string_83" HPOS="1485" VPOS="570" WIDTH="67" HEIGHT="28" WC="0.96" CONTENT="kan"/><SP WIDTH="22" VPOS="570" HPOS="1552"/>
							<String ID="string_84" HPOS="1574" VPOS="578" WIDTH="101" HEIGHT="19" WC="0.92" CONTENT="anses"/><SP WIDTH="23" VPOS="578" HPOS="1675"/>
							<String ID="string_85" HPOS="1698" VPOS="577" WIDTH="69" HEIGHT="20" WC="0.88" CONTENT="mo-"/>
						</TextLine>
						<TextLine ID="line_9" HPOS="268" VPOS="611" WIDTH="1499" HEIGHT="40">
							<String ID="string_86" HPOS="268" VPOS="615" WIDTH="121" HEIGHT="28" WC="0.92" CONTENT="tiverat"/><SP WIDTH="18" VPOS="615" HPOS="389"/>
							<String ID="string_87" HPOS="407" VPOS="616" WIDTH="49" HEIGHT="27" WC="0.96" CONTENT="att"/><SP WIDTH="21" VPOS="616" HPOS="456"/>
							<String ID="string_88" HPOS="477" VPOS="614" WIDTH="104" HEIGHT="29" WC="0.96" CONTENT="redan"/><SP WIDTH="19" VPOS="614" HPOS="581"/>
							<String ID="string_89" HPOS="600" VPOS="623" WIDTH="45" HEIGHT="19" WC="0.96" CONTENT="nu"/><SP WIDTH="20" VPOS="623" HPOS="645"/>
							<String ID="string_90" HPOS="665" VPOS="613" WIDTH="193" HEIGHT="38" WC="0.95" CONTENT="igångsätta"/><SP WIDTH="19" VPOS="613" HPOS="858"/>
							<String ID="string_91" HPOS="877" VPOS="622" WIDTH="40" HEIGHT="19" WC="0.96" CONTENT="en"/><SP WIDTH="18" VPOS="622" HPOS="917"/>
							<String ID="string_92" HPOS="935" VPOS="614" WIDTH="146" HEIGHT="37" WC="0.96" CONTENT="översyn"/><SP WIDTH="18" VPOS="614" HPOS="1081"/>
							<String ID="string_93" HPOS="1099" VPOS="622" WIDTH="41" HEIGHT="19" WC="0.96" CONTENT="av"/><SP WIDTH="17" VPOS="622" HPOS="1140"/>
							<String ID="string_94" HPOS="1157" VPOS="613" WIDTH="66" HEIGHT="28" WC="0.96" CONTENT="den"/><SP WIDTH="19" VPOS="613" HPOS="1223"/>
							<String ID="string_95" HPOS="1242" VPOS="612" WIDTH="84" HEIGHT="28" WC="0.96" CONTENT="blott"/><SP WIDTH="18" VPOS="612" HPOS="1326"/>
							<String ID="string_96" HPOS="1344" VPOS="611" WIDTH="106" HEIGHT="39" WC="0.96" CONTENT="några"/><SP WIDTH="18" VPOS="611" HPOS="1450"/>
							<String ID="string_97" HPOS="1468" VPOS="611" WIDTH="37" HEIGHT="29" WC="0.96" CONTENT="år"/><SP WIDTH="18" VPOS="611" HPOS="1505"/>
							<String ID="string_98" HPOS="1523" VPOS="611" WIDTH="114" HEIGHT="38" WC="0.93" CONTENT="gamla"/><SP WIDTH="19" VPOS="611" HPOS="1637"/>
							<String ID="string_99" HPOS="1656" VPOS="611" WIDTH="111" HEIGHT="38" WC="0.96" CONTENT="lagen."/>
						</TextLine>
						<TextLine ID="line_10" HPOS="268" VPOS="653" WIDTH="1499" HEIGHT="42">
							<String ID="string_100" HPOS="268" VPOS="657" WIDTH="100" HEIGHT="28" WC="0.96" CONTENT="Detta"/><SP WIDTH="31" VPOS="657" HPOS="368"/>
							<String ID="string_101" HPOS="399" VPOS="657" WIDTH="105" HEIGHT="38" WC="0.96" CONTENT="gäller"/><SP WIDTH="32" VPOS="657" HPOS="504"/>
							<String ID="string_102" HPOS="536" VPOS="655" WIDTH="209" HEIGHT="39" WC="0.96" CONTENT="exempelvis"/><SP WIDTH="32" VPOS="655" HPOS="745"/>
							<String ID="string_103" HPOS="777" VPOS="656" WIDTH="63" HEIGHT="28" WC="0.96" CONTENT="vad"/><SP WIDTH="33" VPOS="656" HPOS="840"/>
							<String ID="string_104" HPOS="873" VPOS="655" WIDTH="259" HEIGHT="29" WC="0.96" CONTENT="motionärerna"/><SP WIDTH="34" VPOS="655" HPOS="1132"/>
							<String ID="string_105" HPOS="1166" VPOS="655" WIDTH="114" HEIGHT="28" WC="0.96" CONTENT="anfört"/><SP WIDTH="32" VPOS="655" HPOS="1280"/>
							<String ID="string_106" HPOS="1312" VPOS="663" WIDTH="56" HEIGHT="19" WC="0.95" CONTENT="om"/><SP WIDTH="32" VPOS="663" HPOS="1368"/>
							<String ID="string_107" HPOS="1400" VPOS="656" WIDTH="48" HEIGHT="26" WC="0.96" CONTENT="att"/><SP WIDTH="33" VPOS="656" HPOS="1448"/>
							<String ID="string_108" HPOS="1481" VPOS="653" WIDTH="286" HEIGHT="29" WC="0.96" CONTENT="erfarenheterna"/>
						</TextLine>
						<TextLine ID="line_11" HPOS="266" VPOS="695" WIDTH="1502" HEIGHT="42">
							<String ID="string_109" HPOS="266" VPOS="699" WIDTH="87" HEIGHT="28" WC="0.96" CONTENT="efter"/><SP WIDTH="23" VPOS="699" HPOS="353"/>
							<String ID="string_110" HPOS="376" VPOS="699" WIDTH="117" HEIGHT="38" WC="0.95" CONTENT="lagens"/><SP WIDTH="21" VPOS="699" HPOS="493"/>
							<String ID="string_111" HPOS="514" VPOS="698" WIDTH="171" HEIGHT="29" WC="0.96" CONTENT="tillkomst"/><SP WIDTH="21" VPOS="698" HPOS="685"/>
							<String ID="string_112" HPOS="706" VPOS="698" WIDTH="98" HEIGHT="31" WC="0.95" CONTENT="visat,"/><SP WIDTH="21" VPOS="698" HPOS="804"/>
							<String ID="string_113" HPOS="825" VPOS="699" WIDTH="49" HEIGHT="27" WC="0.96" CONTENT="att"/><SP WIDTH="22" VPOS="699" HPOS="874"/>
							<String ID="string_114" HPOS="896" VPOS="706" WIDTH="80" HEIGHT="20" WC="0.96" CONTENT="man"/><SP WIDTH="23" VPOS="706" HPOS="976"/>
							<String ID="string_115" HPOS="999" VPOS="697" WIDTH="8" HEIGHT="28" WC="0.95" CONTENT="i"/><SP WIDTH="24" VPOS="697" HPOS="1007"/>
							<String ID="string_116" HPOS="1031" VPOS="697" WIDTH="59" HEIGHT="28" WC="0.96" CONTENT="allt"/><SP WIDTH="22" VPOS="697" HPOS="1090"/>
							<String ID="string_117" HPOS="1112" VPOS="697" WIDTH="109" HEIGHT="28" WC="0.96" CONTENT="större"/><SP WIDTH="23" VPOS="697" HPOS="1221"/>
							<String ID="string_118" HPOS="1244" VPOS="696" WIDTH="243" HEIGHT="37" WC="0.96" CONTENT="utsträckning"/><SP WIDTH="19" VPOS="696" HPOS="1487"/>
							<String ID="string_119" HPOS="1506" VPOS="695" WIDTH="61" HEIGHT="29" WC="0.96" CONTENT="bör"/><SP WIDTH="22" VPOS="695" HPOS="1567"/>
							<String ID="string_120" HPOS="1589" VPOS="695" WIDTH="70" HEIGHT="29" WC="0.93" CONTENT="låta"/><SP WIDTH="21" VPOS="695" HPOS="1659"/>
							<String ID="string_121" HPOS="1680" VPOS="695" WIDTH="88" HEIGHT="29" WC="0.93" CONTENT="åter-"/>
						</TextLine>
						<TextLine ID="line_12" HPOS="267" VPOS="736" WIDTH="1501" HEIGHT="43">
							<String ID="string_122" HPOS="267" VPOS="741" WIDTH="289" HEIGHT="38" WC="0.91" CONTENT="växtåtgärderna"/><SP WIDTH="24" VPOS="741" HPOS="556"/>
							<String ID="string_123" HPOS="580" VPOS="742" WIDTH="34" HEIGHT="27" WC="0.96" CONTENT="ta"/><SP WIDTH="26" VPOS="742" HPOS="614"/>
							<String ID="string_124" HPOS="640" VPOS="741" WIDTH="134" HEIGHT="27" WC="0.95" CONTENT="formen"/><SP WIDTH="25" VPOS="741" HPOS="774"/>
							<String ID="string_125" HPOS="799" VPOS="749" WIDTH="41" HEIGHT="19" WC="0.96" CONTENT="av"/><SP WIDTH="24" VPOS="749" HPOS="840"/>
							<String ID="string_126" HPOS="864" VPOS="739" WIDTH="196" HEIGHT="39" WC="0.96" CONTENT="plantering"/><SP WIDTH="24" VPOS="739" HPOS="1060"/>
							<String ID="string_127" HPOS="1084" VPOS="739" WIDTH="64" HEIGHT="28" WC="0.96" CONTENT="och"/><SP WIDTH="27" VPOS="739" HPOS="1148"/>
							<String ID="string_128" HPOS="1175" VPOS="738" WIDTH="84" HEIGHT="30" WC="0.96" CONTENT="sådd"/><SP WIDTH="27" VPOS="738" HPOS="1259"/>
							<String ID="string_129" HPOS="1286" VPOS="738" WIDTH="64" HEIGHT="28" WC="0.96" CONTENT="och"/><SP WIDTH="24" VPOS="738" HPOS="1350"/>
							<String ID="string_130" HPOS="1374" VPOS="740" WIDTH="50" HEIGHT="27" WC="0.96" CONTENT="att"/><SP WIDTH="23" VPOS="740" HPOS="1424"/>
							<String ID="string_131" HPOS="1447" VPOS="736" WIDTH="244" HEIGHT="39" WC="0.93" CONTENT="utvecklingen"/><SP WIDTH="25" VPOS="736" HPOS="1691"/>
							<String ID="string_132" HPOS="1716" VPOS="737" WIDTH="52" HEIGHT="28" WC="0.91" CONTENT="så-"/>
						</TextLine>
						<TextLine ID="line_13" HPOS="268" VPOS="779" WIDTH="1500" HEIGHT="43">
							<String ID="string_133" HPOS="268" VPOS="783" WIDTH="106" HEIGHT="29" WC="0.91" CONTENT="iunda"/><SP WIDTH="38" VPOS="783" HPOS="374"/>
							<String ID="string_134" HPOS="412" VPOS="783" WIDTH="42" HEIGHT="39" WC="0.96" CONTENT="på"/><SP WIDTH="37" VPOS="783" HPOS="454"/>
							<String ID="string_135" HPOS="491" VPOS="783" WIDTH="92" HEIGHT="28" WC="0.91" CONTENT="detta"/><SP WIDTH="40" VPOS="783" HPOS="583"/>
							<String ID="string_136" HPOS="623" VPOS="783" WIDTH="141" HEIGHT="28" WC="0.95" CONTENT="område"/><SP WIDTH="39" VPOS="783" HPOS="764"/>
							<String ID="string_137" HPOS="803" VPOS="782" WIDTH="111" HEIGHT="28" WC="0.95" CONTENT="skulle"/><SP WIDTH="40" VPOS="782" HPOS="914"/>
							<String ID="string_138" HPOS="954" VPOS="781" WIDTH="42" HEIGHT="29" WC="0.95" CONTENT="ha"/><SP WIDTH="31" VPOS="781" HPOS="996"/>
							<String ID="string_139" HPOS="1027" VPOS="781" WIDTH="70" HEIGHT="38" WC="0.96" CONTENT="gått"/><SP WIDTH="31" VPOS="781" HPOS="1097"/>
							<String ID="string_140" HPOS="1128" VPOS="780" WIDTH="89" HEIGHT="29" WC="0.96" CONTENT="förbi"/><SP WIDTH="28" VPOS="780" HPOS="1217"/>
							<String ID="string_141" HPOS="1245" VPOS="781" WIDTH="40" HEIGHT="28" WC="0.96" CONTENT="de"/><SP WIDTH="28" VPOS="781" HPOS="1285"/>
							<String ID="string_142" HPOS="1313" VPOS="780" WIDTH="94" HEIGHT="33" WC="0.95" CONTENT="krav,"/><SP WIDTH="29" VPOS="780" HPOS="1407"/>
							<String ID="string_143" HPOS="1436" VPOS="789" WIDTH="74" HEIGHT="19" WC="0.93" CONTENT="som"/><SP WIDTH="28" VPOS="789" HPOS="1510"/>
							<String ID="string_144" HPOS="1538" VPOS="779" WIDTH="192" HEIGHT="39" WC="0.91" CONTENT="uppställes"/><SP WIDTH="28" VPOS="779" HPOS="1730"/>
							<String ID="string_145" HPOS="1758" VPOS="780" WIDTH="10" HEIGHT="27" WC="0.96" CONTENT="i"/>
						</TextLine>
						<TextLine ID="line_14" HPOS="268" VPOS="825" WIDTH="321" HEIGHT="38">
							<String ID="string_146" HPOS="268" VPOS="825" WIDTH="321" HEIGHT="38" WC="0.91" CONTENT="skogsvårdslagen."/>
						</TextLine>
					</TextBlock>
					<TextBlock ID="block_4" HPOS="268" VPOS="863" WIDTH="1503" HEIGHT="464">
						<TextLine ID="line_15" HPOS="311" VPOS="863" WIDTH="1458" HEIGHT="41">
							<String ID="string_147" HPOS="311" VPOS="868" WIDTH="73" HEIGHT="28" WC="0.96" CONTENT="Vad"/><SP WIDTH="21" VPOS="868" HPOS="384"/>
							<String ID="string_148" HPOS="405" VPOS="867" WIDTH="64" HEIGHT="29" WC="0.93" CONTENT="här"/><SP WIDTH="21" VPOS="867" HPOS="469"/>
							<String ID="string_149" HPOS="490" VPOS="866" WIDTH="139" HEIGHT="30" WC="0.92" CONTENT="anföres"/><SP WIDTH="23" VPOS="866" HPOS="629"/>
							<String ID="string_150" HPOS="652" VPOS="875" WIDTH="102" HEIGHT="29" WC="0.96" CONTENT="synes"/><SP WIDTH="23" VPOS="875" HPOS="754"/>
							<String ID="string_151" HPOS="777" VPOS="866" WIDTH="191" HEIGHT="29" WC="0.96" CONTENT="emellertid"/><SP WIDTH="22" VPOS="866" HPOS="968"/>
							<String ID="string_152" HPOS="990" VPOS="866" WIDTH="167" HEIGHT="28" WC="0.96" CONTENT="innebära"/><SP WIDTH="21" VPOS="866" HPOS="1157"/>
							<String ID="string_153" HPOS="1178" VPOS="874" WIDTH="41" HEIGHT="19" WC="0.96" CONTENT="en"/><SP WIDTH="24" VPOS="874" HPOS="1219"/>
							<String ID="string_154" HPOS="1243" VPOS="864" WIDTH="290" HEIGHT="38" WC="0.95" CONTENT="underskattning"/><SP WIDTH="23" VPOS="864" HPOS="1533"/>
							<String ID="string_155" HPOS="1556" VPOS="873" WIDTH="40" HEIGHT="19" WC="0.96" CONTENT="av"/><SP WIDTH="23" VPOS="873" HPOS="1596"/>
							<String ID="string_156" HPOS="1619" VPOS="864" WIDTH="40" HEIGHT="28" WC="0.93" CONTENT="de"/><SP WIDTH="23" VPOS="864" HPOS="1659"/>
							<String ID="string_157" HPOS="1682" VPOS="863" WIDTH="87" HEIGHT="38" WC="0.92" CONTENT="möj-"/>
						</TextLine>
						<TextLine ID="line_16" HPOS="269" VPOS="905" WIDTH="1500" HEIGHT="43">
							<String ID="string_158" HPOS="269" VPOS="909" WIDTH="153" HEIGHT="39" WC="0.96" CONTENT="ligheter,"/><SP WIDTH="28" VPOS="909" HPOS="422"/>
							<String ID="string_159" HPOS="450" VPOS="918" WIDTH="73" HEIGHT="20" WC="0.93" CONTENT="som"/><SP WIDTH="27" VPOS="918" HPOS="523"/>
							<String ID="string_160" HPOS="550" VPOS="909" WIDTH="311" HEIGHT="37" WC="0.90" CONTENT="skogsvårdslagen"/><SP WIDTH="26" VPOS="909" HPOS="861"/>
							<String ID="string_161" HPOS="887" VPOS="916" WIDTH="57" HEIGHT="30" WC="0.96" CONTENT="ger"/><SP WIDTH="27" VPOS="916" HPOS="944"/>
							<String ID="string_162" HPOS="971" VPOS="910" WIDTH="48" HEIGHT="27" WC="0.93" CONTENT="att"/><SP WIDTH="27" VPOS="910" HPOS="1019"/>
							<String ID="string_163" HPOS="1046" VPOS="907" WIDTH="164" HEIGHT="39" WC="0.90" CONTENT="påfordra"/><SP WIDTH="27" VPOS="907" HPOS="1210"/>
							<String ID="string_164" HPOS="1237" VPOS="906" WIDTH="206" HEIGHT="38" WC="0.88" CONTENT="vidtagande"/><SP WIDTH="27" VPOS="906" HPOS="1443"/>
							<String ID="string_165" HPOS="1470" VPOS="915" WIDTH="40" HEIGHT="19" WC="0.96" CONTENT="av"/><SP WIDTH="29" VPOS="915" HPOS="1510"/>
							<String ID="string_166" HPOS="1539" VPOS="906" WIDTH="116" HEIGHT="29" WC="0.93" CONTENT="aktiva"/><SP WIDTH="26" VPOS="906" HPOS="1655"/>
							<String ID="string_167" HPOS="1681" VPOS="905" WIDTH="88" HEIGHT="29" WC="0.59" CONTENT="åter-"/>
						</TextLine>
						<TextLine ID="line_17" HPOS="268" VPOS="947" WIDTH="1501" HEIGHT="43">
							<String ID="string_168" HPOS="268" VPOS="951" WIDTH="251" HEIGHT="39" WC="0.92" CONTENT="växtåtgärder."/><SP WIDTH="22" VPOS="951" HPOS="519"/>
							<String ID="string_169" HPOS="541" VPOS="951" WIDTH="72" HEIGHT="29" WC="0.96" CONTENT="Och"/><SP WIDTH="20" VPOS="951" HPOS="613"/>
							<String ID="string_170" HPOS="633" VPOS="952" WIDTH="86" HEIGHT="28" WC="0.96" CONTENT="även"/><SP WIDTH="18" VPOS="952" HPOS="719"/>
							<String ID="string_171" HPOS="737" VPOS="960" WIDTH="56" HEIGHT="19" WC="0.96" CONTENT="om"/><SP WIDTH="18" VPOS="960" HPOS="793"/>
							<String ID="string_172" HPOS="811" VPOS="951" WIDTH="100" HEIGHT="28" WC="0.96" CONTENT="dessa"/><SP WIDTH="21" VPOS="951" HPOS="911"/>
							<String ID="string_173" HPOS="932" VPOS="950" WIDTH="220" HEIGHT="38" WC="0.96" CONTENT="möjligheter"/><SP WIDTH="20" VPOS="950" HPOS="1152"/>
							<String ID="string_174" HPOS="1172" VPOS="949" WIDTH="75" HEIGHT="30" WC="0.96" CONTENT="icke"/><SP WIDTH="19" VPOS="949" HPOS="1247"/>
							<String ID="string_175" HPOS="1266" VPOS="949" WIDTH="111" HEIGHT="28" WC="0.96" CONTENT="skulle"/><SP WIDTH="19" VPOS="949" HPOS="1377"/>
							<String ID="string_176" HPOS="1396" VPOS="958" WIDTH="100" HEIGHT="19" WC="0.95" CONTENT="anses"/><SP WIDTH="21" VPOS="958" HPOS="1496"/>
							<String ID="string_177" HPOS="1517" VPOS="948" WIDTH="80" HEIGHT="29" WC="0.93" CONTENT="fullt"/><SP WIDTH="19" VPOS="948" HPOS="1597"/>
							<String ID="string_178" HPOS="1616" VPOS="947" WIDTH="153" HEIGHT="29" WC="0.91" CONTENT="tillräck-"/>
						</TextLine>
						<TextLine ID="line_18" HPOS="269" VPOS="990" WIDTH="1500" HEIGHT="41">
							<String ID="string_179" HPOS="269" VPOS="994" WIDTH="75" HEIGHT="37" WC="0.96" CONTENT="liga,"/><SP WIDTH="22" VPOS="994" HPOS="344"/>
							<String ID="string_180" HPOS="366" VPOS="994" WIDTH="96" HEIGHT="29" WC="0.96" CONTENT="torde"/><SP WIDTH="20" VPOS="994" HPOS="462"/>
							<String ID="string_181" HPOS="482" VPOS="993" WIDTH="65" HEIGHT="29" WC="0.96" CONTENT="vad"/><SP WIDTH="20" VPOS="993" HPOS="547"/>
							<String ID="string_182" HPOS="567" VPOS="993" WIDTH="259" HEIGHT="28" WC="0.96" CONTENT="motionärerna"/><SP WIDTH="20" VPOS="993" HPOS="826"/>
							<String ID="string_183" HPOS="846" VPOS="993" WIDTH="118" HEIGHT="28" WC="0.96" CONTENT="anfört"/><SP WIDTH="21" VPOS="993" HPOS="964"/>
							<String ID="string_184" HPOS="985" VPOS="1001" WIDTH="55" HEIGHT="19" WC="0.96" CONTENT="om"/><SP WIDTH="22" VPOS="1001" HPOS="1040"/>
							<String ID="string_185" HPOS="1062" VPOS="992" WIDTH="66" HEIGHT="29" WC="0.95" CONTENT="den"/><SP WIDTH="21" VPOS="992" HPOS="1128"/>
							<String ID="string_186" HPOS="1149" VPOS="991" WIDTH="147" HEIGHT="40" WC="0.96" CONTENT="positiva"/><SP WIDTH="21" VPOS="991" HPOS="1296"/>
							<String ID="string_187" HPOS="1317" VPOS="991" WIDTH="109" HEIGHT="38" WC="0.96" CONTENT="viljan"/><SP WIDTH="21" VPOS="991" HPOS="1426"/>
							<String ID="string_188" HPOS="1447" VPOS="990" WIDTH="62" HEIGHT="29" WC="0.96" CONTENT="hos"/><SP WIDTH="23" VPOS="990" HPOS="1509"/>
							<String ID="string_189" HPOS="1532" VPOS="990" WIDTH="237" HEIGHT="38" WC="0.96" CONTENT="skogsägarna"/>
						</TextLine>
						<TextLine ID="line_19" HPOS="269" VPOS="1033" WIDTH="1500" HEIGHT="41">
							<String ID="string_190" HPOS="269" VPOS="1038" WIDTH="49" HEIGHT="26" WC="0.96" CONTENT="att"/><SP WIDTH="24" VPOS="1038" HPOS="318"/>
							<String ID="string_191" HPOS="342" VPOS="1036" WIDTH="138" HEIGHT="38" WC="0.96" CONTENT="vidtaga"/><SP WIDTH="25" VPOS="1036" HPOS="480"/>
							<String ID="string_192" HPOS="505" VPOS="1036" WIDTH="117" HEIGHT="38" WC="0.96" CONTENT="längre"/><SP WIDTH="25" VPOS="1036" HPOS="622"/>
							<String ID="string_193" HPOS="647" VPOS="1035" WIDTH="130" HEIGHT="38" WC="0.96" CONTENT="gående"/><SP WIDTH="24" VPOS="1035" HPOS="777"/>
							<String ID="string_194" HPOS="801" VPOS="1034" WIDTH="160" HEIGHT="39" WC="0.96" CONTENT="åtgärder"/><SP WIDTH="25" VPOS="1034" HPOS="961"/>
							<String ID="string_195" HPOS="986" VPOS="1035" WIDTH="44" HEIGHT="28" WC="0.96" CONTENT="än"/><SP WIDTH="26" VPOS="1035" HPOS="1030"/>
							<String ID="string_196" HPOS="1056" VPOS="1034" WIDTH="98" HEIGHT="38" WC="0.96" CONTENT="lagen"/><SP WIDTH="27" VPOS="1034" HPOS="1154"/>
							<String ID="string_197" HPOS="1181" VPOS="1033" WIDTH="122" HEIGHT="29" WC="0.96" CONTENT="kräver"/><SP WIDTH="25" VPOS="1033" HPOS="1303"/>
							<String ID="string_198" HPOS="1328" VPOS="1033" WIDTH="73" HEIGHT="28" WC="0.96" CONTENT="icke"/><SP WIDTH="26" VPOS="1033" HPOS="1401"/>
							<String ID="string_199" HPOS="1427" VPOS="1033" WIDTH="118" HEIGHT="28" WC="0.96" CONTENT="kunna"/><SP WIDTH="27" VPOS="1033" HPOS="1545"/>
							<String ID="string_200" HPOS="1572" VPOS="1034" WIDTH="96" HEIGHT="36" WC="0.96" CONTENT="tagas"/><SP WIDTH="26" VPOS="1034" HPOS="1668"/>
							<String ID="string_201" HPOS="1694" VPOS="1040" WIDTH="75" HEIGHT="20" WC="0.83" CONTENT="som"/>
						</TextLine>
						<TextLine ID="line_20" HPOS="268" VPOS="1074" WIDTH="1501" HEIGHT="40">
							<String ID="string_202" HPOS="268" VPOS="1078" WIDTH="92" HEIGHT="28" WC="0.96" CONTENT="bevis"/><SP WIDTH="21" VPOS="1078" HPOS="360"/>
							<String ID="string_203" HPOS="381" VPOS="1078" WIDTH="54" HEIGHT="29" WC="0.96" CONTENT="för"/><SP WIDTH="22" VPOS="1078" HPOS="435"/>
							<String ID="string_204" HPOS="457" VPOS="1079" WIDTH="49" HEIGHT="27" WC="0.95" CONTENT="att"/><SP WIDTH="19" VPOS="1079" HPOS="506"/>
							<String ID="string_205" HPOS="525" VPOS="1086" WIDTH="42" HEIGHT="20" WC="0.96" CONTENT="en"/><SP WIDTH="19" VPOS="1086" HPOS="567"/>
							<String ID="string_206" HPOS="586" VPOS="1077" WIDTH="199" HEIGHT="29" WC="0.96" CONTENT="omedelbar"/><SP WIDTH="20" VPOS="1077" HPOS="785"/>
							<String ID="string_207" HPOS="805" VPOS="1076" WIDTH="149" HEIGHT="29" WC="0.94" CONTENT="revision"/><SP WIDTH="23" VPOS="1076" HPOS="954"/>
							<String ID="string_208" HPOS="977" VPOS="1085" WIDTH="41" HEIGHT="19" WC="0.96" CONTENT="av"/><SP WIDTH="22" VPOS="1085" HPOS="1018"/>
							<String ID="string_209" HPOS="1040" VPOS="1075" WIDTH="264" HEIGHT="39" WC="0.96" CONTENT="lagstiftningen"/><SP WIDTH="22" VPOS="1075" HPOS="1304"/>
							<String ID="string_210" HPOS="1326" VPOS="1075" WIDTH="111" HEIGHT="28" WC="0.96" CONTENT="skulle"/><SP WIDTH="20" VPOS="1075" HPOS="1437"/>
							<String ID="string_211" HPOS="1457" VPOS="1083" WIDTH="82" HEIGHT="20" WC="0.96" CONTENT="vara"/><SP WIDTH="22" VPOS="1083" HPOS="1539"/>
							<String ID="string_212" HPOS="1561" VPOS="1074" WIDTH="208" HEIGHT="38" WC="0.96" CONTENT="nödvändig."/>
						</TextLine>
						<TextLine ID="line_21" HPOS="269" VPOS="1115" WIDTH="1501" HEIGHT="43">
							<String ID="string_213" HPOS="269" VPOS="1121" WIDTH="63" HEIGHT="28" WC="0.96" CONTENT="Det"/><SP WIDTH="24" VPOS="1121" HPOS="332"/>
							<String ID="string_214" HPOS="356" VPOS="1120" WIDTH="96" HEIGHT="29" WC="0.96" CONTENT="torde"/><SP WIDTH="25" VPOS="1120" HPOS="452"/>
							<String ID="string_215" HPOS="477" VPOS="1120" WIDTH="178" HEIGHT="29" WC="0.96" CONTENT="dessutom"/><SP WIDTH="26" VPOS="1120" HPOS="655"/>
							<String ID="string_216" HPOS="681" VPOS="1120" WIDTH="173" HEIGHT="38" WC="0.96" CONTENT="knappast"/><SP WIDTH="23" VPOS="1120" HPOS="854"/>
							<String ID="string_217" HPOS="877" VPOS="1127" WIDTH="82" HEIGHT="21" WC="0.96" CONTENT="vara"/><SP WIDTH="24" VPOS="1127" HPOS="959"/>
							<String ID="string_218" HPOS="983" VPOS="1118" WIDTH="183" HEIGHT="37" WC="0.96" CONTENT="berättigat"/><SP WIDTH="26" VPOS="1118" HPOS="1166"/>
							<String ID="string_219" HPOS="1192" VPOS="1119" WIDTH="49" HEIGHT="27" WC="0.96" CONTENT="att"/><SP WIDTH="25" VPOS="1119" HPOS="1241"/>
							<String ID="string_220" HPOS="1266" VPOS="1117" WIDTH="36" HEIGHT="29" WC="0.96" CONTENT="så"/><SP WIDTH="24" VPOS="1117" HPOS="1302"/>
							<String ID="string_221" HPOS="1326" VPOS="1117" WIDTH="164" HEIGHT="38" WC="0.95" CONTENT="generellt"/><SP WIDTH="25" VPOS="1117" HPOS="1490"/>
							<String ID="string_222" HPOS="1515" VPOS="1125" WIDTH="72" HEIGHT="20" WC="0.96" CONTENT="som"/><SP WIDTH="26" VPOS="1125" HPOS="1587"/>
							<String ID="string_223" HPOS="1613" VPOS="1116" WIDTH="9" HEIGHT="28" WC="0.93" CONTENT="i"/><SP WIDTH="26" VPOS="1116" HPOS="1622"/>
							<String ID="string_224" HPOS="1648" VPOS="1115" WIDTH="122" HEIGHT="29" WC="0.92" CONTENT="motio-"/>
						</TextLine>
						<TextLine ID="line_22" HPOS="269" VPOS="1158" WIDTH="1500" HEIGHT="42">
							<String ID="string_225" HPOS="269" VPOS="1171" WIDTH="108" HEIGHT="20" WC="0.95" CONTENT="nerna"/><SP WIDTH="24" VPOS="1171" HPOS="377"/>
							<String ID="string_226" HPOS="401" VPOS="1163" WIDTH="97" HEIGHT="37" WC="0.95" CONTENT="göres"/><SP WIDTH="22" VPOS="1163" HPOS="498"/>
							<String ID="string_227" HPOS="520" VPOS="1161" WIDTH="113" HEIGHT="29" WC="0.96" CONTENT="hävda"/><SP WIDTH="26" VPOS="1161" HPOS="633"/>
							<String ID="string_228" HPOS="659" VPOS="1163" WIDTH="49" HEIGHT="27" WC="0.93" CONTENT="att"/><SP WIDTH="24" VPOS="1163" HPOS="708"/>
							<String ID="string_229" HPOS="732" VPOS="1160" WIDTH="296" HEIGHT="39" WC="0.92" CONTENT="självföryngring"/><SP WIDTH="25" VPOS="1160" HPOS="1028"/>
							<String ID="string_230" HPOS="1053" VPOS="1159" WIDTH="111" HEIGHT="30" WC="0.96" CONTENT="skulle"/><SP WIDTH="26" VPOS="1159" HPOS="1164"/>
							<String ID="string_231" HPOS="1190" VPOS="1168" WIDTH="82" HEIGHT="20" WC="0.96" CONTENT="vara"/><SP WIDTH="24" VPOS="1168" HPOS="1272"/>
							<String ID="string_232" HPOS="1296" VPOS="1168" WIDTH="41" HEIGHT="20" WC="0.96" CONTENT="en"/><SP WIDTH="24" VPOS="1168" HPOS="1337"/>
							<String ID="string_233" HPOS="1361" VPOS="1159" WIDTH="154" HEIGHT="39" WC="0.96" CONTENT="primitiv"/><SP WIDTH="28" VPOS="1159" HPOS="1515"/>
							<String ID="string_234" HPOS="1543" VPOS="1158" WIDTH="124" HEIGHT="33" WC="0.96" CONTENT="metod,"/><SP WIDTH="28" VPOS="1158" HPOS="1667"/>
							<String ID="string_235" HPOS="1695" VPOS="1167" WIDTH="74" HEIGHT="19" WC="0.96" CONTENT="som"/>
						</TextLine>
						<TextLine ID="line_23" HPOS="268" VPOS="1200" WIDTH="1503" HEIGHT="42">
							<String ID="string_236" HPOS="268" VPOS="1205" WIDTH="61" HEIGHT="28" WC="0.92" CONTENT="bör"/><SP WIDTH="25" VPOS="1205" HPOS="329"/>
							<String ID="string_237" HPOS="354" VPOS="1204" WIDTH="152" HEIGHT="38" WC="0.91" CONTENT="frångås."/><SP WIDTH="22" VPOS="1204" HPOS="506"/>
							<String ID="string_238" HPOS="528" VPOS="1203" WIDTH="92" HEIGHT="30" WC="0.96" CONTENT="Både"/><SP WIDTH="23" VPOS="1203" HPOS="620"/>
							<String ID="string_239" HPOS="643" VPOS="1203" WIDTH="196" HEIGHT="39" WC="0.96" CONTENT="plantering"/><SP WIDTH="22" VPOS="1203" HPOS="839"/>
							<String ID="string_240" HPOS="861" VPOS="1202" WIDTH="64" HEIGHT="29" WC="0.93" CONTENT="och"/><SP WIDTH="27" VPOS="1202" HPOS="925"/>
							<String ID="string_241" HPOS="952" VPOS="1202" WIDTH="177" HEIGHT="39" WC="0.91" CONTENT="självsådd"/><SP WIDTH="25" VPOS="1202" HPOS="1129"/>
							<String ID="string_242" HPOS="1154" VPOS="1202" WIDTH="62" HEIGHT="28" WC="0.96" CONTENT="har"/><SP WIDTH="24" VPOS="1202" HPOS="1216"/>
							<String ID="string_243" HPOS="1240" VPOS="1201" WIDTH="104" HEIGHT="39" WC="0.96" CONTENT="enligt"/><SP WIDTH="23" VPOS="1201" HPOS="1344"/>
							<String ID="string_244" HPOS="1367" VPOS="1201" WIDTH="190" HEIGHT="38" WC="0.96" CONTENT="vetenskap"/><SP WIDTH="23" VPOS="1201" HPOS="1557"/>
							<String ID="string_245" HPOS="1580" VPOS="1200" WIDTH="65" HEIGHT="29" WC="0.93" CONTENT="och"/><SP WIDTH="23" VPOS="1200" HPOS="1645"/>
							<String ID="string_246" HPOS="1668" VPOS="1200" WIDTH="103" HEIGHT="39" WC="0.92" CONTENT="prak-"/>
						</TextLine>
						<TextLine ID="line_24" HPOS="271" VPOS="1243" WIDTH="1499" HEIGHT="41">
							<String ID="string_247" HPOS="271" VPOS="1247" WIDTH="67" HEIGHT="28" WC="0.96" CONTENT="tisk"/><SP WIDTH="20" VPOS="1247" HPOS="338"/>
							<String ID="string_248" HPOS="358" VPOS="1246" WIDTH="199" HEIGHT="29" WC="0.96" CONTENT="erfarenhet"/><SP WIDTH="21" VPOS="1246" HPOS="557"/>
							<String ID="string_249" HPOS="578" VPOS="1246" WIDTH="152" HEIGHT="38" WC="0.95" CONTENT="alltjämt"/><SP WIDTH="24" VPOS="1246" HPOS="730"/>
							<String ID="string_250" HPOS="754" VPOS="1246" WIDTH="51" HEIGHT="27" WC="0.96" CONTENT="sin"/><SP WIDTH="21" VPOS="1246" HPOS="805"/>
							<String ID="string_251" HPOS="826" VPOS="1245" WIDTH="101" HEIGHT="38" WC="0.96" CONTENT="givna"/><SP WIDTH="22" VPOS="1245" HPOS="927"/>
							<String ID="string_252" HPOS="949" VPOS="1245" WIDTH="90" HEIGHT="39" WC="0.96" CONTENT="plats"/><SP WIDTH="23" VPOS="1245" HPOS="1039"/>
							<String ID="string_253" HPOS="1062" VPOS="1245" WIDTH="8" HEIGHT="27" WC="0.96" CONTENT="i"/><SP WIDTH="24" VPOS="1245" HPOS="1070"/>
							<String ID="string_254" HPOS="1094" VPOS="1244" WIDTH="230" HEIGHT="37" WC="0.95" CONTENT="skogsbruket"/><SP WIDTH="23" VPOS="1244" HPOS="1324"/>
							<String ID="string_255" HPOS="1347" VPOS="1243" WIDTH="170" HEIGHT="29" WC="0.95" CONTENT="beroende"/><SP WIDTH="22" VPOS="1243" HPOS="1517"/>
							<String ID="string_256" HPOS="1539" VPOS="1243" WIDTH="42" HEIGHT="38" WC="0.93" CONTENT="på"/><SP WIDTH="23" VPOS="1243" HPOS="1581"/>
							<String ID="string_257" HPOS="1604" VPOS="1243" WIDTH="166" HEIGHT="38" WC="0.91" CONTENT="skogstyp"/>
						</TextLine>
						<TextLine ID="line_25" HPOS="269" VPOS="1287" WIDTH="442" HEIGHT="40">
							<String ID="string_258" HPOS="269" VPOS="1288" WIDTH="64" HEIGHT="29" WC="0.93" CONTENT="och"/><SP WIDTH="20" VPOS="1288" HPOS="333"/>
							<String ID="string_259" HPOS="353" VPOS="1287" WIDTH="358" HEIGHT="40" WC="0.91" CONTENT="miljöförhållanden."/>
						</TextLine>
					</TextBlock>
					<TextBlock ID="block_5" HPOS="270" VPOS="1327" WIDTH="1502" HEIGHT="168">
						<TextLine ID="line_26" HPOS="311" VPOS="1327" WIDTH="1461" HEIGHT="39">
							<String ID="string_260" HPOS="311" VPOS="1331" WIDTH="76" HEIGHT="29" WC="0.96" CONTENT="Icke"/><SP WIDTH="17" VPOS="1331" HPOS="387"/>
							<String ID="string_261" HPOS="404" VPOS="1330" WIDTH="107" HEIGHT="30" WC="0.95" CONTENT="heller"/><SP WIDTH="18" VPOS="1330" HPOS="511"/>
							<String ID="string_262" HPOS="529" VPOS="1339" WIDTH="100" HEIGHT="27" WC="0.96" CONTENT="synes"/><SP WIDTH="17" VPOS="1339" HPOS="629"/>
							<String ID="string_263" HPOS="646" VPOS="1330" WIDTH="66" HEIGHT="29" WC="0.96" CONTENT="vad"/><SP WIDTH="19" VPOS="1330" HPOS="712"/>
							<String ID="string_264" HPOS="731" VPOS="1329" WIDTH="254" HEIGHT="29" WC="0.95" CONTENT="motionärerna"/><SP WIDTH="18" VPOS="1329" HPOS="985"/>
							<String ID="string_265" HPOS="1003" VPOS="1329" WIDTH="9" HEIGHT="28" WC="0.96" CONTENT="i"/><SP WIDTH="18" VPOS="1329" HPOS="1012"/>
							<String ID="string_266" HPOS="1030" VPOS="1329" WIDTH="88" HEIGHT="28" WC="0.47" CONTENT="detta"/><SP WIDTH="23" VPOS="1329" HPOS="1118"/>
							<String ID="string_267" HPOS="1141" VPOS="1327" WIDTH="247" HEIGHT="37" WC="0.91" CONTENT="sammanhang"/><SP WIDTH="19" VPOS="1327" HPOS="1388"/>
							<String ID="string_268" HPOS="1407" VPOS="1327" WIDTH="116" HEIGHT="29" WC="0.95" CONTENT="anfört"/><SP WIDTH="17" VPOS="1327" HPOS="1523"/>
							<String ID="string_269" HPOS="1540" VPOS="1336" WIDTH="56" HEIGHT="19" WC="0.96" CONTENT="om"/><SP WIDTH="18" VPOS="1336" HPOS="1596"/>
							<String ID="string_270" HPOS="1614" VPOS="1328" WIDTH="46" HEIGHT="27" WC="0.92" CONTENT="att"/><SP WIDTH="19" VPOS="1328" HPOS="1660"/>
							<String ID="string_271" HPOS="1679" VPOS="1327" WIDTH="93" HEIGHT="28" WC="0.92" CONTENT="kost-"/>
						</TextLine>
						<TextLine ID="line_27" HPOS="270" VPOS="1369" WIDTH="1490" HEIGHT="42">
							<String ID="string_272" HPOS="270" VPOS="1373" WIDTH="106" HEIGHT="29" WC="0.95" CONTENT="nader"/><SP WIDTH="20" VPOS="1373" HPOS="376"/>
							<String ID="string_273" HPOS="396" VPOS="1373" WIDTH="54" HEIGHT="29" WC="0.93" CONTENT="för"/><SP WIDTH="21" VPOS="1373" HPOS="450"/>
							<String ID="string_274" HPOS="471" VPOS="1372" WIDTH="385" HEIGHT="39" WC="0.91" CONTENT="föryngringsåtgärder"/><SP WIDTH="20" VPOS="1372" HPOS="856"/>
							<String ID="string_275" HPOS="876" VPOS="1389" WIDTH="44" HEIGHT="2" WC="0.92" CONTENT="—"/><SP WIDTH="18" VPOS="1389" HPOS="920"/>
							<String ID="string_276" HPOS="938" VPOS="1371" WIDTH="146" HEIGHT="29" WC="0.95" CONTENT="bortsett"/><SP WIDTH="25" VPOS="1371" HPOS="1084"/>
							<String ID="string_277" HPOS="1109" VPOS="1370" WIDTH="78" HEIGHT="29" WC="0.93" CONTENT="från"/><SP WIDTH="22" VPOS="1370" HPOS="1187"/>
							<String ID="string_278" HPOS="1209" VPOS="1369" WIDTH="386" HEIGHT="39" WC="0.91" CONTENT="föryngringsåtgärder"/><SP WIDTH="22" VPOS="1369" HPOS="1595"/>
							<String ID="string_279" HPOS="1617" VPOS="1369" WIDTH="19" HEIGHT="28" WC="0.92" CONTENT="å"/><SP WIDTH="22" VPOS="1369" HPOS="1636"/>
							<String ID="string_280" HPOS="1658" VPOS="1369" WIDTH="102" HEIGHT="38" WC="0.71" CONTENT="gami:"/>
						</TextLine>
						<TextLine ID="line_28" HPOS="270" VPOS="1411" WIDTH="1501" HEIGHT="43">
							<String ID="string_281" HPOS="270" VPOS="1415" WIDTH="200" HEIGHT="29" WC="0.91" CONTENT="kalmarker"/><SP WIDTH="16" VPOS="1415" HPOS="470"/>
							<String ID="string_282" HPOS="486" VPOS="1432" WIDTH="43" HEIGHT="3" WC="0.89" CONTENT="—"/><SP WIDTH="18" VPOS="1432" HPOS="529"/>
							<String ID="string_283" HPOS="547" VPOS="1415" WIDTH="9" HEIGHT="28" WC="0.96" CONTENT="i"/><SP WIDTH="20" VPOS="1415" HPOS="556"/>
							<String ID="string_284" HPOS="576" VPOS="1414" WIDTH="136" HEIGHT="40" WC="0.96" CONTENT="princip"/><SP WIDTH="21" VPOS="1414" HPOS="712"/>
							<String ID="string_285" HPOS="733" VPOS="1413" WIDTH="96" HEIGHT="29" WC="0.96" CONTENT="alltid"/><SP WIDTH="19" VPOS="1413" HPOS="829"/>
							<String ID="string_286" HPOS="848" VPOS="1413" WIDTH="60" HEIGHT="29" WC="0.96" CONTENT="bör"/><SP WIDTH="20" VPOS="1413" HPOS="908"/>
							<String ID="string_287" HPOS="928" VPOS="1413" WIDTH="177" HEIGHT="29" WC="0.96" CONTENT="betraktas"/><SP WIDTH="22" VPOS="1413" HPOS="1105"/>
							<String ID="string_288" HPOS="1127" VPOS="1422" WIDTH="73" HEIGHT="18" WC="0.96" CONTENT="som"/><SP WIDTH="22" VPOS="1422" HPOS="1200"/>
							<String ID="string_289" HPOS="1222" VPOS="1421" WIDTH="42" HEIGHT="20" WC="0.91" CONTENT="en"/><SP WIDTH="20" VPOS="1421" HPOS="1264"/>
							<String ID="string_290" HPOS="1284" VPOS="1411" WIDTH="385" HEIGHT="37" WC="0.91" CONTENT="avverkningskostnad"/><SP WIDTH="20" VPOS="1411" HPOS="1669"/>
							<String ID="string_291" HPOS="1689" VPOS="1419" WIDTH="82" HEIGHT="20" WC="0.96" CONTENT="vara"/>
						</TextLine>
						<TextLine ID="line_29" HPOS="272" VPOS="1457" WIDTH="322" HEIGHT="38">
							<String ID="string_292" HPOS="272" VPOS="1457" WIDTH="322" HEIGHT="38" WC="0.90" CONTENT="invändningsfritt."/>
						</TextLine>
					</TextBlock>
					<TextBlock ID="block_6" HPOS="270" VPOS="1495" WIDTH="1506" HEIGHT="885">
						<TextLine ID="line_30" HPOS="315" VPOS="1495" WIDTH="1457" HEIGHT="39">
							<String ID="string_293" HPOS="315" VPOS="1501" WIDTH="12" HEIGHT="28" WC="0.95" CONTENT="I"/><SP WIDTH="26" VPOS="1501" HPOS="327"/>
							<String ID="string_294" HPOS="353" VPOS="1499" WIDTH="218" HEIGHT="29" WC="0.95" CONTENT="motionerna"/><SP WIDTH="26" VPOS="1499" HPOS="571"/>
							<String ID="string_295" HPOS="597" VPOS="1498" WIDTH="181" HEIGHT="29" WC="0.95" CONTENT="kritiseras"/><SP WIDTH="27" VPOS="1498" HPOS="778"/>
							<String ID="string_296" HPOS="805" VPOS="1498" WIDTH="115" HEIGHT="28" WC="0.95" CONTENT="vidare"/><SP WIDTH="27" VPOS="1498" HPOS="920"/>
							<String ID="string_297" HPOS="947" VPOS="1498" WIDTH="65" HEIGHT="28" WC="0.96" CONTENT="den"/><SP WIDTH="28" VPOS="1498" HPOS="1012"/>
							<String ID="string_298" HPOS="1040" VPOS="1497" WIDTH="8" HEIGHT="28" WC="0.96" CONTENT="i"/><SP WIDTH="29" VPOS="1497" HPOS="1048"/>
							<String ID="string_299" HPOS="1077" VPOS="1497" WIDTH="201" HEIGHT="28" WC="0.93" CONTENT="nuvarande"/><SP WIDTH="28" VPOS="1497" HPOS="1278"/>
							<String ID="string_300" HPOS="1306" VPOS="1495" WIDTH="265" HEIGHT="39" WC="0.91" CONTENT="skogsvårdslag"/><SP WIDTH="26" VPOS="1495" HPOS="1571"/>
							<String ID="string_301" HPOS="1597" VPOS="1495" WIDTH="175" HEIGHT="29" WC="0.90" CONTENT="förekom-"/>
						</TextLine>
						<TextLine ID="line_31" HPOS="271" VPOS="1537" WIDTH="1501" HEIGHT="40">
							<String ID="string_302" HPOS="271" VPOS="1542" WIDTH="124" HEIGHT="28" WC="0.96" CONTENT="mande"/><SP WIDTH="19" VPOS="1542" HPOS="395"/>
							<String ID="string_303" HPOS="414" VPOS="1540" WIDTH="280" HEIGHT="36" WC="0.96" CONTENT="bestämmelsen,"/><SP WIDTH="20" VPOS="1540" HPOS="694"/>
							<String ID="string_304" HPOS="714" VPOS="1542" WIDTH="48" HEIGHT="27" WC="0.92" CONTENT="att"/><SP WIDTH="20" VPOS="1542" HPOS="762"/>
							<String ID="string_305" HPOS="782" VPOS="1540" WIDTH="281" HEIGHT="37" WC="0.92" CONTENT="utvecklingsbar"/><SP WIDTH="20" VPOS="1540" HPOS="1063"/>
							<String ID="string_306" HPOS="1083" VPOS="1539" WIDTH="84" HEIGHT="38" WC="0.96" CONTENT="skog"/><SP WIDTH="20" VPOS="1539" HPOS="1167"/>
							<String ID="string_307" HPOS="1187" VPOS="1539" WIDTH="29" HEIGHT="38" WC="0.96" CONTENT="ej"/><SP WIDTH="24" VPOS="1539" HPOS="1216"/>
							<String ID="string_308" HPOS="1240" VPOS="1539" WIDTH="52" HEIGHT="28" WC="0.96" CONTENT="får"/><SP WIDTH="22" VPOS="1539" HPOS="1292"/>
							<String ID="string_309" HPOS="1314" VPOS="1538" WIDTH="166" HEIGHT="29" WC="0.96" CONTENT="avverkas"/><SP WIDTH="21" VPOS="1538" HPOS="1480"/>
							<String ID="string_310" HPOS="1501" VPOS="1537" WIDTH="206" HEIGHT="29" WC="0.96" CONTENT="annorledes"/><SP WIDTH="21" VPOS="1537" HPOS="1707"/>
							<String ID="string_311" HPOS="1728" VPOS="1538" WIDTH="44" HEIGHT="28" WC="0.96" CONTENT="än"/>
						</TextLine>
						<TextLine ID="line_32" HPOS="270" VPOS="1579" WIDTH="1503" HEIGHT="42">
							<String ID="string_312" HPOS="270" VPOS="1583" WIDTH="87" HEIGHT="30" WC="0.96" CONTENT="efter"/><SP WIDTH="24" VPOS="1583" HPOS="357"/>
							<String ID="string_313" HPOS="381" VPOS="1583" WIDTH="277" HEIGHT="38" WC="0.95" CONTENT="ändamålsenlig"/><SP WIDTH="25" VPOS="1583" HPOS="658"/>
							<String ID="string_314" HPOS="683" VPOS="1583" WIDTH="156" HEIGHT="38" WC="0.95" CONTENT="gallring,"/><SP WIDTH="24" VPOS="1583" HPOS="839"/>
							<String ID="string_315" HPOS="863" VPOS="1582" WIDTH="65" HEIGHT="29" WC="0.96" CONTENT="och"/><SP WIDTH="23" VPOS="1582" HPOS="928"/>
							<String ID="string_316" HPOS="951" VPOS="1581" WIDTH="156" HEIGHT="33" WC="0.96" CONTENT="föreslås,"/><SP WIDTH="25" VPOS="1581" HPOS="1107"/>
							<String ID="string_317" HPOS="1132" VPOS="1583" WIDTH="48" HEIGHT="27" WC="0.96" CONTENT="att"/><SP WIDTH="25" VPOS="1583" HPOS="1180"/>
							<String ID="string_318" HPOS="1205" VPOS="1582" WIDTH="113" HEIGHT="28" WC="0.96" CONTENT="denna"/><SP WIDTH="24" VPOS="1582" HPOS="1318"/>
							<String ID="string_319" HPOS="1342" VPOS="1580" WIDTH="243" HEIGHT="30" WC="0.96" CONTENT="bestämmelse"/><SP WIDTH="25" VPOS="1580" HPOS="1585"/>
							<String ID="string_320" HPOS="1610" VPOS="1579" WIDTH="87" HEIGHT="29" WC="0.92" CONTENT="skall"/><SP WIDTH="25" VPOS="1579" HPOS="1697"/>
							<String ID="string_321" HPOS="1722" VPOS="1588" WIDTH="51" HEIGHT="20" WC="0.92" CONTENT="er-"/>
						</TextLine>
						<TextLine ID="line_33" HPOS="272" VPOS="1622" WIDTH="1501" HEIGHT="41">
							<String ID="string_322" HPOS="272" VPOS="1626" WIDTH="108" HEIGHT="29" WC="0.96" CONTENT="sättas"/><SP WIDTH="22" VPOS="1626" HPOS="380"/>
							<String ID="string_323" HPOS="402" VPOS="1627" WIDTH="77" HEIGHT="29" WC="0.95" CONTENT="med"/><SP WIDTH="24" VPOS="1627" HPOS="479"/>
							<String ID="string_324" HPOS="503" VPOS="1627" WIDTH="46" HEIGHT="27" WC="0.95" CONTENT="ett"/><SP WIDTH="25" VPOS="1627" HPOS="549"/>
							<String ID="string_325" HPOS="574" VPOS="1625" WIDTH="191" HEIGHT="38" WC="0.96" CONTENT="stadgande"/><SP WIDTH="23" VPOS="1625" HPOS="765"/>
							<String ID="string_326" HPOS="788" VPOS="1634" WIDTH="40" HEIGHT="20" WC="0.96" CONTENT="av"/><SP WIDTH="22" VPOS="1634" HPOS="828"/>
							<String ID="string_327" HPOS="850" VPOS="1624" WIDTH="168" HEIGHT="29" WC="0.96" CONTENT="innebörd"/><SP WIDTH="22" VPOS="1624" HPOS="1018"/>
							<String ID="string_328" HPOS="1040" VPOS="1625" WIDTH="49" HEIGHT="28" WC="0.95" CONTENT="att"/><SP WIDTH="23" VPOS="1625" HPOS="1089"/>
							<String ID="string_329" HPOS="1112" VPOS="1632" WIDTH="117" HEIGHT="20" WC="0.96" CONTENT="annan"/><SP WIDTH="24" VPOS="1632" HPOS="1229"/>
							<String ID="string_330" HPOS="1253" VPOS="1623" WIDTH="212" HEIGHT="37" WC="0.96" CONTENT="avverkning"/><SP WIDTH="23" VPOS="1623" HPOS="1465"/>
							<String ID="string_331" HPOS="1488" VPOS="1623" WIDTH="43" HEIGHT="28" WC="0.95" CONTENT="än"/><SP WIDTH="23" VPOS="1623" HPOS="1531"/>
							<String ID="string_332" HPOS="1554" VPOS="1622" WIDTH="119" HEIGHT="32" WC="0.95" CONTENT="sådan,"/><SP WIDTH="25" VPOS="1622" HPOS="1673"/>
							<String ID="string_333" HPOS="1698" VPOS="1630" WIDTH="75" HEIGHT="20" WC="0.96" CONTENT="som"/>
						</TextLine>
						<TextLine ID="line_34" HPOS="271" VPOS="1663" WIDTH="1502" HEIGHT="42">
							<String ID="string_334" HPOS="271" VPOS="1668" WIDTH="62" HEIGHT="29" WC="0.96" CONTENT="har"/><SP WIDTH="21" VPOS="1668" HPOS="333"/>
							<String ID="string_335" HPOS="354" VPOS="1668" WIDTH="211" HEIGHT="29" WC="0.96" CONTENT="karaktären"/><SP WIDTH="21" VPOS="1668" HPOS="565"/>
							<String ID="string_336" HPOS="586" VPOS="1676" WIDTH="41" HEIGHT="20" WC="0.96" CONTENT="av"/><SP WIDTH="20" VPOS="1676" HPOS="627"/>
							<String ID="string_337" HPOS="647" VPOS="1666" WIDTH="277" HEIGHT="39" WC="0.91" CONTENT="ändamålsenlig"/><SP WIDTH="20" VPOS="1666" HPOS="924"/>
							<String ID="string_338" HPOS="944" VPOS="1666" WIDTH="157" HEIGHT="39" WC="0.95" CONTENT="gallring,"/><SP WIDTH="22" VPOS="1666" HPOS="1101"/>
							<String ID="string_339" HPOS="1123" VPOS="1666" WIDTH="89" HEIGHT="28" WC="0.96" CONTENT="skall"/><SP WIDTH="22" VPOS="1666" HPOS="1212"/>
							<String ID="string_340" HPOS="1234" VPOS="1665" WIDTH="34" HEIGHT="29" WC="0.96" CONTENT="få"/><SP WIDTH="19" VPOS="1665" HPOS="1268"/>
							<String ID="string_341" HPOS="1287" VPOS="1665" WIDTH="157" HEIGHT="37" WC="0.96" CONTENT="vidtagas"/><SP WIDTH="21" VPOS="1665" HPOS="1444"/>
							<String ID="string_342" HPOS="1465" VPOS="1665" WIDTH="122" HEIGHT="28" WC="0.96" CONTENT="endast"/><SP WIDTH="21" VPOS="1665" HPOS="1587"/>
							<String ID="string_343" HPOS="1608" VPOS="1663" WIDTH="87" HEIGHT="29" WC="0.96" CONTENT="efter"/><SP WIDTH="21" VPOS="1663" HPOS="1695"/>
							<String ID="string_344" HPOS="1716" VPOS="1663" WIDTH="57" HEIGHT="29" WC="0.96" CONTENT="det"/>
						</TextLine>
						<TextLine ID="line_35" HPOS="271" VPOS="1706" WIDTH="1502" HEIGHT="42">
							<String ID="string_345" HPOS="271" VPOS="1711" WIDTH="164" HEIGHT="28" WC="0.96" CONTENT="anmälan"/><SP WIDTH="23" VPOS="1711" HPOS="435"/>
							<String ID="string_346" HPOS="458" VPOS="1710" WIDTH="50" HEIGHT="29" WC="0.93" CONTENT="till"/><SP WIDTH="23" VPOS="1710" HPOS="508"/>
							<String ID="string_347" HPOS="531" VPOS="1709" WIDTH="383" HEIGHT="39" WC="0.92" CONTENT="skogsvårdsstyrelsen"/><SP WIDTH="25" VPOS="1709" HPOS="914"/>
							<String ID="string_348" HPOS="939" VPOS="1709" WIDTH="91" HEIGHT="29" WC="0.96" CONTENT="skett"/><SP WIDTH="22" VPOS="1709" HPOS="1030"/>
							<String ID="string_349" HPOS="1052" VPOS="1708" WIDTH="64" HEIGHT="29" WC="0.96" CONTENT="och"/><SP WIDTH="22" VPOS="1708" HPOS="1116"/>
							<String ID="string_350" HPOS="1138" VPOS="1708" WIDTH="113" HEIGHT="29" WC="0.96" CONTENT="denna"/><SP WIDTH="23" VPOS="1708" HPOS="1251"/>
							<String ID="string_351" HPOS="1274" VPOS="1707" WIDTH="88" HEIGHT="29" WC="0.96" CONTENT="varit"/><SP WIDTH="22" VPOS="1707" HPOS="1362"/>
							<String ID="string_352" HPOS="1384" VPOS="1707" WIDTH="10" HEIGHT="28" WC="0.96" CONTENT="i"/><SP WIDTH="24" VPOS="1707" HPOS="1394"/>
							<String ID="string_353" HPOS="1418" VPOS="1706" WIDTH="134" HEIGHT="29" WC="0.96" CONTENT="tillfälle"/><SP WIDTH="24" VPOS="1706" HPOS="1552"/>
							<String ID="string_354" HPOS="1576" VPOS="1708" WIDTH="50" HEIGHT="27" WC="0.96" CONTENT="att"/><SP WIDTH="23" VPOS="1708" HPOS="1626"/>
							<String ID="string_355" HPOS="1649" VPOS="1714" WIDTH="124" HEIGHT="30" WC="0.95" CONTENT="genom"/>
						</TextLine>
						<TextLine ID="line_36" HPOS="271" VPOS="1748" WIDTH="1502" HEIGHT="42">
							<String ID="string_356" HPOS="271" VPOS="1752" WIDTH="338" HEIGHT="30" WC="0.96" CONTENT="överenskommelse"/><SP WIDTH="28" VPOS="1752" HPOS="609"/>
							<String ID="string_357" HPOS="637" VPOS="1752" WIDTH="82" HEIGHT="28" WC="0.93" CONTENT="eller"/><SP WIDTH="27" VPOS="1752" HPOS="719"/>
							<String ID="string_358" HPOS="746" VPOS="1751" WIDTH="189" HEIGHT="39" WC="0.91" CONTENT="åläggande"/><SP WIDTH="28" VPOS="1751" HPOS="935"/>
							<String ID="string_359" HPOS="963" VPOS="1750" WIDTH="106" HEIGHT="29" WC="0.96" CONTENT="träffa"/><SP WIDTH="30" VPOS="1750" HPOS="1069"/>
							<String ID="string_360" HPOS="1099" VPOS="1750" WIDTH="130" HEIGHT="29" WC="0.95" CONTENT="sådana"/><SP WIDTH="29" VPOS="1750" HPOS="1229"/>
							<String ID="string_361" HPOS="1258" VPOS="1749" WIDTH="177" HEIGHT="31" WC="0.95" CONTENT="anstalter,"/><SP WIDTH="30" VPOS="1749" HPOS="1435"/>
							<String ID="string_362" HPOS="1465" VPOS="1757" WIDTH="74" HEIGHT="21" WC="0.96" CONTENT="som"/><SP WIDTH="27" VPOS="1757" HPOS="1539"/>
							<String ID="string_363" HPOS="1566" VPOS="1748" WIDTH="207" HEIGHT="29" WC="0.96" CONTENT="säkerställa"/>
						</TextLine>
						<TextLine ID="line_37" HPOS="272" VPOS="1790" WIDTH="1501" HEIGHT="44">
							<String ID="string_364" HPOS="272" VPOS="1794" WIDTH="204" HEIGHT="40" WC="0.96" CONTENT="föryngring"/><SP WIDTH="20" VPOS="1794" HPOS="476"/>
							<String ID="string_365" HPOS="496" VPOS="1794" WIDTH="65" HEIGHT="29" WC="0.96" CONTENT="och"/><SP WIDTH="21" VPOS="1794" HPOS="561"/>
							<String ID="string_366" HPOS="582" VPOS="1803" WIDTH="42" HEIGHT="20" WC="0.96" CONTENT="en"/><SP WIDTH="21" VPOS="1803" HPOS="624"/>
							<String ID="string_367" HPOS="645" VPOS="1794" WIDTH="9" HEIGHT="28" WC="0.96" CONTENT="i"/><SP WIDTH="21" VPOS="1794" HPOS="654"/>
							<String ID="string_368" HPOS="675" VPOS="1793" WIDTH="185" HEIGHT="29" WC="0.96" CONTENT="huvudsak"/><SP WIDTH="19" VPOS="1793" HPOS="860"/>
							<String ID="string_369" HPOS="879" VPOS="1793" WIDTH="100" HEIGHT="38" WC="0.96" CONTENT="jämn"/><SP WIDTH="21" VPOS="1793" HPOS="979"/>
							<String ID="string_370" HPOS="1000" VPOS="1792" WIDTH="218" HEIGHT="37" WC="0.96" CONTENT="avkastning."/><SP WIDTH="23" VPOS="1792" HPOS="1218"/>
							<String ID="string_371" HPOS="1241" VPOS="1792" WIDTH="173" HEIGHT="38" WC="0.96" CONTENT="Styrelsen"/><SP WIDTH="21" VPOS="1792" HPOS="1414"/>
							<String ID="string_372" HPOS="1435" VPOS="1792" WIDTH="37" HEIGHT="28" WC="0.96" CONTENT="är"/><SP WIDTH="20" VPOS="1792" HPOS="1472"/>
							<String ID="string_373" HPOS="1492" VPOS="1791" WIDTH="89" HEIGHT="29" WC="0.96" CONTENT="dock"/><SP WIDTH="23" VPOS="1791" HPOS="1581"/>
							<String ID="string_374" HPOS="1604" VPOS="1790" WIDTH="169" HEIGHT="30" WC="0.95" CONTENT="tveksam,"/>
						</TextLine>
						<TextLine ID="line_38" HPOS="273" VPOS="1832" WIDTH="1500" HEIGHT="40">
							<String ID="string_375" HPOS="273" VPOS="1836" WIDTH="172" HEIGHT="30" WC="0.95" CONTENT="huruvida"/><SP WIDTH="22" VPOS="1836" HPOS="445"/>
							<String ID="string_376" HPOS="467" VPOS="1836" WIDTH="40" HEIGHT="29" WC="0.95" CONTENT="de"/><SP WIDTH="24" VPOS="1836" HPOS="507"/>
							<String ID="string_377" HPOS="531" VPOS="1836" WIDTH="85" HEIGHT="33" WC="0.96" CONTENT="skäl,"/><SP WIDTH="25" VPOS="1836" HPOS="616"/>
							<String ID="string_378" HPOS="641" VPOS="1845" WIDTH="75" HEIGHT="19" WC="0.96" CONTENT="som"/><SP WIDTH="23" VPOS="1845" HPOS="716"/>
							<String ID="string_379" HPOS="739" VPOS="1836" WIDTH="259" HEIGHT="28" WC="0.96" CONTENT="motionärerna"/><SP WIDTH="22" VPOS="1836" HPOS="998"/>
							<String ID="string_380" HPOS="1020" VPOS="1834" WIDTH="116" HEIGHT="30" WC="0.96" CONTENT="anfört"/><SP WIDTH="23" VPOS="1834" HPOS="1136"/>
							<String ID="string_381" HPOS="1159" VPOS="1834" WIDTH="54" HEIGHT="29" WC="0.96" CONTENT="för"/><SP WIDTH="23" VPOS="1834" HPOS="1213"/>
							<String ID="string_382" HPOS="1236" VPOS="1833" WIDTH="147" HEIGHT="39" WC="0.96" CONTENT="ändring"/><SP WIDTH="25" VPOS="1833" HPOS="1383"/>
							<String ID="string_383" HPOS="1408" VPOS="1842" WIDTH="41" HEIGHT="20" WC="0.96" CONTENT="av"/><SP WIDTH="23" VPOS="1842" HPOS="1449"/>
							<String ID="string_384" HPOS="1472" VPOS="1832" WIDTH="98" HEIGHT="39" WC="0.96" CONTENT="lagen"/><SP WIDTH="23" VPOS="1832" HPOS="1570"/>
							<String ID="string_385" HPOS="1593" VPOS="1832" WIDTH="44" HEIGHT="39" WC="0.96" CONTENT="på"/><SP WIDTH="22" VPOS="1832" HPOS="1637"/>
							<String ID="string_386" HPOS="1659" VPOS="1833" WIDTH="114" HEIGHT="28" WC="0.96" CONTENT="denna"/>
						</TextLine>
						<TextLine ID="line_39" HPOS="273" VPOS="1874" WIDTH="1501" HEIGHT="44">
							<String ID="string_387" HPOS="273" VPOS="1879" WIDTH="122" HEIGHT="39" WC="0.96" CONTENT="punkt,"/><SP WIDTH="28" VPOS="1879" HPOS="395"/>
							<String ID="string_388" HPOS="423" VPOS="1879" WIDTH="120" HEIGHT="28" WC="0.95" CONTENT="kunna"/><SP WIDTH="26" VPOS="1879" HPOS="543"/>
							<String ID="string_389" HPOS="569" VPOS="1887" WIDTH="102" HEIGHT="20" WC="0.96" CONTENT="anses"/><SP WIDTH="32" VPOS="1887" HPOS="671"/>
							<String ID="string_390" HPOS="703" VPOS="1877" WIDTH="216" HEIGHT="38" WC="0.96" CONTENT="tillräckliga."/><SP WIDTH="29" VPOS="1877" HPOS="919"/>
							<String ID="string_391" HPOS="948" VPOS="1877" WIDTH="79" HEIGHT="29" WC="0.95" CONTENT="Som"/><SP WIDTH="29" VPOS="1877" HPOS="1027"/>
							<String ID="string_392" HPOS="1056" VPOS="1877" WIDTH="259" HEIGHT="28" WC="0.96" CONTENT="motionärerna"/><SP WIDTH="26" VPOS="1877" HPOS="1315"/>
							<String ID="string_393" HPOS="1341" VPOS="1875" WIDTH="195" HEIGHT="29" WC="0.96" CONTENT="framhållit"/><SP WIDTH="27" VPOS="1875" HPOS="1536"/>
							<String ID="string_394" HPOS="1563" VPOS="1875" WIDTH="63" HEIGHT="28" WC="0.96" CONTENT="har"/><SP WIDTH="29" VPOS="1875" HPOS="1626"/>
							<String ID="string_395" HPOS="1655" VPOS="1883" WIDTH="81" HEIGHT="20" WC="0.96" CONTENT="man"/><SP WIDTH="28" VPOS="1883" HPOS="1736"/>
							<String ID="string_396" HPOS="1764" VPOS="1874" WIDTH="10" HEIGHT="28" WC="0.96" CONTENT="i"/>
						</TextLine>
						<TextLine ID="line_40" HPOS="272" VPOS="1916" WIDTH="1501" HEIGHT="44">
							<String ID="string_397" HPOS="272" VPOS="1921" WIDTH="186" HEIGHT="39" WC="0.96" CONTENT="praktiken"/><SP WIDTH="31" VPOS="1921" HPOS="458"/>
							<String ID="string_398" HPOS="489" VPOS="1922" WIDTH="85" HEIGHT="28" WC="0.96" CONTENT="även"/><SP WIDTH="30" VPOS="1922" HPOS="574"/>
							<String ID="string_399" HPOS="604" VPOS="1920" WIDTH="95" HEIGHT="29" WC="0.96" CONTENT="inom"/><SP WIDTH="32" VPOS="1920" HPOS="699"/>
							<String ID="string_400" HPOS="731" VPOS="1929" WIDTH="118" HEIGHT="19" WC="0.95" CONTENT="ramen"/><SP WIDTH="31" VPOS="1929" HPOS="849"/>
							<String ID="string_401" HPOS="880" VPOS="1919" WIDTH="53" HEIGHT="29" WC="0.96" CONTENT="för"/><SP WIDTH="33" VPOS="1919" HPOS="933"/>
							<String ID="string_402" HPOS="966" VPOS="1919" WIDTH="66" HEIGHT="29" WC="0.96" CONTENT="den"/><SP WIDTH="31" VPOS="1919" HPOS="1032"/>
							<String ID="string_403" HPOS="1063" VPOS="1918" WIDTH="201" HEIGHT="29" WC="0.93" CONTENT="nuvarande"/><SP WIDTH="31" VPOS="1918" HPOS="1264"/>
							<String ID="string_404" HPOS="1295" VPOS="1916" WIDTH="478" HEIGHT="40" WC="0.91" CONTENT="skogsvårdslagstiftningen"/>
						</TextLine>
						<TextLine ID="line_41" HPOS="272" VPOS="1958" WIDTH="1502" HEIGHT="42">
							<String ID="string_405" HPOS="272" VPOS="1964" WIDTH="136" HEIGHT="28" WC="0.96" CONTENT="kunnat"/><SP WIDTH="18" VPOS="1964" HPOS="408"/>
							<String ID="string_406" HPOS="426" VPOS="1963" WIDTH="140" HEIGHT="28" WC="0.95" CONTENT="komma"/><SP WIDTH="18" VPOS="1963" HPOS="566"/>
							<String ID="string_407" HPOS="584" VPOS="1961" WIDTH="52" HEIGHT="30" WC="0.95" CONTENT="till"/><SP WIDTH="17" VPOS="1961" HPOS="636"/>
							<String ID="string_408" HPOS="653" VPOS="1963" WIDTH="91" HEIGHT="28" WC="0.96" CONTENT="rätta"/><SP WIDTH="19" VPOS="1963" HPOS="744"/>
							<String ID="string_409" HPOS="763" VPOS="1962" WIDTH="75" HEIGHT="28" WC="0.96" CONTENT="med"/><SP WIDTH="20" VPOS="1962" HPOS="838"/>
							<String ID="string_410" HPOS="858" VPOS="1962" WIDTH="40" HEIGHT="28" WC="0.96" CONTENT="de"/><SP WIDTH="19" VPOS="1962" HPOS="898"/>
							<String ID="string_411" HPOS="917" VPOS="1960" WIDTH="166" HEIGHT="40" WC="0.96" CONTENT="problem,"/><SP WIDTH="20" VPOS="1960" HPOS="1083"/>
							<String ID="string_412" HPOS="1103" VPOS="1970" WIDTH="74" HEIGHT="19" WC="0.96" CONTENT="som"/><SP WIDTH="19" VPOS="1970" HPOS="1177"/>
							<String ID="string_413" HPOS="1196" VPOS="1961" WIDTH="121" HEIGHT="28" WC="0.96" CONTENT="kunna"/><SP WIDTH="18" VPOS="1961" HPOS="1317"/>
							<String ID="string_414" HPOS="1335" VPOS="1959" WIDTH="137" HEIGHT="40" WC="0.95" CONTENT="uppstå,"/><SP WIDTH="19" VPOS="1959" HPOS="1472"/>
							<String ID="string_415" HPOS="1491" VPOS="1959" WIDTH="43" HEIGHT="29" WC="0.96" CONTENT="då"/><SP WIDTH="19" VPOS="1959" HPOS="1534"/>
							<String ID="string_416" HPOS="1553" VPOS="1968" WIDTH="80" HEIGHT="19" WC="0.96" CONTENT="man"/><SP WIDTH="19" VPOS="1968" HPOS="1633"/>
							<String ID="string_417" HPOS="1652" VPOS="1958" WIDTH="54" HEIGHT="29" WC="0.96" CONTENT="för"/><SP WIDTH="18" VPOS="1958" HPOS="1706"/>
							<String ID="string_418" HPOS="1724" VPOS="1959" WIDTH="50" HEIGHT="28" WC="0.96" CONTENT="att"/>
						</TextLine>
						<TextLine ID="line_42" HPOS="272" VPOS="2000" WIDTH="1502" HEIGHT="42">
							<String ID="string_419" HPOS="272" VPOS="2006" WIDTH="96" HEIGHT="36" WC="0.96" CONTENT="lägga"/><SP WIDTH="17" VPOS="2006" HPOS="368"/>
							<String ID="string_420" HPOS="385" VPOS="2014" WIDTH="41" HEIGHT="20" WC="0.93" CONTENT="ur"/><SP WIDTH="20" VPOS="2014" HPOS="426"/>
							<String ID="string_421" HPOS="446" VPOS="2004" WIDTH="301" HEIGHT="37" WC="0.92" CONTENT="föryngringsytor"/><SP WIDTH="20" VPOS="2004" HPOS="747"/>
							<String ID="string_422" HPOS="767" VPOS="2013" WIDTH="40" HEIGHT="19" WC="0.96" CONTENT="av"/><SP WIDTH="14" VPOS="2013" HPOS="807"/>
							<String ID="string_423" HPOS="821" VPOS="2002" WIDTH="139" HEIGHT="38" WC="0.96" CONTENT="lämplig"/><SP WIDTH="14" VPOS="2002" HPOS="960"/>
							<String ID="string_424" HPOS="974" VPOS="2003" WIDTH="127" HEIGHT="29" WC="0.96" CONTENT="storlek"/><SP WIDTH="12" VPOS="2003" HPOS="1101"/>
							<String ID="string_425" HPOS="1113" VPOS="2003" WIDTH="86" HEIGHT="28" WC="0.96" CONTENT="även"/><SP WIDTH="13" VPOS="2003" HPOS="1199"/>
							<String ID="string_426" HPOS="1212" VPOS="2002" WIDTH="67" HEIGHT="29" WC="0.96" CONTENT="kan"/><SP WIDTH="12" VPOS="2002" HPOS="1279"/>
							<String ID="string_427" HPOS="1291" VPOS="2001" WIDTH="84" HEIGHT="36" WC="0.96" CONTENT="vilja"/><SP WIDTH="12" VPOS="2001" HPOS="1375"/>
							<String ID="string_428" HPOS="1387" VPOS="2002" WIDTH="78" HEIGHT="28" WC="0.96" CONTENT="röra"/><SP WIDTH="14" VPOS="2002" HPOS="1465"/>
							<String ID="string_429" HPOS="1479" VPOS="2002" WIDTH="128" HEIGHT="28" WC="0.95" CONTENT="smärre"/><SP WIDTH="13" VPOS="2002" HPOS="1607"/>
							<String ID="string_430" HPOS="1620" VPOS="2000" WIDTH="154" HEIGHT="32" WC="0.95" CONTENT="bestånd,"/>
						</TextLine>
						<TextLine ID="line_43" HPOS="273" VPOS="2043" WIDTH="1499" HEIGHT="41">
							<String ID="string_431" HPOS="273" VPOS="2056" WIDTH="75" HEIGHT="20" WC="0.96" CONTENT="som"/><SP WIDTH="21" VPOS="2056" HPOS="348"/>
							<String ID="string_432" HPOS="369" VPOS="2046" WIDTH="177" HEIGHT="30" WC="0.92" CONTENT="innehålla"/><SP WIDTH="22" VPOS="2046" HPOS="546"/>
							<String ID="string_433" HPOS="568" VPOS="2046" WIDTH="283" HEIGHT="38" WC="0.92" CONTENT="utvecklingsbar"/><SP WIDTH="23" VPOS="2046" HPOS="851"/>
							<String ID="string_434" HPOS="874" VPOS="2046" WIDTH="95" HEIGHT="38" WC="0.96" CONTENT="skog."/><SP WIDTH="24" VPOS="2046" HPOS="969"/>
							<String ID="string_435" HPOS="993" VPOS="2045" WIDTH="124" HEIGHT="29" WC="0.95" CONTENT="Härtill"/><SP WIDTH="25" VPOS="2045" HPOS="1117"/>
							<String ID="string_436" HPOS="1142" VPOS="2045" WIDTH="168" HEIGHT="32" WC="0.96" CONTENT="kommer,"/><SP WIDTH="24" VPOS="2045" HPOS="1310"/>
							<String ID="string_437" HPOS="1334" VPOS="2045" WIDTH="48" HEIGHT="28" WC="0.96" CONTENT="att"/><SP WIDTH="24" VPOS="2045" HPOS="1382"/>
							<String ID="string_438" HPOS="1406" VPOS="2052" WIDTH="42" HEIGHT="20" WC="0.95" CONTENT="en"/><SP WIDTH="23" VPOS="2052" HPOS="1448"/>
							<String ID="string_439" HPOS="1471" VPOS="2043" WIDTH="148" HEIGHT="38" WC="0.96" CONTENT="ändring"/><SP WIDTH="23" VPOS="2043" HPOS="1619"/>
							<String ID="string_440" HPOS="1642" VPOS="2052" WIDTH="42" HEIGHT="20" WC="0.96" CONTENT="av"/><SP WIDTH="23" VPOS="2052" HPOS="1684"/>
							<String ID="string_441" HPOS="1707" VPOS="2043" WIDTH="65" HEIGHT="29" WC="0.96" CONTENT="den"/>
						</TextLine>
						<TextLine ID="line_44" HPOS="273" VPOS="2084" WIDTH="1501" HEIGHT="39">
							<String ID="string_442" HPOS="273" VPOS="2089" WIDTH="178" HEIGHT="33" WC="0.95" CONTENT="innebörd,"/><SP WIDTH="29" VPOS="2089" HPOS="451"/>
							<String ID="string_443" HPOS="480" VPOS="2098" WIDTH="73" HEIGHT="20" WC="0.96" CONTENT="som"/><SP WIDTH="29" VPOS="2098" HPOS="553"/>
							<String ID="string_444" HPOS="582" VPOS="2088" WIDTH="256" HEIGHT="29" WC="0.95" CONTENT="motionärerna"/><SP WIDTH="30" VPOS="2088" HPOS="838"/>
							<String ID="string_445" HPOS="868" VPOS="2088" WIDTH="121" HEIGHT="35" WC="0.96" CONTENT="antytt,"/><SP WIDTH="30" VPOS="2088" HPOS="989"/>
							<String ID="string_446" HPOS="1019" VPOS="2097" WIDTH="55" HEIGHT="19" WC="0.95" CONTENT="om"/><SP WIDTH="30" VPOS="2097" HPOS="1074"/>
							<String ID="string_447" HPOS="1104" VPOS="2087" WIDTH="64" HEIGHT="29" WC="0.95" CONTENT="den"/><SP WIDTH="30" VPOS="2087" HPOS="1168"/>
							<String ID="string_448" HPOS="1198" VPOS="2087" WIDTH="110" HEIGHT="28" WC="0.96" CONTENT="skulle"/><SP WIDTH="31" VPOS="2087" HPOS="1308"/>
							<String ID="string_449" HPOS="1339" VPOS="2085" WIDTH="34" HEIGHT="29" WC="0.96" CONTENT="få"/><SP WIDTH="30" VPOS="2085" HPOS="1373"/>
							<String ID="string_450" HPOS="1403" VPOS="2086" WIDTH="112" HEIGHT="36" WC="0.96" CONTENT="någon"/><SP WIDTH="30" VPOS="2086" HPOS="1515"/>
							<String ID="string_451" HPOS="1545" VPOS="2086" WIDTH="80" HEIGHT="29" WC="0.96" CONTENT="reell"/><SP WIDTH="30" VPOS="2086" HPOS="1625"/>
							<String ID="string_452" HPOS="1655" VPOS="2084" WIDTH="119" HEIGHT="33" WC="0.95" CONTENT="effekt,"/>
						</TextLine>
						<TextLine ID="line_45" HPOS="274" VPOS="2127" WIDTH="1501" HEIGHT="40">
							<String ID="string_453" HPOS="274" VPOS="2132" WIDTH="110" HEIGHT="29" WC="0.96" CONTENT="skulle"/><SP WIDTH="28" VPOS="2132" HPOS="384"/>
							<String ID="string_454" HPOS="412" VPOS="2131" WIDTH="124" HEIGHT="36" WC="0.96" CONTENT="betyda"/><SP WIDTH="29" VPOS="2131" HPOS="536"/>
							<String ID="string_455" HPOS="565" VPOS="2140" WIDTH="41" HEIGHT="20" WC="0.96" CONTENT="en"/><SP WIDTH="28" VPOS="2140" HPOS="606"/>
							<String ID="string_456" HPOS="634" VPOS="2131" WIDTH="136" HEIGHT="36" WC="0.95" CONTENT="mycket"/><SP WIDTH="28" VPOS="2131" HPOS="770"/>
							<String ID="string_457" HPOS="798" VPOS="2129" WIDTH="128" HEIGHT="37" WC="0.96" CONTENT="kraftig"/><SP WIDTH="28" VPOS="2129" HPOS="926"/>
							<String ID="string_458" HPOS="954" VPOS="2130" WIDTH="128" HEIGHT="36" WC="0.96" CONTENT="ökning"/><SP WIDTH="28" VPOS="2130" HPOS="1082"/>
							<String ID="string_459" HPOS="1110" VPOS="2139" WIDTH="42" HEIGHT="19" WC="0.93" CONTENT="av"/><SP WIDTH="30" VPOS="2139" HPOS="1152"/>
							<String ID="string_460" HPOS="1182" VPOS="2128" WIDTH="435" HEIGHT="37" WC="0.91" CONTENT="skogsvårdsstyrelsernas"/><SP WIDTH="30" VPOS="2128" HPOS="1617"/>
							<String ID="string_461" HPOS="1647" VPOS="2127" WIDTH="128" HEIGHT="29" WC="0.90" CONTENT="arbets-"/>
						</TextLine>
						<TextLine ID="line_46" HPOS="272" VPOS="2169" WIDTH="1504" HEIGHT="40">
							<String ID="string_462" HPOS="272" VPOS="2174" WIDTH="108" HEIGHT="29" WC="0.96" CONTENT="börda"/><SP WIDTH="21" VPOS="2174" HPOS="380"/>
							<String ID="string_463" HPOS="401" VPOS="2174" WIDTH="64" HEIGHT="28" WC="0.96" CONTENT="och"/><SP WIDTH="20" VPOS="2174" HPOS="465"/>
							<String ID="string_464" HPOS="485" VPOS="2174" WIDTH="180" HEIGHT="29" WC="0.96" CONTENT="dessutom"/><SP WIDTH="21" VPOS="2174" HPOS="665"/>
							<String ID="string_465" HPOS="686" VPOS="2172" WIDTH="157" HEIGHT="29" WC="0.96" CONTENT="medföra"/><SP WIDTH="22" VPOS="2172" HPOS="843"/>
							<String ID="string_466" HPOS="865" VPOS="2181" WIDTH="41" HEIGHT="20" WC="0.96" CONTENT="en"/><SP WIDTH="23" VPOS="2181" HPOS="906"/>
							<String ID="string_467" HPOS="929" VPOS="2171" WIDTH="204" HEIGHT="38" WC="0.96" CONTENT="utvidgning"/><SP WIDTH="23" VPOS="2171" HPOS="1133"/>
							<String ID="string_468" HPOS="1156" VPOS="2180" WIDTH="40" HEIGHT="20" WC="0.93" CONTENT="av"/><SP WIDTH="23" VPOS="2180" HPOS="1196"/>
							<String ID="string_469" HPOS="1219" VPOS="2169" WIDTH="440" HEIGHT="40" WC="0.91" CONTENT="skogsvårdsstyrelsernas"/><SP WIDTH="23" VPOS="2169" HPOS="1659"/>
							<String ID="string_470" HPOS="1682" VPOS="2169" WIDTH="94" HEIGHT="29" WC="0.92" CONTENT="befo-"/>
						</TextLine>
						<TextLine ID="line_47" HPOS="273" VPOS="2212" WIDTH="1502" HEIGHT="42">
							<String ID="string_471" HPOS="273" VPOS="2216" WIDTH="163" HEIGHT="38" WC="0.92" CONTENT="genheter"/><SP WIDTH="18" VPOS="2216" HPOS="436"/>
							<String ID="string_472" HPOS="454" VPOS="2217" WIDTH="49" HEIGHT="28" WC="0.96" CONTENT="att"/><SP WIDTH="16" VPOS="2217" HPOS="503"/>
							<String ID="string_473" HPOS="519" VPOS="2215" WIDTH="135" HEIGHT="39" WC="0.96" CONTENT="ingripa"/><SP WIDTH="19" VPOS="2215" HPOS="654"/>
							<String ID="string_474" HPOS="673" VPOS="2214" WIDTH="9" HEIGHT="29" WC="0.96" CONTENT="i"/><SP WIDTH="20" VPOS="2214" HPOS="682"/>
							<String ID="string_475" HPOS="702" VPOS="2215" WIDTH="66" HEIGHT="28" WC="0.96" CONTENT="den"/><SP WIDTH="18" VPOS="2215" HPOS="768"/>
							<String ID="string_476" HPOS="786" VPOS="2214" WIDTH="155" HEIGHT="29" WC="0.93" CONTENT="enskilde"/><SP WIDTH="20" VPOS="2214" HPOS="941"/>
							<String ID="string_477" HPOS="961" VPOS="2214" WIDTH="252" HEIGHT="38" WC="0.92" CONTENT="skogsägarens"/><SP WIDTH="18" VPOS="2214" HPOS="1213"/>
							<String ID="string_478" HPOS="1231" VPOS="2212" WIDTH="256" HEIGHT="39" WC="0.95" CONTENT="dispositioner,"/><SP WIDTH="21" VPOS="2212" HPOS="1487"/>
							<String ID="string_479" HPOS="1508" VPOS="2221" WIDTH="73" HEIGHT="19" WC="0.96" CONTENT="som"/><SP WIDTH="18" VPOS="2221" HPOS="1581"/>
							<String ID="string_480" HPOS="1599" VPOS="2212" WIDTH="176" HEIGHT="38" WC="0.96" CONTENT="knappast"/>
						</TextLine>
						<TextLine ID="line_48" HPOS="273" VPOS="2254" WIDTH="1502" HEIGHT="43">
							<String ID="string_481" HPOS="273" VPOS="2259" WIDTH="69" HEIGHT="28" WC="0.96" CONTENT="kan"/><SP WIDTH="26" VPOS="2259" HPOS="342"/>
							<String ID="string_482" HPOS="368" VPOS="2267" WIDTH="101" HEIGHT="20" WC="0.95" CONTENT="anses"/><SP WIDTH="27" VPOS="2267" HPOS="469"/>
							<String ID="string_483" HPOS="496" VPOS="2256" WIDTH="174" HEIGHT="41" WC="0.95" CONTENT="påkallad."/><SP WIDTH="30" VPOS="2256" HPOS="670"/>
							<String ID="string_484" HPOS="700" VPOS="2257" WIDTH="151" HEIGHT="39" WC="0.96" CONTENT="Skyddet"/><SP WIDTH="27" VPOS="2257" HPOS="851"/>
							<String ID="string_485" HPOS="878" VPOS="2257" WIDTH="72" HEIGHT="27" WC="0.96" CONTENT="mot"/><SP WIDTH="26" VPOS="2257" HPOS="950"/>
							<String ID="string_486" HPOS="976" VPOS="2256" WIDTH="53" HEIGHT="29" WC="0.96" CONTENT="för"/><SP WIDTH="26" VPOS="2256" HPOS="1029"/>
							<String ID="string_487" HPOS="1055" VPOS="2255" WIDTH="84" HEIGHT="38" WC="0.96" CONTENT="tidig"/><SP WIDTH="27" VPOS="2255" HPOS="1139"/>
							<String ID="string_488" HPOS="1166" VPOS="2254" WIDTH="213" HEIGHT="39" WC="0.96" CONTENT="avverkning"/><SP WIDTH="28" VPOS="2254" HPOS="1379"/>
							<String ID="string_489" HPOS="1407" VPOS="2264" WIDTH="41" HEIGHT="19" WC="0.96" CONTENT="av"/><SP WIDTH="25" VPOS="2264" HPOS="1448"/>
							<String ID="string_490" HPOS="1473" VPOS="2254" WIDTH="108" HEIGHT="29" WC="0.92" CONTENT="sådan"/><SP WIDTH="27" VPOS="2254" HPOS="1581"/>
							<String ID="string_491" HPOS="1608" VPOS="2254" WIDTH="167" HEIGHT="39" WC="0.90" CONTENT="produce-"/>
						</TextLine>
						<TextLine ID="line_49" HPOS="274" VPOS="2296" WIDTH="1501" HEIGHT="42">
							<String ID="string_492" HPOS="274" VPOS="2301" WIDTH="106" HEIGHT="28" WC="0.96" CONTENT="rande"/><SP WIDTH="28" VPOS="2301" HPOS="380"/>
							<String ID="string_493" HPOS="408" VPOS="2308" WIDTH="69" HEIGHT="30" WC="0.96" CONTENT="ung"/><SP WIDTH="27" VPOS="2308" HPOS="477"/>
							<String ID="string_494" HPOS="504" VPOS="2299" WIDTH="64" HEIGHT="30" WC="0.96" CONTENT="och"/><SP WIDTH="26" VPOS="2299" HPOS="568"/>
							<String ID="string_495" HPOS="594" VPOS="2299" WIDTH="230" HEIGHT="29" WC="0.96" CONTENT="medelålders"/><SP WIDTH="29" VPOS="2299" HPOS="824"/>
							<String ID="string_496" HPOS="853" VPOS="2298" WIDTH="84" HEIGHT="38" WC="0.96" CONTENT="skog"/><SP WIDTH="29" VPOS="2298" HPOS="937"/>
							<String ID="string_497" HPOS="966" VPOS="2307" WIDTH="73" HEIGHT="20" WC="0.96" CONTENT="som"/><SP WIDTH="29" VPOS="2307" HPOS="1039"/>
							<String ID="string_498" HPOS="1068" VPOS="2298" WIDTH="8" HEIGHT="28" WC="0.96" CONTENT="i"/><SP WIDTH="29" VPOS="2298" HPOS="1076"/>
							<String ID="string_499" HPOS="1105" VPOS="2297" WIDTH="202" HEIGHT="29" WC="0.95" CONTENT="nuvarande"/><SP WIDTH="29" VPOS="2297" HPOS="1307"/>
							<String ID="string_500" HPOS="1336" VPOS="2297" WIDTH="53" HEIGHT="38" WC="0.96" CONTENT="lag"/><SP WIDTH="27" VPOS="2297" HPOS="1389"/>
							<String ID="string_501" HPOS="1416" VPOS="2296" WIDTH="189" HEIGHT="29" WC="0.93" CONTENT="benämnes"/><SP WIDTH="30" VPOS="2296" HPOS="1605"/>
							<String ID="string_502" HPOS="1635" VPOS="2296" WIDTH="140" HEIGHT="28" WC="0.89" CONTENT="utveck-"/>
						</TextLine>
						<TextLine ID="line_50" HPOS="276" VPOS="2338" WIDTH="1071" HEIGHT="42">
							<String ID="string_503" HPOS="276" VPOS="2343" WIDTH="152" HEIGHT="37" WC="0.91" CONTENT="lingsbar"/><SP WIDTH="23" VPOS="2343" HPOS="428"/>
							<String ID="string_504" HPOS="451" VPOS="2343" WIDTH="84" HEIGHT="37" WC="0.96" CONTENT="skog"/><SP WIDTH="21" VPOS="2343" HPOS="535"/>
							<String ID="string_505" HPOS="556" VPOS="2341" WIDTH="61" HEIGHT="29" WC="0.96" CONTENT="bör"/><SP WIDTH="24" VPOS="2341" HPOS="617"/>
							<String ID="string_506" HPOS="641" VPOS="2341" WIDTH="106" HEIGHT="38" WC="0.96" CONTENT="enligt"/><SP WIDTH="26" VPOS="2341" HPOS="747"/>
							<String ID="string_507" HPOS="773" VPOS="2340" WIDTH="187" HEIGHT="39" WC="0.96" CONTENT="styrelsens"/><SP WIDTH="24" VPOS="2340" HPOS="960"/>
							<String ID="string_508" HPOS="984" VPOS="2340" WIDTH="139" HEIGHT="38" WC="0.96" CONTENT="mening"/><SP WIDTH="22" VPOS="2340" HPOS="1123"/>
							<String ID="string_509" HPOS="1145" VPOS="2338" WIDTH="202" HEIGHT="29" WC="0.96" CONTENT="bibehållas."/>
						</TextLine>
					</TextBlock>
					<TextBlock ID="block_7" HPOS="274" VPOS="2380" WIDTH="1503" HEIGHT="126">
						<TextLine ID="line_51" HPOS="317" VPOS="2380" WIDTH="1458" HEIGHT="34">
							<String ID="string_510" HPOS="317" VPOS="2385" WIDTH="135" HEIGHT="29" WC="0.91" CONTENT="Jämväl"/><SP WIDTH="17" VPOS="2385" HPOS="452"/>
							<String ID="string_511" HPOS="469" VPOS="2384" WIDTH="64" HEIGHT="29" WC="0.96" CONTENT="vad"/><SP WIDTH="17" VPOS="2384" HPOS="533"/>
							<String ID="string_512" HPOS="550" VPOS="2383" WIDTH="260" HEIGHT="30" WC="0.96" CONTENT="motionärerna"/><SP WIDTH="19" VPOS="2383" HPOS="810"/>
							<String ID="string_513" HPOS="829" VPOS="2382" WIDTH="117" HEIGHT="30" WC="0.95" CONTENT="anfört"/><SP WIDTH="16" VPOS="2382" HPOS="946"/>
							<String ID="string_514" HPOS="962" VPOS="2391" WIDTH="57" HEIGHT="20" WC="0.96" CONTENT="om"/><SP WIDTH="16" VPOS="2391" HPOS="1019"/>
							<String ID="string_515" HPOS="1035" VPOS="2383" WIDTH="49" HEIGHT="27" WC="0.96" CONTENT="att"/><SP WIDTH="17" VPOS="2383" HPOS="1084"/>
							<String ID="string_516" HPOS="1101" VPOS="2382" WIDTH="56" HEIGHT="28" WC="0.96" CONTENT="det"/><SP WIDTH="18" VPOS="2382" HPOS="1157"/>
							<String ID="string_517" HPOS="1175" VPOS="2380" WIDTH="277" HEIGHT="30" WC="0.96" CONTENT="understundom"/><SP WIDTH="19" VPOS="2380" HPOS="1452"/>
							<String ID="string_518" HPOS="1471" VPOS="2381" WIDTH="68" HEIGHT="28" WC="0.96" CONTENT="kan"/><SP WIDTH="18" VPOS="2381" HPOS="1539"/>
							<String ID="string_519" HPOS="1557" VPOS="2381" WIDTH="218" HEIGHT="28" WC="0.95" CONTENT="förekomma"/>
						</TextLine>
						<TextLine ID="line_52" HPOS="274" VPOS="2422" WIDTH="1503" HEIGHT="43">
							<String ID="string_520" HPOS="274" VPOS="2429" WIDTH="50" HEIGHT="27" WC="0.95" CONTENT="att"/><SP WIDTH="20" VPOS="2429" HPOS="324"/>
							<String ID="string_521" HPOS="344" VPOS="2427" WIDTH="84" HEIGHT="38" WC="0.93" CONTENT="skog"/><SP WIDTH="20" VPOS="2427" HPOS="428"/>
							<String ID="string_522" HPOS="448" VPOS="2425" WIDTH="193" HEIGHT="31" WC="0.89" CONTENT="överhålles"/><SP WIDTH="22" VPOS="2425" HPOS="641"/>
							<String ID="string_523" HPOS="663" VPOS="2426" WIDTH="118" HEIGHT="37" WC="0.96" CONTENT="längre"/><SP WIDTH="21" VPOS="2426" HPOS="781"/>
							<String ID="string_524" HPOS="802" VPOS="2427" WIDTH="43" HEIGHT="27" WC="0.96" CONTENT="än"/><SP WIDTH="22" VPOS="2427" HPOS="845"/>
							<String ID="string_525" HPOS="867" VPOS="2433" WIDTH="75" HEIGHT="21" WC="0.96" CONTENT="som"/><SP WIDTH="20" VPOS="2433" HPOS="942"/>
							<String ID="string_526" HPOS="962" VPOS="2433" WIDTH="41" HEIGHT="20" WC="0.96" CONTENT="ur"/><SP WIDTH="21" VPOS="2433" HPOS="1003"/>
							<String ID="string_527" HPOS="1024" VPOS="2423" WIDTH="206" HEIGHT="29" WC="0.96" CONTENT="ekonomisk"/><SP WIDTH="25" VPOS="2423" HPOS="1230"/>
							<String ID="string_528" HPOS="1255" VPOS="2423" WIDTH="179" HEIGHT="38" WC="0.96" CONTENT="synpunkt"/><SP WIDTH="20" VPOS="2423" HPOS="1434"/>
							<String ID="string_529" HPOS="1454" VPOS="2423" WIDTH="68" HEIGHT="29" WC="0.95" CONTENT="kan"/><SP WIDTH="23" VPOS="2423" HPOS="1522"/>
							<String ID="string_530" HPOS="1545" VPOS="2432" WIDTH="101" HEIGHT="19" WC="0.93" CONTENT="anses"/><SP WIDTH="22" VPOS="2432" HPOS="1646"/>
							<String ID="string_531" HPOS="1668" VPOS="2422" WIDTH="109" HEIGHT="38" WC="0.89" CONTENT="lämp-"/>
						</TextLine>
						<TextLine ID="line_53" HPOS="277" VPOS="2464" WIDTH="1499" HEIGHT="42">
							<String ID="string_532" HPOS="277" VPOS="2469" WIDTH="56" HEIGHT="37" WC="0.96" CONTENT="ligt"/><SP WIDTH="19" VPOS="2469" HPOS="333"/>
							<String ID="string_533" HPOS="352" VPOS="2469" WIDTH="94" HEIGHT="29" WC="0.96" CONTENT="torde"/><SP WIDTH="18" VPOS="2469" HPOS="446"/>
							<String ID="string_534" HPOS="464" VPOS="2469" WIDTH="169" HEIGHT="36" WC="0.96" CONTENT="knappast"/><SP WIDTH="18" VPOS="2469" HPOS="633"/>
							<String ID="string_535" HPOS="651" VPOS="2468" WIDTH="120" HEIGHT="28" WC="0.96" CONTENT="kunna"/><SP WIDTH="19" VPOS="2468" HPOS="771"/>
							<String ID="string_536" HPOS="790" VPOS="2475" WIDTH="99" HEIGHT="21" WC="0.95" CONTENT="anses"/><SP WIDTH="19" VPOS="2475" HPOS="889"/>
							<String ID="string_537" HPOS="908" VPOS="2467" WIDTH="120" HEIGHT="36" WC="0.96" CONTENT="utgöra"/><SP WIDTH="19" VPOS="2467" HPOS="1028"/>
							<String ID="string_538" HPOS="1047" VPOS="2465" WIDTH="101" HEIGHT="37" WC="0.96" CONTENT="något"/><SP WIDTH="22" VPOS="2465" HPOS="1148"/>
							<String ID="string_539" HPOS="1170" VPOS="2474" WIDTH="91" HEIGHT="20" WC="0.96" CONTENT="mera"/><SP WIDTH="22" VPOS="2474" HPOS="1261"/>
							<String ID="string_540" HPOS="1283" VPOS="2466" WIDTH="95" HEIGHT="35" WC="0.96" CONTENT="tungt"/><SP WIDTH="32" VPOS="2466" HPOS="1378"/>
							<String ID="string_541" HPOS="1410" VPOS="2465" WIDTH="138" HEIGHT="37" WC="0.95" CONTENT="vägande"/><SP WIDTH="20" VPOS="2465" HPOS="1548"/>
							<String ID="string_542" HPOS="1568" VPOS="2465" WIDTH="74" HEIGHT="28" WC="0.96" CONTENT="skäl"/><SP WIDTH="21" VPOS="2465" HPOS="1642"/>
							<String ID="string_543" HPOS="1663" VPOS="2464" WIDTH="53" HEIGHT="28" WC="0.96" CONTENT="för"/><SP WIDTH="18" VPOS="2464" HPOS="1716"/>
							<String ID="string_544" HPOS="1734" VPOS="2472" WIDTH="42" HEIGHT="20" WC="0.96" CONTENT="en"/>
						</TextLine>
					</TextBlock>
				</ComposedBlock>
			</PrintSpace>
		</Page>
	</Layout>
</alto>
