1866 2786
471 180 407 36 Bevillningsutskottets
904 180 219 30 betänkande
1148 189 43 20 nr
1214 181 53 29 56.
1597 182 9 28 1

786 539 62 39 Nr
877 540 77 39 56.

340 647 405 36 Bevillningsutskottets
773 648 219 30 betänkande
1021 648 10 28 i
1057 647 188 36 anledning
1271 656 42 21 av
1337 647 127 35 Kungl.
1489 646 125 36 Maj:ts

517 701 216 37 proposition
759 702 78 29 med
859 701 133 37 förslag
1017 700 51 30 till
1092 700 54 36 lag
1170 710 55 20 om
1249 701 149 35 ändring
1423 700 10 30 i
1456 700 158 29 kommu-

517 755 278 36 nalskattelagen
815 755 65 29 den
902 755 40 29 28
964 754 195 37 september
1182 755 83 28 1928
1290 754 60 33 (nr
1369 754 82 32 370)
1474 754 110 35 jämte
1605 753 10 29 i

517 809 116 29 ämnet
660 808 124 30 väckta
811 808 182 30 motioner.

171 926 12 28 I
206 935 40 20 cn
270 926 66 28 den
359 925 17 29 5
398 934 94 21 mars
515 924 84 29 1954
620 925 229 37 dagtecknad,
870 925 52 29 till
943 925 381 36 bevillningsutskottet
1346 924 170 30 hänvisad
1537 933 77 27 pro-

124 978 164 37 position,
305 987 41 20 nr
365 978 71 34 165,
452 978 65 30 har
534 978 124 37 Kungl.
675 977 118 37 Maj:t,
808 978 111 30 under
935 977 219 37 åberopande
1171 987 41 20 av
1228 977 262 37 propositionen
1506 976 107 38 bilagt

127 1033 125 36 utdrag
274 1042 41 20 av
338 1032 383 37 statsrådsprotokollet
744 1033 80 29 över
845 1032 273 30 finansärenden
1141 1031 54 30 för
1217 1041 134 20 samma
1373 1032 76 36 dag,
1473 1031 141 30 föresla-

127 1087 48 36 git
194 1086 185 36 riksdagen
400 1087 50 28 att
470 1087 127 35 antaga
616 1086 55 29 vid
691 1086 264 36 propositionen
976 1085 96 37 fogat
1092 1085 131 37 förslag
1243 1086 52 29 till
1317 1086 54 36 lag
1390 1094 56 20 om
1467 1085 147 36 ändring

127 1141 9 27 i
155 1139 426 37 kommunalskattelagen
600 1139 65 29 den
685 1138 41 30 28
746 1139 195 37 september
961 1138 83 30 1928
1069 1138 57 34 (nr
1145 1138 96 35 370).

171 1255 227 29 Beträffande
424 1255 282 37 propositionens
734 1255 258 37 huvudsakliga
1021 1254 153 31 innehåll
1204 1254 56 30 må
1287 1255 64 29 här
1379 1254 143 30 anföras
1551 1254 62 30 föl-

125 1309 117 37 jande.

170 1364 11 28 I
200 1363 263 37 propositionen
482 1362 147 30 föreslås
649 1364 51 28 att
719 1362 156 29 inkomst
892 1371 42 21 av
953 1361 176 37 fastighet,
1148 1361 156 37 tillhörig
1322 1361 112 37 bolag,
1453 1361 160 37 förening

125 1417 82 29 eller
224 1416 159 34 stiftelse,
400 1425 74 20 som
491 1416 128 29 bildats
636 1416 65 29 den
720 1415 12 29 1
751 1415 67 37 juli
836 1415 82 29 1945
936 1415 82 29 eller
1034 1424 121 21 senare
1170 1415 65 29 och
1252 1424 73 20 som
1342 1424 41 20 av
1398 1415 215 35 bostadssty-

126 1471 111 29 relsen
269 1469 149 35 (statens
443 1469 365 37 byggnadslånebyrå)
839 1469 82 29 eller
947 1468 356 30 länsbostadsnämnd
1329 1468 142 30 erkänts
1498 1467 115 30 såsom

124 1523 263 37 allmännyttigt
408 1522 292 37 bostadsföretag,
724 1522 88 30 skall
835 1522 174 29 beräknas
1032 1521 106 37 enligt
1159 1530 42 20 en
1226 1521 183 30 förenklad
1432 1521 181 29 schablon-

125 1577 126 30 metod.
272 1576 202 30 Inkomsten
494 1576 89 30 skall
602 1577 172 36 upptagas
793 1576 51 30 till
865 1578 51 27 tre
934 1577 144 35 procent
1097 1585 41 20 av
1156 1576 58 29 det
1231 1575 135 37 belopp,
1383 1576 142 28 varmed
1545 1574 68 30 fas-

124 1631 173 37 tighetens
316 1630 283 37 taxeringsvärde
617 1630 190 37 överstiger
826 1629 188 37 företagets
1034 1629 133 34 lånade,
1185 1629 10 30 i
1215 1629 210 37 fastigheten
1444 1629 168 36 nedlagda

125 1684 143 37 kapital.
288 1684 137 37 Avdrag
444 1684 89 30 skall
552 1684 138 36 medges
709 1684 148 29 allenast
876 1683 54 30 för
949 1683 305 37 tomträttsavgäld
1273 1684 82 28 eller
1374 1683 165 29 liknande
1558 1692 55 20 av-

125 1738 90 36 gäld,
239 1739 5 28 i
264 1739 65 29 den
349 1738 80 29 mån
450 1738 109 29 sådan
579 1737 246 30 förekommer.

171 1854 66 29 Det
255 1854 246 29 ovannämnda
518 1853 400 37 författningsförslaget
938 1854 38 28 är
995 1862 41 20 av
1055 1853 156 36 följande
1231 1853 137 36 lydelse.

776 1967 191 37 Förslag

846 2066 51 29 till

146 2155 61 36 lag
225 2164 56 21 om
301 2154 156 37 ändring
474 2154 11 30 i
503 2154 444 37 kommunalskattelagen
966 2154 68 30 den
1050 2154 40 30 28
1106 2153 203 38 september
1328 2153 78 31 1928
1426 2153 62 37 (nr
1503 2153 91 37 370).

171 2252 210 37 Härigenom
401 2252 197 33 förordnas,
618 2253 49 28 att
688 2251 41 29 46
751 2251 14 33 8
798 2252 5 28 1
826 2260 104 20 mom.
950 2251 425 36 kommunalskattelagen
1395 2252 66 29 den
1481 2250 40 30 28
1542 2260 72 27 sep-

126 2305 133 30 tember
280 2305 82 29 1928
381 2305 64 29 och
465 2304 114 37 punkt
600 2305 12 28 1
635 2314 41 20 av
696 2304 274 37 anvisningarna
989 2304 52 30 till
1061 2304 40 29 36
1122 2302 14 34 8
1157 2313 134 21 samma
1312 2305 64 35 lag,
1395 2304 218 30 sistnämnda

132 2357 309 37 författningsrum
464 2358 108 35 enligt
594 2358 77 29 dess
695 2358 130 36 lydelse
848 2357 142 36 jämlikt
1014 2358 97 36 lagen
1135 2357 63 29 den
1225 2357 18 29 5
1267 2366 92 21 mars
1385 2357 93 33 1954,
1502 2366 41 19 nr
1566 2357 50 33 51,

127 2410 96 28 skola
246 2409 130 30 erhålla
397 2409 132 29 ändrad
553 2409 128 37 lydelse
702 2409 42 37 på
767 2410 67 29 sätt
856 2409 113 30 nedan
990 2410 139 35 angives
1151 2411 90 27 samt
1263 2411 48 27 att
1336 2409 49 29 till
1407 2409 143 29 vardera
1572 2418 41 20 av

127 2465 42 29 24
189 2465 64 29 och
276 2464 40 29 25
341 2463 34 34 88
399 2463 425 37 kommunalskattelagen
846 2464 87 30 skall
959 2464 96 36 fogas
1077 2466 47 28 ett
1145 2465 78 35 nytt
1246 2464 164 32 moment,
1431 2463 183 29 betecknat

136 2518 7 27 I
166 2525 114 25 mom.,
300 2526 41 19 av
360 2516 129 37 lydelse
510 2525 72 20 som
604 2516 7 29 i
632 2516 56 30 det
710 2516 155 36 följande
884 2516 150 36 angives.

131 2624 122 33 Bihang
276 2624 47 25 till
345 2624 187 33 riksdagens
555 2623 160 35 protokoll
740 2623 82 27 1954.
848 2631 10 19 7
883 2624 88 26 samt.
994 2623 44 26 Nr
1058 2623 46 27 36.
