1858 2786
443 173 407 35 Bevillningsutskottets
876 172 220 30 betänkande
1121 180 41 20 nr
1185 172 52 28 56.
1548 169 38 29 13

101 265 90 29 visas
208 264 107 36 enligt
332 273 41 20 en
391 263 64 29 och
473 271 136 22 samma
626 262 126 34 metod,
768 262 109 29 vilket
893 262 98 29 torde
1007 270 82 20 vara
1106 260 184 29 motiverat
1306 259 45 29 bl.
1366 268 29 20 a.
1413 268 40 20 av
1470 260 51 28 att
1537 259 49 28 ett

100 319 260 37 allmännyttigt
380 318 299 35 bostadsföretags
701 317 205 36 fastigheter
927 325 74 20 som
1023 316 89 36 regel
1135 316 100 35 utgör
1256 323 41 21 en
1320 313 266 30 förvärvskälla.

100 372 59 29 Att
175 372 81 36 göra
273 371 42 29 de
331 380 68 27 nya
417 370 157 37 reglerna
589 368 208 37 tillämpliga
813 368 44 37 på
873 368 145 37 företag,
1034 367 112 30 vilkas
1163 366 205 37 fastigheter
1384 366 51 29 till
1451 365 135 29 huvud-

100 426 111 37 saklig
229 426 53 29 del
302 425 162 37 uppförts
484 425 88 29 efter
592 433 41 21 en
651 424 70 29 viss
739 423 178 37 tidpunkt,
936 423 69 29 kan
1024 422 171 30 utskottet
1215 431 40 20 av
1276 421 87 34 skäl,
1383 429 74 21 som
1475 420 111 29 utför-

101 478 60 37 ligt
180 477 191 30 redovisats
390 477 10 29 i
418 476 274 38 propositionen,
710 475 76 30 icke
804 475 153 30 förorda.
987 474 227 30 Beträffande
1231 473 278 29 motionärernas
1528 473 59 28 ön-

100 532 131 30 skemål
251 534 50 27 att
319 531 332 30 sehablonmetoden
668 530 107 29 måtte
793 531 102 36 göras
912 529 185 36 tillämplig
1114 528 129 37 jämväl
1262 527 19 30 å
1299 527 134 37 företag
1449 527 138 29 bildade

102 586 73 29 före
192 585 65 30 den
277 586 14 27 1
311 584 66 36 juli
397 584 82 29 1945
497 584 59 28 vill
574 583 171 29 utskottet
761 582 117 30 erinra
895 591 55 20 om
968 584 50 27 att
1034 582 10 29 i
1062 580 405 38 propositionsförslaget
1484 579 103 30 efter-

99 639 151 29 strävats
276 647 42 20 en
343 637 109 30 sådan
477 636 278 38 gränsdragning
781 637 50 28 att
856 636 110 29 under
991 636 41 29 de
1056 634 197 36 föreslagna
1278 633 310 30 bestämmelserna

101 692 113 30 skulle
233 691 85 30 falla
339 691 144 36 företag,
503 689 223 31 beträffande
744 689 95 29 vilka
858 690 57 28 det
934 688 116 30 kunde
1070 688 150 29 förutses
1241 689 50 27 att
1311 686 277 30 schablonmeto-

102 746 66 29 den
188 746 76 29 icke
284 745 10 29 i
315 746 128 35 dagens
465 744 75 37 läge
559 743 170 30 innebure
749 752 41 20 en
812 741 321 37 skatteskärpning.
1164 740 114 37 Några
1300 740 75 29 skäl
1398 739 54 29 för
1473 741 50 28 att
1545 748 42 20 en

102 808 116 20 annan
241 799 167 36 tidpunkt
430 797 113 30 skulle
565 797 77 37 giva
665 798 48 28 ett
735 805 96 21 mera
853 795 326 30 tillfredsställande
1199 794 99 29 urval
1322 794 43 28 än
1389 802 74 20 som
1486 792 101 30 ernås

102 853 76 29 med
205 850 407 39 propositionsförslaget
636 849 64 30 har
724 849 11 29 i
760 849 220 30 motionerna
1004 848 77 30 icke
1105 848 206 36 förebragts.
1348 847 76 29 Med
1450 846 138 37 hänsyn

103 905 117 30 härtill
243 905 117 30 finner
381 904 51 37 sig
452 904 174 29 utskottet
646 903 83 30 böra
750 904 149 36 godtaga
920 903 65 28 den
1007 902 10 29 i
1038 901 262 37 propositionen
1321 900 123 37 gjorda
1466 900 123 36 avväg-

102 960 127 37 ningen
249 961 11 28 i
280 959 229 30 förevarande
529 959 208 29 hänseende.
757 958 103 29 Detta
881 957 145 29 innebär
1046 958 50 28 att
1116 956 171 29 utskottet
1307 956 76 28 icke
1404 957 113 27 ansett
1538 955 51 36 sig

102 1013 84 29 böra
206 1011 208 38 ifrågasätta
434 1010 114 37 någon
570 1010 92 29 form
683 1019 42 20 av
744 1010 129 29 valrätt
893 1009 54 29 för
967 1010 42 28 de
1028 1009 146 29 berörda
1195 1007 179 37 företagen
1395 1007 77 29 med
1494 1016 95 20 avse-

102 1066 87 30 ende
205 1065 19 29 å
241 1065 95 30 vilka
352 1064 264 30 bestämmelser
633 1072 74 21 som
724 1063 42 30 de
783 1063 130 29 önskar
930 1062 98 36 följa.
1057 1062 176 29 Utskottet
1250 1062 69 28 kan
1336 1060 202 37 visserligen
1556 1059 30 37 ej

103 1120 106 29 heller
231 1119 177 36 tillstyrka
430 1117 279 30 motionärernas
731 1116 208 30 alternativa
960 1115 131 36 förslag
1112 1117 50 28 att
1183 1115 134 36 företag
1338 1123 74 20 som
1433 1113 30 37 ej
1488 1113 101 30 faller

101 1173 111 29 under
233 1172 41 30 de
295 1180 68 28 nya
383 1170 311 31 bestämmelserna
714 1170 114 29 skulle
848 1169 43 37 på
912 1170 121 28 därom
1054 1168 99 37 gjord
1175 1167 261 36 framställning
1457 1167 133 29 erhålla

104 1227 69 29 rätt
193 1227 50 29 att
264 1225 161 30 använda
446 1223 331 31 schablonmetoden
798 1232 80 21 men
898 1223 116 29 finner
1034 1222 88 29 dock
1143 1224 50 27 att
1213 1221 125 36 Kungl.
1359 1220 105 36 Maj:t
1483 1220 107 29 borde

103 1280 166 36 ompröva
292 1278 174 30 huruvida
489 1278 30 36 ej
545 1277 44 37 på
612 1278 94 29 detta
729 1277 70 30 sätt
822 1286 42 20 en
888 1276 136 36 lösning
1048 1276 112 29 skulle
1182 1275 120 29 kunna
1326 1274 262 37 åvägabringas.

104 1334 13 27 I
142 1332 187 37 anledning
352 1341 42 20 av
417 1332 41 29 de
481 1331 119 37 frågor
623 1339 74 21 som
720 1331 11 28 i
754 1330 230 29 förevarande
1006 1329 171 29 motioner
1200 1328 115 30 ställts
1338 1328 110 28 under
1471 1327 118 29 debatt

104 1386 58 29 vill
185 1386 172 29 utskottet
379 1385 113 29 tillika
515 1384 91 36 ånyo
628 1384 235 36 understryka
886 1382 280 30 önskvärdheten
1189 1391 41 19 av
1251 1383 51 28 att
1324 1380 122 37 frågan
1470 1389 56 20 om
1549 1381 41 29 de

103 1439 268 37 allmännyttiga
410 1437 342 36 bostadsföretagens
793 1435 352 38 organisationsform
1173 1436 169 34 upptages
1371 1434 50 29 till
1451 1434 139 29 övervä-

104 1494 119 36 gande.

149 1606 12 27 I
183 1605 40 28 de
244 1604 223 36 likalydande
488 1603 219 29 motionerna
729 1603 28 28 1:
775 1602 64 29 514
859 1602 64 29 och
946 1601 44 29 II:
1007 1600 63 30 656
1091 1601 63 28 har
1176 1609 73 21 som
1271 1609 90 20 ovan
1383 1600 132 35 antytts
1537 1607 55 27 yr-

105 1659 78 29 kats
203 1658 153 29 förutom
377 1658 117 35 avslag
514 1657 19 29 å
552 1656 262 37 propositionen
833 1655 131 37 jämväl
985 1655 166 30 skrivelse
1170 1654 51 29 till
1242 1653 126 37 Kungl.
1389 1652 104 36 Maj:t
1513 1652 77 29 med

106 1710 208 29 hemställan
333 1718 56 20 om
408 1708 188 37 utredning
614 1707 178 37 angående
810 1708 175 29 storleken
1004 1716 41 20 av
1063 1707 127 35 avdrag
1209 1705 54 30 för
1280 1703 312 37 värdeminskning

105 1763 19 29 å
143 1763 198 37 byggnader
360 1762 64 29 och
444 1771 56 20 om
520 1760 226 38 möjligheten
766 1761 51 30 till
837 1761 160 36 jämnare
1017 1759 196 37 fördelning
1232 1760 10 28 i
1261 1757 331 36 beskaltningshän-

106 1817 124 29 seende
249 1825 41 20 av
310 1816 52 29 till
382 1816 119 36 längre
520 1814 189 36 tidsperiod
729 1814 200 36 hänförliga
948 1813 188 29 kostnader
1156 1812 53 29 för
1228 1811 199 36 reparation
1447 1810 64 29 och
1530 1819 62 19 un-

105 1868 132 31 derhåll
257 1878 41 20 av
316 1869 210 36 byggnader.
554 1868 176 29 Utskottet
747 1868 69 28 kan
835 1867 54 29 för
906 1867 53 28 sin
976 1866 53 29 del
1047 1866 139 29 ansluta
1202 1865 51 36 sig
1270 1865 51 28 till
1340 1865 56 28 det
1413 1873 40 20 av
1470 1864 122 28 motio-

106 1925 148 28 närerna
277 1923 156 29 uttalade
454 1920 217 31 önskemålet
693 1922 50 28 att
764 1921 101 28 dessa
887 1918 170 38 spörsmål
1080 1918 65 29 blir
1166 1917 146 30 föremål
1335 1917 54 28 för
1411 1916 180 37 prövning.

108 1976 198 30 Emellertid
329 1976 57 28 vill
411 1975 171 29 utskottet
603 1974 114 29 erinra
738 1982 56 20 om
816 1974 61 32 att,
898 1972 115 30 såsom
1034 1972 171 28 utskottet
1225 1969 196 31 framhållit
1441 1971 9 28 i
1471 1970 61 28 sitt
1552 1979 41 19 av

108 2030 183 35 riksdagen
314 2028 185 37 godkända
520 2027 221 29 betänkande
762 2035 41 19 nr
825 2026 52 34 35,
900 2025 185 36 riksdagen
1106 2024 146 36 tidigare
1272 2023 180 29 hemställt
1472 2031 56 20 om
1551 2031 40 20 en

108 2083 184 35 utredning
315 2082 147 29 rörande
484 2081 111 28 ökade
616 2079 221 37 möjligheter
857 2079 51 30 till
930 2077 368 36 resultatsutjämning
1318 2078 91 27 samt
1429 2078 50 27 att
1499 2076 95 28 detta

107 2135 168 37 spörsmål
297 2134 219 36 hänskjutits
535 2134 51 29 till
609 2133 82 29 1950
709 2132 56 29 års
785 2130 425 38 skattelagssakkunniga.
1240 2129 127 29 Vidare
1386 2129 54 29 må
1459 2129 134 29 erinras

107 2198 56 19 om
187 2190 50 28 att
262 2188 78 29 1951
369 2187 56 29 års
449 2187 142 36 riksdag
614 2185 42 37 på
680 2185 210 29 hemställan
914 2194 40 19 av
977 2193 135 20 samma
1135 2183 55 29 års
1214 2182 347 35 bevillningsutskott
1584 2181 9 28 i

107 2242 77 28 dess
205 2241 220 29 betänkande
446 2249 41 19 nr
508 2239 40 29 63
570 2239 9 28 i
601 2238 166 30 skrivelse
787 2238 51 29 till
861 2237 124 36 Kungl.
1006 2236 105 35 Maj:t
1131 2236 178 28 hemställt
1330 2244 56 19 om
1407 2234 186 35 utredning

108 2304 41 19 av
168 2293 120 36 frågan
309 2302 55 20 om
385 2293 127 35 avdrag
531 2292 54 28 för
604 2291 310 35 värdeminskning
932 2299 40 20 av
990 2288 286 36 driftbyggnader
1294 2287 18 29 å
1331 2287 263 35 jordbruksfas-

111 2347 115 36 tighet.
258 2347 65 29 Det
344 2355 102 27 synes
466 2345 172 29 utskottet
658 2343 206 36 uppenbart,
886 2344 50 28 att
955 2342 54 28 vid
1032 2351 40 20 en
1093 2341 107 28 sådan
1221 2340 188 35 utredning
1429 2340 75 28 icke
1525 2340 67 28 kan

110 2400 150 36 förbigås
280 2398 208 37 spörsmålet
506 2406 56 20 om
581 2397 127 35 avdrag
728 2396 53 28 för
799 2395 310 35 värdeminskning
1126 2395 17 28 å
1162 2393 198 37 byggnader
1378 2394 79 27 över
1475 2392 117 29 huvud

111 2456 99 35 taget.
240 2453 49 29 Då
310 2453 57 28 det
386 2461 41 19 av
446 2450 259 29 motionärerna
724 2449 146 29 berörda
889 2447 208 37 spörsmålet
1115 2447 146 29 sålunda
1282 2446 96 28 torde
1397 2445 33 29 få
1449 2446 145 35 antagas

110 2510 137 27 komma
270 2506 109 29 under
401 2503 215 31 bedömande
637 2504 81 27 utan
742 2502 149 29 särskild
915 2500 259 35 framställning
1195 2499 76 29 från
1295 2499 204 35 riksdagens
1520 2498 73 29 sida
