1858 2780
245 173 20 27 4
591 172 405 37 Bevillningsutskottets
1022 176 219 30 betänkande
1266 185 43 20 nr
1332 178 51 28 56.

289 261 51 30 Av
361 262 383 37 statsrådsprotokollet
763 265 10 29 i
794 265 142 30 ärendet
954 266 178 30 inhämtas
1152 267 44 28 bl.
1217 276 29 20 a.
1268 267 166 36 följande.

289 315 255 37 Inledningsvis
570 317 134 30 lämnas
729 318 10 29 i
763 318 384 37 statsrådsprotokollet
1171 320 139 37 uppgift
1334 320 43 37 på
1401 322 41 28 de
1467 321 262 38 författningar,

243 369 109 36 enligt
375 369 92 29 vilka
489 370 95 29 vissa
609 370 132 38 företag
765 372 77 29 med
866 372 138 37 uppgift
1028 374 51 28 att
1103 373 164 30 anskaffa
1292 374 63 29 och
1380 374 269 31 tillhandahålla
1672 376 57 29 bo-

244 422 117 29 städer
387 422 98 30 blivit
513 423 154 30 erkända
695 424 115 30 såsom
840 425 267 38 allmännyttiga
1134 427 290 37 bostadsföretag,
1451 430 92 28 samt
1571 437 41 20 en
1640 438 89 20 sam-

243 475 244 30 manfattande
512 477 215 36 redogörelse
749 477 55 30 för
827 479 41 28 de
889 479 10 29 i
922 478 299 38 författningarna
1242 480 11 29 i
1277 480 124 30 sådant
1423 481 200 30 hänseende
1643 491 85 27 upp-

243 528 128 30 ställda
392 529 182 30 villkoren.
597 529 125 32 Vidare
744 532 183 36 redogöres
947 532 45 29 bl.
1015 542 30 20 a.
1069 532 53 30 för
1143 533 268 37 möjligheterna
1433 534 55 30 för
1510 534 147 31 berörda
1679 535 49 30 fö-

243 583 97 36 retag
360 584 50 27 att
429 582 54 30 för
504 583 56 30 sin
579 584 222 30 verksamhet
822 585 130 30 erhålla
973 585 59 30 lån
1052 587 64 29 och
1135 587 121 37 bidrag
1278 598 41 19 av
1340 590 201 29 statsmedel
1563 592 90 27 samt
1674 590 54 30 för

242 636 42 29 de
306 635 236 37 skyldigheter
564 637 10 29 i
596 638 168 29 avseende
786 638 19 29 å
827 639 99 29 ränta
948 639 65 29 och
1035 641 212 37 amortering
1269 651 75 20 som
1366 642 120 30 därvid
1509 642 110 31 åvilar
1640 643 87 30 före-

241 690 114 35 tagen.
376 689 227 31 Beträffande
624 691 64 29 den
710 691 223 38 omfattning,
953 693 75 29 vari
1049 693 267 38 allmännyttiga
1336 695 291 38 bostadsföretag,
1647 698 80 35 god-

242 742 116 29 kända
377 742 106 37 enligt
503 744 41 29 de
564 742 39 30 år
625 743 82 30 1946
726 745 83 29 eller
830 754 120 20 senare
969 746 186 30 utfärdade
1175 747 273 37 kungörelserna
1468 758 57 20 om
1546 750 180 29 tertiärlån

241 795 65 29 och
330 795 210 37 tilläggslån,
566 796 125 35 finnes,
716 798 136 30 lämnas
876 799 11 29 i
909 800 263 35 propositionen
1197 800 158 37 följande
1378 802 194 37 uppgifter:

237 902 95 29 antal
358 902 219 35 kommuner,
596 904 74 28 vari
689 904 268 38 allmännyttiga
975 905 158 31 bostads-

284 955 134 38 företag
442 956 236 31 förekommer
1247 970 40 20 ca
1366 961 61 30 300

240 1009 95 29 antal
357 1009 133 37 företag
1259 1025 14 17 >
1366 1014 61 30 350

236 1063 96 28 antal
357 1062 205 38 fastigheter
1253 1078 15 17 >
1329 1067 95 30 2000

236 1115 96 30 antal
357 1116 200 37 lägenheter
1254 1131 15 18 >
1308 1120 39 30 75
1362 1120 61 30 000

237 1169 388 35 produktionskostnad
654 1171 53 29 för
735 1171 136 38 färdiga
900 1173 63 29 och
993 1174 111 29 under

281 1222 159 37 byggnad
463 1224 155 30 varande
639 1224 205 38 fastigheter
1261 1238 15 17 »
1313 1227 51 34 2,5
1389 1228 183 37 miljarder
1596 1229 128 30 kronor

282 1331 12 28 I
322 1331 97 37 fråga
443 1342 57 20 om
525 1333 160 36 gällande
709 1335 508 37 beskattningsbestämmelser
1242 1337 65 29 och
1333 1338 99 29 deras
1457 1338 223 37 tillämpning
1704 1338 18 29 å

235 1385 42 29 de
298 1385 268 38 allmännyttiga
588 1387 323 38 bostadsföretagen
932 1389 195 30 innehåller
1149 1390 385 37 statsrådsprotokollet
1556 1391 165 36 följande.

278 1439 52 29 De
350 1439 269 37 allmännyttiga
640 1440 325 39 bostadsföretagen
988 1443 49 34 är,
1061 1452 74 20 som
1156 1442 156 38 framgår
1334 1453 41 20 av
1397 1443 41 30 53
1463 1443 14 34 8
1502 1444 220 30 kommunal-

235 1491 217 37 skattelagen
480 1493 67 29 och
574 1492 19 30 6
623 1492 14 34 $
666 1493 251 39 förordningen
944 1505 56 20 om
1029 1497 118 36 statlig
1174 1497 262 34 inkomstskatt,
1465 1497 256 38 skattskyldiga

235 1544 55 29 för
311 1544 165 30 inkomst.

279 1598 244 37 Beräkningen
553 1608 42 20 av
623 1599 155 31 inkomst
806 1611 42 20 av
876 1601 198 38 företagens
1104 1603 204 37 fastigheter
1337 1605 88 29 skall
1455 1605 62 30 ske
1546 1605 106 37 enligt
1680 1606 40 29 de

234 1651 179 29 allmänna
432 1652 311 31 bestämmelserna
763 1654 11 29 i
794 1654 129 30 24—26
946 1654 35 34 $$
1004 1656 435 38 kommunalskattelagen.
1460 1658 52 29 Av
1532 1658 39 29 41
1596 1657 13 34 $
1632 1667 89 21 sam-

234 1712 57 22 ma
316 1704 54 37 lag
394 1704 115 37 följer,
535 1707 51 29 att
611 1706 393 39 inkomstberäkningen
1030 1709 89 29 skall
1143 1710 60 29 ske
1226 1710 108 37 enligt
1359 1711 65 29 den
1448 1720 26 20 s.
1500 1711 33 29 k.
1559 1711 161 30 kontant-

233 1758 193 36 principen.
453 1758 68 30 För
549 1759 96 36 varje
671 1760 284 38 beskattningsår
982 1762 90 29 skall
1100 1762 100 30 alltså
1229 1763 116 30 såsom
1372 1764 237 30 bruttointäkt
1636 1773 84 28 upp-

233 1813 99 35 tagas
360 1811 109 29 under
495 1811 76 31 året
597 1812 154 31 influtna
777 1814 122 37 hyror;
928 1815 130 37 avdrag
1085 1815 55 30 må
1167 1816 60 30 ske
1254 1816 89 30 blott
1369 1816 55 30 för
1449 1817 172 37 egentliga
1648 1827 71 20 om-

233 1865 190 29 kostnader
448 1865 113 30 under
584 1865 83 34 året,
693 1867 176 29 därunder
894 1867 195 38 inbegripet
1112 1869 106 37 enligt
1243 1870 139 36 vanliga
1406 1870 111 37 regler
1541 1870 176 30 beräknad

232 1918 323 37 värdeminskning,
585 1928 74 21 som
686 1919 161 37 byggnad
876 1921 37 28 är
940 1921 250 30 underkastad.
1218 1922 138 36 Avdrag
1384 1923 54 29 för
1467 1924 250 36 avsättningar,

232 1971 152 29 avsedda
407 1972 50 28 att
480 1972 104 29 täcka
608 1972 166 30 framtida
798 1973 199 34 kostnader,
1022 1975 38 28 är
1083 1975 74 30 icke
1181 1975 193 37 medgivna.

275 2025 118 30 Under
414 2026 65 28 den
500 2026 62 34 tid,
583 2026 44 29 då
647 2026 41 30 de
708 2027 268 37 allmännyttiga
997 2028 326 38 bostadsföretagen
1344 2030 89 29 varit
1453 2031 10 29 i
1485 2031 232 34 verksamhet,

231 2078 65 30 har
318 2079 57 29 det
396 2078 90 30 visat
507 2079 63 37 sig,
592 2080 50 28 att
663 2080 267 37 tillämpningen
952 2080 20 30 å
994 2081 79 29 dem
1095 2091 41 20 av
1157 2082 160 36 gällande
1339 2083 109 37 regler
1469 2093 58 20 om
1550 2083 167 30 inkomst-

230 2131 194 38 beräkning
445 2133 11 29 i
475 2132 94 30 vissa
591 2132 61 30 fall
675 2133 61 29 lett
756 2133 53 30 till
832 2134 156 34 resultat,
1010 2143 75 21 som
1106 2134 109 30 måste
1237 2135 187 31 betecknas
1445 2136 117 30 såsom
1583 2136 134 30 mindre

231 2185 328 30 tillfredsställande
585 2186 75 29 med
688 2186 138 37 hänsyn
852 2186 51 30 till
931 2187 41 31 de
998 2187 128 37 syften,
1152 2188 179 37 företagen
1358 2189 63 29 har
1448 2190 51 29 att
1525 2190 191 36 tillgodose.

230 2238 316 38 Hyressättningen
574 2239 37 29 är
638 2239 175 37 nämligen
841 2240 339 38 författningsenligt
1206 2242 155 36 reglerad
1390 2242 64 29 och
1482 2242 154 37 hyrorna
1663 2243 54 30 får

231 2292 76 29 icke
334 2292 111 30 hållas
473 2292 108 37 högre
609 2293 43 28 än
680 2295 49 27 att
757 2293 41 29 de
827 2293 117 30 täcker
973 2294 41 29 de
1042 2294 197 30 beräknade
1266 2295 309 34 omhkostnaderna,
1603 2295 113 37 jämnt

230 2345 179 30 fördelade
425 2345 43 37 på
486 2346 50 28 ett
555 2346 109 29 större
683 2346 94 29 antal
796 2345 48 30 år.
862 2345 110 38 Något
989 2347 178 29 överskott
1184 2347 173 31 beräknas
1375 2348 147 30 sålunda
1540 2348 10 29 i
1569 2348 146 38 längden

230 2399 76 29 icke
333 2399 226 36 uppkomma.

273 2452 76 29 Den
378 2451 268 38 skattemässiga
674 2452 397 38 inkomstberäkningen
1101 2453 10 29 i
1138 2453 153 37 enlighet
1320 2454 76 29 med
1425 2463 83 28 nyss
1538 2454 176 37 återgivna

230 2505 111 37 regler
363 2505 63 29 har
449 2506 166 28 stundom
639 2505 151 30 medfört
813 2507 50 28 att
885 2506 179 30 överskott
1087 2506 191 30 redovisats
1302 2507 64 29 och
1388 2508 50 29 att
1461 2508 10 29 i
1496 2507 89 37 följd
1609 2508 105 28 därav
