2232 2671
748 147 228 42 Lagutskottets
998 149 162 32 utlåtande
1182 150 55 30 Nr
1258 151 52 30 63.
1752 153 38 31 13

223 235 126 35 tionen
377 234 152 48 angifna
566 236 176 47 riktning.
797 237 70 36 Det
895 237 210 49 lagförslag,
1134 252 77 23 som
1238 241 13 34 i
1278 240 200 49 anledning
1504 241 108 36 häraf
1636 246 46 44 på
1701 244 57 34 sin
1776 243 55 36 tid

223 286 233 36 utarbetades
497 287 99 35 inom
633 287 452 50 justitiedepartementet,
1118 289 80 37 blef
1222 292 204 35 emellertid
1455 293 31 47 ej
1516 292 184 50 förelagdt
1725 294 107 36 Riks-

222 337 131 48 dagen.

357 388 261 50 Anledningen
659 390 123 36 härtill
822 404 74 31 var,
939 392 116 48 enligt
1095 393 95 36 hvad
1228 393 270 50 handlingarna
1536 397 179 44 utmärka,
1746 396 82 46 den,

222 444 54 30 att
317 439 61 35 det
419 439 276 47 ifrågavarande
736 441 247 50 lagförslaget,
1026 447 119 32 såsom
1185 444 61 35 det
1277 444 123 36 blifvit
1426 446 113 48 lagdt,
1569 451 130 43 ansågs
1728 448 102 35 inne-

224 488 92 37 fatta
354 495 54 31 ett
440 489 118 50 afsteg
590 490 81 37 från
712 491 44 36 de
796 493 196 49 principer,
1022 497 45 45 på
1107 495 124 35 hvilka
1257 498 80 33 vårt
1366 496 424 49 rättegångsförfarande
1817 500 13 34 i

222 542 186 34 tvistemål
445 541 129 36 hvilar.
629 542 69 36 Det
739 544 179 44 ändamål,
966 557 77 23 som
1076 558 83 22 man
1188 546 83 36 med
1298 545 175 50 förslaget
1499 550 96 34 velat
1622 549 205 47 tillgodose,

222 591 101 36 sökte
365 605 85 23 man
491 594 12 34 i
545 594 120 35 stället
704 594 112 36 vinna
855 608 133 35 genom
1015 597 210 35 inrättande
1253 597 40 35 af
1318 603 53 30 ett
1398 599 431 48 anmaningsförfarande

223 642 92 36 efter
342 643 191 36 utländskt
561 650 173 30 mönster.
788 645 111 36 Detta
927 647 133 35 skedde
1089 660 131 35 genom
1248 650 107 46 lagen
1383 663 58 22 om
1469 650 276 49 handräckning
1772 651 58 36 för

222 692 169 37 fordrans
422 693 173 37 utfående
624 695 70 36 den
723 698 44 34 26
797 697 92 47 april
921 699 105 34 1907.

356 745 173 36 Däremot
570 746 287 37 underskattade
900 761 82 23 man
1015 750 201 47 ingalunda
1249 750 43 36 de
1320 752 234 47 olägenheter
1581 752 62 36 vid
1669 754 160 47 lagskip-

220 796 138 47 ningen
398 798 13 33 i
448 798 97 34 vissa
572 797 383 50 skuldfordringsmål,
985 813 77 22 som
1090 799 182 37 föranledt
1299 801 228 49 Riksdagens
1555 802 273 50 framställning

219 848 13 33 i
273 852 132 30 ämnet.
461 847 113 36 Dessa
614 849 233 47 olägenheter
887 851 123 35 kunna
1042 851 276 37 sammanfattas
1347 853 166 45 sålunda,
1542 859 53 30 att
1622 868 133 33 genom
1784 855 45 36 de

221 897 170 48 uppsköf,
421 911 78 23 som
539 898 114 36 blifva
685 899 141 47 följden
855 900 39 36 af
919 902 221 35 svarandens
1169 908 162 39 utevaro,
1361 905 202 35 svaranden
1591 906 154 47 ådrager
1773 908 57 45 sig

220 948 173 36 stundom
436 949 110 48 högst
586 948 189 38 afsevärda
814 951 105 36 böter
957 952 67 36 och
1053 954 435 49 ersättningsskyldighet
1516 955 59 36 för
1601 959 227 46 rättegångs-

218 999 157 36 kostnad
402 1001 57 34 till
487 1006 52 30 ett
568 1001 143 48 belopp,
740 1015 78 22 som
846 1002 74 35 ofta
940 1004 79 34 icke
1038 1007 74 32 står
1131 1006 12 33 i
1164 1006 212 46 proportion
1395 1006 58 35 till
1474 1007 69 35 den
1564 1009 262 47 ursprungliga

219 1050 175 36 skuldens
435 1052 144 43 storlek,
609 1052 67 35 och
719 1053 185 35 käranden
936 1057 20 32 å
989 1056 56 33 sin
1073 1055 78 35 sida
1177 1057 107 46 länge
1313 1056 212 48 uppehålles
1552 1068 46 37 på
1625 1065 117 41 vägen
1770 1060 58 34 till

219 1099 176 38 utfående
442 1101 39 36 af
524 1104 55 34 sin
616 1108 72 30 rätt
715 1104 82 35 med
826 1104 76 35 risk
929 1110 62 39 att,
1020 1118 59 23 om
1108 1111 206 43 motparten
1341 1107 118 36 under
1485 1108 103 36 tiden
1616 1109 73 36 blir
1715 1110 116 49 insol-

219 1157 98 39 vent,
346 1153 79 35 icke
458 1153 94 35 blott
578 1157 46 45 gå
651 1155 107 35 miste
786 1168 59 22 om
873 1157 57 34 sin
958 1155 151 37 fordran
1141 1163 85 30 utan
1255 1158 178 47 därjämte
1460 1160 138 48 nödgas
1626 1160 90 47 själf
1741 1161 87 35 bära

220 1215 44 22 en
306 1203 96 49 dryg
440 1205 386 47 rättegångskostnad;
873 1207 68 34 och
981 1208 101 35 detta
1121 1208 117 35 ehuru
1266 1210 111 34 målet
1404 1211 12 34 i
1444 1209 44 36 de
1516 1212 88 34 allra
1631 1211 104 36 flesta
1763 1211 65 36 fall

219 1253 149 36 alldeles
409 1255 78 35 icke
515 1262 40 28 är
583 1255 39 35 af
647 1268 44 23 en
719 1256 129 48 tvistig
874 1257 262 45 beskaffenhet,
1170 1272 77 22 som
1275 1260 123 35 kunde
1425 1260 152 49 betinga
1603 1262 105 36 dessa
1736 1275 92 35 upp-

219 1303 85 37 skof
328 1305 84 35 med
440 1305 108 37 däraf
572 1306 228 49 härflytande
827 1321 267 36 ogynnsamma
1121 1311 228 47 verkningar.
1403 1311 84 36 Fast
1515 1313 113 35 hellre
1648 1313 180 36 vitsorda-

220 1355 62 36 des
321 1356 119 35 under
479 1356 231 37 förarbetena
738 1358 58 36 för
823 1359 414 48 handräckningslagen,
1266 1367 53 30 att
1347 1362 102 36 dessa
1476 1364 236 47 olägenheter
1739 1377 88 23 voro

219 1405 39 36 af
282 1406 71 35 den
380 1408 203 47 väsentliga
608 1414 67 38 art,
705 1414 63 38 att,
789 1422 58 22 om
876 1411 31 46 ej
930 1410 58 36 för
1007 1411 103 35 deras
1131 1411 236 49 afhjälpande
1387 1426 119 23 annan
1526 1419 115 43 utväg
1655 1415 101 35 stode
1771 1415 57 35 till

218 1456 94 36 buds
353 1464 46 29 än
440 1471 45 22 en
512 1458 385 51 lagstiftningsåtgärd
923 1462 12 34 i
963 1462 70 35 den
1062 1462 176 48 riktning,
1267 1476 77 23 som
1373 1463 175 49 angåfves
1576 1467 12 33 i
1616 1466 62 35 det
1701 1465 125 37 ofvan-

218 1508 173 44 nämnda,
446 1510 99 34 inom
590 1511 437 48 justitiedepartementet
1069 1514 215 35 utarbetade
1325 1513 182 50 förslaget,
1550 1519 37 32 så
1628 1519 114 33 måste
1783 1530 44 22 en

219 1558 105 48 dylik
365 1559 140 48 åtgärd,
530 1565 92 31 trots
663 1561 43 35 de
748 1562 164 35 däremot
939 1562 152 37 anförda
1117 1565 353 47 betänkligheterna,
1500 1579 104 22 anses
1632 1568 193 35 önskvärd.

353 1609 229 37 Motionären
610 1611 64 35 har
700 1624 49 23 nu
777 1613 98 47 gjort
901 1614 182 47 gällande,
1112 1620 53 30 att
1187 1615 402 49 handräckningslagen
1603 1618 223 35 åtminstone

219 1658 58 36 för
303 1660 96 35 vissa
427 1661 175 35 områden
630 1662 80 35 icke
737 1662 160 36 medfört
924 1664 62 35 det
1013 1678 108 35 gagn,
1151 1678 77 23 som
1257 1666 83 36 med
1369 1667 80 35 dess
1478 1668 222 36 utfärdande
1728 1668 98 49 åsyf-

218 1709 112 45 tades,
360 1711 67 35 och
467 1712 56 34 till
565 1712 80 35 stöd
685 1712 126 36 härför
850 1714 173 49 åberopat
1061 1715 239 48 uppgifterna
1331 1717 154 36 rörande
1512 1719 314 47 handräcknings-

218 1761 160 35 ärenden
430 1763 13 33 i
487 1762 148 36 chefens
678 1763 57 36 för
783 1765 438 48 justitiedepartementet
1261 1768 336 37 ämbetsberättelse
1638 1770 187 47 angående

217 1813 268 35 rättsväsendet
511 1815 12 33 i
552 1814 93 35 riket
671 1813 59 37 för
756 1818 39 32 år
826 1817 106 34 1909.
986 1816 53 36 Af
1065 1817 105 36 dessa
1197 1818 190 49 uppgifter
1414 1818 173 50 framgår,
1616 1826 53 30 att
1688 1823 137 34 antalet

218 1865 39 32 år
279 1864 95 35 1909
403 1864 175 36 inkomna
605 1865 126 49 dylika
758 1867 161 35 ärenden
947 1868 169 47 utgjorde
1144 1869 93 36 blott
1262 1872 121 41 8,532,
1410 1871 130 36 medan
1565 1871 44 36 de
1629 1885 138 22 samma
1786 1876 39 32 år

216 1913 57 35 till
313 1913 159 37 domstol
513 1915 184 36 instämda
729 1918 234 35 tvistemålen
989 1938 48 3 —
1064 1918 40 36 af
1129 1920 122 35 hvilka
1278 1921 156 35 flertalet
1461 1922 104 35 torde
1593 1922 109 36 hafva
1730 1924 95 35 varit

217 1964 146 44 sådana,
380 1970 54 30 att
454 1966 526 49 handräckningsförfarandet
1007 1970 141 35 kunnat
1167 1971 68 35 där
1249 1973 131 34 anlitas
1408 1991 48 4 —
1484 1973 172 47 utgjorde
1677 1976 146 42 59,573.

217 2013 78 37 Och
335 2016 124 35 vidare
488 2015 170 50 framgår,
688 2023 54 30 att
775 2019 525 49 handräckningsförfarandet
1333 2022 310 50 hufvudsakligen
1670 2026 155 34 kommit

217 2066 57 34 till
315 2067 238 49 användning
593 2067 56 36 för
688 2069 266 49 landsbygden,
985 2072 172 35 särskildt
1197 2072 11 35 i
1249 2073 44 35 de
1321 2074 242 36 norrländska
1589 2077 120 41 länen,
1738 2089 85 22 men

212 2115 274 47 jämförelsevis
527 2117 85 47 föga
650 2119 13 35 i
703 2120 171 36 städerna
915 2122 67 34 och
1010 2128 131 29 nästan
1168 2123 79 36 icke
1275 2125 66 34 alls
1370 2125 13 34 i
1410 2125 44 35 de
1482 2130 132 31 största
1641 2126 180 36 städerna.

354 2167 101 37 Efter
495 2170 205 35 motionens
741 2171 184 36 väckande
965 2172 108 36 hafva
1113 2173 240 48 uppgifterna
1393 2174 57 36 för
1476 2179 39 32 år
1545 2178 95 34 1910
1668 2177 155 36 rörande

216 2218 480 48 handräckningsärendena
735 2221 124 36 blifvit
899 2223 244 48 tillgängliga.
1198 2224 176 37 Siffrorna
1415 2225 56 36 för
1510 2230 40 32 år
1592 2229 95 34 1910
1716 2228 109 48 skilja
