1864 2768
225 164 18 31 8
672 165 284 30 Statsutskottets
983 166 179 29 utlåtande
1187 175 43 20 nr
1255 166 29 32 7.

581 250 51 28 att
650 249 189 39 riksdagen
859 250 57 29 må
937 250 51 29 till
1009 250 303 29 Kammarrätten:
1334 250 301 30 Kammarrättens
1657 251 72 30 års-

538 299 67 30 bok
623 300 53 29 för
692 300 205 39 budgetåret
915 299 147 41 1954/55
1080 300 120 30 anvisa
1219 302 48 29 ett
1283 301 275 40 förslagsanslag
1574 311 41 21 av
1632 301 19 30 8
1666 302 62 30 000

536 351 140 29 kronor.

276 483 97 34 12:0)
401 484 194 29 Statistiska
617 485 256 35 centralbyrån:
898 485 212 35 Avlöningar
1131 486 53 29 till
1206 487 160 34 personal
1388 487 55 28 för
1467 487 261 29 verksamheten

230 533 11 29 i
263 534 196 29 allmänhet.
481 534 124 37 Kungl.
628 534 100 37 Maj:t
751 535 64 29 har
842 535 125 37 (punkt
992 535 47 34 12,
1064 545 25 20 s.
1114 536 135 34 15—23)
1277 536 177 37 föreslagit
1475 536 185 38 riksdagen
1682 538 47 28 att

229 585 73 29 dels
324 585 206 39 bemyndiga
552 586 124 39 Kungl.
698 586 106 39 Maj:t
826 588 51 28 att
898 586 156 40 företaga
1075 596 42 21 av
1138 587 384 40 departementschefen
1544 587 185 30 förordade

229 636 190 39 ändringar
438 636 10 28 i
468 637 66 29 den
554 636 56 29 för
630 636 194 30 statistiska
845 637 244 39 centralbyrån
1110 637 158 40 gällande
1289 638 440 40 personalförteckningen,

229 686 74 30 dels
324 687 182 38 godkänna
530 697 44 20 av
593 687 382 40 departementschefen
996 688 167 30 förordad
1184 688 252 39 avlöningsstat
1459 688 54 30 för
1536 688 194 30 statistiska

230 736 254 39 centralbyrån,
511 738 51 28 att
588 737 176 40 tillämpas
790 738 72 29 tills
889 738 117 30 vidare
1033 738 81 30 från
1141 738 63 29 och
1230 739 80 29 med
1335 739 204 39 budgetåret
1569 738 160 37 1954/55,

230 787 73 30 dels
325 788 65 29 ock
409 788 52 29 till
483 788 200 30 Statistiska
702 788 259 40 centralbyrån:
985 789 213 39 Avlöningar
1220 789 52 29 till
1294 790 161 39 personal
1477 790 55 30 för
1554 790 176 30 verksam-

229 838 105 29 heten
349 838 11 29 i
377 838 189 30 allmänhet
582 839 54 29 för
652 839 154 30 nämnda
822 839 166 39 budgetår
1006 839 121 30 anvisa
1142 841 49 28 ett
1207 840 275 40 förslagsanslag
1498 851 42 20 av
1558 840 18 30 2
1594 840 59 30 142
1667 840 63 30 900

230 888 141 30 kronor.

275 987 266 38 Ifrågavarande
565 989 118 38 anslag
706 990 37 29 är
766 991 12 28 i
801 990 155 38 gällande
980 990 143 30 riksstat
1145 990 142 37 uppfört
1308 992 77 28 med
1406 991 18 29 2
1436 991 60 29 099
1509 991 60 29 900
1591 992 140 29 kronor.

274 1039 126 39 Kungl.
428 1040 123 39 Maj:ts
579 1040 130 39 förslag
736 1040 157 36 innebär,
921 1041 155 29 förutom
1104 1041 92 31 vissa
1224 1041 238 30 automatiska
1489 1042 242 30 kostnadsför-

230 1090 200 39 ändringar,

274 1141 52 28 att
344 1141 111 29 medel
475 1141 140 30 anvisas
633 1142 78 29 med
731 1142 73 29 dels
825 1144 48 28 ett
891 1142 278 41 engångsbelopp
1189 1152 42 21 av
1250 1143 18 29 5
1284 1142 63 30 000
1367 1143 129 29 kronor
1517 1143 54 30 för
1592 1143 139 30 avarbe-

230 1192 105 29 tande
354 1201 41 20 av
410 1191 121 32 balans
548 1192 58 30 vid
624 1193 154 29 centrala
796 1193 362 39 automobilregistret,
1177 1194 73 30 dels
1269 1194 123 39 belopp
1411 1194 245 29 motsvarande
1674 1204 57 20 av-

230 1242 121 39 löning
370 1241 51 30 till
441 1252 41 19 en
501 1243 307 30 halvtidsanställd
829 1243 175 30 telefonist
1025 1244 11 29 i
1057 1245 46 38 Cg
1124 1244 33 35 8;

274 1293 52 28 att
342 1292 54 30 för
411 1293 364 30 försöksverksamhet
791 1294 97 30 inom
904 1294 445 30 universitetsstatistikens
1367 1294 140 30 område
1527 1295 138 30 anvisas
1683 1296 48 29 ett

230 1342 125 41 belopp
375 1353 41 20 av
437 1344 36 29 15
489 1344 63 29 900
572 1344 143 35 kronor;

274 1395 52 28 att
349 1404 42 20 en
412 1394 110 39 tjänst
546 1404 75 20 som
644 1395 107 30 förste
774 1395 274 31 kansliskrivare
1072 1398 11 29 i
1107 1396 42 30 Ce
1175 1396 48 35 17,
1248 1397 58 29 två
1328 1396 148 39 tjänster
1501 1405 75 20 som
1601 1396 130 29 kansli-

229 1443 136 30 biträde
384 1444 10 28 i
414 1444 41 30 Ce
477 1445 36 28 11
537 1445 65 29 och
623 1455 41 19 en
683 1445 435 40 expeditionsvaktstjänst
1139 1446 10 29 i
1170 1446 42 30 Ce
1236 1446 38 30 10
1297 1446 174 30 överföres
1491 1447 45 40 på
1556 1446 174 30 ordinarie

231 1495 84 33 stat;

274 1546 52 27 att
344 1545 105 39 enligt
468 1546 199 38 grunderna
686 1547 54 29 för
760 1547 68 29 den
846 1547 175 39 reglerade
1041 1547 357 39 befordringsgången
1419 1548 40 29 26
1479 1547 252 30 kontorsbiträ-

230 1596 67 29 den
319 1596 11 28 i
353 1595 42 30 Ce
419 1596 18 28 8
459 1596 149 30 erhåller
630 1597 174 30 ordinarie
827 1597 222 39 anställning,
1073 1598 119 30 varvid
1215 1598 90 29 dock
1328 1598 129 29 antalet
1480 1607 69 31 nya
1572 1599 159 29 kontors-

229 1645 304 40 biträdestjänster
555 1647 204 30 förutsättes
781 1648 185 39 begränsat
986 1648 53 29 till
1061 1648 56 35 24;

273 1698 52 27 att
347 1697 108 29 under
476 1698 190 29 kostnader
687 1698 55 30 för
765 1699 189 39 insamling
976 1708 41 21 av
1039 1699 71 30 viss
1134 1698 154 31 statistik
1311 1700 137 29 anvisas
1471 1701 48 28 ett
1542 1700 123 40 belopp
1689 1709 41 20 av

229 1746 98 30 4000
349 1747 128 30 kronor
499 1748 55 30 för
577 1749 219 40 experthjälp
818 1750 57 29 vid
898 1750 220 29 avslutandet
1141 1759 41 21 av
1204 1750 133 29 arbetet
1358 1751 78 29 med
1459 1750 67 29 den
1548 1750 183 29 historisk-

230 1798 195 30 statistiska
446 1799 99 29 delen
565 1808 41 21 av
626 1799 172 30 statistisk
819 1800 140 35 årsbok;

274 1850 94 27 samt
385 1850 50 27 att
452 1850 143 28 arvodet
613 1850 51 28 till
682 1850 271 39 språkexperten
971 1850 55 29 för
1044 1851 264 29 namnärenden
1327 1851 198 36 uppräknas
1544 1851 78 29 från
1642 1851 88 29 1200

230 1898 52 29 till
302 1898 15 29 1
334 1898 63 30 500
413 1900 140 29 kronor.

273 1949 118 39 Enligt
413 1950 124 39 Kungl.
561 1950 123 39 Maj:ts
707 1950 133 40 förslag
863 1951 88 30 skall
973 1951 119 30 vidare
1115 1952 347 39 avdelningschefens
1487 1953 20 29 å
1529 1952 202 30 biblioteket

229 2000 65 29 och
317 2000 134 30 arkivet
472 2001 75 30 titel
571 2002 127 30 ändras
720 2001 82 30 från
827 2002 239 30 bibliotekarie
1090 2003 52 29 till
1165 2003 109 29 förste
1299 2003 167 29 aktuarie.

272 2051 226 31 Beträffande
523 2062 43 19 en
591 2062 42 20 av
657 2052 195 31 statistiska
876 2053 245 39 centralbyrån
1147 2053 99 39 gjord
1272 2053 209 30 hemställan
1507 2063 57 20 om
1589 2054 142 39 bemyn-

229 2101 149 39 digande
396 2103 49 29 att
462 2102 54 30 för
534 2103 171 30 täckande
724 2113 42 20 av
782 2104 237 30 kostnaderna
1037 2104 56 30 för
1112 2105 39 28 de
1170 2104 280 30 administrativa
1468 2105 65 29 och
1552 2104 178 30 kamerala

229 2153 165 38 göromål,
411 2162 72 20 som
498 2153 55 30 för
568 2154 338 31 maskincentralens
920 2155 151 39 räkning
1087 2154 165 39 fullgöres
1268 2164 42 21 av
1326 2155 261 39 centralbyråns
1604 2155 125 36 kansli,

228 2204 162 29 använda
423 2213 41 21 av
497 2204 320 30 maskincentralen
852 2205 52 29 till
937 2205 245 40 centralbyrån
1217 2205 142 39 erlagda
1392 2206 339 39 ersättningsbelopp

228 2253 162 30 förordar
416 2254 396 40 departementschefen,
842 2256 50 29 att
919 2256 56 29 det
1003 2257 59 29 må
1091 2256 189 30 ankomma
1307 2257 45 39 på
1379 2256 125 39 Kungl.
1535 2256 105 39 Maj:t
1669 2258 60 32 att,

228 2303 89 30 efter
338 2305 260 39 framställning
619 2316 41 20 av
679 2306 255 39 centralbyrån,
956 2306 132 39 årligen
1110 2307 105 39 pröva
1237 2307 11 29 i
1270 2306 116 30 vilken
1407 2307 245 39 utsträckning
1673 2307 58 29 det

228 2353 207 40 ifrågasatta
457 2355 294 40 bemyndigandet
773 2356 63 29 bör
860 2356 103 40 givas.

272 2405 393 40 Departementschefen
688 2407 64 29 har
779 2407 162 39 slutligen
965 2408 133 29 erinrat
1122 2417 55 20 om
1203 2408 54 30 sin
1283 2408 110 30 under
1417 2408 229 30 förevarande
1671 2417 61 20 an-

229 2455 208 40 slagspunkt
462 2457 10 29 i
499 2457 207 39 föregående
734 2458 411 40 statsverksproposition
1173 2459 123 38 gjorda
1324 2458 173 35 anmälan,
1527 2460 50 28 att
1604 2459 126 38 Kungl.

227 2505 108 40 Maj:t
357 2524 44 3 —
421 2507 10 28 i
455 2507 90 39 syfte
570 2509 49 28 att
642 2508 169 39 tillfälligt
834 2508 177 30 förstärka
1035 2509 67 29 den
1124 2508 468 40 juridiskt-administrativa
1614 2517 118 32 perso-
