1866 2778
553 169 286 32 Statsutskottets
865 168 179 31 utlåtande
1068 176 43 21 nr
1136 167 28 33 7.
1572 163 41 31 25

466 257 50 29 att
538 254 188 40 riksdagen
747 254 59 30 må
827 253 53 31 till
902 252 348 40 Kontrollstyrelsen:
1276 250 259 31 Omkostnader
1557 251 55 30 för

421 304 206 42 budgetåret
646 303 150 37 1954/55
815 303 121 32 anvisa
955 304 48 30 ett
1022 303 273 40 förslagsanslag
1314 311 42 22 av
1377 301 59 30 127
1451 300 64 31 800
1533 301 80 30 kro-

422 365 74 22 nor.

155 500 98 35 41:0)
279 498 344 37 Kontrollstyrelsen:
645 498 129 30 Lokala
794 495 321 32 skattekontrollen.
1134 494 123 38 Kungl.
1278 493 103 37 Maj:t
1399 493 64 30 har
1486 492 128 38 (punkt

114 551 51 36 41,
188 561 25 21 s.
234 551 149 35 58—60)
409 549 179 41 föreslagit
609 549 187 39 riksdagen
817 550 51 30 att
888 548 53 30 till
961 547 349 40 Kontrollstyrelsen:
1332 545 131 32 Lokala
1484 545 130 30 skatte-

114 602 198 32 kontrollen
349 602 56 30 för
441 600 205 41 budgetåret
674 598 148 37 1954/55
850 597 121 33 anvisa
997 599 48 29 ett
1072 597 273 40 förslagsanslag
1372 606 42 22 av
1441 594 93 31 1007
1550 594 64 31 000

115 654 140 30 kronor.

160 754 270 40 Ifrågavarande
449 753 121 39 anslag
588 753 38 30 är
644 752 13 30 i
675 751 159 40 gällande
851 750 148 31 riksstat
1017 748 145 42 uppfört
1180 749 80 30 med
1281 748 15 30 1
1313 746 62 32 025
1390 746 63 31 500
1472 747 142 30 kronor.

159 805 125 40 Kungl.
308 804 125 40 Maj:ts
457 803 132 41 förslag
612 802 156 35 innebär,
792 801 156 31 förutom
970 800 94 31 vissa
1088 798 236 32 automatiska
1346 797 270 41 utgiftsföränd-

115 855 128 41 ringar,

159 906 51 30 att
230 906 59 30 två
310 904 309 31 kontorsbiträden
639 904 12 30 i
672 902 45 31 Ce
737 902 19 30 8
777 902 168 41 uppföres
966 901 46 41 på
1031 900 175 31 ordinarie
1226 901 85 33 stat;

159 957 52 30 att
230 965 60 21 sex
309 954 318 40 assistenttjänster
646 954 12 30 i
678 953 43 30 Ce
741 953 65 30 och
827 951 47 42 Cg
893 951 41 31 20
954 951 196 41 uppflyttas
1169 950 54 31 till
1242 949 39 31 21
1304 949 225 40 lönegraden;

161 1008 52 29 att
237 1016 46 21 en
309 1005 281 40 assistenttjänst
617 1005 12 29 i
657 1003 42 31 Ce
729 1003 39 30 15
796 1002 58 32 vid
882 1001 328 40 kontrollstyrelsen
1235 1000 205 39 överflyttas
1467 999 54 30 till
1550 999 67 31 den

116 1057 116 31 lokala
252 1056 331 34 skattekontrollen;

160 1109 52 30 att
239 1108 80 31 med
347 1108 140 38 hänsyn
514 1106 53 31 till
595 1105 191 30 verkställd
815 1103 225 40 omläggning
1067 1112 42 21 av
1137 1102 172 30 elskatten
1339 1101 70 30 fem
1438 1099 179 31 assistent-

117 1158 151 40 tjänster
291 1157 174 40 indrages,
490 1155 109 31 vilket
623 1155 137 31 medför
784 1165 44 21 en
852 1152 347 41 anslagsminskning
1221 1152 81 30 med
1327 1150 118 31 63596
1469 1150 146 34 kronor;

161 1210 92 29 samt
272 1211 53 30 att
345 1207 274 41 arvodesposten
636 1206 53 30 till
709 1205 200 31 kontrollen
929 1204 58 31 vid
1007 1201 439 33 lantbruksbrännerierna
1465 1200 154 41 uppräk-

120 1269 62 23 nas
204 1260 79 31 med
305 1259 18 30 5
338 1257 64 33 000
425 1258 140 36 kronor,
588 1256 167 31 föranlett
775 1264 43 22 av
840 1255 67 31 den
930 1253 260 32 fortskridande
1212 1251 328 39 rationaliseringen
1560 1250 59 31 vid

120 1310 209 31 kontrollen.

160 1359 166 40 Anslaget
345 1357 174 32 beräknas
541 1355 163 32 sålunda:

118 1410 202 39 avlöningar
343 1408 53 30 till
418 1406 176 32 ordinarie
615 1405 162 41 personal
800 1404 40 31 16
854 1403 64 31 300
946 1403 55 39 (+
1023 1402 114 35 9800)
1164 1401 146 35 kronor;

118 1461 151 30 arvoden
292 1459 66 30 och
384 1457 174 32 särskilda
582 1454 245 41 ersättningar,
851 1453 182 32 bestämda
1056 1462 43 21 av
1122 1452 125 40 Kungl.
1271 1451 116 39 Maj:t,
1414 1449 205 31 oförändrat

162 1510 65 31 206
237 1509 64 32 000
323 1509 147 35 kronor;

117 1560 205 40 avlöningar
343 1559 54 30 till
418 1558 96 40 övrig
536 1555 269 33 icke-ordinarie
825 1554 163 42 personal
1011 1553 63 31 442
1089 1553 63 31 900
1180 1552 60 34 (—
1262 1552 41 31 26
1318 1551 80 36 000)
1426 1550 146 35 kronor;

117 1611 121 40 rörligt
257 1610 120 40 tillägg
396 1609 63 31 232
474 1608 63 31 800
562 1607 60 35 (—
640 1606 20 31 8
674 1606 80 34 300)
779 1606 147 34 kronor;

119 1660 169 41 sjukvård
309 1669 46 21 m.
377 1668 45 22 m.
442 1658 206 32 oförändrat
667 1658 19 30 2
700 1656 63 32 000
783 1657 147 33 kronor;

119 1710 311 40 reseersättningar
451 1709 63 31 200
528 1708 64 32 000
619 1707 56 40 (+
695 1708 19 30 6
729 1707 81 34 000)
836 1706 145 35 kronor;

119 1770 167 32 expenser
306 1759 207 33 oförändrat
532 1759 42 31 24
588 1758 63 31 000
671 1758 147 35 kronor;

119 1812 119 40 övriga
257 1811 145 40 utgifter
423 1810 205 31 oförändrat
650 1809 39 30 10
703 1807 63 32 000
787 1808 147 34 kronor;

120 1860 447 39 kontrollkostnadsbidrag
591 1868 45 21 m.
658 1868 45 21 m.
725 1857 206 31 oförändrat
953 1856 59 31 127
1028 1856 63 30 000
1115 1856 139 30 kronor.

168 1912 163 38 Anslaget
352 1911 173 30 beräknas
545 1910 103 30 alltså
668 1909 52 30 till
773 1908 62 30 1007
852 1907 62 30 000
939 1906 59 34 (—
1013 1906 39 30 18
1066 1906 80 33 500)
1170 1906 140 31 kronor.

169 2013 185 36 Utskottet,
377 2021 75 21 som
475 2012 71 30 inte
569 2010 119 30 funnit
711 2009 189 40 anledning
924 2008 52 30 till
1000 2007 140 31 erinran
1163 2008 72 28 mot
1258 2005 126 40 Kungl.
1407 2004 124 40 Maj:ts
1556 2004 70 29 för-

124 2065 83 39 slag,
228 2063 213 34 hemställer,

477 2114 50 29 att
546 2112 187 39 riksdagen
752 2111 58 30 må
831 2110 53 30 till
902 2107 349 40 Kontrollstyrelsen:
1273 2106 131 30 Lokala
1425 2105 202 30 skattekon-

434 2163 123 30 trollen
583 2163 55 29 för
663 2161 204 39 budgetåret
894 2159 147 41 1954/55
1068 2157 121 32 anvisa
1212 2159 48 28 ett
1286 2156 273 39 förslagsanslag
1586 2163 41 22 av

436 2214 14 29 1
467 2213 61 31 007
544 2213 64 29 000
629 2213 140 29 kronor.

171 2365 97 33 42:0)
303 2363 344 35 Kontrollstyrelsen:
678 2359 463 37 Systembolagsrevisionen.
1170 2358 13 29 I
1214 2357 151 39 enlighet
1393 2356 78 30 med
1502 2355 126 39 Kungl.

126 2416 124 39 Maj:ts
274 2414 133 40 förslag
434 2413 130 40 (punkt
587 2412 52 36 42,
664 2421 24 20 s.
714 2411 74 35 60),
812 2411 109 30 vilket
943 2409 145 30 innebär
1112 2418 42 21 en
1179 2406 346 40 anslagsminskning
1549 2406 78 29 med

127 2467 94 30 2000
247 2466 131 30 kronor
404 2463 169 32 avseende
598 2464 122 40 posten
748 2462 52 29 till
826 2460 322 38 reseersättningar,
1176 2458 200 30 hemställer
1404 2457 180 33 utskottet,
