2210 2628
410 192 19 32 8
894 187 296 35 Bankoutskottets
1210 185 163 33 memorial
1396 185 52 31 Nr
1472 187 53 30 63.

811 273 140 50 göring
992 273 127 47 slutar,
1160 271 173 38 månads-
1374 270 71 37 och
1486 267 245 51 dagarvoden
1771 267 85 37 med
1897 266 113 37 halva

812 325 186 37 ordinarie
1025 324 199 50 beloppen.

915 380 34 34 3.
1006 375 289 38 Vederbörande
1336 373 176 50 ständiga
1552 372 147 37 utskott
1740 376 73 44 äga
1839 375 85 32 vart
1952 370 59 36 för

812 429 61 48 sig
912 429 209 37 bestämma
1157 428 124 48 skälig
1308 426 213 48 ersättning
1548 427 38 35 åt
1614 424 73 37 den
1714 423 186 50 personal,
1930 435 81 23 som

813 481 94 36 efter
947 481 46 36 de
1034 480 190 50 egentliga
1260 477 364 39 utskottsarbetenas
1652 475 221 38 avslutande
1902 486 110 24 anses

813 533 94 37 böra
933 532 206 38 bibehållas
1166 532 12 36 i
1205 531 118 50 tjänst
1351 530 68 37 hos
1446 529 208 37 utskotten.

916 586 36 35 4.
1006 584 57 36 De
1090 584 228 49 tjänstemän
1347 583 70 36 och
1444 581 265 43 vaktmästare,
1739 592 81 24 som
1845 578 95 37 efter
1957 577 56 37 in-

814 636 154 37 kallelse
996 636 172 49 fullgjort
1197 635 89 37 eller
1313 634 197 39 framdeles
1542 632 116 37 under
1680 631 226 48 riksdagens
1925 630 88 48 lopp

815 689 152 36 komma
1008 693 56 31 att
1104 687 165 37 bestrida
1309 686 137 37 militär
1473 684 262 50 tjänstgöring
1761 688 92 31 utan
1882 686 56 31 att
1966 694 48 22 av

817 740 115 37 sådan
970 739 207 49 anledning
1203 738 167 38 inträffat
1398 737 154 37 avbrott
1579 737 12 36 i
1618 736 108 37 deras
1753 732 262 52 tjänstgöring

816 793 68 36 hos
911 792 207 49 riksdagen
1146 791 164 37 sträcker
1336 790 60 49 sig
1421 794 135 32 utöver
1584 790 48 35 50
1654 787 136 49 dagar,
1815 788 60 35 må
1894 784 121 37 under

817 844 103 37 tiden
953 844 58 37 för
1038 843 107 37 deras
1173 846 40 34 så
1241 841 214 38 beskaffade
1482 840 261 50 tjänstgöring
1768 837 121 37 under
1921 836 94 37 riks-

817 896 123 48 dagen
967 895 169 50 uppbära
1164 894 220 48 ersättning,
1413 894 232 49 tjänsteman
1672 890 86 38 med
1781 890 145 37 hälften
1946 888 70 37 och

816 948 254 37 vaktmästare
1109 946 84 38 med
1234 949 64 34 två
1335 945 222 49 tredjedelar
1585 958 47 23 av
1659 943 63 37 det
1749 944 49 48 på
1826 941 104 37 tiden
1958 940 59 36 för

816 999 451 50 militärtjänstgöringen
1293 996 210 51 belöpande
1529 993 346 51 riksdagsarvodet.

523 1068 217 38 Stockholm
772 1068 72 37 den
872 1070 23 35 4
914 1068 85 49 juni
1030 1069 109 35 1916.

921 1171 52 37 På
1000 1165 330 61 bankoutskottets
1358 1174 159 44 vägnar:

918 1256 165 38 ERNST
1111 1237 407 56 HEDENSTIERNA.

529 1572 64 28 Vid
616 1572 88 27 detta
727 1571 135 28 ärendes
885 1568 265 37 slutbehandling
1171 1568 85 27 hava
1277 1566 156 29 närvarit:

529 1624 41 18 av
602 1614 100 28 första
734 1614 200 39 kammaren:
969 1612 111 28 herrar
1105 1609 220 35 Hedenstierna,
1358 1607 140 37 Neiglick,
1526 1606 124 36 Ekman,
1677 1605 183 36 Gustafsson,
1884 1604 135 29 friherre

423 1656 223 37 Langenskiöld,
668 1656 136 34 Jönsson,
830 1654 110 36 Östling
963 1654 59 29 och
1044 1653 31 29 J.
1102 1652 136 29 Carlsson
1261 1654 83 26 samt

531 1708 40 19 av
611 1699 100 28 andra
749 1699 201 27 kammaren:
992 1696 109 28 herrar
1143 1694 158 37 Vahlquist,
1341 1693 101 30 Olsson
1475 1693 11 27 i
1520 1692 164 36 Blädinge,
1718 1690 196 35 Kristensson,
1943 1690 78 36 Berg

424 1743 11 27 i
458 1741 180 35 Munkfors,
661 1740 121 36 Edbom,
805 1740 125 29 Jonsson
952 1739 11 28 i
986 1738 60 35 Hå,
1069 1737 151 29 Anderson
1241 1737 11 27 i
1275 1737 165 36 Knapasjö
1463 1735 60 28 och
1548 1734 101 29 Olsson
1671 1734 11 27 i
1705 1734 91 36 Berg.

920 2306 163 27 Stockholm,
1101 2308 30 21 K.
1145 2307 28 21 L.
1186 2307 146 21 Beckmans
1346 2305 98 26 Boktr.,
1460 2306 75 21 1916.
