1906 2778
281 144 18 29 6
551 145 452 32 Konstitutionsutskottets
1025 148 181 31 utlåtande
1226 159 43 21 nr
1291 151 38 29 11
1352 150 40 31 år
1414 152 84 30 1963

281 227 106 30 vilket
407 228 302 40 upplysningarna
728 230 188 35 erfordras,
937 232 65 30 och
1022 234 99 28 arten
1142 242 43 21 av
1205 233 41 30 de
1266 235 309 40 omständigheter,
1597 245 74 21 som
1692 246 85 31 upp-

281 277 228 40 lysningarna
525 288 108 21 avser.
653 279 67 30 Om
737 280 123 31 enbart
877 282 309 40 myndigheternas
1204 283 111 31 behov
1332 294 42 21 av
1391 286 255 40 upplysningar
1664 287 115 40 lägges

282 326 52 30 till
359 328 113 38 grund
498 328 54 30 för
575 328 287 41 registreringens
887 331 222 41 omfattning,
1136 333 113 30 skulle
1273 334 114 30 denna
1415 335 122 30 kunna
1562 337 101 39 göras
1688 346 94 30 myc-

282 376 58 30 ket
366 377 203 31 vidsträckt.
599 378 196 40 Självfallet
823 381 110 30 måste
962 382 193 31 emellertid
1182 384 137 39 hänsyn
1346 386 98 39 tagas
1472 386 87 30 även
1586 387 53 29 till
1671 388 110 30 andra

281 428 306 39 omständigheter.
609 430 120 30 Redan
750 440 43 20 av
813 431 280 32 administrativa
1113 434 66 30 och
1200 434 230 31 ekonomiska
1450 436 75 30 skäl
1547 437 71 30 kan
1639 447 42 20 en
1703 438 77 30 allt-

281 477 54 30 för
352 477 227 41 långtgående
597 480 224 41 registrering
838 481 76 31 icke
931 482 143 31 komma
1089 484 12 30 i
1118 483 110 41 fråga.
1245 485 67 29 För
1329 494 43 21 en
1388 485 235 42 begränsning
1640 488 139 30 härvid-

281 526 55 40 lag
357 528 90 29 talar
469 528 89 30 dock
581 528 150 31 framför
754 531 61 30 allt
837 531 183 40 hänsynen
1043 533 53 30 till
1119 534 41 29 de
1184 543 175 30 personer,
1384 545 75 21 som
1483 537 114 30 skulle
1619 537 48 30 bli
1690 538 90 30 före-

280 577 69 29 mål
370 577 56 30 för
444 578 233 41 registrering.

323 628 115 30 Blotta
455 629 190 40 vetskapen
663 631 65 30 hos
747 640 43 21 en
808 640 137 31 person,
964 635 51 28 att
1033 633 223 32 beträffande
1274 636 130 30 honom
1424 636 115 31 finnes
1560 638 217 31 antecknade

279 678 187 39 uppgifter,
486 688 75 21 som
581 680 147 31 allmänt
748 682 180 39 uppfattas
949 683 115 30 såsom
1084 684 265 41 ofördelaktiga,
1370 687 70 29 kan
1460 687 11 29 i
1491 688 65 30 och
1576 688 55 30 för
1651 689 51 39 sig
1720 698 57 21 va-

277 737 39 20 ra
332 738 42 19 en
391 728 119 31 börda.
528 730 280 41 Registreringen
826 732 70 30 kan
913 733 86 30 även
1016 734 170 36 medföra,
1205 737 50 29 att
1272 736 225 40 uppgifterna
1514 738 234 31 aktualiseras
1765 739 12 30 i

279 780 264 39 sammanhang,
565 780 62 30 där
648 781 68 30 den
737 782 229 39 registrerade
988 784 64 30 har
1073 786 48 29 ett
1144 786 113 30 starkt
1278 786 148 31 intresse
1448 797 43 20 av
1511 790 51 28 att
1583 789 76 30 icke
1682 789 94 30 inför

277 829 242 40 myndigheter
535 831 83 29 eller
634 831 112 30 andra
763 832 147 31 framstå
927 834 11 29 i
955 842 194 31 ogynnsam
1167 835 105 40 dager
1287 837 66 29 och
1370 837 63 30 där
1450 838 41 29 de
1507 838 268 40 ifrågavarande

277 879 225 39 uppgifterna
521 899 44 3 —
586 890 74 21 som
683 882 71 30 kan
776 892 78 21 avse
877 883 245 32 förhållanden
1144 885 96 40 långt
1261 886 146 31 tillbaka
1428 888 11 28 i
1461 888 95 30 tiden
1576 907 45 4 —
1642 890 38 29 är
1701 899 75 20 mer

277 929 81 30 eller
382 930 137 30 mindre
544 931 217 39 opåkallade.
788 933 171 30 Riskerna
983 934 55 30 för
1062 937 50 28 att
1138 936 226 39 uppgifterna
1387 937 68 30 blir
1479 938 216 41 tillgängliga
1720 940 56 30 för

276 979 185 41 obehöriga
482 981 69 29 kan
571 981 29 40 ej
624 982 110 29 heller
753 983 72 30 helt
844 983 209 33 elimineras,
1075 985 308 41 Omständigheter
1402 997 43 20 av
1464 988 95 31 detta
1579 990 75 39 slag
1673 990 70 29 kan
1763 990 11 29 i

275 1038 253 31 ogynnsamma
548 1031 60 30 fall
628 1033 183 30 motverka
829 1034 83 29 eller
931 1034 127 30 hindra
1077 1035 67 30 den
1164 1036 292 42 återanpassning
1475 1048 42 20 av
1535 1039 239 41 brottslingar,

275 1080 52 29 till
344 1080 117 30 vilken
480 1081 202 31 samhällets
700 1082 344 32 kriminalvårdande
1062 1085 162 39 åtgärder
1242 1087 121 39 syftar.

319 1131 50 29 Av
390 1131 57 29 det
470 1131 147 31 anförda
639 1132 99 30 torde
761 1133 146 40 framgå,
930 1136 50 29 att
1003 1135 219 39 spörsmålet,
1244 1137 175 31 huruvida
1441 1139 65 29 och
1528 1139 11 29 i
1561 1139 118 31 vilken
1702 1149 72 21 om-

274 1180 153 40 fattning
449 1181 93 30 brott
565 1183 65 29 och
653 1182 289 42 brottspåföljder
967 1185 89 30 skall
1079 1186 215 39 registreras,
1318 1187 39 30 är
1380 1197 44 20 en
1447 1189 324 41 avvägningsfråga,

275 1229 62 30 där
360 1230 163 31 intresset
549 1241 41 21 av
614 1234 50 29 att
689 1233 243 39 myndigheter
956 1235 65 29 och
1046 1235 110 30 andra
1182 1236 89 30 skall
1296 1237 121 31 kunna
1443 1238 35 30 få
1504 1239 37 30 så
1567 1239 207 41 fullständig

273 1279 199 31 kännedom
495 1290 74 21 som
590 1282 139 40 möjligt
751 1283 11 29 i
784 1283 101 31 dessa
908 1284 223 31 hänseenden
1152 1286 112 31 måste
1285 1287 104 40 vägas
1411 1291 73 27 mot
1506 1289 67 30 den
1597 1291 176 30 enskildes

274 1329 182 30 önskemål
483 1339 56 21 om
570 1332 111 38 skydd
709 1335 73 28 mot
809 1334 185 39 opåkallad
1022 1335 103 39 insyn
1152 1336 11 29 i
1191 1337 89 30 hans
1308 1338 136 39 privata
1473 1336 299 48 angelägenheter.

274 1378 104 40 Varje
398 1380 142 31 särskilt
559 1381 110 31 behov
689 1392 43 20 av
750 1383 223 42 registrering
992 1385 62 30 bör
1073 1386 44 39 på
1137 1387 114 39 grund
1269 1388 108 30 härav
1396 1397 89 31 noga
1505 1391 136 38 prövas,
1663 1391 109 30 innan

273 1429 223 42 registrering
512 1431 154 31 beslutas
683 1434 65 29 och
765 1433 224 41 riktlinjerna
1006 1436 120 30 därför
1143 1437 123 40 drages
1284 1447 80 31 upp,
1382 1440 66 29 och
1465 1440 68 30 alla
1549 1437 223 48 möjligheter

273 1481 49 27 att
343 1479 170 40 begränsa
533 1481 268 41 registreringen
823 1486 85 28 utan
930 1487 51 29 att
1002 1485 168 41 befogade
1192 1487 171 31 intressen
1385 1490 117 30 trädes
1524 1490 55 30 för
1600 1492 87 30 nära
1710 1492 61 29 bör

272 1529 120 31 därvid
414 1530 247 41 tillvaratagas.
684 1534 66 29 Det
771 1542 48 21 nu
842 1535 106 39 sagda
969 1536 65 29 har
1055 1536 127 31 främst
1204 1539 167 29 avseende
1394 1540 20 29 å
1436 1540 154 40 register,
1613 1542 95 30 vilka
1728 1560 44 4 —

271 1578 126 31 liksom
415 1580 58 31 det
492 1582 178 30 allmänna
689 1583 266 41 straffregistret
971 1604 44 4 —
1033 1587 178 31 användes
1229 1597 74 21 som
1321 1589 185 41 offentliga
1524 1592 247 40 upplysnings-

269 1628 123 32 källor.

315 1732 13 29 I
356 1732 53 29 sin
435 1734 201 29 nuvarande
664 1735 219 40 utformning
909 1737 195 30 innehåller
1129 1739 58 31 det
1214 1740 177 31 allmänna
1419 1742 267 40 straffregistret
1711 1745 59 29 vä-

271 1783 169 38 sentligen
466 1784 122 29 endast
614 1784 132 31 sådana
772 1786 177 39 uppgifter
974 1797 56 20 om
1056 1788 151 31 ådömda
1232 1790 275 41 bestraffningar
1533 1793 65 30 och
1624 1794 144 30 därmed

271 1832 176 30 likställda
466 1833 170 39 åtgärder,
659 1844 75 20 som
756 1837 38 28 är
815 1836 220 41 nödvändiga
1055 1838 54 31 för
1130 1848 42 21 en
1195 1841 69 29 rätt
1285 1841 222 41 tillämpning
1529 1852 42 21 av
1592 1844 176 30 straffrät-

271 1884 76 28 tens
364 1883 110 38 regler
491 1893 56 20 om
565 1884 148 35 återfall,
731 1886 222 32 konkurrens
971 1888 64 30 och
1053 1889 232 31 förverkande
1304 1901 41 20 av
1363 1892 149 31 anstånd
1532 1896 91 27 samt
1640 1895 55 30 för
1713 1895 56 29 be-

270 1930 181 36 dömande,
480 1932 175 31 huruvida
682 1934 71 30 viss
781 1935 136 41 påföljd
946 1937 147 40 lagligen
1122 1940 58 29 må
1210 1940 186 40 tillämpas.
1426 1943 65 29 Det
1520 1943 168 31 förhåller
1718 1945 51 40 sig

268 1981 192 31 emellertid
484 1982 239 42 otvivelaktigt
748 1985 47 35 så,
821 1988 50 28 att
897 1987 424 43 straffregisterutdragen
1346 1991 11 30 i
1381 1992 282 42 rättskipningen
1691 1995 76 30 icke

267 2030 86 32 blott
379 2031 103 39 fyller
506 2033 65 29 den
597 2033 214 40 begränsade
836 2036 210 32 funktionen
1072 2041 50 29 att
1147 2048 97 31 ange,
1271 2041 174 31 huruvida
1471 2043 161 32 formella
1657 2045 111 30 förut-

269 2080 195 40 sättningar
491 2082 183 40 föreligger
701 2084 56 30 för
782 2086 222 42 tillämpning
1031 2098 42 21 av
1098 2089 94 31 vissa
1218 2091 175 40 lagregler.
1421 2093 50 30 De
1501 2095 265 40 upplysningar,

268 2138 73 22 som
358 2131 149 31 erhålles
524 2141 123 32 genom
666 2135 180 40 utdragen,
864 2137 166 32 tillmätes
1047 2139 106 31 också
1170 2142 238 40 regelmässigt
1426 2145 72 28 stor
1515 2144 175 40 betydelse
1708 2146 58 30 vid

266 2181 54 29 val
345 2190 42 21 av
410 2182 273 32 reaktionsform
709 2188 90 28 samt
823 2186 57 30 vid
906 2188 267 42 straffmätning
1196 2192 65 29 och
1288 2201 117 21 annan
1430 2194 162 30 närmare
1618 2197 149 29 utform-

266 2230 83 40 ning
367 2240 43 21 av
429 2232 67 30 den
514 2233 101 30 valda
635 2234 329 34 reaktionsformen.

311 2282 74 29 Den
402 2283 83 35 vikt,
505 2293 74 20 som
596 2285 57 29 vid
671 2288 317 40 personutredning
1003 2290 11 30 i
1031 2290 166 31 brottmål
1216 2292 155 40 tillägges
1391 2294 373 40 straffregisterutdra-

267 2333 64 37 get,
350 2332 101 30 beror
470 2334 193 39 säkerligen
682 2336 76 30 icke
776 2337 107 30 minst
901 2338 45 39 på
964 2341 49 28 att
1032 2341 159 38 reglerna
1209 2351 56 21 om
1283 2344 66 29 vad
1370 2353 74 21 som
1464 2345 88 30 skall
1572 2347 192 30 antecknas

265 2382 11 28 i
303 2382 266 40 straffregistret
594 2386 38 28 är
658 2386 136 36 exakta,
822 2388 362 39 uppgiftslämnandet
1211 2393 166 39 enhetligt
1401 2395 67 29 och
1494 2396 269 40 redovisningen

264 2431 12 29 i
296 2432 169 40 utdragen
482 2451 45 4 —
544 2434 95 30 inom
659 2445 122 21 ramen
800 2437 55 30 för
871 2439 66 29 vad
957 2440 159 38 registret
1136 2442 168 31 omfattar
1320 2462 45 4 —
1383 2444 208 42 fullständig
1611 2448 64 29 och
1695 2447 69 30 till-
