1906 2782
393 159 452 30 Konstitutionsutskottets
867 158 181 30 utlåtande
1069 167 43 20 nr
1135 157 37 29 11
1196 157 39 30 år
1258 157 84 29 1963
1584 156 38 33 13

121 244 325 40 registeruppgifter
469 244 122 29 kunna
614 243 177 39 tillämpas
815 243 44 29 än
883 242 10 30 i
917 241 100 40 fråga
1041 250 56 21 om
1121 240 214 40 myndighet.
1358 240 65 39 Jag
1446 240 64 29 har
1532 239 88 29 efter

121 295 239 40 övervägande
380 304 42 20 av
441 294 41 30 de
502 294 93 30 olika
613 294 183 35 intressen,
817 302 75 21 som
911 293 65 29 här
995 293 60 38 gör
1075 291 51 40 sig
1145 291 170 39 gällande,
1335 291 142 29 stannat
1495 289 57 30 vid
1572 291 50 28 att

122 346 149 30 rörande
296 345 151 30 flertalet
472 344 251 40 anteckningar
748 343 130 31 föreslå
900 343 137 30 hälften
1062 342 39 30 så
1124 341 102 40 långa
1250 340 372 39 rehabiliteringstider

124 404 77 21 som
224 395 222 30 beträffande
470 395 110 30 andra
604 394 136 39 utdrag.

168 447 74 29 Hur
260 446 61 30 bör
340 455 82 21 man
442 445 144 34 förfara,
605 445 63 30 när
686 444 222 31 beträffande
929 453 135 21 samma
1082 451 127 32 person
1230 442 235 30 förekommer
1486 450 73 21 mer
1579 441 45 29 än

124 506 42 20 en
190 496 211 40 anteckning
424 505 43 21 av
490 496 56 30 det
570 496 83 39 slag,
678 504 74 21 som
776 495 11 30 i
811 495 66 30 och
901 494 54 30 för
980 494 51 40 sig
1055 493 167 31 omfattas
1247 502 43 20 av
1314 492 311 39 uteslutningsreg-

124 547 118 30 lerna?
260 547 63 39 Jag
343 546 158 35 föreslår,
520 548 49 28 att
588 546 41 30 de
648 546 100 34 tider,
767 545 111 30 under
896 545 95 30 vilka
1009 542 400 42 registeranteckningar
1430 542 87 30 skall
1538 541 88 30 åter-

124 605 59 32 ges
201 597 12 30 i
231 597 135 40 utdrag,
385 597 203 39 visserligen
608 596 187 39 förlänges,
815 604 56 21 om
890 613 46 4 —
954 595 111 30 under
1085 594 57 30 det
1164 593 108 30 sådan
1293 593 50 31 tid
1365 593 95 39 löper
1479 611 45 4 —
1544 592 81 29 dom

124 648 84 30 eller
230 647 113 30 beslut
367 656 42 21 av
432 646 245 31 beskaffenhet
702 648 50 28 att
775 646 86 30 böra
885 645 191 30 antecknas
1101 644 11 30 i
1137 644 159 40 registret
1322 643 91 39 ånyo
1437 642 188 34 meddelas,

124 707 80 20 men
233 699 49 28 att
310 697 222 40 anteckning,
559 696 221 30 beträffande
808 696 117 30 vilken
954 694 196 31 tidsfristen
1180 694 112 39 utlöpt
1321 695 85 28 utan
1436 695 49 28 att
1515 692 111 40 dylikt

127 747 435 41 »preskriptionsavbrott»>
586 746 173 36 inträffat,
783 746 30 40 ej
840 746 119 30 vidare
982 745 177 39 medtages
1184 744 11 30 i
1218 743 282 40 registerutdrag.
1525 743 102 29 Före-

127 799 132 30 skrives
279 798 115 31 såsom
413 798 60 39 jag
492 798 64 30 här
575 797 146 30 föreslår
741 797 94 30 olika
853 796 105 40 långa
976 795 192 31 tidsfrister
1186 794 222 31 beträffande
1429 794 125 38 utdrag
1575 793 52 30 till

125 849 243 39 myndigheter
389 849 66 29 och
476 848 51 30 till
548 848 169 34 enskilda,
739 846 137 31 medför
897 847 116 29 denna
1034 845 136 41 princip
1193 844 115 35 också,
1331 846 50 28 att
1405 843 222 40 förlängning

126 908 42 21 av
194 899 137 30 tiderna
356 899 76 29 icke
461 899 79 29 sker
567 898 204 39 likformigt.
800 897 78 30 Med
907 897 41 30 de
976 896 200 39 föreslagna
1203 894 238 31 tidsfristerna
1469 895 159 29 kommer

125 949 221 30 beträffande
375 949 41 30 de
444 948 169 40 egentliga
641 947 385 39 återfallsförbrytarna
1054 946 138 30 tiderna
1219 946 11 29 i
1259 945 190 30 allmänhet
1479 946 50 28 att
1559 944 69 30 för-

126 1000 121 39 längas
264 999 146 34 därhän,
427 1001 50 29 att
495 998 160 40 samtliga
672 997 253 40 anteckningar
942 997 89 30 skall
1049 997 190 38 medtagas.
1257 995 227 30 Beträffande
1502 995 126 38 utdrag

126 1050 52 30 till
205 1049 159 31 enskilda
389 1050 70 29 kan
487 1049 162 34 förutses,
675 1050 51 28 att
753 1048 133 30 sådana
912 1047 281 39 huvudsakligen
1220 1046 159 30 kommer
1407 1047 49 28 att
1484 1045 144 39 begäras

127 1109 42 21 av
191 1109 177 30 personer,
392 1108 76 22 som
493 1099 164 39 antingen
682 1098 30 40 ej
740 1099 65 30 alls
829 1098 236 30 förekommer
1091 1097 10 29 i
1126 1096 160 40 registret
1311 1096 82 30 eller
1418 1096 86 29 blott
1530 1095 98 30 blivit

128 1150 147 30 föremål
295 1149 55 30 för
368 1150 115 39 någon
503 1149 146 30 enstaka
669 1148 221 39 anteckning.

171 1200 49 30 De
241 1200 85 34 skäl,
346 1209 75 21 som
440 1199 136 31 anförts
594 1201 72 28 mot
685 1201 50 28 att
753 1199 11 29 i
783 1198 274 40 registerutdrag
1074 1197 162 39 medtaga
1254 1196 186 40 påföljder,
1458 1195 94 30 vilka
1570 1204 57 21 en-

127 1251 78 30 dast
226 1260 98 21 avser
343 1250 199 40 gärningar,
561 1250 181 39 begångna
761 1249 75 31 före
856 1249 146 30 aderton
1022 1248 56 30 års
1099 1247 106 35 ålder,
1225 1256 102 21 anser
1345 1247 60 39 jag
1424 1247 87 39 väga
1529 1248 99 37 tyng-

127 1311 36 20 re
186 1302 45 29 än
253 1302 41 29 de
317 1301 200 34 nackdelar,
541 1309 73 22 som
636 1301 71 29 kan
730 1300 88 40 följa
840 1309 42 20 av
904 1301 51 28 att
977 1299 126 39 utdrag
1125 1298 76 30 icke
1223 1298 137 29 lämnar
1382 1296 213 40 upplysning
1616 1296 12 29 i

127 1353 96 29 detta
241 1352 210 30 hänseende.
472 1352 64 39 Jag
556 1351 156 29 ansluter
732 1350 70 40 mig
823 1349 121 31 därför
964 1349 53 30 till
1037 1348 251 39 utredningens
1310 1347 141 39 förslag,
1472 1349 50 28 att
1542 1355 87 31 upp-

127 1403 66 39 gift
213 1412 56 20 om
291 1402 109 30 sådan
420 1401 137 40 påföljd
578 1401 110 39 aldrig
709 1401 88 29 skall
818 1400 180 39 medtagas
1018 1399 11 29 i
1049 1399 126 39 utdrag
1195 1398 52 30 till
1268 1398 169 30 enskilda.
1459 1397 170 39 Register-

128 1453 190 39 utdragens
343 1452 166 30 funktion
535 1461 73 21 som
632 1450 242 31 vandelsbevis
898 1451 102 38 utgör
1024 1449 107 39 enligt
1155 1448 73 30 min
1252 1448 142 39 mening
1418 1447 30 40 ej
1476 1447 153 30 tillräck-

130 1502 47 39 lig
201 1502 189 40 anledning
415 1503 50 29 att
489 1501 161 40 medtaga
675 1501 120 39 dylika
820 1500 189 40 uppgifter.
1036 1499 12 29 I
1075 1499 126 39 utdrag
1225 1498 52 30 till
1302 1497 243 40 myndigheter
1570 1497 62 29 bör

129 1552 91 30 dock
244 1552 226 39 uppgifterna
495 1551 170 30 uteslutas
690 1551 124 29 endast
839 1551 11 29 i
875 1550 153 39 enlighet
1053 1549 79 30 med
1159 1549 41 29 de
1226 1548 186 30 förordade
1436 1547 197 30 rehabilite-

130 1602 271 38 ringsreglerna;
428 1602 224 39 uppgifterna
677 1601 88 30 skall
789 1601 103 30 alltså
916 1600 99 30 alltid
1038 1600 179 38 medtagas
1240 1599 11 29 i
1275 1599 126 39 utdrag
1424 1607 74 21 som
1523 1597 110 30 utfär-

128 1655 63 29 das
213 1654 95 29 inom
330 1653 48 30 tio
401 1653 39 30 år
461 1652 78 30 från
561 1653 126 29 domen
709 1652 92 35 eller,
824 1652 11 29 i
857 1650 289 31 förekommande
1169 1650 72 33 fall,
1264 1649 79 30 från
1366 1648 265 30 anstaltstidens

132 1702 80 36 slut,
236 1703 82 29 eller
339 1702 96 30 inom
459 1703 67 29 den
549 1703 116 39 längre
690 1702 49 30 tid
763 1711 75 21 som
863 1702 71 29 kan
957 1700 201 30 föranledas
1181 1709 42 20 av
1245 1709 45 29 ny
1314 1699 212 39 anteckning
1547 1699 11 28 i
1583 1707 50 21 re-

131 1753 132 38 gistret.

174 1804 75 30 Vad
273 1804 107 39 angår
402 1803 257 39 behandlingen
683 1812 41 20 av
747 1803 41 29 de
811 1802 189 39 uppgifter,
1025 1810 73 21 som
1122 1802 81 29 över
1224 1801 121 29 huvud
1368 1800 30 39 ej
1426 1800 88 29 skall
1537 1799 94 30 med-

130 1856 98 37 tagas
250 1854 10 30 i
281 1854 283 39 registerutdrag,
586 1853 116 30 finnes
724 1853 78 29 från
824 1852 241 30 rättsvårdens
1086 1851 180 39 synpunkt
1287 1850 76 29 icke
1385 1850 103 38 något
1510 1851 50 27 att
1580 1849 51 29 in-

130 1905 115 29 vända
265 1907 72 27 mot
358 1907 50 28 att
431 1903 223 40 uppgifterna
675 1905 193 28 utsorteras
890 1911 41 20 ur
952 1901 159 39 registret
1133 1901 64 29 och
1219 1900 177 30 förstöres.
1419 1900 70 29 Mot
1511 1901 47 28 ett
1580 1899 51 30 så-

131 1956 85 29 dant
239 1955 203 29 förfarande
466 1955 88 29 talar
577 1954 88 29 dock
688 1953 73 30 dels
783 1954 138 37 hänsyn
945 1952 51 29 till
1020 1952 56 29 det
1099 1951 147 29 intresse
1270 1950 64 30 och
1357 1950 66 29 den
1446 1949 185 39 betydelse,

132 2015 76 20 som
233 2005 226 39 uppgifterna
484 2005 70 29 kan
578 2004 45 29 ha
648 2004 55 29 för
727 2002 409 39 kriminalvetenskaplig
1163 2000 194 39 forskning,
1383 2000 73 30 dels
1482 2000 56 29 det
1564 1999 68 30 för-

133 2056 189 33 hållandet,
352 2057 50 28 att
430 2057 48 28 ett
507 2054 252 39 kontinuerligt
787 2053 245 30 utsorterande
1062 2061 41 21 av
1131 2051 187 39 uppgifter,
1348 2060 74 20 som
1451 2050 30 39 ej
1512 2050 120 38 längre

135 2106 89 30 skall
254 2106 180 39 medtagas
465 2105 9 29 i
505 2105 135 38 utdrag,
671 2113 42 21 av
741 2103 163 30 tekniska
936 2103 75 30 skäl
1042 2102 97 30 torde
1170 2102 46 28 bli
1247 2101 137 29 relativt
1414 2100 217 30 tidsödande.

133 2156 92 30 Från
252 2157 100 28 dessa
379 2156 218 38 synpunkter
622 2156 37 28 är
685 2155 56 29 det
767 2154 215 39 lämpligare,
1009 2155 49 27 att
1084 2152 225 39 uppgifterna
1334 2150 218 30 fortfarande
1578 2150 54 29 får

135 2207 139 29 tillhöra
295 2206 171 38 registret,
488 2206 64 29 och
572 2205 59 39 jag
654 2204 160 30 förordar
836 2203 131 34 därför,
991 2205 48 27 att
1062 2201 440 39 rehabiliteringsreglerna
1523 2200 110 29 utfor-

134 2266 75 20 mas
234 2256 47 33 så,
305 2258 50 27 att
378 2255 225 39 uppgifterna
626 2255 153 37 alltjämt
803 2254 88 29 skall
916 2252 142 30 tillhöra
1081 2252 159 38 registret
1264 2260 78 20 men
1367 2251 30 38 ej
1425 2250 176 38 medtages
1624 2249 11 29 i

133 2306 283 39 registerutdrag.
