2222 2677
643 207 266 32 Stats-Utskottets
937 209 164 32 Utlåtande
1125 210 63 32 N:o
1213 211 50 32 17.
1696 217 17 27 3

282 294 70 34 5:0.
410 294 93 36 Enär
533 296 170 49 anslaget
731 298 57 34 till
816 297 420 39 Kommendantsstaten
1265 299 114 37 sedan
1408 301 87 47 lång
1523 302 54 35 tid
1599 302 155 36 tillbaka
1798 311 142 31 Angående

153 344 79 35 med
269 346 40 33 12
341 345 140 36 kronor
510 345 211 50 öfverstege
752 348 44 36 de
825 352 19 32 å
874 349 205 37 detsamma
1107 352 132 47 gjorda
1269 352 249 47 anvisningar,
1539 353 65 35 har
1620 353 130 48 Kongl.
1788 346 162 64 EVER

148 394 103 48 Maj:t
293 395 200 49 föreslagit,
536 405 55 28 att
631 400 161 35 nämnda
833 400 136 49 belopp
1013 405 111 32 måtte
1161 402 80 36 från
1272 403 165 47 anslaget
1466 405 151 47 afföras;
1646 405 105 36 herm-
1783 414 188 31 odisponeradt

146 447 180 34 ställande
359 447 200 46 Utskottet,
1821 448 99 32 belopp.

603 506 54 30 att
684 500 121 37 denna
832 502 135 47 nådiga
995 502 274 50 framställning
1298 508 58 32 må
1384 505 110 35 vinna
1515 505 235 49 Riksdagens

548 550 113 37 bifall.

739 703 414 51 Krigshögskolan.

280 805 67 34 6:0.
405 803 61 36 Uti
508 818 44 22 en
593 806 68 36 den
699 810 18 32 2
746 808 165 36 sistlidne
940 808 176 38 Februari
1146 812 56 34 till
1234 811 209 47 Riksdagen
1472 813 134 35 aflåten
1634 813 112 48 nådig
1797 823 136 40 Angående

144 855 231 47 proposition
409 854 84 46 (N:o
531 854 61 46 25)
625 857 64 35 har
718 858 132 47 Kongl.
879 859 102 48 Maj:t
1009 860 195 49 föreslagit
1233 862 223 47 Riksdagen,
1485 869 55 30 att
1568 864 56 34 till
1654 877 91 36 upp-
1781 857 167 66 PT

143 906 171 35 rättande
356 906 8 34 i
406 905 217 38 Stockholm
656 909 39 34 af
719 923 43 22 en
791 910 275 47 krigshögskola,
1096 911 125 38 afsedd
1252 920 54 29 att
1334 915 202 48 inrymmas
1564 915 10 35 i
1604 928 140 23 samma
1763 923 194 40 krigshögskola

144 957 187 48 byggnad,
378 970 80 23 som
503 959 203 36 innesluter
748 959 309 40 Generalstabens
1099 965 254 44 embetslokal,
1397 969 113 32 måtte
1553 969 19 32 å
1614 966 129 48 Fjerde
1770 965 11 16 +
1799 960 153 26 Stockholm.

144 1007 260 36 hufvudtiteln
434 1009 178 48 uppföras
642 1016 54 30 ett
724 1012 189 36 ordinarie
942 1015 126 47 anslag
1096 1015 39 35 af
1161 1017 130 41 25,640
1320 1016 151 43 kronor,
1487 1023 54 29 att
1555 1018 188 35 användas

143 1059 8 34 i
182 1058 388 38 öfverensstämmelse
602 1061 81 35 med
714 1070 51 27 ett
794 1063 38 35 af
857 1063 137 37 Chefen
1023 1065 57 36 för
1109 1065 286 38 Generalstaben
1425 1068 156 45 afgifvet
1605 1067 138 49 förslag

141 1110 56 35 till
238 1116 82 37 stat,
363 1112 68 34 och
474 1117 55 30 att
568 1112 58 36 för
668 1113 238 37 bestridande
949 1116 38 35 af
1026 1117 66 35 den
1134 1118 495 49 inqvarteringsersättning,
1662 1133 80 22 som

140 1161 148 35 skolans
331 1161 87 36 chef
456 1163 69 35 och
567 1165 170 47 samtlige
768 1166 122 35 elever
918 1166 114 37 borde
1062 1169 114 47 enligt
1205 1170 160 35 nämnda
1393 1177 73 29 stat
1495 1171 154 46 åtnjuta,
1679 1185 63 21 an-

139 1212 118 46 slaget
298 1213 56 34 till
396 1214 480 48 inqvarteringskostnader
917 1218 8 33 i
967 1217 218 38 Stockholm
1229 1224 112 32 måtte
1384 1221 103 48 höjas
1523 1221 82 36 med
1635 1224 107 42 7,500

139 1259 148 55 kronor.
1067 1295 4 3 :

272 1332 128 46 Enligt
429 1333 64 35 det
521 1333 252 50 underdåniga
808 1337 198 43 memorial,
1037 1337 177 37 hvarmed
1243 1338 238 37 förrberörda
1508 1339 234 49 statsförslag

138 1381 125 36 blifvit
304 1382 39 36 af
381 1382 140 37 Chefen
550 1384 55 36 för
633 1384 290 38 Generalstaben
953 1388 209 44 aflemnadt,
1190 1390 118 35 skulle
1338 1390 317 47 undervisningen
1685 1389 56 38 för

139 1432 70 36 den
239 1437 39 31 så
307 1434 144 36 kallade
479 1436 371 46 generalstabslinien
880 1438 61 35 vid
971 1440 215 36 nuvarande
1216 1440 318 49 Krigshögskolan
1563 1445 20 32 å
1610 1441 131 37 Marie-

137 1485 92 46 berg
272 1485 170 48 utbrytas
483 1485 81 36 från
598 1487 101 36 detta
728 1488 166 36 läroverk
924 1490 67 34 och
1019 1490 100 36 bilda
1148 1504 44 22 en
1222 1491 244 48 sjelfständig,
1494 1494 53 34 uti
1577 1493 162 35 hufvud-

137 1535 129 35 staden
310 1535 146 48 förlagd
498 1538 231 44 läroanstalt,
760 1538 128 37 afsedd
917 1545 39 31 så
984 1542 58 34 väl
1072 1541 58 36 för
1159 1542 193 36 officerare
1381 1544 10 34 i
1420 1543 212 44 allmänhet,
1660 1557 78 22 som

137 1586 113 35 önska
292 1585 189 38 förvärfva
521 1589 55 45 sig
616 1589 114 46 högre
764 1590 158 36 militära
954 1592 165 46 insigter,
1148 1605 77 23 som
1254 1595 67 34 ock
1350 1595 177 35 särskildt
1556 1594 56 35 för
1640 1594 97 45 dem,

136 1636 125 36 hvilka
302 1637 114 35 önska
458 1638 107 35 vinna
598 1639 146 37 inträde
777 1642 55 34 uti
862 1641 301 37 Generalstaben.
1216 1644 128 36 Denna
1372 1646 218 35 läroanstalt
1617 1645 119 36 skulle

136 1687 138 35 erhålla
315 1695 165 29 namnet:
522 1689 357 49 »Krigshögskolan»,
922 1693 133 36 medan
1089 1694 62 36 det
1179 1694 57 36 för
1265 1696 168 36 artilleri-
1461 1696 67 36 och
1558 1697 179 46 ingeniör-

136 1738 191 36 officerare
357 1738 154 37 afsedda
538 1741 207 37 läroverket
773 1746 20 32 å
821 1742 220 51 Marieberg,
1070 1758 78 22 som
1176 1746 59 35 för
1263 1746 112 49 öfrigt
1395 1748 120 35 skulle
1531 1748 204 36 bibehållas

136 1789 200 44 oändradt,
366 1791 118 35 skulle
514 1791 34 35 få
577 1800 166 29 namnet:
773 1793 140 47 »Högre
943 1796 173 35 artilleri-
1146 1797 69 35 och
1243 1798 326 47 ingeniörskolan».

269 1841 80 35 Den
379 1840 208 51 föreslagna
615 1849 120 31 staten
765 1844 56 36 för
849 1846 316 49 Krigshögskolan
1194 1848 65 36 har
1287 1849 163 48 följande
1479 1850 160 50 lydelse:
