2217 2675
665 211 104 31 Stats-
778 211 164 31 Utskottets
970 210 166 31 Utlåtande
1158 208 64 33 N:o
1250 211 50 29 17.
1704 211 36 27 19

178 312 112 35 garne
320 307 63 28 äro
412 298 82 37 med
524 299 208 36 hvarandra
756 296 222 52 jemförliga,
1021 305 40 28 är
1089 297 191 37 Utskottet
1308 298 80 35 icke
1416 298 10 35 i
1455 297 147 36 tillfälle
1631 303 55 30 att
1714 298 64 35 be-

179 351 126 43 döma;
337 363 79 23 men
447 351 181 47 antagligt
656 363 120 37 synes,
819 355 53 30 att
912 329 510 68 förrådsförvaltaretjensten
1457 352 20 32 å
1457 362 20 22 å
1506 347 206 49 Marieberg
1740 356 41 28 är

180 402 39 35 af
242 378 117 60 större
389 402 79 46 vigt
496 402 69 35 och
595 401 39 36 af
659 415 100 22 mera
787 407 130 41 trägen
945 398 252 39 beskaffenhet
1227 408 44 28 än
1287 399 118 48 öfriga
1421 400 64 36 här
1501 377 281 70 ifrågavarande

178 453 264 48 befattningar.

319 505 54 35 Då
401 505 254 48 aflöningarne
696 502 57 37 för
794 516 49 22 nu
884 503 55 35 till
968 502 214 48 förhöjning
1222 503 205 47 föreslagne
1469 501 199 36 förvaltare
1712 503 69 35 och

178 557 170 35 kassörer
375 559 40 32 så
443 534 149 71 nyligen
622 554 120 37 blifvit
770 554 205 42 bestämda,
1005 554 66 35 har
1099 553 176 49 förslaget
1316 567 55 22 om
1402 553 224 46 vidtagande
1667 553 113 36 redan

177 621 49 22 nu
256 608 38 34 af
318 587 259 67 förhöjningar
606 606 121 36 deruti
758 610 104 45 synts
892 605 190 36 Utskottet
1122 580 387 77 anmärkningsvärdt.
1563 604 214 36 Eraellertid

178 658 65 36 har
271 656 424 59 (statsrådsprotokollet
723 669 81 36 pag.
836 658 45 34 58
910 657 65 35 och
1005 654 66 60 59)
1095 635 390 66 Arméförvaltningen
1526 654 161 45 förmält,
1715 661 66 38 att,

179 710 125 36 derest
332 709 169 36 bemälde
531 709 219 47 tjenstemän
780 708 79 35 icke
889 707 145 36 komma
1062 708 11 34 1
1104 708 218 48 åtnjutande
1351 707 37 36 af
1415 687 233 56 förbättrade
1683 685 98 58 löne-

178 762 221 42 inkomster,
428 760 78 36 fara
534 773 88 23 vore
650 759 57 36 för
734 759 158 44 handen,
921 765 55 29 att
992 760 173 47 lämpliga
1182 760 68 35 och
1267 760 169 48 pålitliga
1453 770 174 36 personer
1643 758 137 36 hädan-

178 811 94 37 efter
301 813 78 34 icke
410 812 121 35 kunde
566 812 158 36 erhållas
764 811 58 34 till
863 811 220 42 tjensternas
1123 810 260 42 bestridande;
1426 808 256 38 hvarförutom
1712 810 68 36 Ut-

176 863 140 36 skottet
353 864 195 43 inhemtat,
589 868 55 30 att
672 863 212 35 kassörerne
914 861 62 35 vid
1005 860 295 37 fortifikationen
1330 862 115 48 enligt
1474 862 68 34 den
1574 860 78 37 före
1686 863 92 34 1876

179 914 170 47 gällande
379 916 206 34 lönestaten
614 913 123 36 kunde
778 915 124 45 uppnå
936 914 103 41 1,800
1068 913 156 35 kronors
1261 913 172 46 aflöning.
1489 912 191 37 Utskottet
1714 913 65 35 har

180 961 145 40 derföre
354 965 123 36 funnit
505 966 55 46 sig
587 965 78 36 icke
695 965 124 34 kunna
848 963 76 36 heit
952 964 69 35 och
1051 964 113 35 hållet
1205 963 167 48 afstyrka
1412 963 102 36 bifall
1555 964 55 35 till
1648 963 130 47 Kongl.

179 1017 119 47 Maj:ts
339 1016 152 47 förslag,
533 1030 84 22 men
659 1021 122 30 ansett
822 1013 359 48 löneförbättringen
1222 1015 56 35 för
1306 1015 231 36 närvarande
1567 1016 125 34 kunna
1722 1015 55 34 in-

178 1068 179 35 skränkas
386 1068 55 35 till
472 1073 52 30 ett
555 1067 255 47 ålderstillägg
837 1064 67 36 och
932 1066 141 35 således
1107 1065 107 36 äfven
1246 1065 408 48 anslagsförhöjningen
1688 1066 90 35 böra

179 1122 114 43 något
322 1119 173 35 minskas.
549 1118 151 43 Vidare,
728 1118 67 35 och
813 1116 46 35 då
887 1115 284 47 ifrågavarande
1200 1118 223 45 tjenstemän
1452 1118 131 42 skulle,
1613 1130 60 22 om
1691 1130 86 35 pen-

178 1170 81 35 sion
286 1171 97 46 finge
413 1173 20 32 å
459 1170 258 47 lönetillägget
744 1167 197 43 beräknas,
961 1145 157 58 komma
1147 1169 10 34 i
1186 1167 225 49 ojemförligt
1451 1168 121 36 bättre
1601 1168 177 62 ställning

177 1228 43 27 än
250 1201 268 55 innehafvarne
548 1220 38 36 af
611 1198 161 57 militära
801 1217 261 46 befattningar,
1093 1219 107 36 torde
1229 1232 139 22 samma
1388 1219 131 47 tillägg
1547 1220 88 35 böra
1655 1222 122 32 såsom

175 1270 151 38 arfvode
357 1276 102 43 utgå;
489 1271 268 36 hemställande
785 1271 105 35 alltså
918 1242 200 79 Utskottet,

580 1328 54 30 att
668 1321 133 47 Kongl.
836 1319 120 47 Maj:ts
984 1298 243 59 förevarande
1256 1319 135 49 nådiga
1421 1320 270 49 framställning
1718 1324 58 32 må

580 1377 46 44 på
668 1373 63 36 det
772 1378 75 30 sätt
880 1370 38 36 af
947 1370 210 48 Riksdagen
1187 1352 179 62 bifallas,
1374 1377 54 30 att
1456 1372 80 35 dels
1564 1349 212 59 artilleriets

587 1423 354 37 förrådsförvaltare
971 1424 66 34 och
1080 1403 310 55 fortifikationens
1430 1422 345 38 förrådsförvaltare

581 1476 67 35 och
683 1476 171 35 kassörer
887 1472 176 38 förklaras
1096 1473 234 48 berättigade
1359 1480 54 30 att
1440 1475 147 35 komma
1614 1475 10 34 i
1653 1475 123 48 åtnju-

578 1527 112 35 tande
731 1525 39 37 af
807 1532 54 30 ett
902 1524 257 50 ålderstillägg
1187 1538 59 23 om
1289 1526 71 35 300
1388 1527 154 42 kronor,
1571 1531 55 30 att
1654 1529 121 32 såsom

579 1576 155 38 arfvode
774 1576 93 37 efter
907 1576 113 36 femte
1061 1578 220 46 tjensteåret
1314 1580 101 42 utgå,
1444 1576 86 36 med
1558 1577 215 36 nuvarande

580 1627 376 50 tjensteinnehafvare
995 1628 209 47 medgifven
1232 1635 74 28 rätt
1335 1633 55 30 att
1418 1627 130 36 dervid
1577 1628 114 35 räkna
1719 1629 56 47 sig

580 1681 57 34 till
677 1679 100 49 godo
818 1681 118 35 redan
971 1658 234 56 förvärfvade
1234 1679 189 57 tjensteår,
1453 1678 76 35 dels
1559 1692 45 22 en
1633 1678 140 48 förhöj-

579 1732 91 46 ning
677 1709 59 57 af
761 1733 19 33 2
786 1732 84 43 ,000
900 1733 135 34 kronor
1062 1730 155 48 beviljas
1247 1731 9 34 i
1285 1729 327 49 förslagsanslaget
1639 1730 55 34 till
1724 1730 50 35 ål-

579 1759 217 59 derstillägg,
836 1783 139 35 hvilket
1002 1781 211 48 dymedelst
1240 1781 54 35 till
1317 1782 109 42 3,500
1448 1781 137 35 kronor
1601 1780 171 47 förhöjes.

747 1812 59 18 OD)

178 1931 410 41 Skrifmaterialier
614 1933 87 38 och
730 1942 237 40 expenser,
994 1933 92 38 ved
1111 1942 60 28 m.
1199 1942 59 29 m.
1279 1932 69 38 för
1366 1932 406 49 Departementets

759 1983 432 50 kansliexpedition.

312 2091 91 33 28:0.
458 2088 15 35 I
502 2087 169 37 afseende
700 2091 20 33 å
748 2089 133 48 öfriga,
913 2088 118 35 under
1059 2088 121 36 denna
1208 2087 230 37 hufvudtitel
1466 2087 305 38 förekommande

176 2140 187 35 ordinarie
392 2140 139 48 anslag,
559 2139 77 36 deri
666 2138 217 48 förändring
915 2139 76 35 icke
1020 2138 286 48 ifrågakommit,
1335 2139 205 49 tillstyrker
1568 2138 203 46 Utskottet,

579 2196 54 30 att
669 2190 105 36 dessa
815 2191 128 45 anslag
984 2194 59 32 må
1083 2190 176 49 uppföras
1300 2191 55 34 till
1398 2191 195 36 enahanda
1625 2191 147 48 belopp,

579 2254 79 23 som
699 2242 10 34 i
748 2255 50 21 nu
832 2241 170 48 gällande
1031 2242 151 35 riksstat
1210 2249 63 28 äro
1303 2247 195 42 upptagna,
1527 2242 131 36 endast
1686 2243 84 35 med

578 2292 72 37 den
687 2293 192 47 jemkning
919 2293 10 34 i
966 2294 167 46 anslaget
1161 2292 55 36 till
1245 2292 336 37 »skrifmaterialier
1608 2294 66 35 och
1704 2307 66 23 ex-

1820 2097 142 31 Angående

1800 2132 90 30 öfriga
1909 2132 70 23 ordi-

1792 2166 77 23 narie
1888 2165 101 31 anslag.
