2168 2608
120 484 63 30 Nytt
203 482 102 32 anslag.

141 737 158 35 Övergångs-

182 778 59 21 stat.

170 818 93 47 [87.]

161 1260 118 24 Minskat

170 1294 100 32 anslag.

120 1465 200 26 Polisväsendet

150 1502 40 30 på
208 1501 88 24 lands-

123 1537 99 30 bygden
240 1544 32 15 m.
292 1543 32 15 m.

179 1577 94 48 [88.]

338 230 39 31 82
839 221 250 35 Statsutskottets
1110 219 169 33 utlåtande
1301 218 52 31 Nr
1374 220 30 29 5.

435 311 141 49 Kungl.
618 310 128 49 Maj:ts
788 306 248 40 förevarande
1078 303 280 48 framställning
1398 301 68 37 har
1504 300 83 37 icke
1615 300 97 49 givit
1740 293 187 58 utskottet

333 365 211 48 anledning
571 362 58 37 till
656 362 163 47 erinran,
848 360 71 37 och
947 359 57 36 får
1032 358 185 36 utskottet
1244 353 155 39 sålunda
1428 352 212 48 hemställa,

835 468 55 32 att
917 460 221 49 riksdagen
1180 462 60 34 må
1282 458 85 36 från
1395 456 73 36 och
1495 454 88 37 med
1612 457 39 33 år
1682 456 95 35 1921
1808 452 121 37 under

733 516 115 36 femte
876 512 240 39 huvudtiteln
1144 511 162 49 uppföra
1335 514 54 31 ett
1416 507 191 38 ordinarie
1627 504 302 50 förslagsanslag

733 567 58 36 till
841 564 411 48 vikariatsersättningar
1300 563 60 35 vid
1399 558 464 52 fögderiförvaltningarna
1909 560 21 32 &

736 620 137 47 25,000
902 618 154 36 kronor.

441 724 99 50 88:0)
567 723 140 49 Kungl.
737 722 107 49 Maj:t
872 722 68 36 har
969 719 199 48 föreslagit
1196 717 206 48 riksdagen
1432 715 139 49 (punkt
1600 712 61 49 87)
1682 717 55 32 att
1756 712 175 37 nedsätta

338 779 63 36 det
430 777 187 37 ordinarie
645 775 175 48 anslaget
853 773 57 37 till
938 775 298 46 övergångsstat
1264 769 60 36 för
1351 768 252 45 landsstaten,
1619 778 49 23 nu
1690 765 137 46 55,000
1847 764 84 36 kro-

337 843 82 32 nor,
448 829 86 36 med
565 829 135 47 15,500
729 827 141 36 kronor
897 824 59 37 till
986 825 138 47 39,500
1153 822 153 36 kronor.

440 930 265 39 Förevarande
738 929 147 48 förslag
913 933 42 31 är
983 926 180 50 föranlett
1191 938 47 24 av
1267 923 120 37 skedd
1414 920 236 50 indragning
1677 933 46 23 av
1751 919 182 36 lantränt-

338 983 457 48 mästarbefattningarna
836 981 11 36 i
888 979 181 50 Uppsala,
1111 968 303 58 Östergötlands,
1458 973 219 47 Göteborgs
1707 971 70 36 och
1806 970 127 36 Bohus

339 1042 96 32 samt
463 1029 215 54 Ålvsborgs
707 1034 73 36 län.

441 1139 198 38 Utskottet
668 1137 56 37 får
751 1134 216 48 hemställa,

843 1243 54 32 att
932 1237 204 48 riksdagen
1165 1238 61 33 må
1253 1233 175 37 nedsätta
1457 1231 63 37 det
1548 1229 186 38 ordinarie
1764 1228 172 48 anslaget

740 1291 57 37 till
825 1290 263 50 övergångsstat
1109 1289 63 49 för
1192 1288 229 45 landsstaten,
1445 1298 51 22 nu
1518 1284 138 47 55,000
1677 1282 151 46 kronor,
1848 1279 86 37 med

744 1344 136 47 15,500
913 1342 142 36 kronor
1083 1339 56 37 till
1168 1340 138 47 39,500
1334 1337 150 37 kronor.

446 1448 99 50 89:0)
574 1447 141 49 Kungl.
745 1445 107 49 Maj:t
879 1446 69 36 har
977 1443 196 49 föreslagit
1201 1441 207 49 riksdagen
1437 1438 135 51 (punkt
1601 1436 61 50 88)
1691 1441 54 31 att
1766 1437 47 48 på
1831 1439 106 32 extra

343 1507 73 32 stat
459 1502 58 35 för
554 1503 40 33 år
625 1501 94 34 1921
751 1499 110 36 ställa
888 1497 57 36 till
972 1496 142 48 Kungl.
1143 1494 127 49 Maj:ts
1299 1491 227 49 förfogande
1555 1494 54 32 ett
1635 1486 303 50 förslagsanslag

344 1568 45 23 av
431 1553 165 46 800,000
633 1552 138 36 kronor
807 1555 66 42 att,
913 1547 307 48 huvudsakligen
1261 1545 120 36 under
1409 1544 46 36 de
1483 1543 12 36 i
1524 1538 415 51 statsrådsprotokollet

343 1612 91 31 över
476 1602 255 39 civilärenden
773 1602 72 37 den
874 1603 44 34 21
950 1600 167 37 februari
1146 1600 97 35 1908
1274 1597 164 48 angivna
1465 1594 139 37 villkor
1631 1593 58 36 för
1718 1590 220 50 åtnjutande

345 1672 47 23 av
432 1657 137 47 bidrag
608 1656 85 35 från
722 1654 183 48 anslaget,
947 1651 193 38 användas
1169 1649 57 37 till
1254 1648 179 48 avlöning
1461 1647 72 36 och
1561 1643 199 38 underhåll
1789 1657 45 22 av
1863 1646 76 32 sär-

345 1709 98 37 skild
483 1708 232 50 polisstyrka
755 1710 48 46 på
843 1704 140 48 landet,
1021 1704 67 36 där
1124 1702 114 37 sådan
1267 1702 74 35 kan
1369 1713 47 23 av
1444 1696 287 39 förhållandena
1758 1694 181 50 påkallas,

346 1761 122 37 under
509 1758 254 50 medgivande
805 1757 131 47 tillika,
975 1757 74 36 dels
1078 1759 53 33 att
1159 1767 47 23 av
1234 1753 105 37 detta
1367 1750 135 49 anslag
1531 1747 242 48 erforderligt
1799 1745 140 49 belopp

346 1816 60 34 må
447 1812 193 37 användas
680 1810 57 37 till
780 1809 176 48 åtgärder
997 1808 10 35 i
1050 1806 183 38 särskilda
1269 1804 66 37 fall
1375 1804 59 36 för
1470 1807 138 44 grövre
1635 1800 123 36 brotts
1785 1802 154 45 upptäc-

348 1865 123 37 kande
514 1863 71 37 och
625 1861 224 38 misstänkta
888 1872 203 38 personers
1128 1855 292 51 efterspanande
1449 1854 70 37 och
1552 1852 196 50 gripande,
1778 1851 74 35 dels
1881 1850 60 35 ock

347 1922 54 32 att
428 1915 145 50 Kungl.
602 1914 107 49 Maj:t
737 1917 60 32 må
824 1926 47 24 av
900 1912 173 49 anslaget
1101 1909 172 37 använda
1300 1907 173 49 lämpligt
1500 1905 139 49 belopp
1663 1903 57 36 till
1740 1901 200 37 årsarvode

348 1972 36 33 åt
425 1969 72 36 den
539 1967 341 49 polistjänsteman,
920 1977 80 23 som
1029 1962 198 37 förordnas
1255 1965 55 32 att
1337 1960 101 36 inom
1467 1956 391 50 civildepartementet
1886 1953 55 36 bi-

348 2020 107 37 träda
483 2020 34 48 ej
548 2018 145 37 mindre
720 2017 64 36 vid
813 2016 156 37 förande
999 2029 47 23 av
1073 2014 162 48 register
1263 2017 90 31 över
1382 2011 72 36 den
1482 2007 245 51 polisstyrka,
1757 2020 79 23 som
1867 2005 74 36 kan

348 2073 150 36 komma
527 2076 54 31 att
609 2084 43 22 ur
679 2069 101 36 vissa
808 2068 146 36 städers
983 2067 206 49 poliskårer
1222 2064 128 37 ställas
1377 2062 57 37 till
1461 2060 337 48 länsstyrelsernas
1826 2057 115 36 förfo-

349 2123 166 49 fogande
545 2123 58 35 för
631 2120 214 38 beredande
875 2133 45 23 av
948 2117 224 51 polisskydd
1200 2117 64 36 vid
1292 2114 269 50 oroligheter
1539 2108 18 68 å
1579 2112 119 36 rikets
1714 2108 226 49 landsbygd,

350 2181 48 32 än
441 2175 70 37 ock
552 2175 62 36 vid
642 2173 214 47 beredning
883 2171 101 36 inom
1013 2171 299 49 departementet
1339 2181 46 23 av
1414 2167 129 47 frågor
1571 2178 59 23 om
1659 2175 142 25 samma
1829 2160 114 49 polis-

351 2227 151 50 styrkas
532 2225 244 48 användning
803 2224 12 36 i
843 2222 310 38 förekommande
1181 2219 77 38 fall.

452 2279 18 36 I
498 2278 108 49 fråga
635 2291 60 23 om
722 2275 256 48 utredningen
1005 2275 13 36 i
1046 2278 127 33 ämnet
1201 2272 57 37 får
1285 2271 186 37 utskottet
1499 2267 157 38 hänvisa
1684 2265 57 37 till
1769 2264 69 38 sid.
1869 2265 72 34 273

354 2332 122 36 —275
505 2331 12 36 i
545 2327 422 51 statsrådsprotokollet.
