2208 2663
713 179 271 34 Bankoutskottets
1006 182 161 32 utlåtande
1188 184 54 31 Nr
1275 186 50 30 37.
1740 190 40 30 41

216 260 315 44 maskinaggregat,
560 263 118 32 oaktat
704 263 160 44 formliga
887 266 112 32 beslut
1022 278 52 20 om
1096 267 278 43 ledningsnätens
1397 270 221 44 utbyggande
1640 273 13 31 i
1676 273 146 43 angiven

215 303 210 44 omfattning
459 304 60 33 och
555 316 52 22 om
642 306 193 34 insättande
869 319 42 21 av
944 310 144 32 nämnda
1123 311 299 44 maskinaggregat
1455 319 91 27 ännu
1583 314 74 34 icke
1690 317 130 33 fattats.

215 346 103 32 Trots
353 347 97 32 dessa
482 347 298 43 förutsättningar,
814 361 70 22 som
917 357 57 26 äro
1003 353 253 43 oundgängliga
1278 356 53 30 för
1354 358 53 29 att
1428 356 276 44 beräkningarna
1726 359 96 33 skola

214 389 105 42 något
351 391 36 30 så
420 395 63 27 när
513 393 170 30 motsvara
706 392 39 32 de
768 393 157 43 verkliga
949 394 349 42 driftsförhållanden,
1322 409 70 21 som
1416 399 174 32 sannolikt
1612 401 82 32 råda
1716 402 106 32 under

214 430 279 43 tioärsperioden,
527 434 98 31 torde
657 435 185 33 resultaten
872 448 84 20 vara
978 438 217 32 användbara
1217 440 52 30 för
1292 440 56 32 det
1371 451 43 20 av
1437 441 91 32 Eder
1550 443 147 32 avsedda
1720 444 100 31 ända-

213 472 114 40 målet,
351 480 80 26 enär
455 476 369 44 vattenfallsstyrelsen
848 478 62 32 här
932 479 108 32 nedan
1061 480 129 43 jämväl
1215 481 141 43 angiver
1379 482 38 32 de
1440 483 119 44 belopp
1583 495 43 21 av
1646 486 11 31 i
1681 486 139 43 anlägg-

212 515 168 43 ningarna
403 517 165 42 nedlagda
590 519 256 42 anslagsmedel,
871 532 69 21 som
964 533 98 21 svara
1085 525 68 30 mot
1169 523 39 32 de
1228 524 188 33 beräknade
1432 525 319 35 driftsöverskotten
1766 529 54 32 för

212 558 38 31 de
274 558 94 32 olika
392 560 91 32 åren.

827 605 181 33 Trollhätte
1032 607 181 33 kanalverk.

234 644 39 33 År
595 656 120 32 Kapital,
735 657 106 25 anvisat
859 666 33 16 av
910 659 127 31 upplånta
1055 659 82 26 medel
1259 662 222 26 Driftsöverskott
1527 663 293 35 Avkastningsprocent

210 695 81 31 1913
336 721 257 7 ooo
636 699 174 37 :4,305,000
832 700 48 41 (+
905 701 198 41 15,500,000)
1305 705 134 37 362,000
1642 707 49 31 84

210 736 82 32 1914
333 763 257 8 ooo
641 741 168 38 4,305,000
831 743 47 35 (+
903 744 199 41 19,500,000)
1304 747 135 36 372,000
1641 750 49 31 8'6

210 779 80 31 1915
332 806 257 8 ooo.
641 784 167 38 4,305,000
830 785 47 41 (+
901 786 200 42 22,800,000)
1304 789 135 38 395,000
1642 792 48 31 9:2

208 822 81 30 1916
331 849 5 4 .
373 818 47 47 oo.
447 849 141 7 .o.o.o.
620 826 187 39 27,105,000
1303 832 135 36 424.000
1643 836 67 30 1:55

207 864 80 30 1917
330 891 257 8 ooo
705 882 11 15 >
1303 875 135 38 454,000
1643 877 47 32 1:7

207 907 80 30 1918
329 933 258 8 so...
529 903 62 47 ..
1303 917 135 35 485,000
1642 921 48 30 1:8

206 949 81 32 1919
328 975 259 9 000
704 967 12 15 >
1302 960 134 37 518,000
1641 964 48 29 1:9

206 991 81 32 1920
328 1018 258 8 ooo...
704 1010 11 14 >
1302 1002 134 37 553,000
1639 1006 71 31 2:05

205 1033 80 32 1921
327 1060 258 9 ooo.
703 1052 12 15 >
1302 1045 135 36 590,000
1640 1049 48 29 22

206 1076 80 30 19222
327 1102 258 8 ooo...
702 1094 12 16 »
1301 1087 134 38 629,000
1639 1091 70 30 2:35

205 1119 81 31 1923
327 1145 258 8 ..o.....
702 1138 11 15 >
1302 1129 133 39 670,000
1638 1133 49 30 25

342 1211 71 32 Till
447 1214 226 33 ovanstående
706 1216 55 31 må
796 1217 188 40 anmärkas,
1019 1221 51 30 att
1096 1219 190 33 Trollhätte
1308 1220 121 34 kanals
1451 1223 223 43 ombyggnad,
1700 1226 114 32 varför

203 1252 164 44 beviljats
401 1255 226 33 tillsammans
654 1260 187 38 22,800,000
865 1260 129 39 kronor,
1019 1261 162 33 beräknas
1203 1274 83 21 vara
1308 1264 114 42 färdig
1443 1265 86 32 först
1551 1267 37 30 år
1611 1268 89 38 1916,
1725 1270 88 30 samt

204 1297 51 29 att
288 1300 86 28 utav
408 1297 39 32 de
481 1309 88 22 ovan
603 1301 147 41 angivna
782 1301 320 35 driftsöverskotten
1128 1305 53 31 för
1204 1306 79 31 åren
1309 1307 204 33 1913—1915
1537 1308 119 32 endast
1679 1311 134 38 161,000

203 1337 123 32 kronor
362 1349 52 21 om
446 1340 73 32 året
554 1341 95 32 skola
682 1343 109 42 enligt
817 1344 104 42 givna
943 1345 248 34 bestämmelser
1212 1347 81 42 ingå
1309 1348 57 32 till
1388 1350 215 40 statsverket,
1628 1351 106 33 under
1758 1353 55 32 det

204 1381 52 30 att
279 1380 194 33 återstoden
497 1382 90 32 skall
610 1384 152 34 tillföras
785 1386 153 33 handels-
963 1388 60 32 och
1046 1389 269 41 sjöfartsfonden.

338 1424 69 31 Att
440 1425 105 32 under
579 1426 39 31 de
644 1427 106 32 första
773 1429 79 31 åren
876 1430 85 31 efter
983 1431 162 32 kanalens
1169 1433 214 42 ombyggnad
1407 1434 404 44 avkastningsprocenten

202 1463 92 33 skall
318 1465 96 33 bliva
436 1467 145 33 relativt
603 1469 58 42 låg
684 1475 38 26 är
740 1470 39 43 ju
803 1471 71 32 helt
896 1473 169 42 naturligt
1087 1474 60 31 och
1170 1475 174 43 förutsägs
1368 1476 100 32 också
1490 1477 59 32 vid
1574 1480 238 41 uppgörandet

201 1516 44 22 av
268 1507 164 43 förslaget
455 1509 59 32 till
537 1510 373 45 kanalombyggnaden.
955 1515 321 34 Ränteförlusterna
1299 1518 107 32 under
1429 1519 96 32 dessa
1540 1520 108 32 första
1665 1522 37 31 år
1717 1522 94 33 torde

200 1548 85 32 dock
309 1550 134 33 komma
466 1553 55 31 att
544 1559 175 37 uppvägas
743 1567 41 20 av
808 1557 174 32 överskott
1004 1558 107 32 under
1134 1559 62 31 den
1219 1571 117 21 senare
1360 1561 95 32 delen
1476 1572 44 22 av
1536 1563 62 31 den
1615 1559 194 53 tidsperiod,

198 1592 169 32 varunder
401 1593 40 32 de
475 1595 53 31 för
561 1595 363 45 kanalombyggnaden
957 1600 191 43 upplånade
1185 1602 130 32 medlen
1348 1603 186 43 lämpligen
1567 1605 95 33 torde
1696 1607 114 32 kunna

197 1636 194 39 amorteras,
416 1646 116 23 varom
555 1648 91 22 mera
669 1639 63 32 här
754 1641 117 31 nedan.

812 1751 181 32 Trollhätte
1016 1752 172 41 kraftverk.

221 1802 37 34 År
660 1818 119 32 Kapital,
798 1820 105 24 anvisat
921 1828 33 17 av
972 1821 129 32 upplånta
1119 1824 83 24 medel
1237 1825 231 34 Driftsöverskott
1517 1815 291 50 Avkastningsprocent

198 1853 81 31 1903
339 1879 195 9 oss
651 1883 178 9 vvs
871 1862 187 38 18,300,000
1292 1863 134 50 9200,000
1629 1871 48 30 4:9

197 1896 82 30 194
319 1922 341 10 osv
697 1928 131 6 oo
868 1905 188 38 20,000,000
1259 1910 164 37 1,100,000
1627 1913 49 30 55

196 1938 80 31 1915
317 1964 508 12 oss
565 1934 102 52 sov
686 1934 65 52 ov
770 1934 59 52 nr
865 1948 187 36 21,600,000
1258 1952 164 38 1,500,000
1629 1955 48 30 69

196 1980 208 32 1916—1923
444 2007 382 11 soon.
867 1990 187 38 22,100,000
1259 1994 166 39 1,700,000
1628 1999 49 29 T7

332 2072 51 33 De
406 2075 13 30 i
442 2075 187 33 skrivelsen
652 2077 58 33 till
732 2079 377 46 försvarsberedningen
1133 2085 148 42 angivna
1305 2087 159 33 siffrorna
1480 2089 19 31 å
1516 2089 55 32 det
1586 2090 219 43 disponerade

197 2114 169 42 kapitalet
399 2116 90 32 hava
523 2118 98 32 ökats
654 2121 73 31 med
761 2123 165 39 2,200,000
959 2125 132 40 kronor,
1127 2129 188 40 utgörande
1342 2131 216 42 ungefärliga
1581 2133 119 32 värdet
1724 2135 19 30 å
1766 2135 39 32 de

198 2156 204 48 fastigheter
420 2158 111 43 jämte
553 2163 200 40 vattenrätt,
777 2175 69 21 som
869 2166 136 43 inköpts
1027 2168 53 32 för
1103 2170 256 42 anslagsmedel,
1383 2177 155 29 varemot
1561 2174 40 33 de
1619 2176 186 34 beräknade

197 2198 66 43 far
283 2199 211 76 falbeloppen
516 2202 55 33 för
593 2205 204 42 ytterligare
820 2208 201 43 utbyggnad
1043 2222 42 22 av
1108 2211 218 35 kraftverket
1349 2216 78 31 åren
1451 2218 207 32 1916—1923
1681 2219 12 31 i
1709 2219 95 33 detta

195 2240 63 32 fall
281 2242 72 31 icke
376 2244 195 43 medtagits.

331 2294 129 43 Bihang
485 2296 48 31 till
555 2297 196 44 Riksdagens
769 2302 161 41 protokoll
953 2303 94 32 1913.
1092 2306 20 30 8
1133 2307 88 31 saml.
1266 2309 42 30 31
1331 2309 78 42 häft.
1455 2310 68 38 (Nr
1545 2312 66 38 37.)
1743 2314 17 30 6
