1918 2846
324 157 19 31 6
630 159 418 38 Bevillningsutskottets
1075 162 224 33 betänkande
1325 164 53 31 Nr
1400 165 51 31 44.

914 367 237 53 Förslag

1004 438 56 31 till

277 502 240 45 förordning
551 514 66 24 om
642 505 108 34 vissa
772 505 222 45 ändringar
1016 507 13 33 i
1053 507 291 45 förordningen
1368 509 77 34 den
1468 511 19 32 1
1510 510 74 43 juli
1609 511 86 34 1918
1716 510 69 43 (nr

560 555 82 45 508)
666 557 205 45 angående
895 559 147 35 handel
1068 560 91 34 med
1183 560 185 36 skattefri
1391 563 112 43 sprit.

323 660 214 37 Härigenom
563 661 190 38 förordnas,
777 665 53 30 att
855 664 18 30 5
897 665 62 30 och
983 665 40 30 20
1047 665 38 39 $$
1110 665 250 38 förordningen
1381 667 64 32 den
1461 669 18 31 1
1495 668 69 37 juli
1580 669 84 31 1918
1680 671 105 35 angå-

276 712 89 31 ende
388 712 123 32 handel
538 714 78 31 med
640 715 156 31 skattefri
821 716 88 36 sprit
931 717 96 31 skola
1050 718 158 36 upphöra
1230 720 51 30 att
1305 719 96 36 gälla
1422 722 163 32 ävensom
1608 723 49 30 att
1680 722 19 31 3
1723 723 18 38 d
1766 724 18 29 1

279 774 116 27 mom.,
429 766 18 29 4
478 766 63 31 och
564 767 19 30 6
608 767 46 38 $$,
679 767 18 31 7
720 768 18 38 $
761 769 19 30 1
805 778 114 26 mom.,
943 769 106 31 8—10
1073 770 47 39 $$,
1145 771 40 30 16
1209 771 62 31 och
1296 772 40 31 21
1361 773 36 38 $$
1420 774 89 30 samt
1532 774 41 30 25
1597 774 19 38 $
1639 775 18 30 1
1683 784 100 22 mom.

278 825 136 23 samma
437 818 227 37 förordning!
687 820 96 31 skola
806 820 135 32 erhålla
963 821 134 33 ändrad
1120 823 128 37 lydelse
1272 825 43 35 på
1338 826 69 30 sätt
1429 825 111 32 nedan
1562 827 160 36 angives:

998 909 71 40 395

322 967 18 29 1
365 976 104 21 mom.
518 967 189 36 Angående
729 969 222 32 tillverkares
967 972 70 30 rätt
1051 973 54 30 att
1121 971 134 36 förfoga
1271 974 83 29 över
1370 973 186 32 tillverkad
1572 975 88 35 sprit
1675 975 110 36 gäller

277 1017 69 32 vad
370 1018 118 32 därom
511 1022 39 29 är
574 1020 140 32 särskilt
736 1021 149 37 stadgat.

1000 1112 19 29 4
1043 1111 27 38 &.

322 1166 226 33 Partihandel
571 1169 77 32 med
672 1170 161 33 skattefri
855 1171 88 37 sprit
964 1173 59 30 må
1045 1173 78 33 med
1148 1173 189 37 undantag,
1360 1184 120 22 varom
1503 1175 166 34 förmäles
1691 1176 12 33 i
1722 1176 17 30 3
1755 1177 29 38 $,

278 1220 126 31 utövas
436 1220 148 32 allenast
618 1232 45 20 av
697 1222 350 39 partihandelsbolag,
1082 1235 73 21 som
1177 1235 98 21 avses
1299 1226 14 30 i
1335 1226 248 38 förordningen
1606 1228 178 37 angående

278 1270 211 39 försäljning
524 1283 45 21 av
605 1274 222 37 rusdrycker;
862 1275 84 32 dock
979 1278 58 29 må
1065 1277 167 36 importör
1258 1288 45 20 av
1326 1278 120 31 bensin
1468 1281 162 30 ävensom
1653 1280 132 32 tillver-

278 1324 84 31 kare
397 1334 43 21 av
474 1325 120 31 bensin
629 1327 82 30 eller
745 1327 129 31 ombud
901 1328 53 31 för
976 1328 108 31 denne
1107 1329 102 32 driva
1230 1330 127 31 handel
1380 1331 76 31 med
1479 1333 208 36 motorsprit,
1710 1343 74 21 som

277 1375 142 38 inköpts
441 1387 44 21 av
508 1378 146 37 bolaget,
678 1381 88 29 även
790 1380 56 31 till
869 1381 254 37 återförsäljare
1146 1382 12 31 i
1182 1382 60 32 och
1266 1382 55 31 för
1345 1383 97 31 deras
1463 1385 137 31 rörelse.

321 1428 219 34 Missbrukar
575 1431 373 38 partihandelsbolaget
980 1434 56 32 sin
1059 1434 310 36 partihandelsrätt
1391 1436 109 37 enligt
1522 1437 113 32 denna
1657 1438 129 32 förord-

276 1481 100 37 ning,
411 1482 90 33 skall
535 1483 67 32 vad
626 1484 13 30 i
663 1485 40 30 12
737 1484 18 38 $
778 1485 19 31 2
822 1495 103 21 mom.
960 1485 110 32 andra
1093 1486 132 37 stycket
1247 1487 249 38 förordningen
1518 1490 177 35 angående
1717 1490 68 33 för-

276 1533 157 37 säljning
455 1545 45 21 av
523 1535 206 38 rusdrycker
752 1539 40 29 är
815 1537 55 32 för
893 1537 63 33 där
977 1540 113 30 avsett
1113 1539 63 31 fall
1199 1539 139 37 stadgat
1360 1542 66 35 äga
1448 1541 236 38 tillämpning.

321 1585 51 32 De
407 1586 226 38 föreskrifter,
669 1598 81 26 som,
787 1591 123 30 utöver
946 1590 68 32 vad
1049 1591 114 31 denna
1197 1591 206 38 förordning
1436 1593 206 38 innehåller,
1665 1595 120 33 kunna

276 1638 116 31 finnas
430 1640 226 37 erforderliga
690 1641 12 31 i
735 1642 169 34 avseende
937 1644 21 30 å
991 1644 395 37 partihandelsbolagets
1422 1646 221 33 verksamhet
1675 1648 111 36 enligt

275 1690 116 32 denna
414 1692 213 38 förordning,
651 1694 96 31 skola
769 1695 138 37 intagas
930 1696 12 30 i
965 1696 107 35 avtal,
1097 1706 121 22 varom
1241 1696 163 33 förmäles
1420 1698 13 31 i
1448 1699 41 31 12
1510 1699 18 38 4
1548 1699 19 31 6
1592 1708 102 23 mom.
1718 1700 67 31 för-

274 1743 195 37 ordningen
491 1746 177 36 angående
691 1747 211 37 försäljning
926 1758 44 20 av
993 1748 217 38 rusdrycker.

1000 1845 18 30 6
1043 1845 28 38 $

320 1900 382 40 Partihandelsbolaget
724 1905 68 35 må,
817 1905 150 31 förutom
990 1906 58 30 till
1071 1906 275 37 detaljhandlare
1362 1910 99 34 samt,
1477 1909 12 30 i
1506 1908 68 32 vad
1590 1911 57 29 rör
1661 1912 122 30 motor-

275 1954 99 38 sprit,
409 1955 56 32 till
499 1956 167 35 importör
687 1957 62 30 och
772 1957 203 31 tillverkare
998 1968 44 20 av
1065 1958 132 37 bensin,
1221 1960 95 31 inom
1340 1960 89 31 riket
1451 1961 143 38 försälja
1623 1963 161 31 skattefri

274 2008 92 35 sprit
399 2008 144 31 allenast
575 2009 57 30 till
666 2011 198 34 avnämare,
899 2010 118 31 vilken
1050 2021 46 20 av
1119 2011 318 38 kontrollstyrelsen
1461 2014 143 34 erhållit
1625 2016 157 31 tillstånd

275 2061 53 29 att
351 2070 44 20 av
419 2060 134 36 bolaget
576 2061 127 36 inköpa
725 2061 107 32 sådan
855 2062 95 36 sprit.
1680 2084 2 2 :

321 2111 72 32 Vid
416 2112 210 37 försäljning
652 2131 39 4 —
717 2131 38 4 —
782 2131 40 4 —
847 2114 56 31 till
927 2115 236 31 efterrättelse.

995 2210 71 39 78.

321 2269 18 29 1
364 2278 104 22 mom.
514 2269 384 38 Partihandelsbolaget
930 2272 57 29 må
1016 2271 87 36 icke,
1127 2274 95 29 utom
1245 2273 12 30 i
1280 2272 40 31 de
1344 2273 74 36 fall,
1442 2284 119 22 varom
1585 2275 160 32 förmäles
1769 2277 13 30 i

276 2320 19 30 3
319 2320 29 38 =.
383 2321 158 31 utlämna
575 2321 97 37 sprit,
706 2331 72 21 som
812 2322 75 31 icke
920 2323 102 31 blivit
1056 2323 227 32 denaturerad
1311 2325 110 37 enligt
1443 2326 303 33 bestämmelserna
1770 2329 12 30 i

276 2372 19 30 2
320 2381 103 22 mom.
447 2373 62 31 här
532 2374 123 31 nedan.

329 2440 8 15 !
359 2444 115 25 Senaste
500 2445 107 32 lydelse
634 2454 34 16 av
695 2447 15 23 3
737 2444 13 31 $
776 2448 10 23 1
809 2455 86 16 mom.
916 2448 53 24 och
989 2449 29 23 21
1041 2446 13 30 $
1074 2456 28 16 se
1125 2449 77 29 1926;
1222 2449 58 29 209,
1300 2456 34 16 av
1355 2450 32 23 10
1406 2448 12 30 $
1438 2458 28 16 se
1486 2451 80 25 1924:
1587 2452 49 26 123
1656 2454 74 23 samt
1749 2460 33 16 av

276 2489 33 23 25
329 2485 13 31 $
364 2489 10 23 1
397 2496 87 17 mom.
504 2497 28 16 se
552 2490 81 24 1919:
654 2491 58 23 380.
