2185 2695
711 210 231 39 Lag-Utskottets
970 209 150 33 Utlåtande
1144 212 56 30 N:o
1226 213 50 29 33.
1771 216 17 27 3

755 459 446 42 Reservation:

302 570 41 37 af
368 571 95 36 Herr
491 572 202 45 Holmberg:
727 570 85 47 »Då,
837 571 116 37 såsom
978 573 228 36 motionären
1229 574 195 49 rätteligen
1448 574 146 46 erinrat,
1623 575 44 36 de
1691 576 99 36 med-

195 626 211 49 borgerliga
421 624 280 38 förhållandena
719 639 153 23 numera
893 633 62 30 äro
976 627 67 36 och
1063 628 171 36 alltmera
1248 627 120 37 blifva
1382 629 13 35 i
1409 629 277 36 vidsträcktaste
1704 629 86 37 mån

195 680 161 36 ordnade
381 680 46 48 på
446 681 219 35 kommunal
693 680 121 49 grund
843 686 93 31 samt
969 681 137 36 således
1134 683 228 49 väsentligen
1392 683 180 36 beroende
1601 682 40 37 af
1666 684 45 36 de
1739 684 50 36 åt-

195 735 130 49 gärder
344 735 67 35 och
441 735 131 44 beslut,
601 747 77 23 som
693 735 168 49 vidtagas
890 734 41 37 af
956 736 94 45 dem,
1076 736 128 36 hvilka
1228 737 13 34 i
1265 735 94 50 följd
1385 736 40 36 af
1440 737 259 50 medborgares
1719 737 69 37 för-

194 789 151 36 troende
374 789 180 49 deltaga
544 784 24 61 i
578 789 70 35 den
676 789 242 36 kommunala
941 788 275 52 förvaltningen
1243 791 68 36 och
1336 791 43 36 de
1404 792 240 36 kommunala
1669 805 118 36 repre-

194 844 280 43 sentationerna,
493 843 104 35 torde
613 843 61 35 det
693 844 163 35 hvarken
876 857 88 23 vara
983 843 58 37 för
1059 845 226 35 kommunen
1304 847 190 47 gagneligt
1513 847 89 35 eller
1622 847 84 35 med
1721 848 67 35 bil-

194 898 117 49 lighet
339 897 68 36 och
434 897 151 36 rättvisa
603 895 185 51 förenligt,
816 902 53 31 att
895 911 51 22 nu
970 899 12 34 i
1008 897 104 50 fråga
1131 899 161 36 varande
1312 900 152 36 embets-
1484 900 68 36 och
1572 901 217 48 tjenstemän

194 952 103 35 skola
322 952 13 34 i
360 950 94 50 följd
478 950 39 36 af
541 951 118 36 denna
682 952 54 35 sin
761 952 181 48 egenskap
968 959 45 29 än
1038 953 126 36 vidare
1190 966 89 23 vara
1304 954 244 49 ovilkorligen
1573 955 215 49 utestängde

194 1004 80 37 från
302 1006 69 35 den
396 1006 94 45 dem,
517 1006 76 34 lika
628 1004 92 37 med”
732 1006 107 35 andre
867 1005 210 51 oförvitlige
1101 1007 253 49 medborgare,
1381 1009 104 48 eljest
1503 1009 284 36 tillkommande

194 1060 222 48 rättigheten
440 1065 54 30 att
512 1060 127 35 kunna
659 1058 41 37 af
723 1060 76 36 sina
819 1061 259 49 medborgares
1099 1060 209 37 förtroende
1327 1063 116 47 väljas
1468 1063 60 35 till
1546 1063 242 36 medlemmar

193 1113 42 36 af
246 1114 368 45 kommunalnämnd,
630 1113 346 51 stadsfullmäktige,
994 1115 133 49 kyrko-
1147 1116 68 35 och
1236 1115 145 37 skolråd
1398 1121 94 31 samt
1506 1116 196 50 landsting.
1726 1116 60 37 Ef-

192 1173 113 31 terser
329 1181 87 22 man
439 1168 44 35 de
503 1168 128 45 motiv,
657 1181 78 23 som
760 1168 228 36 komiterade
1011 1168 58 37 för
1094 1170 388 49 kommunallagarnes
1506 1171 241 36 utarbetande
1776 1172 13 34 i

194 1223 61 35 sitt
283 1221 40 36 år
355 1224 98 35 1859
484 1220 141 51 afgifna
652 1222 231 36 betänkande
912 1222 122 37 anfört
1062 1222 116 37 såsom
1207 1224 78 35 skäl
1313 1223 57 36 för
1400 1224 43 36 de
1471 1223 238 51 ifrågastälda
1736 1226 51 35 in-

194 1276 314 49 skränkningarne
537 1276 12 35 i
578 1277 168 35 bemälde
776 1278 152 35 embets-
957 1278 68 35 och
1053 1279 235 47 tjenstemäns
1317 1279 216 49 behörighet
1552 1284 56 31 att
1629 1280 158 36 bekläda

194 1331 95 35 vissa
317 1331 241 35 kommunala
585 1329 471 52 förtroendebefattningar,
1085 1331 38 37 så
1152 1333 161 35 befinnes
1342 1333 70 44 det,
1433 1337 54 31 att
1506 1333 44 36 de
1570 1333 117 36 såsom
1708 1334 79 36 skäl

193 1383 126 37 härför
361 1385 127 35 endast
520 1385 78 35 helt
633 1385 282 50 knapphändigt
947 1385 175 49 åberopat
1155 1386 76 36 dels
1260 1387 70 35 den
1359 1387 325 49 omständigheten,
1713 1393 75 31 »att

194 1439 62 35 det
283 1440 62 35 väl
373 1439 124 35 kunde
526 1439 131 45 hända,
685 1444 55 31 att
767 1440 243 35 kommunens
1030 1439 170 50 åtgärder
1227 1441 13 34 i
1268 1441 153 48 stadgad
1455 1441 156 49 ordning
1638 1442 149 36 komme

194 1493 117 36 under
354 1493 103 35 deras
491 1492 343 50 embetspröfning»,
871 1494 76 36 dels
975 1494 67 37 ock
1075 1493 317 51 »beskaffenheten
1420 1494 41 37 af
1486 1495 103 36 deras
1618 1496 169 36 embeten

191 1548 140 47 jemväl
360 1547 12 35 i
402 1546 151 50 öfrigt»;
583 1548 67 35 och
678 1547 67 36 har
773 1547 188 37 Utskottet
988 1549 12 34 i
1028 1549 224 35 sistnämnda
1279 1549 221 36 hänseendet
1528 1550 172 36 särskildt
1728 1551 59 35 be-

192 1606 105 30 tonat
338 1601 70 35 den
450 1601 279 49 verkställighet
770 1601 41 36 af
848 1602 244 36 kommunens
1129 1603 130 45 beslut,
1297 1616 77 22 som
1409 1603 101 36 dessa
1538 1604 152 36 embets-
1718 1604 69 36 och

193 1656 218 47 tjenstemän
440 1654 123 36 kunde
591 1656 151 34 komma
770 1660 55 31 att
852 1657 213 48 ombesörja.
1095 1678 50 4 —
1173 1657 73 35 Det
1273 1656 114 37 måste
1416 1657 93 36 dock
1529 1656 171 37 förefalla
1716 1665 70 29 sär-

195 1709 98 35 deles
322 1709 381 49 anmärkningsvärdt,
731 1714 55 31 att
814 1709 101 36 dessa
944 1710 79 36 skäl
1050 1711 142 35 kunnat
1211 1710 191 37 föranleda
1423 1711 80 36 icke
1524 1712 156 36 allenast
1694 1710 92 38 före-

193 1763 160 35 nämnde
381 1763 226 36 komiterade
636 1768 55 31 att
718 1763 133 37 föreslå
884 1762 279 51 ifrågavarande
1196 1765 354 48 disqvalifikationer
1577 1767 13 34 i
1618 1764 168 38 afseende

194 1816 21 35 å
242 1817 206 44 valbarhet,
477 1822 88 30 utan
596 1816 107 37 äfven
732 1817 188 36 Utskottet
948 1823 54 30 att
1030 1817 148 37 förorda
1207 1819 204 36 desammas
1429 1819 272 46 bibehållande,
1721 1833 65 22 un-

195 1870 63 36 der
287 1870 62 36 det
377 1875 54 31 att
458 1871 151 36 alldeles
638 1872 191 35 enahanda
858 1872 78 35 skäl
965 1873 67 35 och
1062 1873 310 48 omständigheter
1395 1872 140 37 funnits
1554 1874 79 35 icke
1653 1879 133 44 utgöra

194 1924 130 36 hinder
352 1923 57 37 för
437 1925 330 36 landssekreterare
795 1926 67 35 och
891 1926 316 36 landskamrerare
1236 1932 54 30 att
1318 1940 89 23 vara
1433 1928 201 35 ledamöter
1653 1928 13 35 i
1685 1929 100 35 kom-

194 1979 270 35 munalnämnd
492 1980 90 35 eller
610 1978 57 37 för
696 1980 169 48 samtlige
893 1981 55 35 uti
976 1979 280 50 ifrågavarande
1284 1982 140 35 motion
1458 1980 146 38 afsedde
1633 1983 152 35 embets-

195 2033 68 35 och
304 2034 218 47 tjenstemän
563 2038 55 31 att
645 2047 89 23 vara
763 2033 218 37 ordförande
1009 2035 13 35 i
1049 2036 377 35 kommunalstämma
1461 2042 96 30 samt
1584 2036 202 36 ledamöter

196 2087 67 35 och
292 2085 220 38 ordförande
540 2087 65 36 hos
632 2087 467 51 kommunalfullmäktige,
1128 2088 186 38 äfvensom
1343 2095 54 30 att
1421 2090 146 50 deltaga
1593 2091 5 35 i
1617 2091 169 35 kommu-

194 2142 239 34 nalstämmas
462 2141 67 36 och
557 2142 294 49 kyrkostämmas
878 2142 169 50 åtgärder
1076 2144 68 35 och
1161 2144 122 36 beslut
1311 2142 108 39 äfven
1447 2145 13 35 i
1488 2144 134 36 sådana
1650 2144 135 50 frågor,

195 2208 78 23 som
301 2196 204 35 sedermera
533 2196 103 36 skola
664 2196 365 49 underställningsvis
1050 2198 89 35 eller
1158 2199 12 34 i
1189 2199 219 49 besvärsväg
1432 2199 243 36 underställas
1693 2200 93 35 läns-

195 2249 194 49 styrelsens
416 2248 175 51 pröfning
618 2251 91 35 eller
736 2256 132 44 utgöra
895 2250 155 37 föremål
1078 2250 57 37 för
1163 2253 279 49 verkställighet
1473 2266 133 36 genom
1635 2254 151 49 länssty-

194 2304 136 35 relsens
358 2303 279 37 underordnade
665 2305 227 48 tjenstemän,
921 2306 90 35 eller
1039 2306 214 49 hänskjutas
1280 2307 60 36 till
1368 2306 172 51 pröfning
1560 2306 40 38 af
1616 2308 170 45 domstol,
