2240 2628
410 223 42 31 32
872 224 379 29 Konstitutionsutskottets
1280 223 152 29 Utlåtande
1456 231 50 21 n:o
1522 224 46 28 10.

584 320 228 49 (Nuvarande
840 320 148 49 lydelse.)
1434 320 223 48 (Föreslagen
1686 320 144 47 lydelse.)

409 410 152 35 inverka
600 408 48 49 på
689 410 118 36 valets
849 409 151 50 utgång,
1040 409 112 37 varde
1260 410 151 35 inverka
1454 409 47 48 på
1542 410 117 36 valets
1701 408 149 50 utgång,
1895 409 110 36 varde

408 468 86 44 nytt
522 464 59 35 val
611 463 171 36 anstäldt.
1260 468 84 44 nytt
1371 464 59 35 val
1460 464 170 35 anstäldt.

1348 519 185 41 Valsedlar,
1561 531 71 22 som
1655 520 61 33 vid
1742 519 156 34 elektors-
1926 519 80 33 eller

1261 573 346 45 riksdagsmannaval
1641 573 169 44 afgifvits,
1839 572 94 35 skola
1966 573 47 43 af

1262 626 104 35 valets
1391 628 199 39 förrättare
1621 627 155 44 inläggas
1805 627 110 34 under
1923 627 82 43 för-

1261 680 127 45 segling
1430 681 59 33 och
1514 682 185 42 förvaras,
1735 680 52 34 till
1813 682 74 32 dess
1914 680 90 34 riks-

1262 734 316 45 dagsmannavalets
1611 734 156 45 giltighet
1799 733 206 35 vederbörti-

1257 799 64 34 gen
1348 789 160 45 afgjorts.

945 893 73 49 2:0)
1061 898 54 30 att
1157 894 84 35 herr
1283 893 203 36 Lindblads
1527 894 12 34 i
1581 892 242 37 förevarande
1866 893 140 35 motion

835 947 130 49 gjorda
993 947 219 35 hemställan
1241 960 60 23 om
1330 946 192 37 skrifvelse
1550 947 59 35 till
1639 947 132 47 Kongl.
1798 947 108 48 Maj:t
1926 947 80 35 icke

835 1000 115 36 måtte
979 999 187 38 föranleda
1194 1000 119 50 någon
1342 1000 224 49 Riksdagens
1596 1001 125 50 vidare
1750 1000 162 49 åtgärd»;

516 1160 41 36 af
581 1161 128 36 herrar
744 1163 124 34 Vahlin
897 1161 69 36 och
995 1162 235 47 Gyllensvärd,
1259 1160 127 36 hvilka
1415 1159 139 37 anfört:

518 1250 37 36 »I
592 1250 124 45 likhet
752 1251 83 35 med
864 1251 182 36 utskottet
1073 1263 83 24 anse
1186 1249 109 38 äfven
1324 1250 48 44 vi,
1401 1252 53 34 att
1482 1248 191 38 införande
1702 1251 38 34 af
1768 1262 43 22 en
1841 1248 166 35 bestämd

408 1304 138 49 valdag
587 1304 120 36 skulle
749 1303 166 37 medföra
957 1303 172 47 fördelar,
1171 1318 83 22 men
1280 1305 11 34 i
1320 1304 144 35 olikhet
1491 1303 83 36 med
1604 1303 189 45 utskottet,
1823 1307 54 30 att
1905 1302 102 35 dessa

408 1357 164 37 fördelar
594 1358 80 36 icke
703 1358 118 36 skulle
850 1358 54 37 bli
932 1357 42 37 af
999 1371 100 23 mera
1127 1357 168 37 afsevärd
1324 1357 201 49 betydelse,
1556 1370 60 22 om
1645 1358 31 47 ej
1706 1357 60 35 till
1787 1355 136 49 valdag
1948 1356 59 36 be-

408 1411 156 37 stämdes
587 1425 45 22 en
660 1411 149 50 söndag.
866 1411 57 36 Då
951 1410 58 38 för
1038 1417 52 31 ett
1116 1412 167 50 yrkande
1311 1411 13 35 i
1343 1411 123 49 dylikt
1490 1412 95 48 syfte
1605 1411 79 36 icke
1703 1409 58 37 för
1780 1410 227 36 närvarande

407 1464 221 37 åtminstone
655 1478 89 24 vore
771 1471 55 30 att
853 1464 172 38 förvänta
1044 1465 118 50 någon
1178 1464 205 50 framgång,
1404 1463 113 38 hafva
1536 1465 47 43 vi,
1604 1463 57 37 för
1681 1469 55 31 att
1754 1464 80 36 icke
1854 1461 153 38 beröfva

407 1519 45 36 de
494 1520 216 44 valkretsar,
738 1532 78 23 som
847 1519 115 36 redan
990 1533 52 22 nu
1071 1518 201 51 medgifvas
1300 1521 56 34 att
1379 1519 99 48 välja
1503 1518 21 36 å
1551 1518 149 49 söndag,
1728 1519 119 35 denna
1874 1515 131 46 fördel,

407 1578 120 31 ansett
555 1586 55 23 oss
638 1573 80 36 icke
747 1574 89 35 böra
864 1573 146 36 biträda
1038 1574 197 35 utskottets
1264 1573 123 36 beslut
1414 1586 61 22 om
1506 1572 164 36 bestämd
1697 1571 146 50 valdag.

514 1626 17 36 I
574 1625 113 51 öfrigt
728 1627 120 36 skulle
889 1627 39 36 vi
963 1627 141 45 önskat,
1146 1632 56 30 att
1225 1627 179 36 utskottet
1432 1627 128 48 tillagt
1587 1626 62 36 sitt
1676 1624 137 51 förslag
1841 1638 45 23 en
1915 1624 92 37 före-

407 1679 110 37 skrift
559 1694 60 22 om
663 1680 237 37 infordrande
943 1679 42 37 af
1024 1681 260 48 valprotokoll,
1317 1680 56 36 för
1400 1679 81 46 fall,
1513 1680 44 36 då
1586 1679 134 37 sådana
1749 1681 31 47 ej
1810 1680 198 35 inkommit

408 1734 92 36 eller
523 1735 95 35 varit
646 1733 174 51 felaktigt
847 1733 212 47 affattade»;

1697 1779 10 12 .

517 1813 42 37 af
583 1814 87 37 herr
699 1816 152 47 Sjöberg,
879 1827 79 24 som
986 1820 134 45 yttrat:

516 1903 150 37 »Ehuru
704 1905 64 48 jag
795 1906 13 34 i
837 1905 145 49 princip
1008 1905 31 48 ej
1069 1905 67 35 har
1164 1903 112 50 något
1303 1909 109 39 emot,
1440 1909 56 30 att
1524 1917 44 23 en
1596 1903 58 36 för
1681 1904 84 35 hela
1795 1903 127 37 landet
1949 1916 58 36 ge-

409 1969 163 24 mensam
600 1957 136 50 valdag
764 1958 259 36 bestämmmes
1051 1957 57 36 för
1130 1959 62 35 val
1217 1959 59 34 till
1304 1958 256 48 riksdagsman
1588 1958 11 34 i
1623 1957 129 36 Andra
1772 1958 236 43 Kammaren,

408 2011 68 36 har
500 2012 66 48 jag
594 2011 94 36 dock
717 2012 31 48 ej
779 2012 144 35 kunnat
952 2012 195 49 godkänna
1172 2012 62 35 det
1253 2012 85 44 slut,
1366 2012 154 36 hvartill
1548 2012 179 35 utskottet
1747 2011 157 36 kommit
1923 2011 84 35 med

408 2065 200 49 anledning
636 2065 41 36 af
703 2066 84 35 herr
815 2065 228 37 Wallmarks
1071 2066 138 36 motion
1238 2066 92 36 eller
1358 2069 55 33 att
1432 2065 127 36 härtill
1578 2065 130 36 föreslå
1727 2065 86 36 sista
1832 2065 175 49 lördagen

408 2119 11 34 i
460 2119 209 49 september
711 2118 145 37 månad.
913 2119 74 49 Jag
1029 2132 104 23 anser
1174 2120 185 48 nemligen
1393 2125 55 30 att
1476 2119 175 48 lördagen
1680 2118 40 36 af
1750 2119 154 36 veckans
1932 2120 76 34 alla

407 2172 121 49 dagar
557 2173 111 35 minst
696 2173 145 49 lämpar
865 2174 55 48 sig
948 2172 135 45 härför,
1110 2173 165 44 emedan,
1304 2186 59 23 om
1394 2173 196 36 utskottets
1622 2171 135 50 förslag
1785 2172 223 48 godkändes,

408 2225 63 36 det
511 2225 218 37 åtminstone
771 2227 98 36 hvad
897 2227 257 49 landsbygden
1183 2226 115 49 angår
1330 2227 122 36 skulle
1487 2225 131 49 uppstå
1651 2232 100 30 stora
1784 2225 224 48 svårigheter

408 2277 58 37 för
507 2279 134 50 många
683 2279 40 36 af
763 2280 44 36 de
849 2280 311 49 röstberättigade
1197 2285 54 32 att
1278 2287 155 29 närvara
1461 2280 62 35 vid
1554 2280 108 45 valet,
1691 2279 45 36 då
1764 2280 44 35 de
1832 2280 78 47 just
1937 2279 69 36 den
