1900 2824
45 1201 142 26 Motioner
213 1208 46 17 an-

55 1237 109 33 gående
184 1237 67 25 fort-

79 1272 152 33 sättnings-

71 1308 100 26 skolan
191 1308 47 25 vid

83 1343 69 26 1929
178 1343 46 25 års

92 1379 124 32 riksdag.

82 2491 157 26 Utskottet.

273 189 19 31 2
438 188 119 32 Andra
581 189 202 31 kammarens
807 187 126 34 första
959 186 168 43 tillfälliga
1150 188 135 32 utskotts
1308 187 166 32 utlåtande
1498 186 52 32 Nr
1576 190 29 28 9.

275 278 197 37 ningsskola
497 288 40 19 av
561 279 78 30 1918
663 279 56 30 års
742 281 56 35 typ
823 279 71 30 icke
918 279 75 30 kom
1018 281 45 27 att
1085 279 132 29 inträda
1241 278 116 30 förrän
1381 278 70 29 med
1475 277 166 37 utgången
1666 286 40 19 av
1729 276 38 29 år

277 330 87 35 1926,
384 331 62 29 har
463 332 179 36 riksdagen
662 332 92 29 såväl
773 332 38 29 år
830 332 79 29 1925
929 341 69 20 som
1017 332 38 29 år
1075 332 77 29 1928
1172 331 95 30 fattat
1285 331 115 34 beslut,
1421 331 89 28 vilka
1530 330 166 29 inneburit
1715 338 52 20 av-

277 384 138 29 sevärda
432 384 266 29 modifikationer
715 386 11 28 i
744 384 96 37 fråga
858 394 51 20 om
926 384 451 37 fortsättningsskolkursens
1395 383 108 37 längd.
1523 381 48 30 Är
1590 383 78 29 1925
1685 382 83 29 med-

276 445 81 28 gavs
380 437 151 36 sålunda,
556 439 45 28 att
625 437 53 30 för
701 437 184 38 lärjungar,
910 447 70 20 som
1004 438 109 37 avgått
1137 437 76 30 från
1237 437 129 38 sjuårig
1390 436 166 30 folkskola
1581 445 39 20 av
1644 435 124 30 huvud-

277 490 84 30 form
388 490 269 38 (heltidsläsande
680 491 182 38 folkskola)
889 492 78 30 eller
989 491 76 30 från
1088 492 126 30 mindre
1236 491 167 30 folkskola
1427 500 41 20 av
1490 490 62 30 D-1
1577 490 84 30 form
1688 489 80 38 (hel-

276 544 201 31 tidsläsande
501 546 124 30 mindre
649 545 195 37 folkskola),
868 546 124 29 kursen
1016 545 90 38 finge
1129 546 203 29 inskränkas
1355 545 49 29 till
1429 547 44 27 att
1497 544 134 30 omfatta
1654 544 114 30 endast

276 606 39 20 en
336 597 140 30 årskurs
497 599 70 28 med
587 599 98 29 minst
706 598 58 30 180
784 598 394 38 undervisningstimmar.
1211 597 48 30 Är
1279 599 79 29 1928
1379 598 127 36 vidtogs
1527 598 111 29 vidare
1658 607 39 20 en
1718 597 50 29 så-

278 650 63 30 dan
360 651 140 37 ändring
517 653 11 28 i
545 651 196 31 hithörande
758 651 251 35 bestämmelser,
1028 654 45 27 att
1091 652 50 30 det
1159 651 72 30 blev
1247 651 127 37 möjligt
1392 654 81 27 även
1491 650 53 30 för
1562 651 206 29 skoldistrikt

276 704 70 29 med
367 704 280 31 halvtidsläsande
669 705 151 37 sjuåriga
841 705 185 30 folkskolor
1048 707 44 28 att
1115 705 148 30 anordna
1285 704 352 37 fortsättningsskolan
1659 704 109 29 såsom

276 757 125 37 ettårig.
432 757 151 31 Allenast
604 758 51 30 det
676 758 151 31 villkoret
847 759 210 37 uppställdes,
1079 761 45 27 att
1145 760 10 28 i
1176 759 204 29 sistnämnda
1401 758 60 30 fall
1481 759 125 29 kursen
1626 775 37 3 —
1684 758 84 29 bort-

276 813 61 28 sett
359 811 76 30 från
459 813 91 28 vissa
571 812 250 37 undantagsfall
844 829 37 3 —
905 813 102 29 måste
1030 812 134 30 omfatta
1187 813 98 29 minst
1309 812 59 30 360
1391 814 137 27 timmar.

318 864 15 29 I
353 865 177 37 anledning
549 875 40 19 av
607 866 95 29 väckt
720 866 122 29 motion
861 866 113 29 anhöll
992 866 111 30 vidare
1121 866 78 29 1927
1218 866 56 29 års
1293 866 136 36 riksdag
1448 866 61 29 hos
1528 865 121 37 Kungl.
1672 865 97 36 Maj:t

281 917 211 37 (riksdagens
515 918 159 31 skrivelse
695 929 40 19 nr
758 918 86 38 255),
868 921 45 27 att
935 918 121 38 Kungl.
1083 919 99 37 Maj:t
1203 919 96 30 måtte
1320 921 76 35 taga
1418 919 105 29 under
1546 920 222 36 omprövning,

277 971 164 30 huruvida
461 972 126 29 sådana
608 972 181 37 ändringar
810 972 99 31 borde
928 973 149 36 vidtagas
1098 974 11 28 i
1129 972 209 30 folkskolans
1359 972 345 37 undervisningsplan,
1726 974 44 27 att

279 1024 50 29 det
353 1025 118 36 sjunde
497 1025 162 30 skolårets
685 1026 162 36 kursplan
871 1026 126 29 komme
1023 1028 45 27 att
1092 1027 163 36 inrymma
1280 1026 121 37 jämväl
1426 1026 61 30 den
1513 1026 91 34 kurs,
1630 1035 69 20 som
1724 1035 45 19 nu

278 1077 112 29 tillhör
413 1078 61 29 den
496 1077 150 38 tvååriga
668 1078 370 37 fortsättningsskolans
1061 1079 246 37 undervisning.

320 1195 64 29 Vid
403 1195 78 30 1929
501 1196 56 29 års
576 1196 135 37 riksdag
730 1195 95 35 hava,
845 1197 89 28 utom
953 1195 61 30 den
1033 1195 61 29 här
1113 1194 225 34 förevarande,
1358 1193 92 31 blivit
1469 1193 115 30 väckta
1604 1192 168 37 åtskilliga

280 1250 158 29 motioner
458 1250 141 30 rörande
619 1249 360 37 fortsättningsskolan,
1000 1249 165 37 nämligen

321 1302 68 30 dels
411 1303 53 29 två
486 1303 211 37 likalydande
719 1303 158 29 motioner
903 1302 44 37 (I:
973 1302 57 29 143
1053 1302 60 29 och
1136 1302 49 29 II:
1207 1301 86 37 243),
1316 1303 11 28 i
1348 1301 88 29 vilka
1458 1302 158 28 motioner
1638 1300 135 29 föresla-

281 1355 72 36 gits,
389 1357 45 28 att
467 1356 178 36 riksdagen
679 1355 96 30 måtte
808 1357 12 28 i
853 1355 159 31 skrivelse
1046 1355 49 29 till
1129 1354 122 38 Kungl.
1277 1355 99 36 Maj:t
1399 1354 172 30 hemställa
1595 1363 51 20 om
1670 1353 103 29 sådan

282 1408 140 38 ändring
442 1418 43 20 av
505 1408 287 31 bestämmelserna
814 1410 12 28 i
847 1409 139 37 stadgan
1008 1409 60 29 den
1092 1408 37 30 16
1151 1408 178 37 september
1352 1408 87 34 1918,
1464 1409 44 28 att
1531 1407 243 36 fortsättnings-

281 1462 96 30 skola
395 1462 41 37 på
456 1462 108 30 landet
583 1463 52 29 må
654 1462 114 30 kunna
788 1462 167 30 anordnas
974 1462 41 38 på
1035 1462 50 30 det
1103 1464 72 32 sätt,
1196 1463 45 28 att
1260 1462 61 29 den
1341 1461 152 30 omfattar
1513 1461 115 30 endast
1646 1470 39 21 en
1705 1461 69 28 års-

280 1515 83 30 kurs
386 1516 70 29 med
479 1516 98 30 minst
601 1516 255 30 etthundraåttio
880 1516 395 36 undervisningstimmar,
1299 1515 153 37 förlagda
1473 1517 89 27 utom
1585 1514 60 30 den
1668 1516 106 35 egent-

281 1568 67 37 liga
368 1568 210 31 folkskolans
600 1569 166 31 ordinarie
786 1569 312 37 undervisningstid,

321 1622 68 30 dels
412 1632 41 21 en
475 1623 122 29 motion
625 1622 45 38 (I:
696 1622 66 38 18),
786 1624 71 28 vari
880 1623 190 34 hemställts,
1095 1624 45 28 att
1163 1622 178 38 riksdagen
1363 1623 11 29 i
1397 1622 159 30 skrivelse
1578 1621 49 30 till
1651 1620 120 37 Kungl.

283 1675 100 38 Maj:t
408 1676 95 31 måtte
526 1676 148 37 anhålla,
700 1678 46 29 att
769 1676 122 38 Kungl.
920 1676 98 38 Maj:t
1044 1676 96 30 måtte
1165 1676 66 30 låta
1256 1676 149 30 utarbeta
1430 1676 199 37 kursplaner
1655 1675 52 29 för
1732 1676 42 28 ett

281 1730 118 36 sjunde
418 1730 122 35 skolår,
560 1730 226 37 inrymmande
807 1730 60 30 den
885 1731 91 34 kurs,
998 1740 69 20 som
1085 1740 46 20 nu
1151 1730 112 29 tillhör
1282 1730 61 29 den
1362 1730 150 36 tvååriga
1531 1729 243 36 fortsättnings-

282 1783 137 30 skolans
443 1784 248 37 undervisning,
718 1786 83 27 samt
826 1785 45 28 att
896 1783 143 30 därefter
1064 1784 60 29 den
1151 1784 141 36 ändring
1317 1785 11 28 i
1353 1783 153 37 gällande
1531 1783 244 35 fortsättnings-

281 1836 192 37 skolstadga
503 1837 95 30 måtte
627 1837 158 36 vidtagas,
817 1839 44 26 att
891 1837 207 29 skoldistrikt
1127 1837 70 29 med
1227 1836 257 30 heltidsläsande
1513 1836 119 29 skolor.
1666 1844 68 20 som
1766 1835 10 27 i

282 1898 39 20 en
342 1889 216 37 obligatorisk
579 1890 118 37 sjunde
717 1890 93 30 klass
831 1890 146 37 tillämpa
998 1890 96 30 dessa
1115 1890 207 37 kursplaner,
1344 1890 52 29 må
1417 1889 127 31 erhålla
1564 1888 146 30 tillstånd
1732 1890 44 27 att

283 1944 122 29 ersätta
423 1943 351 37 fortsättningsskolan
795 1944 70 29 med
884 1946 41 27 ett
945 1944 118 36 sjunde
1083 1944 123 34 skolår,

323 1996 68 30 dels
426 1997 60 29 ock
519 2006 39 20 en
591 1998 122 28 motion
749 1996 63 37 (II:
847 1996 66 37 34),
937 1999 71 27 vari
1030 1997 191 36 hemställts,
1245 1999 45 27 att
1312 1997 178 37 riksdagen
1512 1998 11 28 i
1545 1996 160 30 skrivelse
1727 1996 49 29 till

284 2048 121 38 Kungl.
433 2049 99 37 Maj:t
556 2050 97 29 måtte
677 2050 144 34 anhålla,
847 2052 45 27 att
916 2050 122 37 Kungl.
1066 2051 99 36 Maj:t
1190 2067 37 3 —
1253 2050 81 30 efter
1359 2050 213 29 utarbetande
1597 2059 40 20 av
1662 2049 115 29 härför

283 2102 149 37 lämpade
452 2103 198 36 kursplaner
672 2120 38 3 —
734 2103 74 30 ville
830 2103 133 30 utfärda
986 2103 171 30 föreskrift
1181 2104 121 33 därom,
1326 2105 45 28 att
1393 2104 215 33 skoldistrikt,
1632 2112 70 20 som
1726 2102 51 29 vid

283 2156 256 30 heltidsläsande
562 2157 151 37 sjuåriga
737 2157 186 29 folkskolor
947 2157 144 30 meddela
1115 2157 370 38 fortsättningsskolans
1509 2158 269 36 undervisnings-

285 2210 79 29 stoff
389 2210 104 30 under
519 2211 118 37 sjunde
663 2211 131 34 läsåret,
819 2211 52 29 må
897 2214 62 34 äga
985 2213 63 28 rätt
1071 2213 47 28 att
1143 2211 105 30 befria
1273 2212 150 29 eleverna
1449 2212 75 29 från
1551 2211 192 37 deltagande
1768 2212 10 27 i

285 2263 369 38 fortsättningsskolans
675 2265 248 36 undervisning.

324 2316 53 30 Nu
405 2317 143 30 nämnda
577 2318 158 29 motioner
764 2318 85 29 hava
880 2320 90 27 ännu
999 2319 72 29 icke
1099 2319 84 28 varit
1212 2318 136 30 föremål
1378 2318 52 30 för
1461 2318 195 37 riksdagens
1686 2321 93 34 pröv-

284 2380 90 28 ning.

327 2484 163 30 Utskottet
515 2484 56 29 vill
596 2484 50 29 till
672 2494 39 20 en
736 2484 119 37 början
881 2483 185 34 framhålla,
1094 2485 45 28 att
1163 2484 155 28 utskottet
1343 2483 49 29 till
1418 2482 83 30 fullo
1526 2482 169 37 behjärtar
1720 2481 60 29 den

286 2539 101 35 nytta,
410 2546 70 22 som
502 2537 353 38 fortsättningsskolan
877 2537 125 29 medför
1025 2537 52 29 för
1099 2537 50 29 det
1171 2537 217 37 uppväxande
1408 2536 118 29 släktet
1549 2536 60 29 och
1632 2535 52 30 för
1707 2535 74 29 hela
