<?xml version="1.0" encoding="UTF-8"?>
<alto xmlns="http://www.loc.gov/standards/alto/ns-v3#" xmlns:xlink="http://www.w3.org/1999/xlink" xmlns:xsi="http://www.w3.org/2001/XMLSchema-instance" xsi:schemaLocation="http://www.loc.gov/standards/alto/ns-v3# http://www.loc.gov/alto/v3/alto-3-0.xsd">
	<Description>
		<MeasurementUnit>pixel</MeasurementUnit>
		<sourceImageInformation>
			<fileName>/tmp/tess_o3tg61y1_input.PNG</fileName>
		</sourceImageInformation>
		<OCRProcessing ID="OCR_0">
			<ocrProcessingStep>
				<processingSoftware>
					<softwareName>tesseract 5.3.0</softwareName>
				</processingSoftware>
			</ocrProcessingStep>
		</OCRProcessing>
	</Description>
	<Layout>
		<Page WIDTH="1884" HEIGHT="2806" PHYSICAL_IMG_NR="0" ID="page_0">
			<PrintSpace HPOS="0" VPOS="0" WIDTH="1884" HEIGHT="2806">
				<ComposedBlock ID="cblock_0" HPOS="495" VPOS="144" WIDTH="1114" HEIGHT="44">
					<TextBlock ID="block_0" HPOS="495" VPOS="144" WIDTH="1114" HEIGHT="44">
						<TextLine ID="line_0" HPOS="495" VPOS="144" WIDTH="1114" HEIGHT="44">
							<String ID="string_0" HPOS="495" VPOS="152" WIDTH="117" HEIGHT="30" WC="0.90" CONTENT="Andra"/><SP WIDTH="18" VPOS="152" HPOS="612"/>
							<String ID="string_1" HPOS="630" VPOS="151" WIDTH="239" HEIGHT="37" WC="0.89" CONTENT="lagutskottets"/><SP WIDTH="19" VPOS="151" HPOS="869"/>
							<String ID="string_2" HPOS="888" VPOS="151" WIDTH="177" HEIGHT="30" WC="0.96" CONTENT="utlåtande"/><SP WIDTH="20" VPOS="151" HPOS="1065"/>
							<String ID="string_3" HPOS="1085" VPOS="161" WIDTH="40" HEIGHT="20" WC="0.95" CONTENT="nr"/><SP WIDTH="23" VPOS="161" HPOS="1125"/>
							<String ID="string_4" HPOS="1148" VPOS="150" WIDTH="50" HEIGHT="30" WC="0.96" CONTENT="37."/><SP WIDTH="392" VPOS="150" HPOS="1198"/>
							<String ID="string_5" HPOS="1590" VPOS="144" WIDTH="19" HEIGHT="30" WC="0.96" CONTENT="3"/>
						</TextLine>
					</TextBlock>
				</ComposedBlock>
				<ComposedBlock ID="cblock_1" HPOS="101" VPOS="234" WIDTH="1504" HEIGHT="183">
					<TextBlock ID="block_1" HPOS="101" VPOS="234" WIDTH="1504" HEIGHT="87">
						<TextLine ID="line_1" HPOS="144" VPOS="234" WIDTH="1461" HEIGHT="41">
							<String ID="string_6" HPOS="144" VPOS="235" WIDTH="31" HEIGHT="40" WC="0.96" CONTENT="4)"/><SP WIDTH="31" VPOS="235" HPOS="175"/>
							<String ID="string_7" HPOS="206" VPOS="236" WIDTH="126" HEIGHT="36" WC="0.96" CONTENT="arbete,"/><SP WIDTH="23" VPOS="236" HPOS="332"/>
							<String ID="string_8" HPOS="355" VPOS="237" WIDTH="75" HEIGHT="30" WC="0.96" CONTENT="däri"/><SP WIDTH="23" VPOS="237" HPOS="430"/>
							<String ID="string_9" HPOS="453" VPOS="236" WIDTH="257" HEIGHT="36" WC="0.96" CONTENT="arbetstagaren"/><SP WIDTH="22" VPOS="236" HPOS="710"/>
							<String ID="string_10" HPOS="732" VPOS="236" WIDTH="112" HEIGHT="31" WC="0.96" CONTENT="under"/><SP WIDTH="21" VPOS="236" HPOS="844"/>
							<String ID="string_11" HPOS="865" VPOS="235" WIDTH="105" HEIGHT="32" WC="0.96" CONTENT="minst"/><SP WIDTH="21" VPOS="235" HPOS="970"/>
							<String ID="string_12" HPOS="991" VPOS="236" WIDTH="77" HEIGHT="36" WC="0.96" CONTENT="fyra"/><SP WIDTH="22" VPOS="236" HPOS="1068"/>
							<String ID="string_13" HPOS="1090" VPOS="235" WIDTH="140" HEIGHT="31" WC="0.96" CONTENT="timmar"/><SP WIDTH="22" VPOS="235" HPOS="1230"/>
							<String ID="string_14" HPOS="1252" VPOS="244" WIDTH="43" HEIGHT="22" WC="0.96" CONTENT="av"/><SP WIDTH="22" VPOS="244" HPOS="1295"/>
							<String ID="string_15" HPOS="1317" VPOS="234" WIDTH="211" HEIGHT="32" WC="0.95" CONTENT="arbetstiden"/><SP WIDTH="21" VPOS="234" HPOS="1528"/>
							<String ID="string_16" HPOS="1549" VPOS="235" WIDTH="56" HEIGHT="31" WC="0.96" CONTENT="för"/>
						</TextLine>
						<TextLine ID="line_2" HPOS="101" VPOS="284" WIDTH="661" HEIGHT="37">
							<String ID="string_17" HPOS="101" VPOS="284" WIDTH="92" HEIGHT="37" WC="0.93" CONTENT="dygn"/><SP WIDTH="24" VPOS="284" HPOS="193"/>
							<String ID="string_18" HPOS="217" VPOS="285" WIDTH="193" HEIGHT="36" WC="0.91" CONTENT="sysselsatts"/><SP WIDTH="29" VPOS="285" HPOS="410"/>
							<String ID="string_19" HPOS="439" VPOS="285" WIDTH="5" HEIGHT="30" WC="0.96" CONTENT="i"/><SP WIDTH="23" VPOS="285" HPOS="444"/>
							<String ID="string_20" HPOS="467" VPOS="286" WIDTH="191" HEIGHT="34" WC="0.96" CONTENT="mörkrum,"/><SP WIDTH="24" VPOS="286" HPOS="658"/>
							<String ID="string_21" HPOS="682" VPOS="285" WIDTH="80" HEIGHT="30" WC="0.96" CONTENT="eller"/>
						</TextLine>
					</TextBlock>
					<TextBlock ID="block_2" HPOS="101" VPOS="334" WIDTH="1502" HEIGHT="83">
						<TextLine ID="line_3" HPOS="143" VPOS="334" WIDTH="1460" HEIGHT="42">
							<String ID="string_22" HPOS="143" VPOS="336" WIDTH="30" HEIGHT="40" WC="0.96" CONTENT="5)"/><SP WIDTH="31" VPOS="336" HPOS="173"/>
							<String ID="string_23" HPOS="204" VPOS="337" WIDTH="126" HEIGHT="37" WC="0.95" CONTENT="arbete,"/><SP WIDTH="31" VPOS="337" HPOS="330"/>
							<String ID="string_24" HPOS="361" VPOS="338" WIDTH="74" HEIGHT="30" WC="0.96" CONTENT="däri"/><SP WIDTH="27" VPOS="338" HPOS="435"/>
							<String ID="string_25" HPOS="462" VPOS="337" WIDTH="258" HEIGHT="36" WC="0.96" CONTENT="arbetstagaren"/><SP WIDTH="28" VPOS="337" HPOS="720"/>
							<String ID="string_26" HPOS="748" VPOS="339" WIDTH="123" HEIGHT="29" WC="0.96" CONTENT="utsatts"/><SP WIDTH="29" VPOS="339" HPOS="871"/>
							<String ID="string_27" HPOS="900" VPOS="337" WIDTH="56" HEIGHT="30" WC="0.96" CONTENT="för"/><SP WIDTH="27" VPOS="337" HPOS="956"/>
							<String ID="string_28" HPOS="983" VPOS="334" WIDTH="314" HEIGHT="40" WC="0.96" CONTENT="röntgenstrålning"/><SP WIDTH="28" VPOS="334" HPOS="1297"/>
							<String ID="string_29" HPOS="1325" VPOS="335" WIDTH="82" HEIGHT="32" WC="0.96" CONTENT="eller"/><SP WIDTH="28" VPOS="335" HPOS="1407"/>
							<String ID="string_30" HPOS="1435" VPOS="335" WIDTH="168" HEIGHT="37" WC="0.96" CONTENT="strålning"/>
						</TextLine>
						<TextLine ID="line_4" HPOS="101" VPOS="385" WIDTH="446" HEIGHT="32">
							<String ID="string_31" HPOS="101" VPOS="385" WIDTH="79" HEIGHT="31" WC="0.96" CONTENT="från"/><SP WIDTH="22" VPOS="385" HPOS="180"/>
							<String ID="string_32" HPOS="202" VPOS="386" WIDTH="211" HEIGHT="31" WC="0.96" CONTENT="radioaktivt"/><SP WIDTH="23" VPOS="386" HPOS="413"/>
							<String ID="string_33" HPOS="436" VPOS="387" WIDTH="111" HEIGHT="30" WC="0.95" CONTENT="ämne."/>
						</TextLine>
					</TextBlock>
				</ComposedBlock>
				<ComposedBlock ID="cblock_2" HPOS="97" VPOS="463" WIDTH="1513" HEIGHT="968">
					<TextBlock ID="block_3" HPOS="818" VPOS="463" WIDTH="70" HEIGHT="38">
						<TextLine ID="line_5" HPOS="818" VPOS="463" WIDTH="70" HEIGHT="38">
							<String ID="string_34" HPOS="818" VPOS="463" WIDTH="70" HEIGHT="38" WC="0.89" CONTENT="28."/>
						</TextLine>
					</TextBlock>
					<TextBlock ID="block_4" HPOS="97" VPOS="530" WIDTH="1506" HEIGHT="293">
						<TextLine ID="line_6" HPOS="141" VPOS="530" WIDTH="1462" HEIGHT="39">
							<String ID="string_35" HPOS="141" VPOS="531" WIDTH="69" HEIGHT="31" WC="0.96" CONTENT="För"/><SP WIDTH="19" VPOS="531" HPOS="210"/>
							<String ID="string_36" HPOS="229" VPOS="531" WIDTH="98" HEIGHT="38" WC="0.96" CONTENT="varje"/><SP WIDTH="20" VPOS="531" HPOS="327"/>
							<String ID="string_37" HPOS="347" VPOS="531" WIDTH="296" HEIGHT="32" WC="0.96" CONTENT="kalendermånad"/><SP WIDTH="21" VPOS="531" HPOS="643"/>
							<String ID="string_38" HPOS="664" VPOS="541" WIDTH="42" HEIGHT="22" WC="0.92" CONTENT="av"/><SP WIDTH="22" VPOS="541" HPOS="706"/>
							<String ID="string_39" HPOS="728" VPOS="530" WIDTH="347" HEIGHT="38" WC="0.91" CONTENT="kvalifikationsåret,"/><SP WIDTH="22" VPOS="530" HPOS="1075"/>
							<String ID="string_40" HPOS="1097" VPOS="531" WIDTH="112" HEIGHT="31" WC="0.96" CONTENT="under"/><SP WIDTH="23" VPOS="531" HPOS="1209"/>
							<String ID="string_41" HPOS="1232" VPOS="531" WIDTH="115" HEIGHT="31" WC="0.96" CONTENT="vilken"/><SP WIDTH="23" VPOS="531" HPOS="1347"/>
							<String ID="string_42" HPOS="1370" VPOS="532" WIDTH="233" HEIGHT="36" WC="0.96" CONTENT="arbetstagare"/>
						</TextLine>
						<TextLine ID="line_7" HPOS="97" VPOS="582" WIDTH="1506" HEIGHT="38">
							<String ID="string_43" HPOS="97" VPOS="582" WIDTH="56" HEIGHT="31" WC="0.96" CONTENT="för"/><SP WIDTH="25" VPOS="582" HPOS="153"/>
							<String ID="string_44" HPOS="178" VPOS="582" WIDTH="272" HEIGHT="37" WC="0.96" CONTENT="arbetsgivarens"/><SP WIDTH="25" VPOS="582" HPOS="450"/>
							<String ID="string_45" HPOS="475" VPOS="583" WIDTH="148" HEIGHT="37" WC="0.93" CONTENT="räkning"/><SP WIDTH="25" VPOS="583" HPOS="623"/>
							<String ID="string_46" HPOS="648" VPOS="582" WIDTH="20" HEIGHT="32" WC="0.91" CONTENT="å"/><SP WIDTH="25" VPOS="582" HPOS="668"/>
							<String ID="string_47" HPOS="693" VPOS="582" WIDTH="107" HEIGHT="32" WC="0.96" CONTENT="minst"/><SP WIDTH="26" VPOS="582" HPOS="800"/>
							<String ID="string_48" HPOS="826" VPOS="586" WIDTH="120" HEIGHT="27" WC="0.96" CONTENT="sexton"/><SP WIDTH="24" VPOS="586" HPOS="946"/>
							<String ID="string_49" HPOS="970" VPOS="583" WIDTH="107" HEIGHT="36" WC="0.96" CONTENT="dagar"/><SP WIDTH="24" VPOS="583" HPOS="1077"/>
							<String ID="string_50" HPOS="1101" VPOS="582" WIDTH="110" HEIGHT="31" WC="0.96" CONTENT="utfört"/><SP WIDTH="26" VPOS="582" HPOS="1211"/>
							<String ID="string_51" HPOS="1237" VPOS="582" WIDTH="10" HEIGHT="30" WC="0.96" CONTENT="i"/><SP WIDTH="26" VPOS="582" HPOS="1247"/>
							<String ID="string_52" HPOS="1273" VPOS="583" WIDTH="114" HEIGHT="30" WC="0.96" CONTENT="denna"/><SP WIDTH="26" VPOS="583" HPOS="1387"/>
							<String ID="string_53" HPOS="1413" VPOS="583" WIDTH="55" HEIGHT="36" WC="0.95" CONTENT="lag"/><SP WIDTH="25" VPOS="583" HPOS="1468"/>
							<String ID="string_54" HPOS="1493" VPOS="584" WIDTH="110" HEIGHT="29" WC="0.95" CONTENT="avsett"/>
						</TextLine>
						<TextLine ID="line_8" HPOS="97" VPOS="632" WIDTH="1505" HEIGHT="38">
							<String ID="string_55" HPOS="97" VPOS="632" WIDTH="126" HEIGHT="37" WC="0.96" CONTENT="arbete,"/><SP WIDTH="21" VPOS="632" HPOS="223"/>
							<String ID="string_56" HPOS="244" VPOS="632" WIDTH="102" HEIGHT="38" WC="0.96" CONTENT="utgår"/><SP WIDTH="19" VPOS="632" HPOS="346"/>
							<String ID="string_57" HPOS="365" VPOS="637" WIDTH="186" HEIGHT="27" WC="0.96" CONTENT="semestern"/><SP WIDTH="20" VPOS="637" HPOS="551"/>
							<String ID="string_58" HPOS="571" VPOS="633" WIDTH="81" HEIGHT="31" WC="0.96" CONTENT="med"/><SP WIDTH="21" VPOS="633" HPOS="652"/>
							<String ID="string_59" HPOS="673" VPOS="643" WIDTH="42" HEIGHT="21" WC="0.96" CONTENT="en"/><SP WIDTH="21" VPOS="643" HPOS="715"/>
							<String ID="string_60" HPOS="736" VPOS="634" WIDTH="67" HEIGHT="30" WC="0.96" CONTENT="och"/><SP WIDTH="22" VPOS="634" HPOS="803"/>
							<String ID="string_61" HPOS="825" VPOS="643" WIDTH="44" HEIGHT="22" WC="0.96" CONTENT="en"/><SP WIDTH="21" VPOS="643" HPOS="869"/>
							<String ID="string_62" HPOS="890" VPOS="634" WIDTH="81" HEIGHT="31" WC="0.96" CONTENT="halv"/><SP WIDTH="20" VPOS="634" HPOS="971"/>
							<String ID="string_63" HPOS="991" VPOS="634" WIDTH="67" HEIGHT="36" WC="0.96" CONTENT="dag"/><SP WIDTH="21" VPOS="634" HPOS="1058"/>
							<String ID="string_64" HPOS="1079" VPOS="642" WIDTH="58" HEIGHT="22" WC="0.96" CONTENT="om"/><SP WIDTH="21" VPOS="642" HPOS="1137"/>
							<String ID="string_65" HPOS="1158" VPOS="633" WIDTH="131" HEIGHT="32" WC="0.96" CONTENT="arbetet"/><SP WIDTH="21" VPOS="633" HPOS="1289"/>
							<String ID="string_66" HPOS="1310" VPOS="634" WIDTH="40" HEIGHT="30" WC="0.96" CONTENT="är"/><SP WIDTH="19" VPOS="634" HPOS="1350"/>
							<String ID="string_67" HPOS="1369" VPOS="632" WIDTH="136" HEIGHT="38" WC="0.96" CONTENT="sådant,"/><SP WIDTH="21" VPOS="632" HPOS="1505"/>
							<String ID="string_68" HPOS="1526" VPOS="641" WIDTH="76" HEIGHT="23" WC="0.95" CONTENT="som"/>
						</TextLine>
						<TextLine ID="line_9" HPOS="97" VPOS="682" WIDTH="1504" HEIGHT="41">
							<String ID="string_69" HPOS="97" VPOS="684" WIDTH="225" HEIGHT="31" WC="0.92" CONTENT="omförmäles"/><SP WIDTH="23" VPOS="684" HPOS="322"/>
							<String ID="string_70" HPOS="345" VPOS="684" WIDTH="11" HEIGHT="30" WC="0.96" CONTENT="i"/><SP WIDTH="25" VPOS="684" HPOS="356"/>
							<String ID="string_71" HPOS="381" VPOS="685" WIDTH="14" HEIGHT="29" WC="0.89" CONTENT="1"/><SP WIDTH="26" VPOS="685" HPOS="395"/>
							<String ID="string_72" HPOS="421" VPOS="684" WIDTH="18" HEIGHT="37" WC="0.81" CONTENT="8"/><SP WIDTH="24" VPOS="684" HPOS="439"/>
							<String ID="string_73" HPOS="463" VPOS="684" WIDTH="112" HEIGHT="31" WC="0.93" CONTENT="under"/><SP WIDTH="23" VPOS="684" HPOS="575"/>
							<String ID="string_74" HPOS="598" VPOS="682" WIDTH="130" HEIGHT="41" WC="0.71" CONTENT="1)—4),"/><SP WIDTH="25" VPOS="682" HPOS="728"/>
							<String ID="string_75" HPOS="753" VPOS="688" WIDTH="90" HEIGHT="27" WC="0.96" CONTENT="samt"/><SP WIDTH="23" VPOS="688" HPOS="843"/>
							<String ID="string_76" HPOS="866" VPOS="685" WIDTH="80" HEIGHT="30" WC="0.95" CONTENT="med"/><SP WIDTH="21" VPOS="685" HPOS="946"/>
							<String ID="string_77" HPOS="967" VPOS="687" WIDTH="52" HEIGHT="28" WC="0.95" CONTENT="tre"/><SP WIDTH="22" VPOS="687" HPOS="1019"/>
							<String ID="string_78" HPOS="1041" VPOS="685" WIDTH="107" HEIGHT="36" WC="0.96" CONTENT="dagar"/><SP WIDTH="21" VPOS="685" HPOS="1148"/>
							<String ID="string_79" HPOS="1169" VPOS="693" WIDTH="60" HEIGHT="22" WC="0.96" CONTENT="om"/><SP WIDTH="21" VPOS="693" HPOS="1229"/>
							<String ID="string_80" HPOS="1250" VPOS="684" WIDTH="131" HEIGHT="31" WC="0.96" CONTENT="arbetet"/><SP WIDTH="24" VPOS="684" HPOS="1381"/>
							<String ID="string_81" HPOS="1405" VPOS="685" WIDTH="38" HEIGHT="30" WC="0.96" CONTENT="är"/><SP WIDTH="23" VPOS="685" HPOS="1443"/>
							<String ID="string_82" HPOS="1466" VPOS="683" WIDTH="135" HEIGHT="35" WC="0.96" CONTENT="sådant,"/>
						</TextLine>
						<TextLine ID="line_10" HPOS="98" VPOS="733" WIDTH="1505" HEIGHT="41">
							<String ID="string_83" HPOS="98" VPOS="743" WIDTH="74" HEIGHT="22" WC="0.93" CONTENT="som"/><SP WIDTH="15" VPOS="743" HPOS="172"/>
							<String ID="string_84" HPOS="187" VPOS="735" WIDTH="226" HEIGHT="31" WC="0.90" CONTENT="omförmäles"/><SP WIDTH="16" VPOS="735" HPOS="413"/>
							<String ID="string_85" HPOS="429" VPOS="735" WIDTH="11" HEIGHT="30" WC="0.96" CONTENT="i"/><SP WIDTH="19" VPOS="735" HPOS="440"/>
							<String ID="string_86" HPOS="459" VPOS="735" WIDTH="14" HEIGHT="30" WC="0.89" CONTENT="1"/><SP WIDTH="21" VPOS="735" HPOS="473"/>
							<String ID="string_87" HPOS="494" VPOS="734" WIDTH="19" HEIGHT="37" WC="0.68" CONTENT="8"/><SP WIDTH="17" VPOS="734" HPOS="513"/>
							<String ID="string_88" HPOS="530" VPOS="736" WIDTH="111" HEIGHT="30" WC="0.96" CONTENT="under"/><SP WIDTH="16" VPOS="736" HPOS="641"/>
							<String ID="string_89" HPOS="657" VPOS="733" WIDTH="47" HEIGHT="41" WC="0.93" CONTENT="5)."/><SP WIDTH="19" VPOS="733" HPOS="704"/>
							<String ID="string_90" HPOS="723" VPOS="733" WIDTH="154" HEIGHT="38" WC="0.91" CONTENT="Uppstår"/><SP WIDTH="14" VPOS="733" HPOS="877"/>
							<String ID="string_91" HPOS="891" VPOS="735" WIDTH="58" HEIGHT="31" WC="0.96" CONTENT="vid"/><SP WIDTH="16" VPOS="735" HPOS="949"/>
							<String ID="string_92" HPOS="965" VPOS="734" WIDTH="236" HEIGHT="37" WC="0.96" CONTENT="beräkningen"/><SP WIDTH="16" VPOS="734" HPOS="1201"/>
							<String ID="string_93" HPOS="1217" VPOS="744" WIDTH="42" HEIGHT="22" WC="0.93" CONTENT="av"/><SP WIDTH="18" VPOS="744" HPOS="1259"/>
							<String ID="string_94" HPOS="1277" VPOS="737" WIDTH="204" HEIGHT="29" WC="0.90" CONTENT="semesterns"/><SP WIDTH="17" VPOS="737" HPOS="1481"/>
							<String ID="string_95" HPOS="1498" VPOS="734" WIDTH="105" HEIGHT="36" WC="0.96" CONTENT="längd"/>
						</TextLine>
						<TextLine ID="line_11" HPOS="97" VPOS="785" WIDTH="1395" HEIGHT="38">
							<String ID="string_96" HPOS="97" VPOS="785" WIDTH="114" HEIGHT="31" WC="0.93" CONTENT="brutet"/><SP WIDTH="21" VPOS="785" HPOS="211"/>
							<String ID="string_97" HPOS="232" VPOS="786" WIDTH="173" HEIGHT="37" WC="0.90" CONTENT="dagantal,"/><SP WIDTH="23" VPOS="786" HPOS="405"/>
							<String ID="string_98" HPOS="428" VPOS="786" WIDTH="90" HEIGHT="31" WC="0.96" CONTENT="skall"/><SP WIDTH="19" VPOS="786" HPOS="518"/>
							<String ID="string_99" HPOS="537" VPOS="789" WIDTH="189" HEIGHT="28" WC="0.96" CONTENT="semestern"/><SP WIDTH="20" VPOS="789" HPOS="726"/>
							<String ID="string_100" HPOS="746" VPOS="785" WIDTH="83" HEIGHT="38" WC="0.96" CONTENT="utgå"/><SP WIDTH="22" VPOS="785" HPOS="829"/>
							<String ID="string_101" HPOS="851" VPOS="786" WIDTH="80" HEIGHT="31" WC="0.96" CONTENT="med"/><SP WIDTH="21" VPOS="786" HPOS="931"/>
							<String ID="string_102" HPOS="952" VPOS="787" WIDTH="155" HEIGHT="30" WC="0.95" CONTENT="närmast"/><SP WIDTH="23" VPOS="787" HPOS="1107"/>
							<String ID="string_103" HPOS="1130" VPOS="786" WIDTH="106" HEIGHT="37" WC="0.96" CONTENT="högre"/><SP WIDTH="21" VPOS="786" HPOS="1236"/>
							<String ID="string_104" HPOS="1257" VPOS="787" WIDTH="96" HEIGHT="30" WC="0.96" CONTENT="antal"/><SP WIDTH="21" VPOS="787" HPOS="1353"/>
							<String ID="string_105" HPOS="1374" VPOS="786" WIDTH="118" HEIGHT="36" WC="0.96" CONTENT="dagar."/>
						</TextLine>
					</TextBlock>
					<TextBlock ID="block_5" HPOS="99" VPOS="835" WIDTH="1508" HEIGHT="138">
						<TextLine ID="line_12" HPOS="141" VPOS="835" WIDTH="1461" HEIGHT="39">
							<String ID="string_106" HPOS="141" VPOS="835" WIDTH="79" HEIGHT="31" WC="0.96" CONTENT="Med"/><SP WIDTH="23" VPOS="835" HPOS="220"/>
							<String ID="string_107" HPOS="243" VPOS="837" WIDTH="170" HEIGHT="31" WC="0.93" CONTENT="avseende"/><SP WIDTH="23" VPOS="837" HPOS="413"/>
							<String ID="string_108" HPOS="436" VPOS="836" WIDTH="20" HEIGHT="31" WC="0.91" CONTENT="å"/><SP WIDTH="24" VPOS="836" HPOS="456"/>
							<String ID="string_109" HPOS="480" VPOS="839" WIDTH="172" HEIGHT="34" WC="0.96" CONTENT="semester,"/><SP WIDTH="24" VPOS="839" HPOS="652"/>
							<String ID="string_110" HPOS="676" VPOS="846" WIDTH="76" HEIGHT="22" WC="0.96" CONTENT="som"/><SP WIDTH="23" VPOS="846" HPOS="752"/>
							<String ID="string_111" HPOS="775" VPOS="836" WIDTH="101" HEIGHT="38" WC="0.96" CONTENT="utgår"/><SP WIDTH="23" VPOS="836" HPOS="876"/>
							<String ID="string_112" HPOS="899" VPOS="837" WIDTH="104" HEIGHT="37" WC="0.96" CONTENT="enligt"/><SP WIDTH="25" VPOS="837" HPOS="1003"/>
							<String ID="string_113" HPOS="1028" VPOS="837" WIDTH="109" HEIGHT="32" WC="0.96" CONTENT="första"/><SP WIDTH="25" VPOS="837" HPOS="1137"/>
							<String ID="string_114" HPOS="1162" VPOS="837" WIDTH="142" HEIGHT="37" WC="0.96" CONTENT="stycket,"/><SP WIDTH="26" VPOS="837" HPOS="1304"/>
							<String ID="string_115" HPOS="1330" VPOS="838" WIDTH="98" HEIGHT="30" WC="0.93" CONTENT="skola"/><SP WIDTH="26" VPOS="838" HPOS="1428"/>
							<String ID="string_116" HPOS="1454" VPOS="836" WIDTH="148" HEIGHT="31" WC="0.91" CONTENT="bestäm-"/>
						</TextLine>
						<TextLine ID="line_13" HPOS="99" VPOS="886" WIDTH="1508" HEIGHT="38">
							<String ID="string_117" HPOS="99" VPOS="886" WIDTH="171" HEIGHT="30" WC="0.92" CONTENT="melserna"/><SP WIDTH="17" VPOS="886" HPOS="270"/>
							<String ID="string_118" HPOS="287" VPOS="886" WIDTH="11" HEIGHT="30" WC="0.92" CONTENT="i"/><SP WIDTH="17" VPOS="886" HPOS="298"/>
							<String ID="string_119" HPOS="315" VPOS="887" WIDTH="17" HEIGHT="29" WC="0.92" CONTENT="7"/><SP WIDTH="19" VPOS="887" HPOS="332"/>
							<String ID="string_120" HPOS="351" VPOS="886" WIDTH="18" HEIGHT="37" WC="0.83" CONTENT="8"/><SP WIDTH="18" VPOS="886" HPOS="369"/>
							<String ID="string_121" HPOS="387" VPOS="886" WIDTH="109" HEIGHT="31" WC="0.96" CONTENT="andra"/><SP WIDTH="17" VPOS="886" HPOS="496"/>
							<String ID="string_122" HPOS="513" VPOS="887" WIDTH="65" HEIGHT="30" WC="0.97" CONTENT="och"/><SP WIDTH="19" VPOS="887" HPOS="578"/>
							<String ID="string_123" HPOS="597" VPOS="886" WIDTH="109" HEIGHT="37" WC="0.96" CONTENT="tredje"/><SP WIDTH="19" VPOS="886" HPOS="706"/>
							<String ID="string_124" HPOS="725" VPOS="887" WIDTH="166" HEIGHT="36" WC="0.96" CONTENT="styckena"/><SP WIDTH="19" VPOS="887" HPOS="891"/>
							<String ID="string_125" HPOS="910" VPOS="887" WIDTH="99" HEIGHT="36" WC="0.95" CONTENT="lagen"/><SP WIDTH="18" VPOS="887" HPOS="1009"/>
							<String ID="string_126" HPOS="1027" VPOS="896" WIDTH="57" HEIGHT="21" WC="0.96" CONTENT="om"/><SP WIDTH="17" VPOS="896" HPOS="1084"/>
							<String ID="string_127" HPOS="1101" VPOS="891" WIDTH="162" HEIGHT="26" WC="0.96" CONTENT="semester"/><SP WIDTH="18" VPOS="891" HPOS="1263"/>
							<String ID="string_128" HPOS="1281" VPOS="888" WIDTH="63" HEIGHT="36" WC="0.96" CONTENT="äga"/><SP WIDTH="18" VPOS="888" HPOS="1344"/>
							<String ID="string_129" HPOS="1362" VPOS="886" WIDTH="245" HEIGHT="31" WC="0.96" CONTENT="motsvarande"/>
						</TextLine>
						<TextLine ID="line_14" HPOS="101" VPOS="935" WIDTH="700" HEIGHT="38">
							<String ID="string_130" HPOS="101" VPOS="935" WIDTH="229" HEIGHT="37" WC="0.94" CONTENT="tillämpning."/><SP WIDTH="25" VPOS="935" HPOS="330"/>
							<String ID="string_131" HPOS="355" VPOS="936" WIDTH="129" HEIGHT="30" WC="0.96" CONTENT="Därvid"/><SP WIDTH="24" VPOS="936" HPOS="484"/>
							<String ID="string_132" HPOS="508" VPOS="936" WIDTH="88" HEIGHT="31" WC="0.96" CONTENT="skall"/><SP WIDTH="24" VPOS="936" HPOS="596"/>
							<String ID="string_133" HPOS="620" VPOS="936" WIDTH="181" HEIGHT="37" WC="0.96" CONTENT="iakttagas,"/>
						</TextLine>
					</TextBlock>
					<TextBlock ID="block_6" HPOS="97" VPOS="984" WIDTH="1513" HEIGHT="191">
						<TextLine ID="line_15" HPOS="149" VPOS="984" WIDTH="1461" HEIGHT="40">
							<String ID="string_134" HPOS="149" VPOS="984" WIDTH="28" HEIGHT="40" WC="0.95" CONTENT="1)"/><SP WIDTH="32" VPOS="984" HPOS="177"/>
							<String ID="string_135" HPOS="209" VPOS="988" WIDTH="49" HEIGHT="29" WC="0.96" CONTENT="att"/><SP WIDTH="20" VPOS="988" HPOS="258"/>
							<String ID="string_136" HPOS="278" VPOS="986" WIDTH="75" HEIGHT="36" WC="0.96" CONTENT="dag,"/><SP WIDTH="18" VPOS="986" HPOS="353"/>
							<String ID="string_137" HPOS="371" VPOS="987" WIDTH="174" HEIGHT="30" WC="0.96" CONTENT="varunder"/><SP WIDTH="17" VPOS="987" HPOS="545"/>
							<String ID="string_138" HPOS="562" VPOS="986" WIDTH="258" HEIGHT="37" WC="0.93" CONTENT="arbetstagaren"/><SP WIDTH="18" VPOS="986" HPOS="820"/>
							<String ID="string_139" HPOS="838" VPOS="986" WIDTH="142" HEIGHT="37" WC="0.92" CONTENT="åtnjutit"/><SP WIDTH="18" VPOS="986" HPOS="980"/>
							<String ID="string_140" HPOS="998" VPOS="991" WIDTH="171" HEIGHT="32" WC="0.96" CONTENT="semester,"/><SP WIDTH="18" VPOS="991" HPOS="1169"/>
							<String ID="string_141" HPOS="1187" VPOS="986" WIDTH="60" HEIGHT="32" WC="0.96" CONTENT="må"/><SP WIDTH="16" VPOS="986" HPOS="1247"/>
							<String ID="string_142" HPOS="1263" VPOS="988" WIDTH="129" HEIGHT="30" WC="0.96" CONTENT="räknas"/><SP WIDTH="18" VPOS="988" HPOS="1392"/>
							<String ID="string_143" HPOS="1410" VPOS="987" WIDTH="132" HEIGHT="31" WC="0.95" CONTENT="honom"/><SP WIDTH="16" VPOS="987" HPOS="1542"/>
							<String ID="string_144" HPOS="1558" VPOS="986" WIDTH="52" HEIGHT="33" WC="0.96" CONTENT="till"/>
						</TextLine>
						<TextLine ID="line_16" HPOS="102" VPOS="1035" WIDTH="1507" HEIGHT="39">
							<String ID="string_145" HPOS="102" VPOS="1035" WIDTH="88" HEIGHT="36" WC="0.95" CONTENT="godo"/><SP WIDTH="24" VPOS="1035" HPOS="190"/>
							<String ID="string_146" HPOS="214" VPOS="1035" WIDTH="56" HEIGHT="31" WC="0.96" CONTENT="för"/><SP WIDTH="22" VPOS="1035" HPOS="270"/>
							<String ID="string_147" HPOS="292" VPOS="1035" WIDTH="201" HEIGHT="32" WC="0.96" CONTENT="erhållande"/><SP WIDTH="20" VPOS="1035" HPOS="493"/>
							<String ID="string_148" HPOS="513" VPOS="1046" WIDTH="43" HEIGHT="21" WC="0.96" CONTENT="av"/><SP WIDTH="23" VPOS="1046" HPOS="556"/>
							<String ID="string_149" HPOS="579" VPOS="1036" WIDTH="133" HEIGHT="37" WC="0.96" CONTENT="förhöjt"/><SP WIDTH="23" VPOS="1036" HPOS="712"/>
							<String ID="string_150" HPOS="735" VPOS="1037" WIDTH="96" HEIGHT="30" WC="0.96" CONTENT="antal"/><SP WIDTH="21" VPOS="1037" HPOS="831"/>
							<String ID="string_151" HPOS="852" VPOS="1038" WIDTH="271" HEIGHT="36" WC="0.96" CONTENT="semesterdagar"/><SP WIDTH="22" VPOS="1038" HPOS="1123"/>
							<String ID="string_152" HPOS="1145" VPOS="1038" WIDTH="121" HEIGHT="31" WC="0.96" CONTENT="endast"/><SP WIDTH="23" VPOS="1038" HPOS="1266"/>
							<String ID="string_153" HPOS="1289" VPOS="1039" WIDTH="115" HEIGHT="30" WC="0.96" CONTENT="därest"/><SP WIDTH="21" VPOS="1039" HPOS="1404"/>
							<String ID="string_154" HPOS="1425" VPOS="1039" WIDTH="71" HEIGHT="30" WC="0.92" CONTENT="han"/><SP WIDTH="21" VPOS="1039" HPOS="1496"/>
							<String ID="string_155" HPOS="1517" VPOS="1047" WIDTH="92" HEIGHT="22" WC="0.89" CONTENT="ome-"/>
						</TextLine>
						<TextLine ID="line_17" HPOS="97" VPOS="1086" WIDTH="1513" HEIGHT="40">
							<String ID="string_156" HPOS="97" VPOS="1086" WIDTH="133" HEIGHT="30" WC="0.96" CONTENT="delbart"/><SP WIDTH="22" VPOS="1086" HPOS="230"/>
							<String ID="string_157" HPOS="252" VPOS="1087" WIDTH="75" HEIGHT="30" WC="0.96" CONTENT="före"/><SP WIDTH="21" VPOS="1087" HPOS="327"/>
							<String ID="string_158" HPOS="348" VPOS="1087" WIDTH="65" HEIGHT="30" WC="0.96" CONTENT="och"/><SP WIDTH="22" VPOS="1087" HPOS="413"/>
							<String ID="string_159" HPOS="435" VPOS="1086" WIDTH="87" HEIGHT="31" WC="0.96" CONTENT="efter"/><SP WIDTH="20" VPOS="1086" HPOS="522"/>
							<String ID="string_160" HPOS="542" VPOS="1091" WIDTH="186" HEIGHT="27" WC="0.96" CONTENT="semestern"/><SP WIDTH="21" VPOS="1091" HPOS="728"/>
							<String ID="string_161" HPOS="749" VPOS="1087" WIDTH="110" HEIGHT="31" WC="0.96" CONTENT="utfört"/><SP WIDTH="21" VPOS="1087" HPOS="859"/>
							<String ID="string_162" HPOS="880" VPOS="1087" WIDTH="123" HEIGHT="32" WC="0.96" CONTENT="sådant"/><SP WIDTH="22" VPOS="1087" HPOS="1003"/>
							<String ID="string_163" HPOS="1025" VPOS="1089" WIDTH="124" HEIGHT="37" WC="0.96" CONTENT="arbete,"/><SP WIDTH="25" VPOS="1089" HPOS="1149"/>
							<String ID="string_164" HPOS="1174" VPOS="1098" WIDTH="75" HEIGHT="21" WC="0.96" CONTENT="som"/><SP WIDTH="24" VPOS="1098" HPOS="1249"/>
							<String ID="string_165" HPOS="1273" VPOS="1088" WIDTH="186" HEIGHT="37" WC="0.96" CONTENT="berättigar"/><SP WIDTH="20" VPOS="1088" HPOS="1459"/>
							<String ID="string_166" HPOS="1479" VPOS="1089" WIDTH="131" HEIGHT="30" WC="0.96" CONTENT="honom"/>
						</TextLine>
						<TextLine ID="line_18" HPOS="100" VPOS="1135" WIDTH="527" HEIGHT="40">
							<String ID="string_167" HPOS="100" VPOS="1135" WIDTH="52" HEIGHT="31" WC="0.96" CONTENT="till"/><SP WIDTH="24" VPOS="1135" HPOS="152"/>
							<String ID="string_168" HPOS="176" VPOS="1136" WIDTH="96" HEIGHT="36" WC="0.96" CONTENT="dylik"/><SP WIDTH="26" VPOS="1136" HPOS="272"/>
							<String ID="string_169" HPOS="298" VPOS="1136" WIDTH="212" HEIGHT="39" WC="0.94" CONTENT="förhöjning,"/><SP WIDTH="27" VPOS="1136" HPOS="510"/>
							<String ID="string_170" HPOS="537" VPOS="1141" WIDTH="90" HEIGHT="27" WC="0.96" CONTENT="samt"/>
						</TextLine>
					</TextBlock>
					<TextBlock ID="block_7" HPOS="97" VPOS="1187" WIDTH="1509" HEIGHT="244">
						<TextLine ID="line_19" HPOS="144" VPOS="1187" WIDTH="1460" HEIGHT="40">
							<String ID="string_171" HPOS="144" VPOS="1187" WIDTH="30" HEIGHT="40" WC="0.96" CONTENT="2)"/><SP WIDTH="31" VPOS="1187" HPOS="174"/>
							<String ID="string_172" HPOS="205" VPOS="1191" WIDTH="50" HEIGHT="28" WC="0.96" CONTENT="att"/><SP WIDTH="23" VPOS="1191" HPOS="255"/>
							<String ID="string_173" HPOS="278" VPOS="1189" WIDTH="76" HEIGHT="36" WC="0.96" CONTENT="dag,"/><SP WIDTH="24" VPOS="1189" HPOS="354"/>
							<String ID="string_174" HPOS="378" VPOS="1189" WIDTH="173" HEIGHT="31" WC="0.96" CONTENT="varunder"/><SP WIDTH="23" VPOS="1189" HPOS="551"/>
							<String ID="string_175" HPOS="574" VPOS="1189" WIDTH="259" HEIGHT="38" WC="0.96" CONTENT="arbetstagaren"/><SP WIDTH="21" VPOS="1189" HPOS="833"/>
							<String ID="string_176" HPOS="854" VPOS="1191" WIDTH="89" HEIGHT="31" WC="0.96" CONTENT="varit"/><SP WIDTH="23" VPOS="1191" HPOS="943"/>
							<String ID="string_177" HPOS="966" VPOS="1190" WIDTH="233" HEIGHT="32" WC="0.95" CONTENT="frånvarande"/><SP WIDTH="23" VPOS="1190" HPOS="1199"/>
							<String ID="string_178" HPOS="1222" VPOS="1191" WIDTH="80" HEIGHT="32" WC="0.96" CONTENT="från"/><SP WIDTH="23" VPOS="1191" HPOS="1302"/>
							<String ID="string_179" HPOS="1325" VPOS="1192" WIDTH="131" HEIGHT="32" WC="0.96" CONTENT="arbetet"/><SP WIDTH="23" VPOS="1192" HPOS="1456"/>
							<String ID="string_180" HPOS="1479" VPOS="1203" WIDTH="43" HEIGHT="21" WC="0.93" CONTENT="av"/><SP WIDTH="23" VPOS="1203" HPOS="1522"/>
							<String ID="string_181" HPOS="1545" VPOS="1203" WIDTH="59" HEIGHT="22" WC="0.92" CONTENT="an-"/>
						</TextLine>
						<TextLine ID="line_20" HPOS="99" VPOS="1239" WIDTH="1507" HEIGHT="42">
							<String ID="string_182" HPOS="99" VPOS="1239" WIDTH="149" HEIGHT="36" WC="0.96" CONTENT="ledning,"/><SP WIDTH="21" VPOS="1239" HPOS="248"/>
							<String ID="string_183" HPOS="269" VPOS="1249" WIDTH="120" HEIGHT="21" WC="0.93" CONTENT="varom"/><SP WIDTH="22" VPOS="1249" HPOS="389"/>
							<String ID="string_184" HPOS="411" VPOS="1240" WIDTH="164" HEIGHT="31" WC="0.92" CONTENT="förmäles"/><SP WIDTH="20" VPOS="1240" HPOS="575"/>
							<String ID="string_185" HPOS="595" VPOS="1240" WIDTH="12" HEIGHT="31" WC="0.96" CONTENT="i"/><SP WIDTH="21" VPOS="1240" HPOS="607"/>
							<String ID="string_186" HPOS="628" VPOS="1240" WIDTH="16" HEIGHT="30" WC="0.96" CONTENT="7"/><SP WIDTH="25" VPOS="1240" HPOS="644"/>
							<String ID="string_187" HPOS="669" VPOS="1240" WIDTH="18" HEIGHT="37" WC="0.57" CONTENT="8"/><SP WIDTH="21" VPOS="1240" HPOS="687"/>
							<String ID="string_188" HPOS="708" VPOS="1241" WIDTH="111" HEIGHT="31" WC="0.96" CONTENT="andra"/><SP WIDTH="21" VPOS="1241" HPOS="819"/>
							<String ID="string_189" HPOS="840" VPOS="1242" WIDTH="132" HEIGHT="36" WC="0.96" CONTENT="stycket"/><SP WIDTH="32" VPOS="1242" HPOS="972"/>
							<String ID="string_190" HPOS="1004" VPOS="1235" WIDTH="38" HEIGHT="50" WC="0.0" CONTENT="bj)"/><SP WIDTH="-10" VPOS="1235" HPOS="1042"/>
							<String ID="string_191" HPOS="1032" VPOS="1241" WIDTH="79" HEIGHT="40" WC="0.0" CONTENT="—d)"/><SP WIDTH="27" VPOS="1241" HPOS="1111"/>
							<String ID="string_192" HPOS="1138" VPOS="1242" WIDTH="100" HEIGHT="37" WC="0.96" CONTENT="lagen"/><SP WIDTH="19" VPOS="1242" HPOS="1238"/>
							<String ID="string_193" HPOS="1257" VPOS="1252" WIDTH="58" HEIGHT="22" WC="0.96" CONTENT="om"/><SP WIDTH="21" VPOS="1252" HPOS="1315"/>
							<String ID="string_194" HPOS="1336" VPOS="1245" WIDTH="172" HEIGHT="35" WC="0.96" CONTENT="semester,"/><SP WIDTH="21" VPOS="1245" HPOS="1508"/>
							<String ID="string_195" HPOS="1529" VPOS="1243" WIDTH="77" HEIGHT="32" WC="0.96" CONTENT="icke"/>
						</TextLine>
						<TextLine ID="line_21" HPOS="99" VPOS="1289" WIDTH="1504" HEIGHT="42">
							<String ID="string_196" HPOS="99" VPOS="1289" WIDTH="57" HEIGHT="32" WC="0.95" CONTENT="må"/><SP WIDTH="22" VPOS="1289" HPOS="156"/>
							<String ID="string_197" HPOS="178" VPOS="1291" WIDTH="129" HEIGHT="31" WC="0.96" CONTENT="räknas"/><SP WIDTH="22" VPOS="1291" HPOS="307"/>
							<String ID="string_198" HPOS="329" VPOS="1291" WIDTH="258" HEIGHT="37" WC="0.96" CONTENT="arbetstagaren"/><SP WIDTH="21" VPOS="1291" HPOS="587"/>
							<String ID="string_199" HPOS="608" VPOS="1291" WIDTH="50" HEIGHT="31" WC="0.96" CONTENT="till"/><SP WIDTH="21" VPOS="1291" HPOS="658"/>
							<String ID="string_200" HPOS="679" VPOS="1292" WIDTH="92" HEIGHT="36" WC="0.96" CONTENT="godo"/><SP WIDTH="21" VPOS="1292" HPOS="771"/>
							<String ID="string_201" HPOS="792" VPOS="1292" WIDTH="57" HEIGHT="31" WC="0.96" CONTENT="för"/><SP WIDTH="19" VPOS="1292" HPOS="849"/>
							<String ID="string_202" HPOS="868" VPOS="1291" WIDTH="202" HEIGHT="33" WC="0.96" CONTENT="erhållande"/><SP WIDTH="21" VPOS="1291" HPOS="1070"/>
							<String ID="string_203" HPOS="1091" VPOS="1302" WIDTH="42" HEIGHT="22" WC="0.96" CONTENT="av"/><SP WIDTH="22" VPOS="1302" HPOS="1133"/>
							<String ID="string_204" HPOS="1155" VPOS="1293" WIDTH="134" HEIGHT="38" WC="0.96" CONTENT="förhöjt"/><SP WIDTH="21" VPOS="1293" HPOS="1289"/>
							<String ID="string_205" HPOS="1310" VPOS="1296" WIDTH="96" HEIGHT="29" WC="0.93" CONTENT="antal"/><SP WIDTH="22" VPOS="1296" HPOS="1406"/>
							<String ID="string_206" HPOS="1428" VPOS="1298" WIDTH="175" HEIGHT="28" WC="0.91" CONTENT="semester-"/>
						</TextLine>
						<TextLine ID="line_22" HPOS="99" VPOS="1340" WIDTH="1505" HEIGHT="43">
							<String ID="string_207" HPOS="99" VPOS="1341" WIDTH="116" HEIGHT="36" WC="0.96" CONTENT="dagar,"/><SP WIDTH="17" VPOS="1341" HPOS="215"/>
							<String ID="string_208" HPOS="232" VPOS="1342" WIDTH="115" HEIGHT="30" WC="0.96" CONTENT="därest"/><SP WIDTH="15" VPOS="1342" HPOS="347"/>
							<String ID="string_209" HPOS="362" VPOS="1340" WIDTH="124" HEIGHT="34" WC="0.96" CONTENT="sådant"/><SP WIDTH="14" VPOS="1340" HPOS="486"/>
							<String ID="string_210" HPOS="500" VPOS="1342" WIDTH="126" HEIGHT="36" WC="0.96" CONTENT="arbete,"/><SP WIDTH="17" VPOS="1342" HPOS="626"/>
							<String ID="string_211" HPOS="643" VPOS="1352" WIDTH="76" HEIGHT="21" WC="0.96" CONTENT="som"/><SP WIDTH="14" VPOS="1352" HPOS="719"/>
							<String ID="string_212" HPOS="733" VPOS="1343" WIDTH="188" HEIGHT="36" WC="0.96" CONTENT="berättigar"/><SP WIDTH="15" VPOS="1343" HPOS="921"/>
							<String ID="string_213" HPOS="936" VPOS="1343" WIDTH="257" HEIGHT="37" WC="0.96" CONTENT="arbetstagaren"/><SP WIDTH="16" VPOS="1343" HPOS="1193"/>
							<String ID="string_214" HPOS="1209" VPOS="1345" WIDTH="51" HEIGHT="31" WC="0.96" CONTENT="till"/><SP WIDTH="18" VPOS="1345" HPOS="1260"/>
							<String ID="string_215" HPOS="1278" VPOS="1345" WIDTH="95" HEIGHT="36" WC="0.96" CONTENT="dylik"/><SP WIDTH="18" VPOS="1345" HPOS="1373"/>
							<String ID="string_216" HPOS="1391" VPOS="1344" WIDTH="213" HEIGHT="39" WC="0.96" CONTENT="förhöjning,"/>
						</TextLine>
						<TextLine ID="line_23" HPOS="97" VPOS="1391" WIDTH="1098" HEIGHT="40">
							<String ID="string_217" HPOS="97" VPOS="1391" WIDTH="275" HEIGHT="37" WC="0.96" CONTENT="uppenbarligen"/><SP WIDTH="18" VPOS="1391" HPOS="372"/>
							<String ID="string_218" HPOS="390" VPOS="1392" WIDTH="76" HEIGHT="31" WC="0.96" CONTENT="icke"/><SP WIDTH="19" VPOS="1392" HPOS="466"/>
							<String ID="string_219" HPOS="485" VPOS="1393" WIDTH="135" HEIGHT="30" WC="0.96" CONTENT="kunnat"/><SP WIDTH="20" VPOS="1393" HPOS="620"/>
							<String ID="string_220" HPOS="640" VPOS="1392" WIDTH="143" HEIGHT="32" WC="0.96" CONTENT="beredas"/><SP WIDTH="19" VPOS="1392" HPOS="783"/>
							<String ID="string_221" HPOS="802" VPOS="1394" WIDTH="130" HEIGHT="30" WC="0.93" CONTENT="honom"/><SP WIDTH="19" VPOS="1394" HPOS="932"/>
							<String ID="string_222" HPOS="951" VPOS="1393" WIDTH="20" HEIGHT="32" WC="0.91" CONTENT="å"/><SP WIDTH="19" VPOS="1393" HPOS="971"/>
							<String ID="string_223" HPOS="990" VPOS="1393" WIDTH="110" HEIGHT="32" WC="0.96" CONTENT="sådan"/><SP WIDTH="19" VPOS="1393" HPOS="1100"/>
							<String ID="string_224" HPOS="1119" VPOS="1395" WIDTH="76" HEIGHT="36" WC="0.96" CONTENT="dag."/>
						</TextLine>
					</TextBlock>
				</ComposedBlock>
				<ComposedBlock ID="cblock_3" HPOS="96" VPOS="1494" WIDTH="1506" HEIGHT="356">
					<TextBlock ID="block_8" HPOS="96" VPOS="1494" WIDTH="1506" HEIGHT="356">
						<TextLine ID="line_24" HPOS="813" VPOS="1494" WIDTH="72" HEIGHT="36">
							<String ID="string_225" HPOS="813" VPOS="1494" WIDTH="72" HEIGHT="36" WC="0.89" CONTENT="38."/>
						</TextLine>
						<TextLine ID="line_25" HPOS="141" VPOS="1558" WIDTH="1460" HEIGHT="42">
							<String ID="string_226" HPOS="141" VPOS="1558" WIDTH="48" HEIGHT="32" WC="0.96" CONTENT="På"/><SP WIDTH="16" VPOS="1558" HPOS="189"/>
							<String ID="string_227" HPOS="205" VPOS="1559" WIDTH="152" HEIGHT="37" WC="0.96" CONTENT="begäran"/><SP WIDTH="16" VPOS="1559" HPOS="357"/>
							<String ID="string_228" HPOS="373" VPOS="1570" WIDTH="42" HEIGHT="21" WC="0.96" CONTENT="av"/><SP WIDTH="16" VPOS="1570" HPOS="415"/>
							<String ID="string_229" HPOS="431" VPOS="1561" WIDTH="150" HEIGHT="30" WC="0.96" CONTENT="domstol"/><SP WIDTH="15" VPOS="1561" HPOS="581"/>
							<String ID="string_230" HPOS="596" VPOS="1560" WIDTH="82" HEIGHT="31" WC="0.96" CONTENT="eller"/><SP WIDTH="14" VPOS="1560" HPOS="678"/>
							<String ID="string_231" HPOS="692" VPOS="1561" WIDTH="77" HEIGHT="36" WC="0.96" CONTENT="den,"/><SP WIDTH="17" VPOS="1561" HPOS="769"/>
							<String ID="string_232" HPOS="786" VPOS="1571" WIDTH="78" HEIGHT="21" WC="0.96" CONTENT="vars"/><SP WIDTH="17" VPOS="1571" HPOS="864"/>
							<String ID="string_233" HPOS="881" VPOS="1563" WIDTH="68" HEIGHT="30" WC="0.96" CONTENT="rätt"/><SP WIDTH="14" VPOS="1563" HPOS="949"/>
							<String ID="string_234" HPOS="963" VPOS="1562" WIDTH="108" HEIGHT="31" WC="0.93" CONTENT="därav"/><SP WIDTH="16" VPOS="1562" HPOS="1071"/>
							<String ID="string_235" HPOS="1087" VPOS="1563" WIDTH="148" HEIGHT="36" WC="0.91" CONTENT="beröres,"/><SP WIDTH="19" VPOS="1563" HPOS="1235"/>
							<String ID="string_236" HPOS="1254" VPOS="1563" WIDTH="128" HEIGHT="37" WC="0.96" CONTENT="åligger"/><SP WIDTH="17" VPOS="1563" HPOS="1382"/>
							<String ID="string_237" HPOS="1399" VPOS="1565" WIDTH="56" HEIGHT="30" WC="0.93" CONTENT="det"/><SP WIDTH="17" VPOS="1565" HPOS="1455"/>
							<String ID="string_238" HPOS="1472" VPOS="1564" WIDTH="129" HEIGHT="32" WC="0.91" CONTENT="arbets-"/>
						</TextLine>
						<TextLine ID="line_26" HPOS="97" VPOS="1608" WIDTH="1439" HEIGHT="43">
							<String ID="string_239" HPOS="97" VPOS="1608" WIDTH="97" HEIGHT="32" WC="0.95" CONTENT="rådet"/><SP WIDTH="19" VPOS="1608" HPOS="194"/>
							<String ID="string_240" HPOS="213" VPOS="1613" WIDTH="49" HEIGHT="28" WC="0.96" CONTENT="att"/><SP WIDTH="20" VPOS="1613" HPOS="262"/>
							<String ID="string_241" HPOS="282" VPOS="1611" WIDTH="137" HEIGHT="36" WC="0.96" CONTENT="avgöra,"/><SP WIDTH="22" VPOS="1611" HPOS="419"/>
							<String ID="string_242" HPOS="441" VPOS="1610" WIDTH="172" HEIGHT="32" WC="0.96" CONTENT="huruvida"/><SP WIDTH="20" VPOS="1610" HPOS="613"/>
							<String ID="string_243" HPOS="633" VPOS="1611" WIDTH="83" HEIGHT="31" WC="0.96" CONTENT="visst"/><SP WIDTH="20" VPOS="1611" HPOS="716"/>
							<String ID="string_244" HPOS="736" VPOS="1612" WIDTH="117" HEIGHT="31" WC="0.96" CONTENT="arbete"/><SP WIDTH="22" VPOS="1612" HPOS="853"/>
							<String ID="string_245" HPOS="875" VPOS="1613" WIDTH="39" HEIGHT="30" WC="0.96" CONTENT="är"/><SP WIDTH="21" VPOS="1613" HPOS="914"/>
							<String ID="string_246" HPOS="935" VPOS="1612" WIDTH="133" HEIGHT="38" WC="0.96" CONTENT="sådant,"/><SP WIDTH="23" VPOS="1612" HPOS="1068"/>
							<String ID="string_247" HPOS="1091" VPOS="1622" WIDTH="75" HEIGHT="22" WC="0.96" CONTENT="som"/><SP WIDTH="20" VPOS="1622" HPOS="1166"/>
							<String ID="string_248" HPOS="1186" VPOS="1623" WIDTH="97" HEIGHT="22" WC="0.96" CONTENT="avses"/><SP WIDTH="21" VPOS="1623" HPOS="1283"/>
							<String ID="string_249" HPOS="1304" VPOS="1614" WIDTH="11" HEIGHT="31" WC="0.96" CONTENT="i"/><SP WIDTH="21" VPOS="1614" HPOS="1315"/>
							<String ID="string_250" HPOS="1336" VPOS="1614" WIDTH="114" HEIGHT="32" WC="0.95" CONTENT="denna"/><SP WIDTH="21" VPOS="1614" HPOS="1450"/>
							<String ID="string_251" HPOS="1471" VPOS="1615" WIDTH="65" HEIGHT="36" WC="0.95" CONTENT="lag."/>
						</TextLine>
						<TextLine ID="line_27" HPOS="141" VPOS="1655" WIDTH="1461" HEIGHT="47">
							<String ID="string_252" HPOS="141" VPOS="1655" WIDTH="47" HEIGHT="36" WC="0.96" CONTENT="Är"/><SP WIDTH="28" VPOS="1655" HPOS="188"/>
							<String ID="string_253" HPOS="216" VPOS="1659" WIDTH="81" HEIGHT="37" WC="0.95" CONTENT="mål,"/><SP WIDTH="29" VPOS="1659" HPOS="297"/>
							<String ID="string_254" HPOS="326" VPOS="1670" WIDTH="74" HEIGHT="21" WC="0.93" CONTENT="som"/><SP WIDTH="28" VPOS="1670" HPOS="400"/>
							<String ID="string_255" HPOS="428" VPOS="1661" WIDTH="211" HEIGHT="38" WC="0.91" CONTENT="handlägges"/><SP WIDTH="28" VPOS="1661" HPOS="639"/>
							<String ID="string_256" HPOS="667" VPOS="1662" WIDTH="57" HEIGHT="31" WC="0.96" CONTENT="vid"/><SP WIDTH="27" VPOS="1662" HPOS="724"/>
							<String ID="string_257" HPOS="751" VPOS="1663" WIDTH="161" HEIGHT="36" WC="0.96" CONTENT="domstol,"/><SP WIDTH="29" VPOS="1663" HPOS="912"/>
							<String ID="string_258" HPOS="941" VPOS="1663" WIDTH="171" HEIGHT="33" WC="0.96" CONTENT="beroende"/><SP WIDTH="27" VPOS="1663" HPOS="1112"/>
							<String ID="string_259" HPOS="1139" VPOS="1674" WIDTH="43" HEIGHT="21" WC="0.96" CONTENT="av"/><SP WIDTH="29" VPOS="1674" HPOS="1182"/>
							<String ID="string_260" HPOS="1211" VPOS="1664" WIDTH="109" HEIGHT="38" WC="0.96" CONTENT="fråga,"/><SP WIDTH="29" VPOS="1664" HPOS="1320"/>
							<String ID="string_261" HPOS="1349" VPOS="1675" WIDTH="75" HEIGHT="21" WC="0.96" CONTENT="som"/><SP WIDTH="29" VPOS="1675" HPOS="1424"/>
							<String ID="string_262" HPOS="1453" VPOS="1666" WIDTH="11" HEIGHT="31" WC="0.96" CONTENT="i"/><SP WIDTH="29" VPOS="1666" HPOS="1464"/>
							<String ID="string_263" HPOS="1493" VPOS="1667" WIDTH="109" HEIGHT="31" WC="0.96" CONTENT="första"/>
						</TextLine>
						<TextLine ID="line_28" HPOS="96" VPOS="1711" WIDTH="1506" HEIGHT="43">
							<String ID="string_264" HPOS="96" VPOS="1711" WIDTH="132" HEIGHT="36" WC="0.96" CONTENT="stycket"/><SP WIDTH="32" VPOS="1711" HPOS="228"/>
							<String ID="string_265" HPOS="260" VPOS="1713" WIDTH="87" HEIGHT="35" WC="0.96" CONTENT="sägs,"/><SP WIDTH="31" VPOS="1713" HPOS="347"/>
							<String ID="string_266" HPOS="378" VPOS="1713" WIDTH="88" HEIGHT="30" WC="0.96" CONTENT="skall"/><SP WIDTH="30" VPOS="1713" HPOS="466"/>
							<String ID="string_267" HPOS="496" VPOS="1713" WIDTH="193" HEIGHT="31" WC="0.96" CONTENT="domstolen"/><SP WIDTH="29" VPOS="1713" HPOS="689"/>
							<String ID="string_268" HPOS="718" VPOS="1713" WIDTH="191" HEIGHT="37" WC="0.96" CONTENT="hänskjuta"/><SP WIDTH="30" VPOS="1713" HPOS="909"/>
							<String ID="string_269" HPOS="939" VPOS="1714" WIDTH="122" HEIGHT="37" WC="0.96" CONTENT="frågan"/><SP WIDTH="31" VPOS="1714" HPOS="1061"/>
							<String ID="string_270" HPOS="1092" VPOS="1715" WIDTH="51" HEIGHT="31" WC="0.93" CONTENT="till"/><SP WIDTH="31" VPOS="1715" HPOS="1143"/>
							<String ID="string_271" HPOS="1174" VPOS="1715" WIDTH="224" HEIGHT="38" WC="0.91" CONTENT="arbetsrådet,"/><SP WIDTH="31" VPOS="1715" HPOS="1398"/>
							<String ID="string_272" HPOS="1429" VPOS="1718" WIDTH="65" HEIGHT="30" WC="0.96" CONTENT="när"/><SP WIDTH="29" VPOS="1718" HPOS="1494"/>
							<String ID="string_273" HPOS="1523" VPOS="1721" WIDTH="79" HEIGHT="33" WC="0.96" CONTENT="part"/>
						</TextLine>
						<TextLine ID="line_29" HPOS="96" VPOS="1760" WIDTH="1505" HEIGHT="45">
							<String ID="string_274" HPOS="96" VPOS="1760" WIDTH="125" HEIGHT="32" WC="0.96" CONTENT="sådant"/><SP WIDTH="16" VPOS="1760" HPOS="221"/>
							<String ID="string_275" HPOS="237" VPOS="1763" WIDTH="104" HEIGHT="30" WC="0.96" CONTENT="äskar"/><SP WIDTH="14" VPOS="1763" HPOS="341"/>
							<String ID="string_276" HPOS="355" VPOS="1763" WIDTH="82" HEIGHT="30" WC="0.95" CONTENT="eller"/><SP WIDTH="15" VPOS="1763" HPOS="437"/>
							<String ID="string_277" HPOS="452" VPOS="1763" WIDTH="192" HEIGHT="31" WC="0.95" CONTENT="domstolen"/><SP WIDTH="17" VPOS="1763" HPOS="644"/>
							<String ID="string_278" HPOS="661" VPOS="1764" WIDTH="115" HEIGHT="31" WC="0.96" CONTENT="finner"/><SP WIDTH="16" VPOS="1764" HPOS="776"/>
							<String ID="string_279" HPOS="792" VPOS="1765" WIDTH="57" HEIGHT="30" WC="0.92" CONTENT="det"/><SP WIDTH="15" VPOS="1765" HPOS="849"/>
							<String ID="string_280" HPOS="864" VPOS="1764" WIDTH="133" HEIGHT="38" WC="0.92" CONTENT="nödigt;"/><SP WIDTH="18" VPOS="1764" HPOS="997"/>
							<String ID="string_281" HPOS="1015" VPOS="1766" WIDTH="65" HEIGHT="30" WC="0.96" CONTENT="och"/><SP WIDTH="16" VPOS="1766" HPOS="1080"/>
							<String ID="string_282" HPOS="1096" VPOS="1765" WIDTH="57" HEIGHT="32" WC="0.96" CONTENT="må"/><SP WIDTH="17" VPOS="1765" HPOS="1153"/>
							<String ID="string_283" HPOS="1170" VPOS="1766" WIDTH="130" HEIGHT="37" WC="0.96" CONTENT="slutligt"/><SP WIDTH="16" VPOS="1766" HPOS="1300"/>
							<String ID="string_284" HPOS="1316" VPOS="1767" WIDTH="113" HEIGHT="38" WC="0.96" CONTENT="utslag"/><SP WIDTH="16" VPOS="1767" HPOS="1429"/>
							<String ID="string_285" HPOS="1445" VPOS="1777" WIDTH="44" HEIGHT="22" WC="0.93" CONTENT="av"/><SP WIDTH="16" VPOS="1777" HPOS="1489"/>
							<String ID="string_286" HPOS="1505" VPOS="1769" WIDTH="96" HEIGHT="31" WC="0.91" CONTENT="dom-"/>
						</TextLine>
						<TextLine ID="line_30" HPOS="97" VPOS="1811" WIDTH="1503" HEIGHT="39">
							<String ID="string_287" HPOS="97" VPOS="1812" WIDTH="110" HEIGHT="31" WC="0.96" CONTENT="stolen"/><SP WIDTH="21" VPOS="1812" HPOS="207"/>
							<String ID="string_288" HPOS="228" VPOS="1811" WIDTH="33" HEIGHT="38" WC="0.96" CONTENT="ej"/><SP WIDTH="25" VPOS="1811" HPOS="261"/>
							<String ID="string_289" HPOS="286" VPOS="1813" WIDTH="185" HEIGHT="36" WC="0.96" CONTENT="meddelas,"/><SP WIDTH="25" VPOS="1813" HPOS="471"/>
							<String ID="string_290" HPOS="496" VPOS="1814" WIDTH="121" HEIGHT="31" WC="0.93" CONTENT="förrän"/><SP WIDTH="23" VPOS="1814" HPOS="617"/>
							<String ID="string_291" HPOS="640" VPOS="1814" WIDTH="232" HEIGHT="32" WC="0.92" CONTENT="arbetsrådets"/><SP WIDTH="23" VPOS="1814" HPOS="872"/>
							<String ID="string_292" HPOS="895" VPOS="1815" WIDTH="111" HEIGHT="32" WC="0.96" CONTENT="beslut"/><SP WIDTH="24" VPOS="1815" HPOS="1006"/>
							<String ID="string_293" HPOS="1030" VPOS="1817" WIDTH="149" HEIGHT="31" WC="0.96" CONTENT="kommit"/><SP WIDTH="23" VPOS="1817" HPOS="1179"/>
							<String ID="string_294" HPOS="1202" VPOS="1817" WIDTH="195" HEIGHT="32" WC="0.95" CONTENT="domstolen"/><SP WIDTH="23" VPOS="1817" HPOS="1397"/>
							<String ID="string_295" HPOS="1420" VPOS="1819" WIDTH="180" HEIGHT="31" WC="0.96" CONTENT="tillhanda."/>
						</TextLine>
					</TextBlock>
				</ComposedBlock>
				<ComposedBlock ID="cblock_4" HPOS="99" VPOS="1915" WIDTH="1508" HEIGHT="355">
					<TextBlock ID="block_9" HPOS="99" VPOS="1915" WIDTH="1508" HEIGHT="355">
						<TextLine ID="line_31" HPOS="815" VPOS="1915" WIDTH="74" HEIGHT="37">
							<String ID="string_296" HPOS="815" VPOS="1915" WIDTH="19" HEIGHT="29" WC="0.92" CONTENT="4"/><SP WIDTH="26" VPOS="1915" HPOS="834"/>
							<String ID="string_297" HPOS="860" VPOS="1915" WIDTH="29" HEIGHT="37" WC="0.92" CONTENT="8."/>
						</TextLine>
						<TextLine ID="line_32" HPOS="145" VPOS="1976" WIDTH="1462" HEIGHT="45">
							<String ID="string_298" HPOS="145" VPOS="1976" WIDTH="67" HEIGHT="31" WC="0.96" CONTENT="Om"/><SP WIDTH="20" VPOS="1976" HPOS="212"/>
							<String ID="string_299" HPOS="232" VPOS="1981" WIDTH="172" HEIGHT="32" WC="0.95" CONTENT="semester,"/><SP WIDTH="22" VPOS="1981" HPOS="404"/>
							<String ID="string_300" HPOS="426" VPOS="1988" WIDTH="75" HEIGHT="21" WC="0.96" CONTENT="som"/><SP WIDTH="18" VPOS="1988" HPOS="501"/>
							<String ID="string_301" HPOS="519" VPOS="1978" WIDTH="100" HEIGHT="38" WC="0.96" CONTENT="utgår"/><SP WIDTH="20" VPOS="1978" HPOS="619"/>
							<String ID="string_302" HPOS="639" VPOS="1980" WIDTH="79" HEIGHT="30" WC="0.96" CONTENT="med"/><SP WIDTH="19" VPOS="1980" HPOS="718"/>
							<String ID="string_303" HPOS="737" VPOS="1980" WIDTH="221" HEIGHT="38" WC="0.96" CONTENT="tillämpning"/><SP WIDTH="19" VPOS="1980" HPOS="958"/>
							<String ID="string_304" HPOS="977" VPOS="1991" WIDTH="43" HEIGHT="21" WC="0.96" CONTENT="av"/><SP WIDTH="19" VPOS="1991" HPOS="1020"/>
							<String ID="string_305" HPOS="1039" VPOS="1983" WIDTH="112" HEIGHT="31" WC="0.96" CONTENT="denna"/><SP WIDTH="20" VPOS="1983" HPOS="1151"/>
							<String ID="string_306" HPOS="1171" VPOS="1983" WIDTH="65" HEIGHT="36" WC="0.74" CONTENT="Jag,"/><SP WIDTH="21" VPOS="1983" HPOS="1236"/>
							<String ID="string_307" HPOS="1257" VPOS="1984" WIDTH="106" HEIGHT="36" WC="0.96" CONTENT="gäller"/><SP WIDTH="17" VPOS="1984" HPOS="1363"/>
							<String ID="string_308" HPOS="1380" VPOS="1984" WIDTH="11" HEIGHT="31" WC="0.96" CONTENT="i"/><SP WIDTH="19" VPOS="1984" HPOS="1391"/>
							<String ID="string_309" HPOS="1410" VPOS="1984" WIDTH="110" HEIGHT="37" WC="0.96" CONTENT="övrigt"/><SP WIDTH="19" VPOS="1984" HPOS="1520"/>
							<String ID="string_310" HPOS="1539" VPOS="1985" WIDTH="68" HEIGHT="31" WC="0.96" CONTENT="vad"/>
						</TextLine>
						<TextLine ID="line_33" HPOS="99" VPOS="2026" WIDTH="1508" HEIGHT="46">
							<String ID="string_311" HPOS="99" VPOS="2026" WIDTH="11" HEIGHT="30" WC="0.96" CONTENT="i"/><SP WIDTH="23" VPOS="2026" HPOS="110"/>
							<String ID="string_312" HPOS="133" VPOS="2027" WIDTH="99" HEIGHT="36" WC="0.96" CONTENT="lagen"/><SP WIDTH="21" VPOS="2027" HPOS="232"/>
							<String ID="string_313" HPOS="253" VPOS="2037" WIDTH="59" HEIGHT="21" WC="0.96" CONTENT="om"/><SP WIDTH="25" VPOS="2037" HPOS="312"/>
							<String ID="string_314" HPOS="337" VPOS="2031" WIDTH="162" HEIGHT="28" WC="0.96" CONTENT="semester"/><SP WIDTH="24" VPOS="2031" HPOS="499"/>
							<String ID="string_315" HPOS="523" VPOS="2030" WIDTH="39" HEIGHT="29" WC="0.96" CONTENT="är"/><SP WIDTH="23" VPOS="2030" HPOS="562"/>
							<String ID="string_316" HPOS="585" VPOS="2030" WIDTH="143" HEIGHT="36" WC="0.96" CONTENT="stadgat."/><SP WIDTH="25" VPOS="2030" HPOS="728"/>
							<String ID="string_317" HPOS="753" VPOS="2030" WIDTH="92" HEIGHT="31" WC="0.96" CONTENT="Utan"/><SP WIDTH="23" VPOS="2030" HPOS="845"/>
							<String ID="string_318" HPOS="868" VPOS="2031" WIDTH="125" HEIGHT="31" WC="0.96" CONTENT="hinder"/><SP WIDTH="21" VPOS="2031" HPOS="993"/>
							<String ID="string_319" HPOS="1014" VPOS="2042" WIDTH="42" HEIGHT="21" WC="0.96" CONTENT="av"/><SP WIDTH="24" VPOS="2042" HPOS="1056"/>
							<String ID="string_320" HPOS="1080" VPOS="2033" WIDTH="67" HEIGHT="30" WC="0.96" CONTENT="vad"/><SP WIDTH="22" VPOS="2033" HPOS="1147"/>
							<String ID="string_321" HPOS="1169" VPOS="2033" WIDTH="11" HEIGHT="30" WC="0.96" CONTENT="i"/><SP WIDTH="28" VPOS="2033" HPOS="1180"/>
							<String ID="string_322" HPOS="1208" VPOS="2035" WIDTH="37" HEIGHT="29" WC="0.96" CONTENT="12"/><SP WIDTH="26" VPOS="2035" HPOS="1245"/>
							<String ID="string_323" HPOS="1271" VPOS="2034" WIDTH="18" HEIGHT="37" WC="0.96" CONTENT="8"/><SP WIDTH="22" VPOS="2034" HPOS="1289"/>
							<String ID="string_324" HPOS="1311" VPOS="2035" WIDTH="154" HEIGHT="31" WC="0.96" CONTENT="nämnda"/><SP WIDTH="24" VPOS="2035" HPOS="1465"/>
							<String ID="string_325" HPOS="1489" VPOS="2036" WIDTH="57" HEIGHT="36" WC="0.95" CONTENT="lag"/><SP WIDTH="22" VPOS="2036" HPOS="1546"/>
							<String ID="string_326" HPOS="1568" VPOS="2037" WIDTH="39" HEIGHT="29" WC="0.95" CONTENT="är"/>
						</TextLine>
						<TextLine ID="line_34" HPOS="100" VPOS="2076" WIDTH="1507" HEIGHT="45">
							<String ID="string_327" HPOS="100" VPOS="2076" WIDTH="204" HEIGHT="32" WC="0.96" CONTENT="föreskrivet"/><SP WIDTH="19" VPOS="2076" HPOS="304"/>
							<String ID="string_328" HPOS="323" VPOS="2087" WIDTH="57" HEIGHT="21" WC="0.96" CONTENT="om"/><SP WIDTH="21" VPOS="2087" HPOS="380"/>
							<String ID="string_329" HPOS="401" VPOS="2082" WIDTH="48" HEIGHT="27" WC="0.96" CONTENT="att"/><SP WIDTH="22" VPOS="2082" HPOS="449"/>
							<String ID="string_330" HPOS="471" VPOS="2083" WIDTH="184" HEIGHT="27" WC="0.96" CONTENT="semestern"/><SP WIDTH="21" VPOS="2083" HPOS="655"/>
							<String ID="string_331" HPOS="676" VPOS="2080" WIDTH="89" HEIGHT="31" WC="0.96" CONTENT="skall"/><SP WIDTH="19" VPOS="2080" HPOS="765"/>
							<String ID="string_332" HPOS="784" VPOS="2080" WIDTH="82" HEIGHT="38" WC="0.96" CONTENT="utgå"/><SP WIDTH="20" VPOS="2080" HPOS="866"/>
							<String ID="string_333" HPOS="886" VPOS="2081" WIDTH="11" HEIGHT="30" WC="0.96" CONTENT="i"/><SP WIDTH="22" VPOS="2081" HPOS="897"/>
							<String ID="string_334" HPOS="919" VPOS="2086" WIDTH="46" HEIGHT="27" WC="0.96" CONTENT="ett"/><SP WIDTH="20" VPOS="2086" HPOS="965"/>
							<String ID="string_335" HPOS="985" VPOS="2084" WIDTH="254" HEIGHT="36" WC="0.96" CONTENT="sammanhang"/><SP WIDTH="20" VPOS="2084" HPOS="1239"/>
							<String ID="string_336" HPOS="1259" VPOS="2083" WIDTH="57" HEIGHT="32" WC="0.96" CONTENT="må"/><SP WIDTH="22" VPOS="2083" HPOS="1316"/>
							<String ID="string_337" HPOS="1338" VPOS="2085" WIDTH="99" HEIGHT="36" WC="0.96" CONTENT="dock,"/><SP WIDTH="24" VPOS="2085" HPOS="1437"/>
							<String ID="string_338" HPOS="1461" VPOS="2085" WIDTH="146" HEIGHT="32" WC="0.96" CONTENT="såframt"/>
						</TextLine>
						<TextLine ID="line_35" HPOS="100" VPOS="2126" WIDTH="1507" HEIGHT="44">
							<String ID="string_339" HPOS="100" VPOS="2126" WIDTH="212" HEIGHT="32" WC="0.91" CONTENT="arbetsrådet"/><SP WIDTH="26" VPOS="2126" HPOS="312"/>
							<String ID="string_340" HPOS="338" VPOS="2127" WIDTH="37" HEIGHT="31" WC="0.96" CONTENT="så"/><SP WIDTH="26" VPOS="2127" HPOS="375"/>
							<String ID="string_341" HPOS="401" VPOS="2129" WIDTH="163" HEIGHT="36" WC="0.96" CONTENT="medgivit"/><SP WIDTH="27" VPOS="2129" HPOS="564"/>
							<String ID="string_342" HPOS="591" VPOS="2129" WIDTH="44" HEIGHT="37" WC="0.95" CONTENT="på"/><SP WIDTH="27" VPOS="2129" HPOS="635"/>
							<String ID="string_343" HPOS="662" VPOS="2131" WIDTH="111" HEIGHT="35" WC="0.96" CONTENT="grund"/><SP WIDTH="26" VPOS="2131" HPOS="773"/>
							<String ID="string_344" HPOS="799" VPOS="2141" WIDTH="42" HEIGHT="20" WC="0.96" CONTENT="av"/><SP WIDTH="24" VPOS="2141" HPOS="841"/>
							<String ID="string_345" HPOS="865" VPOS="2134" WIDTH="49" HEIGHT="28" WC="0.96" CONTENT="att"/><SP WIDTH="25" VPOS="2134" HPOS="914"/>
							<String ID="string_346" HPOS="939" VPOS="2133" WIDTH="344" HEIGHT="37" WC="0.96" CONTENT="sammanhängande"/><SP WIDTH="27" VPOS="2133" HPOS="1283"/>
							<String ID="string_347" HPOS="1310" VPOS="2138" WIDTH="162" HEIGHT="28" WC="0.95" CONTENT="semester"/><SP WIDTH="24" VPOS="2138" HPOS="1472"/>
							<String ID="string_348" HPOS="1496" VPOS="2137" WIDTH="111" HEIGHT="30" WC="0.96" CONTENT="skulle"/>
						</TextLine>
						<TextLine ID="line_36" HPOS="99" VPOS="2176" WIDTH="1507" HEIGHT="46">
							<String ID="string_349" HPOS="99" VPOS="2176" WIDTH="158" HEIGHT="31" WC="0.96" CONTENT="medföra"/><SP WIDTH="28" VPOS="2176" HPOS="257"/>
							<String ID="string_350" HPOS="285" VPOS="2179" WIDTH="166" HEIGHT="29" WC="0.96" CONTENT="avsevärd"/><SP WIDTH="26" VPOS="2179" HPOS="451"/>
							<String ID="string_351" HPOS="477" VPOS="2179" WIDTH="181" HEIGHT="36" WC="0.96" CONTENT="olägenhet"/><SP WIDTH="27" VPOS="2179" HPOS="658"/>
							<String ID="string_352" HPOS="685" VPOS="2180" WIDTH="55" HEIGHT="30" WC="0.96" CONTENT="för"/><SP WIDTH="25" VPOS="2180" HPOS="740"/>
							<String ID="string_353" HPOS="765" VPOS="2180" WIDTH="150" HEIGHT="37" WC="0.96" CONTENT="företags"/><SP WIDTH="25" VPOS="2180" HPOS="915"/>
							<String ID="string_354" HPOS="940" VPOS="2182" WIDTH="95" HEIGHT="35" WC="0.96" CONTENT="drift,"/><SP WIDTH="28" VPOS="2182" HPOS="1035"/>
							<String ID="string_355" HPOS="1063" VPOS="2187" WIDTH="186" HEIGHT="28" WC="0.96" CONTENT="semestern"/><SP WIDTH="27" VPOS="2187" HPOS="1249"/>
							<String ID="string_356" HPOS="1276" VPOS="2184" WIDTH="172" HEIGHT="38" WC="0.94" CONTENT="förläggas"/><SP WIDTH="26" VPOS="2184" HPOS="1448"/>
							<String ID="string_357" HPOS="1474" VPOS="2186" WIDTH="51" HEIGHT="31" WC="0.94" CONTENT="till"/><SP WIDTH="25" VPOS="2186" HPOS="1525"/>
							<String ID="string_358" HPOS="1550" VPOS="2186" WIDTH="56" HEIGHT="32" WC="0.96" CONTENT="två"/>
						</TextLine>
						<TextLine ID="line_37" HPOS="100" VPOS="2225" WIDTH="1154" HEIGHT="45">
							<String ID="string_359" HPOS="100" VPOS="2225" WIDTH="112" HEIGHT="31" WC="0.96" CONTENT="skilda"/><SP WIDTH="26" VPOS="2225" HPOS="212"/>
							<String ID="string_360" HPOS="238" VPOS="2227" WIDTH="167" HEIGHT="36" WC="0.95" CONTENT="perioder,"/><SP WIDTH="26" VPOS="2227" HPOS="405"/>
							<String ID="string_361" HPOS="431" VPOS="2237" WIDTH="42" HEIGHT="21" WC="0.96" CONTENT="av"/><SP WIDTH="25" VPOS="2237" HPOS="473"/>
							<String ID="string_362" HPOS="498" VPOS="2229" WIDTH="93" HEIGHT="30" WC="0.96" CONTENT="vilka"/><SP WIDTH="24" VPOS="2229" HPOS="591"/>
							<String ID="string_363" HPOS="615" VPOS="2229" WIDTH="65" HEIGHT="30" WC="0.96" CONTENT="den"/><SP WIDTH="26" VPOS="2229" HPOS="680"/>
							<String ID="string_364" HPOS="706" VPOS="2239" WIDTH="64" HEIGHT="23" WC="0.96" CONTENT="ena"/><SP WIDTH="25" VPOS="2239" HPOS="770"/>
							<String ID="string_365" HPOS="795" VPOS="2232" WIDTH="100" HEIGHT="35" WC="0.96" CONTENT="utgör"/><SP WIDTH="22" VPOS="2232" HPOS="895"/>
							<String ID="string_366" HPOS="917" VPOS="2232" WIDTH="104" HEIGHT="30" WC="0.96" CONTENT="minst"/><SP WIDTH="23" VPOS="2232" HPOS="1021"/>
							<String ID="string_367" HPOS="1044" VPOS="2233" WIDTH="68" HEIGHT="29" WC="0.96" CONTENT="tolv"/><SP WIDTH="26" VPOS="2233" HPOS="1112"/>
							<String ID="string_368" HPOS="1138" VPOS="2233" WIDTH="116" HEIGHT="37" WC="0.96" CONTENT="dagar."/>
						</TextLine>
					</TextBlock>
				</ComposedBlock>
				<ComposedBlock ID="cblock_5" HPOS="99" VPOS="2358" WIDTH="1505" HEIGHT="90">
					<TextBlock ID="block_10" HPOS="99" VPOS="2358" WIDTH="1505" HEIGHT="90">
						<TextLine ID="line_38" HPOS="144" VPOS="2358" WIDTH="1460" HEIGHT="47">
							<String ID="string_369" HPOS="144" VPOS="2358" WIDTH="121" HEIGHT="30" WC="0.96" CONTENT="Denna"/><SP WIDTH="23" VPOS="2358" HPOS="265"/>
							<String ID="string_370" HPOS="288" VPOS="2360" WIDTH="54" HEIGHT="35" WC="0.96" CONTENT="lag"/><SP WIDTH="21" VPOS="2360" HPOS="342"/>
							<String ID="string_371" HPOS="363" VPOS="2360" WIDTH="114" HEIGHT="30" WC="0.96" CONTENT="träder"/><SP WIDTH="21" VPOS="2360" HPOS="477"/>
							<String ID="string_372" HPOS="498" VPOS="2360" WIDTH="10" HEIGHT="30" WC="0.96" CONTENT="i"/><SP WIDTH="23" VPOS="2360" HPOS="508"/>
							<String ID="string_373" HPOS="531" VPOS="2361" WIDTH="94" HEIGHT="30" WC="0.96" CONTENT="kraft"/><SP WIDTH="23" VPOS="2361" HPOS="625"/>
							<String ID="string_374" HPOS="648" VPOS="2363" WIDTH="66" HEIGHT="29" WC="0.96" CONTENT="den"/><SP WIDTH="27" VPOS="2363" HPOS="714"/>
							<String ID="string_375" HPOS="741" VPOS="2363" WIDTH="13" HEIGHT="29" WC="0.96" CONTENT="1"/><SP WIDTH="24" VPOS="2363" HPOS="754"/>
							<String ID="string_376" HPOS="778" VPOS="2362" WIDTH="63" HEIGHT="39" WC="0.95" CONTENT="juli"/><SP WIDTH="25" VPOS="2362" HPOS="841"/>
							<String ID="string_377" HPOS="866" VPOS="2364" WIDTH="92" HEIGHT="35" WC="0.96" CONTENT="1946,"/><SP WIDTH="23" VPOS="2364" HPOS="958"/>
							<String ID="string_378" HPOS="981" VPOS="2364" WIDTH="78" HEIGHT="30" WC="0.96" CONTENT="från"/><SP WIDTH="23" VPOS="2364" HPOS="1059"/>
							<String ID="string_379" HPOS="1082" VPOS="2366" WIDTH="64" HEIGHT="29" WC="0.96" CONTENT="och"/><SP WIDTH="24" VPOS="2366" HPOS="1146"/>
							<String ID="string_380" HPOS="1170" VPOS="2367" WIDTH="79" HEIGHT="30" WC="0.96" CONTENT="med"/><SP WIDTH="22" VPOS="2367" HPOS="1249"/>
							<String ID="string_381" HPOS="1271" VPOS="2367" WIDTH="113" HEIGHT="31" WC="0.96" CONTENT="vilken"/><SP WIDTH="24" VPOS="2367" HPOS="1384"/>
							<String ID="string_382" HPOS="1408" VPOS="2369" WIDTH="66" HEIGHT="36" WC="0.96" CONTENT="dag"/><SP WIDTH="22" VPOS="2369" HPOS="1474"/>
							<String ID="string_383" HPOS="1496" VPOS="2368" WIDTH="108" HEIGHT="32" WC="0.96" CONTENT="sådan"/>
						</TextLine>
						<TextLine ID="line_39" HPOS="99" VPOS="2407" WIDTH="1017" HEIGHT="41">
							<String ID="string_384" HPOS="99" VPOS="2407" WIDTH="91" HEIGHT="31" WC="0.93" CONTENT="ökad"/><SP WIDTH="24" VPOS="2407" HPOS="190"/>
							<String ID="string_385" HPOS="214" VPOS="2411" WIDTH="231" HEIGHT="29" WC="0.91" CONTENT="semesterrätt"/><SP WIDTH="22" VPOS="2411" HPOS="445"/>
							<String ID="string_386" HPOS="467" VPOS="2420" WIDTH="74" HEIGHT="20" WC="0.96" CONTENT="som"/><SP WIDTH="22" VPOS="2420" HPOS="541"/>
							<String ID="string_387" HPOS="563" VPOS="2420" WIDTH="96" HEIGHT="22" WC="0.96" CONTENT="avses"/><SP WIDTH="23" VPOS="2420" HPOS="659"/>
							<String ID="string_388" HPOS="682" VPOS="2412" WIDTH="10" HEIGHT="29" WC="0.96" CONTENT="i"/><SP WIDTH="23" VPOS="2412" HPOS="692"/>
							<String ID="string_389" HPOS="715" VPOS="2413" WIDTH="99" HEIGHT="35" WC="0.96" CONTENT="lagen"/><SP WIDTH="21" VPOS="2413" HPOS="814"/>
							<String ID="string_390" HPOS="835" VPOS="2414" WIDTH="71" HEIGHT="29" WC="0.96" CONTENT="kan"/><SP WIDTH="22" VPOS="2414" HPOS="906"/>
							<String ID="string_391" HPOS="928" VPOS="2414" WIDTH="188" HEIGHT="31" WC="0.96" CONTENT="förvärvas."/>
						</TextLine>
					</TextBlock>
				</ComposedBlock>
			</PrintSpace>
		</Page>
	</Layout>
</alto>
