1908 2794
509 164 116 30 Andra
646 164 237 36 lagutskottets
907 163 176 31 utlåtande
1103 174 42 20 nr
1166 163 48 30 32.
1599 159 18 29 5

113 246 13 30 I
153 247 150 36 enlighet
329 247 143 31 härmed
500 248 89 30 hava
616 247 161 31 städerna
805 247 229 36 Hälsingborg
1061 247 65 30 och
1154 247 104 30 Gävle
1287 247 220 35 undantagits
1537 245 79 31 från

112 296 386 38 distriktsindelningen.

157 348 114 36 Enligt
300 350 16 29 7
349 349 18 37 8
398 358 132 21 samma
560 348 203 36 förordning
793 349 87 29 skall
909 348 387 30 distriktsbarnmorska
1324 347 135 38 åtnjuta
1497 348 118 29 avlö-

112 398 358 37 ningsfömåner
505 400 78 30 med
608 399 72 31 dels
704 400 147 30 kontant
877 400 59 29 lön
962 408 41 21 av
1029 398 104 31 minst
1160 401 13 28 1
1191 399 64 30 800
1279 400 130 29 kronor
1432 398 107 37 jämte
1567 402 48 26 tre

112 449 230 37 ålderstillägg
359 451 20 30 å
399 452 61 29 180
477 451 129 29 kronor
622 450 88 31 efter
729 454 58 32 tre,
806 460 58 20 sex
879 450 67 30 och
963 450 58 30 nio
1038 449 56 31 års
1111 451 56 29 väl
1183 449 177 31 vitsordad
1378 449 237 37 tjänstgöring,

112 501 163 30 ävensom
298 501 41 30 de
361 502 79 29 eller
465 502 55 31 det
543 501 125 36 tillägg,
694 510 74 21 som
791 501 113 31 skulle
926 500 82 37 utgå
1031 500 20 31 å
1072 501 67 30 den
1164 501 172 30 kontanta
1361 501 115 35 lönen,
1499 500 117 30 därest

111 552 71 29 hon
206 561 83 21 vore
314 552 239 30 statsanställd
578 553 65 29 och
666 552 242 31 underkastad
931 551 104 31 civila
1059 552 412 35 avlöningsreglementet
1492 568 45 4 —
1560 551 56 29 för

111 602 217 30 närvarande
348 602 120 33 inalles
490 599 94 34 31/9
605 602 44 37 på
669 602 277 37 grundbeloppet
965 601 107 38 jämte
1092 601 276 37 ålderstilläggen
1390 618 45 4 —
1457 601 72 31 dels
1552 602 64 29 ock

112 653 249 31 kostnadsfritt
386 654 183 29 möblerad
593 654 126 29 bostad
743 653 110 36 jämte
881 654 120 29 värme
1028 653 66 30 och
1121 653 73 35 lyse
1221 653 84 30 eller
1331 653 66 29 ock
1423 652 192 35 ersättning

111 703 123 31 härför
256 704 89 30 efter
367 707 118 27 ortens
506 704 82 36 pris.
612 703 115 36 Enligt
749 704 122 35 Kungl.
896 703 118 36 Maj:ts
1036 703 111 30 beslut
1168 703 67 30 den
1258 704 39 29 21
1324 702 74 38 juni
1422 703 83 30 1946
1528 702 88 30 skall

111 754 112 30 under
247 754 205 36 budgetåret
477 751 139 33 1946/47
642 754 52 30 till
720 754 97 36 varje
841 753 178 31 ordinarie
1042 753 397 31 distriktsbarnmorska
1461 752 83 37 utgå
1569 756 47 27 ett

112 804 184 37 månatligt
318 804 113 37 tillägg
452 804 20 31 å
494 806 101 29 lönen
615 814 42 21 av
678 805 41 30 50
739 806 130 29 kronor
889 814 60 27 per
970 804 138 35 månad,
1131 803 83 31 varå
1236 803 31 37 ej
1289 804 88 30 skall
1397 804 127 29 räknas
1547 804 68 28 rör-

111 855 59 36 ligt
190 856 118 35 tillägg
326 855 81 31 eller
425 855 199 36 kristillägg.
648 855 395 31 Distriktsbarnmorska
1064 855 87 30 skall
1173 854 110 31 tillika
1303 853 243 32 kostnadsfritt
1567 863 49 20 er-

110 905 93 31 hålla
223 907 69 29 alla
314 906 56 30 för
389 906 76 31 sina
484 906 290 37 arbetsuppgifter
796 906 224 35 erforderliga
1042 904 403 38 förbrukningsartiklar,
1468 904 147 36 varjäm-

112 960 40 33 te,
172 957 62 30 där
252 956 38 31 så
308 961 84 26 utan
408 957 133 36 oskälig
560 956 150 31 kostnad
729 958 71 30 kan
820 957 69 37 ske,
909 956 45 30 fri
974 956 127 30 telefon
1120 956 88 30 skall
1226 956 144 30 beredas
1390 956 121 29 henne.
1532 955 83 29 Där-

111 1007 109 36 jämte
245 1007 119 31 finnas
388 1008 216 36 stadganden
630 1017 58 21 om
712 1007 46 31 fri
783 1006 180 37 sjukvård,
989 1010 176 32 semester,
1192 1007 193 35 ersättning
1410 1006 58 30 vid
1494 1005 121 36 tjänst-

111 1057 148 36 ledighet
280 1068 45 20 m.
347 1068 44 20 m.
416 1058 198 30 Emellertid
635 1058 64 35 äga
720 1058 100 30 dessa
842 1057 215 36 stadganden
1079 1057 75 30 icke
1176 1056 219 37 tillämpning
1415 1056 57 30 för
1492 1055 123 31 befatt-

110 1108 91 36 ning,
223 1118 75 21 som
317 1110 38 29 är
374 1108 171 31 inordnad
565 1108 110 31 under
694 1108 258 31 vederbörande
973 1108 227 30 kommunala
1218 1115 125 28 organs
1364 1106 252 36 avlöningsreg-

112 1159 144 31 lemente
284 1159 57 30 för
365 1159 108 30 andra
501 1159 236 35 befattningar
763 1160 96 29 inom
885 1158 231 30 hälsovården
1142 1158 66 30 och
1235 1156 221 38 sjukvården.
1485 1158 13 29 I
1530 1158 39 29 10
1597 1157 18 36 $

111 1209 249 31 förutnämnda
383 1209 203 37 förordning
612 1210 150 36 stadgas,
787 1212 50 28 att
859 1210 113 30 under
996 1209 60 36 tid,
1083 1208 45 31 då
1152 1208 396 31 distriktsbarnmorska
1571 1207 45 37 på

112 1261 110 35 grund
247 1269 43 21 av
317 1260 234 37 tjänstgöring
573 1260 145 31 utanför
743 1261 58 30 det
825 1261 116 29 henne
966 1261 11 29 i
1002 1260 111 30 första
1140 1259 98 30 hand
1263 1259 166 30 anvisade
1457 1257 159 32 området

111 1311 132 36 nödgas
263 1312 83 35 byta
364 1312 215 36 boningsort,
599 1312 89 29 skall
706 1311 72 31 hon
798 1310 21 31 å
837 1311 355 36 tjänstgöringsorten
1210 1310 114 30 förses
1345 1310 80 30 med
1444 1309 172 30 möblerat

111 1370 77 21 rum
209 1361 107 37 jämte
338 1362 116 30 värme
476 1362 65 30 och
565 1362 80 36 lyse.
672 1362 68 30 När
763 1361 96 37 dylik
883 1360 227 38 tjänstgöring
1133 1369 99 22 avser
1252 1360 218 36 fullgörande
1492 1369 43 20 av
1557 1369 58 20 an-

111 1421 70 20 nan
208 1412 404 30 distriktsbarnmorskas
638 1411 206 36 åligganden
870 1411 58 31 vid
956 1411 118 30 förfall
1101 1410 56 31 för
1184 1411 123 36 denna,
1336 1411 97 29 skola
1462 1410 154 30 nämnda

111 1461 177 33 förmåner
309 1461 280 32 tillhandahållas
611 1472 42 20 av
677 1461 216 31 sistnämnda
915 1461 400 36 distriktsbarnmorska;
1339 1461 89 30 dock
1449 1464 49 27 att
1522 1460 10 29 i
1555 1460 61 29 fall

111 1511 43 31 då
178 1512 114 31 denna
316 1512 44 37 på
383 1513 111 35 grund
517 1522 42 21 av
581 1511 390 38 familjeförhållanden,
996 1511 163 37 sjukdom
1181 1512 82 31 eller
1287 1511 109 31 andra
1422 1510 194 37 synnerliga

112 1563 74 29 skäl
210 1563 77 30 icke
311 1564 186 35 lämpligen
521 1564 135 30 kunnat
680 1562 145 37 upplåta
849 1563 54 30 sin
925 1562 124 31 bostad
1073 1561 35 31 åt
1132 1562 75 35 den,
1234 1571 74 21 som
1333 1561 128 36 fullgör
1486 1562 129 29 hennes

110 1613 214 36 åligganden,
345 1617 84 27 utan
448 1613 11 30 i
480 1614 111 30 stället
613 1613 135 32 bestritt
767 1613 235 31 kostnaderna
1023 1613 55 30 för
1098 1612 234 31 anskaffande
1353 1622 42 20 av
1418 1621 117 21 annan
1557 1612 58 30 bo-

112 1664 75 30 stad
214 1663 34 32 åt
276 1664 327 36 ställföreträdaren,
632 1665 57 30 det
714 1663 129 37 åligger
869 1663 258 31 vederbörande
1156 1663 174 36 landsting
1357 1663 80 30 eller
1465 1663 75 30 stad
1567 1667 50 25 att

111 1714 125 31 bereda
260 1714 411 31 distriktsbarnmorskan
693 1715 205 35 gottgörelse
921 1714 56 30 för
1000 1714 126 35 nödiga
1149 1713 197 31 kostnader.
1374 1714 13 29 I
1412 1713 116 35 övriga
1555 1713 61 29 fall

112 1764 127 37 åligger
271 1766 57 30 det
359 1766 212 36 landstinget
603 1766 83 29 eller
719 1766 122 29 staden
873 1769 50 26 att
957 1764 70 31 låta
1059 1764 94 31 förse
1185 1765 67 29 den
1285 1764 331 30 ställföreträdande

111 1816 259 30 barnmorskan
395 1817 81 29 med
501 1816 155 30 nämnda
681 1815 192 31 förmåner.
903 1814 112 37 Fråga
1041 1814 180 37 angående
1246 1814 194 36 utgörande
1468 1814 65 30 och
1559 1814 56 30 be-

111 1865 200 32 skaffenhet
332 1875 41 21 av
396 1865 275 37 naturaförmån,
694 1875 120 21 varom
836 1865 138 36 stadgas
997 1867 9 29 i
1031 1866 38 29 10
1092 1865 28 37 $,
1144 1866 164 28 ävensom
1330 1864 146 29 rörande
1499 1865 117 28 ersätt-

111 1916 82 35 ning
218 1916 56 30 för
298 1915 108 31 sådan
432 1915 138 31 förmån
596 1916 88 30 skall
708 1916 11 29 i
745 1916 165 30 händelse
935 1925 42 20 av
1006 1916 79 29 tvist
1110 1914 208 36 hänskjutas
1345 1914 48 30 till
1420 1914 196 30 medicinal-

111 1967 175 36 styrelsen,
310 1976 73 20 som
406 1966 211 31 härutinnan
639 1967 80 35 äger
739 1966 158 30 meddela
918 1966 121 29 beslut.

157 2016 115 36 Enligt
289 2017 19 29 8
328 2017 17 36 8
367 2017 8 29 i
394 2016 247 36 förordningen
660 2016 137 36 stadgas
818 2016 149 31 rörande
995 2016 622 30 distriktsbarnmorskor-

113 2075 85 21 nas
242 2067 393 30 resekostnader
677 2066 56 30 för
762 2067 208 35 förrättning
999 2066 11 31 i
1038 2066 293 31 barnaföderskas
1363 2066 91 34 hem,
1488 2070 47 25 att
1567 2066 51 29 för

116 2116 107 30 sådan
250 2117 88 35 färd,
365 2127 74 20 som
467 2117 184 36 överstiger
678 2126 43 21 en
747 2117 189 35 kilometer,
963 2117 229 30 barnmorska
1220 2118 39 28 är
1285 2116 190 36 berättigad
1504 2120 46 27 att
1578 2126 41 19 av

116 2167 64 29 den
210 2166 151 31 vårdade
387 2166 131 31 erhålla
545 2167 161 36 antingen
737 2167 43 30 fri
808 2167 111 38 skjuts
946 2168 81 29 eller
1053 2167 186 35 ersättning
1269 2167 55 30 för
1352 2167 265 29 resekostnaden

114 2217 104 35 enligt
239 2221 89 30 taxa,
351 2227 72 20 som
445 2217 184 31 fastställes
652 2227 42 20 av
717 2217 361 36 medicinalstyrelsen.
1101 2217 64 30 Det
1188 2218 177 29 allmänna
1388 2217 64 29 har
1475 2215 142 32 sålunda

115 2267 30 38 ej
169 2265 113 37 någon
308 2267 193 36 skyldighet
527 2271 48 27 att
601 2268 126 30 ersätta
749 2267 267 36 ifrågavarande
1039 2267 270 30 resekostnader.

159 2317 225 30 Beträffande
416 2317 609 30 distriktsbarnmorskas
1061 2316 287 36 utrustning
1385 2317 135 35 stadgas
1545 2317 73 33 i75$

116 2367 234 36 nyssnämnda
374 2367 212 35 förordning,
611 2370 48 27 att
684 2367 256 30 barnmorskan
966 2367 87 29 skall
1078 2376 42 20 av
1142 2367 274 29 huvudmannen
1439 2367 179 29 kostnads-

118 2418 70 29 fritt
215 2416 131 31 erhålla
372 2418 66 30 alla
465 2417 54 30 för
548 2417 71 31 sina
648 2417 292 36 arbetsuppgifter
965 2416 221 35 erforderliga
1216 2416 401 36 förbrukningsartiklar.

118 2468 161 30 Däremot
301 2467 203 30 föreskrives
526 2468 8 29 i
558 2468 142 34 stadgan
725 2468 65 29 den
816 2469 37 28 13
874 2467 71 38 maj
970 2468 81 29 1938
1080 2466 52 39 (nr
1156 2466 71 39 191)
1254 2467 55 29 för
1330 2467 288 30 barnmorskeun-
