2192 2648
747 228 213 38 Lagutskottets
988 231 154 30 Utlåtande
1164 233 58 29 N:o
1247 236 28 27 7.
1801 243 18 27 9

305 299 108 36 Hvad
454 301 165 37 komitén
659 302 125 38 anfört
824 312 99 30 emot
961 307 213 38 införandet
1210 310 41 36 af
1283 324 45 23 en
1356 312 102 49 dylik
1486 313 191 38 föreskrift
1704 318 115 47 ansåg

199 350 188 45 nemligen
423 351 404 47 departementschefen
865 357 30 45 ej
933 358 92 36 böra
1060 359 194 38 föranleda
1288 363 59 35 till
1374 363 114 47 något
1515 366 192 47 undantag
1732 368 83 37 från

200 398 71 37 den
313 401 141 46 vigtiga
493 404 136 46 regeln,
669 410 54 30 att
763 408 226 48 anteckning
1018 410 11 35 i
1057 410 278 49 straffregistret
1367 415 118 36 skulle
1512 417 64 35 ske
1604 430 60 23 om
1691 419 125 37 straffs

198 451 291 46 verkställighet,
529 461 68 29 när
637 455 121 37 denna
797 458 73 35 kan
912 471 67 34 ega
1019 461 191 48 betydelse
1245 462 59 37 för
1339 465 287 48 tillämpningen
1654 468 41 36 af
1719 470 95 36 stad-

198 501 172 45 gandena
397 516 61 22 om
489 504 155 37 återfall.

299 551 180 49 Slutligen
517 556 166 36 innehöll
718 557 241 49 lagförslaget
986 580 49 4 —
1063 562 11 34 i
1101 568 152 31 motsats
1289 565 60 35 till
1376 566 327 49 komitéförslaget,
1732 583 79 24 som

197 602 198 46 begränsat
419 610 121 31 rätten
568 611 55 31 att
649 607 140 37 erhålla
817 609 138 47 utdrag
982 624 46 23 ur
1055 612 279 49 straffregistret
1360 617 56 35 till
1435 618 97 35 vissa
1550 619 261 48 myndigheter

195 672 48 4 —
284 659 54 30 att
379 654 270 49 befogenheten
688 663 55 31 att
782 658 180 38 förordna
1003 675 62 23 om
1104 664 246 38 meddelande
1388 666 40 37 af
1457 669 137 46 utdrag
1620 683 45 23 ur
1691 672 120 36 straff-

194 705 171 46 registret
392 705 37 35 åt
456 719 126 23 annan
610 715 46 28 än
684 708 104 37 dessa
815 712 263 48 myndigheter
1104 715 119 36 skulle
1250 717 210 37 tillkomma
1486 715 223 58 Konungen.

296 754 75 36 Vid
410 756 256 48 lagförslagets
706 762 230 46 granskning
975 764 13 34 i
1024 764 132 46 högsta
1196 766 209 38 domstolen
1445 772 220 44 anmärktes,
1693 773 115 36 bland

192 810 126 39 annat,
353 805 41 36 af
417 806 83 45 fyra
528 808 226 38 domstolens
782 811 214 46 ledamöter,
1025 820 55 30 att
1107 815 46 36 då
1180 816 62 37 det
1269 824 138 30 ansetts
1434 833 90 23 vara
1552 821 42 36 af
1617 819 190 57 synnerlig

191 855 90 45 vigt,
309 862 54 29 att
390 857 323 38 bestämmelserna
740 861 139 45 derom,
898 864 12 34 i
930 864 128 36 hvilka
1085 864 69 37 fall
1181 868 136 48 utdrag
1335 868 41 36 af
1389 870 277 46 straffregistret
1685 875 120 36 skulle

190 904 38 36 få
263 906 198 46 meddelas,
499 910 139 36 erhölle
673 912 168 46 civillags
869 913 123 47 heled,
1023 915 61 36 det
1110 917 84 36 med
1223 918 123 36 denna
1372 920 92 46 åsigt
1490 922 81 36 icke
1598 929 122 43 syntes
1748 926 57 35 stå

190 956 60 35 väl
286 957 254 48 tillsammans,
577 966 62 37 att,
674 961 48 46 på
758 968 73 30 sätt
865 964 262 48 lagförslagets
1156 971 19 33 8
1213 966 9 47 $
1252 972 19 33 2
1300 982 110 24 mom.
1436 972 191 46 innebure,
1655 974 149 39 tillfälle

190 1007 120 36 skulle
337 1009 153 36 beredas
517 1011 81 36 icke
624 1012 96 35 blott
747 1013 172 49 offentlig
946 1017 229 47 myndighet,
1204 1024 90 31 utan
1314 1019 108 38 äfven
1442 1023 168 37 enskilda
1628 1037 176 35 personer

188 1063 55 30 att
270 1058 139 36 erhålla
435 1060 167 37 tillstånd
630 1068 53 30 att
710 1063 198 38 bekomma
936 1066 136 47 utdrag
1099 1067 40 36 af
1162 1070 284 48 straffregistret.

289 1108 16 35 I
346 1111 203 47 anledning
588 1112 42 36 af
664 1113 123 37 denna
826 1117 248 47 anmärkning
1109 1119 67 36 har
1202 1121 12 34 i
1242 1121 257 48 lagförslagets
1529 1127 20 33 8
1578 1122 18 49 $
1623 1126 177 47 vidtagits

187 1157 71 37 den
296 1160 169 47 ändring,
501 1169 55 29 att
591 1163 133 47 Kongl.
755 1165 120 48 Maj:ts
901 1167 171 37 tillstånd
1099 1170 58 35 till
1185 1171 314 39 utbekommande
1527 1174 42 36 af
1592 1176 134 48 utdrag
1754 1191 45 23 ur

184 1210 171 44 registret
394 1212 94 35 skall
527 1214 126 35 kunna
693 1214 129 47 pgifvas,
862 1216 165 38 förutom
1066 1221 37 34 åt
1138 1221 229 48 myndighet,
1395 1225 156 36 allenast
1579 1226 37 36 åt
1642 1229 156 44 enskild,

184 1259 110 36 hvars
335 1267 73 30 rätt
447 1263 61 35 må
546 1277 90 22 vara
674 1265 185 38 beroende
894 1270 47 44 på
976 1268 249 48 förhållande,
1263 1272 128 37 derom
1418 1275 276 49 straffregistret
1721 1279 71 36 kan

182 1310 189 36 innehålla
397 1314 237 47 upplysning.

281 1410 80 37 Mot
397 1412 248 49 lagförslaget,
680 1415 133 37 sådant
841 1417 61 36 det
930 1432 51 22 nu
1009 1418 208 49 föreligger,
1245 1423 68 36 har
1339 1426 189 45 utskottet,
1555 1428 64 36 vid
1645 1431 150 43 gransk-

180 1462 101 45 ning,
309 1463 30 45 ej
368 1462 126 38 funnit
520 1466 203 48 anledning
749 1468 59 34 till
835 1468 124 48 någon
988 1472 157 44 erinran,
1173 1474 70 35 och
1269 1473 59 37 får
1354 1477 181 37 utskottet
1558 1479 116 44 alltså,
1694 1481 100 36 hem-

180 1512 118 44 ställa,

683 1573 55 30 att
764 1568 210 46 Riksdagen
1002 1572 97 45 ville,
1127 1574 119 36 under
1272 1574 277 50 förutsättning,
1577 1585 54 30 att
1649 1580 62 37 det
1728 1582 63 35 vid

584 1618 93 34 1899
720 1617 58 37 års
817 1620 151 49 riksdag
1008 1623 59 34 till
1107 1623 177 39 hvilande
1320 1625 58 37 för
1413 1628 127 37 vidare
1574 1627 219 56 grundlags-

582 1668 98 46 enlig
707 1668 228 48 behandling
961 1679 167 39 antagna
1153 1674 140 47 förslag
1312 1689 61 23 om
1391 1678 160 47 ändring
1569 1677 48 49 1$
1639 1685 18 31 2
1677 1695 112 23 mom.

581 1720 21 32 4
630 1718 507 51 tryckfrihetsförordningen
1165 1726 12 33 i
1203 1725 98 48 syfte
1333 1733 54 29 att
1414 1728 76 37 deri
1519 1730 121 36 införa
1667 1733 119 48 skydd

580 1773 77 29 mot
693 1769 195 47 obehörigt
923 1772 245 38 meddelande
1204 1775 41 35 af
1279 1776 134 47 utdrag
1442 1792 43 23 ur
1512 1780 278 47 straffregistret

578 1818 132 36 varder
736 1818 157 47 bifallet,
921 1828 138 42 antaga
1086 1824 61 36 det
1172 1824 141 48 förslag
1340 1829 56 34 till

924 1905 85 45 Lag
1037 1917 62 25 om
1127 1908 312 50 straffregister,

577 1980 78 24 som
682 1970 199 37 innefattas
909 1974 53 34 uti
990 1987 51 22 nu
1069 1974 254 48 föreliggande
1351 1982 239 44 proposition.

273 2029 215 39 Stockholm
519 2034 69 36 den
621 2039 42 33 13
692 2035 164 39 februari
888 2041 105 36 1900.

716 2120 50 36 På
794 2122 259 45 lagutskottets
1081 2132 154 39 vägnar:

713 2201 126 38 CARL
868 2205 38 35 B.
934 2205 302 40 HASSELROT.

1658 2347 16 25 LINA

265 2325 64 27 Bih.
350 2328 42 25 till
413 2328 94 27 Riksd.
531 2330 72 27 Prot.
623 2332 84 26 1900.
748 2334 14 25 7
782 2334 87 27 Saml.
906 2336 16 26 4
943 2337 79 33 Häft.
