1866 2784
436 194 312 33 Bankoutskottets
771 191 180 31 utlåtande
973 199 43 21 nr
1040 189 39 30 18
1101 188 39 30 år
1164 187 83 30 1963
1581 185 16 29 1

791 429 53 37 Nr
871 429 48 35 18

323 533 184 32 Utlåtande
530 532 11 30 i
561 530 190 40 anledning
772 538 42 21 av
836 527 240 42 fullmäktiges
1101 526 10 29 i
1133 523 339 41 riksgäldskontoret
1495 521 107 40 fram-

542 581 167 40 ställning
733 589 56 21 om
816 579 91 30 vissa
932 574 358 42 engångsunderstöd.

147 689 13 29 I
184 687 167 31 skrivelse
375 685 52 30 till
449 683 289 31 bankoutskottet
762 681 68 29 den
857 679 39 30 18
920 678 90 40 april
1037 676 82 31 1963
1144 676 64 30 har
1231 673 222 42 fullmäktige
1481 672 10 29 i
1517 671 87 30 riks-

102 737 265 42 gäldskontoret
391 734 189 33 hemställt,
606 734 51 28 att
680 730 291 31 bankoutskottet
995 727 80 30 ville
1102 725 130 31 föreslå
1258 724 187 38 riksdagen
1472 724 51 29 att
1549 721 56 30 be-

103 789 85 40 vilja
209 788 23 29 f.
253 788 33 29 d.
308 786 248 31 städerskorna
576 783 11 30 i
608 781 267 40 riksdagshuset
896 779 75 30 Ada
991 778 166 39 Nyström
1177 776 66 29 och
1264 774 102 30 Anna
1389 773 146 30 Ericson
1557 773 46 28 ett

104 836 349 43 engångsunderstöd
474 835 44 40 på
541 833 61 31 700
625 833 130 29 kronor
779 831 54 30 för
856 829 164 40 Nyström
1043 828 65 30 och
1131 826 62 31 800
1217 826 130 30 kronor
1371 823 54 31 för
1450 823 155 33 Ericson,

105 892 51 28 att
177 888 82 40 utgå
281 897 43 21 av
345 887 57 30 det
424 886 111 30 under
557 882 223 32 huvudtiteln
803 880 200 39 Riksdagen
1025 878 67 30 och
1114 877 79 30 dess
1216 876 84 30 verk
1324 884 45 20 m.
1393 883 45 21 m.
1463 872 143 41 uppför-

105 941 45 29 da
170 937 309 41 förslagsanslaget
499 935 53 30 till
571 933 187 41 pensioner
779 932 36 29 åt
836 931 24 30 f.
882 931 32 29 d.
937 927 345 40 befattningshavare
1305 935 44 20 m.
1374 924 36 30 fl.

148 989 67 31 Till
239 989 78 30 stöd
341 987 55 30 för
419 986 167 39 förslaget
607 984 66 30 har
692 981 225 39 fullmäktige
941 979 117 31 anfört
1083 977 167 40 följande.

150 1049 36 29 F.
208 1048 32 30 d.
264 1046 249 31 städerskorna
535 1044 57 29 fru
614 1042 75 30 Ada
711 1041 176 39 Nyström,
911 1038 84 31 född
1017 1038 68 29 den
1109 1035 84 36 16/3
1218 1034 95 34 1892,
1336 1034 66 29 och
1425 1033 56 29 fru
1506 1032 101 30 Anna

107 1091 156 32 Ericson,
280 1088 84 30 född
381 1088 67 30 den
464 1086 85 36 27/6
568 1084 95 35 1898,
678 1084 95 30 vilka
791 1082 136 30 slutade
945 1081 77 30 sina
1040 1078 254 39 anställningar
1314 1085 74 21 som
1407 1075 200 30 städerskor

106 1134 11 28 i
139 1131 267 40 riksdagshuset
428 1129 78 30 med
532 1127 173 40 utgången
729 1134 43 21 av
794 1125 39 30 år
859 1123 94 34 1962,
977 1123 64 29 har
1064 1122 12 28 i
1100 1120 185 31 skrivelser
1310 1119 51 29 till
1387 1116 220 39 fullmäktige

107 1174 150 31 anhållit
275 1182 58 21 om
352 1171 147 41 pension
519 1170 84 30 eller
622 1167 244 41 gratifikation
888 1165 42 30 fr.
950 1174 30 20 o.
1002 1173 45 21 m.
1070 1164 66 30 den
1161 1163 13 29 1
1198 1161 143 41 januari
1365 1160 94 30 1963.

154 1216 121 29 Såsom
307 1213 155 39 framgår
493 1221 42 21 av
565 1210 151 40 bilagda!
748 1205 408 43 tjänstårsberäkningar
1187 1205 64 29 har
1283 1203 57 29 fru
1372 1202 163 39 Nyström
1567 1210 43 20 en

109 1257 242 40 sammanlagd
374 1255 147 31 effektiv
544 1252 307 42 tjänstgöringstid
874 1260 43 21 av
940 1249 18 30 8
983 1249 38 30 år
1045 1249 19 29 9
1088 1247 167 30 månader
1279 1246 64 29 och
1369 1245 18 30 2
1412 1245 108 38 dagar
1545 1243 63 30 och

109 1302 57 29 fru
184 1300 147 30 Ericson
349 1299 20 30 9
387 1298 38 30 år
443 1298 67 30 och
527 1297 40 30 20
587 1296 117 39 dagar.
724 1295 76 29 Den
819 1292 169 31 effektiva
1007 1288 352 42 tjänstgöringstiden
1379 1296 61 31 per
1460 1287 66 39 dag
1546 1286 63 29 har

111 1343 146 40 uppgått
280 1342 52 29 till
358 1340 52 35 3,4
433 1340 142 30 timmar
600 1336 195 41 respektive
821 1336 51 33 3,2
898 1335 143 29 timmar
1066 1332 83 30 eller
1174 1331 74 35 20,4
1274 1330 142 30 timmar
1441 1329 12 29 i
1478 1328 132 30 veckan

111 1386 55 29 för
183 1385 165 39 Nyström
368 1383 65 29 och
453 1381 72 34 19,2
546 1381 142 30 timmar
705 1378 58 30 för
782 1378 156 29 Ericson.

155 1427 77 30 Med
250 1426 140 38 hänsyn
409 1424 52 30 till
481 1424 73 29 dels
574 1423 66 29 den
659 1422 103 29 korta
782 1417 342 40 anställningstiden,
1145 1416 74 30 dels
1241 1417 50 28 att
1312 1415 66 29 den
1400 1413 137 39 dagliga
1559 1421 52 21 ar-

109 1469 174 31 betstiden
307 1468 76 29 icke
408 1465 146 41 uppgått
577 1464 53 29 till
654 1464 67 29 den
746 1461 213 40 stipulerade
985 1458 289 39 minimigränsen
1300 1465 43 21 av
1369 1456 18 30 3
1402 1455 62 36 3/4
1491 1455 120 29 timme

112 1511 176 40 uppfyller
306 1509 132 30 varken
457 1508 58 29 fru
533 1506 165 40 Nyström
717 1504 83 30 eller
821 1503 58 30 fru
900 1502 145 30 Ericson
1065 1501 41 29 de
1126 1500 126 29 villkor
1273 1499 55 29 för
1348 1497 202 31 erhållande
1570 1504 42 22 av

111 1553 146 40 pension
278 1561 77 21 som
373 1549 192 31 innefattas
584 1548 12 30 i
616 1549 132 28 statens
768 1546 179 30 allmänna
967 1541 511 42 tjänstepensionsreglemente
1500 1548 45 20 m.
1567 1548 44 19 m.

111 1596 78 29 med
216 1594 117 30 därtill
360 1592 156 30 hörande
544 1587 457 42 övergångsbestämmelser
1027 1586 82 29 eller
1138 1582 269 32 föreskrifterna
1434 1581 178 39 angående

112 1636 247 41 pensionering
379 1644 44 21 av
441 1634 71 29 viss
534 1631 302 40 arbetarpersonal
858 1630 10 29 i
891 1631 132 28 statens
1045 1627 110 40 tjänst
1177 1625 142 41 jämlikt
1343 1624 73 30 SFS
1440 1622 171 37 490/1947

113 1680 65 29 och
197 1678 185 36 439/1957.

156 1720 228 31 Beträffande
411 1716 248 42 pensionering
686 1725 42 21 av
756 1713 363 40 anställningshavare
1149 1711 78 30 med
1257 1719 42 20 en
1329 1707 285 40 anställningstid

114 1773 42 21 av
177 1763 136 30 mindre
335 1762 46 29 än
405 1761 38 29 10
465 1760 40 30 år
525 1768 80 21 men
627 1759 89 38 lägst
739 1757 18 29 5
780 1757 39 29 år
841 1757 64 29 har
928 1756 11 28 i
962 1754 126 39 Kungl.
1112 1753 123 39 Maj:ts
1259 1761 42 21 av
1324 1751 187 38 riksdagen
1534 1750 80 39 god-

113 1806 117 29 kända
252 1803 219 41 proposition
494 1811 41 20 nr
562 1801 56 30 151
646 1800 38 30 år
710 1799 83 30 1960
819 1798 155 34 uttalats,
1000 1798 50 28 att
1075 1794 241 41 gratifikation
1345 1794 30 28 >i
1402 1793 124 29 sådant
1553 1791 60 30 fall

113 1848 211 29 bestämmes
350 1845 51 30 till
426 1854 42 20 en
493 1843 208 30 månadslön
726 1843 91 28 samt
842 1842 51 28 att
916 1839 98 39 varje
1039 1839 71 29 helt
1137 1835 275 40 anställningsår
1437 1836 82 29 över
1545 1834 70 29 fem

116 1889 137 30 medför
271 1897 43 20 en
334 1887 130 38 ökning
485 1886 78 29 med
585 1884 61 36 1/5
667 1893 42 21 av
729 1882 241 30 månadslön>.

158 1931 69 29 Fru
249 1929 184 40 Nyströms
454 1928 66 29 och
542 1927 57 29 fru
621 1926 164 29 Eriesons
809 1922 282 42 genomsnittliga
1115 1920 305 30 månadsinkomst
1444 1919 110 29 under
1578 1918 37 29 år

119 1973 81 29 1962
223 1971 163 40 utgjorde
410 1970 61 30 380
494 1970 131 28 kronor
647 1966 194 40 respektive
864 1964 63 31 405
949 1965 141 29 kronor.

160 2014 100 30 Såväl
290 2013 57 29 fru
376 2012 183 39 Nyströms
589 2019 74 21 som
693 2009 57 29 fru
781 2008 164 29 Ericsons
975 2004 234 42 tjänstgöring
1239 2005 38 28 är
1309 2003 221 39 synnerligen
1560 2002 55 29 väl

116 2056 189 30 vitsordad.

161 2098 77 30 Med
255 2098 139 37 hänsyn
413 2096 50 29 till
484 2104 88 20 ovan
592 2093 192 30 relaterade
805 2090 245 31 förhållanden
1070 2090 69 29 kan
1160 2088 114 39 någon
1293 2087 148 40 pension
1461 2087 53 29 till
1534 2086 83 29 ifrå-

117 2140 196 39 gavarande
335 2137 201 31 städerskor
557 2136 30 39 ej
612 2135 142 30 komma
775 2134 10 29 i
808 2133 108 39 fråga.
939 2132 13 29 I
973 2131 153 39 enlighet
1148 2131 77 29 med
1249 2130 146 39 tidigare
1417 2129 11 29 i
1451 2124 166 48 liknande

117 2182 61 30 fall
197 2180 183 39 tillämpad
400 2179 117 40 praxis
537 2178 66 29 och
621 2177 78 29 med
719 2175 196 31 beaktande
936 2173 142 31 särskilt
1098 2182 43 21 av
1161 2174 50 28 att
1232 2172 41 29 de
1294 2171 161 30 innehaft
1476 2170 142 30 anställ-

117 2224 83 38 ning
221 2223 10 29 i
255 2221 267 39 riksdagshuset
543 2220 73 29 före
639 2219 66 29 den
730 2219 14 28 1
768 2217 67 39 juli
861 2216 93 34 1959,
978 2215 44 30 då
1045 2217 132 27 statens
1200 2214 179 29 allmänna
1403 2212 215 39 tjänstepen-

118 2264 307 39 sionsreglemente
452 2261 122 30 trädde
599 2260 12 29 i
637 2259 235 39 tillämpning,
899 2258 62 29 bör
988 2257 42 29 de
1057 2256 11 29 i
1096 2256 115 29 stället
1238 2255 122 30 kunna
1388 2254 229 30 tillerkännas

118 2309 47 27 ett
185 2303 359 41 engångsunderstöd.

164 2388 234 38 Fullmäktige
427 2386 102 31 anför
558 2387 50 28 att
636 2385 41 29 de
706 2384 155 29 nämnda
890 2381 414 39 beräkningsgrunderna
1335 2379 112 30 skulle
1479 2379 53 30 för
1564 2379 56 29 fru

121 2440 163 39 Nyström
305 2446 39 31 ge
364 2439 48 28 ett
432 2437 124 39 belopp
576 2444 41 21 av
638 2434 63 30 608
722 2434 52 29 kr.
796 2433 65 30 och
883 2432 55 29 för
958 2431 56 30 fru
1038 2431 144 29 Erieson
1204 2432 47 28 ett
1274 2430 125 39 belopp
1420 2438 42 21 av
1485 2429 62 29 729
1569 2429 51 29 kr.

151 2510 7 13 1
179 2508 58 25 Här
250 2508 150 23 uteslutna.

149 2557 15 27 1
203 2555 112 30 Bihang
332 2554 47 24 till
395 2552 170 31 riksdagens
581 2549 147 33 protokoll
747 2550 76 24 1965.
840 2550 15 24 8
870 2548 84 25 saml.
970 2548 39 24 Nr
1024 2547 32 24 18
