2219 2640
257 2153 140 29 Historik.

431 218 18 27 2
631 213 112 31 Andra
771 212 214 31 kammarens
1011 202 127 47 tredje
1163 204 170 40 tillfälliga
1360 203 139 31 utskolts
1522 199 174 34 utlåtande
1720 197 50 33 Nr
1794 197 29 32 1.

430 299 145 47 ningar,
620 308 76 26 som
726 295 13 37 i
768 307 45 24 en
852 291 266 48 förordningen
1146 289 127 48 bilagd
1300 284 236 49 förteckning
1563 283 122 37 finnas
1713 284 191 46 upptagna
1934 277 91 37 eller

432 356 37 34 åt
509 353 101 37 vilka
645 352 213 45 Konungen
886 348 197 36 framdeles
1111 346 121 35 finner
1260 342 138 48 skäligt
1427 340 171 47 medgiva
1626 340 74 34 rätt
1728 340 54 33 att
1809 335 63 37 vid
1901 333 122 38 skrift-

431 408 153 47 växling
612 407 14 36 i
654 404 302 51 tjänsteärenden
991 402 170 47 begagna
1200 399 128 49 dylika
1365 395 202 37 frimärken
1597 394 69 36 och
1694 390 186 38 brevkort.
1937 389 87 36 Ute-

432 464 157 47 stängda
617 462 83 35 från
730 460 121 36 denna
879 460 74 34 rätt
977 462 61 30 äro
1068 454 206 37 emellertid
1303 451 158 50 allijämt
1488 450 289 36 kommunernas
1801 443 223 39 förtroende-

431 524 97 39 män,
564 523 96 31 även
689 516 45 35 då
764 515 62 35 det
855 518 40 31 är
922 513 104 46 fråga
1055 523 57 23 om
1142 506 332 51 postförsändelser
1503 506 20 34 å
1551 503 184 50 tjänstens
1763 506 153 42 vägnar,
1947 510 75 25 som

431 579 65 43 äro
531 571 133 38 ställda
693 569 57 38 till
779 572 140 33 statens
948 565 261 50 myndigheter
1237 563 69 37 och
1334 560 92 39 verk
1455 560 68 37 och
1551 558 121 38 vilkas
1700 555 168 38 innehåll
1897 559 41 31 är
1966 565 57 25 av-

431 632 72 33 sett
546 631 54 33 att
640 624 257 47 förnämligast
939 622 90 36 eller
1061 619 237 37 uteslutande
1326 616 102 50 tjäna
1458 612 275 39 statsändamål.
1793 608 233 48 Visserligen

430 684 96 34 hava
568 682 100 34 inom
710 679 202 44 riksdagen
941 676 213 46 upprepade
1184 676 141 44 gånger
1352 670 125 36 försök
1505 669 114 48 gjorts
1650 671 53 33 att
1730 666 37 36 få
1797 663 229 37 kommunal-

430 741 174 32 stämmas
647 733 68 37 och
757 728 373 40 kommunalnämnds
1173 725 220 39 ordförande
1423 729 173 31 ävensom
1631 720 126 47 övriga
1787 717 239 37 kommunala

429 790 300 37 förtroendemän
770 785 224 38 tillerkända
1034 787 123 32 rätten
1199 785 54 32 att
1280 781 13 35 i
1322 784 115 32 större
1476 778 89 35 eller
1593 776 143 36 mindre
1764 771 262 47 utsträckning

429 845 172 47 begagna
628 840 342 52 tjänstefrimärken
998 838 68 36 och
1094 835 314 51 tjänstebrevkort
1435 833 56 35 för
1510 832 58 35 sin
1587 828 265 47 skriftväxling
1872 829 21 33 å
1912 825 111 49 tjäns-

431 903 83 33 tens
555 904 150 42 vägnar,
751 908 82 24 men
866 898 91 33 utan
991 896 53 33 att
1078 892 84 36 leda
1190 890 58 37 till
1277 888 136 50 åsyftat
1440 886 166 37 resultat.
1670 883 186 38 Motioner
1882 881 14 36 i
1926 881 101 35 detta

431 960 119 39 ämne,
581 953 133 37 väckta
741 951 99 36 inom
872 950 114 35 andra
1015 947 215 36 kammaren
1259 944 62 37 vid
1353 944 112 43 1884,
1501 942 99 35 1890
1631 940 68 36 och
1731 939 100 35 1895
1862 938 57 34 års
1934 934 94 37 riks-

432 1010 125 47 dagar,
601 1009 96 34 hava
736 1005 108 37 blivit
873 1004 176 45 avslagna
1079 1004 46 45 på
1155 1013 45 24 av
1230 997 277 39 vederbörande
1533 995 144 36 utskott
1704 992 212 47 förebragta
1945 989 83 37 skäl

433 1086 46 4 —
512 1063 99 36 olika
640 1062 63 36 vid
732 1061 45 35 de
807 1059 99 36 olika
934 1057 206 37 tillfällena.

538 1115 217 38 Emellertid
784 1114 95 37 hava
912 1111 282 37 förhållandena
1227 1110 47 48 på
1308 1118 130 27 senare
1467 1105 97 37 tider
1593 1105 39 35 så
1662 1102 162 44 ändrats,
1849 1102 54 34 att
1919 1099 108 36 dessa

432 1172 81 36 skäl
542 1172 14 35 i
584 1172 63 34 det
681 1168 265 47 väsentligaste
981 1166 152 36 förlorat
1166 1164 58 36 sin
1251 1162 202 48 betydelse.
1510 1158 168 37 Framför
1706 1158 66 34 allt
1801 1157 66 33 har
1896 1154 133 35 kravet

430 1229 48 45 på
513 1230 53 32 att
598 1223 419 38 kommunalstämmans
1050 1220 69 35 och
1148 1214 423 40 kommunalnämndens
1601 1210 220 38 ordförande
1851 1214 173 31 ävensom

433 1293 46 23 en
514 1280 60 36 del
609 1280 115 35 andra
753 1276 238 37 kommunala
1016 1273 299 37 förtroendemän
1342 1270 37 36 få
1407 1273 75 32 rätt
1511 1272 54 32 att
1591 1267 14 36 i
1634 1266 98 36 vissa
1761 1265 64 35 fall
1855 1262 172 37 använda

431 1333 341 50 tjänstefrimärken
801 1332 69 35 och
898 1328 315 50 tjänstebrevkort
1242 1326 84 35 med
1356 1326 44 34 de
1426 1323 163 45 ändrade
1618 1320 282 37 förhållandena
1920 1315 108 37 blivit

432 1389 66 35 allt
527 1388 176 36 starkare.
749 1386 156 35 Antalet
933 1382 332 49 postförsändelser
1292 1379 57 36 till
1379 1382 139 33 statens
1549 1375 101 44 verk,
1680 1372 266 37 innehållande
1975 1370 52 35 in-

431 1443 171 36 fordrade
646 1440 206 38 statistiska
895 1439 68 35 och
993 1437 114 35 andra
1139 1435 190 48 uppgifter
1358 1446 30 22 o.
1422 1433 47 43 d.,
1500 1431 67 35 har
1595 1429 166 46 ständigt
1790 1427 68 36 och
1888 1425 140 46 hastigt

432 1497 118 44 ökats,
581 1499 39 32 så
650 1501 54 30 att
732 1495 287 35 kommunernas
1048 1491 154 46 utgifter
1229 1490 57 34 till
1315 1492 190 43 postporto
1534 1486 55 34 för
1618 1484 133 35 sådant
1771 1480 173 38 ändamål
1962 1478 66 36 bli-

432 1552 54 36 vit
526 1554 75 32 rätt
644 1549 213 36 avsevärda.
914 1546 20 36 I
963 1547 106 34 dessa
1111 1545 65 35 fall
1210 1544 116 46 gäller
1356 1543 62 34 det
1442 1540 43 48 ju
1513 1537 313 49 tillgodoseendet
1854 1546 46 24 av
1928 1537 99 33 stals-

432 1606 177 42 ändamål,
654 1603 123 37 vartill
821 1602 164 36 kommer
1028 1605 53 30 att
1114 1596 277 39 vederbörande
1421 1593 238 37 kommunala
1687 1589 300 38 förtroendemän
2014 1586 15 37 1

432 1660 189 45 åtskilliga
663 1659 64 34 fall
768 1662 61 30 äro
872 1654 224 48 förpliktade
1132 1657 54 31 att
1213 1652 157 35 insända
1400 1649 127 47 dylika
1555 1646 201 48 uppgifter.
1813 1644 75 35 Det
1916 1652 111 38 synes

433 1715 123 35 därför
589 1713 85 35 fullt
701 1711 210 45 berättigat,
944 1714 53 30 att
1026 1713 120 30 staten
1176 1706 130 35 härvid
1336 1704 222 35 åtminstone
1588 1700 154 36 bereder
1770 1699 73 35 den
1871 1696 156 44 lättnad,

432 1781 75 24 som
543 1771 123 32 rätten
694 1766 58 35 till
779 1763 341 50 tjänstefrimärken
1150 1761 68 36 och
1246 1758 317 50 tjänstebrevkort
1590 1755 167 36 innebär.
1815 1753 89 35 Men
1934 1756 95 30 även

431 1823 13 35 i
474 1835 47 22 en
566 1822 58 35 del
668 1821 115 35 andra
817 1819 75 43 fall,
924 1818 45 34 da
1000 1817 45 35 de
1077 1815 235 35 kommunala
1342 1824 164 35 organen
1534 1811 96 35 hava
1660 1815 54 29 att
1742 1806 199 37 hänvända
1971 1805 58 46 sig

431 1877 59 36 till
519 1874 363 50 statsmyndigheter,
914 1884 110 35 synes
1054 1871 62 35 det
1145 1882 86 24 vara
1259 1867 171 48 lämpligt
1458 1867 69 35 och
1555 1863 142 48 riktigt,
1729 1868 54 30 att
1811 1861 116 36 sådan
1955 1864 74 31 rätt

433 1930 202 47 medgives.
693 1930 125 45 Nägot
861 1925 185 36 missbruk
1088 1937 45 23 av
1167 1925 121 33 denna
1317 1926 73 31 rätt
1417 1921 105 35 torde
1552 1919 32 48 ej
1616 1930 87 23 vara
1732 1921 54 31 att
1813 1915 138 43 befara,
1983 1914 46 35 då

433 1987 133 34 sådant
594 1984 200 48 självfallet
822 1981 120 35 skulle
972 1992 87 23 vara
1087 1978 245 36 underkastat
1361 1987 138 24 samma
1528 1972 106 37 straff
1651 1972 68 36 och
1739 1969 192 49 påföljder,
1951 1980 77 24 som

434 2039 186 36 missbruk
649 2051 46 23 av
722 2037 115 35 redan
865 2048 53 23 nu
946 2033 198 48 medgiven
1171 2031 355 50 tjänstebrevsrätt.»

541 2147 18 35 I
587 2144 228 49 proposition
858 2143 58 35 till
959 2144 99 34 1873
1097 2144 58 32 års
1183 2140 153 45 riksdag
1365 2137 160 46 föreslog
1553 2134 140 47 Kungl.
1724 2132 119 49 Maj:t,
1874 2135 54 32 att
1957 2130 73 36 den

434 2201 216 48 skyldighet
677 2200 57 35 till
755 2197 278 48 ombesörjande
1055 2209 43 22 av
1120 2195 186 35 allmänna
1326 2192 274 47 kungörelsers,
1621 2188 247 48 tjänstebrevs
1888 2198 31 24 o.
1943 2197 27 24 8.
1993 2197 35 24 v.

433 2255 278 43 fortskaffande,
754 2266 76 23 som
866 2253 45 35 då
946 2253 118 33 under
1097 2248 227 47 benämning
1358 2259 43 24 av
1431 2244 313 44 kronobrevbäring
1773 2242 83 46 ålåg
1886 2235 142 53 krono-,

434 2311 134 36 skatte-
598 2310 69 35 och
696 2309 187 34 allmänna
911 2306 298 42 frälsehemman,
1240 2305 112 33 måtte
1383 2302 83 34 med
1494 2301 192 45 utgången
1711 2308 44 25 av
1775 2294 254 38 innevarande
