2253 2653
406 217 118 32 Andra
547 218 216 32 kammarens
791 217 122 43 tredje
940 220 167 41 tillfälliga
1136 222 139 30 utskotts
1302 221 170 32 utlåtande
1500 223 46 30 Nr
1577 225 22 28 1.
1797 224 19 29 Ö

228 300 98 34 1914
371 302 57 33 års
459 302 72 34 stat
561 304 98 32 ännu
689 304 116 33 större
840 302 67 35 och
938 302 45 36 då
1012 302 113 48 ingen
1154 302 155 51 höjning
1338 304 12 36 i
1379 304 329 50 förslagsanslaget
1736 306 12 37 i
1778 309 39 34 år

222 352 246 49 ifrågasättes,
499 354 67 36 har
594 367 86 24 man
715 355 215 49 antagligen
960 360 53 33 att
1045 357 138 37 såväl
1174 348 20 61 i
1213 361 40 33 år
1277 371 75 24 som
1383 363 106 33 nästa
1519 362 39 34 år
1585 360 118 37 räkna
1732 361 84 36 med

222 410 54 33 att
304 408 329 48 förslagsanslaget
660 409 187 49 betydligt
875 411 244 37 överskrides.

334 515 55 38 Av
433 530 51 24 nu
514 517 153 37 anförda
700 518 120 37 siffror
847 518 171 49 framgår,
1051 522 54 35 att
1133 521 243 37 statsverkets
1405 522 153 48 utgifter
1586 523 56 36 för
1665 523 150 50 tjänste-

223 569 86 38 brev
354 576 61 32 äro
459 573 204 35 avsevärda
697 574 68 35 och
794 574 131 36 stadda
961 574 12 36 i
1002 574 120 37 starkt
1150 575 183 46 stigande.
1390 577 133 36 Denna
1553 577 167 49 stegring
1748 579 68 36 har

224 628 64 42 ägt
327 638 92 32 rum,
467 627 118 35 ehuru
626 627 140 47 Kunogl.
811 627 109 48 Maj:t
962 629 295 48 uppenbarligen
1299 631 63 35 vid
1386 631 247 48 medgivande
1667 645 46 24 av
1741 645 74 37 nya

221 679 221 47 rättigheter
483 680 85 36 sökt
609 681 114 36 verka
753 682 252 36 återbållande
1041 685 45 46 på
1116 696 46 24 en
1191 685 276 36 framträdande
1496 687 150 46 stegrad
1674 686 140 50 böjelse

222 736 54 33 att
303 734 149 36 försöka
480 735 171 36 förvärva
680 735 57 47 sig
764 736 283 47 ifrågavarande
1076 738 188 47 rättighet.
1322 740 90 35 Man
1441 740 67 35 har
1535 741 170 47 tydligen
1731 741 85 37 sökt

221 789 251 46 upprätthålla
502 789 72 36 den
612 790 204 47 principen,
849 796 53 30 att
936 791 71 36 den
1038 791 164 37 sökande
1231 793 261 37 institutionen
1521 794 96 36 skall
1645 796 170 48 uppfylla

222 845 53 33 ett
317 842 144 48 statligt
503 844 89 35 eller
634 844 154 37 allmänt
830 845 171 36 ändamål
1043 845 58 37 till
1143 846 162 38 skillnad
1340 847 83 37 från
1456 848 238 38 kommunala
1723 850 92 37 eller

222 896 154 48 privata.
435 898 219 36 Skillnaden
697 899 135 36 mellan
875 900 151 47 statliga
1059 901 69 36 och
1157 902 238 36 kommunala
1424 904 172 36 ändamål
1625 909 39 31 är
1691 909 123 32 natur-

220 950 103 47 ligen
352 953 240 46 synnerligen
620 953 174 47 vansklig
823 957 54 33 att
904 954 193 44 fastställa,
1128 956 68 35 och
1225 969 86 23 man
1339 957 68 35 har
1433 957 84 37 icke
1537 959 118 35 heller
1673 958 143 37 försökt

222 1005 58 47 sig
322 1008 48 45 på
405 1009 124 44 någon
564 1019 124 24 annan
718 1007 232 48 uppdelning
979 1014 46 30 än
1055 1009 71 36 den
1156 1022 75 24 som
1262 1012 164 46 grundar
1455 1011 57 48 sig
1540 1015 58 42 på,
1629 1013 186 39 huruvida

222 1059 45 35 de
310 1060 99 35 olika
452 1061 221 36 ändamålen
714 1062 159 37 faktiskt
911 1063 57 36 för
1000 1065 231 35 närvarande
1265 1064 216 49 tillgodoses
1510 1078 133 36 genom
1673 1071 141 33 statens

221 1113 90 36 eller
339 1114 245 37 kommunens
614 1115 151 48 försorg.

325 1168 212 50 Belysande
566 1170 55 35 för
648 1170 141 46 Kungl.
821 1170 125 50 Maj:ts
977 1172 258 49 obenägenhet
1263 1176 54 34 att
1344 1174 190 37 utsträcka
1553 1175 261 50 tjänstebrevs-

219 1225 75 33 rätt
334 1223 58 37 till
426 1223 238 37 kommunala
692 1224 255 37 institutioner
975 1231 40 32 är
1043 1231 53 33 ett
1124 1239 45 24 av
1198 1228 139 48 Kungl.
1370 1228 107 49 Maj:t
1505 1231 40 34 år
1577 1232 100 34 1914
1705 1231 111 37 fattat

219 1276 133 37 beslut.
410 1278 102 36 Enär
553 1283 127 43 pastor
714 1284 40 31 är
787 1279 246 48 självskriven
1064 1281 219 37 ordförande
1311 1282 14 36 i
1353 1282 239 49 kyrkorådet,
1623 1289 89 39 äger
1740 1285 74 36 han

219 1330 13 36 i
276 1332 185 35 avseende
509 1335 20 33 å
572 1333 73 35 den
688 1333 134 36 honom
866 1333 13 36 i
908 1335 122 35 denna
1060 1336 189 47 egenskap
1279 1336 198 48 åliggande
1508 1338 307 48 skriftväxling
1795 1326 24 64 i

220 1384 282 38 skolväsendets
546 1387 314 47 angelägenheter
900 1387 170 49 begagna
1108 1390 57 47 sig
1200 1403 45 22 av
1275 1391 72 35 den
1376 1392 132 35 honom
1539 1395 120 33 såsom
1690 1398 125 43 pastor

217 1439 282 38 tillkommande
512 1440 382 49 tjänstebrevsrätten.
922 1443 150 37 Pastors
1086 1444 322 47 tjänstebrevsrätt
1423 1446 67 36 har
1503 1447 142 36 således
1660 1447 156 37 kommit

219 1498 54 32 att
301 1494 197 48 tillgodose
528 1498 53 34 ett
610 1496 231 37 kommunalt
870 1498 181 36 ändamål.
1101 1499 57 36 Då
1187 1504 125 42 pastor
1341 1500 165 37 däremot
1534 1500 83 38 icke
1647 1507 40 30 är
1707 1501 107 50 själv-

219 1548 151 36 skriven
399 1549 221 37 ordförande
649 1549 13 36 i
691 1551 45 35 de
764 1550 14 36 i
800 1550 97 37 vissa
926 1553 124 35 städer
1068 1552 301 37 förekommande
1390 1549 422 59 folkskolestyrelserna,

218 1602 47 36 ha
296 1603 134 36 dessa
414 1598 17 63 i
451 1604 102 36 detta
582 1605 184 35 avseende
796 1605 154 37 kommit
978 1607 13 35 i
1019 1619 46 23 en
1086 1619 202 36 ogynnsam
1312 1608 187 48 ställning.
1548 1610 59 36 En
1627 1613 45 44 på
1694 1611 122 45 grund

219 1657 114 35 härav
373 1657 106 49 gjord
520 1659 236 47 underdånig
789 1659 273 47 framställning
1095 1674 58 23 om
1182 1661 322 49 tjänstebrevsrätt
1532 1664 56 35 för
1616 1664 197 37 folkskole-

218 1711 155 48 styrelse
417 1711 85 37 blev
530 1712 127 45 likväl,
696 1714 114 35 sedan
852 1715 103 35 såväl
994 1715 265 37 statskontoret
1287 1728 76 24 som
1393 1718 422 50 generalpoststyrelsen

218 1766 170 47 avstyrkt
431 1767 225 43 densamma,
705 1780 46 23 av
793 1769 139 47 Kungl.
977 1769 107 49 Maj:t
1123 1772 253 46 nyssnämnda
1419 1774 40 33 år
1492 1774 188 44 avslagen.
1738 1773 75 36 An-

221 1819 145 36 märkas
423 1823 58 33 må
537 1821 217 45 emellertid,
800 1827 53 31 att
895 1826 142 44 pastors
1084 1823 314 48 självskrivenhet
1444 1838 76 24 som
1564 1827 250 37 skolrådsord-

218 1873 153 37 förande
409 1875 55 36 för
491 1877 232 35 närvarande
753 1881 40 31 är
821 1877 151 36 föremål
1001 1878 56 36 för
1084 1878 140 48 Kungl.
1255 1879 126 49 Maj:ts
1409 1880 332 47 uppmärksamhet
1767 1883 47 46 på

219 1929 121 45 grund
374 1941 46 22 av
452 1929 222 47 riksdagens
703 1930 181 36 skrivelse
912 1931 13 35 i
954 1932 101 35 detta
1085 1937 118 38 ämne,
1234 1934 68 34 och
1332 1938 54 31 att
1415 1937 53 32 ett
1496 1935 242 46 upphörande
1768 1949 47 22 av

220 1982 120 35 denna
371 1982 314 48 självskrivenhet
714 1984 121 35 skulle
865 1986 163 35 medföra
1057 1998 46 23 en
1131 1986 132 36 förlust
1292 1999 46 24 av
1365 1987 371 49 tjänstebrevsrätten
1758 1989 57 36 för

218 2035 453 39 skolrådsordförandena.

324 2091 135 35 Denna
489 2091 44 36 de
567 2091 237 37 kommunala
840 2093 328 48 myndigheternas
1201 2094 232 49 principiella
1466 2096 238 37 uteslutande
1732 2097 83 37 från

217 2143 323 48 tjänstebrevsrätt
580 2145 77 46 har,
704 2158 76 25 som
824 2152 93 31 även
962 2148 227 37 motionären
1232 2155 225 41 omnämner,
1488 2150 94 49 givit
1610 2151 205 49 anledning

216 2198 57 35 till
302 2199 223 46 föregående
553 2200 316 48 framställningar
896 2202 99 36 inom
1025 2203 212 45 riksdagen.

325 2253 45 35 Så
400 2254 132 35 väckte
589 2255 85 34 herr
715 2256 158 35 Persson
914 2256 13 35 i
957 2257 217 36 Stallerhult
1202 2260 41 33 år
1274 2260 100 33 1884
1405 2258 140 36 motion
1575 2271 55 24 om
1661 2259 151 48 tjänste-

216 2305 252 39 brevsrättens
508 2309 265 40 utsträckande
815 2309 57 37 till
915 2310 392 39 kommunalstämmas
1336 2313 69 36 och
1438 2312 375 41 kommunalnämnds

1853 523 141 28 Utskottet.
