2216 2628
744 143 273 30 Bankoutskottets
1040 141 165 32 utlåtande
1229 140 51 32 N»
1302 142 51 30 49.
1784 140 10 29 1

966 559 58 39 Nr
1053 559 62 38 49.

877 716 111 26 Ankom
1008 715 43 27 till
1073 715 168 35 riksdagens
1260 714 92 28 kansli
1374 715 53 27 den
1447 718 15 21 9
1482 715 54 36 maj
1558 715 67 26 1919
1645 715 36 26 kl.
1702 716 15 25 7
1739 715 15 26 £.
1775 725 33 16 m.

452 856 207 42 Utlåtande,
689 858 12 32 i
733 856 197 44 anledning
961 867 44 23 av
1031 856 258 45 fullmäktiges
1311 857 13 32 i
1342 856 343 45 riksgäldskontoret
1698 855 146 46 förslag

645 925 185 44 angående
858 924 370 45 Helgeandsholmens
1256 924 148 46 slutliga
1433 926 196 34 ordnande.

374 1079 17 37 I
422 1092 47 24 en
496 1080 58 36 till
582 1079 314 37 bankoutskottet
923 1079 125 46 ställd,
1078 1079 73 36 den
1185 1081 47 34 24
1255 1079 95 49 april
1372 1081 96 35 1919
1490 1079 239 49 dagtecknad
1749 1080 96 38 skri-

248 1133 99 36 velse
389 1132 99 37 hava
528 1131 241 50 fullmäktige
796 1132 13 36 i
836 1131 371 50 riksgäldskontoret
1235 1130 203 48 hemställt,
1467 1137 57 31 att
1550 1132 184 37 utskottet
1760 1133 87 36 ville

246 1184 134 37 föreslå
407 1183 210 49 riksdagen
644 1183 146 37 besluta
818 1188 54 31 att
900 1183 198 50 uppdraga
1126 1185 37 34 åt
1190 1182 240 49 fullmäktige
1458 1188 54 31 att
1543 1183 10 37 i
1572 1188 275 33 överensstäm-

247 1236 115 37 melse
392 1235 85 37 med
505 1235 47 37 de
581 1235 179 49 grunder,
788 1248 132 24 varom
949 1236 9 35 1
980 1234 262 49 fullmäktiges
1261 1234 183 38 skrivelse
1463 1240 174 32 närmare
1656 1236 190 48 förmäles,

246 1289 75 35 låta
361 1287 135 37 utreda
536 1288 136 47 frågan
710 1300 61 23 om
812 1286 392 49 Helgeandsholmens
1246 1286 153 50 slutliga
1442 1287 193 37 ordnande
1664 1294 98 30 samt
1789 1289 58 36 för

246 1339 103 36 detta
389 1338 175 37 ändamål
607 1338 109 37 ställa
757 1339 57 35 till
847 1338 260 48 fullmäktiges
1136 1337 228 49 förfogande
1392 1343 54 32 ett
1473 1338 300 50 förslagsanslag
1801 1353 46 23 av

249 1391 136 48 15,000
425 1390 140 37 kronor
598 1395 55 32 att
679 1392 93 46 utgå
800 1404 47 22 av
876 1389 341 49 förslagsanslaget
1244 1390 55 35 till
1327 1389 193 50 riksdags-
1549 1391 70 36 och
1646 1392 201 36 revisions-

246 1442 202 38 kostnader
476 1448 99 31 samt
603 1442 204 37 kostnader
835 1442 60 37 för
920 1442 226 48 riksdagens
1174 1441 82 37 hus.

377 1545 240 42 Fullmäktiges
639 1545 243 41 framställning
905 1549 38 28 är
966 1556 41 21 av
1031 1545 142 41 följande
1196 1545 138 41 lydelse:

381 1590 66 32 »På
480 1589 197 33 hemställan
710 1600 41 21 av
774 1589 252 33 statsutskottet
1049 1589 147 42 uppdrog
1218 1588 176 42 riksdagen
1417 1589 36 32 år
1478 1590 83 32 1906
1585 1591 36 31 åt
1643 1591 206 41 fullmäktige

247 1634 9 31 i
292 1632 321 42 riksgäldskontoret
646 1634 51 31 att
727 1632 53 33 för
802 1632 219 42 begränsning
1044 1643 42 22 av
1108 1632 129 43 platsen
1259 1632 138 33 framför
1419 1632 249 42 riksdagshuset
1689 1635 70 32 låta
1781 1636 69 31 mot

248 1677 145 33 Norrbro
417 1677 140 42 uppföra
579 1688 42 21 en
643 1676 127 33 barriär
793 1688 41 21 av
857 1678 73 31 sten
952 1676 75 33 med
1051 1676 213 42 erforderliga
1287 1676 181 43 öppningar
1483 1677 52 33 för
1549 1678 150 33 trafiken.
1745 1678 105 33 Sedan

247 1721 92 32 detta
373 1721 112 33 arbete
520 1721 122 32 utförts
676 1721 101 32 under
810 1731 185 22 sommaren
1031 1721 94 38 1907,
1158 1719 172 34 framhöllo
1354 1720 206 43 fullmäktige
1583 1722 11 32 i
1617 1722 159 33 skrivelse
1798 1722 52 33 till

248 1764 253 34 statsutskottet
522 1764 57 32 vid
605 1765 82 32 1908
710 1765 55 32 års
788 1764 144 42 riksdag,
957 1766 51 31 att
1031 1764 62 32 den
1115 1763 136 33 sålunda
1273 1764 162 42 uppförda
1456 1764 169 34 barriären
1647 1766 74 33 icke
1743 1767 107 32 kunde

248 1819 96 22 anses
377 1819 82 22 vara
491 1808 210 41 fullständigt
732 1808 161 39 avslutad,
927 1808 12 32 i
973 1808 55 32 det
1064 1809 60 38 att,
1151 1807 52 33 för
1225 1809 51 32 att
1298 1808 190 33 densamma
1509 1809 107 33 skulle
1638 1811 110 32 kunna
1769 1815 81 37 göra

247 1852 53 42 sig
332 1852 77 33 fullt
441 1852 152 42 gällande
627 1853 62 32 och
711 1852 104 33 verka
844 1852 156 33 estetiskt
1022 1851 193 40 tilltalande,
1239 1851 261 42 oundgängligen
1522 1853 94 33 torde
1638 1854 138 39 fordras,
1800 1856 51 31 att

248 1895 156 43 lämpliga
426 1896 187 43 prydnader
636 1898 171 41 uppsattes
830 1896 21 33 å
872 1896 40 33 de
927 1896 11 33 i
954 1896 190 33 densamma
1158 1895 159 42 ingående
1332 1896 75 42 fyra
1422 1897 210 42 stenpelarna
1647 1898 80 33 eller
1741 1898 109 43 piede-

248 1940 154 32 stalerna.
448 1939 65 33 För
547 1941 52 32 att
633 1940 124 33 erhålla
790 1940 125 41 förslag
935 1940 53 33 till
1011 1940 123 32 sådana
1155 1940 185 42 prydnader
1361 1940 85 33 hade
1468 1941 207 42 fullmäktige
1698 1944 81 31 vänt
1800 1942 51 42 sig

248 1983 52 33 till
330 1983 268 41 riksdagshusets
632 1984 148 33 arkitekt
813 1984 90 32 Aron
936 1984 197 38 Johansson,
1166 1983 111 34 vilken
1309 1984 12 32 i
1353 1983 146 42 enlighet
1530 1985 74 33 med
1626 1985 225 42 fullmäktiges

249 2027 147 42 uppdrag
432 2027 75 33 från
544 2027 90 33 olika
669 2028 197 32 konstnärer
904 2027 166 33 anskaffat
1107 2027 198 33 alternativa
1341 2027 126 42 förslag
1488 2028 52 33 till
1561 2030 141 32 nämnda
1724 2029 127 43 pelares

248 2071 196 42 dekorering
478 2071 156 42 antingen
660 2072 74 32 med
756 2083 99 21 urnor
878 2071 79 33 eller
980 2071 74 33 med
1076 2072 136 40 statyer.
1258 2071 220 42 Fullmäktige
1501 2072 196 41 förklarade,
1721 2075 52 32 att
1795 2084 56 22 en-

248 2115 63 41 ligt
332 2115 96 33 deras
450 2115 133 42 mening
605 2117 128 40 statyer
755 2116 83 41 ägde
860 2115 166 33 företräde
1049 2114 138 33 framför
1202 2126 100 22 urnor
1323 2115 60 33 och
1401 2116 145 33 uttalade
1562 2118 109 32 såsom
1686 2117 51 33 sin
1753 2117 97 40 åsikt,

250 2160 51 32 att
332 2169 118 31 .genom
482 2160 234 42 uppsättandet
745 2170 42 22 av
810 2159 125 34 vackra
956 2160 130 41 statyer
1107 2158 13 33 i
1141 2159 98 33 brons
1261 2160 20 32 å
1304 2159 97 33 dessa
1421 2160 112 42 pelare
1555 2160 185 35 barriärens
1762 2164 89 31 utse-

250 2202 79 34 ende
364 2203 106 32 skulle
507 2203 11 32 1
550 2203 68 42 hög
650 2203 81 43 grad
762 2203 99 33 vinna
884 2204 62 33 och
969 2204 105 32 denna
1097 2203 180 42 anordning
1298 2204 170 32 verksamt
1490 2204 137 42 bidraga
1649 2205 52 33 till
1722 2206 128 33 förskö-

249 2247 104 33 nande
387 2258 43 22 av
462 2246 131 43 platsen
625 2247 138 34 framför
796 2247 259 43 riksdagshuset.
1101 2247 47 33 På
1177 2247 104 42 grund
1303 2247 104 34 härav
1428 2247 195 35 hemställde
1645 2249 206 44 fullmäktige

293 2299 129 43 Bihang
446 2300 48 32 till
517 2300 188 42 riksdagens
723 2301 158 41 protokoll
904 2301 95 32 1919.
1047 2303 21 27 8
1091 2300 90 32 saml.
1205 2301 43 32 34
1270 2300 80 41 häft.
1372 2302 67 40 (Nr
1462 2302 65 38 49).
1791 2305 13 30 1

1886 1550 175 32 Fullmäktige

1886 1585 10 23 i
1913 1584 143 33 viksgälds-

1908 1620 126 24 kontoret.
