2218 2624
747 146 274 31 Bankoutskottets
1045 145 161 31 utlåtande
1233 144 49 31 Nr
1306 144 51 32 49.
1795 142 16 29 7

252 227 124 40 ningar.
422 225 335 42 Helgeandsholmens
791 222 309 44 byggnadshistoria
1134 223 60 31 har
1228 227 84 27 ännu
1346 221 81 31 flera
1461 220 147 41 exempel
1634 224 42 27 än
1700 220 39 31 de
1764 229 93 30 nyss-

253 270 139 32 nämnda
415 270 50 41 på,
491 270 81 31 huru
597 280 74 21 man
694 269 75 31 bäst
792 268 113 32 trodde
928 268 51 40 sig
1002 268 87 30 finna
1112 266 104 32 denna
1240 264 218 42 fördjupning.
1506 264 90 31 Utan
1620 265 51 30 att
1694 263 61 31 här
1777 262 81 32 söka

254 318 131 36 avgöra,
418 313 104 32 vilket
558 324 40 21 av
633 314 38 30 de
707 313 119 39 många
851 311 122 41 förslag
997 310 51 32 till
1071 311 103 31 denna
1198 309 113 40 frågas
1333 307 131 40 lösning
1486 307 76 32 bäst
1585 306 191 41 tillgodoser
1799 306 59 31 den

254 358 157 31 estetiska
434 358 152 31 smakens
611 356 183 39 fordringar
819 375 38 2 —
871 356 59 40 jag
952 355 53 30 får
1027 353 115 33 härvid
1166 353 137 31 hänvisa
1326 351 50 32 till
1400 350 77 32 mitt
1500 351 226 31 ovannämnda
1750 349 110 32 arbete

254 412 51 21 om
329 401 318 41 Helgeandsholmen
671 419 39 2 —
736 399 92 31 torde
852 400 36 30 så
912 398 135 41 mycket
1069 408 79 20 vara
1173 396 90 35 visst,
1289 397 51 30 att
1363 395 122 31 tanken
1510 395 42 40 på
1576 393 226 41 uppställande
1819 403 41 21 av

254 447 126 39 statyer
408 446 20 29 å
449 445 38 30 de
514 444 72 40 fyra
609 442 239 42 piedestalerna
872 446 36 27 är
931 441 76 32 fullt
1030 438 342 34 överensstämmande
1395 437 73 31 med
1492 438 61 30 den
1577 436 196 37 klassicism,
1791 446 69 21 som

256 499 71 21 man
362 488 61 31 har
457 489 68 30 rätt
560 488 50 30 att
644 486 111 31 fordra
790 485 137 31 framför
960 484 208 32 Stockholms
1202 483 90 31 slott.
1339 480 176 32 Barriären
1550 480 119 31 verkar
1693 480 73 30 med
1789 479 68 31 sina

256 534 122 29 tomma
405 530 195 43 piedestaler
623 529 193 40 visserligen
839 528 86 32 flack
949 528 60 31 och
1035 527 93 41 ytlig.
1153 537 73 20 men
1250 526 95 31 dessa
1369 529 56 27 äro
1450 523 84 32 dock
1557 522 197 40 tillräckligt
1776 522 85 40 höga

258 576 47 32 för
339 577 50 30 att
424 574 99 32 redan
557 585 43 20 nu
632 573 54 31 vid
721 583 39 21 en
794 572 88 31 blick
914 573 42 40 på
991 570 247 41 slottsportalen
1273 569 72 31 från
1377 578 40 21 en
1440 567 87 41 plats
1551 568 100 39 något
1674 568 112 29 väster
1810 576 50 20 om

255 619 119 33 Gustaf
396 618 228 40 Adolfsstatyn
647 617 77 41 giva
747 627 40 21 en
810 616 96 31 säker
929 614 228 39 föreställning
1181 624 50 20 om
1256 612 61 32 den
1340 610 210 42 fördjupning
1574 621 41 21 av
1638 608 225 43 perspektivet

255 664 42 42 på
319 664 132 32 slottets
474 661 194 32 huvudaxel.
694 671 69 21 som
789 661 103 30 måste
915 659 139 37 inträda,
1080 657 98 33 sedan
1201 658 128 39 statyer
1353 654 185 42 uppställts.
1585 654 64 31 Det
1671 654 93 31 torde
1788 653 73 31 där-

256 708 53 31 vid
332 707 138 40 framgå,
497 708 49 29 att
570 707 172 39 statyerna
765 704 78 31 böra
867 714 81 21 vara
971 703 37 31 så
1026 702 95 41 höga,
1139 712 68 21 som
1226 699 241 43 piedestalerna
1482 697 161 41 medgiva,
1661 697 98 32 alltså
1776 696 86 32 helst

256 752 132 31 stående
411 751 129 40 figurer,
566 749 59 32 och
651 750 50 30 att
724 746 195 41 dekorering
941 747 74 31 med
1041 746 76 40 låga
1133 744 197 41 allegoriska
1346 745 128 38 statyer
1490 742 79 31 eller
1587 752 95 21 urnor
1699 741 161 40 knappast

257 795 90 31 torde
377 795 108 31 kunna
508 793 88 31 bilda
619 803 39 20 en
682 791 195 41 tillräckligt
901 791 152 31 verksam
1078 787 282 41 avslutningslinje
1383 790 70 28 mot
1476 787 120 30 väster.
1630 784 172 32 Huruvida
1824 784 37 31 de

259 839 71 40 fyra
363 840 171 37 statyerna
568 836 104 31 skulle
704 835 173 31 dubbleras
911 844 117 30 genom
1052 832 194 41 ytterligare
1271 831 75 31 mitt
1369 831 89 30 emot
1480 829 173 41 placerade
1677 829 128 38 statyer
1829 828 33 30 åt

257 880 408 42 Strömparterrbarriären
688 878 60 32 till.
773 879 54 30 må
851 878 59 30 här
932 877 128 31 lämnas
1083 876 133 31 därhän.
1262 874 65 40 Jag
1350 873 92 40 nöjer
1465 872 68 40 mig
1555 872 73 31 med
1653 873 51 30 att
1726 870 136 32 hänvisa

258 925 49 33 till
330 925 55 32 det
407 923 164 33 klassiska
596 923 226 31 bromönstret.
848 921 61 31 den
932 920 74 31 med
1030 921 126 39 statyer
1179 920 19 30 å
1222 923 89 26 ömse
1335 917 87 31 sidor
1445 915 198 32 dekorerade
1662 914 202 35 Aeliusbron,

259 969 155 32 vertikalt
437 967 132 32 inställd
594 969 68 29 mot
686 966 64 32 San
776 965 141 41 Angelos
940 964 84 40 borg
1046 963 11 31 i
1081 963 92 32 Rom.

388 1013 14 31 I
426 1012 91 32 detta
541 1010 236 41 sammanhang
800 1010 91 31 torde
916 1007 201 41 riktigheten
1141 1017 41 21 av
1208 1005 61 32 den
1293 1003 216 40 anmärkning
1532 1001 238 35 tillbakavisas,
1795 1011 67 21 som

259 1057 87 32 velat
368 1062 81 35 göra
472 1055 159 41 gällande.
657 1056 50 30 att
731 1054 117 41 planen
871 1053 50 32 för
945 1051 240 33 stenbarriären
1208 1059 78 22 vore
1302 1048 124 32 mindre
1442 1047 129 41 lyckad.
1616 1044 250 43 Anläggningen

259 1102 71 31 med
354 1100 181 40 insvängda
558 1099 118 41 flyglar
692 1098 112 32 tillhör
820 1098 60 31 den
896 1095 241 33 klassicistiska
1154 1093 238 42 anläggningen
1408 1092 59 31 och
1485 1091 60 31 har
1561 1090 50 32 sin
1627 1089 237 41 motsvarighet

260 1146 97 31 redan
381 1145 11 31 i
415 1145 38 31 de
489 1143 83 32 båda
594 1142 182 32 halvrunda
798 1141 162 41 flyglarna
983 1141 19 30 å
1025 1141 113 30 västra
1173 1137 231 41 slottsgården.
1432 1134 247 33 Sterbarriären
1702 1132 168 43 påminner

259 1189 51 32 för
344 1188 109 40 övrigt
487 1198 51 21 om
569 1197 40 21 en
633 1187 41 41 på
693 1186 71 41 just
786 1195 125 22 samma
935 1183 96 33 ställe
1055 1182 137 42 uppförd
1215 1178 356 45 paviljongarkitektur
1593 1177 11 32 i
1628 1177 114 32 fransk
1768 1177 98 31 1700-

259 1233 64 32 tals
356 1231 196 36 klassicism,
587 1230 111 32 vilken
733 1228 199 42 anläggning
965 1227 136 32 nedrevs
1124 1226 10 31 i
1158 1226 115 41 början
1297 1235 41 21 av
1366 1222 183 33 1800-talet
1573 1221 66 41 (Jfr.
1664 1220 202 41 Helgeands-

259 1277 130 32 holmen
412 1276 39 38 II,
477 1286 24 21 s.
528 1274 64 41 25).

391 1318 246 33 Stenbarriären
670 1317 61 31 har
765 1316 126 31 således
926 1314 83 32 både
1044 1312 157 33 historisk
1236 1311 61 32 och
1323 1309 138 33 estetisk
1485 1308 155 41 giltighet
1663 1319 42 20 av
1729 1307 60 32 den
1811 1307 56 31 be-

260 1363 135 42 tydelse,
432 1364 50 30 att
518 1362 61 31 den
607 1361 99 31 redan
728 1371 43 20 nu
795 1359 60 32 och
878 1359 43 41 på
943 1357 139 32 förhand
1105 1357 64 31 kan
1192 1360 80 36 göra
1296 1353 142 42 anspråk
1460 1354 43 40 på
1527 1353 51 31 att
1600 1352 182 31 bestämma
1805 1350 61 31 den

260 1408 76 41 plan
368 1407 50 31 för
452 1404 336 42 Helgeandsholmens
812 1402 163 33 ordnande
999 1400 10 32 i
1033 1402 49 31 ett
1105 1399 245 39 sammanhang,
1375 1407 70 22 som
1468 1396 176 40 riksdagen
1668 1405 95 21 anser
1786 1404 80 21 vara

262 1451 172 33 önskvärd.
480 1450 76 31 Men
579 1450 137 40 greppet
739 1448 42 41 på
804 1447 92 31 detta
915 1444 226 41 konstnärliga
1157 1443 144 42 problem
1317 1442 60 31 har
1394 1443 79 29 utan
1489 1439 102 33 tvivel
1607 1438 95 32 blivit
1718 1437 146 41 oriktigt.

261 1496 76 31 Man
371 1495 60 31 har
464 1494 114 40 glömt,
604 1495 50 30 att
677 1491 181 33 konstverk
881 1491 42 40 på
946 1488 319 41 Helgeandsholmen
1287 1485 74 33 icke
1384 1484 150 40 betingas
1558 1494 41 21 av
1622 1482 51 41 sig
1696 1482 106 41 själva
1827 1501 37 4 —

262 1541 79 30 utan
363 1550 42 20 av
428 1537 207 32 stadsbilden.
661 1536 61 32 och
746 1546 75 21 man
844 1534 60 32 har
928 1538 84 27 ännu
1036 1532 123 32 mindre
1180 1531 110 37 insett,
1308 1531 50 30 att
1375 1529 104 31 denna
1494 1526 159 33 stadsbild
1670 1526 195 32 bestämmes

263 1582 235 41 övervägande,
533 1581 52 32 för
619 1582 51 30 att
696 1579 73 32 icke
793 1583 79 35 säga
896 1576 215 39 uteslutande,
1136 1586 41 21 av
1200 1575 124 31 slottet.
1371 1573 77 31 Man
1470 1571 61 32 har
1554 1572 74 39 gått
1651 1572 36 29 ut
1709 1569 74 32 från
1805 1569 61 32 den

262 1625 276 41 föreställningen,
564 1626 50 30 att
637 1625 49 31 ett
708 1621 218 34 kvantitativt
949 1623 105 29 större
1077 1619 180 32 konstverk
1280 1618 207 35 bestämmer,
1503 1615 83 31 huru
1610 1614 39 32 de
1666 1614 70 31 små
1751 1613 114 31 konst-

264 1671 120 32 verken
408 1670 93 32 skola
522 1668 54 38 bli,
601 1668 101 32 under
724 1667 56 31 det
803 1668 50 30 att
876 1667 89 30 rätta
992 1663 217 33 förhållandet
1232 1663 145 31 tvärtom
1401 1664 36 27 är
1460 1660 64 32 det,
1550 1660 50 30 att
1616 1658 61 32 den
1695 1668 41 21 av
1752 1657 115 31 slottet

264 1714 204 33 dominerade
493 1711 200 34 stadsbilden
717 1715 112 36 avgör,
854 1720 52 21 om
930 1713 84 27 även
1038 1708 54 31 det
1115 1709 105 30 större
1243 1704 218 33 konstverket
1484 1701 284 40 överhuvudtaget
1783 1700 85 32 skall

263 1759 132 32 komma
429 1757 59 32 till.
535 1757 114 31 Denna
672 1755 96 40 fråga
791 1754 121 32 saknar
935 1752 73 32 icke
1031 1751 102 32 heller
1156 1750 49 32 sin
1228 1748 181 33 historiska
1432 1746 181 42 belysning.
1660 1745 42 32 Så
1726 1744 142 40 föreslog

264 1802 195 32 Adelcrantz
488 1801 78 32 1791
593 1810 40 22 en
656 1800 91 40 staty
772 1809 40 21 av
836 1797 125 32 Gustav
985 1796 46 31 III
1056 1796 19 31 å
1098 1805 39 22 en
1160 1792 193 34 halvrundel
1377 1792 88 32 öster
1489 1801 52 21 om
1559 1789 309 41 Norrbropassagen

265 1846 67 33 dels
356 1856 121 27 ensam,
502 1844 69 32 dels
594 1843 73 33 med
691 1853 40 22 en
753 1842 115 32 fontän
890 1840 76 32 mitt
990 1841 88 30 emot
1100 1838 62 33 och
1185 1839 112 30 väster
1320 1846 53 21 om
1397 1834 140 32 nämnda
1560 1843 149 32 passage.

395 1888 207 34 Beträffande
624 1887 116 40 frågan
764 1897 52 21 om
840 1885 55 32 det
917 1884 89 40 slags
1029 1885 136 39 statyer,
1190 1892 69 21 som
1283 1879 104 33 skulle
1411 1878 181 42 uppställas
1614 1878 19 30 å
1649 1875 217 42 stenpelarna,

265 1934 92 32 torde
380 1934 61 31 den
465 1933 162 31 allmänna
651 1930 172 41 meningen
846 1928 185 40 säkerligen
1054 1926 72 33 med
1149 1924 168 34 förkärlek
1341 1922 139 33 omfatta
1504 1922 61 32 den
1588 1921 86 32 inom
1694 1919 173 40 riksdagen

266 1978 145 32 uttalade
446 1977 133 33 önskan,
614 1977 50 30 att
698 1974 55 32 det
776 1973 97 33 borde
896 1971 45 33 bli
964 1973 128 39 statyer
1115 1981 42 21 av
1179 1968 178 33 historiska
1379 1976 165 33 personer.
1590 1965 65 40 Jag
1677 1964 60 31 har
1759 1962 11 32 i
1793 1962 77 32 mitt

267 2022 110 32 arbete
402 2021 52 41 (II,
479 2031 25 21 s.
531 2019 75 42 270)
621 2017 171 42 föreslagit
814 2018 128 39 statyer
965 2026 42 21 av
1028 2015 81 32 Klas
1132 2012 156 41 Fleming,
1312 2010 202 33 Nikodemus
1537 2008 114 32 Tessin
1674 2008 29 31 d.
1729 2017 42 31 y.,
1787 2006 82 32 Karl

266 2065 136 33 Fredrik
424 2064 197 33 Adelcrantz
645 2062 62 33 och
730 2061 80 32 Erik
833 2059 190 39 Palmstedt,
1047 2058 107 32 vilkas
1177 2057 80 40 drag
1280 2060 57 28 äro
1361 2054 108 32 kända
1485 2053 74 32 från
1574 2050 198 41 förträffliga
1787 2049 80 33 mål-

266 2109 115 42 ningar
405 2108 60 33 och
489 2108 197 41 skulpturer.

396 2153 101 32 Detta
526 2151 125 41 förslag
672 2150 94 32 torde
790 2148 84 33 först
896 2147 62 33 och
981 2146 119 32 främst
1122 2155 37 21 ur
1181 2141 248 35 lokalhistorisk
1452 2140 166 42 'synpunkt
1640 2139 46 32 ha
1711 2137 64 32 alla
1797 2136 74 33 skäl

267 2197 51 33 för
351 2197 60 42 sig.
457 2196 65 32 Det
556 2200 36 28 är
624 2204 69 23 mer
727 2198 41 27 än
801 2189 236 42 märkvärdigt,
1072 2190 50 31 att
1153 2187 207 34 Stockholms
1382 2186 106 32 första
1511 2184 61 33 och
1595 2182 128 33 kanske
1747 2182 124 31 största

268 2240 282 39 överståthållare,
574 2239 61 33 den
657 2237 146 42 frejdade
826 2235 176 44 sjöhjälten
1024 2234 80 32 Klas
1127 2231 156 42 Fleming,
1304 2235 86 28 ännu
1407 2229 120 33 saknar
1543 2227 49 33 sin
1608 2228 94 39 staty
1719 2225 10 32 i
1744 2224 126 33 huvud-
