1874 2852
272 158 20 29 4
744 158 259 29 Statsutskottets
1025 158 164 30 utlåtande
1212 169 38 18 nr
1277 164 47 26 83.

278 244 251 38 nadsstyrelsen
555 244 80 32 eller
658 243 95 39 eljest
774 264 45 3 —
843 245 127 32 erhålla
993 245 186 33 kännedom
1202 246 124 39 härom,
1351 246 66 32 kan
1443 247 53 32 det
1521 248 186 38 förväntas,
1734 252 50 29 att

279 287 205 37 smågatsten
503 286 90 32 skall
613 286 153 32 alltmera
784 287 103 32 vinna
906 287 216 38 användning
1143 288 108 32 såsom
1271 288 318 38 beläggningsämne
1611 290 53 32 för
1686 294 98 34 gator

278 329 61 31 och
361 333 115 33 vägar.
522 328 198 33 Emellertid
744 329 92 32 torde
863 329 203 38 försäljning
1089 330 113 32 kunna
1226 330 57 32 ske
1308 331 117 31 endast
1449 332 218 37 småningom.
1715 332 67 33 En-

277 370 65 38 ligt
366 371 75 31 från
464 375 80 33 väg-
568 371 60 32 och
649 371 462 39 vattenbyggnadsstyrelsen
1135 372 189 32 inhämtade
1349 372 248 39 upplysningar
1620 374 62 32 har
1706 375 76 32 från

278 417 126 29 statens
427 414 112 32 förråd
561 414 122 32 hittills
707 414 176 32 levererats
907 415 114 31 endast
1044 419 47 28 ett
1113 415 126 31 mindre
1262 417 90 36 parti
1376 428 40 19 av
1441 416 152 38 omkring
1616 417 63 31 200
1702 417 79 32 kva-

277 456 179 32 dratmeter
475 457 203 37 smågatsten
705 455 281 40 (provleverans).
1029 456 249 39 Beställningar
1298 458 87 32 hava
1404 458 183 32 emellertid
1608 459 174 32 inkommit

272 498 21 31 å
312 497 153 38 omkring
486 498 141 37 150,000
646 497 248 32 kvadratmeter
913 499 205 37 smågatsten
1137 499 59 32 och
1216 500 62 31 500
1296 499 250 33 kvadratmeter
1565 504 214 36 storgatsten,

271 539 166 38 varjämte
459 540 54 31 för
533 543 49 29 ett
603 540 84 32 visst
707 540 203 38 vägföretag
931 544 202 29 reserverats
1155 541 117 38 16,000
1294 540 248 34 kvadratmeter
1563 544 219 37 smågatsten.

276 581 174 39 Därjämte
467 583 165 37 uppgives
650 583 203 37 försäljning
871 583 113 32 kunna
998 583 169 39 påräknas
1186 596 41 20 av
1244 584 153 38 omkring
1415 586 138 37 140,000
1571 586 210 32 kvadratme-

277 628 51 28 ter
346 625 205 37 smågatsten
569 625 54 31 till
642 637 39 19 en
701 625 50 32 del
771 625 121 39 städer,
912 626 111 31 därest
1044 626 97 31 dessa
1158 626 128 32 erhålla
1305 627 167 32 särskilda
1489 627 122 39 bidrag
1630 640 42 20 av
1690 632 92 29 auto-

276 667 320 33 mobilskattemedel
614 668 52 31 för
682 668 223 38 stensättning
921 681 41 20 av
978 672 95 34 gator
1090 669 58 31 och
1164 674 114 33 vägar.
1307 669 207 39 Ytterligare
1530 670 86 34 hava
1636 671 145 38 förfråg-

277 709 122 37 ningar
420 709 57 32 hos
499 714 81 33 väg-
605 710 59 31 och
685 709 463 39 vattenbyggnadsstyrelsen
1171 711 106 37 gjorts
1302 712 137 31 rörande
1463 711 155 39 omkring
1641 713 141 38 220,000

275 750 249 33 kvadratmeter
546 752 216 37 smågatsten.
808 752 51 32 De
884 764 44 20 nu
951 753 146 37 angivna
1120 752 248 33 kvantiteterna
1392 757 169 29 motsvara
1585 766 39 20 en
1648 755 133 38 försälj-

275 793 230 37 ningssumma
527 805 43 20 av
593 795 172 37 1,800,000
788 797 19 29 å
831 795 171 37 1,900,000
1025 794 132 34 kronor.
1201 796 18 31 I
1242 795 96 32 dessa
1361 795 204 33 kvantiteter
1587 797 62 31 har
1670 797 111 32 inräk-

274 838 76 29 nats
372 847 38 20 en
432 835 205 39 beställning
657 848 42 19 av
722 837 139 37 100,000
883 836 249 32 kvadratmeter
1155 838 216 37 smågatsten,
1394 849 67 21 som
1484 838 107 37 gjorts
1614 850 42 20 av
1679 838 102 39 Djur-

276 877 360 37 gårdskommissionen
657 878 52 32 för
729 878 150 32 leverans
899 879 104 32 under
1024 879 113 38 loppet
1156 891 41 20 av
1216 879 99 38 högst
1336 881 39 31 10
1397 881 37 31 år
1453 881 73 32 med
1546 879 108 34 likvid
1673 882 12 31 i
1704 882 78 31 mån

276 930 42 21 av
338 919 160 33 leverans.
541 920 191 32 Härutöver
752 925 37 27 är
809 920 183 33 emellertid
1012 920 268 40 kommissionen,
1301 922 106 37 enligt
1425 922 65 32 vad
1512 922 78 33 från
1613 922 73 33 dess
1709 923 73 32 sida

275 961 105 32 under
405 961 88 33 hand
518 962 193 38 meddelats,
737 962 12 32 i
775 962 105 32 behov
906 974 41 20 av
972 963 155 37 omkring
1154 964 117 37 50,000
1298 963 250 33 kvadratmeter
1574 965 207 37 smågatsten

275 1007 88 28 samt
384 1003 93 33 cirka
500 1004 118 38 60,000
641 1004 159 38 löpmeter
825 1004 198 38 specialsten
1051 1003 184 40 (kantsten,
1260 1006 310 32 rännstensbottnar
1594 1007 59 32 och
1677 1007 103 37 gång-

276 1049 72 28 sten
368 1046 53 31 för
436 1044 228 40 gångbanor),
681 1046 93 32 vilka
791 1047 128 37 partier
936 1047 185 32 emellertid
1138 1048 91 31 torde
1246 1047 133 33 komma
1397 1051 49 28 att
1464 1048 170 33 erfordras
1654 1060 126 21 succes-

275 1087 68 32 sivt
369 1088 104 31 under
499 1092 49 28 ett
574 1088 94 32 antal
695 1089 46 31 år.
792 1087 109 39 Dylik
928 1089 199 38 specialsten
1154 1089 98 38 ingår
1278 1090 73 31 icke
1378 1091 12 30 i
1419 1091 61 31 den
1508 1090 124 33 hittills
1661 1091 120 38 gjorda

276 1130 329 39 statsbeställningen
630 1143 70 20 men
725 1132 90 31 torde
839 1132 56 31 vid
919 1144 37 20 en
966 1132 154 43 fortsatt
1146 1132 201 38 beställning
1371 1133 180 38 lämpligen
1575 1133 113 33 kunna
1713 1133 67 33 till-

273 1172 120 32 verkas
416 1172 53 32 för
487 1172 275 33 kommissionens
784 1173 154 38 räkning.
958 1174 97 31 Även
1078 1185 50 20 om
1150 1186 75 20 man
1247 1174 107 32 skulle
1376 1176 81 36 utgå
1479 1175 78 31 från
1579 1179 50 28 att
1649 1175 131 38 ytterli-

274 1224 80 26 gare
373 1214 99 39 inköp
494 1226 42 20 av
557 1218 71 28 sten
649 1215 76 31 från
746 1219 126 28 statens
895 1216 123 38 förråd,
1039 1219 117 28 utöver
1177 1216 70 32 dem
1270 1228 67 20 som
1358 1217 105 37 enligt
1483 1218 65 31 vad
1568 1217 61 32 här
1649 1217 130 33 anförts

275 1256 54 32 för
345 1257 207 31 närvarande
571 1261 57 28 äro
645 1257 117 38 gjorda
780 1256 80 32 eller
877 1257 216 39 ifrågasatta,
1111 1258 114 32 kunna
1243 1258 173 33 förväntas
1434 1259 105 32 under
1557 1259 223 33 innevarande

275 1298 60 32 och
362 1298 275 32 nästkommande
664 1298 173 39 budgetår,
866 1299 68 32 kan
962 1311 76 20 man
1066 1300 74 32 med
1168 1301 226 37 nyssnämnda
1423 1301 120 32 siffror
1573 1302 54 31 för
1656 1307 123 33 ögonen

272 1339 205 39 konstatera,
502 1344 52 28 att
578 1340 328 38 försäljningsmedel
931 1341 132 32 komma
1088 1344 50 29 att
1161 1342 128 38 inflyta
1313 1343 12 31 i
1351 1344 36 30 så
1410 1355 78 26 pass
1515 1343 153 38 långsam
1693 1344 86 38 takt,

274 1385 51 29 att
349 1394 39 20 en
415 1382 140 32 fortsatt
580 1382 292 39 statsbeställning
896 1395 42 20 av
962 1386 134 35 gatsten
1123 1384 74 32 med
1222 1384 169 32 anlitande
1417 1385 144 33 allenast
1586 1398 42 20 av
1654 1386 126 32 sådana

273 1424 106 32 medel
396 1425 85 31 efter
499 1424 47 32 all
566 1425 211 32 sannolikhet
795 1424 109 33 skulle
920 1425 133 32 komma
1072 1429 51 28 att
1141 1426 37 32 få
1197 1438 39 19 en
1255 1429 156 29 avsevärt
1428 1427 126 32 mindre
1574 1428 206 38 omfattning

274 1471 41 28 än
337 1467 60 31 den
418 1467 121 32 hittills
560 1467 206 33 verkställda
786 1468 252 38 beställningen.
1072 1468 116 32 Redan
1212 1481 40 20 av
1275 1470 104 32 denna
1403 1470 178 38 anledning
1604 1482 97 26 synes
1726 1471 54 32 det

272 1509 207 37 nödvändigt
494 1512 51 29 att
562 1509 54 32 för
632 1521 38 20 en
687 1521 46 26 ny
749 1509 292 39 statsbeställning
1056 1510 121 32 bereda
1193 1509 199 40 ytterligare
1408 1512 115 32 medel.
1544 1512 129 32 Härtill
1689 1513 89 31 kom-

272 1562 80 27 mer,
369 1554 51 29 att
436 1552 54 31 det
506 1551 74 32 med
599 1551 129 38 hänsyn
745 1551 53 32 till
817 1552 55 32 det
890 1552 191 32 nuvarande
1098 1552 331 39 arbetslöshetsläget
1447 1554 59 32 och
1523 1554 255 33 kommunernas

272 1592 186 38 beträngda
482 1592 163 39 ställning
667 1592 170 39 knappast
859 1593 67 32 kan
950 1605 95 21 anses
1069 1594 185 38 tillrådligt
1276 1599 51 28 att
1349 1595 70 33 låta
1444 1597 97 31 anstå
1565 1597 73 32 med
1661 1597 118 37 igång-

273 1636 154 31 sättande
447 1647 41 20 av
508 1647 40 20 en
569 1647 47 27 ny
636 1635 203 39 beställning
860 1636 86 32 ända
965 1636 54 32 till
1039 1637 116 31 hösten
1177 1638 95 31 1932.
1316 1637 174 33 Fastmera
1514 1650 99 26 synes
1635 1639 55 32 det
1710 1639 70 38 mig

273 1677 251 39 ofrånkomligt,
552 1680 52 30 att
627 1677 137 33 tillfälle
788 1678 134 32 beredes
945 1678 54 32 till
1024 1690 38 20 en
1088 1679 186 32 omedelbar
1300 1679 222 39 fortsättning
1546 1682 43 37 på
1614 1681 38 32 de
1677 1693 101 21 nuva-

273 1719 101 32 rande
397 1720 166 37 arbetena,
588 1724 78 27 enär
691 1720 117 32 endast
830 1721 43 37 på
897 1720 91 32 detta
1008 1724 71 28 sätt
1101 1733 39 19 en
1163 1721 204 38 tillräckligt
1389 1722 146 33 effektiv
1559 1723 93 38 hjälp
1676 1723 104 32 under

273 1761 61 32 den
359 1766 166 27 närmaste
550 1762 91 31 tiden
666 1763 92 31 torde
781 1762 114 32 kunna
920 1763 136 32 beredas
1084 1764 60 31 den
1170 1763 53 32 till
1249 1764 258 32 stenindustrien
1532 1765 129 32 knutna
1688 1766 90 31 arbe-

272 1807 227 29 tarstammen.
546 1804 177 38 Möjlighet
745 1805 92 32 torde
862 1805 115 31 därför
1000 1805 79 32 böra
1102 1805 108 32 hållas
1234 1810 104 34 öppen
1363 1810 50 28 att
1435 1826 45 3 —
1502 1806 181 33 eventuellt
1705 1808 74 31 med

272 1846 103 37 något
396 1846 132 32 avbrott
549 1846 82 32 eller
651 1847 107 37 någon
782 1847 193 38 minskning
998 1847 11 31 i
1032 1847 304 39 arbetsstyrkorna,
1359 1850 44 36 på
1423 1849 92 31 vissa
1538 1849 241 38 arbetsplatser

271 1887 81 32 eller
373 1893 75 27 över
469 1888 75 32 hela
566 1888 113 38 linjen,
699 1889 104 31 under
824 1889 38 32 de
884 1890 72 31 med
976 1889 131 38 hänsyn
1128 1889 54 32 till
1204 1890 60 31 den
1287 1890 168 32 allmänna
1478 1891 300 38 arbetstillgången

271 1934 273 33 gynnsammaste
567 1931 201 31 månaderna
786 1951 45 3 —
852 1931 136 32 bedriva
1011 1932 140 32 fortsatt
1172 1932 111 32 arbete
1305 1933 72 32 med
1399 1933 220 38 tillverkning
1641 1945 41 20 av
1705 1937 72 34 gat-

272 1975 72 29 sten
368 1972 53 32 för
444 1976 127 28 statens
597 1972 144 38 räkning
762 1973 105 32 under
890 1974 187 32 återstoden
1101 1986 43 20 av
1167 1975 37 31 år
1229 1975 82 32 1932
1337 1975 60 31 och
1419 1975 33 31 in
1474 1976 45 37 på
1543 1976 38 31 år
1605 1976 95 38 1933,
1725 1976 54 32 för

272 2014 61 31 den
356 2014 155 32 händelse
535 2014 74 33 icke
633 2015 233 32 dessförinnan
890 2015 107 32 skulle
1020 2016 135 32 inträda
1178 2028 39 20 en
1241 2017 162 32 avsevärd
1427 2017 206 39 förbättring
1656 2018 12 31 i
1693 2020 84 30 sten-

271 2056 204 32 industriens
493 2057 193 31 nuvarande
705 2057 85 37 läge.

314 2124 89 32 Från
425 2124 139 33 sålunda
587 2125 143 38 angivna
749 2126 290 38 utgångspunkter
1060 2126 60 32 har
1142 2127 358 37 departementschefen
1523 2128 178 38 tillstyrkt,
1725 2130 49 30 att

271 2173 55 33 för
349 2185 67 27 nya
440 2174 331 38 statsbeställningar
794 2186 43 20 av
862 2178 132 34 gatsten
1020 2187 105 27 avses,
1152 2179 115 28 utöver
1293 2176 37 32 de
1356 2177 113 39 medel,
1496 2188 69 21 som
1590 2177 115 32 kunna
1728 2177 48 31 in-

271 2223 92 39 flyta
381 2224 56 32 vid
457 2224 204 39 försäljning
680 2225 75 32 från
775 2237 45 19 nu
839 2225 181 38 befintliga
1039 2226 124 38 förråd,
1184 2229 48 28 ett
1250 2226 118 39 belopp
1390 2239 41 20 av
1450 2228 175 37 4,000,000
1644 2227 133 32 kronor.

315 2274 67 32 För
412 2275 58 31 den
503 2275 161 32 fortsatta
695 2275 253 32 verksamheten
978 2276 54 32 för
1061 2276 235 32 motverkande
1326 2289 42 20 av
1398 2277 260 32 arbetslösheten
1687 2277 89 32 inom

270 2325 259 31 stenindustrien
552 2325 81 32 böra
656 2325 105 38 enligt
783 2325 365 38 departementschefen
1171 2326 100 33 lända
1292 2327 54 32 till
1368 2327 224 32 efterrättelse
1615 2328 12 31 i
1648 2327 128 33 huvud-

271 2374 61 31 sak
356 2386 125 21 samma
506 2375 155 40 grunder,
686 2387 66 21 som
776 2375 187 39 tillämpats
987 2376 216 32 beträffande
1228 2377 60 32 den
1312 2377 271 33 hittillsvarande
1606 2377 169 33 verksam-

269 2423 108 34 heten.
420 2425 125 32 Härom
568 2425 133 32 anföres
722 2425 163 38 följande:

316 2482 235 41 Statsinköpen
577 2485 90 32 torde
693 2485 100 33 alltså
817 2486 79 33 böra
918 2487 206 38 väsentligen
1150 2499 75 20 avse
1252 2489 210 37 smågatsten,
1490 2501 72 20 men
1590 2488 103 33 frihet
1717 2490 57 31 bör

270 2524 128 33 lämnas
418 2527 34 31 åt
470 2527 129 37 Kungl.
619 2527 100 38 Maj:t
737 2531 50 29 att
806 2528 158 32 förordna
983 2540 49 20 om
1052 2528 100 39 inköp
1171 2529 125 38 jämväl
1316 2541 41 20 av
1378 2533 203 35 storgatsten
1601 2531 60 32 och
1679 2531 95 32 kant-
