1882 2810
115 443 130 25 Utskottet.

290 153 39 30 16
742 161 274 32 Statsutskottets
1037 163 175 31 utlåtande
1232 174 42 20 nr
1296 166 50 29 10.

292 250 83 22 man
397 243 105 30 borde
526 243 82 36 utgå
628 245 11 30 i
660 244 91 31 form
777 254 41 21 av
839 246 135 38 arvode,
997 247 168 31 beräknat
1186 247 86 32 efter
1298 250 39 29 10
1351 250 63 31 000
1436 251 129 31 kronor
1588 252 55 36 för
1663 251 39 32 år
1725 253 9 30 i
1757 257 46 27 ett

292 291 56 32 för
372 293 69 31 allt.
466 293 62 31 Vid
556 293 100 31 bifall
682 295 116 31 härtill
822 296 107 30 borde
955 297 151 36 anslaget
1132 302 168 32 upptagas
1328 299 49 32 till
1408 300 52 38 (23
1475 302 64 29 600
1563 299 27 31 +
1612 303 37 30 10
1664 303 63 30 000
1740 304 55 39 =)

292 343 41 30 33
348 344 64 29 600
438 344 136 31 kronor.

339 443 170 31 Utskottet
527 444 58 29 vill
606 445 181 38 tillstyrka,
809 449 48 27 att
879 446 263 37 ifrågavarande
1162 449 175 37 kartering
1356 451 157 30 kommer
1532 453 50 29 till
1602 452 110 37 stånd,
1734 455 63 29 och

291 493 64 30 har
381 492 76 32 icke
481 493 104 37 något
612 498 49 27 att
686 495 112 31 erinra
827 501 72 26 mot
925 498 65 29 den
1017 506 41 22 av
1086 499 121 37 Kungl.
1237 499 101 38 Maj:t
1364 501 55 31 för
1447 503 198 31 ändamålet
1672 505 128 30 äskade

290 543 368 38 medelsanvisningen.

335 594 170 31 Utskottet
531 596 208 36 hemställer,

645 674 49 27 att
725 672 184 37 riksdagen
944 673 56 31 må
1030 675 50 30 till
1110 675 153 37 Sveriges
1295 677 197 36 geologiska
1524 679 272 38 undersökning:

596 721 334 41 Jordartskartering
948 726 93 29 inom
1057 726 225 32 Norrbottens
1303 728 57 31 län
1376 729 55 30 för
1441 729 203 36 budgetåret
1657 731 140 31 1946/47

599 772 119 31 anvisa
741 776 45 28 ett
811 774 349 40 reservationsanslag
1182 787 41 21 av
1247 778 41 30 33
1302 779 65 30 600
1392 780 138 31 kronor.

331 903 90 40 26:0)
448 904 156 38 Sveriges
629 907 201 36 geologiska
853 909 278 37 undersökning:
1153 911 296 38 Agrogeologiska
1472 914 123 31 kartor
1616 916 84 29 över
1720 917 78 35 syd-

287 955 117 30 västra
430 954 125 32 Skåne.
584 956 124 37 Kungl.
733 958 101 36 Maj:t
858 959 66 30 har
949 959 181 37 föreslagit
1154 961 189 38 riksdagen
1372 963 125 38 (punkt
1522 965 52 35 29,
1601 975 25 21 s.
1651 965 142 40 38—40)

288 1008 48 28 att
363 1005 50 31 till
442 1005 150 37 Sveriges
623 1007 196 37 geologiska
846 1010 271 37 undersökning:
1147 1012 287 37 Agrogeologiska
1464 1015 119 31 kartor
1611 1018 80 29 över
1720 1018 76 35 syd-

286 1056 114 30 västra
424 1056 112 31 Skåne
559 1057 56 31 för
636 1058 200 37 budgetåret
863 1057 140 33 1946/47
1029 1061 117 31 anvisa
1170 1066 45 27 ett
1237 1064 348 39 reservationsanslag
1610 1076 42 21 av
1681 1068 35 29 11
1734 1068 63 30 300

286 1105 138 31 kronor.

329 1192 46 36 År
399 1199 82 30 1933
503 1199 209 37 påbörjades
738 1201 207 31 fältarbeten
968 1203 10 30 i
999 1203 88 37 syfte
1111 1208 48 27 att
1179 1207 163 35 upprätta
1367 1216 42 21 en
1430 1217 47 28 ny
1499 1208 175 37 geologisk
1698 1211 99 29 karta

284 1249 82 30 över
392 1250 134 29 trakten
549 1249 100 39 kring
674 1251 108 31 Lund.
809 1252 65 31 Vid
897 1254 130 32 arbetet
1049 1254 145 33 härmed
1217 1255 171 38 framgick
1414 1258 55 30 det
1492 1259 188 31 emellertid
1703 1256 92 45 myc-

285 1299 57 29 ket
366 1303 104 33 snart,
495 1303 47 27 att
566 1301 199 31 kartskalan
789 1304 87 29 1:50
888 1304 64 31 000
976 1313 61 22 var
1057 1305 117 31 alltför
1195 1305 82 31 liten
1298 1309 80 29 med
1402 1309 137 36 hänsyn
1564 1309 50 31 till
1636 1310 159 37 jordbru-

286 1349 73 30 kets
378 1348 175 32 intressen.
575 1352 13 29 I
608 1352 110 30 stället
738 1353 177 37 övergicks
934 1354 49 31 till
1004 1356 86 29 1:20
1104 1357 74 37 000,
1197 1358 80 29 med
1297 1359 229 30 användande
1547 1369 42 22 av
1607 1362 42 29 de
1670 1362 125 30 ekono-

285 1399 112 32 miska
417 1401 204 31 kartbladen
644 1402 114 31 såsom
779 1404 176 37 underlag.

330 1450 215 33 Kartarbetet
562 1452 10 30 i
590 1452 99 37 fråga
705 1454 62 29 har
783 1464 48 21 nu
847 1454 194 32 fortskridit
1059 1456 38 31 så
1113 1456 102 39 långt,
1233 1461 48 27 att
1298 1463 47 26 ett
1360 1460 161 31 kartblad
1546 1457 242 49 (Hardeberga)

284 1499 182 38 föreligger
501 1502 363 39 publiceringsfärdigt
902 1505 107 37 jämte
1045 1506 205 32 tillhörande
1274 1509 232 38 beskrivning,
1535 1512 175 31 dessutom
1739 1514 55 30 be-

285 1551 129 30 räknas
441 1553 195 36 ytterligare
662 1558 46 26 ett
736 1555 161 32 kartblad
934 1556 122 40 (Lund)
1090 1557 91 32 bliva
1211 1558 208 38 färdigställt
1445 1564 48 27 att
1519 1563 139 36 tryckas
1685 1564 110 30 under

286 1602 291 31 nästkommande
597 1604 176 37 budgetår,
797 1607 65 28 och
882 1606 44 37 på
947 1608 192 36 ytterligare
1161 1611 14 27 7
1197 1610 161 30 kartblad
1379 1610 127 32 återstå
1526 1622 42 20 av
1587 1614 203 30 fältarbeten

283 1652 123 31 endast
427 1654 128 29 smärre
579 1654 317 39 revisionsarbeten,
921 1657 117 31 varför
1060 1658 41 30 de
1123 1660 118 29 kunna
1262 1662 100 35 göras
1382 1661 338 40 tryckningsfärdiga
1744 1664 50 31 till

286 1705 47 27 ett
353 1704 95 29 antal
467 1713 42 20 av
528 1705 18 29 2
567 1714 62 26 per
648 1704 48 31 år.

328 1752 250 38 Kartområdet,
603 1755 125 31 liksom
749 1758 203 31 överhuvud
974 1762 89 33 taget
1087 1760 65 30 den
1179 1761 259 38 sydvästligaste
1463 1764 99 30 delen
1582 1774 43 21 av
1651 1765 142 31 Malmö-

284 1803 65 30 hus
375 1805 68 36 län,
469 1806 176 30 utmärkes
671 1816 42 21 av
740 1811 44 27 ett
809 1809 138 35 mycket
972 1810 81 35 högt
1077 1810 270 38 genomsnittligt
1373 1814 185 36 jordvärde
1582 1824 80 21 men
1689 1815 105 31 också

284 1862 42 21 av
349 1857 92 27 stora
466 1856 63 29 och
552 1857 139 35 mycket
714 1859 97 29 tvära
835 1859 179 36 växlingar
1035 1860 10 30 i
1068 1859 235 37 jordarternas
1326 1867 101 27 natur
1452 1865 65 29 och
1542 1865 250 37 odlingsvärde.

284 1903 54 31 En
361 1906 160 30 närmare
550 1907 198 30 kännedom
773 1918 57 20 om
854 1908 216 37 jordarterna
1096 1912 65 30 och
1186 1913 99 30 deras
1309 1913 205 38 fördelning,
1541 1925 74 21 som
1642 1917 69 29 kan
1737 1917 55 30 be-

283 1953 74 37 lysa
384 1956 55 29 det
466 1956 170 37 naturliga
664 1958 199 37 underlaget
890 1959 55 31 för
970 1960 206 38 skiftningar
1203 1963 10 30 i
1238 1964 251 37 avkastningen
1518 1975 42 21 av
1586 1967 93 30 olika
1704 1967 88 36 slags

282 2006 127 34 grödor
435 2007 64 30 och
522 2007 10 30 i
557 2008 209 37 jordvärdet,
793 2010 111 30 skulle
928 2011 118 30 därför
1068 2012 92 31 bliva
1184 2023 42 20 av
1252 2017 85 27 stort
1361 2016 104 30 värde
1489 2016 56 31 för
1572 2013 220 44 jordbrukets

283 2054 370 42 försöksverksamhet,
685 2058 55 31 för
769 2060 66 30 den
865 2060 156 31 enskilde
1052 2062 254 36 jordbrukaren
1337 2066 64 30 och
1433 2066 55 32 för
1519 2067 272 37 fastighetstaxe-

282 2104 130 37 ringen.

328 2156 245 33 Utarbetandet
595 2167 42 22 av
661 2161 118 29 kartor
804 2170 41 22 av
869 2163 114 30 denna
1008 2167 52 27 art
1083 2172 96 23 avses
1202 2174 43 22 av
1269 2165 153 38 Sveriges
1449 2168 195 36 geologiska
1668 2169 123 30 under-

285 2206 151 39 sökning
457 2210 49 28 att
528 2209 177 31 fortsättas
729 2212 81 30 över
830 2212 67 30 den
919 2212 213 32 återstående
1156 2216 97 29 delen
1276 2225 42 21 av
1340 2218 179 36 sydvästra
1547 2218 129 31 Skånes
1702 2229 87 20 sam-

282 2257 269 37 manhängande
580 2260 290 38 jordbruksbygd.
903 2263 95 30 Efter
1027 2265 56 29 det
1113 2269 47 26 att
1188 2267 41 29 de
1258 2276 48 21 nu
1334 2267 407 38 färdigrekognoscerade
1772 2271 20 29 9

282 2307 128 30 bladen
436 2308 195 37 utkommit,
660 2311 169 31 beräknas
857 2314 234 31 arbetstakten
1118 2315 55 31 för
1198 2316 298 37 färdigställandet
1525 2323 173 27 motsvara
1728 2322 14 28 1
1772 2321 19 29 å

282 2359 19 28 2
324 2359 160 31 kartblad
507 2369 60 26 per
588 2360 49 31 år.

329 2408 68 30 För
417 2410 42 29 de
475 2409 56 31 två
549 2411 171 37 kartblad,
741 2422 74 21 som
835 2423 99 21 avses
951 2419 48 26 att
1017 2417 137 36 tryckas
1174 2418 109 29 under
1301 2419 100 30 nästa
1420 2420 176 36 budgetår,
1618 2421 170 30 beräknas

284 2461 46 27 ett
350 2460 250 36 anslagsbehov
624 2471 43 21 av
690 2463 36 29 11
743 2464 63 29 300
829 2464 139 31 kronor.
