2203 2676
379 191 109 32 Första
513 190 205 33 Kammarens
743 189 169 43 Tillfälliga
940 188 125 33 Utskotts
1087 188 78 40 (N:o
1190 190 29 38 1)
1246 188 161 32 Utlåtande
1430 187 66 33 N:o
1520 190 50 30 13.
1768 192 18 28 3

278 271 56 37 En
363 272 105 49 dylik
496 271 225 49 lagändring
749 283 111 36 synes
888 283 89 24 vara
1005 269 176 49 påkallad
1205 269 140 47 jemväl
1374 268 38 37 af
1431 268 65 37 det
1517 267 266 46 förhållandet,

179 323 79 37 dels
285 329 55 31 att
368 328 122 32 staten
519 322 59 37 för
605 322 233 37 närvarande
867 322 82 36 icke
978 321 72 37 kan
1078 321 87 36 med
1189 320 180 49 trygghet
1388 319 191 37 förvärfva
1600 320 93 36 eller
1714 332 71 35 ega

178 374 158 48 gruffält
363 378 48 45 på
440 387 94 35 egen
564 373 117 45 mark,
710 374 45 35 då
785 374 108 35 dessa
922 372 39 37 af
986 373 110 35 hvem
1124 385 80 23 som
1239 372 97 35 helst
1364 372 126 35 kunna
1519 372 165 35 inmutas
1712 371 71 35 och

179 431 80 31 åter
287 425 185 37 afhändas
500 431 136 38 staten,
665 425 80 36 dels
774 430 56 30 att
858 437 45 23 en
932 423 61 36 del
1012 423 104 36 förut
1135 423 199 36 värdelösa
1354 421 226 48 mineralier,
1601 435 80 23 som
1702 422 82 35 icke

179 484 64 29 äro
272 476 157 36 föremål
457 475 59 37 för
544 475 227 48 inmutning,
800 487 156 24 numera
984 473 126 37 blifvit
1125 477 40 33 så
1184 472 224 45 värdefulla,
1429 478 54 31 att
1505 473 46 36 de
1573 486 69 35 ega
1662 478 124 30 större

178 528 82 48 vigt
288 527 58 36 för
374 527 213 36 industrien
616 534 46 29 än
691 527 173 35 malmen.

280 578 185 48 Slutligen
508 577 107 37 anför
656 578 249 44 motionären,
948 581 55 31 att
1040 575 46 37 de
1119 575 92 45 skäl,
1240 588 79 23 som
1348 588 50 23 nu
1427 574 189 48 föreligga
1644 574 59 36 för
1732 579 55 31 ett

179 629 139 37 förbud
346 630 78 36 tills
451 629 130 37 vidare
610 628 39 36 af
673 629 216 47 inmutning
917 626 40 37 af
980 626 316 48 malmfyndighet
1324 629 20 33 å
1371 626 75 35 viss
1481 625 208 48 kronojord
1719 633 65 28 äro

179 680 89 38 fullt
295 684 39 33 så
362 681 134 48 giltiga
523 693 82 23 som
633 680 58 44 de,
720 680 126 36 hvilka
875 692 91 23 voro
996 677 282 37 bestämmande
1299 677 58 36 för
1385 676 181 37 förbudet
1594 682 103 31 emot
1726 682 60 31 ut-

179 731 201 38 färdandet
416 731 40 37 af
480 731 208 36 mutsedlar
717 734 20 33 å
765 729 416 49 stenkolsfyndigheter
1209 729 118 48 enligt
1355 728 126 49 kongl.
1511 728 273 49 förordningen

181 783 72 37 den
283 786 46 35 24
358 783 156 48 augusti
544 785 107 34 1872.

282 936 145 38 Genom
455 936 126 48 kongl.
609 936 228 48 kungörelse
866 935 72 36 den
968 937 44 34 19
1042 947 85 35 aug.
1160 936 93 35 1889
1284 933 67 36 har
1379 936 47 44 på
1454 932 122 49 grund
1610 932 39 37 af
1678 932 109 36 Riks-

181 988 142 48 dagens
351 987 196 37 skrifvelse
576 986 41 37 af
641 988 73 35 den
745 989 43 35 15
818 987 71 47 maj
919 998 141 24 samma
1088 989 41 31 år
1157 984 228 44 förordnats,

281 1039 92 37 »dels
413 1045 51 30 att
503 1039 12 35 i
557 1038 200 45 mutsedel,
798 1051 80 23 som
915 1035 172 38 utfärdas
1116 1039 20 33 å
1164 1035 213 50 fyndighet,
1405 1034 161 48 belägen
1596 1037 47 45 på
1671 1034 116 37 sådan

181 1090 219 48 kronojord,
442 1090 158 37 hvarom
642 1089 111 37 ofvan
789 1096 98 40 sägs,
924 1088 77 36 tills
1033 1088 130 37 vidare
1191 1087 107 43 skall,
1327 1099 61 23 om
1416 1086 373 47 inmutningsansök-

180 1142 139 47 ningen
360 1142 120 47 gjorts
522 1140 95 37 efter
654 1140 124 36 denna
806 1139 84 48 dag,
918 1139 147 48 intagas
1093 1136 189 38 förbehåll
1312 1150 60 23 om
1400 1136 218 49 skyldighet
1646 1136 59 36 för
1733 1137 54 35 in-

180 1198 174 30 mutaren
395 1198 56 31 att
486 1204 90 24 vara
605 1191 255 36 underkastad
890 1190 45 36 de
964 1188 228 37 förändrade
1216 1188 290 36 bestämmelser
1534 1200 60 23 om
1624 1192 77 31 rätt
1728 1188 58 35 för

180 1244 144 36 kronan
365 1248 57 32 att
461 1242 152 49 deltaga
653 1243 12 35 i
705 1241 238 48 grufarbetet
979 1240 70 36 och
1084 1240 72 36 den
1189 1239 110 36 deraf
1322 1238 165 37 fallande
1516 1239 161 44 vinsten,
1706 1251 79 23 som

180 1307 138 35 genom
345 1307 57 36 ny:
423 1293 240 49 lagstiftning
691 1294 127 36 kunna
847 1291 116 37 blifva
990 1291 189 49 gällande,

282 1345 72 37 och
395 1346 75 36 dels
511 1351 51 30 att
598 1344 59 37 för
684 1344 214 50 fyndighet,
926 1342 92 37 derå
1045 1342 217 48 inmutning
1290 1341 121 36 under
1438 1340 135 37 sådant
1600 1339 188 37 förbehåll

183 1397 183 44 erhållits,
394 1397 120 36 utmål
542 1397 78 36 tills
649 1397 129 36 vidare
806 1395 82 36 icke
917 1398 60 32 må
1005 1394 175 37 anvisas.

284 1599 113 37 Utom
427 1599 71 35 den
528 1599 11 35 i
568 1597 279 37 ofvannämnda
875 1596 196 38 skrifvelse
1100 1596 40 37 af
1165 1597 72 36 den
1268 1599 43 34 15
1341 1596 71 48 maj
1445 1598 95 35 1889
1568 1596 221 48 ifrågasatta

183 1650 210 47 ändringen
422 1650 11 35 i
462 1648 297 49 grufvestadgan
788 1649 193 49 angående
1009 1654 77 30 rätt
1113 1647 58 36 för
1199 1648 143 36 kronan
1372 1653 55 30 att
1455 1648 57 35 till
1538 1647 143 36 hälften
1702 1647 86 36 med

183 1702 215 34 inmutaren
427 1700 150 48 deltaga
606 1701 10 34 i
644 1699 238 49 grufarbetet
911 1699 69 36 och
1009 1699 71 35 den
1110 1698 109 37 deraf
1245 1698 162 36 fallande
1435 1698 161 45 vinsten,
1617 1698 68 35 har
1704 1704 85 30 näst

183 1751 231 48 föregående
441 1751 168 48 Riksdag
637 1757 125 30 ansett
789 1751 134 47 nödigt
951 1756 56 30 att
1035 1750 157 47 stadgan
1219 1749 135 36 ändras
1378 1748 110 37 äfven
1517 1749 11 35 i
1557 1754 114 31 annat
1699 1749 90 35 hän-

183 1802 150 44 seende,
374 1801 179 37 särskildt
591 1802 162 35 rörande
795 1800 353 37 rättsförhållandet
1184 1800 159 35 emellan
1380 1805 122 31 staten
1539 1803 122 33 såsom
1686 1800 103 47 jord-

184 1865 115 36 egare
329 1853 70 36 och
427 1853 187 36 inmutare
643 1852 39 36 af
707 1851 292 48 apatit-förande
1024 1851 213 48 jernmalm.

284 1903 229 37 Nuvarande
542 1903 235 48 stadganden
805 1916 110 34 synas
938 1903 141 47 jemväl
1107 1902 195 35 föranleda
1330 1901 138 45 dertill,
1497 1907 56 30 att
1581 1902 98 35 vissa
1707 1901 82 36 icke

184 1955 328 48 inmutningsbara
553 1955 227 43 mineralier,
822 1954 127 36 hvilka
989 1966 136 34 genom
1166 1953 275 47 vetenskapens
1482 1952 70 36 och
1590 1951 200 37 teknikens

183 2005 183 49 framsteg
394 2009 48 44 på
470 2006 90 35 sista
588 2005 105 36 tiden
722 2004 126 37 blifvit
875 2004 222 43 värdefulla,
1137 2004 166 35 hvarken
1341 2003 126 36 kunna
1500 2002 118 37 blifva
1646 2003 144 35 åtkom-

184 2057 75 48 liga
295 2056 59 37 för
394 2058 215 35 inmutaren
651 2057 91 35 eller
770 2056 241 48 jordegaren,
1040 2056 11 35 i
1081 2055 64 36 det
1173 2054 65 37 fall
1267 2061 55 29 att
1351 2054 45 36 de
1425 2054 235 36 förekomma
1689 2055 101 35 inom

184 2109 120 35 utmål
332 2113 92 32 utan
452 2108 270 46 sammanhang
751 2107 86 36 med
864 2106 365 49 malmfyndigheten
1256 2124 48 5 —
1333 2119 44 22 en
1407 2105 219 47 orimlighet
1653 2104 41 36 af
1718 2105 71 35 den

185 2159 193 48 påtagliga
406 2157 261 38 beskaffenhet
695 2164 55 30 att
778 2158 215 36 densamma
1022 2157 271 47 obestridligen
1322 2156 168 48 påkallar
1518 2169 85 23 snar
1622 2156 167 36 rättelse.

286 2210 55 36 Då
360 2211 90 35 flere
471 2210 128 48 dylika
620 2210 81 36 icke
722 2209 327 47 inmutningsbara
1072 2208 217 36 mineralier
1309 2221 69 34 ega
1399 2213 54 30 ett
1469 2207 133 36 sådant
1617 2207 174 36 handels-

185 2262 129 45 värde,
343 2267 56 31 att
426 2261 46 36 de
501 2262 127 36 kunna
656 2260 117 37 blifva
800 2260 158 36 föremål
987 2259 58 36 för
1072 2259 161 36 lönande
1249 2257 193 49 grufdrift,
1467 2271 110 37 synes
1597 2258 64 37 det
1681 2257 109 38 äfven
