<?xml version="1.0" encoding="UTF-8"?>
<alto xmlns="http://www.loc.gov/standards/alto/ns-v3#" xmlns:xlink="http://www.w3.org/1999/xlink" xmlns:xsi="http://www.w3.org/2001/XMLSchema-instance" xsi:schemaLocation="http://www.loc.gov/standards/alto/ns-v3# http://www.loc.gov/alto/v3/alto-3-0.xsd">
	<Description>
		<MeasurementUnit>pixel</MeasurementUnit>
		<sourceImageInformation>
			<fileName>/tmp/tess_za_y6vmk_input.PNG</fileName>
		</sourceImageInformation>
		<OCRProcessing ID="OCR_0">
			<ocrProcessingStep>
				<processingSoftware>
					<softwareName>tesseract 5.3.0</softwareName>
				</processingSoftware>
			</ocrProcessingStep>
		</OCRProcessing>
	</Description>
	<Layout>
		<Page WIDTH="1902" HEIGHT="2826" PHYSICAL_IMG_NR="0" ID="page_0">
			<PrintSpace HPOS="0" VPOS="0" WIDTH="1902" HEIGHT="2826">
				<ComposedBlock ID="cblock_0" HPOS="264" VPOS="141" WIDTH="1099" HEIGHT="37">
					<TextBlock ID="block_0" HPOS="264" VPOS="141" WIDTH="1099" HEIGHT="37">
						<TextLine ID="line_0" HPOS="264" VPOS="141" WIDTH="1099" HEIGHT="37">
							<String ID="string_0" HPOS="264" VPOS="141" WIDTH="39" HEIGHT="31" WC="0.96" CONTENT="16"/><SP WIDTH="387" VPOS="141" HPOS="303"/>
							<String ID="string_1" HPOS="690" VPOS="143" WIDTH="114" HEIGHT="28" WC="0.93" CONTENT="Första"/><SP WIDTH="23" VPOS="143" HPOS="804"/>
							<String ID="string_2" HPOS="827" VPOS="143" WIDTH="227" HEIGHT="35" WC="0.92" CONTENT="lagutskottets"/><SP WIDTH="22" VPOS="143" HPOS="1054"/>
							<String ID="string_3" HPOS="1076" VPOS="142" WIDTH="167" HEIGHT="29" WC="0.96" CONTENT="utlåtande"/><SP WIDTH="22" VPOS="142" HPOS="1243"/>
							<String ID="string_4" HPOS="1265" VPOS="143" WIDTH="45" HEIGHT="27" WC="0.96" CONTENT="Nr"/><SP WIDTH="26" VPOS="143" HPOS="1310"/>
							<String ID="string_5" HPOS="1336" VPOS="142" WIDTH="27" HEIGHT="28" WC="0.94" CONTENT="7."/>
						</TextLine>
					</TextBlock>
				</ComposedBlock>
				<ComposedBlock ID="cblock_1" HPOS="264" VPOS="214" WIDTH="1503" HEIGHT="548">
					<TextBlock ID="block_1" HPOS="264" VPOS="214" WIDTH="1502" HEIGHT="235">
						<TextLine ID="line_1" HPOS="264" VPOS="214" WIDTH="1499" HEIGHT="43">
							<String ID="string_6" HPOS="264" VPOS="216" WIDTH="241" HEIGHT="31" WC="0.96" CONTENT="konstruktion"/><SP WIDTH="25" VPOS="216" HPOS="505"/>
							<String ID="string_7" HPOS="530" VPOS="216" WIDTH="238" HEIGHT="31" WC="0.96" CONTENT="bestämmelse"/><SP WIDTH="28" VPOS="216" HPOS="768"/>
							<String ID="string_8" HPOS="796" VPOS="216" WIDTH="11" HEIGHT="30" WC="0.96" CONTENT="i"/><SP WIDTH="26" VPOS="216" HPOS="807"/>
							<String ID="string_9" HPOS="833" VPOS="216" WIDTH="97" HEIGHT="41" WC="0.96" CONTENT="lagen"/><SP WIDTH="29" VPOS="216" HPOS="930"/>
							<String ID="string_10" HPOS="959" VPOS="215" WIDTH="73" HEIGHT="32" WC="0.96" CONTENT="icke"/><SP WIDTH="27" VPOS="215" HPOS="1032"/>
							<String ID="string_11" HPOS="1059" VPOS="218" WIDTH="80" HEIGHT="29" WC="0.96" CONTENT="utan"/><SP WIDTH="26" VPOS="218" HPOS="1139"/>
							<String ID="string_12" HPOS="1165" VPOS="216" WIDTH="133" HEIGHT="41" WC="0.96" CONTENT="oskälig"/><SP WIDTH="24" VPOS="216" HPOS="1298"/>
							<String ID="string_13" HPOS="1322" VPOS="215" WIDTH="147" HEIGHT="32" WC="0.96" CONTENT="kostnad"/><SP WIDTH="26" VPOS="215" HPOS="1469"/>
							<String ID="string_14" HPOS="1495" VPOS="215" WIDTH="65" HEIGHT="31" WC="0.96" CONTENT="kan"/><SP WIDTH="26" VPOS="215" HPOS="1560"/>
							<String ID="string_15" HPOS="1586" VPOS="214" WIDTH="177" HEIGHT="41" WC="0.96" CONTENT="iakttagas,"/>
						</TextLine>
						<TextLine ID="line_2" HPOS="266" VPOS="265" WIDTH="1499" HEIGHT="43">
							<String ID="string_16" HPOS="266" VPOS="269" WIDTH="78" HEIGHT="39" WC="0.96" CONTENT="äger"/><SP WIDTH="20" VPOS="269" HPOS="344"/>
							<String ID="string_17" HPOS="364" VPOS="266" WIDTH="246" HEIGHT="41" WC="0.96" CONTENT="länsstyrelsen"/><SP WIDTH="21" VPOS="266" HPOS="610"/>
							<String ID="string_18" HPOS="631" VPOS="266" WIDTH="108" HEIGHT="41" WC="0.96" CONTENT="enligt"/><SP WIDTH="21" VPOS="266" HPOS="739"/>
							<String ID="string_19" HPOS="760" VPOS="267" WIDTH="18" HEIGHT="30" WC="0.96" CONTENT="9"/><SP WIDTH="22" VPOS="267" HPOS="778"/>
							<String ID="string_20" HPOS="800" VPOS="266" WIDTH="20" HEIGHT="41" WC="0.30" CONTENT="8"/><SP WIDTH="21" VPOS="266" HPOS="820"/>
							<String ID="string_21" HPOS="841" VPOS="266" WIDTH="156" HEIGHT="41" WC="0.91" CONTENT="medgiva"/><SP WIDTH="21" VPOS="266" HPOS="997"/>
							<String ID="string_22" HPOS="1018" VPOS="266" WIDTH="171" HEIGHT="41" WC="0.96" CONTENT="undantag"/><SP WIDTH="22" VPOS="266" HPOS="1189"/>
							<String ID="string_23" HPOS="1211" VPOS="267" WIDTH="75" HEIGHT="30" WC="0.93" CONTENT="från"/><SP WIDTH="22" VPOS="267" HPOS="1286"/>
							<String ID="string_24" HPOS="1308" VPOS="265" WIDTH="231" HEIGHT="42" WC="0.92" CONTENT="fullgörandet"/><SP WIDTH="22" VPOS="265" HPOS="1539"/>
							<String ID="string_25" HPOS="1561" VPOS="276" WIDTH="40" HEIGHT="20" WC="0.93" CONTENT="av"/><SP WIDTH="20" VPOS="276" HPOS="1601"/>
							<String ID="string_26" HPOS="1621" VPOS="265" WIDTH="144" HEIGHT="31" WC="0.91" CONTENT="bestäm-"/>
						</TextLine>
						<TextLine ID="line_3" HPOS="265" VPOS="315" WIDTH="1501" HEIGHT="43">
							<String ID="string_27" HPOS="265" VPOS="317" WIDTH="136" HEIGHT="31" WC="0.91" CONTENT="melsen."/><SP WIDTH="30" VPOS="317" HPOS="401"/>
							<String ID="string_28" HPOS="431" VPOS="317" WIDTH="55" HEIGHT="31" WC="0.96" CONTENT="Då"/><SP WIDTH="18" VPOS="317" HPOS="486"/>
							<String ID="string_29" HPOS="504" VPOS="317" WIDTH="119" HEIGHT="31" WC="0.96" CONTENT="sådant"/><SP WIDTH="18" VPOS="317" HPOS="623"/>
							<String ID="string_30" HPOS="641" VPOS="318" WIDTH="124" HEIGHT="40" WC="0.96" CONTENT="prövas"/><SP WIDTH="19" VPOS="318" HPOS="765"/>
							<String ID="string_31" HPOS="784" VPOS="317" WIDTH="113" HEIGHT="32" WC="0.96" CONTENT="kunna"/><SP WIDTH="19" VPOS="317" HPOS="897"/>
							<String ID="string_32" HPOS="916" VPOS="317" WIDTH="60" HEIGHT="31" WC="0.95" CONTENT="ske"/><SP WIDTH="20" VPOS="317" HPOS="976"/>
							<String ID="string_33" HPOS="996" VPOS="319" WIDTH="81" HEIGHT="29" WC="0.93" CONTENT="utan"/><SP WIDTH="19" VPOS="319" HPOS="1077"/>
							<String ID="string_34" HPOS="1096" VPOS="316" WIDTH="232" HEIGHT="42" WC="0.92" CONTENT="eftergivande"/><SP WIDTH="20" VPOS="316" HPOS="1328"/>
							<String ID="string_35" HPOS="1348" VPOS="327" WIDTH="40" HEIGHT="20" WC="0.96" CONTENT="av"/><SP WIDTH="18" VPOS="327" HPOS="1388"/>
							<String ID="string_36" HPOS="1406" VPOS="316" WIDTH="132" HEIGHT="41" WC="0.96" CONTENT="skäliga"/><SP WIDTH="19" VPOS="316" HPOS="1538"/>
							<String ID="string_37" HPOS="1557" VPOS="315" WIDTH="146" HEIGHT="42" WC="0.96" CONTENT="anspråk"/><SP WIDTH="19" VPOS="315" HPOS="1703"/>
							<String ID="string_38" HPOS="1722" VPOS="317" WIDTH="44" HEIGHT="40" WC="0.96" CONTENT="på"/>
						</TextLine>
						<TextLine ID="line_4" HPOS="266" VPOS="366" WIDTH="1499" HEIGHT="42">
							<String ID="string_39" HPOS="266" VPOS="368" WIDTH="164" HEIGHT="37" WC="0.96" CONTENT="säkerhet,"/><SP WIDTH="29" VPOS="368" HPOS="430"/>
							<String ID="string_40" HPOS="459" VPOS="369" WIDTH="80" HEIGHT="39" WC="0.96" CONTENT="äger"/><SP WIDTH="26" VPOS="369" HPOS="539"/>
							<String ID="string_41" HPOS="565" VPOS="367" WIDTH="245" HEIGHT="41" WC="0.96" CONTENT="länsstyrelsen"/><SP WIDTH="26" VPOS="367" HPOS="810"/>
							<String ID="string_42" HPOS="836" VPOS="369" WIDTH="84" HEIGHT="29" WC="0.95" CONTENT="även"/><SP WIDTH="28" VPOS="369" HPOS="920"/>
							<String ID="string_43" HPOS="948" VPOS="367" WIDTH="102" HEIGHT="41" WC="0.93" CONTENT="eljest"/><SP WIDTH="26" VPOS="367" HPOS="1050"/>
							<String ID="string_44" HPOS="1076" VPOS="367" WIDTH="155" HEIGHT="41" WC="0.91" CONTENT="medgiva"/><SP WIDTH="27" VPOS="367" HPOS="1231"/>
							<String ID="string_45" HPOS="1258" VPOS="366" WIDTH="170" HEIGHT="32" WC="0.96" CONTENT="avvikelse"/><SP WIDTH="28" VPOS="366" HPOS="1428"/>
							<String ID="string_46" HPOS="1456" VPOS="367" WIDTH="76" HEIGHT="30" WC="0.96" CONTENT="från"/><SP WIDTH="26" VPOS="367" HPOS="1532"/>
							<String ID="string_47" HPOS="1558" VPOS="366" WIDTH="41" HEIGHT="31" WC="0.96" CONTENT="de"/><SP WIDTH="27" VPOS="366" HPOS="1599"/>
							<String ID="string_48" HPOS="1626" VPOS="366" WIDTH="12" HEIGHT="30" WC="0.96" CONTENT="i"/><SP WIDTH="28" VPOS="366" HPOS="1638"/>
							<String ID="string_49" HPOS="1666" VPOS="366" WIDTH="99" HEIGHT="41" WC="0.96" CONTENT="lagen"/>
						</TextLine>
						<TextLine ID="line_5" HPOS="265" VPOS="418" WIDTH="532" HEIGHT="31">
							<String ID="string_50" HPOS="265" VPOS="418" WIDTH="198" HEIGHT="31" WC="0.96" CONTENT="meddelade"/><SP WIDTH="25" VPOS="418" HPOS="463"/>
							<String ID="string_51" HPOS="488" VPOS="418" WIDTH="309" HEIGHT="31" WC="0.96" CONTENT="bestämmelserna."/>
						</TextLine>
					</TextBlock>
					<TextBlock ID="block_2" HPOS="264" VPOS="467" WIDTH="1503" HEIGHT="295">
						<TextLine ID="line_6" HPOS="319" VPOS="467" WIDTH="1445" HEIGHT="42">
							<String ID="string_52" HPOS="319" VPOS="469" WIDTH="17" HEIGHT="30" WC="0.96" CONTENT="I"/><SP WIDTH="25" VPOS="469" HPOS="336"/>
							<String ID="string_53" HPOS="361" VPOS="469" WIDTH="38" HEIGHT="30" WC="0.95" CONTENT="10"/><SP WIDTH="24" VPOS="469" HPOS="399"/>
							<String ID="string_54" HPOS="423" VPOS="467" WIDTH="21" HEIGHT="42" WC="0.51" CONTENT="8"/><SP WIDTH="25" VPOS="467" HPOS="444"/>
							<String ID="string_55" HPOS="469" VPOS="468" WIDTH="172" HEIGHT="31" WC="0.96" CONTENT="meddelas"/><SP WIDTH="25" VPOS="468" HPOS="641"/>
							<String ID="string_56" HPOS="666" VPOS="468" WIDTH="238" HEIGHT="31" WC="0.96" CONTENT="bestämmelse"/><SP WIDTH="26" VPOS="468" HPOS="904"/>
							<String ID="string_57" HPOS="930" VPOS="479" WIDTH="56" HEIGHT="20" WC="0.96" CONTENT="om"/><SP WIDTH="26" VPOS="479" HPOS="986"/>
							<String ID="string_58" HPOS="1012" VPOS="468" WIDTH="246" HEIGHT="40" WC="0.94" CONTENT="överklagande"/><SP WIDTH="26" VPOS="468" HPOS="1258"/>
							<String ID="string_59" HPOS="1284" VPOS="479" WIDTH="39" HEIGHT="20" WC="0.96" CONTENT="av"/><SP WIDTH="26" VPOS="479" HPOS="1323"/>
							<String ID="string_60" HPOS="1349" VPOS="467" WIDTH="264" HEIGHT="42" WC="0.95" CONTENT="länsstyrelsens"/><SP WIDTH="25" VPOS="467" HPOS="1613"/>
							<String ID="string_61" HPOS="1638" VPOS="467" WIDTH="126" HEIGHT="31" WC="0.95" CONTENT="beslut."/>
						</TextLine>
						<TextLine ID="line_7" HPOS="268" VPOS="517" WIDTH="1498" HEIGHT="43">
							<String ID="string_62" HPOS="268" VPOS="519" WIDTH="161" HEIGHT="31" WC="0.95" CONTENT="Härefter"/><SP WIDTH="20" VPOS="519" HPOS="429"/>
							<String ID="string_63" HPOS="449" VPOS="519" WIDTH="138" HEIGHT="41" WC="0.96" CONTENT="stadgas"/><SP WIDTH="20" VPOS="519" HPOS="587"/>
							<String ID="string_64" HPOS="607" VPOS="519" WIDTH="11" HEIGHT="30" WC="0.96" CONTENT="i"/><SP WIDTH="21" VPOS="519" HPOS="618"/>
							<String ID="string_65" HPOS="639" VPOS="519" WIDTH="37" HEIGHT="30" WC="0.89" CONTENT="11"/><SP WIDTH="24" VPOS="519" HPOS="676"/>
							<String ID="string_66" HPOS="700" VPOS="518" WIDTH="28" HEIGHT="38" WC="0.89" CONTENT="$,"/><SP WIDTH="22" VPOS="518" HPOS="728"/>
							<String ID="string_67" HPOS="750" VPOS="521" WIDTH="49" HEIGHT="29" WC="0.96" CONTENT="att"/><SP WIDTH="20" VPOS="521" HPOS="799"/>
							<String ID="string_68" HPOS="819" VPOS="519" WIDTH="63" HEIGHT="30" WC="0.96" CONTENT="vad"/><SP WIDTH="20" VPOS="519" HPOS="882"/>
							<String ID="string_69" HPOS="902" VPOS="518" WIDTH="11" HEIGHT="31" WC="0.96" CONTENT="i"/><SP WIDTH="21" VPOS="518" HPOS="913"/>
							<String ID="string_70" HPOS="934" VPOS="518" WIDTH="100" HEIGHT="41" WC="0.96" CONTENT="lagen"/><SP WIDTH="21" VPOS="518" HPOS="1034"/>
							<String ID="string_71" HPOS="1055" VPOS="520" WIDTH="36" HEIGHT="29" WC="0.96" CONTENT="är"/><SP WIDTH="19" VPOS="520" HPOS="1091"/>
							<String ID="string_72" HPOS="1110" VPOS="518" WIDTH="136" HEIGHT="41" WC="0.96" CONTENT="stadgat"/><SP WIDTH="21" VPOS="518" HPOS="1246"/>
							<String ID="string_73" HPOS="1267" VPOS="529" WIDTH="53" HEIGHT="20" WC="0.96" CONTENT="om"/><SP WIDTH="20" VPOS="529" HPOS="1320"/>
							<String ID="string_74" HPOS="1340" VPOS="518" WIDTH="222" HEIGHT="41" WC="0.96" CONTENT="länsstyrelse"/><SP WIDTH="22" VPOS="518" HPOS="1562"/>
							<String ID="string_75" HPOS="1584" VPOS="517" WIDTH="83" HEIGHT="31" WC="0.93" CONTENT="eller"/><SP WIDTH="21" VPOS="517" HPOS="1667"/>
							<String ID="string_76" HPOS="1688" VPOS="517" WIDTH="78" HEIGHT="31" WC="0.93" CONTENT="luft-"/>
						</TextLine>
						<TextLine ID="line_8" HPOS="266" VPOS="567" WIDTH="1501" HEIGHT="44">
							<String ID="string_77" HPOS="266" VPOS="569" WIDTH="207" HEIGHT="42" WC="0.92" CONTENT="skyddschef"/><SP WIDTH="25" VPOS="569" HPOS="473"/>
							<String ID="string_78" HPOS="498" VPOS="569" WIDTH="85" HEIGHT="31" WC="0.95" CONTENT="skall"/><SP WIDTH="23" VPOS="569" HPOS="583"/>
							<String ID="string_79" HPOS="606" VPOS="569" WIDTH="11" HEIGHT="31" WC="0.95" CONTENT="i"/><SP WIDTH="24" VPOS="569" HPOS="617"/>
							<String ID="string_80" HPOS="641" VPOS="570" WIDTH="95" HEIGHT="40" WC="0.96" CONTENT="fråga"/><SP WIDTH="25" VPOS="570" HPOS="736"/>
							<String ID="string_81" HPOS="761" VPOS="580" WIDTH="54" HEIGHT="20" WC="0.95" CONTENT="om"/><SP WIDTH="23" VPOS="580" HPOS="815"/>
							<String ID="string_82" HPOS="838" VPOS="569" WIDTH="215" HEIGHT="41" WC="0.95" CONTENT="anläggning,"/><SP WIDTH="24" VPOS="569" HPOS="1053"/>
							<String ID="string_83" HPOS="1077" VPOS="568" WIDTH="189" HEIGHT="41" WC="0.95" CONTENT="inrättning"/><SP WIDTH="25" VPOS="568" HPOS="1266"/>
							<String ID="string_84" HPOS="1291" VPOS="568" WIDTH="81" HEIGHT="31" WC="0.95" CONTENT="eller"/><SP WIDTH="23" VPOS="568" HPOS="1372"/>
							<String ID="string_85" HPOS="1395" VPOS="568" WIDTH="170" HEIGHT="41" WC="0.96" CONTENT="byggnad,"/><SP WIDTH="25" VPOS="568" HPOS="1565"/>
							<String ID="string_86" HPOS="1590" VPOS="579" WIDTH="73" HEIGHT="20" WC="0.96" CONTENT="som"/><SP WIDTH="25" VPOS="579" HPOS="1663"/>
							<String ID="string_87" HPOS="1688" VPOS="567" WIDTH="79" HEIGHT="32" WC="0.96" CONTENT="med"/>
						</TextLine>
						<TextLine ID="line_9" HPOS="266" VPOS="618" WIDTH="1499" HEIGHT="42">
							<String ID="string_88" HPOS="266" VPOS="620" WIDTH="166" HEIGHT="31" WC="0.93" CONTENT="avseende"/><SP WIDTH="34" VPOS="620" HPOS="432"/>
							<String ID="string_89" HPOS="466" VPOS="622" WIDTH="19" HEIGHT="29" WC="0.90" CONTENT="å"/><SP WIDTH="32" VPOS="622" HPOS="485"/>
							<String ID="string_90" HPOS="517" VPOS="619" WIDTH="213" HEIGHT="41" WC="0.92" CONTENT="luftskyddet"/><SP WIDTH="32" VPOS="619" HPOS="730"/>
							<String ID="string_91" HPOS="762" VPOS="619" WIDTH="96" HEIGHT="41" WC="0.96" CONTENT="lyder"/><SP WIDTH="20" VPOS="619" HPOS="858"/>
							<String ID="string_92" HPOS="878" VPOS="619" WIDTH="109" HEIGHT="32" WC="0.96" CONTENT="under"/><SP WIDTH="22" VPOS="619" HPOS="987"/>
							<String ID="string_93" HPOS="1009" VPOS="630" WIDTH="109" HEIGHT="20" WC="0.95" CONTENT="annan"/><SP WIDTH="22" VPOS="630" HPOS="1118"/>
							<String ID="string_94" HPOS="1140" VPOS="619" WIDTH="208" HEIGHT="41" WC="0.96" CONTENT="myndighet,"/><SP WIDTH="24" VPOS="619" HPOS="1348"/>
							<String ID="string_95" HPOS="1372" VPOS="619" WIDTH="90" HEIGHT="41" WC="0.96" CONTENT="gälla"/><SP WIDTH="23" VPOS="619" HPOS="1462"/>
							<String ID="string_96" HPOS="1485" VPOS="619" WIDTH="118" HEIGHT="31" WC="0.96" CONTENT="denna."/><SP WIDTH="33" VPOS="619" HPOS="1603"/>
							<String ID="string_97" HPOS="1636" VPOS="618" WIDTH="129" HEIGHT="41" WC="0.95" CONTENT="Kungl."/>
						</TextLine>
						<TextLine ID="line_10" HPOS="264" VPOS="669" WIDTH="1501" HEIGHT="43">
							<String ID="string_98" HPOS="264" VPOS="670" WIDTH="100" HEIGHT="42" WC="0.96" CONTENT="Maj:t"/><SP WIDTH="27" VPOS="670" HPOS="364"/>
							<String ID="string_99" HPOS="391" VPOS="672" WIDTH="80" HEIGHT="39" WC="0.96" CONTENT="äger"/><SP WIDTH="28" VPOS="672" HPOS="471"/>
							<String ID="string_100" HPOS="499" VPOS="670" WIDTH="105" HEIGHT="42" WC="0.96" CONTENT="enligt"/><SP WIDTH="28" VPOS="670" HPOS="604"/>
							<String ID="string_101" HPOS="632" VPOS="670" WIDTH="38" HEIGHT="31" WC="0.92" CONTENT="12"/><SP WIDTH="27" VPOS="670" HPOS="670"/>
							<String ID="string_102" HPOS="697" VPOS="669" WIDTH="21" HEIGHT="42" WC="0.74" CONTENT="&amp;"/><SP WIDTH="28" VPOS="669" HPOS="718"/>
							<String ID="string_103" HPOS="746" VPOS="670" WIDTH="154" HEIGHT="31" WC="0.96" CONTENT="meddela"/><SP WIDTH="26" VPOS="670" HPOS="900"/>
							<String ID="string_104" HPOS="926" VPOS="672" WIDTH="154" HEIGHT="29" WC="0.95" CONTENT="närmare"/><SP WIDTH="28" VPOS="672" HPOS="1080"/>
							<String ID="string_105" HPOS="1108" VPOS="670" WIDTH="215" HEIGHT="31" WC="0.95" CONTENT="föreskrifter"/><SP WIDTH="26" VPOS="670" HPOS="1323"/>
							<String ID="string_106" HPOS="1349" VPOS="669" WIDTH="176" HEIGHT="41" WC="0.96" CONTENT="angående"/><SP WIDTH="28" VPOS="669" HPOS="1525"/>
							<String ID="string_107" HPOS="1553" VPOS="669" WIDTH="116" HEIGHT="41" WC="0.92" CONTENT="lagens"/><SP WIDTH="29" VPOS="669" HPOS="1669"/>
							<String ID="string_108" HPOS="1698" VPOS="669" WIDTH="67" HEIGHT="31" WC="0.90" CONTENT="till-"/>
						</TextLine>
						<TextLine ID="line_11" HPOS="267" VPOS="721" WIDTH="182" HEIGHT="41">
							<String ID="string_109" HPOS="267" VPOS="721" WIDTH="182" HEIGHT="41" WC="0.90" CONTENT="lämpning."/>
						</TextLine>
					</TextBlock>
				</ComposedBlock>
				<ComposedBlock ID="cblock_2" HPOS="261" VPOS="812" WIDTH="1509" HEIGHT="790">
					<TextBlock ID="block_3" HPOS="261" VPOS="812" WIDTH="1509" HEIGHT="699">
						<TextLine ID="line_12" HPOS="317" VPOS="812" WIDTH="1450" HEIGHT="43">
							<String ID="string_110" HPOS="317" VPOS="813" WIDTH="87" HEIGHT="32" WC="0.92" CONTENT="Över"/><SP WIDTH="14" VPOS="813" HPOS="404"/>
							<String ID="string_111" HPOS="418" VPOS="814" WIDTH="446" HEIGHT="41" WC="0.90" CONTENT="luftskyddsutredningens"/><SP WIDTH="14" VPOS="814" HPOS="864"/>
							<String ID="string_112" HPOS="878" VPOS="814" WIDTH="131" HEIGHT="41" WC="0.96" CONTENT="förslag"/><SP WIDTH="11" VPOS="814" HPOS="1009"/>
							<String ID="string_113" HPOS="1020" VPOS="814" WIDTH="43" HEIGHT="31" WC="0.93" CONTENT="ha"/><SP WIDTH="15" VPOS="814" HPOS="1063"/>
							<String ID="string_114" HPOS="1078" VPOS="813" WIDTH="187" HEIGHT="31" WC="0.92" CONTENT="infordrats"/><SP WIDTH="21" VPOS="813" HPOS="1265"/>
							<String ID="string_115" HPOS="1286" VPOS="813" WIDTH="252" HEIGHT="31" WC="0.96" CONTENT="utlåtanden"/><SP WIDTH="19" VPOS="813" HPOS="1538"/>
							<String ID="string_116" HPOS="1557" VPOS="812" WIDTH="74" HEIGHT="32" WC="0.95" CONTENT="från"/><SP WIDTH="14" VPOS="812" HPOS="1631"/>
							<String ID="string_117" HPOS="1645" VPOS="812" WIDTH="122" HEIGHT="31" WC="0.96" CONTENT="chefen"/>
						</TextLine>
						<TextLine ID="line_13" HPOS="265" VPOS="862" WIDTH="1503" HEIGHT="43">
							<String ID="string_118" HPOS="265" VPOS="864" WIDTH="54" HEIGHT="31" WC="0.93" CONTENT="för"/><SP WIDTH="13" VPOS="864" HPOS="319"/>
							<String ID="string_119" HPOS="332" VPOS="864" WIDTH="282" HEIGHT="38" WC="0.90" CONTENT="försvarsstaben,"/><SP WIDTH="16" VPOS="864" HPOS="614"/>
							<String ID="string_120" HPOS="630" VPOS="866" WIDTH="111" HEIGHT="36" WC="0.91" CONTENT="armé-,"/><SP WIDTH="17" VPOS="866" HPOS="741"/>
							<String ID="string_121" HPOS="758" VPOS="864" WIDTH="117" HEIGHT="31" WC="0.91" CONTENT="marin-"/><SP WIDTH="15" VPOS="864" HPOS="875"/>
							<String ID="string_122" HPOS="890" VPOS="864" WIDTH="64" HEIGHT="31" WC="0.93" CONTENT="och"/><SP WIDTH="17" VPOS="864" HPOS="954"/>
							<String ID="string_123" HPOS="971" VPOS="864" WIDTH="373" HEIGHT="41" WC="0.91" CONTENT="flygförvaltningarna,"/><SP WIDTH="16" VPOS="864" HPOS="1344"/>
							<String ID="string_124" HPOS="1360" VPOS="863" WIDTH="256" HEIGHT="38" WC="0.93" CONTENT="statskontoret,"/><SP WIDTH="16" VPOS="863" HPOS="1616"/>
							<String ID="string_125" HPOS="1632" VPOS="862" WIDTH="136" HEIGHT="32" WC="0.92" CONTENT="medici-"/>
						</TextLine>
						<TextLine ID="line_14" HPOS="261" VPOS="912" WIDTH="1508" HEIGHT="44">
							<String ID="string_126" HPOS="261" VPOS="914" WIDTH="237" HEIGHT="42" WC="0.90" CONTENT="nalstyrelsen,"/><SP WIDTH="16" VPOS="914" HPOS="498"/>
							<String ID="string_127" HPOS="514" VPOS="915" WIDTH="394" HEIGHT="41" WC="0.91" CONTENT="generalpoststyrelsen,"/><SP WIDTH="16" VPOS="915" HPOS="908"/>
							<String ID="string_128" HPOS="924" VPOS="914" WIDTH="340" HEIGHT="41" WC="0.91" CONTENT="järnvägsstyrelsen,"/><SP WIDTH="15" VPOS="914" HPOS="1264"/>
							<String ID="string_129" HPOS="1279" VPOS="913" WIDTH="323" HEIGHT="41" WC="0.90" CONTENT="telegrafstyrelsen,"/><SP WIDTH="15" VPOS="913" HPOS="1602"/>
							<String ID="string_130" HPOS="1617" VPOS="915" WIDTH="74" HEIGHT="39" WC="0.91" CONTENT="väg-"/><SP WIDTH="13" VPOS="915" HPOS="1691"/>
							<String ID="string_131" HPOS="1704" VPOS="912" WIDTH="65" HEIGHT="32" WC="0.96" CONTENT="och"/>
						</TextLine>
						<TextLine ID="line_15" HPOS="263" VPOS="961" WIDTH="1504" HEIGHT="45">
							<String ID="string_132" HPOS="263" VPOS="964" WIDTH="474" HEIGHT="42" WC="0.90" CONTENT="vattenbyggnadsstyrelsen,"/><SP WIDTH="27" VPOS="964" HPOS="737"/>
							<String ID="string_133" HPOS="764" VPOS="963" WIDTH="375" HEIGHT="42" WC="0.91" CONTENT="vattenfallsstyrelsen,"/><SP WIDTH="24" VPOS="963" HPOS="1139"/>
							<String ID="string_134" HPOS="1163" VPOS="963" WIDTH="359" HEIGHT="42" WC="0.88" CONTENT="byggnadsstyrelsen,"/><SP WIDTH="26" VPOS="963" HPOS="1522"/>
							<String ID="string_135" HPOS="1548" VPOS="961" WIDTH="219" HEIGHT="32" WC="0.91" CONTENT="överståthål-"/>
						</TextLine>
						<TextLine ID="line_16" HPOS="263" VPOS="1012" WIDTH="1504" HEIGHT="44">
							<String ID="string_136" HPOS="263" VPOS="1015" WIDTH="209" HEIGHT="38" WC="0.91" CONTENT="larämbetet,"/><SP WIDTH="21" VPOS="1015" HPOS="472"/>
							<String ID="string_137" HPOS="493" VPOS="1015" WIDTH="285" HEIGHT="41" WC="0.96" CONTENT="länsstyrelserna"/><SP WIDTH="18" VPOS="1015" HPOS="778"/>
							<String ID="string_138" HPOS="796" VPOS="1014" WIDTH="63" HEIGHT="31" WC="0.93" CONTENT="och"/><SP WIDTH="18" VPOS="1014" HPOS="859"/>
							<String ID="string_139" HPOS="877" VPOS="1013" WIDTH="449" HEIGHT="42" WC="0.90" CONTENT="luftskyddsinspektionen."/><SP WIDTH="21" VPOS="1013" HPOS="1326"/>
							<String ID="string_140" HPOS="1347" VPOS="1012" WIDTH="420" HEIGHT="33" WC="0.91" CONTENT="Överståthållarämbetet"/>
						</TextLine>
						<TextLine ID="line_17" HPOS="262" VPOS="1062" WIDTH="1503" HEIGHT="44">
							<String ID="string_141" HPOS="262" VPOS="1066" WIDTH="62" HEIGHT="31" WC="0.96" CONTENT="och"/><SP WIDTH="18" VPOS="1066" HPOS="324"/>
							<String ID="string_142" HPOS="342" VPOS="1068" WIDTH="49" HEIGHT="29" WC="0.96" CONTENT="ett"/><SP WIDTH="17" VPOS="1068" HPOS="391"/>
							<String ID="string_143" HPOS="408" VPOS="1066" WIDTH="115" HEIGHT="31" WC="0.96" CONTENT="flertal"/><SP WIDTH="18" VPOS="1066" HPOS="523"/>
							<String ID="string_144" HPOS="541" VPOS="1065" WIDTH="239" HEIGHT="41" WC="0.96" CONTENT="länsstyrelser"/><SP WIDTH="9" VPOS="1065" HPOS="780"/>
							<String ID="string_145" HPOS="789" VPOS="1065" WIDTH="44" HEIGHT="31" WC="0.96" CONTENT="ha"/><SP WIDTH="10" VPOS="1065" HPOS="833"/>
							<String ID="string_146" HPOS="843" VPOS="1064" WIDTH="56" HEIGHT="31" WC="0.96" CONTENT="vid"/><SP WIDTH="11" VPOS="1064" HPOS="899"/>
							<String ID="string_147" HPOS="910" VPOS="1064" WIDTH="78" HEIGHT="32" WC="0.96" CONTENT="sina"/><SP WIDTH="10" VPOS="1064" HPOS="988"/>
							<String ID="string_148" HPOS="998" VPOS="1064" WIDTH="198" HEIGHT="31" WC="0.93" CONTENT="utlåtanden"/><SP WIDTH="12" VPOS="1064" HPOS="1196"/>
							<String ID="string_149" HPOS="1208" VPOS="1064" WIDTH="94" HEIGHT="41" WC="0.91" CONTENT="fogat"/><SP WIDTH="10" VPOS="1064" HPOS="1302"/>
							<String ID="string_150" HPOS="1312" VPOS="1063" WIDTH="182" HEIGHT="41" WC="0.95" CONTENT="yttranden"/><SP WIDTH="11" VPOS="1063" HPOS="1494"/>
							<String ID="string_151" HPOS="1505" VPOS="1074" WIDTH="41" HEIGHT="20" WC="0.91" CONTENT="av"/><SP WIDTH="10" VPOS="1074" HPOS="1546"/>
							<String ID="string_152" HPOS="1556" VPOS="1062" WIDTH="209" HEIGHT="41" WC="0.91" CONTENT="luftskydds-"/>
						</TextLine>
						<TextLine ID="line_18" HPOS="264" VPOS="1113" WIDTH="1503" HEIGHT="43">
							<String ID="string_153" HPOS="264" VPOS="1117" WIDTH="114" HEIGHT="31" WC="0.96" CONTENT="chefer"/><SP WIDTH="19" VPOS="1117" HPOS="378"/>
							<String ID="string_154" HPOS="397" VPOS="1117" WIDTH="64" HEIGHT="30" WC="0.93" CONTENT="och"/><SP WIDTH="20" VPOS="1117" HPOS="461"/>
							<String ID="string_155" HPOS="481" VPOS="1115" WIDTH="433" HEIGHT="41" WC="0.92" CONTENT="kommunalmyndigheter"/><SP WIDTH="19" VPOS="1115" HPOS="914"/>
							<String ID="string_156" HPOS="933" VPOS="1126" WIDTH="42" HEIGHT="20" WC="0.92" CONTENT="m."/><SP WIDTH="14" VPOS="1126" HPOS="975"/>
							<String ID="string_157" HPOS="989" VPOS="1115" WIDTH="36" HEIGHT="31" WC="0.91" CONTENT="fl."/><SP WIDTH="22" VPOS="1115" HPOS="1025"/>
							<String ID="string_158" HPOS="1047" VPOS="1114" WIDTH="124" HEIGHT="32" WC="0.96" CONTENT="Vidare"/><SP WIDTH="20" VPOS="1114" HPOS="1171"/>
							<String ID="string_159" HPOS="1191" VPOS="1115" WIDTH="63" HEIGHT="30" WC="0.96" CONTENT="har"/><SP WIDTH="19" VPOS="1115" HPOS="1254"/>
							<String ID="string_160" HPOS="1273" VPOS="1114" WIDTH="134" HEIGHT="32" WC="0.95" CONTENT="tillfälle"/><SP WIDTH="22" VPOS="1114" HPOS="1407"/>
							<String ID="string_161" HPOS="1429" VPOS="1116" WIDTH="50" HEIGHT="29" WC="0.96" CONTENT="att"/><SP WIDTH="20" VPOS="1116" HPOS="1479"/>
							<String ID="string_162" HPOS="1499" VPOS="1113" WIDTH="170" HEIGHT="32" WC="0.96" CONTENT="inkomma"/><SP WIDTH="20" VPOS="1113" HPOS="1669"/>
							<String ID="string_163" HPOS="1689" VPOS="1113" WIDTH="78" HEIGHT="30" WC="0.96" CONTENT="med"/>
						</TextLine>
						<TextLine ID="line_19" HPOS="264" VPOS="1163" WIDTH="1501" HEIGHT="44">
							<String ID="string_164" HPOS="264" VPOS="1167" WIDTH="156" HEIGHT="40" WC="0.96" CONTENT="yttrande"/><SP WIDTH="19" VPOS="1167" HPOS="420"/>
							<String ID="string_165" HPOS="439" VPOS="1167" WIDTH="130" HEIGHT="31" WC="0.96" CONTENT="beretts"/><SP WIDTH="19" VPOS="1167" HPOS="569"/>
							<String ID="string_166" HPOS="588" VPOS="1166" WIDTH="145" HEIGHT="31" WC="0.96" CONTENT="svenska"/><SP WIDTH="19" VPOS="1166" HPOS="733"/>
							<String ID="string_167" HPOS="752" VPOS="1165" WIDTH="292" HEIGHT="38" WC="0.96" CONTENT="stadsförbundet,"/><SP WIDTH="20" VPOS="1165" HPOS="1044"/>
							<String ID="string_168" HPOS="1064" VPOS="1165" WIDTH="144" HEIGHT="31" WC="0.91" CONTENT="svenska"/><SP WIDTH="18" VPOS="1165" HPOS="1208"/>
							<String ID="string_169" HPOS="1226" VPOS="1164" WIDTH="360" HEIGHT="32" WC="0.91" CONTENT="landskommunernas"/><SP WIDTH="20" VPOS="1164" HPOS="1586"/>
							<String ID="string_170" HPOS="1606" VPOS="1163" WIDTH="159" HEIGHT="36" WC="0.96" CONTENT="förbund,"/>
						</TextLine>
						<TextLine ID="line_20" HPOS="266" VPOS="1213" WIDTH="1499" HEIGHT="45">
							<String ID="string_171" HPOS="266" VPOS="1218" WIDTH="143" HEIGHT="30" WC="0.93" CONTENT="svenska"/><SP WIDTH="42" VPOS="1218" HPOS="409"/>
							<String ID="string_172" HPOS="451" VPOS="1216" WIDTH="390" HEIGHT="42" WC="0.86" CONTENT="landstingsförbundet,"/><SP WIDTH="43" VPOS="1216" HPOS="841"/>
							<String ID="string_173" HPOS="884" VPOS="1215" WIDTH="142" HEIGHT="42" WC="0.85" CONTENT="Sverige"/><SP WIDTH="33" VPOS="1215" HPOS="1026"/>
							<String ID="string_174" HPOS="1059" VPOS="1215" WIDTH="444" HEIGHT="41" WC="0.91" CONTENT="fastighetsägareförbund,"/><SP WIDTH="45" VPOS="1215" HPOS="1503"/>
							<String ID="string_175" HPOS="1548" VPOS="1213" WIDTH="217" HEIGHT="32" WC="0.70" CONTENT="Stockholms"/>
						</TextLine>
						<TextLine ID="line_21" HPOS="265" VPOS="1265" WIDTH="1502" HEIGHT="44">
							<String ID="string_176" HPOS="265" VPOS="1267" WIDTH="450" HEIGHT="42" WC="0.92" CONTENT="fastighetsägareförening,"/><SP WIDTH="18" VPOS="1267" HPOS="715"/>
							<String ID="string_177" HPOS="733" VPOS="1267" WIDTH="280" HEIGHT="41" WC="0.91" CONTENT="hyresgästernas"/><SP WIDTH="18" VPOS="1267" HPOS="1013"/>
							<String ID="string_178" HPOS="1031" VPOS="1265" WIDTH="230" HEIGHT="39" WC="0.93" CONTENT="riksförbund,"/><SP WIDTH="18" VPOS="1265" HPOS="1261"/>
							<String ID="string_179" HPOS="1279" VPOS="1266" WIDTH="279" HEIGHT="41" WC="0.91" CONTENT="hyresgästernas"/><SP WIDTH="18" VPOS="1266" HPOS="1558"/>
							<String ID="string_180" HPOS="1576" VPOS="1265" WIDTH="191" HEIGHT="41" WC="0.91" CONTENT="sparkasse-"/>
						</TextLine>
						<TextLine ID="line_22" HPOS="265" VPOS="1316" WIDTH="1501" HEIGHT="44">
							<String ID="string_181" HPOS="265" VPOS="1319" WIDTH="62" HEIGHT="31" WC="0.93" CONTENT="och"/><SP WIDTH="17" VPOS="1319" HPOS="327"/>
							<String ID="string_182" HPOS="344" VPOS="1318" WIDTH="394" HEIGHT="42" WC="0.92" CONTENT="byggnadsföreningars"/><SP WIDTH="19" VPOS="1318" HPOS="738"/>
							<String ID="string_183" HPOS="757" VPOS="1317" WIDTH="230" HEIGHT="38" WC="0.96" CONTENT="riksförbund,"/><SP WIDTH="22" VPOS="1317" HPOS="987"/>
							<String ID="string_184" HPOS="1009" VPOS="1317" WIDTH="157" HEIGHT="41" WC="0.93" CONTENT="Sveriges"/><SP WIDTH="20" VPOS="1317" HPOS="1166"/>
							<String ID="string_185" HPOS="1186" VPOS="1316" WIDTH="310" HEIGHT="38" WC="0.92" CONTENT="industriförbund,"/><SP WIDTH="20" VPOS="1316" HPOS="1496"/>
							<String ID="string_186" HPOS="1516" VPOS="1316" WIDTH="144" HEIGHT="32" WC="0.93" CONTENT="svenska"/><SP WIDTH="17" VPOS="1316" HPOS="1660"/>
							<String ID="string_187" HPOS="1677" VPOS="1316" WIDTH="89" HEIGHT="31" WC="0.91" CONTENT="kom-"/>
						</TextLine>
						<TextLine ID="line_23" HPOS="264" VPOS="1366" WIDTH="1506" HEIGHT="44">
							<String ID="string_188" HPOS="264" VPOS="1369" WIDTH="274" HEIGHT="32" WC="0.89" CONTENT="munaltekniska"/><SP WIDTH="22" VPOS="1369" HPOS="538"/>
							<String ID="string_189" HPOS="560" VPOS="1369" WIDTH="210" HEIGHT="41" WC="0.96" CONTENT="föreningen,"/><SP WIDTH="26" VPOS="1369" HPOS="770"/>
							<String ID="string_190" HPOS="796" VPOS="1368" WIDTH="201" HEIGHT="41" WC="0.95" CONTENT="föreningen"/><SP WIDTH="25" VPOS="1368" HPOS="997"/>
							<String ID="string_191" HPOS="1022" VPOS="1368" WIDTH="157" HEIGHT="41" WC="0.93" CONTENT="Sveriges"/><SP WIDTH="24" VPOS="1368" HPOS="1179"/>
							<String ID="string_192" HPOS="1203" VPOS="1367" WIDTH="291" HEIGHT="38" WC="0.91" CONTENT="stadsarkitekter,"/><SP WIDTH="24" VPOS="1367" HPOS="1494"/>
							<String ID="string_193" HPOS="1518" VPOS="1367" WIDTH="145" HEIGHT="32" WC="0.93" CONTENT="svenska"/><SP WIDTH="22" VPOS="1367" HPOS="1663"/>
							<String ID="string_194" HPOS="1685" VPOS="1366" WIDTH="85" HEIGHT="32" WC="0.91" CONTENT="arki-"/>
						</TextLine>
						<TextLine ID="line_24" HPOS="265" VPOS="1417" WIDTH="1503" HEIGHT="43">
							<String ID="string_195" HPOS="265" VPOS="1420" WIDTH="126" HEIGHT="31" WC="0.92" CONTENT="tekters"/><SP WIDTH="38" VPOS="1420" HPOS="391"/>
							<String ID="string_196" HPOS="429" VPOS="1419" WIDTH="230" HEIGHT="38" WC="0.96" CONTENT="riksförbund,"/><SP WIDTH="39" VPOS="1419" HPOS="659"/>
							<String ID="string_197" HPOS="698" VPOS="1419" WIDTH="146" HEIGHT="32" WC="0.93" CONTENT="svenska"/><SP WIDTH="36" VPOS="1419" HPOS="844"/>
							<String ID="string_198" HPOS="880" VPOS="1418" WIDTH="366" HEIGHT="42" WC="0.91" CONTENT="teknologföreningen"/><SP WIDTH="38" VPOS="1418" HPOS="1246"/>
							<String ID="string_199" HPOS="1284" VPOS="1420" WIDTH="86" HEIGHT="29" WC="0.96" CONTENT="samt"/><SP WIDTH="37" VPOS="1420" HPOS="1370"/>
							<String ID="string_200" HPOS="1407" VPOS="1417" WIDTH="312" HEIGHT="42" WC="0.96" CONTENT="stadsfullmäktige"/><SP WIDTH="38" VPOS="1417" HPOS="1719"/>
							<String ID="string_201" HPOS="1757" VPOS="1417" WIDTH="11" HEIGHT="31" WC="0.95" CONTENT="i"/>
						</TextLine>
						<TextLine ID="line_25" HPOS="266" VPOS="1467" WIDTH="1342" HEIGHT="44">
							<String ID="string_202" HPOS="266" VPOS="1470" WIDTH="208" HEIGHT="38" WC="0.95" CONTENT="Stockholm,"/><SP WIDTH="27" VPOS="1470" HPOS="474"/>
							<String ID="string_203" HPOS="501" VPOS="1470" WIDTH="183" HEIGHT="41" WC="0.96" CONTENT="Göteborg,"/><SP WIDTH="26" VPOS="1470" HPOS="684"/>
							<String ID="string_204" HPOS="710" VPOS="1469" WIDTH="138" HEIGHT="38" WC="0.96" CONTENT="Malmö,"/><SP WIDTH="25" VPOS="1469" HPOS="848"/>
							<String ID="string_205" HPOS="873" VPOS="1469" WIDTH="119" HEIGHT="37" WC="0.96" CONTENT="Borås,"/><SP WIDTH="27" VPOS="1469" HPOS="992"/>
							<String ID="string_206" HPOS="1019" VPOS="1468" WIDTH="114" HEIGHT="38" WC="0.96" CONTENT="Gävle,"/><SP WIDTH="25" VPOS="1468" HPOS="1133"/>
							<String ID="string_207" HPOS="1158" VPOS="1468" WIDTH="143" HEIGHT="31" WC="0.96" CONTENT="Kalmar"/><SP WIDTH="24" VPOS="1468" HPOS="1301"/>
							<String ID="string_208" HPOS="1325" VPOS="1468" WIDTH="62" HEIGHT="31" WC="0.96" CONTENT="och"/><SP WIDTH="26" VPOS="1468" HPOS="1387"/>
							<String ID="string_209" HPOS="1413" VPOS="1467" WIDTH="195" HEIGHT="32" WC="0.95" CONTENT="Sundsvall."/>
						</TextLine>
					</TextBlock>
					<TextBlock ID="block_4" HPOS="267" VPOS="1518" WIDTH="1501" HEIGHT="84">
						<TextLine ID="line_26" HPOS="319" VPOS="1518" WIDTH="1449" HEIGHT="44">
							<String ID="string_210" HPOS="319" VPOS="1520" WIDTH="30" HEIGHT="32" WC="0.93" CONTENT="Å"/><SP WIDTH="23" VPOS="1520" HPOS="349"/>
							<String ID="string_211" HPOS="372" VPOS="1519" WIDTH="63" HEIGHT="33" WC="0.93" CONTENT="sid."/><SP WIDTH="27" VPOS="1519" HPOS="435"/>
							<String ID="string_212" HPOS="462" VPOS="1521" WIDTH="124" HEIGHT="31" WC="0.89" CONTENT="23—28"/><SP WIDTH="25" VPOS="1521" HPOS="586"/>
							<String ID="string_213" HPOS="611" VPOS="1520" WIDTH="11" HEIGHT="31" WC="0.96" CONTENT="i"/><SP WIDTH="24" VPOS="1520" HPOS="622"/>
							<String ID="string_214" HPOS="646" VPOS="1520" WIDTH="261" HEIGHT="42" WC="0.93" CONTENT="propositionen"/><SP WIDTH="25" VPOS="1520" HPOS="907"/>
							<String ID="string_215" HPOS="932" VPOS="1519" WIDTH="183" HEIGHT="41" WC="0.92" CONTENT="redogöres"/><SP WIDTH="25" VPOS="1519" HPOS="1115"/>
							<String ID="string_216" HPOS="1140" VPOS="1519" WIDTH="54" HEIGHT="31" WC="0.96" CONTENT="för"/><SP WIDTH="25" VPOS="1519" HPOS="1194"/>
							<String ID="string_217" HPOS="1219" VPOS="1518" WIDTH="187" HEIGHT="32" WC="0.96" CONTENT="innehållet"/><SP WIDTH="27" VPOS="1518" HPOS="1406"/>
							<String ID="string_218" HPOS="1433" VPOS="1518" WIDTH="11" HEIGHT="30" WC="0.96" CONTENT="i"/><SP WIDTH="26" VPOS="1518" HPOS="1444"/>
							<String ID="string_219" HPOS="1470" VPOS="1518" WIDTH="41" HEIGHT="31" WC="0.96" CONTENT="de"/><SP WIDTH="26" VPOS="1518" HPOS="1511"/>
							<String ID="string_220" HPOS="1537" VPOS="1518" WIDTH="142" HEIGHT="41" WC="0.93" CONTENT="avgivna"/><SP WIDTH="26" VPOS="1518" HPOS="1679"/>
							<String ID="string_221" HPOS="1705" VPOS="1520" WIDTH="63" HEIGHT="39" WC="0.91" CONTENT="ytt-"/>
						</TextLine>
						<TextLine ID="line_27" HPOS="267" VPOS="1571" WIDTH="156" HEIGHT="31">
							<String ID="string_222" HPOS="267" VPOS="1571" WIDTH="156" HEIGHT="31" WC="0.91" CONTENT="randena."/>
						</TextLine>
					</TextBlock>
				</ComposedBlock>
				<ComposedBlock ID="cblock_3" HPOS="456" VPOS="1659" WIDTH="1134" HEIGHT="43">
					<TextBlock ID="block_5" HPOS="456" VPOS="1659" WIDTH="1134" HEIGHT="43">
						<TextLine ID="line_28" HPOS="456" VPOS="1659" WIDTH="1134" HEIGHT="43">
							<String ID="string_223" HPOS="456" VPOS="1661" WIDTH="66" HEIGHT="33" WC="0.96" CONTENT="De"/><SP WIDTH="22" VPOS="1661" HPOS="522"/>
							<String ID="string_224" HPOS="544" VPOS="1670" WIDTH="158" HEIGHT="32" WC="0.95" CONTENT="genom"/><SP WIDTH="23" VPOS="1670" HPOS="702"/>
							<String ID="string_225" HPOS="725" VPOS="1660" WIDTH="333" HEIGHT="42" WC="0.96" CONTENT="propositionen"/><SP WIDTH="21" VPOS="1660" HPOS="1058"/>
							<String ID="string_226" HPOS="1079" VPOS="1660" WIDTH="252" HEIGHT="41" WC="0.95" CONTENT="framlagda"/><SP WIDTH="21" VPOS="1660" HPOS="1331"/>
							<String ID="string_227" HPOS="1352" VPOS="1659" WIDTH="238" HEIGHT="41" WC="0.96" CONTENT="förslagen."/>
						</TextLine>
					</TextBlock>
				</ComposedBlock>
				<ComposedBlock ID="cblock_4" HPOS="264" VPOS="1728" WIDTH="1505" HEIGHT="749">
					<TextBlock ID="block_6" HPOS="264" VPOS="1728" WIDTH="1505" HEIGHT="243">
						<TextLine ID="line_29" HPOS="318" VPOS="1728" WIDTH="1450" HEIGHT="43">
							<String ID="string_228" HPOS="318" VPOS="1730" WIDTH="68" HEIGHT="31" WC="0.96" CONTENT="Vid"/><SP WIDTH="15" VPOS="1730" HPOS="386"/>
							<String ID="string_229" HPOS="401" VPOS="1730" WIDTH="123" HEIGHT="31" WC="0.96" CONTENT="remiss"/><SP WIDTH="18" VPOS="1730" HPOS="524"/>
							<String ID="string_230" HPOS="542" VPOS="1730" WIDTH="53" HEIGHT="30" WC="0.96" CONTENT="till"/><SP WIDTH="15" VPOS="1730" HPOS="595"/>
							<String ID="string_231" HPOS="610" VPOS="1729" WIDTH="155" HEIGHT="42" WC="0.96" CONTENT="lagrådet"/><SP WIDTH="16" VPOS="1729" HPOS="765"/>
							<String ID="string_232" HPOS="781" VPOS="1740" WIDTH="40" HEIGHT="20" WC="0.97" CONTENT="av"/><SP WIDTH="16" VPOS="1740" HPOS="821"/>
							<String ID="string_233" HPOS="837" VPOS="1731" WIDTH="175" HEIGHT="39" WC="0.96" CONTENT="upprättat"/><SP WIDTH="16" VPOS="1731" HPOS="1012"/>
							<String ID="string_234" HPOS="1028" VPOS="1729" WIDTH="128" HEIGHT="39" WC="0.96" CONTENT="förslag"/><SP WIDTH="17" VPOS="1729" HPOS="1156"/>
							<String ID="string_235" HPOS="1173" VPOS="1729" WIDTH="54" HEIGHT="30" WC="0.96" CONTENT="till"/><SP WIDTH="17" VPOS="1729" HPOS="1227"/>
							<String ID="string_236" HPOS="1244" VPOS="1729" WIDTH="54" HEIGHT="40" WC="0.96" CONTENT="lag"/><SP WIDTH="18" VPOS="1729" HPOS="1298"/>
							<String ID="string_237" HPOS="1316" VPOS="1739" WIDTH="53" HEIGHT="20" WC="0.96" CONTENT="om"/><SP WIDTH="16" VPOS="1739" HPOS="1369"/>
							<String ID="string_238" HPOS="1385" VPOS="1728" WIDTH="198" HEIGHT="40" WC="0.96" CONTENT="skyldighet"/><SP WIDTH="14" VPOS="1728" HPOS="1583"/>
							<String ID="string_239" HPOS="1597" VPOS="1728" WIDTH="55" HEIGHT="40" WC="0.96" CONTENT="för"/><SP WIDTH="15" VPOS="1728" HPOS="1652"/>
							<String ID="string_240" HPOS="1667" VPOS="1730" WIDTH="101" HEIGHT="38" WC="0.95" CONTENT="ägare"/>
						</TextLine>
						<TextLine ID="line_30" HPOS="266" VPOS="1778" WIDTH="1503" HEIGHT="42">
							<String ID="string_241" HPOS="266" VPOS="1791" WIDTH="41" HEIGHT="20" WC="0.96" CONTENT="av"/><SP WIDTH="22" VPOS="1791" HPOS="307"/>
							<String ID="string_242" HPOS="329" VPOS="1779" WIDTH="244" HEIGHT="41" WC="0.96" CONTENT="anläggningar"/><SP WIDTH="22" VPOS="1779" HPOS="573"/>
							<String ID="string_243" HPOS="595" VPOS="1780" WIDTH="61" HEIGHT="31" WC="0.96" CONTENT="och"/><SP WIDTH="24" VPOS="1780" HPOS="656"/>
							<String ID="string_244" HPOS="680" VPOS="1779" WIDTH="195" HEIGHT="41" WC="0.96" CONTENT="byggnader"/><SP WIDTH="21" VPOS="1779" HPOS="875"/>
							<String ID="string_245" HPOS="896" VPOS="1782" WIDTH="50" HEIGHT="29" WC="0.96" CONTENT="att"/><SP WIDTH="22" VPOS="1782" HPOS="946"/>
							<String ID="string_246" HPOS="968" VPOS="1780" WIDTH="151" HEIGHT="30" WC="0.96" CONTENT="anordna"/><SP WIDTH="21" VPOS="1780" HPOS="1119"/>
							<String ID="string_247" HPOS="1140" VPOS="1779" WIDTH="206" HEIGHT="40" WC="0.93" CONTENT="skyddsrum"/><SP WIDTH="22" VPOS="1779" HPOS="1346"/>
							<String ID="string_248" HPOS="1368" VPOS="1789" WIDTH="42" HEIGHT="20" WC="0.92" CONTENT="m."/><SP WIDTH="25" VPOS="1789" HPOS="1410"/>
							<String ID="string_249" HPOS="1435" VPOS="1790" WIDTH="43" HEIGHT="19" WC="0.90" CONTENT="m."/><SP WIDTH="24" VPOS="1790" HPOS="1478"/>
							<String ID="string_250" HPOS="1502" VPOS="1778" WIDTH="140" HEIGHT="32" WC="0.93" CONTENT="anförde"/><SP WIDTH="24" VPOS="1778" HPOS="1642"/>
							<String ID="string_251" HPOS="1666" VPOS="1779" WIDTH="103" HEIGHT="30" WC="0.92" CONTENT="före-"/>
						</TextLine>
						<TextLine ID="line_31" HPOS="267" VPOS="1828" WIDTH="1502" HEIGHT="44">
							<String ID="string_252" HPOS="267" VPOS="1830" WIDTH="212" HEIGHT="42" WC="0.92" CONTENT="dragande"/><SP WIDTH="35" VPOS="1830" HPOS="479"/>
							<String ID="string_253" HPOS="514" VPOS="1829" WIDTH="483" HEIGHT="42" WC="0.89" CONTENT="departementschefen,"/><SP WIDTH="35" VPOS="1829" HPOS="997"/>
							<String ID="string_254" HPOS="1032" VPOS="1828" WIDTH="238" HEIGHT="32" WC="0.95" CONTENT="statsrådet"/><SP WIDTH="30" VPOS="1828" HPOS="1270"/>
							<String ID="string_255" HPOS="1300" VPOS="1828" WIDTH="211" HEIGHT="32" WC="0.92" CONTENT="Westman"/><SP WIDTH="25" VPOS="1828" HPOS="1511"/>
							<String ID="string_256" HPOS="1536" VPOS="1848" WIDTH="43" HEIGHT="3" WC="0.90" CONTENT="—"/><SP WIDTH="27" VPOS="1848" HPOS="1579"/>
							<String ID="string_257" HPOS="1606" VPOS="1829" WIDTH="88" HEIGHT="31" WC="0.96" CONTENT="efter"/><SP WIDTH="24" VPOS="1829" HPOS="1694"/>
							<String ID="string_258" HPOS="1718" VPOS="1830" WIDTH="51" HEIGHT="29" WC="0.96" CONTENT="att"/>
						</TextLine>
						<TextLine ID="line_32" HPOS="264" VPOS="1878" WIDTH="1505" HEIGHT="44">
							<String ID="string_259" HPOS="264" VPOS="1881" WIDTH="85" HEIGHT="31" WC="0.96" CONTENT="hava"/><SP WIDTH="31" VPOS="1881" HPOS="349"/>
							<String ID="string_260" HPOS="380" VPOS="1880" WIDTH="176" HEIGHT="42" WC="0.96" CONTENT="redogjort"/><SP WIDTH="30" VPOS="1880" HPOS="556"/>
							<String ID="string_261" HPOS="586" VPOS="1881" WIDTH="53" HEIGHT="30" WC="0.93" CONTENT="för"/><SP WIDTH="28" VPOS="1881" HPOS="639"/>
							<String ID="string_262" HPOS="667" VPOS="1879" WIDTH="369" HEIGHT="42" WC="0.92" CONTENT="byggnadsstyrelsens"/><SP WIDTH="33" VPOS="1879" HPOS="1036"/>
							<String ID="string_263" HPOS="1069" VPOS="1879" WIDTH="61" HEIGHT="31" WC="0.90" CONTENT="och"/><SP WIDTH="30" VPOS="1879" HPOS="1130"/>
							<String ID="string_264" HPOS="1160" VPOS="1879" WIDTH="446" HEIGHT="41" WC="0.90" CONTENT="luftskyddsutredningens"/><SP WIDTH="32" VPOS="1879" HPOS="1606"/>
							<String ID="string_265" HPOS="1638" VPOS="1878" WIDTH="131" HEIGHT="42" WC="0.96" CONTENT="förslag"/>
						</TextLine>
						<TextLine ID="line_33" HPOS="267" VPOS="1929" WIDTH="1041" HEIGHT="42">
							<String ID="string_266" HPOS="267" VPOS="1933" WIDTH="86" HEIGHT="29" WC="0.96" CONTENT="samt"/><SP WIDTH="22" VPOS="1933" HPOS="353"/>
							<String ID="string_267" HPOS="375" VPOS="1931" WIDTH="41" HEIGHT="30" WC="0.95" CONTENT="de"/><SP WIDTH="23" VPOS="1931" HPOS="416"/>
							<String ID="string_268" HPOS="439" VPOS="1930" WIDTH="144" HEIGHT="41" WC="0.93" CONTENT="avgivna"/><SP WIDTH="21" VPOS="1930" HPOS="583"/>
							<String ID="string_269" HPOS="604" VPOS="1930" WIDTH="204" HEIGHT="41" WC="0.91" CONTENT="yttrandena"/><SP WIDTH="22" VPOS="1930" HPOS="808"/>
							<String ID="string_270" HPOS="830" VPOS="1949" WIDTH="42" HEIGHT="3" WC="0.91" CONTENT="—"/><SP WIDTH="20" VPOS="1949" HPOS="872"/>
							<String ID="string_271" HPOS="892" VPOS="1930" WIDTH="106" HEIGHT="31" WC="0.96" CONTENT="bland"/><SP WIDTH="23" VPOS="1930" HPOS="998"/>
							<String ID="string_272" HPOS="1021" VPOS="1931" WIDTH="100" HEIGHT="29" WC="0.96" CONTENT="annat"/><SP WIDTH="22" VPOS="1931" HPOS="1121"/>
							<String ID="string_273" HPOS="1143" VPOS="1929" WIDTH="165" HEIGHT="41" WC="0.96" CONTENT="följande:"/>
						</TextLine>
					</TextBlock>
					<TextBlock ID="block_7" HPOS="264" VPOS="1978" WIDTH="1505" HEIGHT="297">
						<TextLine ID="line_34" HPOS="321" VPOS="1978" WIDTH="1447" HEIGHT="43">
							<String ID="string_274" HPOS="321" VPOS="1981" WIDTH="267" HEIGHT="31" WC="0.91" CONTENT="»Erfarenheten"/><SP WIDTH="19" VPOS="1981" HPOS="588"/>
							<String ID="string_275" HPOS="607" VPOS="1981" WIDTH="61" HEIGHT="30" WC="0.96" CONTENT="har"/><SP WIDTH="17" VPOS="1981" HPOS="668"/>
							<String ID="string_276" HPOS="685" VPOS="1981" WIDTH="99" HEIGHT="37" WC="0.96" CONTENT="visat,"/><SP WIDTH="19" VPOS="1981" HPOS="784"/>
							<String ID="string_277" HPOS="803" VPOS="1982" WIDTH="49" HEIGHT="29" WC="0.96" CONTENT="att"/><SP WIDTH="17" VPOS="1982" HPOS="852"/>
							<String ID="string_278" HPOS="869" VPOS="1980" WIDTH="205" HEIGHT="41" WC="0.96" CONTENT="skyddsrum"/><SP WIDTH="20" VPOS="1980" HPOS="1074"/>
							<String ID="string_279" HPOS="1094" VPOS="1982" WIDTH="56" HEIGHT="29" WC="0.96" CONTENT="äro"/><SP WIDTH="20" VPOS="1982" HPOS="1150"/>
							<String ID="string_280" HPOS="1170" VPOS="1991" WIDTH="41" HEIGHT="20" WC="0.96" CONTENT="av"/><SP WIDTH="18" VPOS="1991" HPOS="1211"/>
							<String ID="string_281" HPOS="1229" VPOS="1979" WIDTH="268" HEIGHT="42" WC="0.96" CONTENT="utomordentlig"/><SP WIDTH="18" VPOS="1979" HPOS="1497"/>
							<String ID="string_282" HPOS="1515" VPOS="1979" WIDTH="177" HEIGHT="41" WC="0.96" CONTENT="betydelse"/><SP WIDTH="18" VPOS="1979" HPOS="1692"/>
							<String ID="string_283" HPOS="1710" VPOS="1978" WIDTH="58" HEIGHT="31" WC="0.95" CONTENT="vid"/>
						</TextLine>
						<TextLine ID="line_35" HPOS="266" VPOS="2030" WIDTH="1503" HEIGHT="41">
							<String ID="string_284" HPOS="266" VPOS="2032" WIDTH="182" HEIGHT="37" WC="0.75" CONTENT="iuftanfall,"/><SP WIDTH="21" VPOS="2032" HPOS="448"/>
							<String ID="string_285" HPOS="469" VPOS="2033" WIDTH="84" HEIGHT="29" WC="0.96" CONTENT="även"/><SP WIDTH="19" VPOS="2033" HPOS="553"/>
							<String ID="string_286" HPOS="572" VPOS="2042" WIDTH="52" HEIGHT="20" WC="0.96" CONTENT="om"/><SP WIDTH="19" VPOS="2042" HPOS="624"/>
							<String ID="string_287" HPOS="643" VPOS="2031" WIDTH="41" HEIGHT="31" WC="0.96" CONTENT="de"/><SP WIDTH="19" VPOS="2031" HPOS="684"/>
							<String ID="string_288" HPOS="703" VPOS="2031" WIDTH="74" HEIGHT="31" WC="0.96" CONTENT="icke"/><SP WIDTH="19" VPOS="2031" HPOS="777"/>
							<String ID="string_289" HPOS="796" VPOS="2031" WIDTH="162" HEIGHT="32" WC="0.96" CONTENT="innebära"/><SP WIDTH="19" VPOS="2031" HPOS="958"/>
							<String ID="string_290" HPOS="977" VPOS="2031" WIDTH="110" HEIGHT="40" WC="0.96" CONTENT="skydd"/><SP WIDTH="19" VPOS="2031" HPOS="1087"/>
							<String ID="string_291" HPOS="1106" VPOS="2033" WIDTH="70" HEIGHT="29" WC="0.96" CONTENT="mot"/><SP WIDTH="20" VPOS="2033" HPOS="1176"/>
							<String ID="string_292" HPOS="1196" VPOS="2030" WIDTH="194" HEIGHT="32" WC="0.94" CONTENT="fullträffar."/><SP WIDTH="31" VPOS="2030" HPOS="1390"/>
							<String ID="string_293" HPOS="1421" VPOS="2031" WIDTH="54" HEIGHT="31" WC="0.95" CONTENT="De"/><SP WIDTH="20" VPOS="2031" HPOS="1475"/>
							<String ID="string_294" HPOS="1495" VPOS="2030" WIDTH="136" HEIGHT="41" WC="0.95" CONTENT="förslag,"/><SP WIDTH="21" VPOS="2030" HPOS="1631"/>
							<String ID="string_295" HPOS="1652" VPOS="2040" WIDTH="117" HEIGHT="20" WC="0.95" CONTENT="varom"/>
						</TextLine>
						<TextLine ID="line_36" HPOS="264" VPOS="2079" WIDTH="1504" HEIGHT="44">
							<String ID="string_296" HPOS="264" VPOS="2082" WIDTH="61" HEIGHT="31" WC="0.96" CONTENT="här"/><SP WIDTH="20" VPOS="2082" HPOS="325"/>
							<String ID="string_297" HPOS="345" VPOS="2084" WIDTH="35" HEIGHT="29" WC="0.95" CONTENT="är"/><SP WIDTH="20" VPOS="2084" HPOS="380"/>
							<String ID="string_298" HPOS="400" VPOS="2082" WIDTH="105" HEIGHT="41" WC="0.95" CONTENT="fråga,"/><SP WIDTH="23" VPOS="2082" HPOS="505"/>
							<String ID="string_299" HPOS="528" VPOS="2083" WIDTH="75" HEIGHT="30" WC="0.96" CONTENT="röra"/><SP WIDTH="19" VPOS="2083" HPOS="603"/>
							<String ID="string_300" HPOS="622" VPOS="2081" WIDTH="215" HEIGHT="41" WC="0.95" CONTENT="skyddsrum,"/><SP WIDTH="21" VPOS="2081" HPOS="837"/>
							<String ID="string_301" HPOS="858" VPOS="2081" WIDTH="150" HEIGHT="32" WC="0.96" CONTENT="avsedda"/><SP WIDTH="21" VPOS="2081" HPOS="1008"/>
							<String ID="string_302" HPOS="1029" VPOS="2082" WIDTH="53" HEIGHT="30" WC="0.97" CONTENT="för"/><SP WIDTH="19" VPOS="2082" HPOS="1082"/>
							<String ID="string_303" HPOS="1101" VPOS="2080" WIDTH="92" HEIGHT="32" WC="0.96" CONTENT="vissa"/><SP WIDTH="21" VPOS="2080" HPOS="1193"/>
							<String ID="string_304" HPOS="1214" VPOS="2080" WIDTH="243" HEIGHT="42" WC="0.96" CONTENT="anläggningar"/><SP WIDTH="22" VPOS="2080" HPOS="1457"/>
							<String ID="string_305" HPOS="1479" VPOS="2080" WIDTH="63" HEIGHT="32" WC="0.96" CONTENT="och"/><SP WIDTH="20" VPOS="2080" HPOS="1542"/>
							<String ID="string_306" HPOS="1562" VPOS="2079" WIDTH="206" HEIGHT="43" WC="0.96" CONTENT="byggnader."/>
						</TextLine>
						<TextLine ID="line_37" HPOS="266" VPOS="2130" WIDTH="1503" HEIGHT="45">
							<String ID="string_307" HPOS="266" VPOS="2134" WIDTH="132" HEIGHT="41" WC="0.96" CONTENT="Frågan"/><SP WIDTH="37" VPOS="2134" HPOS="398"/>
							<String ID="string_308" HPOS="435" VPOS="2144" WIDTH="55" HEIGHT="20" WC="0.93" CONTENT="om"/><SP WIDTH="36" VPOS="2144" HPOS="490"/>
							<String ID="string_309" HPOS="526" VPOS="2132" WIDTH="218" HEIGHT="32" WC="0.96" CONTENT="anordnande"/><SP WIDTH="37" VPOS="2132" HPOS="744"/>
							<String ID="string_310" HPOS="781" VPOS="2143" WIDTH="40" HEIGHT="20" WC="0.96" CONTENT="av"/><SP WIDTH="36" VPOS="2143" HPOS="821"/>
							<String ID="string_311" HPOS="857" VPOS="2132" WIDTH="182" HEIGHT="41" WC="0.96" CONTENT="offentliga"/><SP WIDTH="25" VPOS="2132" HPOS="1039"/>
							<String ID="string_312" HPOS="1064" VPOS="2131" WIDTH="204" HEIGHT="41" WC="0.95" CONTENT="skyddsrum"/><SP WIDTH="26" VPOS="2131" HPOS="1268"/>
							<String ID="string_313" HPOS="1294" VPOS="2132" WIDTH="53" HEIGHT="30" WC="0.93" CONTENT="för"/><SP WIDTH="24" VPOS="2132" HPOS="1347"/>
							<String ID="string_314" HPOS="1371" VPOS="2130" WIDTH="284" HEIGHT="41" WC="0.91" CONTENT="gatutrafikanter"/><SP WIDTH="25" VPOS="2130" HPOS="1655"/>
							<String ID="string_315" HPOS="1680" VPOS="2130" WIDTH="89" HEIGHT="30" WC="0.96" CONTENT="samt"/>
						</TextLine>
						<TextLine ID="line_38" HPOS="267" VPOS="2180" WIDTH="1501" HEIGHT="45">
							<String ID="string_316" HPOS="267" VPOS="2184" WIDTH="205" HEIGHT="41" WC="0.95" CONTENT="skyddsrum"/><SP WIDTH="24" VPOS="2184" HPOS="472"/>
							<String ID="string_317" HPOS="496" VPOS="2184" WIDTH="54" HEIGHT="30" WC="0.95" CONTENT="för"/><SP WIDTH="23" VPOS="2184" HPOS="550"/>
							<String ID="string_318" HPOS="573" VPOS="2183" WIDTH="63" HEIGHT="31" WC="0.96" CONTENT="den"/><SP WIDTH="25" VPOS="2183" HPOS="636"/>
							<String ID="string_319" HPOS="661" VPOS="2183" WIDTH="114" HEIGHT="31" WC="0.92" CONTENT="aktiva"/><SP WIDTH="21" VPOS="2183" HPOS="775"/>
							<String ID="string_320" HPOS="796" VPOS="2181" WIDTH="402" HEIGHT="42" WC="0.91" CONTENT="luftskyddspersonalen"/><SP WIDTH="24" VPOS="2181" HPOS="1198"/>
							<String ID="string_321" HPOS="1222" VPOS="2182" WIDTH="63" HEIGHT="31" WC="0.96" CONTENT="och"/><SP WIDTH="23" VPOS="2182" HPOS="1285"/>
							<String ID="string_322" HPOS="1308" VPOS="2182" WIDTH="53" HEIGHT="30" WC="0.93" CONTENT="för"/><SP WIDTH="21" VPOS="2182" HPOS="1361"/>
							<String ID="string_323" HPOS="1382" VPOS="2180" WIDTH="227" HEIGHT="42" WC="0.91" CONTENT="hjälpplatser"/><SP WIDTH="21" VPOS="2180" HPOS="1609"/>
							<String ID="string_324" HPOS="1630" VPOS="2181" WIDTH="62" HEIGHT="31" WC="0.92" CONTENT="har"/><SP WIDTH="22" VPOS="2181" HPOS="1692"/>
							<String ID="string_325" HPOS="1714" VPOS="2180" WIDTH="54" HEIGHT="31" WC="0.88" CONTENT="be-"/>
						</TextLine>
						<TextLine ID="line_39" HPOS="266" VPOS="2231" WIDTH="1167" HEIGHT="44">
							<String ID="string_326" HPOS="266" VPOS="2234" WIDTH="157" HEIGHT="31" WC="0.90" CONTENT="handlats"/><SP WIDTH="23" VPOS="2234" HPOS="423"/>
							<String ID="string_327" HPOS="446" VPOS="2234" WIDTH="12" HEIGHT="30" WC="0.96" CONTENT="i"/><SP WIDTH="23" VPOS="2234" HPOS="458"/>
							<String ID="string_328" HPOS="481" VPOS="2233" WIDTH="260" HEIGHT="42" WC="0.96" CONTENT="propositionen"/><SP WIDTH="21" VPOS="2233" HPOS="741"/>
							<String ID="string_329" HPOS="762" VPOS="2245" WIDTH="39" HEIGHT="19" WC="0.96" CONTENT="nr"/><SP WIDTH="23" VPOS="2245" HPOS="801"/>
							<String ID="string_330" HPOS="824" VPOS="2233" WIDTH="38" HEIGHT="31" WC="0.96" CONTENT="18"/><SP WIDTH="23" VPOS="2233" HPOS="862"/>
							<String ID="string_331" HPOS="885" VPOS="2232" WIDTH="52" HEIGHT="31" WC="0.96" CONTENT="till"/><SP WIDTH="23" VPOS="2232" HPOS="937"/>
							<String ID="string_332" HPOS="960" VPOS="2232" WIDTH="227" HEIGHT="31" WC="0.96" CONTENT="innevarande"/><SP WIDTH="24" VPOS="2232" HPOS="1187"/>
							<String ID="string_333" HPOS="1211" VPOS="2234" WIDTH="54" HEIGHT="29" WC="0.96" CONTENT="års"/><SP WIDTH="23" VPOS="2234" HPOS="1265"/>
							<String ID="string_334" HPOS="1288" VPOS="2231" WIDTH="145" HEIGHT="42" WC="0.96" CONTENT="riksdag."/>
						</TextLine>
					</TextBlock>
					<TextBlock ID="block_8" HPOS="266" VPOS="2283" WIDTH="1503" HEIGHT="194">
						<TextLine ID="line_40" HPOS="318" VPOS="2283" WIDTH="1451" HEIGHT="43">
							<String ID="string_335" HPOS="318" VPOS="2285" WIDTH="60" HEIGHT="30" WC="0.96" CONTENT="Att"/><SP WIDTH="28" VPOS="2285" HPOS="378"/>
							<String ID="string_336" HPOS="406" VPOS="2284" WIDTH="205" HEIGHT="42" WC="0.96" CONTENT="skyddsrum"/><SP WIDTH="27" VPOS="2284" HPOS="611"/>
							<String ID="string_337" HPOS="638" VPOS="2284" WIDTH="83" HEIGHT="31" WC="0.96" CONTENT="böra"/><SP WIDTH="28" VPOS="2284" HPOS="721"/>
							<String ID="string_338" HPOS="749" VPOS="2284" WIDTH="12" HEIGHT="31" WC="0.89" CONTENT="i"/><SP WIDTH="28" VPOS="2284" HPOS="761"/>
							<String ID="string_339" HPOS="789" VPOS="2284" WIDTH="69" HEIGHT="31" WC="0.95" CONTENT="viss"/><SP WIDTH="29" VPOS="2284" HPOS="858"/>
							<String ID="string_340" HPOS="887" VPOS="2283" WIDTH="234" HEIGHT="41" WC="0.96" CONTENT="utsträckning"/><SP WIDTH="27" VPOS="2283" HPOS="1121"/>
							<String ID="string_341" HPOS="1148" VPOS="2283" WIDTH="145" HEIGHT="31" WC="0.96" CONTENT="inrättas"/><SP WIDTH="28" VPOS="2283" HPOS="1293"/>
							<String ID="string_342" HPOS="1321" VPOS="2283" WIDTH="56" HEIGHT="31" WC="0.96" CONTENT="vid"/><SP WIDTH="30" VPOS="2283" HPOS="1377"/>
							<String ID="string_343" HPOS="1407" VPOS="2283" WIDTH="197" HEIGHT="31" WC="0.95" CONTENT="utförandet"/><SP WIDTH="28" VPOS="2283" HPOS="1604"/>
							<String ID="string_344" HPOS="1632" VPOS="2294" WIDTH="41" HEIGHT="20" WC="0.95" CONTENT="av"/><SP WIDTH="28" VPOS="2294" HPOS="1673"/>
							<String ID="string_345" HPOS="1701" VPOS="2293" WIDTH="68" HEIGHT="30" WC="0.96" CONTENT="nya"/>
						</TextLine>
						<TextLine ID="line_41" HPOS="266" VPOS="2332" WIDTH="1502" HEIGHT="44">
							<String ID="string_346" HPOS="266" VPOS="2335" WIDTH="245" HEIGHT="41" WC="0.96" CONTENT="anläggningar"/><SP WIDTH="37" VPOS="2335" HPOS="511"/>
							<String ID="string_347" HPOS="548" VPOS="2335" WIDTH="81" HEIGHT="31" WC="0.96" CONTENT="eller"/><SP WIDTH="35" VPOS="2335" HPOS="629"/>
							<String ID="string_348" HPOS="664" VPOS="2335" WIDTH="199" HEIGHT="41" WC="0.96" CONTENT="byggnader"/><SP WIDTH="36" VPOS="2335" HPOS="863"/>
							<String ID="string_349" HPOS="899" VPOS="2334" WIDTH="98" HEIGHT="32" WC="0.96" CONTENT="torde"/><SP WIDTH="28" VPOS="2334" HPOS="997"/>
							<String ID="string_350" HPOS="1025" VPOS="2345" WIDTH="138" HEIGHT="20" WC="0.96" CONTENT="numera"/><SP WIDTH="27" VPOS="2345" HPOS="1163"/>
							<String ID="string_351" HPOS="1190" VPOS="2334" WIDTH="73" HEIGHT="31" WC="0.96" CONTENT="icke"/><SP WIDTH="28" VPOS="2334" HPOS="1263"/>
							<String ID="string_352" HPOS="1291" VPOS="2344" WIDTH="78" HEIGHT="20" WC="0.96" CONTENT="vara"/><SP WIDTH="27" VPOS="2344" HPOS="1369"/>
							<String ID="string_353" HPOS="1396" VPOS="2334" WIDTH="143" HEIGHT="31" WC="0.96" CONTENT="föremål"/><SP WIDTH="28" VPOS="2334" HPOS="1539"/>
							<String ID="string_354" HPOS="1567" VPOS="2334" WIDTH="53" HEIGHT="30" WC="0.96" CONTENT="för"/><SP WIDTH="27" VPOS="2334" HPOS="1620"/>
							<String ID="string_355" HPOS="1647" VPOS="2332" WIDTH="121" HEIGHT="32" WC="0.96" CONTENT="delade"/>
						</TextLine>
						<TextLine ID="line_42" HPOS="267" VPOS="2383" WIDTH="1501" HEIGHT="44">
							<String ID="string_356" HPOS="267" VPOS="2386" WIDTH="182" HEIGHT="41" WC="0.96" CONTENT="meningar."/><SP WIDTH="37" VPOS="2386" HPOS="449"/>
							<String ID="string_357" HPOS="486" VPOS="2386" WIDTH="18" HEIGHT="30" WC="0.96" CONTENT="I"/><SP WIDTH="23" VPOS="2386" HPOS="504"/>
							<String ID="string_358" HPOS="527" VPOS="2385" WIDTH="106" HEIGHT="32" WC="0.96" CONTENT="likhet"/><SP WIDTH="23" VPOS="2385" HPOS="633"/>
							<String ID="string_359" HPOS="656" VPOS="2386" WIDTH="78" HEIGHT="31" WC="0.93" CONTENT="med"/><SP WIDTH="23" VPOS="2386" HPOS="734"/>
							<String ID="string_360" HPOS="757" VPOS="2385" WIDTH="426" HEIGHT="41" WC="0.91" CONTENT="luftskyddsutredningen"/><SP WIDTH="24" VPOS="2385" HPOS="1183"/>
							<String ID="string_361" HPOS="1207" VPOS="2395" WIDTH="99" HEIGHT="20" WC="0.96" CONTENT="anser"/><SP WIDTH="24" VPOS="2395" HPOS="1306"/>
							<String ID="string_362" HPOS="1330" VPOS="2384" WIDTH="64" HEIGHT="41" WC="0.96" CONTENT="jag,"/><SP WIDTH="26" VPOS="2384" HPOS="1394"/>
							<String ID="string_363" HPOS="1420" VPOS="2386" WIDTH="50" HEIGHT="30" WC="0.96" CONTENT="att"/><SP WIDTH="25" VPOS="2386" HPOS="1470"/>
							<String ID="string_364" HPOS="1495" VPOS="2383" WIDTH="208" HEIGHT="32" WC="0.96" CONTENT="inrättandet"/><SP WIDTH="24" VPOS="2383" HPOS="1703"/>
							<String ID="string_365" HPOS="1727" VPOS="2394" WIDTH="41" HEIGHT="20" WC="0.96" CONTENT="av"/>
						</TextLine>
						<TextLine ID="line_43" HPOS="267" VPOS="2433" WIDTH="1502" HEIGHT="44">
							<String ID="string_366" HPOS="267" VPOS="2437" WIDTH="204" HEIGHT="40" WC="0.96" CONTENT="skyddsrum"/><SP WIDTH="22" VPOS="2437" HPOS="471"/>
							<String ID="string_367" HPOS="493" VPOS="2436" WIDTH="63" HEIGHT="31" WC="0.93" CONTENT="bör"/><SP WIDTH="23" VPOS="2436" HPOS="556"/>
							<String ID="string_368" HPOS="579" VPOS="2436" WIDTH="205" HEIGHT="31" WC="0.91" CONTENT="föreskrivas"/><SP WIDTH="24" VPOS="2436" HPOS="784"/>
							<String ID="string_369" HPOS="808" VPOS="2436" WIDTH="122" HEIGHT="40" WC="0.96" CONTENT="jämväl"/><SP WIDTH="23" VPOS="2436" HPOS="930"/>
							<String ID="string_370" HPOS="953" VPOS="2435" WIDTH="215" HEIGHT="32" WC="0.96" CONTENT="beträffande"/><SP WIDTH="24" VPOS="2435" HPOS="1168"/>
							<String ID="string_371" HPOS="1192" VPOS="2435" WIDTH="104" HEIGHT="31" WC="0.96" CONTENT="redan"/><SP WIDTH="23" VPOS="2435" HPOS="1296"/>
							<String ID="string_372" HPOS="1319" VPOS="2434" WIDTH="182" HEIGHT="42" WC="0.95" CONTENT="befintliga"/><SP WIDTH="24" VPOS="2434" HPOS="1501"/>
							<String ID="string_373" HPOS="1525" VPOS="2433" WIDTH="244" HEIGHT="42" WC="0.96" CONTENT="anläggningar"/>
						</TextLine>
					</TextBlock>
				</ComposedBlock>
			</PrintSpace>
		</Page>
	</Layout>
</alto>
