1870 2788
275 132 37 29 16
544 135 404 40 Bevillningsutskottets
975 139 220 32 betänkande
1221 150 42 20 nr
1287 142 42 30 37
1354 143 39 30 år
1421 144 83 29 1955

276 216 261 41 garantibelopp
560 218 54 31 för
637 219 165 40 fastighet
823 222 194 40 överväges.
1040 223 14 29 I
1077 223 189 42 anledning
1288 235 43 21 av
1351 227 66 30 vad
1438 228 12 29 i
1471 229 221 31 motionerna
1715 240 59 21 an-

274 266 88 30 förts
379 266 61 31 vill
457 268 192 30 emellertid
668 270 169 30 utskottet
855 271 197 36 framhålla,
1071 275 51 28 att
1140 274 108 40 enligt
1264 276 67 29 vad
1349 285 75 21 som
1442 277 156 41 framgår
1616 288 43 21 av
1676 289 99 30 nyss-

275 316 154 31 nämnda
447 319 186 39 utredning
659 320 100 34 (SOU
781 321 97 30 1953:8
934 332 25 20 s.
979 323 40 29 88
1038 323 47 36 ff)
1111 324 41 30 de
1173 325 413 43 skattelagssakkunniga
1604 340 100 21 avser
1722 333 51 28 att

275 375 121 21 senare
423 367 53 30 till
500 368 214 41 behandling
742 373 152 37 upptaga
921 373 161 38 speciella
1109 374 119 39 frågor
1253 385 58 20 om
1337 377 149 41 ändring
1514 379 10 28 i
1551 379 223 31 kommunal-

273 416 235 41 skattelagens
526 419 373 39 detaljbestämmelser
916 423 149 30 rörande
1083 424 466 43 fastighetsbeskattningen.
1569 430 112 30 Bland
1698 431 76 30 des-

273 475 38 21 sa
328 467 119 39 frågor
464 470 145 29 nämnes
628 471 144 29 särskilt
789 471 65 30 den
873 482 48 19 nu
940 473 239 31 förevarande.
1196 476 54 29 Då
1268 477 78 29 med
1363 478 139 39 hänsyn
1520 479 120 31 härtill
1658 481 115 30 denna

272 516 99 40 fråga
391 518 71 29 kan
481 518 208 32 förutsättas
708 521 47 29 bli
774 521 197 32 behandlad
991 533 43 20 av
1052 525 42 29 de
1115 526 232 40 sakkunniga,
1369 528 117 30 finner
1506 530 171 31 utskottet
1696 531 76 30 icke

272 567 77 30 skäl
368 570 51 28 att
437 569 12 28 i
469 569 188 41 anledning
677 580 42 21 av
738 572 219 31 motionerna
975 574 142 30 förorda
1138 576 166 31 skrivelse
1325 578 51 30 till
1397 579 126 40 Kungl.
1543 581 106 39 Maj:t
1669 582 11 28 i
1700 583 73 29 äm-

271 619 67 28 net.

314 718 118 30 Under
450 719 219 41 åberopande
688 731 42 20 av
748 723 66 29 vad
834 723 147 31 sålunda
1000 725 136 31 anförts
1156 726 55 30 får
1232 728 169 30 utskottet
1419 729 196 36 hemställa,

623 773 51 28 att
691 773 41 29 de
750 773 223 40 likalydande
992 776 220 31 motionerna
1230 779 29 29 1:
1276 779 61 30 355
1356 788 43 21 av
1416 780 122 30 herrar
1555 781 94 31 Ebbe
1668 783 102 30 Ohls-

578 830 63 21 son
662 823 65 29 och
746 823 193 41 Björnberg
958 828 91 27 samt
1068 826 45 31 11:
1130 827 64 31 430
1214 837 43 20 av
1274 828 81 30 herr
1374 830 141 30 Nilsson
1534 831 11 29 i
1566 832 125 30 Svalöv
1709 843 60 20 an-

577 872 132 39 gående
730 874 69 29 viss
820 875 148 40 ändring
988 885 41 21 av
1048 876 309 33 bestämmelserna
1377 889 57 21 om
1455 881 242 40 skyldigheten
1718 886 51 28 att

575 922 140 40 erlägga
737 923 281 40 fastighetsskatt
1040 927 118 38 måtte,
1192 928 1 29 i
1215 929 67 29 den
1304 929 82 30 mån
1409 931 42 29 de
1472 931 76 30 icke
1571 932 71 30 kan
1664 943 103 20 anses

574 972 191 32 besvarade
791 982 125 31 genom
942 976 66 30 vad
1037 978 172 30 utskottet
1236 988 89 21 ovan
1352 980 128 35 anfört,
1509 991 43 21 av
1578 982 188 41 riksdagen

575 1023 138 31 lämnas
737 1026 84 28 utan
844 1025 133 40 åtgärd.

311 1104 201 31 Stockholm
536 1106 66 30 den
629 1108 41 30 19
692 1108 89 39 april
806 1110 82 30 1955

696 1208 48 30 På
764 1209 399 40 bevillningsutskottets
1184 1214 145 38 vägnar:

829 1311 153 30 ADOLYVY
1004 1312 170 31 OLSSON

889 1520 241 32 Närvarande:

304 1573 81 29 från
428 1574 165 30 första
633 1576 222 31 kammaren:
888 1578 122 30 herrar
1041 1580 155 39 Sjödahl,
1229 1582 169 35 Heiman,
1431 1584 125 30 Gustaf
1586 1586 175 34 Elofsson,

261 1614 180 37 Eriksson,
464 1616 213 41 Söderquist,
700 1619 180 36 Velander,
904 1621 122 40 Snygg,
1050 1623 135 30 Ånders
1206 1625 210 35 Johansson,
1437 1627 147 30 Werner
1605 1629 65 29 och
1691 1629 70 30 frö-

261 1657 67 29 ken
347 1658 195 37 Ranmark;
562 1662 92 28 samt

304 1715 81 30 från
424 1718 153 30 andra
616 1719 222 32 kammaren:
869 1722 122 30 herrar
1020 1723 128 30 Olsson
1176 1724 11 29 i
1217 1725 112 36 Gävle,
1359 1727 227 31 Kristensson
1613 1729 12 29 i
1655 1730 104 39 Osby,

260 1757 144 40 Orgård,
430 1759 218 37 Sundström,
673 1762 121 39 Sjölin,
818 1763 141 37 Brandt,
983 1765 171 40 Vigelsbo,
1179 1768 129 35 Allard,
1333 1769 183 30 Anderson
1538 1771 11 29 i
1573 1772 187 30 Sundsvall

259 1801 64 29 och
341 1801 142 30 Nilsson
500 1802 12 29 i
531 1804 133 31 Svalöv.
