2166 2614
381 201 19 32 8
864 196 257 34 Statsutskottets
1143 193 168 34 utlåtande
1334 193 52 32 Nr
1408 195 74 30 172.

486 286 36 49 2)
549 286 99 36 »dels
690 286 47 35 25
780 287 155 46 procent
976 294 47 24 av
1063 280 117 37 under
1210 277 312 50 nästföregående
1549 279 40 34 år
1615 274 168 38 utbetald
1811 276 160 36 kontant

384 338 189 50 sjukhjälp
614 337 54 36 till
696 337 102 47 lägst
827 336 47 35 90
902 339 62 32 öre
993 346 61 23 om
1083 332 133 50 dagen,
1245 331 89 37 eller
1361 330 59 37 för
1446 328 92 38 vård
1566 331 20 34 å
1614 327 173 49 sjukhus,
1817 341 80 23 som
1926 340 46 23 av

383 391 197 49 sjukkassa
607 389 204 45 bekostats,
840 385 130 37 därvid
997 384 173 49 bidraget
1187 385 114 46 utgår
1320 382 83 37 med
1422 381 114 49 högst
1557 382 17 34 1
1598 380 119 36 krona
1736 392 60 23 om
1817 378 153 49 dagen».

485 441 136 37 Därest
661 440 103 36 detta
804 438 142 48 förslag
987 436 118 37 skulle
1144 436 116 35 vinna
1300 433 223 49 riksdagens
1551 431 116 45 bifall,
1698 431 68 36 har
1793 430 180 49 därjämte

383 493 220 47 hemställts,
620 497 53 31 att
701 491 62 37 det
792 489 157 38 sålunda
975 487 186 50 beviljade
1188 487 120 47 högre
1336 485 264 47 statsbidraget
1628 486 115 34 måtte
1770 484 92 47 utgå
1892 482 81 36 från

384 546 68 36 och
480 544 84 37 med
593 547 40 33 år
664 544 110 35 1920.

486 596 73 37 Till
587 595 83 37 stöd
700 595 58 36 för
785 593 64 37 sitt
877 592 144 49 förslag
1048 591 96 36 hava
1172 590 274 36 motionärerna
1474 588 122 37 anfört
1623 585 183 51 följande:

485 648 111 37 »Som
624 648 91 35 känt
742 651 52 42 är,
823 646 68 35 har
918 642 341 51 penningevärdets
1288 642 65 35 fall
1381 643 47 47 på
1455 640 46 37 de
1528 644 147 32 senaste
1704 641 88 33 åren
1821 636 79 37 haft
1920 636 55 36 till

385 700 105 50 följd,
507 706 54 30 att
588 699 190 49 knappast
806 700 128 45 någon
961 694 238 38 verksamhet
1227 707 47 23 av
1302 691 222 38 ekonomisk
1551 696 110 31 natur
1688 690 145 36 kunnat
1859 701 116 36 uppe-

384 753 118 36 hållas
531 751 83 37 med
642 751 73 36 den
744 750 78 36 före
849 748 123 48 kriget
999 746 174 50 gällande
1200 746 166 36 valutan.

487 802 217 38 Emellertid
733 802 68 36 har
828 799 269 49 statsbidraget
1123 798 56 36 till
1207 797 63 37 det
1299 796 178 48 frivilliga
1506 792 383 52 sjukkasseväsendet
1916 797 58 30 ut-

385 859 83 46 gått
508 855 84 37 med
621 853 218 38 oförändrat
866 852 137 49 belopp
1032 850 120 49 enligt
1179 849 131 49 kungl.
1339 847 253 50 kungörelsen
1621 845 130 37 härom
1780 858 45 23 av
1853 844 71 36 den
1952 845 24 34 4

381 908 70 49 juli
482 909 110 35 1910.

488 958 232 48 Visserligen
748 957 100 37 hava
874 954 288 50 sjukkassornas
1190 952 111 49 sjuka
1329 951 243 37 medlemmar
1598 950 81 35 från
1710 948 70 37 och
1800 947 83 37 med
1903 946 73 37 den

390 1014 17 33 1
450 1011 73 49 maj
570 1012 95 35 1918
709 1023 46 22 av
796 1006 219 39 statsmedel
1043 1005 208 37 tillerkänts
1279 1009 54 31 ett
1361 1008 104 31 extra
1492 1001 135 49 bidrag
1654 1000 54 37 till
1738 999 238 50 sjukhjälpen

387 1077 46 23 av
462 1065 47 35 50
539 1067 61 32 öre
627 1075 67 36 per
721 1061 88 48 dag,
838 1072 84 24 men
951 1057 267 49 statsbidraget
1246 1056 57 35 till
1331 1055 268 49 sjukkassorna
1626 1052 119 50 själva
1774 1052 67 36 har
1859 1051 119 36 under

387 1115 101 36 tiden
529 1114 81 37 icke
650 1113 202 49 undergått
891 1114 126 45 någon
1060 1108 220 48 förändring
1319 1107 12 36 i
1359 1107 61 36 det
1448 1105 291 50 ursprungligen
1769 1102 209 38 fastställda

387 1167 188 49 beloppet.

491 1217 239 48 Statsbidrag
769 1216 58 36 till
871 1212 227 51 registrerad
1144 1211 202 50 sjukkassa
1384 1212 112 46 utgår
1540 1209 93 36 efter
1677 1206 301 48 huvudsakligen

389 1277 134 30 tvenne
552 1270 100 36 olika
679 1268 177 49 grunder,
886 1266 79 36 dels
994 1265 84 36 med
1106 1269 53 32 ett
1186 1263 112 49 årligt
1325 1261 136 49 bidrag
1488 1274 44 23 av
1564 1262 18 34 1
1604 1261 119 35 krona
1740 1259 61 37 för
1819 1258 159 37 medlem

388 1319 416 52 (förvaltningsbidrag)
845 1318 69 38 och
955 1318 82 36 dels
1078 1315 83 38 med
1204 1317 47 34 25
1280 1320 65 31 öre
1374 1313 56 37 för
1456 1312 105 49 varje
1589 1311 174 50 sjukdag,
1792 1310 187 48 söndagar

389 1373 199 48 oräknade,
630 1372 96 37 dock
759 1372 113 48 högst
901 1372 21 34 2
951 1370 139 36 kronor
1118 1381 65 36 per
1209 1366 161 37 medlem
1398 1365 71 37 den
1499 1367 45 33 31
1575 1363 195 37 december
1797 1362 182 37 nästföre-

389 1426 144 48 gående
561 1428 51 34 år.

492 1478 88 36 Rätt
606 1477 111 48 länge
745 1475 68 36 har
839 1474 101 37 inom
970 1472 267 50 sjukkassorna
1265 1470 72 37 den
1365 1468 201 48 meningen
1594 1466 102 50 gjort
1715 1466 62 49 sig
1795 1464 184 51 gällande,

390 1535 54 31 att
470 1529 174 49 bidraget
670 1529 59 36 för
757 1527 102 36 antal
887 1525 205 50 sjukdagar
1118 1523 80 37 icke
1225 1524 114 47 utgår
1358 1521 92 36 efter
1468 1520 182 48 lämpliga
1669 1518 175 49 grunder.
1877 1516 103 37 Mera

390 1580 311 48 ändamålsenligt
741 1578 106 37 torde
888 1577 189 49 nämligen
1117 1588 100 35 vara,
1255 1579 54 31 att
1335 1573 172 47 bidraget
1534 1572 11 35 i
1574 1571 106 48 fråga
1707 1570 161 49 utginge
1896 1568 84 37 med

390 1647 46 23 en
477 1634 89 46 viss,
608 1631 103 38 alltid
754 1631 77 36 lika
866 1635 157 44 procent
1051 1641 45 23 av
1124 1627 72 36 den
1224 1624 173 38 lämnade
1424 1622 252 51 sjukhjälpen,
1705 1622 47 36 då
1781 1620 199 50 sjukkassa

391 1685 118 37 skulle
550 1685 127 36 kunna
716 1682 170 37 meddela
914 1680 116 38 sådan
1059 1679 12 36 i
1098 1692 99 24 mera
1224 1676 209 38 vidsträckt
1460 1675 232 48 omfattning
1720 1674 59 36 för
1806 1672 175 48 måttliga

391 1737 175 49 avgifter.
621 1736 74 36 För
722 1734 149 37 lämnad
900 1732 190 50 sjukhjälp
1120 1744 44 23 av
1191 1743 47 23 en
1265 1729 119 38 krona
1412 1741 60 23 om
1492 1726 123 50 dagen
1634 1726 158 37 erhåller
1809 1738 50 23 nu
1879 1724 102 49 sjuk-

391 1789 112 37 kassa
531 1792 77 33 åter
635 1789 82 35 från
745 1791 122 32 staten
895 1798 46 24 en
970 1782 181 51 fjärdedel
1178 1782 128 45 härav,
1335 1793 84 24 men
1448 1780 57 36 för
1532 1792 46 23 en
1606 1777 191 50 sjukhjälp
1827 1790 44 23 av
1899 1776 82 48 fyra

391 1841 139 36 kronor
548 1854 61 23 om
628 1840 124 48 dagen
770 1838 97 37 blott
885 1850 45 24 en
949 1834 254 39 sextondedel.
1242 1832 302 49 Olägenheterna
1562 1831 115 36 härav
1697 1828 202 37 framträda
1913 1841 68 22 nu-

392 1906 77 23 mer
496 1895 48 47 på
563 1898 53 31 ett
634 1892 77 36 helt
729 1895 116 32 annat
863 1894 73 32 sätt
956 1893 47 31 än
1023 1887 170 49 tidigare,
1214 1885 48 36 då
1280 1888 49 46 på
1347 1883 123 50 grund
1495 1896 46 23 av
1559 1880 339 52 penningevärdets
1917 1879 65 36 fall

393 1944 253 49 medlemskap
674 1941 302 49 huvudsakligen
1004 1939 108 37 sökes
1139 1938 12 36 i
1179 1937 217 50 sjukkassas
1425 1935 117 49 högre
1562 1934 70 37 och
1651 1938 96 32 även
1767 1945 102 24 mera
1887 1930 94 37 risk-

395 1996 115 49 fyllda
538 1996 153 37 klasser.
748 1994 149 37 Statens
924 1991 138 49 bidrag
1090 1990 56 37 för
1172 1988 152 38 lämnad
1344 1987 190 50 sjukhjälp
1552 1985 115 38 borde
1687 1984 125 38 därför
1817 1979 18 70 i
1860 1983 123 36 stället

393 2052 89 45 utgå
511 2048 83 37 med
623 2049 47 36 25
699 2051 157 45 procent
882 2045 129 46 härav,
1040 2041 207 39 oberoende
1275 2039 259 50 sjukhjälpens
1561 2037 150 37 storlek.
1749 2032 232 56 Härigenom

394 2101 119 36 skulle
541 2100 199 49 sjukkassa
768 2097 137 38 erhålla
934 2094 233 49 statsbidrag
1193 2093 12 36 i
1233 2091 234 39 förhållande
1494 2090 56 37 till
1575 2088 247 50 sjukhälpens
1842 2086 141 38 storlek

394 2153 70 36 och
492 2152 233 46 effektivitet,
754 2150 117 38 vilket
898 2149 55 36 lär
981 2148 128 36 kunna
1135 2158 110 24 anses
1273 2156 91 25 vara
1390 2142 153 48 rimligt,
1572 2141 46 37 då
1646 2140 122 50 dylikt
1794 2139 134 48 bidrag
1947 2137 32 49 ej

394 2208 112 45 utgår
548 2205 57 35 för
645 2204 118 48 högre
804 2200 192 51 sjukhjälp
1026 2204 47 32 än
1100 2200 23 35 4
1150 2198 139 36 kronor
1317 2209 61 23 om
1407 2195 134 48 dagen.
1595 2192 314 50 Begränsningen
1937 2203 47 23 av

394 2258 171 47 bidraget
607 2257 55 35 till
704 2258 21 33 2
768 2254 137 36 kronor
932 2266 67 35 per
1027 2251 156 36 medlem
1212 2249 116 36 borde
1355 2248 11 35 i
1396 2246 92 49 följd
1517 2246 113 36 härav
1659 2244 113 37 också
1799 2242 183 38 bortfalla.
