2180 2624
354 221 43 31 36
852 221 288 32 Bankoutskottets
1162 221 168 32 utlåtande
1352 221 54 31 Nr
1427 224 42 28 55

1105 351 45 34 21
1182 349 33 49 8.

461 435 89 36 Rätt
592 435 56 36 till
677 435 302 49 tjänstepension
1007 434 64 36 vid
1099 437 153 47 avgång
1280 435 83 36 från
1392 435 167 49 tjänsten
1587 434 243 37 tillkommer:

462 486 34 49 a)
539 487 87 46 den,
668 500 98 23 som:
790 490 165 46 uppnått
991 486 59 37 för
1090 486 95 36 hans
1226 486 221 49 befattning
1483 486 162 49 stadgad
1672 487 299 49 pensionsålder,

358 538 120 37 under
505 538 277 49 förutsättning
810 544 56 31 att
894 539 76 36 han
998 538 76 36 kan
1100 538 119 36 räkna
1246 538 119 36 minst
1392 539 53 36 tio
1474 538 179 49 tjänstår;

461 589 38 49 b)
542 590 86 47 den,
671 603 81 24 som
794 590 150 37 träffats
985 603 47 23 av
1073 590 201 49 olycksfall
1314 590 13 36 i
1368 590 180 49 tjänsten,
1578 589 125 38 därest
1731 590 242 48 olycksfallet

357 642 122 36 finnes
522 642 58 36 för
608 642 199 36 framtiden
835 642 172 37 medföra
1036 642 197 47 oförmåga
1262 641 57 36 för
1346 642 308 49 tjänstemannen
1683 647 54 31 att
1764 641 209 50 behörigen

358 694 110 36 sköta
500 694 60 36 sin
589 693 216 49 befattning
833 694 71 36 och
932 694 75 35 han
1035 693 33 48 ej
1112 693 117 37 heller
1256 707 48 22 av
1332 693 282 37 vederbörande
1649 693 157 50 styrelse
1834 699 140 43 prövas

358 745 129 36 kunna
514 745 209 49 lämpligen
752 746 214 48 tjänstgöra
992 745 13 36 i
1033 758 126 23 annan
1186 745 221 49 befattning
1434 745 64 36 vid
1526 745 149 46 verket;
1705 751 99 30 samt

462 796 33 49 c)
524 796 86 48 den,
640 810 82 23 som
749 797 84 36 icke
862 799 162 47 uppnått
1050 797 316 49 pensionsåldern
1390 810 85 23 men
1511 796 95 37 dock
1625 797 76 36 kan
1719 797 120 36 räkna
1858 796 117 36 minst

358 848 53 37 tio
440 848 172 49 tjänstår,
635 848 125 37 därest
786 849 78 35 han
891 849 57 36 till
976 848 95 49 följd
1101 862 45 22 av
1174 848 191 50 sjukdom,
1385 849 202 36 vanförhet
1614 849 89 36 eller
1728 849 78 49 lyte
1824 849 13 35 i
1857 848 120 36 andra

345 900 81 36 -fall
454 905 48 31 än
529 900 121 37 under
669 899 36 50 b)
734 905 89 43 sägs
852 901 91 36 eller
961 900 56 36 till
1036 900 94 49 följd
1151 913 47 23 av
1217 900 153 36 nedsatt
1390 900 301 49 arbetsförmåga
1718 900 171 37 befinnes
1918 900 58 36 för

359 951 203 37 framtiden
604 952 223 49 oförmögen
869 957 56 31 att
965 952 209 49 behörigen
1216 952 112 36 sköta
1364 952 59 36 sin
1450 952 218 49 befattning
1696 952 71 36 och
1795 952 33 49 ej
1859 952 118 36 heller

359 1016 49 23 av
449 1003 284 37 vederbörande
774 1004 158 48 styrelse
973 1008 139 45 prövas
1152 1004 130 36 kunna
1322 1004 209 49 lämpligen
1562 1004 209 48 tjänstgöra
1808 1004 12 35 i
1849 1016 127 23 annan

359 1055 218 49 befattning
603 1055 65 37 vid
696 1055 144 36 verket.

1124 1177 47 34 22
1200 1173 33 50 8.

469 1262 32 35 1.
558 1260 232 50 Skyldighet
819 1265 54 32 att
902 1263 97 46 avgå
1028 1260 84 36 från
1139 1261 168 48 tjänsten
1336 1260 166 37 inträder
1531 1261 58 36 för
1616 1260 245 49 tjänsteman:

467 1311 34 50 a)
531 1312 48 37 då
607 1313 76 36 han
711 1315 162 46 uppnått
901 1312 73 36 den
1003 1312 57 36 för
1087 1312 95 37 hang
1210 1312 219 49 befattning
1448 1312 185 48 stadgade
1652 1312 325 49 pensionsåldern,

361 1364 221 48 Konungen
612 1365 100 47 eller,
742 1364 67 36 där
836 1365 221 47 Konungen
1084 1364 32 49 ej
1147 1364 134 36 tillsatt
1294 1364 277 49 befattningen,
1591 1364 287 37 vederbörande
1898 1369 80 44 sty-

360 1416 98 36 relse
499 1416 118 36 likväl
659 1416 178 48 obetaget
879 1421 55 30 att
965 1416 75 36 låta
1068 1419 108 33 anstå
1204 1415 86 37 med
1319 1416 193 47 avskedet,
1542 1416 126 36 därest
1696 1416 70 36 och
1795 1418 41 34 så
1863 1416 115 48 länge

360 1468 311 48 tjänstemannen
703 1473 138 44 prövas
869 1467 130 36 kunna
1025 1470 50 46 på
1102 1473 54 31 ett
1183 1467 349 37 tillfredsställande
1560 1473 76 31 sätt
1664 1481 129 36 gagna
1822 1467 62 37 det
1912 1467 66 36 all-

361 1524 151 43 männa,
556 1519 98 37 dock
681 1519 83 36 icke
796 1519 13 36 i
837 1522 120 46 något
984 1519 66 36 fall
1079 1519 131 49 längre
1239 1525 47 30 än
1314 1520 57 36 till
1399 1520 70 36 och
1498 1519 86 37 med
1613 1519 73 37 den
1713 1519 150 47 månad,
1892 1532 86 23 var-

362 1571 122 36 under
513 1571 77 36 han
619 1571 110 49 fyller
756 1570 132 49 sjuttio
917 1573 57 43 år;

466 1621 38 49 b)
532 1623 47 36 då
608 1623 75 36 han
711 1622 205 37 förklarats
944 1622 212 49 berättigad
1184 1623 56 36 till
1268 1622 160 50 pension
1456 1622 120 49 enligt
1603 1622 336 37 bestämmelserna
1966 1622 13 35 i

362 1675 48 35 21
441 1672 20 50 $&
489 1673 38 49 b)
558 1675 90 36 eller
675 1673 44 50 c).

468 1728 35 33 2.
558 1725 82 37 Har
667 1726 242 48 tjänsteman,
937 1725 60 36 för
1023 1725 128 37 vilken
1180 1726 119 48 enligt
1340 1728 9 34 I
1379 1739 112 23 mom.
1524 1725 35 49 a)
1587 1739 48 23 av
1656 1726 121 36 denna
1795 1725 189 49 paragraf

363 1777 134 36 inträtt
541 1777 220 49 skyldighet
803 1783 56 31 att
896 1780 99 46 avgå
1033 1777 83 36 från
1157 1778 179 48 tjänsten,
1377 1777 203 37 underlåtit
1621 1783 54 31 att
1715 1778 92 35 söka
1836 1777 142 36 avsked

364 1829 90 36 eller
493 1829 69 36 har
603 1829 241 49 tjänsteman,
888 1832 21 33 å
949 1828 128 37 vilken
1114 1829 335 37 bestämmelserna
1484 1829 13 36 1
1531 1831 47 34 21
1609 1828 21 50 $
1659 1828 38 50 b)
1726 1829 89 36 eller
1844 1828 33 49 c)
1906 1833 75 44 äga

363 1881 256 48 tillämpning,
661 1880 83 37 icke
776 1880 98 49 själv
916 1880 85 37 sökt
1030 1881 152 48 avsked,
1211 1881 76 36 kan
1314 1881 76 36 han
1413 1881 145 49 jämväl
1585 1887 93 30 utan
1707 1880 129 37 därom
1866 1880 113 49 gjord

363 1932 171 37 ansökan
572 1932 211 49 entledigas
821 1946 48 22 av
896 1932 220 49 Konungen
1144 1933 102 48 eller,
1276 1933 67 36 där
1369 1932 220 49 Konungen
1618 1933 32 48 ej
1682 1932 133 37 tillsatt
1843 1932 138 36 befatt-

363 1984 157 48 ningen,
549 1997 49 24 av
625 1983 283 38 vederbörande
937 1984 170 49 styrelse,
1136 1984 71 37 och
1231 1984 96 36 skall
1352 1984 6 36 i
1378 1984 275 48 sammanhang
1672 1984 153 36 därmed
1846 1984 133 49 frågan

364 2048 62 23 om
454 2036 327 48 tjänstemannens
809 2040 76 32 rätt
912 2036 56 36 till
995 2036 160 49 pension
1183 2042 173 42 avgöras.

1121 2184 46 34 23
1197 2181 32 49 8.

472 2268 33 35 1.
563 2268 186 49 Beloppet
777 2280 48 23 av
852 2267 160 49 pension
1037 2267 151 49 jämlikt
1220 2268 46 35 21
1297 2266 21 49 $
1347 2267 35 49 a)
1410 2266 312 50 (ålderspension)
1751 2267 231 37 bestämmes

366 2318 121 49 enligt
518 2319 169 49 följande
714 2319 185 48 grunder:
