2194 2654
706 223 233 41 Lagutskottets
969 221 172 34 Utlåtande
1162 220 64 31 N:o
1249 221 52 30 36.
1747 216 16 32 1

907 912 93 39 N:o
1023 909 90 42 36.

964 1063 71 26 Ank.
1053 1062 44 26 till
1116 1061 95 27 Riksd.
1230 1062 90 26 kansli
1339 1061 53 26 den
1411 1063 15 23 3
1445 1069 70 17 mars
1536 1061 73 33 1898,
1629 1060 36 27 kl,
1686 1062 29 23 12
1733 1057 84 28 midd.

394 1199 226 49 Utlåtande,
660 1205 14 34 i
713 1203 201 48 anledning
952 1203 45 49 af
1031 1203 103 35 väckt
1172 1202 131 35 motion
1345 1214 55 22 om
1441 1200 233 35 utarbetande
1705 1200 45 44 af
1777 1212 42 22 en

611 1271 224 47 arrendelag.

340 1421 65 39 Uti
448 1435 47 23 en
527 1421 65 37 vid
633 1423 94 35 1897
764 1423 60 34 års
853 1420 161 48 riksdag
1041 1419 170 48 afgifven
1239 1418 158 46 motion,
1425 1431 62 23 n:o
1515 1420 60 44 24,
1605 1416 214 38 hemstälde

209 1474 131 36 herrar
385 1474 141 36 Anders
580 1471 128 38 Olsson
753 1472 12 36 i
811 1470 205 46 Ornakärr,
1061 1471 95 36 Jöns
1201 1471 208 35 Andersson
1454 1469 11 36 1
1547 1469 153 48 ÖOhrstorp
1747 1468 73 36 och

208 1526 44 35 A.
283 1525 42 37 G.
360 1524 248 49 Gyllensvärd,
652 1528 54 31 att
732 1522 223 48 Riksdagen
984 1524 118 34 måtte
1131 1521 12 36 i
1172 1520 203 37 skrifvelse
1405 1519 164 47 anhålla,
1598 1525 55 31 att
1682 1519 138 47 Kongl.

208 1575 107 49 Maj:t
343 1575 91 36 ville
464 1574 97 37 efter
589 1573 197 37 verkstäld
815 1573 208 48 utredning
1050 1577 91 43 taga
1168 1571 11 36 i
1208 1570 299 49 öfvervägande,
1541 1570 124 36 under
1693 1570 129 35 hvilka

208 1626 125 36 vilkor
361 1625 236 47 arrendator,
626 1637 81 24 som
738 1624 86 36 med
847 1623 208 49 jordegare
1084 1622 128 37 träffat
1240 1621 184 48 skriftligt
1452 1620 268 46 arrendeaftal,
1748 1620 76 36 till-

208 1676 198 37 försäkras
446 1681 75 31 rätt
553 1676 57 35 till
640 1675 219 47 ersättning
886 1674 59 37 för
972 1673 224 37 verkstälda
1224 1672 289 48 förbättringar,
1543 1672 74 36 och
1645 1674 49 46 på
1721 1671 101 35 hvad

210 1732 76 31 sätt
325 1725 366 38 rättsförhållanden
731 1725 141 36 mellan
908 1724 223 36 arrendator
1164 1723 71 36 och
1259 1723 210 47 jordegare
1492 1722 148 47 jemväl
1667 1722 11 35 i
1708 1721 116 47 öfrigt

209 1780 62 34 må
310 1780 50 46 på
388 1782 56 31 ett
467 1776 271 48 betryggande
766 1780 77 32 sätt
870 1774 152 46 ordnas,
1052 1779 100 31 samt
1179 1773 170 37 derefter
1376 1773 58 35 för
1460 1772 222 48 Riksdagen
1711 1771 113 36 fram-

209 1828 117 48 lägga
366 1827 67 36 det
470 1826 147 49 förslag
657 1826 11 36 i
709 1831 141 40 ämnet,
892 1824 150 37 hvartill
1085 1838 48 23 en
1173 1823 105 49 dylik
1318 1823 209 48 utredning
1564 1822 137 36 funnes
1734 1823 91 35 böra

209 1878 211 37 föranleda.

346 1928 75 37 Till
450 1928 84 37 stöd
564 1928 58 36 för
650 1928 105 36 detta
782 1927 144 48 förslag
954 1925 201 38 anfördes:

347 1969 262 58 Öfvertygade
661 1992 60 23 om
766 1977 186 37 behofvet
996 1977 69 36 och
1113 1981 134 44 nyttan
1294 1975 41 37 af
1376 1989 46 22 en
1468 1974 248 47 tidsenligare
1761 1974 65 46 lag

212 2030 164 37 rörande
405 2029 161 37 arrende
591 2035 48 31 än
669 2030 85 45 den,
784 2042 82 22 som
895 2041 50 23 nu
973 2027 151 46 funnes,
1145 2032 97 30 samt
1262 2025 282 50 uppmuntrade
1566 2024 42 36 af
1623 2025 66 36 det
1707 2023 118 45 bifall,

213 2094 81 23 som
324 2080 83 36 från
435 2079 243 49 Riksdagens
707 2080 128 47 begge
862 2079 150 35 kamrar
1038 2077 163 36 kommit
1228 2090 46 22 en
1302 2076 122 36 under
1455 2077 94 34 1896
1581 2079 60 31 års
1667 2074 159 47 riksdag

212 2131 12 36 i
264 2131 121 36 saken
428 2130 115 36 väckt
583 2130 146 36 motion
769 2129 58 36 till
868 2128 74 45 del,
981 2127 47 36 då
1069 2127 103 36 inom
1207 2127 136 35 Första
1374 2126 224 35 Kammaren
1630 2127 46 33 50
1704 2130 123 30 röster

213 2180 174 49 afgifvits
428 2180 59 36 för
527 2180 223 36 densamma
790 2184 104 32 emot
922 2180 58 43 57,
1010 2177 72 37 och
1113 2177 129 36 Andra
1273 2177 229 35 Kammaren
1531 2181 91 30 utan
1652 2174 175 47 votering

214 2231 139 37 bifallit
379 2230 168 37 nämnda
574 2230 159 48 förslag,
761 2229 166 36 tvekade
957 2228 283 36 motionärerna
1270 2227 33 48 ej
1331 2231 54 31 att
1414 2229 80 33 åter
1522 2225 146 48 afgifva
1684 2225 141 36 motion

214 2295 60 23 om
305 2295 147 23 samma
479 2286 121 31 ämne.

296 2336 77 33 Bih.
398 2337 48 32 till
469 2336 112 33 Riksd.
609 2336 84 32 Prot.
719 2338 98 29 1898.
849 2337 15 29 7
878 2334 99 32 Saml.
1002 2337 43 28 19
1069 2333 96 41 Häft.
1190 2333 81 39 (N:o
1295 2334 71 39 36.)
1774 2332 6 30 |
