1872 2806
243 144 18 24 8
699 147 262 29 Statsutskottets
985 148 165 28 utlåtande
1174 157 38 19 nr
1236 150 49 27 44.

237 219 78 32 med
351 219 276 33 fabriksfondens
665 221 193 32 inrättande
885 222 41 31 de
952 221 232 41 provisoriska
1211 220 306 42 förnyelsefonder,
1544 222 89 32 vilka
1663 234 79 30 upp-

237 262 90 47 lagts
349 262 52 31 för
423 262 164 32 täckande
610 274 39 20 av
672 263 184 32 kostnader
878 264 53 31 för
954 265 476 41 ersättningsanskaffningar,
1454 265 13 30 i
1491 265 150 41 enlighet
1665 265 77 31 med

237 304 319 42 fabriksstyrelsens
596 306 61 31 och
697 306 415 42 riksräkenskapsverkets
1152 307 130 41 förslag
1310 307 185 38 avvecklas,
1525 307 116 31 varvid
1672 308 71 30 fon-

242 347 122 32 dernas
388 348 198 41 behållning
610 348 62 31 bör
696 348 238 41 tillgodoföras
961 348 66 32 den
1052 350 20 29 å
1095 348 202 32 riksstatens
1323 348 226 32 inkomstsida
1573 348 168 41 uppförda

242 389 249 32 inkomsttiteln
518 390 115 41 övriga
660 390 133 31 diverse
819 390 194 32 inkomster.
1052 391 52 30 De
1129 391 137 41 belopp,
1295 402 52 19 om
1373 390 90 32 vilka
1489 391 61 30 här
1575 393 36 28 är
1636 391 104 41 fråga,

242 433 120 39 utgöra
396 432 53 31 för
486 432 248 33 fabriksverket
770 433 153 41 omkring
947 433 166 37 4,600,000
1138 433 134 37 kronor,
1299 433 52 30 för
1376 432 366 41 krigsmaterielverket

243 475 165 37 2,400,000
432 475 125 31 kronor
582 475 61 31 och
669 475 54 31 för
748 475 168 34 marinens
942 475 373 32 beklädnadsverkstad
1342 475 132 37 139,000
1499 475 132 37 kronor,
1659 475 84 31 eller

243 517 222 41 sammanlagt
494 518 163 37 7,139,000
685 518 134 30 kronor.
860 518 133 31 Härvid
1021 518 61 30 har
1109 518 56 41 jag
1193 518 170 37 förutsatt,
1393 519 50 29 att
1471 519 48 29 ett
1548 517 125 41 belopp
1702 529 40 19 arv

243 560 163 37 7,400,000
442 559 134 38 kronor,
612 559 105 33 vilket
753 560 173 31 fonderats
962 571 42 20 av
1029 559 412 31 ammunitionsnämnden
1471 559 272 41 (krigsmateriel-

243 602 180 40 nämnden)
445 602 192 41 respektive
653 602 368 41 krigsmaterielverket
1037 602 53 31 för
1107 602 193 31 beredande
1317 613 40 20 av
1375 602 189 41 ersättning
1581 602 53 30 för
1650 602 93 30 vissa

242 644 148 41 verktyg,
418 644 11 30 i
456 644 151 41 enlighet
633 645 77 30 med
737 644 319 42 fabriksstyrelsens
1083 644 62 32 och
1171 644 414 41 riksräkenskapsverkets
1613 643 130 41 förslag

243 688 85 29 även
351 687 11 30 i
386 686 275 42 fortsättningen,
685 687 11 30 i
721 687 164 30 avvaktan
908 688 44 40 på
975 686 211 42 prövningen
1211 697 41 20 av
1275 686 92 31 vissa
1389 697 39 20 av
1453 683 290 44 riksräkenskaps-

242 729 117 31 verket
377 729 118 31 väckta
514 729 128 41 förslag
660 729 144 31 rörande
824 729 263 41 redovisningen
1106 739 40 20 av
1166 729 102 31 dessa
1288 728 116 37 medel,
1426 728 209 31 fortfarande
1656 728 87 31 skall

244 772 53 30 stå
318 771 52 31 till
390 771 384 41 krigsmaterielverkets
795 771 210 42 förfogande.
1028 771 67 31 Vid
1116 770 305 42 ianspråktagande
1441 781 41 20 av
1503 770 240 31 förutnämnda

244 813 119 38 medel,
386 814 165 37 7,139,000
572 814 133 38 kronor,
728 814 169 31 erfordras
918 813 185 32 anvisande
1124 824 40 20 av
1186 812 348 41 invesleringsanslag
1554 812 52 30 för
1627 813 116 30 ersätt-

244 855 359 42 ningsanskaffningar
622 856 63 31 och
705 856 323 41 förnyelsearbeten,
1050 856 105 31 vilket
1174 855 54 31 för
1247 855 246 31 fabriksverket
1513 854 95 32 torde
1628 854 83 31 böra
1733 854 10 29 i

245 898 150 40 enlighet
416 898 77 31 med
514 898 233 41 föreliggande
769 898 127 41 förslag
916 898 110 31 under
1045 898 199 31 Försvarets
1267 897 214 31 fabriksfond
1502 898 166 39 upptagas
1689 896 54 31 till

246 940 163 38 1,500,000
435 940 134 31 kronor.
607 941 67 31 Till
700 941 119 41 frågan
846 952 54 20 om
925 940 349 42 investeringsanslag
1300 940 52 31 för
1378 938 366 42 krigsmaterielverket

244 980 98 34 torde
361 982 55 41 jag
435 983 34 30 få
488 983 206 31 återkomma
713 983 12 30 i
745 986 103 28 annat
867 982 250 41 sammanhang.

293 1028 75 31 Den
392 1030 10 30 i
427 1028 66 31 den
529 1027 234 41 föreliggande
798 1026 227 41 utredningen
1060 1025 144 31 berörda
1242 1025 117 40 frågan
1395 1036 54 19 om
1475 1023 224 33 redovisande
1726 1026 19 28 å

245 1070 275 41 driftbudgetens
549 1069 228 31 inkomstsida
805 1079 40 20 av
873 1069 173 30 överskott
1076 1070 18 29 å
1122 1068 153 30 rörelsen
1303 1067 61 30 bör
1382 1077 54 21 ses
1462 1066 5 30 i
1486 1065 163 31 samband
1667 1065 77 31 med

244 1113 118 40 frågan
395 1123 53 20 om
481 1111 163 31 täckande
677 1122 41 20 av
752 1110 239 32 förutnämnda
1023 1109 184 31 kostnader
1229 1109 53 30 för
1303 1107 308 32 vidmakthållande
1635 1107 11 30 i
1669 1107 75 30 fred

239 1166 41 20 av
300 1155 41 31 de
359 1154 270 42 nytillverkande
649 1154 213 31 fabrikernas
884 1153 197 40 beredskap.
1113 1152 17 31 I
1151 1152 112 31 denna
1283 1152 93 40 fråga
1395 1151 44 31 ha
1460 1151 90 31 olika
1570 1150 175 41 meningar

240 1197 91 41 gjort
346 1198 52 41 sig
412 1197 167 41 gällande,
597 1196 62 32 och
674 1199 51 28 tre
742 1195 199 32 alternativa
958 1194 129 41 förslag
1102 1194 54 31 till
1172 1194 138 40 lösning
1327 1205 39 19 av
1382 1193 191 41 problemet
1588 1193 44 31 ha
1648 1193 97 30 fram-

239 1240 149 31 kommit.
427 1239 154 32 Sålunda
607 1239 182 31 förordade
817 1239 78 30 1941
923 1240 54 29 års
1005 1236 419 41 förvaltningsutredning,
1453 1237 50 30 att
1530 1235 99 31 dessa
1656 1235 90 31 kost-

246 1282 105 31 nader
369 1281 108 32 skulle
497 1281 114 31 täckas
632 1290 122 31 genom
774 1278 197 42 förhöjning
991 1289 41 20 av
1050 1278 153 41 priserna
1223 1279 44 39 på
1286 1277 41 31 de
1347 1277 53 31 till
1420 1278 112 29 staten
1551 1276 193 31 levererade

239 1324 238 42 produkterna.
518 1324 79 30 1942
634 1325 55 29 års
727 1322 146 31 militära
908 1321 306 40 bolagsutredning
1252 1320 166 37 framhöll,
1456 1321 50 30 att
1543 1319 203 42 spörsmålet

241 1367 192 41 egentligen
457 1365 113 42 gällde
594 1365 127 31 sådana
745 1364 192 37 kostnader,
963 1374 73 20 som
1061 1363 111 31 kunde
1199 1363 256 31 sammanfattas
1481 1362 107 31 under
1612 1362 134 30 benäm-

241 1409 126 41 ningen
390 1407 351 43 tomgångsförluster,
768 1407 30 31 d.
821 1418 29 20 v.
874 1418 24 20 s.
922 1406 193 37 kostnader,
1140 1416 73 21 som
1236 1404 168 42 uppstode
1428 1415 123 30 genom
1574 1406 49 29 att
1647 1403 99 32 fabri-

240 1452 104 31 kerna
378 1462 79 20 vore
494 1450 173 41 utbyggda
702 1450 64 31 och
802 1449 176 31 utrustade
1005 1449 52 30 för
1083 1448 220 40 tillverkning
1327 1449 154 30 avsevärt
1508 1446 237 41 överstigande

240 1493 251 32 fredsbehovet.
528 1493 110 31 Dessa
673 1492 193 36 kostnader,
903 1490 90 32 vilka
1018 1492 81 29 nära
1124 1492 117 38 syntes
1268 1492 167 29 motsvara
1461 1491 120 29 räntan
1606 1491 19 29 å
1651 1489 57 31 det
1735 1488 11 30 i

245 1535 346 42 fredsproduktionen
625 1534 202 42 sysselsatta
860 1533 173 42 kapitalet,
1067 1533 115 37 borde,
1218 1533 11 30 i
1264 1533 64 30 den
1362 1534 77 29 mån
1463 1532 41 31 de
1528 1531 71 31 icke
1623 1533 123 39 avsåge

245 1590 42 20 en
318 1589 89 21 mera
437 1578 131 31 normal
599 1576 305 42 tomgångsförlust
936 1575 108 41 enligt
1075 1574 366 42 bolagsutredningens
1474 1573 137 41 mening
1631 1573 115 31 täckas

245 1633 40 19 av
318 1622 57 31 det
408 1620 174 32 överskott
615 1622 19 29 å
668 1620 161 36 rörelsen,
864 1630 73 20 som
971 1618 203 42 uppkomme
1210 1617 58 31 vid
1303 1628 41 20 en
1378 1616 368 41 självkostnadsberäk-

245 1665 84 40 ning
362 1663 245 32 inkluderande
642 1664 86 30 även
763 1661 234 42 kapitalränta.
1037 1661 170 40 Slutligen
1242 1660 44 31 ha
1322 1660 11 30 i
1368 1658 233 42 föreliggande
1637 1658 110 32 utred-

247 1706 83 41 ning
348 1705 298 41 fabriksstyrelsen
665 1704 63 32 och
747 1703 397 41 riksräkenskapsverket
1162 1702 161 36 förordat,
1343 1703 48 29 att
1410 1700 336 41 ersättningsbelopp

247 1749 54 31 för
336 1748 245 32 kostnadernas
617 1746 164 32 täckande
818 1746 129 40 årligen
984 1745 110 31 skulle
1130 1744 136 31 anvisas
1303 1744 73 30 från
1413 1743 139 32 särskilt
1587 1742 118 39 anslag
1730 1744 17 28 å

248 1791 192 31 riksstaten.
472 1790 120 31 Under
612 1788 152 32 normala
784 1787 237 32 förhållanden
1043 1787 108 31 skulle
1172 1786 135 31 således
1327 1788 18 29 å
1365 1785 202 31 riksstatens
1587 1785 160 30 inkomst-

243 1833 76 31 sida
357 1832 175 32 redovisas
572 1831 176 32 överskott
776 1833 19 29 å
825 1830 265 32 fabriksverkets
1132 1829 128 32 rörelse
1291 1829 75 31 med
1397 1829 155 40 omkring
1582 1828 166 37 1,500,000

242 1875 133 38 kronor,
397 1874 236 32 motsvarande
655 1874 71 31 viss
748 1876 140 39 procent
909 1875 19 29 å
950 1872 254 42 ianspråktaget
1225 1871 137 42 kapital,
1385 1871 122 31 medan
1530 1870 175 41 samtidigt
1729 1872 20 29 å

243 1917 222 42 utgiftssidan
498 1917 109 31 skulle
640 1916 136 31 anvisas
809 1915 117 41 anslag
959 1915 55 31 för
1046 1915 162 31 täckande
1231 1926 40 20 av
1293 1914 133 32 verkets
1449 1913 299 41 beredskapskost-

242 1961 114 31 nader.

296 2003 68 30 För
383 2013 83 30 egen
488 2002 56 31 del
564 2002 51 31 får
634 2001 56 41 jag
711 2001 127 37 anföra,
861 2002 48 30 att
930 2000 57 41 jag
1009 1999 171 41 svårligen
1201 1999 66 31 kan
1289 1998 136 31 förorda
1447 1998 58 31 det
1526 2009 40 20 av
1589 1998 79 31 1941
1692 2000 55 28 års

243 2044 411 41 förvaltningsutredning
692 2043 193 41 föreslagna
922 2042 225 37 alternativet,
1187 2041 106 31 vilket
1330 2040 109 32 skulle
1478 2042 80 40 göra
1595 2040 152 42 prissätt-

246 2088 127 41 ningen
393 2089 18 29 å
430 2086 267 33 fabriksverkets
717 2086 186 41 produkter
922 2084 172 33 beroende
1115 2096 39 20 av
1176 2084 172 31 storleken
1369 2094 39 20 av
1429 2083 42 31 de
1492 2082 132 42 mycket
1644 2082 104 32 varie-

248 2130 104 31 rande
373 2128 447 42 beredskapskostnaderna.
853 2127 69 33 Det
942 2137 104 31 synes
1067 2126 68 41 mig
1157 2125 210 42 principiellt
1387 2124 167 41 riktigast,
1577 2126 49 29 att
1647 2124 98 31 dessa

246 2173 184 31 kostnader
452 2172 77 31 med
552 2183 39 20 av
613 2170 351 42 bolagsutredningen
986 2170 144 41 angiven
1154 2168 229 42 begränsning
1405 2167 171 32 bestridas
1600 2167 75 31 från
1701 2168 48 30 ett

249 2217 19 29 å
286 2215 183 31 riksstaten
488 2214 133 31 anvisat
638 2213 127 40 anslag.
794 2212 61 31 Att
871 2211 150 32 beräkna
1038 2210 170 32 storleken
1226 2221 41 20 av
1285 2210 40 31 de
1343 2208 403 41 beredskapskostnader.

249 2268 74 20 som
338 2257 111 30 kunna
465 2255 204 42 uppkomma
684 2255 109 31 under
808 2253 278 32 nästkommande
1102 2252 176 41 budgetår,
1296 2254 35 29 är
1346 2252 11 30 i
1373 2250 195 32 nuvarande
1584 2251 75 40 läge
1674 2249 73 31 icke

249 2298 141 41 möjligt.
416 2298 180 32 Storleken
618 2309 40 19 av
681 2297 42 31 de
745 2296 119 37 medel,
888 2307 73 20 som
984 2295 113 31 kunna
1120 2294 171 32 erfordras
1316 2294 52 31 för
1389 2292 160 41 täckning
1571 2302 39 20 av
1632 2292 114 30 bered-

250 2340 332 41 skapskostnaderna
604 2359 42 3 —
670 2339 11 30 i
707 2339 66 31 den
798 2340 76 29 mån
900 2338 42 31 de
968 2337 73 32 icke
1066 2337 83 31 böra
1172 2336 147 32 normalt
1343 2336 160 30 hänföras
1529 2334 53 31 till
1608 2333 141 31 fabriks-

249 2383 133 31 verkets
401 2382 204 41 produktiva
623 2380 214 32 verksamhet
854 2399 41 4 —
911 2380 152 30 kommer
1079 2379 171 41 nämligen
1268 2380 49 29 att
1334 2378 131 31 variera
1482 2377 11 31 i
1512 2375 144 32 omvänd
1675 2386 73 30 pro-

250 2425 136 41 portion
401 2425 54 30 till
471 2422 420 42 sysselsättningsgraden,
908 2421 114 31 vilken
1037 2422 11 30 i
1065 2422 52 30 sin
1132 2423 55 29 tur
1202 2423 37 29 är
1253 2420 169 31 beroende
1439 2431 40 20 av
1495 2417 253 40 beredskapens

250 2466 212 41 omfattning.
485 2466 82 31 Med
588 2466 132 40 hänsyn
742 2465 54 31 till
818 2466 49 30 att
887 2466 20 29 å
927 2464 111 41 fjärde
1059 2462 218 32 huvudtiteln
1298 2462 82 31 böra
1401 2461 175 32 redovisas
1598 2460 41 31 de
1660 2459 88 32 kost-
