1898 2824
280 193 121 32 Andra
424 182 204 45 kammarens
652 195 127 34 första
803 196 169 43 tillfälliga
996 199 132 32 utskotts
1152 199 164 33 utlåtande
1340 200 52 32 Nr
1418 203 29 29 7.
1593 203 15 30 1

808 624 63 39 Nr
890 625 37 39 7.

612 730 116 27 Ankom
746 732 45 26 till
810 732 175 34 riksdagens
1005 734 97 26 kansli
1123 735 54 26 den
1200 736 33 26 19
1252 738 77 31 april
1350 737 67 26 1929
1434 737 39 26 kl.
1494 739 15 24 1
1528 746 23 17 e.
1572 746 34 17 m.

251 825 127 34 Andra
405 826 229 36 kammarens
659 828 174 41 första
860 830 184 43 tillfälliga
1069 832 157 35 utskotts
1252 834 191 42 utlåtande,
1471 846 45 22 nr
1540 837 69 40 i

519 871 194 44 anledning
739 885 43 22 av
806 875 106 33 väckt
935 878 144 37 motion,
1105 878 54 32 II:
1184 879 74 41 331,
1286 880 181 41 angående
1492 880 117 33 åstad-

520 916 210 35 kommande
755 929 44 23 av
823 930 43 22 en
894 920 111 33 bättre
1030 922 216 34 samverkan
1270 927 13 29 i
1305 924 106 42 fråga
1436 936 56 22 om
1518 925 91 34 bort-

516 960 174 44 flyttning
723 974 43 22 av
795 963 379 42 fornminnesmärken
1206 967 132 35 mellan
1368 969 241 34 riksantikva-

518 1007 79 32 rien
617 1006 67 33 och
704 1017 93 32 resp.
821 1008 122 34 lokala
961 1009 241 41 fornminnes-
1221 1023 43 21 m.
1284 1012 38 42 fl.
1341 1013 222 43 föreningar.

159 1151 15 29 I
196 1161 40 20 en
256 1152 88 30 inom
365 1154 105 30 andra
490 1155 190 31 kammaren
701 1158 94 29 väckt
816 1159 60 29 och
897 1159 49 29 till
968 1160 102 30 andra
1092 1162 206 30 kammarens
1319 1163 103 30 första
1444 1165 165 37 tillfälliga

116 1205 125 30 utskott
259 1205 53 30 för
329 1206 236 32 förberedande
582 1209 249 39 handläggning
849 1212 161 30 hänvisad
1027 1215 130 34 motion,
1175 1226 40 19 nr
1231 1216 67 34 331,
1317 1217 83 30 hava
1419 1218 76 29 herr
1514 1218 93 30 Sved-

116 1267 75 21 man
215 1268 39 20 m.
278 1259 34 30 fl.
337 1260 172 36 hemställt,
535 1264 45 27 att
603 1263 104 30 andra
729 1264 191 31 kammaren
944 1266 52 30 för
1019 1268 52 29 sin
1095 1268 50 30 del
1170 1269 74 30 ville
1269 1270 125 30 besluta
1420 1274 43 27 att
1488 1274 9 27 i
1523 1273 83 29 skri-

117 1311 87 31 velse
218 1313 50 29 till
284 1312 122 39 Kungl.
426 1314 96 38 Maj:t
539 1316 172 31 hemställa
729 1327 51 20 om
797 1319 184 38 utredning,
999 1320 151 38 syftande
1168 1323 49 28 till
1235 1333 38 20 en
1293 1324 101 30 bättre
1412 1327 193 29 samverkan

116 1365 121 31 mellan
264 1367 279 32 riksantikvarien
571 1370 60 29 och
658 1370 39 31 de
722 1371 112 31 lokala
861 1372 225 37 fornminnes-,
1114 1375 193 39 hembygds-
1334 1378 59 30 och
1421 1379 187 31 museiföre-

115 1420 168 37 ningarna
306 1422 11 28 i
341 1420 96 39 fråga
463 1432 50 20 om
537 1422 231 40 bortflyttning
793 1435 41 20 av
856 1426 341 33 fornminnesmärken
1223 1430 74 30 från
1324 1433 177 36 respektive
1526 1433 82 30 före-

117 1473 140 37 ningars
285 1475 389 37 verksamhetsområden,
703 1482 83 26 samt
814 1480 142 31 därefter
983 1483 11 28 i
1020 1483 242 30 instruktionen
1291 1484 52 29 för
1370 1484 239 30 vederbörande

117 1525 110 31 införa
248 1527 252 37 bestämmelser,
522 1539 69 21 som
613 1535 177 33 garantera
813 1543 39 20 en
876 1535 104 29 sådan
1003 1537 204 29 samverkan.

157 1579 213 33 Beträffande
388 1584 235 37 motiveringen
641 1585 121 30 tillåter
780 1587 52 37 sig
848 1588 154 29 utskottet
1020 1589 138 30 hänvisa
1177 1591 48 28 till
1246 1592 169 29 motionen.

157 1686 163 32 Utskottet
343 1689 62 30 har
429 1691 10 28 i
464 1691 203 38 vederbörlig
690 1693 140 37 ordning
852 1695 158 30 inhämtat
1032 1697 150 36 yttrande
1205 1701 75 27 över
1304 1700 161 29 motionen
1490 1709 39 20 av
1555 1701 53 28 vit-

119 1740 141 36 terhets-,
293 1742 151 31 historie-
476 1744 60 29 och
569 1746 380 32 antikvitetsakademien
981 1752 152 27 ävensom
1167 1751 121 30 lämnat
1320 1754 140 28 svenska
1492 1751 115 42 musei-

118 1795 318 39 mannaföreningen
466 1798 60 29 och
555 1799 186 31 samfundet
771 1800 53 30 för
853 1802 260 38 hembygdsvård
1144 1805 130 30 tillfälle
1303 1809 45 26 att
1377 1807 48 29 till
1454 1804 154 47 utskottet

119 1848 165 31 inkomma
302 1850 70 30 med
388 1852 183 36 yttranden.

158 1901 62 31 Det
249 1912 41 21 av
318 1905 187 35 vitterhets-,
535 1906 149 31 historie-
714 1908 60 30 och
805 1910 378 32 antikvitetsakademien
1213 1915 140 35 avgivna
1380 1916 162 36 yttrandet
1572 1920 36 25 är

118 1955 110 31 såsom
252 1956 111 39 bilaga
386 1957 91 38 fogat
502 1960 51 29 vid
577 1960 84 30 detta
686 1962 181 36 utlåtande;
895 1964 60 29 och
979 1964 119 30 tillåter
1122 1967 52 36 sig
1199 1968 154 29 utskottet
1378 1968 60 29 här
1463 1972 44 27 att
1530 1970 78 29 hän-

117 2009 71 30 visa
207 2010 49 29 till
277 2011 185 30 detsamma.

158 2063 15 29 I
189 2063 96 38 fråga
302 2074 51 20 om
370 2065 50 30 det
438 2066 244 39 huvudsakliga
699 2069 178 31 innehållet
893 2072 10 28 i
919 2071 38 30 de
974 2081 40 20 av
1029 2073 141 30 svenska
1188 2076 417 38 museimannaföreningen

118 2117 60 29 och
202 2117 186 32 samfundet
412 2119 53 30 för
488 2120 261 38 hembygdsvård
774 2124 139 36 avgivna
938 2126 194 36 yttrandena
1159 2128 54 28 vill
1239 2129 153 30 utskottet
1417 2130 108 30 lämna
1549 2131 58 30 föl-

118 2171 98 36 jande
237 2172 218 37 redogörelse:
1157 2182 2 4 |

157 2241 148 32 Svenska
321 2245 424 38 museimannaföreningen
762 2248 62 29 har
841 2249 49 29 till
908 2259 39 20 en
964 2249 118 39 början
1100 2253 243 31 sammanfattat
1361 2255 36 30 de
1415 2252 193 46 kategorier,

115 2287 55 30 för
193 2287 94 30 vilka
309 2298 41 20 en
370 2288 110 31 bättre
502 2291 201 30 samverkan
725 2292 122 30 mellan
870 2294 290 32 riksantikvarien
1184 2298 58 29 och
1267 2298 339 40 landsortsorganisa-

117 2332 155 30 tionerna
293 2333 206 37 påkallades,
521 2336 11 28 i
554 2335 150 38 följande
726 2346 162 29 grupper:

156 2375 68 31 dels
247 2377 193 36 kyrkornas
463 2380 129 38 rörliga
614 2381 93 37 gods,

157 2420 68 31 dels
246 2422 183 37 jordfunna
449 2424 182 31 fornsaker
650 2426 78 30 från
748 2427 171 31 forntiden
940 2430 57 28 och
1019 2439 119 21 senare
1160 2432 98 34 tider;
1281 2433 95 30 dessa
1398 2434 109 30 kunde
1527 2445 79 28 upp-

116 2465 92 30 delas
229 2467 12 28 i
262 2468 51 28 tre
333 2476 163 29 grupper:

156 2509 32 38 1)
212 2510 182 31 fornsaker
419 2521 43 21 av
488 2514 81 36 guld
595 2515 60 29 och
681 2516 116 35 silver,
824 2518 94 29 vilka
943 2519 106 37 enligt
1076 2520 55 37 lag
1157 2521 97 30 skola
1279 2522 192 38 hembjudas
1497 2526 109 28 staten

116 2554 53 29 till
196 2555 145 36 inlösen;
369 2556 33 38 2)
431 2557 84 36 fynd
542 2560 12 28 i
582 2568 127 29 gravar
736 2561 84 30 eller
848 2563 104 29 andra
980 2563 90 30 fasta
1097 2565 279 39 fornlämningar,
1405 2568 117 37 gjorda
1550 2569 58 29 vid

151 2615 116 35 Bihang
285 2617 43 28 till
345 2618 175 35 riksdagens
536 2622 146 31 protokoll
699 2623 75 27 1929.
801 2625 33 25 13
850 2625 80 26 saml.
957 2627 14 25 1
989 2626 60 26 avd.
1077 2628 16 25 7
1110 2627 69 33 häft.
1209 2628 58 32 (Nr
1283 2629 40 32 7.)
1596 2634 8 24 1

1649 1705 172 27 Yttranden.
