1886 2814
548 158 273 31 Statsutskottets
848 155 177 31 utlåtande
1049 165 41 20 nr
1115 155 28 30 7.
1569 145 35 29 11

96 244 194 31 revisionen
310 243 149 30 anställd
478 242 160 36 personal
657 240 139 31 beredes
818 249 43 21 en
881 239 129 30 fastare
1031 236 331 37 anställningsform,
1384 235 142 31 varmed
1543 234 63 30 föl-

97 295 52 38 jer
168 294 242 37 pensionsrätt.

143 345 175 35 Förslaget
337 344 156 33 innebär,
514 346 49 26 att
583 342 66 30 den
670 340 167 37 egentliga
856 338 374 37 revisionspersonalen
1249 337 165 30 inordnas
1434 336 111 30 under
1563 334 44 31 ci-

96 396 69 32 vila
186 396 402 36 avlöningsreglementet
609 392 191 38 respektive
820 391 101 32 civila
943 389 496 37 icke-ordinariereglementet.
1472 385 135 32 Kansli-

99 446 124 30 chefen
246 444 144 32 föreslås
416 443 162 38 placerad
602 443 11 30 i
635 442 208 36 lönegraden
869 440 24 30 C
919 442 30 29 8.
978 440 192 36 Förslagets
1195 438 170 31 innebörd
1389 436 221 31 beträffande

97 498 119 37 övriga
240 496 235 37 befattningar
495 495 11 30 i
528 497 106 35 högre
654 494 163 37 lönegrad
839 495 45 29 än
906 494 44 29 20
973 491 153 37 framgår
1147 500 43 21 av
1212 489 257 32 nedanstående
1494 496 113 29 perso-

99 547 288 35 nalförteckning.
413 546 184 30 Dessutom
620 544 171 30 beräknas
814 542 70 30 fem
906 541 236 36 befattningar
1163 539 115 31 såsom
1302 538 307 39 revisionstjänste-

99 601 92 35 män,
213 600 106 30 därav
337 598 58 31 två
412 598 10 30 i
441 597 209 36 lönegraden
668 596 51 30 Eo
740 596 38 29 18
797 595 66 30 och
881 599 51 26 tre
950 594 10 29 i
979 593 50 30 Eo
1051 593 48 30 15.

146 649 75 30 Den
248 648 167 36 egentliga
441 645 348 37 kontorspersonalen
813 642 146 32 föreslås
984 642 200 36 inplacerad
1210 640 21 31 å
1254 640 163 36 löneplan
1444 638 60 31 Eo.
1531 638 79 30 För-

102 700 107 35 slaget
225 702 170 33 upptager
411 707 45 20 en
472 696 270 30 kansliskrivare
761 695 10 30 i
789 694 209 36 lönegraden
1016 693 50 29 Eo
1088 693 49 34 11,
1153 695 49 26 ett
1219 690 250 31 kanslibiträde
1484 689 11 30 i
1513 689 50 30 Eo
1582 690 29 33 7,

102 748 57 31 två
179 748 304 31 kontorsbiträden
504 747 11 29 i
534 747 50 29 Eo
605 746 19 29 4
645 746 66 30 och
731 748 46 27 ett
798 743 230 32 skrivbiträde
1047 743 12 29 i
1081 743 49 29 Eo
1151 743 29 29 2.
1202 742 152 29 Behovet
1374 750 43 21 av
1438 739 174 31 vaktmäs-

102 800 216 36 tarpersonal
347 797 144 31 föreslås
522 797 207 36 tillgodosett
758 804 124 28 genom
913 793 217 31 anställande
1157 802 43 20 av
1230 801 42 21 en
1304 785 308 47 expeditionsvakt,

103 860 74 20 som
202 849 87 31 efter
310 848 203 36 erforderlig
536 846 238 38 prövningstid
796 845 110 30 skulle
929 845 155 36 placeras
1105 844 11 30 i
1138 843 164 36 lönegrad
1324 842 52 29 Ex
1398 842 18 30 5
1439 841 66 30 och
1528 839 87 31 efter

103 901 96 30 hand
220 901 11 29 i
253 900 49 30 Eo
324 900 29 30 5.

148 946 27 35 Å
200 950 294 36 avlöningsstaten
519 948 87 31 skall
631 947 103 36 enligt
757 946 163 36 förslaget
945 948 170 33 upptagas
1140 953 42 21 en
1208 944 217 35 anslagspost
1449 942 51 30 till
1523 942 91 30 avlö-

102 1002 125 37 ningar
247 1003 50 29 till
316 1001 173 31 ordinarie
508 1000 220 37 tjänstemän,
748 997 179 32 beräknad
946 996 50 31 till
1019 997 38 29 15
1072 997 62 29 100
1154 997 140 34 kronor,
1313 995 66 30 och
1398 1003 44 21 en
1462 993 151 36 anslags-

104 1056 78 32 post
201 1052 52 30 till
274 1051 153 30 arvoden
444 1050 65 30 och
530 1049 171 30 särskilda
720 1047 239 35 ersättningar,
979 1046 180 29 bestämda
1181 1054 42 22 av
1244 1044 122 36 Kungl.
1389 1042 112 37 Maj:t,
1521 1042 94 30 inne-

105 1102 156 31 fattande
286 1102 151 29 arvoden
461 1099 35 31 åt
519 1099 273 31 sakrevisionens
817 1096 212 31 ordförande
1051 1096 65 29 och
1139 1095 199 34 ledamöter,
1363 1093 181 31 beräknad
1565 1092 52 30 till

105 1153 41 30 34
160 1153 64 30 000
250 1152 139 30 kronor.
415 1150 117 31 Under
553 1159 43 21 en
621 1149 215 36 anslagspost
859 1147 50 30 till
934 1146 203 36 avlöningar
1156 1145 54 30 till
1232 1144 95 37 övrig
1350 1142 266 32 icke-ordinarie

105 1203 162 36 personal
290 1200 144 32 föreslås
459 1200 118 30 vidare
602 1200 111 29 medel
736 1198 200 30 beräknade
963 1197 50 30 till
1037 1196 203 36 avlöningar
1264 1195 104 36 enligt
1392 1195 110 35 lägsta
1525 1194 90 30 löne-

106 1253 139 30 klassen
267 1252 34 31 åt
321 1252 43 31 de
387 1253 36 28 17
448 1254 95 27 extra
563 1249 174 31 ordinarie
755 1248 449 38 revisionstjänstemännen
1225 1246 66 30 och
1310 1244 35 31 åt
1367 1246 43 30 de
1430 1245 72 30 fem
1522 1246 95 28 extra

107 1303 173 31 ordinarie
307 1302 368 35 befattningshavarna
701 1298 208 32 tillhörande
938 1297 351 37 kontorspersonalen
1316 1296 80 30 med
1424 1295 12 30 i
1461 1298 82 27 runt
1570 1294 46 30 tal

109 1356 61 29 140
184 1355 64 29 000
275 1353 139 35 kronor,
440 1352 51 30 till
516 1351 186 30 kostnader
728 1349 55 31 för
807 1349 215 36 inplacering
1046 1357 42 21 av
1112 1346 343 36 befattningshavare
1476 1345 12 30 i
1512 1346 106 35 högre

106 1405 174 30 löneklass
300 1405 45 29 än
366 1403 67 30 den
453 1403 110 35 lägsta
584 1401 171 30 beräknas
777 1402 16 28 7
809 1400 63 30 000
894 1399 130 30 kronor
1044 1402 88 26 samt
1152 1397 56 30 för
1229 1396 216 31 anställande
1465 1405 43 21 av
1529 1395 88 36 aspi-

106 1459 117 26 ranter
244 1455 65 29 och
328 1452 173 37 tillfälliga
518 1451 340 36 befattningshavare
879 1450 41 29 20
935 1450 64 29 000
1018 1448 139 30 kronor.
1180 1447 116 30 Under
1313 1455 136 22 samma
1467 1446 150 35 anslags-

106 1508 78 33 post
208 1504 172 30 beräknas
409 1503 183 30 därutöver
618 1502 111 29 medel
756 1500 56 30 för
836 1499 194 31 avlönande
1057 1508 41 20 av
1125 1501 156 33 experter
1304 1497 66 30 och
1398 1496 220 35 sakkunniga

106 1556 80 29 med
208 1554 146 36 tillhopa
377 1554 40 29 50
432 1553 63 30 000
519 1552 139 30 kronor.
682 1549 270 37 Ifrågavarande
975 1549 217 36 anslagspost
1214 1548 110 29 skulle
1347 1546 100 32 alltså
1469 1547 148 30 bestäm-

106 1615 75 21 mas
203 1605 51 30 till
274 1604 11 30 i
304 1607 80 27 runt
403 1604 48 30 tal
470 1604 62 28 217
548 1602 63 30 000
632 1602 138 29 kronor.
794 1600 166 36 Slutligen
981 1603 169 32 upptager
1168 1598 163 36 förslaget
1352 1597 50 31 till
1424 1597 193 35 avlönings-

106 1659 67 27 stat
197 1665 43 20 en
261 1655 216 35 anslagspost
500 1653 51 30 till
573 1652 118 36 rörligt
713 1651 115 36 tillägg
852 1649 45 38 på
919 1650 42 30 25
975 1649 64 31 900
1063 1649 138 30 kronor.

151 1756 14 30 I
186 1756 109 29 likhet
315 1755 80 30 med
417 1754 123 36 Kungl.
563 1752 100 39 Maj:t
685 1752 114 30 finner
821 1751 175 34 utskottet,
1019 1754 48 26 att
1086 1750 206 36 personalen
1313 1748 57 30 vid
1391 1750 128 28 statens
1541 1747 76 30 sak-

107 1806 149 30 revision
279 1815 48 20 nu
350 1805 64 30 bör
437 1804 144 30 beredas
608 1812 42 21 en
676 1803 138 33 fastare,
842 1802 79 29 med
947 1800 232 37 pensionsrätt
1206 1799 146 30 förenad
1377 1798 240 36 anställnings-

108 1856 101 30 form.
231 1856 13 29 I
267 1856 90 29 detta
379 1855 90 36 syfte
490 1852 143 32 föreslås
654 1852 197 30 inrättande
874 1861 42 20 av
938 1852 72 29 dels
1033 1860 42 20 en
1097 1850 172 30 ordinarie
1289 1849 107 36 tjänst
1416 1848 21 30 å
1456 1848 163 36 löneplan

109 1906 23 30 C
155 1910 49 27 att
227 1906 157 30 tillsättas
406 1905 79 29 med
507 1903 236 31 förordnande
765 1901 45 37 på
831 1902 68 29 viss
921 1901 59 35 tid,
1002 1901 100 35 högst
1125 1909 58 21 sex
1204 1899 48 36 år,
1273 1900 68 29 och
1364 1899 71 30 dels
1458 1901 47 27 ett
1525 1898 93 31 antal

107 1960 96 26 extra
227 1955 172 30 ordinarie
421 1954 154 36 tjänster.
599 1953 75 30 Vad
698 1952 212 30 härutinnan
935 1951 193 35 föreslagits
1152 1950 66 29 har
1242 1949 166 30 utskottet
1429 1948 116 31 funnit
1570 1948 48 36 sig

108 2007 84 29 böra
212 2005 181 37 tillstyrka.

154 2056 116 30 Under
290 2055 221 36 åberopande
533 2064 41 21 av
596 2053 66 30 vad
684 2052 144 31 sålunda
851 2051 133 31 anförts
1006 2050 56 31 får
1081 2051 165 30 utskottet
1264 2050 193 35 hemställa,

462 2142 48 27 att
532 2139 182 36 riksdagen
738 2138 56 31 må

461 2189 31 39 a)
524 2190 185 36 godkänna
728 2188 158 36 följande
910 2185 379 38 personalförteckning
1315 2186 55 29 för
1391 2189 127 26 statens
1541 2184 77 30 sak-

417 2240 162 30 revision:

828 2299 377 28 Personalförteckning.

460 2337 159 27 Befattning
1481 2330 139 29 Lönegrad

613 2388 325 35 Tjänsteman
971 2385 20 30 å
1021 2384 262 31 ordinarie
1313 2386 111 28 stat:

419 2459 13 28 1
460 2456 196 30 kanslichef
701 2474 784 11 -.s.o....ssssossosessar
1168 2449 122 44 errors
1303 2449 34 44 rr
1347 2449 31 44 sr
1394 2449 94 44 orter
1516 2449 24 31 C
1587 2450 19 29 8

1667 1751 125 25 Utskottet.
