1876 2786
260 144 19 30 8
546 147 124 31 Första
695 148 247 40 lagutskottets
967 151 179 32 utlåtande
1170 162 43 20 nr
1240 154 39 29 14
1303 154 40 30 år
1370 156 84 29 1955

408 226 226 33 (Nuvarande
651 228 165 39 lydelse:
799 222 22 49 )

255 286 220 31 utfärdande.
512 288 66 31 Om
615 290 229 31 överlåtelsen
882 292 88 30 skall

258 339 341 41 polismyndigheten
639 342 203 32 underrätta
880 345 91 30 läns-

253 392 171 39 styrelsen
451 394 12 30 i
487 394 57 31 det
570 396 68 36 län,
664 396 64 30 där
753 398 217 31 överlåtaren

254 445 64 30 har
338 446 63 30 sitt
421 447 159 31 hemvist.

1179 233 225 40 (Föreslagen
1423 235 165 39 lydelse:
1570 229 22 49 )

1025 293 124 31 dande.
1178 295 66 30 Om
1271 296 229 31 överlåtelsen
1528 299 89 29 skall
1645 309 99 30 myn-

1025 346 128 40 dighet,
1184 348 64 30 hos
1278 349 115 30 vilken
1424 351 166 31 anmälan
1619 352 123 40 gjorts,

1026 400 202 31 underrätta
1267 403 340 40 polismyndigheten
1636 405 12 30 i
1675 406 66 30 den

1026 455 64 35 ort,
1108 454 63 30 där
1187 455 217 31 överlåtaren
1421 457 66 30 har
1502 458 62 29 sitt
1580 458 160 38 hemvist,

1026 506 95 37 eller,
1132 516 56 21 om
1201 508 70 30 han
1285 509 65 30 har
1362 509 61 30 sitt
1435 511 151 30 hemvist
1599 512 11 29 i
1620 512 122 30 Stock-

1024 559 106 39 holm,
1156 561 429 33 överståthållarämbetet.

570 644 40 30 35
639 644 27 37 8.
1329 650 40 31 35
1401 651 28 38 8.

296 699 16 29 1
334 708 106 21 mom.
460 701 91 30 Utan
570 701 158 32 tillstånd
773 720 17 5 —
821 721 31 5 —
886 722 29 4 —
948 723 28 4 —
1000 723 37 4 —
1062 724 36 4 —
1117 707 174 40 explosiva
1311 718 114 22 varor.

294 752 174 32 Tillstånd
490 754 53 30 till
592 772 80 5 ——
692 773 240 7 ——
832 748 37 52 —
891 748 43 52 —
955 759 59 30 sitt
1037 761 83 29 säte.

294 806 110 30 Avser
420 807 159 31 ansökan
618 826 21 4 —
670 826 28 5 —
712 827 224 6 ——
839 802 36 52 —
894 802 46 52 —
951 812 52 30 till
1020 814 182 40 prövning.

293 858 227 33 Beträffande
538 861 159 32 tillstånd
733 880 24 5 —
784 881 30 5 —
844 882 30 4 —
901 882 33 5 —
964 883 39 5 —

284 1871 75 30 Den
385 1881 76 21 som
485 1874 139 31 erhållit
649 1876 158 31 tillstånd
833 1880 51 28 att
908 1879 51 29 in-

240 1923 76 31 föra
361 1925 211 42 skjutvapen
615 1929 65 30 och
722 1932 235 30 ammunition

240 1978 80 38 äger
354 1978 173 32 innehava
561 1982 213 39 egendomen
810 1984 55 30 för
900 1985 56 30 det

239 2031 164 30 ändamål
434 2033 192 32 tillståndet
656 2045 109 21 avser.
796 2037 161 31 Rörande

239 2083 186 32 innehavet
457 2086 88 30 skall
576 2088 66 30 vad
673 2089 95 30 förut
799 2090 12 30 i
842 2091 114 30 denna

239 2137 206 41 förordning
476 2141 38 28 är
547 2142 137 39 stadgat
715 2152 57 20 om
804 2144 152 31 innehav

238 2199 41 21 av
300 2200 112 31 vapen
436 2193 65 29 och
523 2196 233 30 ammunition
780 2198 64 38 äga
868 2200 88 28 mot-

238 2245 170 30 svarande
428 2246 233 42 tillämpning.

1018 884 45 4 —
1080 867 98 30 delar
1196 868 101 39 gälla.

1065 920 89 30 Utan
1175 921 127 31 hinder
1320 932 43 21 av
1385 923 66 30 vad
1472 933 88 21 ovan
1581 925 156 40 stadgats

1019 973 67 36 må,
1117 974 107 40 enligt
1253 975 41 31 de
1323 977 163 30 närmare
1514 978 224 40 föreskrifter

1019 1036 75 21 som
1126 1028 177 30 meddelas
1333 1039 44 21 av
1406 1031 332 41 generaltullstyrel-

1018 1089 72 28 sen,
1105 1081 161 39 svenska,
1281 1082 146 38 danska,
1442 1084 120 39 finska
1577 1085 64 30 och
1655 1094 81 22 nor-

1020 1133 64 30 ska
1106 1134 226 40 medborgare
1356 1136 53 31 till
1430 1137 91 30 riket
1542 1138 81 38 från
1645 1139 93 29 Dan-

1021 1187 112 36 mark,
1159 1187 151 31 Finland
1337 1189 84 30 eller
1446 1191 113 38 Norge
1585 1191 58 39 för
1670 1191 67 30 till-

1019 1239 100 40 fällig
1137 1241 226 41 användning
1380 1243 184 31 härstädes
1584 1244 57 30 vid
1658 1245 78 39 jakt

1020 1292 82 30 eller
1128 1294 130 40 tävling
1281 1296 115 38 införa
1420 1296 200 41 sedvanliga
1643 1298 94 39 jakt-

1019 1346 63 29 och
1123 1347 362 42 tävlingsskjutvapen
1521 1350 110 39 jämte
1670 1351 66 30 till-

1017 1399 156 31 hörande
1204 1402 234 30 ammunition
1471 1405 73 27 mot
1574 1405 162 38 avgivan-

1019 1451 52 37 de,
1112 1453 57 29 vid
1208 1453 252 42 tullklarering,
1499 1466 43 20 av
1580 1457 155 40 skriftlig

1016 1505 217 32 deklaration
1264 1508 165 30 ävensom
1460 1509 200 39 företeende
1691 1520 43 21 av

1013 1558 190 31 tillstånds-
1216 1560 84 31 eller
1312 1561 330 40 anmälningsbevis,
1656 1573 75 21 som

1015 1612 11 28 i
1054 1612 201 32 hemlandet
1284 1615 58 29 må
1372 1615 177 39 erfordras
1577 1617 58 38 för
1661 1617 71 30 rätt

1014 1667 51 28 att
1086 1666 171 31 innehava
1280 1677 146 31 vapnen,
1448 1669 84 30 eller
1552 1670 64 30 ock
1638 1670 94 31 bevis

1014 1728 42 20 av
1087 1719 392 42 hemlandsmyndighet
1510 1725 52 28 att
1590 1724 58 38 för
1678 1724 55 30 så-

1013 1772 68 30 dan
1101 1773 71 30 rätt
1192 1773 34 40 ej
1244 1774 125 30 kräves
1392 1775 158 31 tillstånd
1569 1777 82 30 eller
1670 1787 62 20 an-

1013 1825 128 31 mälan.

1056 1879 75 30 Den
1158 1890 73 21 som
1257 1882 140 31 erhållit
1421 1884 158 30 tillstånd
1605 1887 50 28 att
1678 1885 53 30 in-

1012 1932 77 30 föra
1137 1934 211 41 skjutvapen
1384 1937 64 29 och
1494 1938 235 30 ammunition

1012 1986 80 38 äger
1107 1986 172 32 innehava
1295 1989 217 39 egendomen
1526 1990 55 31 för
1597 1991 57 30 det
1669 1993 61 29 än-

1010 2039 116 30 damål
1155 2041 194 31 tillståndet
1377 2052 109 21 avser.
1518 2044 117 40 Vapen
1664 2045 63 30 och

1010 2094 245 36 ammunition,
1298 2104 76 21 som
1418 2096 127 39 införts
1586 2097 143 40 jämlikt

1008 2145 108 39 femte
1145 2147 145 39 stycket,
1319 2149 58 30 må
1407 2150 112 30 under
1545 2151 103 39 högst
1677 2154 50 27 tre

1008 2199 169 31 månader
1197 2200 81 40 från
1302 2202 258 41 införseldagen
1585 2205 143 30 inneha-

1009 2261 60 21 vas
1094 2263 43 20 av
1162 2253 77 38 den,
1264 2264 75 21 som
1367 2256 109 39 infört
1502 2257 223 39 egendomen,

1010 2308 83 28 utan
1117 2308 51 28 att
1189 2308 144 30 särskilt
1356 2309 158 31 tillstånd
1536 2311 118 30 därtill
1676 2320 50 21 er-

1007 2359 150 39 fordras.
1195 2360 160 32 Rörande
1392 2363 187 31 innehavet
1616 2365 11 29 i
1661 2364 65 40 fall

1009 2421 76 21 som
1117 2413 11 29 i
1157 2413 94 31 detta
1280 2415 121 39 stycke
1431 2417 79 39 sägs
1541 2418 89 29 skall
1658 2418 67 30 vad

1008 2466 94 30 förut
1125 2467 11 29 i
1159 2467 114 31 denna
1296 2468 207 42 förordning
1526 2471 38 29 är
1588 2471 136 40 stadgat
