1866 2784
278 149 40 29 32
573 153 125 30 Första
721 153 243 40 lagutskottets
987 156 179 32 utlåtande
1189 168 42 20 nr
1255 160 38 28 14
1314 160 40 29 år
1377 161 84 29 1955

275 229 151 30 varande
446 231 280 31 ammunitionen
746 233 35 30 få
800 233 179 32 förvärvas
999 238 85 28 utan
1104 238 143 30 särskilt
1266 238 158 30 tillstånd
1444 249 80 21 men
1544 241 124 31 endast
1688 244 72 27 mot

276 281 216 39 uppvisande
512 292 41 21 av
572 285 231 38 vapenlicens,
824 289 187 30 eventuellt
1030 290 87 30 även
1136 293 73 27 mot
1229 292 205 30 rekvisition
1453 293 20 30 å
1493 294 151 30 särskild
1664 295 97 29 blan-

276 334 83 29 kett.
380 335 131 30 Genom
529 339 48 27 ett
597 338 125 30 sådant
743 342 129 36 system
892 342 112 29 skulle
1023 343 11 28 i
1053 345 77 27 vart
1149 343 62 30 fall
1230 344 134 35 vinnas,
1384 348 51 27 att
1454 346 41 31 de
1513 347 131 39 illegalt
1663 348 97 30 inne-

276 386 113 31 havda
403 397 137 30 vapnen
556 391 31 38 ej
605 391 119 30 kunde
741 392 111 31 förses
869 395 78 28 med
964 395 103 39 legalt
1082 396 125 40 inköpt
1224 398 243 31 ammunition.
1485 400 65 29 Det
1567 401 193 39 övervägda

275 439 165 40 förslaget
460 442 111 30 skulle
590 445 194 30 emellertid
803 447 167 35 medföra,
990 450 50 28 att
1058 450 367 40 vapenförordningen
1443 453 140 30 komme
1603 456 50 27 att
1674 463 85 30 upp-

275 494 79 37 taga
375 495 51 28 tre
448 495 93 30 olika
561 504 152 33 grupper
735 508 42 20 av
797 501 243 35 ammunition,
1062 502 222 33 beträffande
1305 505 94 29 vilka
1421 505 111 30 skulle
1554 507 90 38 gälla
1666 507 93 30 olika

276 545 279 42 förvärvsregler.
588 550 343 39 Hagelammunition
964 554 112 31 skulle
1109 556 134 30 således
1275 557 154 39 alltjämt
1461 559 35 29 få
1527 560 111 39 köpas
1670 560 87 35 fritt,

275 599 66 29 den
359 609 48 20 nu
425 600 265 40 ifrågavarande
709 606 278 31 ammunitionen
1007 608 111 30 skulle
1137 609 37 30 få
1191 610 109 39 köpas
1319 613 86 27 utan
1425 612 142 30 särskilt
1585 613 175 30 förvärvs-

274 651 158 32 tillstånd
458 664 79 20 men
562 656 124 30 endast
713 661 72 27 mot
811 659 215 39 uppvisande
1053 670 42 21 av
1121 662 108 30 licens
1256 664 64 28 och
1347 664 55 29 för
1429 664 140 31 förvärv
1594 675 43 21 av
1662 667 96 39 övrig

274 706 234 30 ammunition
531 708 112 30 skulle
668 709 137 32 fordras
830 713 142 30 särskilt
993 713 171 31 tillstånd.
1188 716 65 30 Det
1276 716 245 40 tillkrånglade
1545 719 11 29 i
1580 729 44 20 en
1648 720 109 29 sådan

273 758 149 40 ordning
448 761 59 37 gör
534 761 67 30 den
627 762 179 31 tilltänkta
832 764 184 40 lösningen
1042 767 136 31 mindre
1206 768 127 41 lycklig
1359 771 65 28 och
1452 771 118 30 härtill
1598 772 160 30 kommer

274 812 50 28 att
341 821 83 21 man
442 813 80 29 från
540 814 96 30 tiden
653 815 75 31 före
750 817 92 35 1950,
861 818 44 30 då
921 819 338 39 hagelammunition
1276 822 72 30 fick
1367 823 109 39 köpas
1495 827 85 27 utan
1598 826 160 30 tillstånd

273 873 80 20 men
372 865 123 31 endast
515 869 72 28 mot
607 869 217 38 uppvisande
845 880 42 20 av
906 871 344 38 deklarationsbevis,
1272 876 63 29 har
1356 876 199 31 erfarenhet
1575 887 43 21 av
1638 881 51 28 att
1709 881 49 28 ett

273 916 124 31 sådant
418 918 86 31 krav
523 920 45 39 på
589 920 199 32 företeende
810 933 41 20 av
871 925 221 38 vapenlicens
1115 927 57 30 vid
1194 928 323 42 ammunitionsköp
1540 930 64 31 lätt
1625 932 67 29 blir
1714 941 43 20 en

273 969 148 41 lagregel
446 974 83 28 utan
554 973 167 31 innehåll.
747 976 47 29 På
819 978 113 37 grund
957 988 42 20 av
1022 979 56 30 det
1104 980 149 31 anförda
1276 982 64 29 har
1366 983 170 30 utskottet
1561 984 120 30 funnit
1706 985 51 39 sig

271 1022 83 30 böra
382 1025 125 29 stanna
532 1026 12 29 i
570 1027 90 30 valet
687 1028 128 30 mellan
842 1032 50 28 att
918 1031 165 40 antingen
1109 1033 174 31 bibehålla
1310 1035 160 39 gällande
1497 1036 149 41 ordning
1673 1038 83 29 eller

271 1076 103 38 godta
398 1077 57 31 det
479 1078 11 29 i
514 1081 263 38 propositionen
802 1082 195 41 framlagda
1022 1081 177 49 förslaget.

315 1129 65 30 Vid
401 1130 387 43 ståndpunktstagande
808 1136 52 29 till
882 1136 114 31 denna
1016 1138 265 42 frågeställning
1300 1141 63 30 bör
1383 1143 161 30 närmare
1565 1145 191 38 uppmärk-

272 1190 152 22 sammas
446 1183 280 42 begränsningen
748 1197 42 21 av
811 1189 67 29 den
900 1191 244 35 ammunition,
1169 1202 75 20 som
1266 1193 147 32 föreslås
1436 1195 173 41 frisläppt.
1633 1197 123 30 Denna

270 1234 116 30 består
409 1237 220 31 uteslutande
652 1249 43 20 av
716 1242 234 30 ammunition
972 1243 53 30 till
1046 1244 240 39 jaktstudsare
1309 1248 79 29 med
1411 1249 120 38 grövre
1554 1249 134 31 kaliber
1711 1252 45 28 än

271 1287 50 34 6,5
340 1297 82 26 mm,
443 1299 25 20 s.
486 1290 33 29 k.
538 1291 228 39 älgstudsare,
785 1295 94 30 vilka
898 1296 64 29 här
980 1297 11 29 i
1009 1297 117 31 landet
1145 1300 123 29 endast
1286 1301 176 30 användes
1481 1302 55 29 för
1553 1303 78 38 Jakt
1650 1304 19 29 å
1688 1304 65 39 älg,

270 1340 10 29 i
304 1341 102 30 södra
430 1342 135 41 Sverige
588 1344 133 39 jämväl
744 1346 54 31 för
821 1348 175 40 hjortjakt
1019 1351 64 29 och
1106 1352 12 29 i
1142 1361 105 22 norra
1271 1353 135 40 Sverige
1430 1355 11 29 i
1465 1355 288 32 förekommande

269 1393 61 30 fall
350 1394 55 30 för
423 1395 78 39 jakt
520 1397 20 29 å
558 1397 105 39 björn
682 1400 65 29 och
765 1409 93 31 varg.
879 1402 380 42 Tillståndsgivningen
1278 1407 221 31 beträffande
1521 1409 101 30 dessa
1641 1419 113 30 vapen

268 1446 71 30 kan
361 1450 101 28 antas
487 1450 43 29 ha
553 1451 89 30 varit
665 1452 156 40 skäligen
845 1455 188 35 restriktiv,
1057 1457 65 29 och
1146 1458 58 29 det
1227 1458 115 31 finnes
1366 1460 175 39 knappast
1565 1462 188 40 anledning

269 1502 91 32 anta,
389 1503 50 28 att
466 1503 290 39 myndigheterna
783 1505 146 32 förlorat
955 1509 200 31 kontrollen
1182 1512 80 29 över
1290 1513 41 29 de
1359 1513 229 39 registrerade
1616 1525 138 30 vapnen

269 1560 123 30 genom
412 1556 50 28 att
481 1555 100 30 dessa
598 1557 46 39 på
663 1558 58 31 det
740 1568 65 21 ena
823 1560 82 30 eller
925 1562 109 30 andra
1054 1564 105 30 sättet
1178 1565 148 30 kommit
1346 1568 51 28 att
1416 1567 124 39 frångå
1561 1568 192 31 tillstånds-

265 1605 248 32 innehavarna.
532 1609 94 30 Även
645 1620 57 20 om
721 1621 82 21 man
822 1614 121 38 godtar
962 1615 67 29 den
1048 1626 43 20 av
1108 1617 206 41 föreningen
1334 1620 154 39 Sveriges
1509 1622 243 31 stadsfiskaler

268 1659 154 31 uttalade
452 1662 282 41 uppfattningen,
765 1668 49 28 att
843 1667 57 29 det
930 1668 115 31 finnes
1075 1672 49 28 ett
1153 1672 88 29 stort
1271 1673 94 29 antal
1395 1673 129 40 illegalt
1554 1675 199 31 innehavda

267 1720 111 30 vapen
401 1713 12 29 i
435 1713 127 36 landet,
587 1717 98 29 torde
709 1727 82 21 man
815 1719 120 31 därför
957 1721 87 40 våga
1067 1725 92 33 anta,
1185 1726 50 28 att
1259 1725 105 30 bland
1390 1726 99 31 dessa
1514 1728 161 30 befinner
1700 1730 51 38 sig

267 1765 122 30 endast
412 1768 49 28 ett
483 1767 85 30 fåtal
590 1778 112 31 vapen
726 1781 42 20 av
790 1772 38 30 så
850 1780 82 31 grov
955 1774 143 31 kaliber.
1123 1777 122 29 Såsom
1268 1778 166 40 förslaget
1457 1780 199 36 utformats,
1680 1782 71 30 kan

267 1817 56 30 det
348 1818 120 31 därför
492 1820 75 31 icke
591 1822 12 29 i
628 1832 97 21 mera
750 1825 169 41 väsentlig
944 1827 83 30 mån
1051 1828 150 32 drabbas
1227 1840 41 20 av
1292 1832 68 29 den
1384 1834 290 39 anmärkningen,
1701 1837 50 28 att

266 1870 56 30 det
348 1872 186 40 möjliggör
560 1877 485 43 ammunitionsanskaffning
1072 1882 36 29 åt
1134 1883 130 40 illegalt
1291 1884 196 32 innehavda
1514 1896 122 30 vapen.

309 1924 72 29 Mot
408 1925 69 30 fria
502 1928 362 43 ammunitionsinköp
891 1933 70 29 kan
988 1934 87 30 även
1100 1935 181 36 invändas,
1309 1940 50 29 att
1385 1938 68 30 den
1480 1940 157 39 smidiga,
1665 1941 86 30 fort-

265 1976 148 39 löpande
431 1979 153 31 kontroll
603 1982 81 29 över
703 1985 541 39 vapentillståndsinnehavarna,
1265 2000 74 20 som
1360 1993 122 30 utövas
1501 1993 58 30 vid
1578 1995 172 39 prövning

266 2038 41 21 av
321 2032 664 46 ammunitionsförvärvsansökningar,
1002 2040 203 40 därigenom
1220 2044 256 40 omintetgöres.
1493 2046 49 30 De
1558 2047 193 31 tillstånds-

265 2082 220 37 innehavare,
513 2095 75 21 som
615 2088 108 39 enligt
749 2089 165 41 förslaget
942 2092 147 32 sålunda
1116 2095 113 30 skulle
1255 2096 143 31 komma
1425 2101 49 28 att
1502 2100 247 40 undandragas

265 2135 114 31 denna
397 2137 163 36 kontroll,
582 2141 38 28 är
640 2141 240 33 innehavarna
899 2154 43 21 av
961 2146 92 30 vissa
1073 2147 250 39 jaktstudsare.
1344 2151 109 30 Dessa
1475 2152 274 33 förhållandevis

265 2188 84 39 dyra
375 2199 112 30 vapen
514 2193 78 29 med
619 2195 114 31 starkt
758 2196 193 39 begränsad
978 2201 225 40 användning
1230 2203 96 30 torde
1353 2205 239 40 regelmässigt
1619 2208 31 38 ej
1680 2207 70 30 för-

263 2243 122 29 värvas
413 2253 42 20 av
481 2245 109 30 andra
617 2248 45 28 än
688 2247 129 40 jägare,
846 2259 75 21 som
947 2252 107 30 redan
1081 2253 149 31 innehar
1256 2255 214 41 hagelgevär,
1499 2260 65 29 och
1592 2260 57 30 det
1676 2261 72 29 kan

264 2295 86 29 även
369 2298 111 33 antas,
499 2300 50 27 att
567 2299 366 43 tillståndsgivningen
952 2306 89 30 varit
1059 2316 74 20 mer
1151 2308 179 31 restriktiv
1347 2310 221 32 beträffande
1588 2313 160 30 studsare

265 2348 44 28 än
336 2349 222 32 beträffande
587 2352 216 41 hagelgevär.
833 2356 66 29 Till
929 2358 220 31 sistnämnda
1178 2370 111 30 vapen
1317 2363 71 29 kan
1418 2365 192 30 emellertid
1640 2367 109 30 redan

263 2401 106 39 enligt
394 2412 48 20 nu
467 2404 158 38 gällande
650 2406 263 33 bestämmelser
938 2412 234 30 ammunition
1197 2413 179 33 förvärvas
1402 2419 85 28 utan
1512 2419 143 31 särskilt
1680 2420 69 29 till-

264 2454 101 30 stånd
383 2456 65 29 och
466 2457 107 39 några
591 2459 222 39 olägenheter
831 2462 108 31 därav
956 2473 101 30 synes
1077 2466 31 39 ej
1129 2466 46 30 ha
1193 2467 182 40 försports.
1395 2470 52 30 Då
1466 2471 148 31 sålunda
1632 2473 116 39 hagel-
