1898 2848
275 183 19 30 2
741 188 252 29 Bankoutskottets
1014 188 149 29 utlåtande
1185 189 46 28 Nr
1252 189 50 28 29.

328 260 55 31 vid
404 262 121 29 statens
547 260 278 40 vattenfallsverk:

327 329 41 20 ur
391 319 72 30 22:a
484 318 221 42 lönegraden:
729 319 231 38 kontorschef,

341 383 12 13 »
390 369 72 31 21:a
592 382 12 15 »
698 381 5 19 :
727 370 210 41 registrator,

341 432 13 15 »
392 420 69 30 16:e
592 432 11 14 >
698 431 5 20 :
728 420 293 37 mätaretekniker,

338 483 15 30 >»
392 470 69 31 12:e
699 482 5 19 :
730 471 277 31 schaktmästare.

327 528 154 32 Berörda
503 529 183 42 lagförslag
707 531 37 30 är
765 541 42 20 av
829 530 151 40 följande
1002 530 145 42 lydelse:

932 645 181 41 Förslag

999 717 55 26 till

272 777 61 40 lag
356 786 57 23 om
436 777 132 32 ändrad
591 778 136 39 lydelse
754 787 41 22 av
821 778 41 32 13
887 777 19 42 $
929 778 12 31 i
964 778 103 40 lagen
1089 778 68 32 den
1180 778 21 32 4
1219 778 84 42 juni
1327 778 89 33 1920
1432 778 56 40 (nr
1503 778 79 41 254)
1598 777 178 42 angående

362 828 76 31 rätt
460 828 59 31 till
542 827 285 42 tjänstepension
855 827 59 34 för
939 828 181 33 ordinarie
1147 828 217 42 tjänstemän
1387 829 59 32 vid
1469 829 218 40 postverket,

405 878 290 40 telegrafverket,
719 880 137 31 statens
875 878 195 42 järnvägar
1092 879 66 32 och
1182 880 135 32 statens
1340 879 306 33 vattenfallsverk.

327 971 211 41 Härigenom
563 971 188 38 förordnas,
776 973 50 30 att
851 972 39 31 13
912 971 22 42 8
955 972 11 31 i
989 972 98 41 lagen
1111 972 67 31 den
1201 973 20 30 4
1242 972 73 41 juni
1340 972 82 31 1920
1444 972 174 42 angående
1642 975 67 29 rätt
1724 973 53 31 till

273 1021 275 41 tjänstepension
571 1022 53 31 för
646 1022 171 31 ordinarie
841 1022 205 41 tjänstemän
1061 1022 58 32 vid
1135 1022 206 41 postverket,
1359 1023 268 41 telegrafverket,
1645 1025 131 29 statens

270 1072 179 41 järnvägar
465 1072 62 31 och
552 1074 131 30 statens
702 1072 279 32 vattenfallsverk
997 1072 87 32 skall
1100 1073 11 30 i
1124 1073 111 31 nedan
1251 1073 144 41 angiven
1411 1073 57 31 del
1483 1073 128 32 erhålla
1625 1073 150 42 följande

272 1122 151 31 ändrade
445 1122 144 42 lydelse:

978 1174 37 31 13
1038 1173 31 42 8.

327 1233 26 30 1.
400 1231 68 32 För
500 1232 254 32 nedanstående
789 1232 172 32 ordinarie
993 1233 239 41 befattningar,
1255 1233 91 31 vilka
1379 1233 162 31 tillsättas
1568 1244 122 30 genom
1714 1234 61 31 för-

272 1282 178 31 ordnande
473 1284 43 40 på
538 1283 71 30 viss
632 1282 59 38 tid,
717 1283 96 30 skola
836 1283 89 40 gälla
947 1282 140 88 Följande
1120 1366 3 4 |
1119 1283 474 41 tjänstepensionsunderlag:

269 1341 325 40 generaldirektör
638 1366 82 4 .......c..
751 1365 4 4 -
1315 1366 143 5 senere
1533 1342 94 34 d,000
1649 1342 127 32 kronor

273 1390 235 32 överdirektör
543 1365 65 57 och
637 1366 160 56 Eg
809 1365 108 57 AA
933 1391 238 42 överingenjör
1178 1365 83 58 vid
1272 1366 132 57 SE
1426 1392 87 41 järn-

323 1443 103 39 VÄGA
496 1466 130 4 essens
1280 1466 166 5 STAS
1529 1439 96 47 8,000
1704 1456 11 15 »

273 1492 236 31 överdirektör
532 1466 64 57 och
620 1492 239 41 överingenjör
881 1466 57 57 vid
961 1466 138 58 ASA
1108 1466 284 58 FNS
1408 1517 95 4 oroas
1529 1494 93 37 8,000
1647 1486 16 49 =
1703 1506 12 15 »

271 1542 336 32 verkstadsdirektör
639 1543 58 31 vid
726 1543 257 77 telografverket
1024 1618 3 4 o
1007 1543 64 31 och
1095 1543 57 31 vid
1176 1545 130 29 statens
1328 1543 178 41 järnvägar
1529 1544 92 38 7,000
1703 1557 12 15 =»

272 1593 282 31 telefondirektör
576 1593 11 31 i
611 1593 405 31 Stockholm..................
1528 1590 97 46 7,000
1703 1608 11 14 »

272 1643 106 31 sådan
402 1643 236 32 distriktschef
659 1643 56 31 vid
739 1618 140 57 SO
893 1644 186 41 järnvägar,
1104 1654 74 21 som
1163 1618 4 4 a
1196 1618 62 57 vid
1266 1614 236 75 tillträdandet

314 1705 41 19 av
382 1694 148 31 nämnda
562 1694 192 41 befattning
776 1694 75 31 icke
874 1694 170 31 innehade
1067 1705 112 20 annan
1203 1694 170 32 ordinarie
1396 1694 106 42 tjänst

313 1744 58 31 vid
394 1747 131 29 statens
546 1744 178 42 järnvägar
841 1769 4 4 VÅT
896 1738 48 50 TNG
955 1738 7 50 »
968 1738 16 50 os
993 1738 19 50 T
1021 1738 23 50 er
1049 1738 7 50 a
1062 1738 110 50 TSRSNVTRET
1174 1738 23 50 SN
1208 1769 16 5 sr
1232 1769 49 5 vr
1265 1738 19 50 ad
1326 1770 36 2 SER
1528 1745 93 38 7,000
1703 1758 11 14 >

273 1795 345 31 kraftverksdirektör
640 1795 57 31 vid
720 1797 132 29 statens
875 1768 278 58 vattenfallsverk
1198 1819 164 5 osann.
1382 1820 50 5 sarit
1475 1820 26 4 förrn
1528 1796 93 37 T,000
1702 1809 12 15 »

325 1846 28 30 2.
399 1845 68 32 För
489 1845 205 42 tjänsteman
720 1863 36 4 —
783 1864 37 3 —
845 1864 41 3 —
894 1841 20 51 i
941 1845 108 41 lagen.

323 1980 124 30 Denna
469 1980 54 40 lag
546 1979 113 32 träder
681 1980 11 30 i
715 1980 88 31 kraft
826 1979 67 32 den
919 1981 15 30 1
956 1980 62 41 juli
1044 1980 89 32 1930.

323 2184 262 42 Föredragande
610 2185 377 41 departementschefen
1010 2185 61 32 har
1093 2185 11 31 i
1128 2185 140 32 ärendet
1290 2185 113 32 anfört
1426 2185 162 41 följande:

327 2235 175 41 »Tidigare
525 2235 11 31 i
560 2235 65 41 dag
646 2235 61 31 har
729 2235 127 42 Kungl.
881 2236 97 41 Maj:t
993 2238 42 39 på
1052 2236 70 31 min
1139 2236 203 31 hemställan
1358 2236 151 31 beslutat
1523 2236 53 32 för
1590 2236 182 41 riksdagen

271 2286 183 41 framlägga
488 2286 129 41 förslag
653 2286 145 31 rörande
831 2286 199 41 förändring
1052 2286 11 31 i
1086 2286 168 32 avseende
1278 2288 18 29 å
1318 2286 246 42 löneställning
1587 2287 63 31 och
1680 2287 92 31 antal

271 2346 39 20 av
344 2336 93 32 vissa
471 2336 172 31 ordinarie
676 2336 233 41 befattningar
941 2336 56 31 vid
1029 2336 106 32 bland
1169 2339 102 29 annat
1305 2337 198 41 postverket
1529 2337 63 31 och
1622 2337 151 42 telegraf-

269 2386 126 32 verket.

323 2436 69 31 Vid
426 2437 95 31 bifall
555 2436 52 31 till
639 2436 147 32 nämnda
809 2437 129 41 förslag
960 2437 169 31 erfordras
1152 2437 92 32 vissa
1266 2437 184 42 ändringar
1471 2438 12 30 i
1506 2438 66 31 den
1596 2438 55 31 vid
1674 2438 98 41 lagen

270 2486 66 31 den
370 2488 21 29 4
423 2487 74 40 juni
533 2487 81 31 1920
646 2487 51 41 (nr
729 2487 72 41 254)
836 2488 173 40 angående
1042 2489 68 30 rätt
1144 2488 51 31 till
1230 2488 274 42 tjänstepension
1527 2488 52 31 för
1602 2488 170 32 ordinarie
