1850 2764
215 153 41 29 26
577 151 284 31 Statsutskottets
884 152 180 30 utlåtande
1085 160 43 21 nr
1148 152 20 29 9
1188 151 40 30 år
1251 151 83 31 1965

213 232 166 39 teckning
401 234 178 37 upptagna
605 231 314 40 byggnadsföretag
943 231 111 30 under
1078 231 326 39 fastighetsfonden.
1429 231 110 30 Dessa
1565 231 133 39 företag

213 285 128 29 hänför
362 285 52 39 sig
433 285 53 29 till
509 285 129 33 social-,
660 284 351 34 kommunikations-,
1033 284 246 34 ecklesiastik-,
1300 284 216 40 jordbruks-,
1538 283 161 30 handels-

214 338 65 29 och
295 338 428 38 inrikesdepartementen.
740 337 227 30 Beträffande
983 337 67 30 den
1067 337 161 30 närmare
1246 337 250 39 motiveringen
1513 337 55 29 för
1585 337 114 30 ansla-

214 393 55 36 get
282 391 95 29 torde
391 390 36 30 få
439 391 165 29 hänvisas
616 391 52 29 till
682 399 97 31 prop.
796 390 98 30 1948:
910 391 19 29 2
948 390 74 34 (bil.
1039 390 49 34 14,
1101 400 32 30 p.
1146 390 52 34 8).

258 443 356 40 Byggnadsstyrelsen
643 444 63 29 har
732 444 11 28 i
772 444 165 29 skrivelse
966 443 66 30 den
1060 443 40 30 25
1129 444 140 39 augusti
1299 443 81 30 1964
1409 443 88 30 bl.a.
1526 443 173 29 redovisat

215 497 209 39 ställningen
448 505 62 31 per
531 496 67 30 den
620 496 40 30 30
682 497 79 39 juni
787 496 81 30 1964
891 497 44 39 på
958 496 402 40 merkostnadsanslaget
1384 498 92 28 samt
1498 496 57 29 det
1578 496 121 29 beräk-

214 550 89 30 nade
317 550 278 29 medelsbehovet
608 550 111 29 under
731 550 235 29 innevarande
980 550 65 29 och
1058 550 100 29 nästa
1171 549 179 40 budgetår.

257 656 392 39 Departementschefen
665 657 64 29 har
744 656 118 30 anfört
878 656 168 39 följande.

258 718 74 30 Vad
347 719 107 39 angår
469 718 41 30 de
525 718 308 39 byggnadsobjekt,
850 727 76 20 som
939 718 107 39 enligt
1061 718 348 39 byggnadsstyrelsen
1426 727 48 20 nu
1488 718 62 29 bör
1565 718 133 29 införas

214 763 10 28 i
249 763 150 38 angivna
423 763 231 39 förteckning,
679 763 64 29 har
767 763 56 29 det
848 763 89 29 visat
963 763 61 39 sig,
1050 765 50 27 att
1125 762 312 30 merkostnaderna
1464 762 55 29 för
1545 762 153 29 Svenska

217 806 270 39 reproduktions
504 806 248 39 aktiebolagets
770 806 209 39 nybyggnad
996 806 176 30 sannolikt
1188 807 160 28 kommer
1365 807 50 28 att
1431 806 122 29 kunna
1569 806 130 39 inrym-

214 860 75 20 mas
310 851 12 29 i
342 851 56 30 det
420 851 132 39 anslag,
575 860 74 20 som
669 851 146 39 tidigare
837 851 155 29 anvisats
1015 851 54 29 för
1090 850 209 30 ändamålet.
1321 850 126 30 Vidare
1469 851 65 29 har
1556 850 57 29 det
1634 852 65 27 tett

214 896 53 39 sig
281 896 177 39 naturligt,
475 897 51 28 att
542 895 123 39 frågan
679 904 59 20 om
753 895 110 30 medel
880 895 52 29 till
949 895 171 30 täckande
1136 904 42 20 av
1195 894 313 30 merkostnaderna
1525 894 54 29 för
1595 894 104 39 polis-

214 939 122 30 skolan
355 940 10 29 i
385 940 104 29 Solna
508 940 155 29 anmäles
682 940 10 28 i
711 939 206 39 anslutning
934 939 52 29 till
1006 941 52 28 att
1075 940 122 38 anslag
1215 939 54 29 för
1288 940 99 28 nästa
1406 938 169 40 budgetår
1594 939 104 29 äskas

213 984 112 29 under
344 984 82 29 elfte
446 984 222 29 huvudtiteln
691 984 54 29 för
766 984 90 29 vissa
878 983 267 30 tillkommande
1167 984 143 29 arbeten
1328 983 56 29 vid
1407 983 134 29 skolan.
1564 983 71 29 Mot
1657 983 41 28 de

213 1029 118 38 övriga
347 1028 310 39 byggnadsobjekt,
676 1037 75 20 som
769 1028 197 39 föreslagits
985 1028 138 29 införda
1141 1028 11 29 i
1170 1028 276 38 förteckningen,
1465 1028 64 29 har
1546 1027 58 39 jag
1622 1027 76 29 icke

212 1073 104 38 något
331 1075 50 27 att
396 1073 128 29 erinra.

258 1116 66 30 Om
342 1117 138 38 hänsyn
498 1119 95 36 tages
611 1117 50 29 till
680 1116 178 30 bortfallet
875 1126 41 20 av
935 1116 150 39 angivna
1102 1116 89 29 båda
1209 1115 324 40 byggnadsföretag,
1554 1117 144 28 stannar

213 1161 367 29 totalmedelsbehovet
595 1161 110 29 under
720 1161 404 38 merkostnadsanslaget
1138 1160 57 29 vid
1217 1160 58 33 (34
1288 1160 63 29 438
1366 1159 61 30 500
1442 1178 45 2 —
1501 1159 62 29 245
1578 1159 62 30 000
1656 1177 39 3 —

213 1206 62 29 265
291 1205 79 34 000)
394 1205 40 29 33
449 1205 64 29 928
528 1205 62 29 500
611 1205 50 29 kr.
682 1205 181 39 Härjämte
884 1205 160 29 minskar
1063 1204 410 39 medelsförbrukningen
1493 1204 102 29 nästa
1615 1203 85 29 bud-

214 1250 96 39 getår
333 1250 78 29 med
436 1249 63 30 265
514 1249 63 30 000
602 1249 61 34 kr.,
688 1249 201 39 varigenom
914 1249 157 38 anslaget
1095 1249 69 29 kan
1190 1248 187 39 begränsas
1402 1248 52 29 till
1485 1247 80 34 (475
1585 1248 57 29 000
1666 1265 33 3 —

212 1294 63 30 265
289 1294 81 33 000)
392 1294 62 29 210
469 1293 64 30 000
551 1293 51 30 kr.

260 1391 174 30 Utskottet
451 1392 65 28 har
533 1391 75 29 ieke
627 1391 117 29 funnit
761 1390 188 39 anledning
966 1390 52 29 till
1036 1390 139 30 erinran
1194 1391 73 28 mot
1285 1390 124 39 Kungl.
1427 1390 125 39 Maj:ts
1571 1389 130 39 förslag

213 1445 64 29 och
296 1444 212 34 hemställer,

567 1499 50 28 att
633 1497 185 39 riksdagen
836 1496 56 30 må

569 1569 24 28 I.
619 1568 52 29 till
696 1567 266 30 Merkostnader
987 1567 56 40 för
1070 1567 89 30 vissa
1188 1566 320 40 byggnadsarbeten
1536 1566 54 30 för
1616 1566 86 29 bud-

525 1621 129 39 getåret
675 1621 140 33 1965/66
833 1621 122 29 anvisa
973 1622 49 28 ett
1039 1621 353 39 investeringsanslag
1410 1630 43 20 av
1470 1620 63 29 210
1548 1619 62 30 000
1631 1620 68 34 kr.;

569 1692 40 29 II.
634 1691 186 40 godkänna
843 1691 41 30 de
908 1691 11 29 i
945 1691 382 39 statsrådsprotokollet
1351 1691 79 29 över
1455 1691 247 29 kommunika-

524 1745 248 30 tionsärenden
790 1745 56 29 för
863 1745 66 29 den
948 1744 20 29 4
985 1745 142 39 januari
1148 1744 82 30 1965
1249 1744 197 39 föreslagna
1464 1744 236 39 ändringarna

524 1808 43 20 av
586 1798 66 30 den
673 1797 231 40 förteckning,
926 1806 75 21 som
1022 1798 106 39 ligger
1148 1797 52 30 till
1222 1797 113 39 grund
1356 1797 55 29 för
1431 1797 270 39 användningen

523 1861 43 20 av
582 1851 264 40 ifrågavarande
863 1850 131 40 anslag.

259 1994 93 33 11:0)
378 1993 349 29 Säkerhetsanstalter
752 1993 54 28 för
828 1992 180 35 sjöfarten.
1034 1992 11 29 I
1069 1992 148 37 enlighet
1240 1993 77 29 med
1340 1992 123 37 Kungl.
1487 1992 121 36 Maj:ts
1632 1991 69 30 för-

217 2047 73 39 slag
307 2047 129 38 (punkt
450 2047 29 33 6,
494 2056 26 19 s.
535 2046 80 34 294)
633 2046 203 30 hemställer
848 2046 180 33 utskottet,

569 2102 49 27 att
639 2099 187 39 riksdagen
847 2099 56 29 må
923 2099 53 29 till
998 2098 358 30 Säkerhetsanstalter
1375 2098 57 40 för
1452 2098 172 39 sjöfarten
1648 2098 54 29 för

525 2153 202 39 budgetåret
746 2152 139 32 1965/66
901 2152 122 29 anvisa
1038 2154 48 27 ett
1101 2151 353 40 investeringsanslag
1469 2161 42 20 av
1527 2151 19 29 4
1561 2151 62 29 500
1636 2151 64 29 000

523 2206 52 28 kr.
