1854 2764
517 120 285 30 Statsutskottets
825 119 180 30 utlåtande
1026 128 43 20 nr
1090 119 20 29 9
1130 118 40 30 år
1193 118 83 30 1965
1600 117 41 30 29

196 202 65 39 Jag
278 202 58 29 vill
364 202 1 28 i
384 201 291 38 sammanhanget
694 200 146 39 upplysa
859 208 57 20 om
935 201 51 28 att
1004 199 159 29 avsikten
1182 199 38 28 är
1238 200 50 28 att
1307 198 245 29 motsvarande
1572 196 69 30 för-

153 246 168 39 längning
335 255 42 20 av
392 245 181 40 garantien
590 245 51 29 till
659 245 40 29 de
725 245 1 28 i
744 243 287 31 SAS-konsortiet
1048 242 168 40 ingående
1233 242 145 39 bolagen
1395 242 88 29 skall
1502 249 140 32 genom-

154 291 94 29 föras
264 291 86 29 även
370 290 5 29 i
391 290 181 29 Danmark
588 289 64 30 och
667 289 121 39 Norge.

198 336 12 28 I
232 335 150 39 enlighet
403 334 79 29 med
503 333 158 40 gällande
681 332 339 30 överenskommelse
1041 341 42 20 av
1104 331 39 30 år
1165 331 83 29 1959
1269 331 62 28 bör
1352 330 56 30 för
1429 330 135 39 garanti
1587 330 55 29 för

153 380 78 30 ABA
251 389 26 20 :s
295 379 222 29 verksamhet
537 378 110 29 under
665 377 95 30 tiden
778 377 66 29 den
866 377 13 29 1
901 376 145 30 oktober
1068 375 195 30 1964—den
1282 374 40 30 30
1343 375 194 39 september
1559 374 81 29 1965

155 424 54 30 för
223 425 100 28 nästa
338 423 167 40 budgetår
519 422 168 40 uppföras
701 424 48 27 ett
763 421 121 39 anslag
897 430 43 21 av
954 421 50 33 7,5
1020 421 87 39 milj.
1122 420 52 29 kr.

201 521 174 30 Utskottet
391 521 65 30 har
473 521 76 29 icke
567 520 118 29 funnit
702 519 190 39 anledning
907 519 52 29 till
977 518 142 30 erinran
1137 519 72 28 mot
1227 517 124 39 Kungl.
1370 517 124 39 Maj:ts
1514 516 130 39 förslag

153 575 65 30 och
235 575 202 29 hemställer
454 574 131 33 därför,

507 629 51 28 att
573 627 187 38 riksdagen
777 626 56 29 må

510 698 24 29 I.
553 697 208 40 bemyndiga
779 697 125 39 Kungl.
924 696 106 39 Maj:t
1049 698 50 28 att
1119 695 80 30 med
1216 695 41 30 de
1277 695 136 29 danska
1431 695 65 28 och
1514 694 131 29 norska

465 752 245 39 regeringarna
733 750 109 30 träffa
865 750 92 29 avtal
982 758 59 20 om
1063 748 225 40 förlängning
1310 748 55 29 för
1388 747 166 40 perioden
1578 747 67 30 den

468 806 14 28 1
504 804 144 30 oktober
669 804 197 29 1965—den
885 803 41 30 30
947 803 195 39 september
1166 802 81 29 1970
1267 811 42 20 av
1329 801 182 40 garantien
1531 801 52 29 till
1603 800 42 30 de

465 859 11 28 i
511 858 194 29 konsortiet
741 857 256 30 Scandinavian
1033 856 150 29 Airlines
1220 855 136 39 System
1391 854 253 30 samverkande

465 911 275 30 skandinaviska
759 909 323 40 Juftfartsbolagen;

511 982 40 29 II.
572 982 52 29 till
645 981 143 30 Garanti
807 981 52 29 till
877 980 241 39 Aktiebolaget
1138 980 271 38 Aerotransport
1427 978 56 40 för
1505 978 141 32 1964/65

467 1035 55 30 för
557 1035 203 40 budgetåret
798 1034 140 33 1965/66
974 1034 121 29 anvisa
1131 1035 48 28 ett
1215 1032 355 39 investeringsanslag
1604 1040 42 21 av

467 1089 94 29 7500
576 1088 62 30 000
656 1088 51 30 kr.

202 1277 93 33 15:0)
320 1277 71 29 Lån
410 1277 53 29 till
483 1276 227 35 anskaffning
730 1285 42 20 av
793 1274 350 35 högertrafikbussar.
1164 1274 124 37 Kungl.
1309 1273 103 37 Maj:t
1432 1272 63 30 har
1520 1271 127 38 (punkt

159 1331 30 34 2,
208 1340 25 20 s.
251 1330 63 30 300
332 1330 65 30 och
414 1330 81 33 301)
518 1329 178 40 föreslagit
713 1329 189 39 riksdagen
918 1330 52 28 att
987 1328 52 29 till
1058 1328 73 29 Lån
1149 1327 52 29 till
1220 1326 231 39 anskaffning
1468 1335 43 21 av
1527 1326 121 39 höger-

158 1383 237 30 trafikbussar
435 1383 55 29 för
531 1382 204 39 budgetåret
778 1382 141 32 1965/66
960 1381 122 30 anvisa
1123 1382 48 28 ett
1211 1380 355 38 investeringsanslag
1606 1388 42 20 av

158 1437 41 30 25
214 1436 63 30 000
291 1436 63 29 000
371 1436 53 29 kr.

203 1543 393 40 Departementschefen
612 1543 64 29 har
691 1542 118 30 anfört
825 1541 168 39 följande.

206 1606 12 29 I
232 1606 263 39 propositionen
508 1605 178 39 angående
701 1605 118 39 statlig
831 1603 205 40 långivning
1049 1603 55 30 för
1117 1602 231 39 anskaffning
1361 1611 43 21 av
1416 1600 233 40 högertrafik-

160 1650 124 30 bussar
309 1650 118 34 (1964:
446 1650 78 33 199)
550 1650 64 29 har
634 1649 196 39 föreslagits
851 1648 178 39 riktlinjer
1051 1648 55 29 för
1125 1647 201 39 långivning
1346 1646 11 29 i
1379 1645 170 31 samband
1570 1645 78 30 med

160 1695 226 39 tidigarelagd
408 1694 232 39 anskaffning
662 1703 43 20 av
727 1693 131 30 sådana
881 1693 135 29 bussar.
1040 1691 226 31 Beträffande
1290 1690 276 39 finansieringen
1589 1699 60 20 an-

163 1739 97 29 'örde
275 1739 60 39 jag
350 1739 11 29 i
378 1739 262 39 propositionen
659 1740 60 31 att,
737 1738 44 29 då
799 1737 173 30 särskilda
991 1737 110 29 medel
1121 1736 54 29 för
1192 1735 247 39 långivningen
1457 1735 77 29 icke
1551 1734 98 29 torde

161 1783 179 30 erfordras
359 1784 111 28 under
491 1782 234 30 innevarande
747 1782 178 39 budgetår,
947 1782 60 38 jag
1029 1781 74 29 icke
1124 1790 61 19 var
1206 1779 127 30 beredd
1355 1781 51 28 att
1427 1780 34 28 ta
1484 1778 166 39 ställning

160 1828 52 29 till
237 1828 123 37 frågan
384 1836 57 20 om
465 1827 67 29 den
556 1826 305 39 anslagstekniska
885 1825 268 38 redovisningen
1177 1833 43 21 av
1243 1823 257 39 långivningen.
1526 1822 123 30 Samti-

162 1872 71 38 digt
251 1872 161 29 anmälde
429 1872 59 38 jag
507 1871 72 29 min
598 1871 113 29 avsikt
730 1872 50 28 att
798 1879 122 20 senare
939 1869 193 38 framlägga
1150 1868 130 38 förslag
1298 1868 133 28 härom.
1451 1866 198 39 Riksdagen

161 1915 179 30 beslutade
358 1916 11 28 i
387 1915 152 39 enlighet
558 1915 77 29 med
655 1914 173 39 förslagen
848 1914 10 28 i
877 1913 262 39 propositionen
1163 1912 69 33 (SU
1254 1911 70 34 196,
1343 1911 90 29 rskr.
1453 1910 96 32 381).
1568 1910 82 29 Frå-

161 1967 65 32 gan
245 1968 57 20 om
321 1959 276 39 finansieringen
616 1968 41 20 av
673 1958 267 39 ifrågavarande
959 1957 202 39 långivning
1179 1956 96 29 torde
1294 1964 46 20 nu
1360 1955 84 29 böra
1462 1957 97 36 tagas
1579 1963 70 30 upp

160 2005 52 29 till
230 2004 140 29 fortsatt
385 2004 223 38 behandling.

207 2048 137 30 Statens
376 2047 450 40 högertrafikkommission
859 2046 186 30 förordade
1079 2047 10 28 i
1121 2046 55 29 sin
1209 2046 261 38 framställning
1502 2045 148 30 rörande

164 2093 117 38 statlig
311 2092 201 39 långivning
543 2092 53 29 för
626 2091 229 39 anskaffning
886 2100 42 20 av
957 2090 354 39 högertrafikbussar,
1343 2092 50 27 att
1424 2090 226 38 erforderliga

166 2137 108 29 medel
292 2136 53 29 för
360 2137 246 38 långivningen
622 2136 106 29 måtte
744 2135 138 29 anvisas
899 2135 111 28 under
1026 2135 154 38 anslaget
1198 2134 195 29 Kostnader
1410 2134 54 28 för
1479 2133 172 39 övergång

163 2181 51 29 till
239 2181 227 38 högertrafik.
492 2180 116 38 Enligt
633 2180 72 28 min
730 2179 140 38 mening
895 2178 61 29 bör
980 2178 94 29 detta
1099 2178 123 38 anslag
1244 2178 179 29 användas
1448 2178 123 29 endast
1597 2177 54 29 för

165 2224 219 29 bestridande
404 2233 42 20 av
464 2224 137 29 direkta
619 2223 189 29 kostnader
828 2223 55 28 för
901 2222 390 38 trafikomläggningen.
1311 2222 65 38 Jag
1395 2222 160 28 förordar
1574 2221 77 28 där-

162 2268 64 33 för,
251 2270 50 27 att
324 2268 110 29 medel
458 2268 54 28 för
535 2267 245 38 långivningen
804 2266 139 30 anvisas
967 2273 123 31 genom
1113 2268 51 27 att
1187 2267 48 27 ett
1258 2265 142 29 särskilt
1423 2266 120 37 anslag
1567 2273 85 30 upp-

162 2312 93 29 föres
277 2312 110 29 under
408 2312 131 29 fonden
561 2311 54 29 för
636 2310 281 30 låneunderstöd.
940 2310 165 38 Anslaget
1127 2309 62 29 bör
1211 2309 190 29 benämnas
1424 2309 72 29 Lån
1520 2309 50 29 till
1593 2318 59 19 an-

164 2356 182 38 skaffning
361 2365 43 20 av
420 2355 354 40 högertrafikbussar.

209 2400 79 29 Som
315 2399 154 39 framgår
493 2409 42 20 av
559 2399 66 29 den
651 2398 145 39 tidigare
821 2398 242 39 redogörelsen
1090 2398 64 28 har
1179 2398 132 28 statens
1337 2396 316 39 högertrafikkom-

164 2444 145 29 mission
329 2444 7 28 i
356 2444 52 29 sin
429 2443 261 39 framställning
707 2452 57 20 om
782 2442 122 38 anslag
923 2442 48 29 till
993 2440 189 30 kostnader
1202 2441 53 29 för
1273 2440 172 39 övergång
1463 2441 51 28 till
1534 2440 119 39 höger-
