1858 2776
259 178 37 29 14
573 174 122 39 Tredje
716 173 245 40 lagutskottets
981 171 179 31 utlåtande
1180 181 41 20 nr
1239 172 39 29 21
1300 171 40 30 år
1361 171 80 29 1961

259 260 95 30 olika
376 260 180 30 teoretiskt
580 259 170 30 tänkbara
773 257 185 30 alternativ
981 259 50 27 att
1054 257 73 29 lösa
1153 256 122 39 frågan
1298 264 57 21 om
1379 253 192 40 avräkning
1595 263 41 20 av
1659 255 96 37 nytta

259 312 73 27 mot
352 310 108 30 skada
477 310 56 30 vid
553 309 192 39 beräkning
764 318 42 20 av
825 307 192 39 ersättning
1037 307 54 29 för
1111 307 108 29 skada
1238 314 124 31 genom
1381 305 211 39 vägföretag.

304 361 59 29 Ett
386 360 183 30 alternativ
592 361 48 32 är,
664 359 105 39 enligt
792 359 67 29 vad
882 358 208 29 kommittén
1114 356 205 34 framhållit,
1343 357 50 28 att
1415 355 68 30 den
1505 354 251 30 eftersträvade

259 409 285 40 likformigheten
563 410 92 29 olika
674 409 207 39 markägare
900 408 147 29 emellan
1068 407 259 30 åstadkommes
1347 406 77 29 icke
1443 413 122 32 genom
1585 407 49 27 att
1654 403 100 30 kvitt-

261 460 374 39 ningsmöjligheterna
660 459 189 39 begränsas
876 460 84 28 utan
987 466 124 31 genom
1139 459 49 29 att
1215 457 244 39 skyldigheten
1485 458 50 27 att
1561 455 113 29 betala
1702 454 54 30 för

261 511 238 38 uppkommen
527 509 130 30 båtnad
688 509 196 30 utsträckes
913 508 51 30 till
993 509 87 29 även
1110 507 109 30 andra
1249 506 204 39 fastigheter
1483 507 43 29 än
1556 506 89 32 dem,
1676 504 79 29 från

259 560 95 29 vilka
372 560 99 29 mark
491 560 53 29 för
562 561 109 38 vägen
691 561 94 37 tages
804 559 11 29 i
834 558 163 39 anspråk.
1018 558 52 29 En
1091 557 108 30 sådan
1218 556 207 40 utvidgning
1444 565 40 20 av
1503 555 253 39 markägarnas

258 610 397 39 betalningsskyldighet
678 609 111 30 skulle
810 609 77 29 icke
908 618 82 20 vara
1011 608 87 29 unik
1121 608 94 29 inom
1236 606 281 40 lagstiftningen;
1541 605 44 29 bl.
1608 615 29 19 a.
1660 605 96 29 inne-

258 661 62 29 bär
342 660 309 30 bestämmelserna
673 660 10 29 i
705 659 281 39 byggnadslagen
1008 667 42 20 en
1073 657 170 39 reglering
1266 657 88 29 efter
1377 657 101 29 dessa
1499 655 114 39 linjer.
1637 655 119 38 Spörs-

259 710 107 30 målet
391 719 55 20 om
471 719 42 20 en
538 709 205 39 utvidgning
769 718 41 20 av
835 709 251 38 markägarnas
1112 707 197 39 skyldighet
1335 708 50 28 att
1409 706 115 29 betala
1547 705 54 30 för
1625 704 130 30 båtnad

259 770 42 20 av
323 760 199 39 vägföretag
547 759 293 39 sammanhänger
863 758 190 30 emellertid
1077 758 78 28 med
1178 758 56 28 det
1256 756 285 30 vittomfattande
1565 755 191 39 problemet

259 810 149 30 rörande
432 820 25 20 s.
480 811 33 28 k.
537 810 171 38 oförtjänt
729 808 354 40 jordvärdestegring,
1107 807 64 30 och
1195 807 56 29 det
1273 806 63 30 bör
1359 806 76 29 icke
1458 806 142 29 komma
1622 805 11 29 i
1657 804 99 40 fråga

259 863 50 27 att
330 860 45 39 på
396 860 227 29 förevarande
645 859 213 39 begränsade
881 858 139 29 område
1043 856 203 41 genomföra
1268 865 42 20 en
1332 855 170 40 reglering
1524 855 79 29 med
1626 854 37 31 så
1684 864 72 20 om-

260 910 158 30 fattande
444 910 217 39 principiella
686 909 268 29 konsekvenser.

303 960 53 29 En
376 969 115 21 annan
511 969 43 21 av
573 959 207 30 kommittén
801 958 204 30 diskuterad
1025 957 182 39 möjlighet
1228 957 38 29 är
1286 958 50 29 att
1356 956 72 29 helt
1448 956 96 39 slopa
1564 955 116 40 regeln
1701 964 56 20 om

260 1011 193 39 avräkning
483 1010 53 30 för
566 1011 67 29 den
662 1011 98 38 nytta
790 1018 42 20 en
863 1008 276 40 väganläggning
1168 1007 147 30 medför.
1346 1007 103 29 Detta
1479 1005 185 31 alternativ
1693 1005 65 30 har

258 1060 194 29 emellertid
470 1060 112 39 tredje
602 1059 227 40 lagutskottet
850 1058 54 30 för
925 1059 52 30 sin
997 1059 53 29 del
1072 1058 143 36 avvisat,
1235 1057 65 30 och
1320 1057 210 29 kommittén
1550 1057 63 30 har
1633 1056 125 39 intagit

259 1119 136 21 samma
414 1110 228 39 ståndpunkt.

303 1161 53 28 En
377 1160 109 39 tredje
506 1160 182 40 möjlighet
710 1161 38 28 är
768 1162 50 28 att
839 1159 154 30 utforma
1014 1168 42 20 en
1076 1158 310 40 jämkningsregel,
1408 1167 74 20 som
1503 1157 60 40 går
1584 1159 37 27 ut
1642 1157 44 39 på
1707 1158 50 28 att

259 1210 193 40 avvägning
475 1210 88 30 skall
586 1211 60 29 ske
667 1211 78 29 med
767 1210 139 38 hänsyn
927 1210 51 29 till
1000 1209 345 39 omständigheterna
1368 1209 11 29 i
1401 1208 95 39 varje
1520 1208 141 30 särskilt
1685 1207 72 30 fall.

259 1261 176 29 Eftersom
454 1270 41 20 en
514 1260 97 39 dylik
630 1260 287 39 kvittningsregel
936 1260 85 28 lider
1041 1269 41 20 av
1102 1260 67 29 den
1187 1259 195 38 betydande
1402 1258 225 39 olägenheten
1648 1260 49 27 att
1716 1265 40 32 ge

259 1310 80 40 föga
359 1310 140 40 ledning
520 1310 53 30 för
594 1313 162 36 parterna
776 1310 58 29 vid
857 1309 320 39 underhandlingar
1197 1309 78 29 dem
1296 1309 149 29 emellan
1465 1308 64 30 och
1550 1309 68 30 kan
1642 1308 116 29 föran-

258 1360 78 30 leda
356 1370 42 20 en
418 1360 130 40 ökning
568 1370 42 20 av
630 1360 128 30 antalet
779 1360 62 29 fall
862 1369 73 20 som
956 1359 59 40 går
1036 1360 51 29 till
1109 1359 353 40 domstolsprövning,
1482 1359 63 29 har
1565 1358 192 30 emellertid

259 1410 208 30 kommittén
485 1412 114 28 ansett
617 1412 49 28 att
683 1411 74 29 icke
775 1410 110 29 heller
902 1410 65 29 den
984 1419 47 20 nu
1050 1410 151 39 angivna
1217 1409 184 40 lösningen
1420 1409 61 29 bör
1499 1409 169 29 förordas.

303 1460 67 30 Till
392 1460 61 30 sist
474 1461 62 29 har
558 1460 207 30 kommittén
787 1460 73 40 gått
881 1461 36 29 in
937 1460 43 40 på
1001 1460 57 30 det
1080 1460 129 39 förslag
1231 1460 51 29 till
1304 1460 138 39 lösning
1464 1469 40 20 av
1526 1459 133 39 frågan,
1683 1468 74 21 som

259 1509 187 41 riksdagen
464 1511 11 29 i
495 1511 53 29 sin
569 1511 165 29 skrivelse
753 1510 67 30 den
841 1511 16 29 7
880 1510 178 30 december
1081 1510 82 29 1955
1183 1511 157 28 närmast
1360 1510 125 29 uttalat
1506 1510 50 39 sig
1576 1510 64 34 för,
1662 1510 95 29 näm-

259 1560 91 39 ligen
373 1562 49 28 att
443 1561 158 39 reglerna
622 1561 10 28 i
653 1561 87 30 AVL
761 1560 142 40 bringas
925 1561 10 29 i
957 1562 161 29 närmare
1140 1561 346 29 överensstämmelse
1508 1560 79 30 med
1608 1561 150 28 motsva-

259 1610 108 29 rande
391 1610 189 39 stadgande
603 1613 10 29 i
636 1611 389 39 expropriationslagen.

305 1660 131 30 Härvid
464 1661 64 30 har
555 1661 207 30 kommittén
793 1661 197 39 genomgått
1020 1661 153 29 motiven
1202 1661 50 29 till
1282 1661 68 29 den
1379 1661 201 30 nuvarande
1609 1661 150 29 bestäm-

260 1710 132 29 melsen
415 1711 10 28 i
450 1711 37 29 19
513 1710 14 37 8
553 1711 88 30 AVL
663 1711 63 29 och
749 1712 245 28 motsvarande
1018 1712 95 29 äldre
1136 1711 243 30 bestämmelse
1402 1712 10 29 i
1438 1711 81 30 1930
1544 1711 56 30 års
1623 1712 55 41 lag
1701 1720 56 20 om

260 1761 146 38 vägrätt.
434 1760 47 30 På
507 1761 169 38 grundval
704 1770 41 20 av
772 1761 308 39 undersökningen
1108 1762 63 29 har
1198 1762 209 29 kommittén
1435 1771 73 20 som
1534 1764 49 27 ett
1610 1762 145 29 allmänt

259 1810 161 29 omdöme
442 1811 136 33 uttalat,
601 1813 49 27 att
672 1811 65 29 den
760 1811 202 29 nuvarande
984 1811 332 39 kvittningsregelns
1339 1811 320 30 tillkomsthistoria
1680 1811 76 29 icke

260 1860 137 30 lämnar
423 1860 103 39 något
552 1861 76 29 stöd
653 1861 55 29 för
734 1863 49 27 att
809 1861 172 29 bibehålla
1007 1870 42 20 en
1076 1861 79 29 från
1181 1861 399 39 expropriationslagens
1606 1863 148 28 motsva-

259 1910 108 29 rande
391 1910 243 30 bestämmelse
659 1911 193 29 avvikande
877 1911 178 39 reglering.
1082 1911 163 30 Däremot
1269 1911 66 29 har
1358 1911 208 29 kommittén
1592 1911 164 39 åberopat

261 1960 93 29 vissa
383 1960 215 34 uttalanden,
628 1970 73 20 som
730 1960 140 39 gjordes
899 1961 10 28 i
938 1961 169 29 samband
1136 1961 78 29 med
1243 1961 216 29 tillkomsten
1488 1970 42 20 av
1557 1961 199 39 expropria-

259 2010 205 39 tionslagen.
489 2010 117 39 Enligt
630 2011 100 29 dessa
754 2011 205 29 uttalanden
983 2011 106 29 borde
1113 2011 228 39 jordägarens
1366 2011 154 39 anspråk
1544 2011 44 39 på
1612 2011 64 29 full
1700 2011 57 30 be-

262 2060 133 39 talning
420 2060 53 29 för
498 2061 66 28 den
588 2060 90 39 jord,
704 2070 74 20 som
804 2060 215 31 frånhändes
1044 2061 140 33 honom,
1210 2060 36 30 få
1270 2070 102 21 anses
1397 2061 69 29 vila
1490 2061 43 39 på
1558 2070 42 20 en
1626 2061 130 30 fastare

259 2110 170 39 grundval
453 2111 43 29 än
519 2110 41 29 de
584 2110 97 30 alltid
703 2110 10 29 i
735 2110 71 30 viss
829 2110 82 29 mån
934 2111 126 29 osäkra
1082 2110 209 39 ömsesidiga
1314 2110 344 40 fordringsanspråk,
1681 2120 74 21 som

259 2159 152 40 byggdes
429 2160 44 39 på
490 2160 237 39 beräkningen
747 2169 56 20 om
823 2160 166 29 framtida
1009 2160 109 29 skada
1137 2160 82 30 eller
1237 2160 103 36 vinst,
1360 2160 106 30 vilket
1485 2161 106 29 borde
1610 2162 77 29 leda
1706 2162 51 29 till

259 2211 50 27 att
331 2210 42 29 de
395 2219 119 20 senare
537 2210 197 39 anspråken
757 2210 116 29 såsom
895 2210 11 29 i
928 2210 66 29 alla
1016 2210 221 30 hänseenden
1260 2210 179 30 likställda
1461 2212 78 29 med
1561 2212 58 40 fog
1640 2212 118 29 kunde

259 2259 130 30 kvittas
411 2263 71 27 mot
504 2260 172 29 varandra
699 2260 109 30 under
832 2260 57 30 det
911 2263 49 27 att
981 2261 41 29 de
1045 2261 95 29 förra
1163 2261 110 29 under
1296 2261 68 30 alla
1387 2261 242 30 förhållanden
1653 2262 104 29 borde

259 2309 200 39 tillgodoses
480 2312 85 27 utan
587 2310 217 39 avkortning.
827 2311 102 29 Detta
952 2311 74 30 skäl
1048 2311 55 29 för
1124 2311 218 40 utformning
1364 2321 41 20 av
1426 2312 333 40 jämkningsprinci-

259 2368 67 30 pen
347 2360 70 29 kan
438 2360 105 40 enligt
563 2360 208 30 kommittén
792 2360 80 29 med
894 2370 133 20 samma
1049 2361 57 39 fog
1127 2361 167 39 åberopas
1316 2362 44 29 då
1382 2361 97 40 fråga
1501 2363 37 28 är
1558 2372 56 20 om
1636 2363 122 29 ersätt-

259 2409 84 39 ning
362 2410 105 39 enligt
486 2411 98 36 AVL,
604 2410 191 30 oberoende
815 2420 42 20 av
876 2413 49 27 att
944 2411 146 30 marken
1109 2411 75 30 icke
1204 2412 115 29 avstås
1339 2413 79 28 med
1439 2413 212 39 äganderätt.

304 2460 66 28 För
392 2462 49 27 att
462 2460 35 30 få
518 2470 42 20 en
582 2460 225 40 uppfattning
828 2461 174 30 huruvida
1022 2471 43 19 en
1085 2461 258 42 inskränkning
1365 2472 41 20 av
1427 2463 331 40 kvittningsmöjlig-
