2121 2659
745 237 275 30 Bankoutskottets
1045 237 167 31 Memorial
1235 237 63 31 N:o
1321 239 29 29 4.
1791 242 17 28 3

378 316 14 35 I
434 315 198 49 anledning
664 316 38 36 af
730 317 96 35 hvad
858 317 152 35 sålunda
1039 317 241 45 förekommit,
1309 319 65 34 och
1403 319 45 35 då
1475 323 39 32 så
1540 321 57 34 val
1626 320 225 49 afdelnings-

244 369 187 35 kontorets
470 368 182 35 revisorer
690 367 163 36 förordat
884 367 174 49 förslaget
1092 382 61 22 om
1181 368 264 49 afskrifningen
1473 383 78 23 som
1578 372 66 34 ock
1672 373 179 48 styrelsen

243 419 57 35 för
327 419 169 35 kontoret
524 419 53 35 uti
605 418 267 36 ofvanberörda
899 420 193 35 berättelse
1119 420 185 44 förklarat,
1334 426 53 30 att
1404 422 116 46 liqvid
1537 421 57 36 för
1612 421 239 37 omförmälda

243 469 214 48 fordringar
487 470 79 35 icke
594 469 103 36 torde
729 470 124 35 kunna
886 469 39 36 af
948 470 262 47 gäldenärerna
1237 471 154 35 erhållas
1418 477 95 30 samt
1540 472 186 48 derjemte,
1754 473 97 35 hvad

245 519 174 37 beträffar
459 521 65 35 sist
563 520 218 36 församlade
823 522 288 35 statsrevisorers
1149 523 12 34 i
1194 522 104 35 deras
1330 522 190 36 berättelse
1554 524 56 35 till
1642 524 209 48 Riksdagen

246 571 131 48 gjorda
416 571 188 36 uttalande
642 572 12 34 i
693 570 105 49 fråga
837 585 58 22 om
936 572 219 47 atgärderna
1193 572 56 36 för
1284 574 199 48 utsökning
1515 573 40 36 af
1578 587 44 23 en
1651 574 58 36 del
1737 575 40 35 af
1800 588 51 22 nu

246 622 278 48 ifrågavarande
551 622 220 48 fordringar,
800 623 181 48 yttrande,
1010 635 77 23 som
1114 623 224 36 innefattade
1361 623 83 37 fullt
1462 625 166 48 nöjaktig
1647 625 203 49 förklaring

245 674 13 34 i
299 678 132 38 ämnet,
473 673 132 44 blifvit,
649 677 45 44 på
735 679 71 30 sätt
846 673 40 36 af
921 679 52 30 ett
1012 674 62 35 vid
1115 687 139 23 samma
1280 675 192 36 berättelse
1498 676 131 48 fogadt
1654 676 135 49 utdrag
1815 676 39 36 af

245 724 250 48 fullmägtiges
527 725 9 34 i
572 724 223 36 riksbanken
823 726 185 46 protokoll
1035 724 170 50 framgår,
1236 725 39 36 af
1297 726 271 37 vederbörande
1597 727 161 49 afgifvet,
1785 728 65 35 har

246 776 178 35 utskottet
450 774 124 36 funnit
600 777 57 46 sig
684 775 89 36 böra
799 776 150 36 härmed
977 777 63 34 hos
1068 777 207 47 Riksdagen
1305 778 199 45 hemställa,

783 883 53 30 att
877 877 109 36 ofvan
1027 877 177 50 uppgifna
1243 878 209 49 fordringar
1489 883 20 32 å
1548 881 155 47 tillhopa
1741 883 106 41 8,275

649 929 134 35 kronor
811 930 44 34 33
885 936 60 28 öre
974 935 111 30 måtte
1107 929 36 36 få
1161 942 44 22 ur
1224 929 392 49 afdelningskontorets
1635 932 11 35 i
1667 929 184 50 Göteborg

648 980 245 47 räkenskaper
921 979 203 37 afskrifvas.

381 1079 207 37 Stockholm
616 1080 70 36 den
717 1082 44 33 28
789 1079 157 37 februari
981 1082 104 35 1888.

760 1181 51 36 På
838 1182 318 36 bankoutskottets
1184 1190 151 41 vägnar:

830 1282 41 37 G.
901 1283 32 37 S.
964 1269 294 51 ÅKERHIELM.
