1870 2784
254 145 18 26 4
648 144 122 30 Första
791 142 239 37 lagutskottets
1050 140 174 31 utlåtande
1244 150 39 20 nr
1308 138 50 30 22.

258 226 117 29 kunde
398 225 143 30 komma
561 223 339 31 domstolsväsendet
920 222 11 29 i
954 221 111 39 övrigt
1087 220 64 30 och
1172 220 43 29 de
1238 220 64 29 där
1322 219 223 29 verksamma
1568 217 193 39 juristerna

259 269 51 29 till
335 269 97 28 godo.

303 286 57 68 Ett
385 310 222 38 fullständigt
630 307 233 40 upphävande
886 315 42 20 av
951 304 433 38 rådhusrättsjuristernas
1410 301 225 38 särställning
1657 301 10 28 i
1693 300 68 29 för-

259 353 163 29 hållande
446 351 52 30 till
521 350 233 30 domarkåren
776 350 11 28 i
810 349 112 38 övrigt
946 357 102 29 synes
1071 347 76 29 icke
1170 347 120 28 kunna
1314 345 142 29 komma
1480 344 51 28 till
1556 343 102 29 stånd
1683 342 78 29 med

260 396 135 28 mindre
416 392 455 40 domstolsorganisationen
891 391 11 29 i
923 391 41 29 de
985 389 202 30 nuvarande
1207 387 369 39 magistratsstäderna
1597 384 165 39 generellt

260 437 176 30 överföres
456 437 52 29 till
527 437 127 32 staten;
676 435 89 29 först
783 434 204 38 härigenom
1005 433 95 28 bleve
1119 432 57 29 det
1193 430 138 39 möjligt
1350 431 51 28 att
1418 428 222 30 beträffande
1660 428 102 28 rätts-

260 480 167 29 väsendet
449 479 13 28 i
485 479 77 28 dess
587 478 117 28 helhet
727 475 116 30 införa
867 475 81 29 fullt
969 474 185 29 ensartade
1179 473 109 38 regler
1311 472 11 29 i
1347 471 99 38 fråga
1472 479 55 20 om
1552 468 211 38 tillsättning

261 531 41 20 av
337 520 372 38 domarbefattningar,
745 519 159 28 domares
940 517 65 29 och
1040 515 338 39 domaraspiranters
1414 511 235 40 tjänstgöring
1685 509 78 29 med

262 573 104 20 mera.

304 632 52 28 En
376 632 39 30 så
434 630 228 39 vittsyftande
683 626 297 41 omorganisation
1001 635 42 20 av
1062 623 336 31 domstolsväsendet
1419 630 80 20 vore
1520 620 106 37 enligt
1648 617 115 30 utred-

260 681 128 36 ningen
412 679 75 29 icke
512 678 204 39 erforderlig
740 677 10 28 i
774 676 170 29 samband
968 675 79 29 med
1069 672 397 39 rättegångsreformens
1492 667 273 41 genomförande

264 733 85 28 utan
379 740 85 21 man
493 730 93 40 finge
615 729 83 39 utgå
727 728 79 30 från
834 729 51 28 att
914 725 337 32 domstolsväsendet
1279 724 214 29 åtminstone
1523 721 53 29 för
1607 720 80 38 lång
1716 718 51 29 tid

267 782 129 30 framåt
423 783 10 28 i
462 781 186 29 huvudsak
675 780 139 29 komme
841 780 50 27 att
918 776 173 31 bibehålla
1120 776 53 29 sin
1200 774 203 30 nuvarande
1432 772 177 29 karaktär.
1639 770 130 29 Oaktat

267 834 56 28 det
351 833 79 29 med
460 832 136 38 hänsyn
624 830 120 30 härtill
771 830 76 28 icke
874 837 82 20 vore
985 827 137 39 möjligt
1151 827 50 28 att
1230 825 70 29 låta
1328 822 341 31 stadsdomarbanan
1697 820 72 29 helt

267 883 115 39 uppgå
404 883 10 29 i
436 883 68 29 den
525 882 178 29 allmänna
724 878 357 40 befordringsgången
1103 877 54 29 för
1177 877 153 32 domare,
1352 875 98 29 torde
1473 873 106 29 likväl
1602 871 167 39 föreligga

267 934 91 29 vissa
380 933 225 39 möjligheter
630 933 51 28 att
705 932 123 28 närma
853 930 40 29 de
917 929 91 29 båda
1032 926 375 39 befordringsvägarna
1433 925 52 28 till
1509 923 184 30 varandra.
1719 921 51 29 Av

267 985 73 29 vikt
361 993 83 21 vore
467 984 11 28 i
498 983 96 30 detta
617 981 265 38 sammanhang,
907 982 51 27 att
982 979 37 30 så
1043 979 94 38 långt
1161 977 138 39 möjligt
1320 975 198 40 principiell
1542 972 228 39 likställighet

267 1033 256 41 upprätthölles
546 1034 129 29 mellan
698 1032 78 30 dem
800 1040 74 20 som
898 1030 100 39 ginge
1022 1029 100 29 dessa
1143 1028 95 29 olika
1259 1028 117 37 vägar.

313 1085 238 38 Utredningen
572 1085 132 38 upptog
725 1083 53 28 till
802 1081 150 30 särskild
975 1080 211 38 behandling
1209 1078 124 38 frågan
1356 1086 57 20 om
1436 1077 41 29 de
1501 1075 170 39 åtgärder,
1696 1082 75 21 som

269 1136 117 29 kunde
404 1135 157 39 vidtagas
580 1134 54 30 för
652 1135 51 28 att
722 1134 40 29 de
781 1133 51 29 till
850 1131 291 30 rådhusrätterna
1158 1130 136 28 knutna
1312 1129 171 29 domarna
1502 1126 111 30 skulle
1631 1125 11 29 i
1660 1125 111 29 större

269 1186 247 39 utsträckning
533 1187 44 28 än
593 1185 55 29 för
665 1183 218 31 närvarande
900 1182 36 29 få
952 1181 137 30 tillfälle
1106 1180 196 39 tjänstgöra
1317 1178 133 40 jämväl
1467 1178 57 29 vid
1542 1185 117 21 annan
1676 1176 96 29 dom-

269 1238 66 28 stol
357 1237 66 29 och
444 1237 65 29 där
529 1236 106 29 vinna
657 1234 198 29 befordran.

314 1336 228 30 Beträffande
565 1336 260 29 stadsdomares
851 1333 234 40 tjänstgöring
1110 1332 56 30 vid
1190 1331 56 30 det
1270 1330 140 39 statliga
1436 1327 337 32 domstolsväsendet

267 1389 146 30 anförde
431 1387 243 38 utredningen,
694 1388 49 29 att
762 1387 56 29 det
837 1395 41 21 av
895 1385 90 30 flera
1003 1384 75 29 skäl
1096 1392 80 22 vore
1195 1383 178 34 önskvärt,
1393 1382 50 29 att
1462 1381 41 29 de
1522 1381 152 32 domare,
1695 1386 73 22 som

272 1439 129 29 erhölle
427 1437 198 40 befattning
651 1437 58 30 vid
736 1436 214 33 rådhusrätt,
979 1435 85 38 ägde
1091 1433 182 39 möjlighet
1300 1433 51 29 att
1378 1431 196 39 tjänstgöra
1602 1430 87 29 även
1716 1428 58 29 vid

272 1489 109 30 andra
402 1488 192 30 domstolar
615 1488 66 29 och
703 1489 50 28 att
773 1486 125 39 övergå
918 1486 54 29 till
992 1484 197 39 befattning
1208 1484 58 29 vid
1285 1484 104 29 dessa
1409 1481 202 30 domstolar.
1633 1480 66 29 Vid
1722 1486 53 32 ge-

272 1539 233 30 nomförande
528 1548 41 20 av
593 1548 42 20 en
659 1537 110 30 sådan
792 1537 149 39 ordning
963 1544 134 22 vunnes
1120 1536 12 28 i
1156 1534 111 30 första
1291 1534 95 29 hand
1411 1534 48 28 ett
1483 1532 82 29 ökat
1589 1530 120 39 utbyte
1734 1537 42 22 av

273 1590 239 29 erfarenheter
539 1589 128 29 mellan
692 1589 44 29 de
763 1588 93 29 olika
883 1586 250 31 domstolarna.
1162 1585 67 29 För
1256 1584 264 39 rekryteringen
1547 1582 53 29 till
1627 1580 149 31 rådhus-

272 1642 157 28 rätterna
451 1639 111 30 måste
584 1639 58 30 det
664 1639 119 30 vidare
805 1647 83 21 vara
911 1646 43 21 av
975 1636 186 39 betydelse,
1185 1645 57 20 om
1267 1634 143 30 särskilt
1433 1633 161 39 dugande
1618 1631 158 30 stadsdo-

272 1700 96 21 mare
393 1690 119 31 kunde
538 1689 112 31 räkna
675 1690 81 29 med
782 1690 50 29 att
857 1688 144 29 komma
1024 1688 12 29 i
1063 1686 98 40 fråga
1186 1686 53 30 till
1266 1686 110 29 andra
1402 1682 373 39 domarbefattningar.

273 1741 213 40 Visserligen
504 1740 151 40 förelåge
671 1740 46 40 på
735 1739 113 40 grund
863 1748 44 21 av
925 1739 67 29 den
1010 1737 202 30 nuvarande
1231 1735 283 40 organisationen
1532 1743 42 20 av
1592 1732 185 31 domstols-

272 1792 168 30 väsendet
459 1792 14 29 i
494 1791 164 30 städerna
678 1791 127 29 hinder
824 1791 74 28 mot
919 1790 52 29 att
992 1788 245 29 åstadkomma
1255 1788 51 28 ett
1327 1786 73 30 lika
1421 1785 77 30 fritt
1519 1785 120 38 utbyte
1661 1792 42 21 av
1724 1792 53 20 ar-

273 1842 215 30 betskrafter
510 1842 128 29 mellan
660 1841 292 30 rådhusrätterna
976 1839 65 29 och
1064 1838 118 39 övriga
1204 1837 195 30 domstolar
1422 1845 77 20 som
1522 1835 129 29 mellan
1676 1834 101 29 dessa

274 1902 122 21 senare
419 1892 173 30 inbördes.
618 1892 14 29 I
654 1891 94 30 vissa
771 1890 177 40 praktiskt
971 1888 266 40 betydelsefulla
1261 1887 196 30 avseenden
1481 1887 117 37 syntes
1623 1884 154 30 emeller-

274 1944 50 30 tid
345 1943 163 39 åtgärder
530 1943 122 29 kunna
673 1941 158 39 vidtagas
852 1941 12 29 i
887 1940 91 39 syfte
999 1941 52 29 att
1072 1940 113 29 bättre
1208 1940 45 28 än
1276 1937 55 31 för
1353 1937 218 30 närvarande
1595 1935 182 39 tillgodose

274 1994 242 39 nyssnämnda
536 1992 193 31 önskemål.
750 1991 239 39 Utredningen
1009 1990 64 30 har
1093 1989 154 30 därefter
1266 1998 62 20 var
1350 1988 55 30 för
1427 1988 51 38 sig
1496 1986 191 30 behandlat
1709 1985 69 29 frå-

275 2052 66 31 gan
360 2054 58 20 om
438 2044 259 30 stadsdomares
717 2042 237 40 tjänstgöring
971 2042 11 29 i
1001 2040 139 30 hovrätt
1160 2040 64 29 och
1245 2039 117 30 såsom
1379 2037 398 31 revisionssekreterare.

275 2096 13 29 I
314 2096 96 29 förra
433 2094 214 30 hänseendet
672 2093 146 30 anförde
842 2092 233 38 utredningen
1100 2090 172 39 följande:

316 2154 252 40 Tjänstgöring
589 2162 75 21 som
687 2153 152 29 ledamot
859 2152 11 29 i
892 2151 141 29 hovrätt
1055 2150 111 29 måste
1188 2158 42 21 ur
1251 2147 402 39 utbildningssynpunkt
1675 2154 102 22 anses

274 2197 116 30 såsom
415 2199 50 27 ett
489 2196 124 39 viktigt
638 2195 239 39 komplement
901 2194 53 29 till
981 2190 515 40 rådhusrättstjänstgöringen.
1523 2189 49 29 På
1597 2188 113 39 grund
1736 2196 42 21 av

275 2240 159 39 gällande
460 2238 244 30 bestämmelse
730 2246 56 20 om
812 2236 173 40 prövning
1009 2234 11 29 i
1046 2235 138 29 hovrätt
1210 2242 42 21 av
1277 2233 80 36 dem
1383 2241 76 20 som
1485 2231 85 30 söka
1596 2230 182 29 rådmans-

275 2283 81 29 eller
376 2280 289 40 assessorstjänst
683 2280 12 29 i
714 2279 204 30 rådhusrätt
939 2279 64 37 äga
1022 2275 203 40 visserligen
1245 2283 147 21 numera
1412 2274 86 29 även
1520 2273 40 29 de
1581 2281 75 20 som
1676 2271 102 38 tidigt

274 2325 157 29 tillträda
451 2324 109 29 sådan
578 2322 113 40 tjänst
708 2322 12 29 i
739 2320 192 30 allmänhet
950 2319 114 39 någon
1084 2317 198 30 erfarenhet
1302 2316 80 29 från
1402 2316 66 29 den
1488 2315 172 30 dömande
1680 2314 99 29 verk-

275 2367 183 29 samheten
484 2367 10 28 i
521 2366 148 31 hovrätt,
699 2363 185 30 förvärvad
912 2369 125 31 genom
1063 2362 62 29 där
1152 2359 168 39 fullgjord
1347 2358 173 39 aspirant-
1547 2357 63 29 och
1639 2356 140 29 fiskals-

275 2409 247 39 tjänstgöring.
547 2409 64 28 Det
635 2408 39 28 är
699 2406 191 29 emellertid
916 2404 113 29 under
1053 2403 67 29 alla
1145 2401 245 31 förhållanden
1416 2409 42 21 av
1483 2401 87 28 stort
1593 2399 106 29 värde
1725 2397 54 30 för

275 2451 277 30 vederbörandes
576 2449 210 38 utbildning,
810 2456 57 20 om
890 2447 72 29 han
986 2446 196 29 sedermera
1206 2444 70 29 kan
1300 2442 36 30 få
1359 2442 198 39 tjänstgöra
1580 2440 117 29 såsom
1721 2439 59 30 ad-
