1910 2810
290 173 43 30 24
711 176 290 37 Statsutskottets
1025 180 181 37 utlåtande
1230 196 41 22 nr
1291 189 73 39 184.

335 249 31 36 Å
405 253 107 35 andra
547 254 101 34 sidan
684 256 170 36 beräknas
893 260 417 46 omkostnadsutgifterna
1334 267 95 34 inom
1456 269 326 45 skolöverstyrelsen

291 304 124 42 sjunka
439 307 77 33 med
540 308 161 44 omkring
724 313 122 37 29,000
870 313 127 34 kronor
1020 314 54 34 för
1097 317 49 33 år.

337 358 66 34 Till
475 362 264 44 utrustning
772 364 170 36 beräknar
964 368 376 43 departementschefen
1364 379 52 29 ett
1440 375 124 44 belopp
1588 391 45 21 av
1657 382 122 37 50,000

292 410 126 34 kronor
436 411 54 35 för
507 417 102 32 nästa
627 415 181 44 budgetår.

336 508 79 34 Den
432 522 68 31 nya
519 514 248 41 överstyrelsen
786 516 53 33 för
858 517 298 47 yrkesutbildning
1175 534 96 23 avses
1292 524 95 35 skola
1407 526 102 34 träda
1527 527 10 33 i
1558 528 220 36 verksamhet

291 561 65 34 den
377 566 14 29 1
412 562 133 42 januari
566 568 99 32 1944.
684 568 101 33 Dock
801 569 45 34 ha
864 572 109 33 medel
992 572 186 36 beräknats
1197 575 54 34 för
1267 578 278 36 överdirektören
1565 587 93 28 samt
1677 582 101 43 byrå-

289 614 121 34 chefen
423 616 63 34 och
499 617 283 42 byrådirektören
796 624 45 40 på
855 623 109 35 första
978 625 110 43 byrån
1101 628 107 33 redan
1223 628 75 36 från
1314 631 63 33 och
1392 633 78 33 med
1485 633 64 33 den
1566 638 15 29 1
1598 634 63 41 Juli
1679 639 98 37 1943,

290 671 82 31 enär
393 669 97 34 dessa
513 682 95 24 avses
631 672 96 36 skola
750 674 140 44 vidtaga
914 677 43 34 de
978 677 247 38 förberedande
1247 684 288 41 organisatoriska
1559 688 218 41 åtgärderna.

288 718 99 36 Även
405 723 179 41 styrelsens
603 725 189 35 ledamöter
809 728 95 41 böra,
922 730 197 36 framhåller
1137 734 389 45 departementschefen,
1544 739 119 36 kunna
1683 746 93 30 utses

290 786 45 21 av
349 774 130 43 Kungl.
495 776 109 43 Maj:t
621 778 143 43 tidigare
780 784 44 31 än
841 782 64 33 den
925 786 15 30 1
958 783 135 42 januari
1112 789 99 31 1944.

333 862 68 34 Till
420 864 79 34 stöd
517 864 54 35 för
590 866 61 34 det
670 867 10 33 i
700 868 216 36 motionerna
935 870 29 34 I:
979 875 65 30 264
1065 873 64 33 och
1150 874 49 34 II:
1215 878 64 31 383
1300 876 120 43 gjorda
1441 879 171 42 yrkandet
1632 881 64 34 har
1716 895 58 21 an-

287 914 88 35 förts
391 916 11 33 i
418 916 183 36 huvudsak
617 919 164 42 följande:

333 968 19 33 I
375 968 129 44 Kungl.
528 970 127 43 Maj:ts
678 974 211 42 proposition
912 988 41 22 nr
977 980 65 30 232
1067 980 176 41 angående
1266 981 198 37 inrättande
1488 997 43 21 av
1556 998 41 21 en
1622 990 153 40 översty-

286 1012 84 35 relse
391 1013 54 34 för
465 1015 299 46 yrkesutbildning
785 1019 152 42 föreslås,
960 1026 56 29 att
1037 1022 385 48 handelsundervisning
1445 1029 63 33 och
1531 1030 245 44 undervisning

288 1056 10 33 i
321 1056 128 44 husligt
472 1059 116 35 arbete
611 1073 47 22 m.
682 1074 45 22 m.
752 1063 85 34 skall
859 1064 95 34 inom
977 1066 65 34 den
1066 1067 161 36 blivande
1251 1072 250 41 överstyrelsen
1525 1076 250 34 sammanföras

288 1101 109 34 under
414 1115 40 21 en
471 1115 196 30 gemensam
683 1106 97 42 byrå,
797 1108 112 42 tredje
925 1109 120 43 byrån.

328 1145 263 44 Propositionen
606 1150 155 34 ansluter
775 1152 51 42 sig
839 1152 10 33 i
864 1153 99 34 detta
976 1154 195 36 hänseende
1187 1157 50 33 till
1253 1154 522 56 verkstadsskoleutredningens

287 1189 137 44 förslag,
450 1192 106 34 ehuru
584 1194 113 35 denna
723 1197 183 43 utredning
930 1198 74 35 icke
1029 1212 101 30 synes
1157 1201 89 35 hava
1273 1204 91 33 varit
1391 1204 81 34 fullt
1499 1209 191 40 övertygad
1718 1221 56 21 om

287 1234 242 44 lämpligheten
546 1249 44 22 av
606 1250 43 22 en
667 1239 95 43 dylik
779 1242 323 44 sammanslagning.
1121 1245 237 45 Utredningen
1376 1249 62 34 har
1455 1249 78 35 haft
1551 1252 109 33 under
1677 1257 97 30 över-

285 1280 157 41 vägande
463 1280 119 43 frågan
605 1295 58 21 om
684 1284 198 36 inrättande
904 1299 45 21 av
969 1300 41 21 en
1033 1289 144 34 särskild
1200 1290 85 43 byrå
1308 1291 55 35 för
1383 1290 388 54 yrkesundervisningen

285 1323 10 33 i
315 1323 130 43 husligt
465 1325 116 35 arbete
600 1339 47 22 m.
668 1340 46 22 m.
735 1341 78 22 men
833 1329 170 36 förklarar
1023 1332 51 43 sig
1094 1333 92 35 hava
1207 1335 117 35 funnit
1345 1340 238 40 övervägande
1606 1341 73 34 skäl
1702 1342 70 34 tala

285 1367 53 34 för
360 1373 55 29 att
438 1370 110 34 denna
572 1372 244 44 undervisning
839 1375 234 36 »åtminstone
1095 1378 69 34 tills
1187 1379 150 42 vidare»,
1359 1381 11 33 i
1393 1383 177 34 avvaktan
1594 1386 46 41 på
1664 1390 109 30 större

285 1411 229 36 erfarenheter
529 1416 146 35 rörande
693 1417 236 43 uppgifternas
948 1421 223 44 omfattning,
1191 1423 61 35 bör
1268 1424 161 36 inordnas
1448 1427 228 36 tillsammans
1695 1431 78 33 med

285 1457 107 34 andra
408 1458 173 42 uppgifter
597 1460 10 33 i
623 1462 115 41 någon
754 1475 45 21 av
813 1465 264 41 överstyrelsens
1095 1466 133 43 byråer,
1246 1469 63 33 och
1327 1471 227 43 utredningen
1571 1472 62 34 har
1651 1474 121 34 därvid

286 1506 112 30 ansett
416 1502 48 43 sig
482 1503 82 35 böra
580 1504 136 36 förorda
736 1508 296 36 sammanförande
1050 1511 78 33 med
1147 1512 433 46 handelsundervisningen.

327 1546 57 33 Av
404 1547 501 47 verkstadsskoleutredningen
927 1553 117 35 anfört
1064 1555 74 34 skäl
1158 1556 54 34 för
1233 1558 110 34 denna
1365 1560 190 43 anordning
1576 1565 38 30 är
1635 1562 135 34 huvud-

285 1589 160 43 sakligen,
465 1597 55 29 att
540 1593 65 33 den
624 1595 151 33 centrala
796 1596 180 43 ledningen
995 1611 45 21 av
1060 1599 97 34 såväl
1178 1600 224 36 handarbets-
1424 1604 64 33 och
1510 1605 262 35 skolkökssemi-

284 1634 155 35 narierna
458 1648 73 21 som
549 1637 11 33 i
578 1638 115 42 övrigt
711 1640 285 44 undervisningen
1015 1642 10 34 i
1044 1643 128 43 husligt
1192 1646 117 34 arbete
1326 1647 11 33 i
1357 1648 42 33 de
1418 1648 174 35 allmänna
1612 1650 160 35 skolorna

283 1678 206 36 förutsättes
517 1680 214 38 fortfarande
758 1684 96 34 skola
882 1689 125 32 utövas
1036 1700 44 21 av
1108 1688 334 44 skolöverstyrelsen,
1471 1693 116 34 varför
1615 1695 66 33 den
1710 1708 61 30 ny-

283 1722 138 35 bildade
443 1727 267 40 överstyrelsens
732 1728 175 43 uppgifter
928 1730 10 33 i
960 1730 97 43 fråga
1080 1744 58 22 om
1160 1734 287 44 undervisningen
1469 1737 10 33 i
1503 1737 129 44 husligt
1654 1740 117 34 arbete

283 1779 45 21 m.
345 1779 46 22 m.
409 1768 107 35 skulle
531 1769 183 43 begränsas
732 1773 51 33 till
800 1774 179 42 ledningen
996 1788 43 21 av
1055 1776 224 37 kommunala
1297 1780 63 33 och
1377 1781 152 35 enskilda
1546 1783 224 41 yrkesunder-

282 1810 320 44 visningsanstalter
619 1815 54 34 för
688 1816 128 43 husligt
832 1818 118 34 arbete
967 1820 62 33 och
1045 1820 175 44 kvinnliga
1236 1823 118 42 yrken.

327 1856 237 44 Utredningen
585 1859 63 33 har
670 1861 119 41 utgått
809 1861 89 34 ifrån
920 1868 66 36 att,
1007 1865 116 34 därest
1145 1866 147 35 handeln
1315 1868 63 34 och
1401 1869 58 34 det
1480 1870 133 43 husliga
1637 1871 134 36 arbetet

281 1899 163 36 inordnas
471 1903 107 33 under
604 1916 42 21 en
673 1905 64 33 och
764 1918 132 23 samma
922 1907 86 42 byrå
1034 1922 46 21 av
1105 1912 249 41 överstyrelsen
1381 1913 54 34 för
1461 1914 309 45 yrkesutbildning,

282 1945 143 34 vardera
448 1946 340 44 utbildningsgrenen
812 1950 85 35 skall
918 1951 193 36 företrädas
1133 1967 46 21 av
1200 1968 40 21 en
1263 1955 161 36 fackman
1446 1959 46 40 på
1514 1960 169 40 området,
1706 1961 63 34 och

282 1988 185 44 föreslagit,
486 1996 55 30 att
559 1992 122 35 chefen
701 1993 54 34 för
773 1994 110 42 byrån
904 1995 87 35 skall
1009 1996 111 42 jämte
1140 1998 62 34 sitt
1222 1999 164 44 chefskap
1406 2002 11 33 i
1438 2002 108 34 första
1568 2003 92 35 hand
1681 2005 87 34 före-

282 2034 101 33 träda
407 2035 341 45 yrkesutbildningen
774 2038 53 34 för
853 2039 135 42 handel,
1014 2042 124 33 medan
1164 2049 279 36 representanten
1470 2046 53 34 för
1550 2048 60 33 det
1635 2045 134 51 husliga

278 2078 135 34 arbetet
428 2079 107 34 skulle
550 2080 129 35 erhålla
695 2082 204 43 ställningen
915 2085 115 33 såsom
1044 2085 240 42 byrådirektör
1298 2090 80 33 med
1394 2090 172 44 placering
1581 2092 11 33 i
1608 2092 161 43 lönegrad

280 2122 30 33 A
324 2126 55 31 26.
400 2123 389 42 Departementschefen
809 2128 188 43 tillstyrker
1017 2131 97 34 detta
1134 2132 127 43 förslag
1281 2134 64 33 och
1365 2134 152 42 föreslår,
1538 2141 55 29 att
1614 2137 155 41 tjänsten

281 2167 114 33 såsom
410 2168 185 35 konsulent
611 2170 56 34 för
682 2171 129 43 husligt
828 2173 117 34 arbete
961 2174 93 34 inom
1071 2175 323 45 skolöverstyrelsen
1411 2180 172 35 överföres
1602 2181 52 34 till
1672 2186 96 30 över-

281 2212 166 41 styrelsen
470 2212 53 34 för
545 2214 308 45 yrkesutbildning.
877 2218 258 43 Benämningen
1160 2221 21 33 å
1205 2221 241 44 befattningen
1469 2224 141 35 föreslås
1636 2227 131 33 ändrad

280 2255 52 34 till
360 2257 274 35 statskonsulent
660 2259 11 33 i
698 2263 339 34 överensstämmelse
1064 2264 78 33 med
1170 2261 597 56 tjänsteförteckningssakkunnigas

279 2299 138 36 förslag.

323 2312 402 77 Yrkesundervisningen
750 2349 10 33 i
786 2349 131 43 husligt
944 2351 114 34 arbete
1086 2355 37 30 är
1151 2356 80 31 över
1258 2354 74 35 hela
1360 2356 117 34 landet
1504 2357 101 34 stadd
1633 2358 10 33 i
1671 2359 96 33 stark

279 2389 209 43 utveckling.
514 2389 121 37 Ökade
660 2392 85 34 krav
771 2395 45 40 på
844 2395 241 42 utvecklingen
1113 2409 44 21 av
1184 2398 387 45 yrkesundervisningen
1600 2402 10 33 i
1638 2403 129 42 husligt

279 2432 116 34 arbete
411 2434 97 34 torde
522 2435 93 34 bliva
631 2449 41 21 en
688 2437 162 41 självklar
864 2438 88 42 följd
967 2452 44 21 av
1027 2440 64 33 den
1107 2443 157 33 växande
1278 2443 149 35 insikten
1443 2457 58 21 om
1517 2446 98 34 detta
1633 2447 134 33 arbetes

277 2476 178 42 betydelse
478 2478 54 34 för
555 2480 99 33 såväl
679 2481 42 34 de
745 2482 150 35 enskilda
920 2483 159 34 hemmen
1104 2497 75 22 som
1203 2486 116 34 landet
1343 2488 11 33 i
1379 2489 75 33 dess
1479 2489 126 35 helhet.
1631 2491 135 34 Därom

276 2520 134 35 vittnar
430 2522 104 35 bland
555 2529 109 29 annat
686 2525 58 33 det
765 2525 128 43 förslag
914 2527 51 34 till
988 2528 197 44 utbildning
1206 2543 44 21 av
1271 2531 315 43 hemvårdarinnor,
1609 2547 75 21 som
1706 2547 58 22 av-
