1882 2846
285 174 18 29 6
661 182 379 33 Jordbruksutskottets
1065 186 176 32 utlåtande
1266 188 48 31 Nr
1341 191 49 28 81.

333 263 114 38 Enligt
469 266 65 30 vad
558 267 82 30 1934
663 266 54 31 års
740 268 166 31 revisorer
929 269 170 33 inhämtat
1121 272 38 30 är
1179 276 46 28 ett
1248 276 82 28 stort
1354 276 92 29 antal
1469 285 41 20 av
1534 280 139 28 vattnen
1695 278 94 31 inom

287 314 284 37 kronoparkerna
597 319 277 36 utarrenderade,
902 320 88 31 dock
1016 321 120 31 endast
1160 341 44 2 —
1227 323 137 37 jämlikt
1389 325 116 37 lagens
1531 327 258 32 bestämmelser

286 382 44 4 —
350 365 51 30 till
423 366 144 32 ortsbor.
613 368 116 32 Under
750 379 118 22 senare
890 370 36 31 år
948 371 89 31 hava
1059 373 86 31 även
1166 377 46 27 ett
1235 377 81 28 stort
1340 376 93 30 antal
1454 386 42 21 av
1519 378 152 31 kronans
1695 379 92 31 inom

287 414 263 37 fjällområdena
567 418 156 37 belägna,
741 420 168 37 lapparna
928 421 216 33 förbehållna
1165 424 203 32 fiskevatten
1387 427 164 36 upplåtits
1569 429 45 35 på
1633 431 154 35 arrende,

288 464 9 30 i
315 465 110 32 första
440 467 95 31 hand
552 468 50 31 till
619 469 68 30 den
704 470 136 32 bofasta
858 472 248 38 befolkningen
1124 484 80 21 men
1223 476 170 37 därjämte
1412 478 87 30 även
1516 479 50 30 till
1585 489 23 20 s.
1629 480 32 31 k.
1682 484 107 33 sport-

287 516 139 38 fiskare,
446 518 33 30 d.
499 528 30 22 v.
552 529 23 21 s.
596 520 277 38 huvudsakligen
895 532 162 28 personer
1075 524 81 31 från
1178 527 110 30 andra
1310 529 137 30 trakter.

331 567 52 31 Då
404 567 105 38 några
528 571 173 37 enhetliga
722 573 173 37 principer
914 574 57 31 för
990 576 97 30 dessa
1105 576 211 37 upplåtelser
1337 579 75 30 icke
1433 579 106 37 följts,
1560 582 101 36 hava,
1684 582 105 31 fram-

285 617 94 32 hålla
401 620 224 38 revisorerna,
650 623 11 29 i
684 622 125 38 många
833 625 63 30 fall
918 626 44 30 de
987 626 134 32 direkta
1143 627 385 35 fiskevårdsintressena
1555 632 75 31 icke
1656 634 98 31 blivit
1780 634 9 30 i

285 669 183 38 tillräcklig
489 673 84 35 grad
593 673 259 37 tillgodosedda.
900 677 49 30 De
969 676 153 33 rådande
1144 678 266 33 förhållandena
1431 682 90 31 hava
1544 684 152 31 medfört
1716 686 72 29 kla-

285 719 115 37 gomål
427 721 94 32 såväl
549 722 80 32 från
659 725 66 30 den
752 726 136 31 bofasta
916 728 264 38 befolkningens
1210 731 64 30 och
1304 732 269 37 sportfiskarnas
1604 735 74 31 sida
1708 737 80 29 över

285 772 186 36 lapparnas
497 774 66 31 sätt
588 778 50 27 att
663 776 141 31 bedriva
828 778 89 31 fiske
944 788 73 21 som
1041 779 80 31 från
1145 781 186 37 lapparnas
1357 783 73 31 sida
1455 785 80 30 över
1556 786 68 30 den
1649 787 138 31 bofasta

283 822 263 39 befolkningens
569 825 232 33 inkräktande
822 827 46 39 på
891 830 98 30 deras
1011 831 208 36 rättigheter.

328 873 221 39 Obestridligt
568 877 99 30 torde
687 887 91 28 vara,
799 879 160 32 fortsätta
981 881 224 38 revisorerna,
1228 887 49 27 att
1296 884 250 33 fiskbeståndet
1568 887 9 30 i
1597 886 127 39 många
1745 899 41 20 av

281 925 153 32 kronans
458 936 88 21 ovan
569 928 284 37 odlingsgränsen
876 932 147 36 belägna
1048 933 208 32 fiskevatten
1279 936 39 30 är
1342 946 74 20 mer
1439 938 83 30 eller
1546 939 137 31 mindre
1707 941 77 30 öde-

282 976 69 36 lagt
368 984 124 29 genom
508 981 48 28 ett
573 979 223 37 hänsynslöst
812 981 98 31 fiske.
933 982 152 33 Sålunda
1100 984 118 32 finnas
1237 985 125 38 många
1381 991 124 33 vatten,
1527 989 62 30 där
1605 990 58 30 för
1679 990 106 37 några

282 1026 96 31 tiotal
398 1026 40 32 år
455 1029 106 30 sedan
583 1031 90 35 goda
694 1031 245 38 fiskefångster
957 1034 116 31 kunde
1093 1036 111 36 göras,
1225 1046 81 21 men
1327 1047 74 21 som
1424 1049 56 26 nu,
1505 1041 138 30 särskilt
1665 1041 11 31 i
1696 1052 87 21 sam-

280 1078 95 30 band
393 1079 79 30 med
488 1080 42 30 de
547 1079 45 38 på
609 1090 120 22 senare
747 1081 38 31 år
802 1083 214 32 förbättrade
1034 1086 399 39 kommunikationerna,
1452 1090 98 31 blivit
1569 1093 98 30 totalt
1686 1094 96 29 sköv-

280 1128 86 31 lade.
414 1129 181 39 Samtidigt
616 1132 117 31 finnas
757 1132 181 39 åtskilliga,
961 1137 140 30 särskilt
1124 1139 151 35 avlägset
1296 1140 145 36 belägna
1466 1141 216 38 fiskevatten,
1710 1154 73 20 som

281 1180 110 36 aldrig
417 1181 167 37 utnyttjas
611 1182 46 38 på
684 1184 65 30 den
774 1186 122 37 grund,
922 1189 49 28 att
997 1188 43 29 de
1065 1188 32 37 ej
1124 1188 90 37 ligga
1241 1189 10 30 i
1276 1190 185 38 lapparnas
1490 1192 202 38 stråkvägar
1718 1196 64 29 och

279 1230 55 30 för
354 1231 216 32 närvarande
587 1233 34 37 ej
641 1235 60 30 äro
719 1235 116 31 kända
854 1246 43 20 av
916 1238 109 30 andra
1045 1238 359 34 fiskeriintresserade.
1451 1243 13 30 I
1485 1243 169 32 intetdera
1673 1255 42 20 av
1736 1256 46 20 nu

279 1281 148 37 angivna
448 1283 62 30 fall
531 1284 79 31 sker
628 1288 48 27 ett
696 1286 173 31 rationellt
887 1289 221 36 utnyttjande
1130 1300 42 20 av
1192 1290 231 33 fiskevattnen
1444 1294 10 29 i
1475 1294 89 37 syfte
1586 1298 49 28 att
1656 1296 125 31 bereda

278 1333 123 30 största
425 1333 140 38 möjliga
588 1345 82 21 men
696 1337 174 37 samtidigt
895 1338 254 33 fortbestående
1176 1342 206 37 avkastning
1408 1347 88 28 samt
1520 1348 48 28 att
1593 1346 187 38 förebygga

278 1383 266 33 fiskbeståndets
568 1386 210 38 minskning.

320 1434 224 33 Revisorerna
565 1437 94 31 hava
682 1437 89 38 gjort
793 1439 157 37 följande
974 1441 177 32 allmänna
1173 1444 187 32 uttalande.

319 1485 121 32 Såsom
461 1496 42 21 av
524 1488 56 32 det
604 1488 147 32 anförda
775 1490 153 38 framgår
951 1492 118 31 kunna
1091 1503 48 21 nu
1161 1494 153 32 rådande
1340 1497 242 32 förhållanden
1605 1500 10 29 i
1639 1509 135 23 avseen-

277 1536 40 30 de
338 1535 20 31 å
377 1537 151 32 kronans
549 1539 207 31 fiskevatten
776 1540 75 32 icke
872 1552 100 21 anses
994 1543 328 34 tillfredsställande.

320 1587 52 30 En
395 1588 198 38 nödvändig
616 1590 247 38 förutsättning
884 1593 55 30 för
964 1603 41 21 en
1027 1595 158 31 rationell
1208 1596 176 33 fiskevård
1406 1599 9 30 i
1438 1600 153 32 kronans
1616 1602 161 31 fiskevat-

274 1640 57 28 ten
353 1638 48 36 är,
423 1642 49 28 att
492 1640 92 31 olika
604 1641 207 32 fiskevatten
832 1644 173 31 utlämnas
1027 1645 51 31 till
1099 1646 93 32 olika
1214 1648 192 37 kategorier
1428 1650 170 38 fiskande,
1621 1662 75 21 som
1717 1664 61 20 var

275 1689 64 30 och
364 1699 42 20 en
428 1690 119 31 kunna
568 1692 66 30 och
655 1693 85 30 böra
760 1694 45 30 ha
827 1694 143 32 intresse
991 1705 42 22 av
1056 1699 49 28 att
1127 1697 252 34 fiskbeståndet
1399 1701 181 32 förkovras
1604 1704 65 30 och
1692 1708 84 27 vatt-

275 1749 66 21 nen
363 1748 40 28 ge
425 1750 41 21 en
489 1742 67 36 god
578 1744 216 37 avkastning.
841 1745 205 38 Visserligen
1067 1748 98 31 torde
1188 1759 83 21 man
1295 1750 30 37 ej
1349 1752 120 31 kunna
1492 1754 125 36 begära
1641 1765 43 20 av
1704 1756 72 37 lap-

274 1799 119 28 parna,
421 1794 49 29 att
495 1793 40 30 de
561 1794 99 30 skola
684 1795 113 31 direkt
823 1796 109 37 syssla
956 1798 80 31 med
1062 1798 267 34 fiskevårdande
1356 1801 168 39 åtgärder,
1551 1805 224 36 inplanterin-

273 1849 59 28 gar
349 1845 63 28 etc.
456 1844 165 31 Däremot
640 1846 96 30 torde
757 1845 78 32 från
856 1847 255 38 lappfonderna
1134 1851 112 30 medel
1266 1852 119 32 kunna
1404 1856 214 31 utanordnas
1640 1857 57 31 för
1715 1858 60 36 dy-

272 1892 69 31 lika
368 1893 168 37 syftemål.
586 1895 65 31 Vid
675 1896 300 39 fiskeupplåtelser
999 1910 42 20 av
1065 1899 266 39 ifrågavarande
1356 1908 115 28 vatten
1493 1907 52 30 till
1570 1908 204 31 ortsbefolk-

272 1943 126 37 ningen
416 1945 64 30 och
501 1946 225 36 sportfiskare
744 1949 83 30 böra
843 1950 92 30 dock
953 1952 191 35 uppställas
1163 1953 90 31 vissa
1273 1955 124 31 villkor
1414 1956 10 30 i
1443 1958 112 30 avsikt
1573 1962 50 27 att
1641 1960 133 36 skydda

271 1994 258 33 fiskbeståndet.
580 1997 198 38 Säkerligen
806 2000 109 31 skulle
940 2009 124 29 genom
1088 2012 43 21 en
1158 2005 212 38 uppdelning
1395 2006 45 38 på
1465 2018 65 21 ena
1558 2009 81 31 eller
1664 2011 110 30 andra

270 2046 101 30 sättet
393 2056 43 21 av
458 2048 153 30 kronans
636 2059 90 21 ovan
750 2050 283 38 odlingsgränsen
1054 2054 147 37 belägna
1226 2056 216 39 fiskevatten,
1468 2068 123 28 genom
1616 2064 157 28 vattnens

270 2096 190 38 upplåtelse
486 2098 87 31 efter
599 2100 92 31 vissa
717 2101 171 37 enhetliga
917 2103 174 38 principer
1117 2106 65 31 och
1211 2115 123 28 genom
1360 2110 143 37 lämplig
1530 2112 242 37 upplysnings-

270 2148 64 30 och
353 2150 446 36 propagandaverksamhet
817 2153 100 31 dessa
934 2158 116 28 vatten
1067 2156 120 32 kunna
1204 2158 92 31 bliva
1315 2169 42 21 av
1374 2170 43 20 en
1435 2163 137 35 mycket
1590 2164 108 30 större
1716 2165 56 29 be-

269 2199 131 36 tydelse
416 2200 55 31 för
488 2201 170 37 lapparna
679 2203 64 30 och
763 2204 66 30 den
846 2205 139 32 bofasta
1001 2207 248 38 befolkningen
1269 2210 44 30 än
1331 2211 44 31 de
1392 2212 55 30 för
1465 2213 218 32 närvarande
1701 2215 69 31 äro.

312 2249 154 32 Häröver
496 2251 148 38 avgåvos
674 2255 184 35 yttranden
888 2264 43 22 av
961 2256 306 39 domänstyrelsen,
1298 2261 349 39 lantbruksstyrelsen
1679 2267 89 28 samt

266 2300 282 38 länsstyrelserna
571 2303 9 30 i
604 2303 205 38 Jämtlands,
832 2305 257 34 Västerbottens
1112 2310 66 30 och
1203 2310 223 33 Norrbottens
1449 2314 68 30 län.
1560 2310 207 47 Domänsty-

263 2351 110 31 relsen
402 2353 65 30 och
495 2353 348 39 lantbruksstyrelsen
872 2357 183 38 tillstyrkte
1082 2360 232 33 revisorernas
1342 2363 129 38 förslag
1499 2374 56 21 om
1582 2366 186 38 utredning

266 2400 9 30 i
294 2402 153 36 ärendet;
467 2403 109 32 likaså
594 2405 243 37 länsstyrelsen
856 2408 10 30 i
886 2408 194 33 Jämtlands
1099 2411 67 30 län.
1210 2412 162 32 Däremot
1392 2415 191 37 avstyrktes
1603 2416 163 38 förslaget

265 2460 42 21 av
327 2452 242 38 länsstyrelsen
589 2455 10 30 i
618 2455 257 34 Västerbottens
895 2459 58 30 län
972 2461 109 30 under
1099 2462 56 31 det
1177 2466 48 27 att
1246 2464 241 38 länsstyrelsen
1508 2466 9 30 i
1540 2467 225 31 Norrbottens

265 2502 57 30 län
340 2502 76 32 icke
433 2504 77 31 ville
527 2507 163 31 motsätta
710 2507 50 38 sig
777 2508 202 33 detsamma.
