1878 2810
482 163 122 30 Första
624 162 240 37 lagutskottets
884 164 175 31 utlåtande
1081 174 40 22 nr
1143 166 50 29 20.
1586 162 15 29 I

785 342 60 39 Nr
872 342 61 41 20.

525 447 125 26 Ankom
672 447 47 27 till
742 447 178 35 riksdagens
942 448 99 27 kansli
1064 449 59 27 den
1146 449 18 27 4
1189 449 78 35 april
1292 449 78 28 1946
1394 450 40 27 kl.
1460 450 18 27 2
1502 458 57 19 em.

315 555 181 32 Utlåtande
527 558 11 29 i
568 557 186 37 anledning
783 568 42 21 av
858 559 123 37 Kungl.
1001 560 120 36 Maj:ts
1140 561 215 36 proposition
1374 562 81 31 med
1474 561 129 39 förslag

533 608 51 31 till
602 608 203 38 förordning
826 610 80 30 med
927 611 90 29 vissa
1038 611 258 32 bestämmelser
1314 612 148 31 rörande
1481 612 122 31 skade-

533 659 361 37 ståndsskyldigheten
916 661 56 36 för
995 661 115 38 förare
1133 671 42 21 av
1199 663 252 38 motorfordon,
1475 666 128 28 motor-

534 709 148 38 redskap
712 710 65 30 och
804 711 200 38 traktortåg,
1030 721 75 22 som
1133 713 138 31 tillhöra
1296 713 80 31 eller
1405 715 130 36 nyttjas
1559 724 43 21 av

533 763 120 28 staten.

135 866 130 32 Genom
281 877 44 20 en
341 868 67 30 den
423 869 19 29 8
458 877 93 22 mars
574 870 82 30 1946
672 870 226 37 dagtecknad,
915 871 50 32 till
982 872 187 36 lagutskott
1186 873 171 31 hänvisad
1374 873 226 38 proposition,

89 926 43 21 nr
150 918 72 38 155,
244 918 116 30 vilken
379 919 205 31 behandlats
603 930 44 21 av
664 920 110 32 första
793 921 230 38 lagutskottet,
1044 923 66 30 har
1128 923 123 37 Kungl.
1273 923 101 37 Maj:t
1394 925 111 30 under
1522 924 78 31 åbe-

89 969 156 35 ropande
267 979 44 21 av
332 969 261 37 propositionen
613 970 107 37 bilagt
742 972 124 37 utdrag
888 982 42 21 av
954 973 376 37 statsrådsprotokollet
1354 976 81 30 över
1457 974 143 38 justitie-

90 1018 408 36 departementsärenden
518 1021 56 31 för
591 1030 135 22 samma
749 1023 67 37 dag
835 1022 173 38 föreslagit
1027 1023 185 37 riksdagen
1231 1028 50 27 att
1300 1029 126 32 antaga
1445 1026 157 36 följande

90 1067 56 33 vid
164 1069 261 37 propositionen
445 1072 125 36 fogade
592 1072 130 39 förslag
738 1072 52 31 till

663 1170 369 41 Förordning

88 1227 76 33 med
190 1228 101 33 vissa
316 1228 281 34 bestämmelser
619 1230 159 33 rörande
802 1231 506 41 skadeståndsskyldigheten
1332 1232 60 33 för
1414 1233 123 33 förare
1558 1243 43 23 av

86 1278 269 40 motorfordon,
383 1280 284 41 motorredskap
697 1281 67 32 och
792 1281 223 41 traktortåg,
1043 1291 77 24 som
1149 1283 157 33 tillhöra
1334 1284 91 32 eller
1457 1283 142 42 nyttjas

745 1341 42 22 av
810 1333 135 31 staten.

134 1406 212 38 Härigenom
370 1408 185 32 förordnas
579 1419 77 21 som
680 1409 113 38 följer.

135 1457 67 31 För
226 1459 109 30 skada
361 1459 11 29 i
398 1459 88 37 följd
511 1469 42 21 av
577 1460 105 31 trafik
708 1462 79 29 med
811 1465 110 27 staten
944 1461 166 37 tillhörigt
1135 1463 250 36 motorfordon,
1411 1464 187 30 motorred-

93 1506 86 37 skap
200 1507 82 30 eller
301 1507 190 37 traktortåg
510 1507 57 31 må
586 1512 109 27 staten
712 1519 43 20 av
773 1509 177 32 fordonets
970 1510 116 31 förare
1103 1512 148 30 utkräva
1272 1513 190 37 ersättning
1481 1514 119 30 endast

90 1569 57 20 om
168 1559 112 31 denne
300 1560 111 30 under
430 1560 125 31 färden
577 1560 88 38 gjort
686 1561 51 37 sig
756 1561 136 38 skyldig
912 1563 51 30 till
982 1564 91 29 brott
1094 1568 72 26 mot
1191 1564 14 29 1
1230 1564 82 30 eller
1331 1565 18 28 2
1372 1564 17 37 8
1411 1565 99 36 lagen
1532 1564 67 30 den

91 1610 17 28 7
132 1608 75 38 juni
234 1610 84 30 1934
345 1619 57 21 om
425 1611 104 30 straff
551 1611 55 31 för
628 1611 92 31 vissa
742 1612 92 31 brott
858 1613 57 30 vid
938 1614 145 30 förande
1106 1623 42 21 av
1171 1615 240 30 motorfordon
1435 1616 82 30 eller
1541 1625 57 21 om

90 1660 69 30 han
187 1661 141 30 orsakat
354 1661 135 30 skadan
515 1661 218 38 uppsåtligen
757 1663 84 30 eller
866 1671 122 29 genom
1017 1671 81 30 grov
1123 1664 215 32 vårdslöshet
1365 1666 83 30 eller
1472 1667 128 29 brukat

90 1710 160 31 fordonet
272 1714 84 27 utan
379 1711 65 30 lov.

134 1758 76 32 Vad
235 1760 141 31 föraren
403 1770 44 21 av
472 1761 160 32 fordonet
657 1762 145 37 nödgats
829 1763 114 37 utgiva
968 1764 11 30 i
1003 1765 189 36 ersättning
1219 1766 55 30 för
1298 1767 109 30 skada
1433 1776 76 21 som
1532 1768 67 30 till-

93 1806 111 37 fogats
225 1818 118 21 annan
364 1810 44 29 än
429 1812 111 28 staten
559 1811 60 36 äge
640 1811 81 36 han,
743 1812 64 30 där
826 1812 134 31 skadan
979 1813 75 30 icke
1075 1814 156 36 uppstått
1252 1816 110 30 under
1380 1815 221 32 förhållande

90 1870 74 20 som
184 1861 11 29 i
214 1861 110 30 första
343 1862 132 36 stycket
494 1863 89 35 sägs,
603 1872 42 21 av
665 1867 110 27 staten
796 1865 84 30 söka
899 1864 81 36 åter,
1007 1865 3 30 i
1033 1866 66 30 den
1119 1866 81 31 mån
1222 1871 111 26 staten
1353 1869 40 28 är
1410 1872 79 31 gent
1508 1871 91 27 emot

93 1908 67 30 den
182 1908 249 32 skadelidande
453 1911 159 36 ansvarig
635 1911 55 30 för
711 1912 144 30 skadan.
879 1913 75 30 Vad
974 1923 48 20 nu
1044 1918 90 32 sagts
1158 1915 88 30 skall
1271 1917 63 35 äga
1357 1918 244 30 motsvarande

94 1958 228 37 tillämpning,
348 1960 62 30 där
434 1960 161 32 fordonet
621 1961 31 36 ej
678 1971 62 20 var
765 1961 133 37 sådant,
925 1966 48 27 att
999 1964 100 36 lagen
1125 1965 67 30 den
1219 1966 41 29 30
1285 1966 74 38 juni
1388 1967 83 30 1916
1497 1967 102 37 angå-

91 2009 89 30 ende
199 2009 221 37 ansvarighet
437 2010 55 30 för
512 2011 108 30 skada
638 2012 11 29 i
670 2011 89 39 följd
780 2022 42 21 av
843 2014 298 31 automobiltrafik
1163 2016 40 29 är
1223 2016 191 37 tillämplig,
1436 2027 79 20 men
1534 2021 65 27 sta-

94 2061 65 33 ten,
183 2069 58 20 om
263 2059 38 31 så
326 2061 87 31 varit
437 2060 243 38 förhållandet,
706 2063 113 30 skolat
841 2067 80 33 gent
943 2067 93 28 emot
1061 2065 66 30 den
1151 2066 247 32 skadelidande
1422 2077 100 22 svara
1545 2068 55 31 för

93 2110 143 30 skadan.

136 2160 75 30 Vad
231 2170 90 21 ovan
340 2162 137 35 stadgas
498 2172 58 20 om
574 2166 111 27 staten
703 2163 164 37 tillhörigt
888 2164 125 31 fordon
1032 2166 88 30 skall
1139 2167 64 29 ock
1224 2168 89 35 gälla
1333 2168 79 30 med
1431 2169 169 30 avseende

92 2208 20 31 å
132 2209 136 36 fordon,
289 2221 74 20 som
380 2211 189 31 innehaves
587 2222 41 20 av
647 2216 112 27 staten
777 2215 78 30 med
874 2215 260 36 nyttjanderätt,
1155 2217 143 30 varmed
1317 2217 102 37 följer
1437 2218 161 37 befogen-

92 2260 58 30 het
170 2263 49 27 att
241 2262 147 30 anställa
410 2262 116 30 förare
545 2261 20 31 å
587 2263 169 30 fordonet.

135 2371 123 30 Denna
282 2371 204 36 förordning
510 2373 115 29 träder
648 2373 10 30 i
684 2374 93 30 kraft
802 2374 110 35 dagen
940 2375 86 30 efter
1050 2375 76 36 den,
1153 2375 43 31 då
1222 2376 247 37 förordningen
1495 2377 104 36 enligt

89 2421 83 31 därå
198 2421 182 31 meddelad
401 2421 139 37 uppgift
563 2422 186 32 utkommit
773 2424 77 30 från
872 2426 132 35 trycket
1026 2426 10 29 i
1059 2425 131 31 Svensk
1214 2426 381 38 författningssamling.

136 2469 261 37 Förordningen
419 2471 107 35 gäller
549 2470 41 39 ej,
614 2471 62 30 där
699 2472 135 30 skadan
856 2472 154 37 uppstått
1031 2474 74 30 före
1127 2474 300 32 ikraftträdandet.

131 2533 111 33 Bihang
254 2536 41 24 till
307 2535 167 32 riksdagens
487 2536 145 32 protokoll
644 2538 75 23 1946.
746 2537 16 24 9
778 2538 80 24 saml.
879 2538 14 23 I
907 2539 56 22 avd.
984 2540 42 23 Nr
1037 2539 107 24 20—22.
1554 2541 11 23 I
