2222 2646
716 180 313 30 Jordbruksutskottets
1050 182 156 37 utlåtande,
1231 182 47 29 Ny
1301 184 74 28 136.
1819 182 18 29 3

233 257 85 35 söka
351 270 123 35 sporra
503 258 258 36 småbrukaren
789 262 55 33 att
873 261 67 34 öka
966 261 234 47 jordbrukets
1228 262 188 35 intensitet
1445 263 67 34 och
1542 263 209 45 därigenom
1780 276 57 22 av-

231 310 111 35 vinna
385 310 199 36 detsamma
622 324 45 22 en
705 313 143 47 stegrad
889 314 228 47 avkastning.
1159 315 349 48 Huvudsyftemålet
1541 316 81 35 med
1651 317 186 34 statsmak-

231 366 121 32 ternas
393 376 144 35 omsorg
577 377 59 22 om
678 365 62 35 det
779 366 141 35 mindre
960 367 225 46 jordbruket,
1230 368 110 35 sådan
1379 369 205 34 densamma
1622 370 123 34 funnit
1773 370 64 35 sitt

232 416 147 49 uttryck
408 417 12 34 i
449 417 97 35 såväl
574 418 235 36 förevarande
838 432 75 23 som
943 420 110 35 andra
1082 421 166 47 åtgärder
1272 422 56 34 för
1347 422 100 35 detta
1459 422 193 47 jordbruks
1668 423 165 46 höjande,

231 470 103 35 torde
373 470 92 35 dock
499 471 128 36 främst
656 472 93 35 hava
777 474 94 35 varit
899 486 43 22 av
972 475 258 47 socialpolitisk
1259 477 117 44 natur,
1408 476 195 35 förestavat
1631 489 43 22 av
1703 489 43 22 en
1776 477 59 34 all-

231 527 85 32 män
359 524 137 35 önskan
537 527 55 33 att
629 526 86 35 söka
753 527 181 35 bibehålla
972 528 372 36 småbrukareklassen
1374 530 60 35 vid
1460 530 215 46 jordbruket
1703 533 92 33 samt
1823 531 11 34 i

231 578 199 35 allmänhet
459 579 68 34 öka
555 579 168 35 intresset
751 580 57 34 för
836 581 187 35 bildandet
1050 594 44 22 av
1123 582 169 35 småbruk
1322 583 67 34 och
1418 584 414 46 egnahemslägenheter.

231 630 234 48 Oförnekligt
492 632 103 34 torde
625 633 67 34 ock
720 645 94 31 vara,
845 635 55 33 att
928 634 62 35 det
1019 635 139 34 mindre
1185 635 215 46 jordbruket
1428 638 45 45 på
1502 648 122 23 senare
1639 636 101 35 tiden
1755 637 80 34 haft

230 686 55 33 att
313 685 152 46 uppvisa
496 697 44 22 en
569 688 164 32 avsevärt
761 687 144 46 stegrad
934 687 234 48 produktion,
1199 688 131 35 liksom
1359 689 66 35 ock
1450 692 54 32 att
1523 690 135 35 antalet
1676 690 158 34 småbru-

231 737 83 35 kare
344 738 67 35 och
441 738 415 47 egnahemsinnehavare
886 741 189 47 samtidigt
1104 742 109 46 högst
1241 743 196 47 väsentligt
1461 743 112 35 ökats.

340 791 202 43 Utskottet,
574 805 76 22 som
679 793 58 35 till
760 793 91 35 fullo
881 795 175 35 erkänner
1085 795 43 35 de
1157 795 214 36 medelstora
1397 797 241 46 jordbrukens
1663 799 94 33 stora
1778 797 56 34 be-

230 844 139 47 tydelse
412 845 56 34 för
510 846 257 47 utvecklingen
796 860 43 21 av
869 850 63 32 vår
958 848 335 48 jordbruksnäring,
1325 862 102 22 anser
1455 851 198 35 emellertid
1679 850 154 35 tillräck-

230 897 74 47 liga
332 898 78 35 skäl
437 898 79 35 icke
544 899 178 47 föreligga
751 902 55 33 att
835 901 182 35 utsträcka
1045 904 136 33 statens
1210 903 465 47 premieringsverksamhet
1703 903 57 35 till
1779 906 54 32 att

231 951 154 35 omfatta
411 952 135 46 jämväl
575 952 125 48 dylika
721 953 189 47 jordbruk.
968 955 56 35 De
1053 955 215 35 medelstora
1296 956 130 35 liksom
1456 957 66 34 ock
1542 957 43 35 de
1606 960 110 32 större
1734 957 97 46 jord-

230 1004 140 36 bruken
398 1005 104 35 torde
530 1006 185 48 nämligen
743 1007 12 34 i
784 1007 199 36 allmänhet
1011 1009 92 35 hava
1132 1009 83 36 vida
1243 1012 112 33 större
1385 1010 302 47 förutsättningar
1715 1013 45 31 än
1788 1010 43 35 de

230 1058 141 35 mindre
411 1059 223 46 jordbruken
677 1062 54 33 att
768 1073 132 35 genom
938 1062 235 47 tillämpning
1205 1075 44 23 av
1278 1063 171 35 moderna
1478 1064 160 35 metoder
1667 1064 66 35 och
1762 1064 69 35 till-

230 1111 255 48 godogörande
524 1125 44 22 av
605 1113 168 35 tekniska
810 1115 220 47 hjälpmedel
1063 1119 119 43 stegra
1211 1117 55 34 sin
1286 1117 226 46 avkastning.
1571 1118 57 34 Då
1657 1117 173 46 därjämte

230 1165 101 35 dessa
356 1165 188 47 jordbruk,
575 1166 83 35 tack
687 1179 81 22 vare
798 1168 54 34 sin
881 1170 111 33 större
1022 1169 234 35 ekonomiska
1284 1170 172 44 bärkraft,
1478 1171 12 33 i
1510 1171 196 34 allmänhet
1725 1171 106 34 också

229 1218 103 35 torde
376 1218 129 35 besitta
547 1221 112 33 större
699 1221 393 47 utvecklingsförmåga
1134 1225 44 31 än
1217 1223 42 34 de
1293 1223 138 35 mindre
1462 1223 233 47 jordbruken,
1726 1236 105 35 synes

230 1271 157 35 behovet
424 1284 44 22 av
501 1272 218 48 premiering
748 1274 56 34 för
833 1274 293 47 frambringande
1156 1288 44 22 av
1229 1288 43 22 en
1300 1277 217 34 intensivare
1545 1276 283 47 jordbruksdrift

229 1325 79 34 icke
336 1325 223 35 beträffande
590 1326 43 35 de
662 1326 215 36 medelstora
902 1328 224 46 jordbruken
1154 1333 87 41 göra
1268 1330 55 46 sig
1351 1330 166 46 gällande
1546 1331 11 33 i
1586 1330 245 35 tillnärmelse-

229 1378 55 35 vis
312 1378 73 35 lika
414 1378 74 47 hög
516 1379 87 46 grad
634 1392 76 23 som
740 1380 221 36 beträffande
992 1382 43 34 de
1064 1382 140 35 mindre
1230 1383 234 46 jordbruken.
1510 1383 84 35 Icke
1615 1383 110 35 heller
1742 1384 90 33 före-

229 1431 117 48 ligger
373 1432 13 34 i
414 1432 103 47 fråga
546 1445 59 22 om
634 1433 43 35 de
707 1433 213 36 medelstora
946 1435 224 47 jordbruken
1192 1436 250 35 ovannämnda
1457 1437 278 47 socialpolitiska
1750 1449 80 35 syn-

228 1485 130 48 punkt,
390 1486 122 35 vilken
541 1486 109 35 redan
679 1487 81 34 från
788 1488 126 47 början
943 1489 93 35 varit
1059 1489 298 47 grundläggande
1386 1490 56 34 för
1471 1492 134 33 statens
1626 1490 206 47 jordbruks-

228 1539 220 47 premiering
467 1540 78 44 och,
564 1540 115 47 enligt
693 1541 197 35 utskottets
905 1542 246 44 förmenande,
1164 1543 64 34 allt
1248 1543 221 35 fortfarande
1481 1544 64 34 bör
1555 1546 126 44 utgöra
1693 1543 138 35 huvud-

229 1593 154 34 motivet
411 1592 57 35 för
496 1593 218 35 densamma.

337 1646 131 35 Därest
486 1647 197 35 emellertid
699 1647 12 34 i
728 1647 92 36 vissa
839 1647 216 36 landsindar
1074 1661 45 22 en
1130 1650 217 46 premiering
1362 1662 43 22 av
1421 1650 213 35 medelstora
1656 1650 175 47 jordbruk

228 1699 187 46 verkligen
457 1699 115 35 skulle
615 1700 161 36 befinnas
818 1701 170 47 behövlig
1025 1702 66 34 och
1122 1702 149 47 lämplig
1312 1703 56 34 för
1409 1704 55 34 att
1493 1703 107 35 bland
1630 1704 42 34 de
1702 1703 130 35 medel-

229 1754 96 33 stora
351 1752 263 47 jordbrukarne
635 1754 69 35 öka
724 1754 165 35 intresset
907 1755 57 34 för
984 1767 44 22 en
1049 1756 158 34 intensiv
1219 1756 296 46 jordbruksdrift,
1533 1769 101 22 anser
1655 1757 177 35 utskottet

229 1805 99 36 detta
356 1818 84 22 vara
468 1819 45 22 en
542 1807 274 47 angelägenhet,
846 1820 77 22 som
952 1808 12 34 i
992 1808 112 35 första
1133 1809 97 34 hand
1251 1809 63 35 bör
1334 1810 298 46 omhändertagas
1652 1823 43 22 av
1711 1810 119 34 veder-

229 1858 157 36 börande
421 1860 418 48 hushållningssällskap.
898 1861 58 35 Då
984 1862 261 47 premieringen
1278 1875 42 22 av
1349 1863 123 47 dylika
1497 1864 187 46 jordbruk,
1714 1865 116 34 såsom

229 1912 67 35 ock
324 1912 227 36 motionären
579 1916 134 45 antytt,
744 1914 77 35 icke
850 1914 226 47 nödvändigt
1104 1915 102 35 torde
1236 1915 138 36 behöva
1394 1918 146 45 utgöras
1561 1929 44 22 av
1629 1918 201 46 penningar

229 1968 89 33 utan
360 1966 124 35 kunna
526 1969 88 45 utgå
652 1968 12 34 i
697 1980 119 22 annan
846 1968 150 48 lämplig
1024 1968 106 45 form,
1161 1969 114 35 skulle
1300 1982 44 22 en
1373 1970 110 35 sådan
1507 1971 216 47 premiering
1751 1970 77 35 icke

230 2019 114 35 heller
372 2020 57 34 för
453 2021 456 48 hushållningssällskapen
938 2022 97 35 bliva
1063 2022 154 35 särdeles
1245 2023 242 47 betungande.

338 2073 128 35 Ehuru
496 2074 179 35 utskottet
703 2075 150 34 sålunda
880 2075 78 35 icke
987 2088 102 23 anser
1118 2076 165 46 åtgärder
1310 2077 80 34 från
1409 2079 136 33 statens
1564 2078 76 34 sida
1654 2078 85 34 böra
1755 2077 76 35 vid-

229 2128 102 45 tagas
360 2127 56 34 för
435 2127 250 36 anordnandet
699 2140 44 22 av
759 2128 218 47 premiering
992 2141 43 22 av
1050 2129 215 35 medelstora
1277 2130 187 47 jordbruk,
1481 2131 64 34 har
1558 2131 178 35 utskottet
1751 2131 78 34 icke

230 2179 96 35 velat
359 2180 161 45 förneka,
551 2182 54 33 att
634 2193 45 23 en
709 2182 211 46 förhöjning
949 2194 43 22 av
1022 2182 69 35 den
1120 2183 207 35 nuvarande
1356 2184 286 35 maximiarealen
1671 2185 54 33 för
1754 2196 76 35 pre-

230 2233 400 47 mieringsberättigade
657 2234 176 46 jordbruk
861 2235 114 35 under
1003 2236 94 34 vissa
1125 2236 251 35 förhållanden
1400 2237 121 35 kunde
1542 2250 100 23 anses
1662 2237 166 46 befogad.
