1890 2810
576 178 264 30 Statsutskottets
862 175 168 30 utlåtande
1052 184 39 19 nr
1106 174 71 28 242.
1619 164 21 31 9

186 254 223 34 Beträffande
428 254 41 31 de
489 253 73 32 skäl
580 251 251 32 motionärerna
849 249 115 32 anfört
981 248 55 32 till
1054 246 78 33 stöd
1151 247 53 30 för
1222 245 54 32 sin
1294 243 203 33 hemställan
1517 243 51 30 får
1587 243 48 29 ut-

136 306 127 32 skottet
285 305 143 32 hänvisa
448 304 56 32 till
527 303 213 32 motionerna
761 301 29 31 I:
806 301 69 38 130,
900 300 49 31 II:
963 300 29 37 3,
1016 299 49 31 II:
1080 298 58 31 167
1163 297 63 31 och
1249 295 134 32 TI:615.

192 427 138 30 Statens
351 421 358 39 byggnadslånebyrå:
740 421 226 33 Avlöningar.
1009 419 68 30 För
1115 418 130 30 statens
1284 412 350 44 byggnadslånebyrå:

134 477 211 41 Avlöningar
368 478 36 29 är
427 477 19 29 å
470 475 184 31 riksstaten
679 473 53 30 för
756 470 228 33 innevarande
1010 471 36 29 år
1071 468 132 32 anvisat
1229 469 48 29 ett
1302 463 266 43 förslagsanslag
1594 473 40 21 av

137 528 59 32 735
209 528 61 31 000
295 527 133 31 kronor.
464 526 69 31 För
557 525 107 41 byrån
688 524 62 30 har
775 521 182 33 fastställts
984 519 152 42 följande
1162 517 259 41 avlöningsstat:

136 623 27 30 1.
187 620 161 32 Arvoden
371 621 33 31 åt
427 617 205 32 ordförande
656 616 63 31 och
741 615 196 37 ledamöter,
961 614 101 39 högst
1088 635 243 8 s......ssrerenen+
1357 609 126 31 kronor
1526 606 113 32 18000

135 671 28 31 2.
187 669 203 42 Ersättning
410 669 55 31 till
488 667 229 33 ordföranden
740 667 54 30 för
816 664 145 33 mistade
984 662 352 42 avlöningsförmåner

188 723 88 29 samt
301 719 226 41 ersättningar
551 718 54 32 till
630 715 371 42 avdelningscheferna,
1027 711 201 43 förslagsvis
1257 737 75 5 ......
1413 724 13 13 »
1525 709 40 31 60
1578 708 62 31 000

135 773 28 31 3.
187 771 240 41 Ersättningar
449 770 55 32 till
527 767 281 43 kanslipersonal,
835 767 100 40 högst
963 788 369 8 msseeeeeseessrerrrrrnnn
1413 775 13 14 »
1504 760 61 31 590
1577 759 62 31 000

135 824 28 30 4.
187 821 241 42 Ersättningar
447 821 54 31 till
523 821 155 40 experter
700 819 63 31 och
785 816 220 41 sakkunniga,
1028 816 99 39 högst
1173 839 159 6 =...
1413 826 13 14 »
1526 810 39 32 65
1578 810 62 31 000

136 874 28 31 5.
188 872 217 32 Årsarvoden
434 874 19 29 å
481 872 91 31 1000
599 871 126 31 kronor
752 869 142 31 vardera
921 867 54 32 till
1002 868 57 30 två
1086 865 168 32 revisorer
1282 864 55 31 för

188 922 208 42 granskning
416 934 40 20 av
476 920 383 43 byggnadslånebyråns
881 917 226 42 räkenskaper
1132 940 201 7 ..............:
1413 928 14 14 >
1547 912 92 31 2000

1197 974 139 32 Summa
1358 974 125 30 kronor
1506 972 60 32 735
1578 972 61 31 000

189 1082 372 42 Byggnadslånebyrån
593 1081 62 31 har
689 1081 53 31 för
774 1079 204 41 budgetåret
1012 1077 135 32 1945/46
1181 1076 119 32 räknat
1333 1075 76 31 med
1443 1073 197 32 oförändrat

137 1133 242 31 medelsbehov
396 1133 12 30 i
426 1132 94 41 fråga
538 1143 54 20 om
610 1131 300 41 anslagsposterna
927 1129 18 30 2
964 1128 63 32 och
1045 1128 27 31 5.
1102 1127 273 41 Anslagsposten
1394 1126 16 30 1
1429 1125 61 31 har
1509 1126 131 30 ansetts

137 1184 115 31 kunna
275 1183 150 31 minskas
449 1183 55 31 till
530 1182 38 31 16
581 1182 60 31 000
665 1181 126 31 kronor
815 1180 12 31 i
852 1179 165 32 samband
1042 1178 76 31 med
1143 1177 136 41 ombyte
1304 1188 41 20 av
1369 1175 203 32 innehavare
1599 1185 41 20 av

136 1234 238 41 befattningen
398 1244 72 20 som
495 1232 77 32 chef
594 1232 53 31 för
668 1231 127 41 byråns
817 1228 305 41 kansliavdelning.
1157 1228 273 41 Anslagsposten
1452 1226 19 31 3
1495 1225 145 32 föreslås

137 1285 84 40 höjd
243 1282 54 33 till
320 1284 90 31 1175
423 1284 61 31 000
504 1283 125 31 kronor
650 1282 77 31 med
749 1281 133 41 hänsyn
904 1280 54 31 till
980 1281 49 30 att
1050 1279 125 41 byråns
1198 1277 223 32 arbetsbörda
1442 1277 94 31 vuxit
1558 1276 11 31 i
1592 1278 47 29 så-

139 1336 65 30 dan
229 1335 83 42 grad
337 1336 48 29 att
409 1333 196 42 ytterligare
630 1331 159 43 personal
813 1332 107 30 måste
946 1330 171 31 anställas.
1153 1329 274 40 Anslagsposten
1451 1328 20 30 4
1495 1327 145 31 föreslås

138 1386 84 40 höjd
247 1385 54 31 till
327 1384 132 32 102000
483 1384 126 30 kronor
632 1383 54 30 för
710 1384 50 29 att
784 1381 203 41 möjliggöra
1013 1382 47 29 ett
1085 1379 170 31 utökande
1281 1390 41 19 av
1348 1378 126 31 antalet
1500 1377 140 31 sakkun-

138 1436 78 41 niga
240 1435 75 31 från
339 1435 18 31 8
380 1434 53 31 till
457 1434 48 31 10.

190 1483 385 43 Departementschefen
595 1483 61 31 har
678 1482 113 33 anfört
813 1481 162 40 följande.

189 1553 76 31 Mot
298 1550 382 43 byggnadslånebyråns
713 1548 248 42 uppskattning
994 1559 40 20 av
1067 1546 278 32 medelsbehovet
1367 1546 53 31 till
1443 1545 197 41 avlöningar

139 1596 53 31 för
215 1597 99 29 nästa
335 1594 167 41 budgetår
522 1593 62 31 har
605 1592 56 41 jag
683 1592 88 30 intet
793 1593 49 29 att
866 1591 111 31 erinra
999 1592 94 29 utom
1116 1589 103 31 såvitt
1243 1591 103 39 angår
1369 1588 57 32 det
1449 1588 53 31 för
1525 1590 115 29 ersätt-

138 1638 121 40 ningar
283 1637 54 31 till
361 1634 271 43 kanslipersonal
656 1633 192 32 beräknade
872 1632 172 41 beloppet,
1071 1631 90 31 1175
1174 1631 61 31 000
1260 1631 133 31 kronor.
1430 1631 69 30 För
1522 1630 118 41 ifråga-

139 1679 146 32 varande
313 1678 154 32 ändamål
493 1678 62 30 har
581 1677 11 30 i
618 1676 294 41 avlöningsstaten
939 1675 53 30 för
1018 1674 229 31 innevarande
1272 1673 168 41 budgetår
1466 1673 175 41 upptagits

139 1724 48 29 ett
206 1721 128 41 belopp
354 1732 39 20 av
412 1721 60 30 590
486 1720 60 31 000
565 1719 133 31 kronor.
730 1717 202 33 Emellertid
951 1717 62 31 har
1032 1716 126 41 Kungl.
1179 1716 102 41 Maj:t
1301 1727 121 30 genom
1441 1715 114 32 beslut
1575 1716 65 30 den

136 1764 39 32 23
197 1775 89 20 mars
310 1763 79 31 1945
409 1762 145 41 nödgats
576 1760 164 42 medgiva,
762 1762 49 29 att
832 1760 123 40 posten
976 1760 54 29 må
1050 1757 214 32 överskridas
1286 1758 77 30 med
1381 1757 104 40 högst
1504 1757 60 30 333
1578 1757 60 30 000

137 1806 133 37 kronor,
288 1805 113 31 varför
417 1803 238 41 belastningen
673 1805 19 28 å
708 1804 123 39 posten
847 1802 54 30 för
917 1811 128 21 samma
1059 1800 168 40 budgetår
1242 1799 66 31 kan
1324 1799 165 31 beräknas
1506 1798 132 31 komma

138 1850 50 28 att
206 1850 114 39 uppgå
337 1847 53 31 till
409 1847 11 30 i
439 1849 79 29 runt
536 1847 47 30 tal
601 1846 60 32 925
675 1846 61 31 000
754 1845 134 31 kronor.
918 1844 52 31 Av
988 1842 383 42 byggnadslånebyråns
1391 1841 251 41 framställning

138 1891 147 39 framgår
303 1888 198 37 emellertid,
520 1890 48 29 att
586 1887 278 31 medelsbehovet
881 1886 115 30 undan
1015 1886 53 29 för
1085 1885 113 30 undan
1217 1884 79 31 ökat
1314 1883 108 31 under
1437 1883 202 39 budgetåret

136 1932 62 30 och
221 1931 109 31 under
352 1930 131 40 januari
506 1930 121 30 månad
651 1929 11 30 i
685 1930 36 29 år
743 1929 143 39 uppgått
900 1927 53 30 till
967 1926 154 41 omkring
1135 1927 38 30 78
1187 1926 61 30 000
1261 1926 124 30 kronor
1399 1927 86 29 samt
1499 1922 52 33 för
1564 1925 73 40 juni

139 1974 122 30 månad
279 1973 165 31 beräknas
463 1974 113 39 uppgå
594 1971 54 31 till
666 1971 113 31 85500
797 1971 133 30 kronor.
962 1969 220 32 Sistnämnda
1199 1968 315 41 belastningssiffra
1532 1968 110 31 skulle

141 2018 169 29 motsvara
340 2017 48 29 ett
416 2014 241 32 medelsbehov
687 2025 40 20 av
757 2013 91 31 cirka
879 2012 164 31 1000000
1073 2011 124 31 kronor
1227 2011 53 30 för
1309 2012 45 29 år.
1395 2011 114 40 Byrån
1539 2021 101 30 synes

140 2058 103 31 räkna
261 2058 77 30 med
357 2068 41 20 en
417 2057 139 30 fortsatt
574 2056 126 40 ökning
718 2066 40 20 av
777 2054 187 41 utgifterna
981 2054 123 41 jämväl
1123 2053 108 31 under
1248 2055 98 29 nästa
1364 2052 174 41 budgetår.

192 2100 18 31 I
238 2099 170 32 avsaknad
436 2110 40 19 av
504 2101 103 38 några
635 2098 97 31 säkra
760 2096 218 42 hållpunkter
1006 2095 143 31 rörande
1177 2095 125 41 byråns
1332 2094 310 41 arbetsbelastning

141 2143 108 31 under
275 2144 97 28 nästa
397 2141 167 40 budgetår
590 2150 99 21 anser
714 2140 56 40 jag
798 2139 65 31 den
890 2138 191 31 beräknade
1107 2137 338 41 belastningssiffran
1473 2137 53 30 för
1552 2137 89 30 inne-

140 2184 146 31 varande
305 2183 165 40 budgetår
486 2183 84 30 böra
586 2182 115 40 läggas
720 2181 53 31 till
791 2180 109 41 grund
919 2180 53 30 för
990 2179 289 41 uppskattningen
1298 2190 39 19 av
1355 2179 285 31 medelsbehovet.

140 2226 81 31 Med
247 2226 132 39 hänsyn
404 2224 53 31 till
483 2224 65 31 den
574 2223 151 40 stegring
750 2223 11 30 i
786 2221 316 41 personalbehovet,
1129 2232 72 20 som
1227 2222 119 29 inträtt
1371 2221 107 30 under
1503 2221 139 40 budget-

141 2269 71 29 året
237 2266 144 37 1944/45,
406 2277 101 29 synes
532 2267 121 38 posten
677 2265 85 30 dock
785 2264 83 30 böra
891 2263 168 31 avrundas
1085 2265 104 38 uppåt
1213 2263 52 30 till
1289 2263 60 30 950
1362 2263 60 30 000
1445 2263 132 30 kronor.

192 2310 18 29 I
235 2309 150 39 enlighet
407 2307 140 31 härmed
571 2306 109 31 skulle
704 2305 256 40 ifrågavarande
985 2304 117 39 anslag
1126 2305 53 30 för
1201 2306 97 29 nästa
1321 2304 167 39 budgetår
1511 2304 131 31 behöva

141 2352 166 40 upptagas
329 2350 75 30 med
430 2349 52 36 (16
496 2349 60 30 000
574 2354 28 29 +
621 2349 40 30 60
674 2349 60 29 000
753 2353 29 29 +
800 2348 60 30 950
874 2348 60 30 000
953 2352 28 28 --
1001 2347 59 30 102
1073 2347 60 30 000
1151 2351 29 29 --
1198 2347 18 29 2
1230 2346 73 39 000)
1323 2347 90 29 1130
1426 2347 60 29 000
1508 2346 132 30 kronor.

194 2393 81 30 Som
302 2402 100 29 synes
430 2390 141 30 innebär
596 2390 93 30 detta
714 2388 265 40 anslagsbelopp
1005 2399 41 19 en
1072 2388 162 30 avsevärd
1261 2386 197 40 förhöjning
1484 2387 10 29 i
1520 2387 120 29 förhål-

140 2435 99 31 lande
258 2434 52 30 till
330 2434 57 30 det
404 2434 53 29 för
474 2431 227 31 innevarande
719 2431 167 38 budgetår
904 2429 160 31 anvisade
1083 2429 161 39 anslaget.
1276 2429 75 30 Den
1370 2428 112 30 starka
1500 2428 140 30 ansväll-

140 2477 82 40 ning
243 2487 39 19 av
307 2476 121 40 byråns
450 2473 222 36 verksamhet,
694 2484 72 19 som
789 2475 56 37 ägt
867 2484 82 24 rum,
972 2473 60 39 gör
1054 2471 55 31 det
1131 2471 138 30 särskilt
1291 2471 176 39 angeläget
1488 2472 48 30 att
1558 2471 82 29 före-
