1860 2794
376 180 407 38 Bevillningsutskottets
807 174 219 33 betänkande
1049 181 43 21 nr
1113 173 20 29 9
1158 171 40 29 år
1223 169 82 31 1955
1552 162 37 30 11

802 266 39 30 18
867 266 28 33 5.

150 341 76 30 Kan
251 340 11 30 i
285 338 99 37 fråga
404 345 57 21 om
482 333 186 33 brännvin,
689 340 76 21 som
787 328 194 32 tillverkats
1003 335 42 21 av
1065 322 129 40 potatis
1215 321 83 30 eller
1319 316 185 40 spannmål
1526 314 66 31 och

105 403 75 22 som
201 392 201 32 tillverkare
422 388 165 37 försäljer
606 386 53 31 till
680 380 389 43 partihandelsbolaget,
1090 375 144 37 frivillig
1253 368 339 36 överenskommelse

105 448 31 38 ej
162 447 129 32 träffas
311 454 57 22 om
390 444 73 38 pris
485 442 83 31 eller
590 436 286 34 leveransvillkor
899 436 10 29 i
932 433 122 37 övrigt,
1076 430 102 34 skall,
1198 428 43 31 då
1262 425 226 32 tillverkaren
1510 422 83 31 eller

108 502 136 37 bolaget
259 500 57 30 det
330 498 197 39 påfordrar,
543 493 196 39 avgörande
753 489 128 33 träffas
896 497 41 21 av
951 496 43 22 en
1009 484 151 33 särskild
1175 480 218 41 prisnämnd,
1406 476 188 32 bestående

109 564 42 21 av
166 554 58 37 sju
241 553 202 32 ledamöter,
459 560 42 21 av
517 548 94 30 vilka
626 546 58 32 två
700 547 96 29 utses
813 553 41 21 av
871 542 146 31 vardera
1033 540 134 37 parten.
1184 535 125 37 Övriga
1325 536 52 28 tre
1394 530 202 33 ledamöter,

108 607 185 33 däribland
321 603 249 34 ordföranden,
596 601 109 38 jämte
734 597 224 39 suppleanter
986 594 54 30 för
1067 593 79 30 dem
1180 589 186 31 förordnas
1394 585 133 37 årligen
1554 591 42 22 av

109 661 126 39 Kungl.
258 659 117 38 Maj:t.

155 732 254 32 Kostnaderna
420 729 55 30 för
516 745 21 4 —
569 744 31 4 —
629 743 33 4 —
695 742 30 3 —
756 740 30 5 —
813 739 35 4 —

156 785 235 33 Föreskrifter
411 792 57 22 om
495 799 31 4 —
556 798 31 4 —
614 797 33 4 —
674 796 34 4 —
735 794 33 4 —
792 778 45 44 —-

154 913 125 30 Denna
297 908 207 37 förordning
522 906 117 31 träder
658 904 12 30 i
689 902 97 31 kraft
805 902 65 30 den
890 901 15 29 1
925 899 67 37 juli
1012 896 95 32 1955.

430 1007 36 34 2)
496 1006 126 36 antaga
645 1002 159 37 följande

754 1105 212 37 Förslag

832 1178 53 30 till

114 1250 221 37 förordning
356 1257 59 24 om
437 1244 143 35 ändrad
603 1242 141 41 lydelse
766 1250 45 24 av
830 1241 20 31 3
872 1239 18 40 $
910 1238 20 32 2
952 1246 105 23 mom.
1078 1234 68 33 och
1167 1234 21 31 4
1208 1231 19 41 8
1248 1228 266 38 förordningen
1537 1225 69 33 den

280 1304 19 31 1
318 1301 72 41 juli
409 1300 81 33 1918
512 1298 62 40 (nr
593 1297 77 39 508)
692 1293 190 41 angående
900 1290 134 35 handel
1053 1288 81 33 med
1154 1283 176 36 skattefri
1347 1282 95 39 sprit

162 1376 212 37 Härigenom
391 1372 198 33 förordnas,
605 1371 51 29 att
683 1368 8 30 3
712 1366 15 35 $
746 1366 18 30 2
782 1374 104 21 mom.
902 1363 65 31 och
983 1362 19 30 4
1021 1361 14 34 8
1054 1357 251 37 förordningen
1321 1356 68 30 den
1405 1354 14 30 1
1437 1352 67 38 juli
1521 1350 84 31 1918

117 1430 179 39 angående
318 1427 128 32 handel
470 1425 78 31 med
572 1422 164 32 skattefri
759 1419 102 39 sprit!
883 1417 100 31 skola
1004 1414 134 32 erhålla
1162 1411 133 32 ändrad
1318 1408 130 39 lydelse
1470 1406 45 38 på
1536 1406 70 29 sätt

120 1486 114 30 nedan
256 1483 151 38 angives.

272 1551 227 36 (Nuvarande
523 1547 147 39 lydelse)

436 1604 19 30 3
482 1603 28 34 8.

159 1663 20 30 2
201 1669 105 22 mom.
328 1656 242 33 Denaturerad
591 1654 89 38 sprit
701 1652 57 30 må
780 1651 53 31 till

118 1717 90 30 riket
231 1714 147 33 införas,
399 1713 98 29 utom
521 1710 55 30 för
599 1709 134 30 statens
757 1705 78 31 räk-

117 1771 95 36 ning,
234 1768 148 31 allenast
405 1774 42 22 av
468 1764 112 36 bolag,
601 1769 120 23 varom
743 1760 11 30 i
776 1757 58 34 48

119 1822 178 32 förmäles.

179 2433 93 31 Utan
292 2431 124 31 hinder
459 2447 18 4 —
505 2445 30 5 —
566 2443 84 6 ——
683 2442 30 5 —
741 2441 87 5 ——
856 2439 35 5 —

172 2533 9 14 1
202 2533 119 25 Senaste
340 2528 110 31 lydelse
470 2535 34 17 av
523 2527 15 24 4
559 2525 12 30 $
591 2533 30 17 se
642 2523 145 26 1934:229.

1050 1537 227 36 (Föreslagen
1302 1532 148 39 lydelse)

1215 1589 19 30 3
1260 1588 28 34 8.

937 1649 20 29 2
979 1654 104 23 mom.
1105 1640 242 34 Denaturerad
1368 1638 90 38 sprit
1478 1635 57 31 må
1557 1634 53 32 till

895 1703 90 30 riket
1013 1700 146 33 införas,
1181 1698 98 29 utom
1303 1695 55 30 för
1380 1693 134 31 statens
1535 1689 79 31 räk-

896 1757 94 36 ning,
1013 1753 148 32 allenast
1184 1759 41 22 av
1245 1749 113 36 bolag,
1378 1753 122 23 varom
1521 1741 91 35 i48

899 1808 176 33 förmäles,
1095 1807 91 30 samt
1206 1804 57 37 för
1285 1799 155 33 tekniskt
1461 1798 83 31 eller
1565 1796 50 30 in-

898 1861 175 33 dustriellt
1096 1856 166 33 ändamål
1284 1864 43 22 av
1348 1854 67 30 den
1439 1860 75 23 som
1537 1850 78 30 där-

901 1916 52 30 till
989 1912 138 33 erhållit
1166 1905 346 39 kontrollstyrelsens
1550 1902 67 30 till-

901 1968 113 33 stånd.
1054 1965 64 31 Vid
1153 1961 227 33 meddelande
1415 1968 43 22 av
1491 1956 126 32 sådant

903 2021 157 33 tillstånd
1077 2020 81 36 äger
1174 2015 171 39 styrelsen
1362 2010 197 41 föreskriva
1575 2009 43 30 de

903 2076 125 32 villkor
1053 2082 76 22 som
1156 2072 126 37 prövas
1309 2064 228 41 erforderliga
1562 2063 57 37 för

903 2127 227 33 anordnande
1145 2135 43 21 av
1204 2120 234 39 betryggande
1454 2115 165 33 kontroll.

906 2180 171 33 Tillstånd
1102 2178 68 37 må,
1193 2177 67 30 där
1283 2174 34 37 ej
1342 2170 175 34 särskilda
1542 2167 79 33 skäl

906 2235 52 31 till
983 2234 107 31 annat
1115 2228 194 40 föranleda,
1335 2226 124 31 endast
1484 2222 137 31 medde-

906 2289 50 30 las
984 2286 43 38 på
1056 2284 127 31 villkor
1209 2283 51 29 att
1291 2278 134 39 spriten
1453 2276 131 37 införes
1612 2273 11 30 i

906 2342 117 37 poster
1039 2347 56 22 om
1113 2336 89 36 lägst
1222 2334 46 31 tio
1287 2334 70 29 ton.

905 2434 218 8 ————
1154 2433 35 5 —
1207 2412 177 33 fastställd
1403 2407 220 41 myckenhet.
