1890 2798
552 168 273 31 Statsutskottets
849 168 175 32 utlåtande
1045 178 40 22 nr
1118 171 48 30 24.
1601 170 13 29 1

789 451 59 40 Nr
874 451 60 40 24.

636 555 110 24 Ankom
764 555 41 23 till
824 555 154 30 riksdagens
998 555 86 23 kansli
1104 556 51 22 den
1174 553 15 25 4
1208 555 120 24 februari
1350 552 61 26 1944
1430 555 35 23 kl.
1487 554 30 24 12
1537 561 35 17 m.

332 642 182 31 Utlåtande
536 644 10 29 i
568 643 185 36 anledning
774 652 41 21 av
837 643 123 36 Kungl.
984 643 119 36 Maj:ts
1125 643 215 37 proposition
1363 642 178 37 angående
1564 645 49 28 ut-

553 693 102 38 gifter
685 693 21 31 å
736 694 201 37 tilläggsstat
968 694 33 30 II
1033 694 51 30 till
1113 694 184 30 riksstaten
1328 693 56 38 för
1414 693 199 37 budgetåret

553 744 153 38 1943/44,
726 746 10 29 i
754 745 66 30 vad
837 745 260 37 propositionen
1115 754 97 21 avser
1231 744 382 38 handelsdepartemen-

551 797 62 29 tets
637 795 388 31 verksamhetsområde.

1383 845 68 40 (1:a
1476 845 90 40 avd.)

682 1035 354 53 Driftbudgeten.

639 1157 154 35 Tionde
818 1157 263 35 huvudtiteln.

151 1256 288 31 Driftkostnader
466 1257 57 30 för
551 1257 86 30 mät-
664 1258 68 29 och
759 1257 517 37 avmagnetiseringsstationer.
1304 1257 15 31 I
1346 1257 267 37 propositionen

108 1317 41 21 nr
174 1309 18 29 2
216 1308 65 31 har
304 1308 122 37 Kungl.
452 1307 102 37 Maj:t
583 1307 124 39 (bilaga
730 1309 29 35 9,
785 1318 24 22 s.
838 1308 57 30 101
922 1318 43 21 av
987 1308 107 38 bilagt
1118 1309 125 38 utdrag
1265 1318 43 22 av
1331 1308 280 38 statsrådsproto-

108 1359 105 31 kollet
230 1360 82 30 över
327 1359 298 31 handelsärenden
641 1360 56 30 för
715 1361 65 29 den
792 1360 19 29 4
822 1359 137 37 januari
980 1359 94 40 1944)
1100 1359 177 37 föreslagit
1293 1359 183 37 riksdagen
1496 1362 49 29 att
1561 1360 51 30 till

109 1408 279 33 Driftkostnader
415 1410 54 30 för
497 1410 85 30 mät-
610 1410 65 30 och
703 1410 493 37 avmagnetiseringsstationer
1223 1409 21 32 å
1271 1410 202 37 tilläggsstat
1503 1410 32 31 II
1562 1410 48 32 till

107 1460 185 31 riksstaten
310 1460 54 31 för
379 1459 202 37 budgetåret
602 1457 143 34 1943/44
764 1460 118 32 anvisa
903 1463 46 28 ett
967 1460 267 38 förslagsanslag
1252 1470 43 21 av
1315 1462 60 29 178
1388 1461 65 31 000
1473 1462 138 30 kronor.

152 1562 13 30 I
184 1561 456 39 statsverkspropositionen,
657 1561 117 31 tionde
790 1561 228 37 huvudtiteln,
1036 1564 63 29 har
1116 1562 123 37 Kungl.
1256 1561 101 37 Maj:t
1375 1563 110 30 under
1500 1562 111 37 punk-

107 1615 58 28 ten
186 1612 43 31 69
252 1611 176 37 föreslagit
450 1612 184 36 riksdagen
657 1615 49 28 att
729 1612 54 31 för
807 1612 201 37 budgetåret
1034 1609 142 35 1944/45
1200 1612 120 33 anvisa
1342 1613 112 31 medel
1477 1612 56 32 för
1556 1613 55 31 be-

108 1662 176 32 stridande
303 1673 41 22 av
364 1662 319 31 driftkostnaderna
704 1663 55 31 för
778 1664 84 29 mät-
883 1664 65 30 och
968 1664 503 37 avmagnetiseringsstationer.
1496 1664 13 30 I
1523 1664 88 31 sam-

107 1714 93 30 band
227 1714 144 30 härmed
398 1714 64 30 har
487 1714 387 36 departementschefen,
901 1714 86 31 efter
1012 1715 139 31 erinran
1178 1725 57 21 om
1259 1717 50 29 att
1332 1716 111 30 medel
1469 1715 143 37 tidigare

107 1763 152 34 anvisats
280 1763 55 32 för
356 1764 225 31 anordnande
604 1775 41 21 av
668 1765 85 30 mät-
777 1765 63 31 och
862 1765 494 37 avmagnetiseringsstationer
1377 1766 11 30 i
1412 1766 200 31 Stockholm

117 1815 55 30 och
191 1815 170 37 Göteborg
377 1817 89 29 samt
483 1825 26 21 s.
527 1816 32 30 k.
578 1815 195 38 stötslingor
790 1816 9 30 i
819 1815 240 38 Hälsingborg,
1078 1816 129 31 Malmö
1224 1817 65 30 och
1308 1817 206 36 Trelleborg,
1534 1818 77 29 med

107 1865 186 38 anledning
316 1875 42 21 av
379 1865 296 37 framställningar
698 1867 9 29 i
729 1867 141 30 ärendet
890 1866 81 31 från
995 1866 370 37 marinförvaltningen
1386 1868 51 30 till
1459 1868 151 30 behand-

108 1916 69 37 ling
198 1916 159 37 upptagit
381 1915 133 38 frågan,
540 1916 172 31 huruvida
736 1917 193 36 skyldighet
952 1917 64 30 bör
1038 1916 90 32 åvila
1151 1918 102 36 ägare
1277 1917 51 31 till
1352 1918 260 37 handelsfarlyg

107 1969 49 29 att
182 1967 126 31 ersätta
334 1966 233 32 kostnaderna
595 1967 55 31 för
676 1968 85 29 mät-
789 1967 64 31 och
879 1967 585 37 avmagnetiseringsbehandlingen
1493 1970 120 29 utöver

108 2018 88 38 dem,
218 2026 74 22 som
313 2017 169 31 debiteras
503 2017 261 37 fartygsägarna
785 2018 54 31 för
858 2018 191 37 bogsering,
1073 2018 148 37 lotsning
1242 2019 65 30 och
1327 2019 119 37 dylikt.
1471 2019 14 30 I
1505 2019 107 31 likhet

107 2069 79 30 med
212 2067 158 37 samtliga
395 2068 11 30 i
431 2069 142 31 ärendet
599 2068 109 31 hörda
736 2069 238 37 myndigheter
1001 2070 63 30 har
1090 2069 380 37 departementschefen
1497 2070 114 30 funnit

108 2119 238 36 övervägande
364 2119 74 30 skäl
459 2120 69 30 tala
549 2119 54 31 för
624 2121 48 29 att
690 2120 41 29 de
753 2119 156 36 åsyftade
928 2120 233 31 kostnaderna
1181 2121 70 30 helt
1270 2121 83 31 böra
1374 2123 124 29 stanna
1518 2120 20 31 å
1557 2122 55 30 det

107 2169 178 31 allmänna
305 2169 64 30 och
393 2170 79 30 med
493 2169 137 36 hänsyn
651 2169 50 30 till
725 2172 48 28 att
795 2171 83 29 mät-
902 2170 65 30 och
990 2170 540 36 avmagnetiseringsslationerna
1553 2173 59 29 äro

107 2219 151 31 avsedda
280 2222 50 27 att
350 2220 50 30 till
423 2219 166 37 väsentlig
613 2221 53 29 del
690 2219 140 37 betjäna
853 2220 289 31 handelsflottans
1165 2220 114 37 fartyg
1303 2222 164 35 förordat,
1492 2225 45 27 att
1563 2232 48 21 er-

107 2269 187 36 forderliga
319 2269 205 37 driftanslag
550 2270 168 35 uppföras
744 2271 109 29 under
878 2270 116 30 tionde
1018 2271 229 30 huvudtiteln.

152 2319 67 31 För
236 2318 212 37 budgetåren
469 2316 142 34 1942/43
629 2320 64 29 och
717 2316 140 35 1943/44
875 2320 89 31 hava
984 2320 318 32 driftkostnaderna
1322 2322 185 31 beräknats
1526 2332 84 27 upp-

106 2369 43 36 gå
167 2369 51 30 till
240 2372 46 28 ett
304 2370 123 36 belopp
449 2380 42 20 av
511 2371 228 35 sammanlagt
762 2371 60 29 178
836 2371 62 29 045
919 2371 129 32 kronor
1068 2372 41 29 89
1131 2373 67 35 öre,
1221 2381 104 21 varav
1348 2373 38 29 14
1399 2373 64 30 045
1484 2373 128 30 kronor

107 2421 41 28 389
178 2421 61 29 öre
265 2420 125 36 belöpa
417 2420 20 30 å
464 2420 190 30 kostnader
682 2420 56 30 för
766 2421 363 36 reparationsarbeten
1161 2421 16 30 å
1208 2423 403 35 avmagnetiseringssta-

109 2471 115 30 tionen
244 2471 8 30 i
276 2471 208 35 Stockholm,
508 2471 91 30 vilka
620 2471 305 37 nödvändiggjorts
946 2482 41 20 av
1011 2472 163 35 haverier,
1197 2475 85 28 samt
1307 2474 40 29 44
1358 2474 63 29 000
1443 2475 128 29 kronor
1592 2474 17 31 å

147 2536 110 31 Bihangq
268 2536 41 25 till
321 2536 166 30 riksdagens
500 2536 143 30 protokoll
657 2536 73 25 1944.
752 2537 15 23 6
779 2537 77 24 saml.
882 2537 36 23 Nr
936 2537 38 23 214.
1570 2538 5 23 1
