<?xml version="1.0" encoding="UTF-8"?>
<alto xmlns="http://www.loc.gov/standards/alto/ns-v3#" xmlns:xlink="http://www.w3.org/1999/xlink" xmlns:xsi="http://www.w3.org/2001/XMLSchema-instance" xsi:schemaLocation="http://www.loc.gov/standards/alto/ns-v3# http://www.loc.gov/alto/v3/alto-3-0.xsd">
	<Description>
		<MeasurementUnit>pixel</MeasurementUnit>
		<sourceImageInformation>
			<fileName>/tmp/tess_aizt9z0y_input.PNG</fileName>
		</sourceImageInformation>
		<OCRProcessing ID="OCR_0">
			<ocrProcessingStep>
				<processingSoftware>
					<softwareName>tesseract 5.3.0</softwareName>
				</processingSoftware>
			</ocrProcessingStep>
		</OCRProcessing>
	</Description>
	<Layout>
		<Page WIDTH="2242" HEIGHT="2616" PHYSICAL_IMG_NR="0" ID="page_0">
			<PrintSpace HPOS="0" VPOS="0" WIDTH="2242" HEIGHT="2616">
				<ComposedBlock ID="cblock_0" HPOS="475" VPOS="200" WIDTH="1028" HEIGHT="34">
					<TextBlock ID="block_0" HPOS="475" VPOS="200" WIDTH="1028" HEIGHT="34">
						<TextLine ID="line_0" HPOS="475" VPOS="200" WIDTH="1028" HEIGHT="34">
							<String ID="string_0" HPOS="475" VPOS="200" WIDTH="20" HEIGHT="30" WC="0.95" CONTENT="6"/><SP WIDTH="422" VPOS="200" HPOS="495"/>
							<String ID="string_1" HPOS="917" VPOS="201" WIDTH="250" HEIGHT="32" WC="0.83" CONTENT="Statsutskottets"/><SP WIDTH="21" VPOS="201" HPOS="1167"/>
							<String ID="string_2" HPOS="1188" VPOS="201" WIDTH="167" HEIGHT="32" WC="0.96" CONTENT="memorial"/><SP WIDTH="22" VPOS="201" HPOS="1355"/>
							<String ID="string_3" HPOS="1377" VPOS="202" WIDTH="52" HEIGHT="31" WC="0.95" CONTENT="Nr"/><SP WIDTH="21" VPOS="202" HPOS="1429"/>
							<String ID="string_4" HPOS="1450" VPOS="204" WIDTH="53" HEIGHT="30" WC="0.93" CONTENT="33."/>
						</TextLine>
					</TextBlock>
				</ComposedBlock>
				<ComposedBlock ID="cblock_1" HPOS="433" VPOS="284" WIDTH="1593" HEIGHT="623">
					<TextBlock ID="block_1" HPOS="433" VPOS="284" WIDTH="1592" HEIGHT="206">
						<TextLine ID="line_1" HPOS="435" VPOS="284" WIDTH="1590" HEIGHT="52">
							<String ID="string_5" HPOS="435" VPOS="289" WIDTH="126" HEIGHT="32" WC="0.95" CONTENT="staten"/><SP WIDTH="29" VPOS="289" HPOS="561"/>
							<String ID="string_6" HPOS="590" VPOS="284" WIDTH="59" HEIGHT="38" WC="0.96" CONTENT="för"/><SP WIDTH="39" VPOS="284" HPOS="649"/>
							<String ID="string_7" HPOS="688" VPOS="286" WIDTH="291" HEIGHT="48" WC="0.95" CONTENT="generalstaben"/><SP WIDTH="41" VPOS="286" HPOS="979"/>
							<String ID="string_8" HPOS="1020" VPOS="286" WIDTH="159" HEIGHT="50" WC="0.96" CONTENT="uppföra"/><SP WIDTH="29" VPOS="286" HPOS="1179"/>
							<String ID="string_9" HPOS="1208" VPOS="289" WIDTH="20" HEIGHT="34" WC="0.96" CONTENT="3"/><SP WIDTH="31" VPOS="289" HPOS="1228"/>
							<String ID="string_10" HPOS="1259" VPOS="300" WIDTH="76" HEIGHT="36" WC="0.92" CONTENT="nya"/><SP WIDTH="36" VPOS="300" HPOS="1335"/>
							<String ID="string_11" HPOS="1371" VPOS="287" WIDTH="440" HEIGHT="49" WC="0.90" CONTENT="kaptensbeställningar"/><SP WIDTH="28" VPOS="287" HPOS="1811"/>
							<String ID="string_12" HPOS="1839" VPOS="288" WIDTH="42" HEIGHT="37" WC="0.96" CONTENT="af"/><SP WIDTH="25" VPOS="288" HPOS="1881"/>
							<String ID="string_13" HPOS="1906" VPOS="287" WIDTH="119" HEIGHT="38" WC="0.96" CONTENT="första"/>
						</TextLine>
						<TextLine ID="line_2" HPOS="433" VPOS="336" WIDTH="1591" HEIGHT="51">
							<String ID="string_14" HPOS="433" VPOS="336" WIDTH="155" HEIGHT="37" WC="0.96" CONTENT="klassen"/><SP WIDTH="28" VPOS="336" HPOS="588"/>
							<String ID="string_15" HPOS="616" VPOS="337" WIDTH="70" HEIGHT="37" WC="0.96" CONTENT="och"/><SP WIDTH="29" VPOS="337" HPOS="686"/>
							<String ID="string_16" HPOS="715" VPOS="340" WIDTH="21" HEIGHT="34" WC="0.95" CONTENT="2"/><SP WIDTH="28" VPOS="340" HPOS="736"/>
							<String ID="string_17" HPOS="764" VPOS="351" WIDTH="75" HEIGHT="35" WC="0.93" CONTENT="nya"/><SP WIDTH="28" VPOS="351" HPOS="839"/>
							<String ID="string_18" HPOS="867" VPOS="338" WIDTH="442" HEIGHT="49" WC="0.92" CONTENT="aktuariebefattningar,"/><SP WIDTH="29" VPOS="338" HPOS="1309"/>
							<String ID="string_19" HPOS="1338" VPOS="339" WIDTH="117" HEIGHT="37" WC="0.97" CONTENT="under"/><SP WIDTH="23" VPOS="339" HPOS="1455"/>
							<String ID="string_20" HPOS="1478" VPOS="339" WIDTH="63" HEIGHT="38" WC="0.96" CONTENT="det"/><SP WIDTH="19" VPOS="339" HPOS="1541"/>
							<String ID="string_21" HPOS="1560" VPOS="339" WIDTH="129" HEIGHT="37" WC="0.96" CONTENT="Andra"/><SP WIDTH="26" VPOS="339" HPOS="1689"/>
							<String ID="string_22" HPOS="1715" VPOS="339" WIDTH="220" HEIGHT="37" WC="0.93" CONTENT="kammaren"/><SP WIDTH="27" VPOS="339" HPOS="1935"/>
							<String ID="string_23" HPOS="1962" VPOS="340" WIDTH="62" HEIGHT="37" WC="0.91" CONTENT="be-"/>
						</TextLine>
						<TextLine ID="line_3" HPOS="435" VPOS="388" WIDTH="1589" HEIGHT="53">
							<String ID="string_24" HPOS="435" VPOS="388" WIDTH="127" HEIGHT="49" WC="0.96" CONTENT="slutat,"/><SP WIDTH="30" VPOS="388" HPOS="562"/>
							<String ID="string_25" HPOS="592" VPOS="393" WIDTH="55" HEIGHT="33" WC="0.96" CONTENT="att"/><SP WIDTH="27" VPOS="393" HPOS="647"/>
							<String ID="string_26" HPOS="674" VPOS="389" WIDTH="41" HEIGHT="37" WC="0.95" CONTENT="af"/><SP WIDTH="25" VPOS="389" HPOS="715"/>
							<String ID="string_27" HPOS="740" VPOS="389" WIDTH="113" HEIGHT="38" WC="0.96" CONTENT="dessa"/><SP WIDTH="26" VPOS="389" HPOS="853"/>
							<String ID="string_28" HPOS="879" VPOS="389" WIDTH="276" HEIGHT="50" WC="0.93" CONTENT="beställningar"/><SP WIDTH="18" VPOS="389" HPOS="1155"/>
							<String ID="string_29" HPOS="1173" VPOS="390" WIDTH="161" HEIGHT="38" WC="0.92" CONTENT="allenast"/><SP WIDTH="19" VPOS="390" HPOS="1334"/>
							<String ID="string_30" HPOS="1353" VPOS="404" WIDTH="46" HEIGHT="23" WC="0.96" CONTENT="en"/><SP WIDTH="20" VPOS="404" HPOS="1399"/>
							<String ID="string_31" HPOS="1419" VPOS="405" WIDTH="52" HEIGHT="35" WC="0.91" CONTENT="ny"/><SP WIDTH="19" VPOS="405" HPOS="1471"/>
							<String ID="string_32" HPOS="1490" VPOS="391" WIDTH="392" HEIGHT="50" WC="0.91" CONTENT="aktuariebefattning"/><SP WIDTH="19" VPOS="391" HPOS="1882"/>
							<String ID="string_33" HPOS="1901" VPOS="392" WIDTH="123" HEIGHT="37" WC="0.96" CONTENT="skulle"/>
						</TextLine>
						<TextLine ID="line_4" HPOS="435" VPOS="443" WIDTH="404" HEIGHT="47">
							<String ID="string_34" HPOS="435" VPOS="443" WIDTH="23" HEIGHT="34" WC="0.86" CONTENT="å"/><SP WIDTH="25" VPOS="443" HPOS="458"/>
							<String ID="string_35" HPOS="483" VPOS="445" WIDTH="126" HEIGHT="32" WC="0.96" CONTENT="staten"/><SP WIDTH="27" VPOS="445" HPOS="609"/>
							<String ID="string_36" HPOS="636" VPOS="446" WIDTH="203" HEIGHT="44" WC="0.95" CONTENT="upptagas."/>
						</TextLine>
					</TextBlock>
					<TextBlock ID="block_2" HPOS="435" VPOS="492" WIDTH="1590" HEIGHT="105">
						<TextLine ID="line_5" HPOS="538" VPOS="492" WIDTH="1487" HEIGHT="52">
							<String ID="string_37" HPOS="538" VPOS="492" WIDTH="58" HEIGHT="37" WC="0.96" CONTENT="Då"/><SP WIDTH="27" VPOS="492" HPOS="596"/>
							<String ID="string_38" HPOS="623" VPOS="493" WIDTH="124" HEIGHT="37" WC="0.95" CONTENT="denna"/><SP WIDTH="29" VPOS="493" HPOS="747"/>
							<String ID="string_39" HPOS="776" VPOS="493" WIDTH="109" HEIGHT="49" WC="0.96" CONTENT="fråga"/><SP WIDTH="28" VPOS="493" HPOS="885"/>
							<String ID="string_40" HPOS="913" VPOS="494" WIDTH="159" HEIGHT="37" WC="0.95" CONTENT="sålunda"/><SP WIDTH="27" VPOS="494" HPOS="1072"/>
							<String ID="string_41" HPOS="1099" VPOS="496" WIDTH="118" HEIGHT="36" WC="0.93" CONTENT="måste"/><SP WIDTH="42" VPOS="496" HPOS="1217"/>
							<String ID="string_42" HPOS="1259" VPOS="494" WIDTH="154" HEIGHT="50" WC="0.92" CONTENT="afgöras"/><SP WIDTH="32" VPOS="494" HPOS="1413"/>
							<String ID="string_43" HPOS="1445" VPOS="508" WIDTH="141" HEIGHT="36" WC="0.96" CONTENT="genom"/><SP WIDTH="29" VPOS="508" HPOS="1586"/>
							<String ID="string_44" HPOS="1615" VPOS="508" WIDTH="221" HEIGHT="36" WC="0.92" CONTENT="gemensam"/><SP WIDTH="29" VPOS="508" HPOS="1836"/>
							<String ID="string_45" HPOS="1865" VPOS="500" WIDTH="160" HEIGHT="33" WC="0.90" CONTENT="omröst-"/>
						</TextLine>
						<TextLine ID="line_6" HPOS="435" VPOS="544" WIDTH="1248" HEIGHT="53">
							<String ID="string_46" HPOS="435" VPOS="544" WIDTH="105" HEIGHT="49" WC="0.96" CONTENT="ning,"/><SP WIDTH="29" VPOS="544" HPOS="540"/>
							<String ID="string_47" HPOS="569" VPOS="544" WIDTH="59" HEIGHT="37" WC="0.96" CONTENT="får"/><SP WIDTH="26" VPOS="544" HPOS="628"/>
							<String ID="string_48" HPOS="654" VPOS="545" WIDTH="191" HEIGHT="38" WC="0.96" CONTENT="utskottet"/><SP WIDTH="27" VPOS="545" HPOS="845"/>
							<String ID="string_49" HPOS="872" VPOS="545" WIDTH="137" HEIGHT="38" WC="0.96" CONTENT="föreslå"/><SP WIDTH="30" VPOS="545" HPOS="1009"/>
							<String ID="string_50" HPOS="1039" VPOS="546" WIDTH="166" HEIGHT="49" WC="0.93" CONTENT="följande"/><SP WIDTH="28" VPOS="546" HPOS="1205"/>
							<String ID="string_51" HPOS="1233" VPOS="547" WIDTH="450" HEIGHT="50" WC="0.90" CONTENT="voteringsproposition:"/>
						</TextLine>
					</TextBlock>
					<TextBlock ID="block_3" HPOS="434" VPOS="596" WIDTH="1592" HEIGHT="311">
						<TextLine ID="line_7" HPOS="537" VPOS="596" WIDTH="1488" HEIGHT="52">
							<String ID="string_52" HPOS="537" VPOS="596" WIDTH="105" HEIGHT="37" WC="0.88" CONTENT="»Den"/><SP WIDTH="29" VPOS="596" HPOS="642"/>
							<String ID="string_53" HPOS="671" VPOS="610" WIDTH="92" HEIGHT="35" WC="0.95" CONTENT="som,"/><SP WIDTH="30" VPOS="610" HPOS="763"/>
							<String ID="string_54" HPOS="793" VPOS="598" WIDTH="12" HEIGHT="36" WC="0.95" CONTENT="i"/><SP WIDTH="28" VPOS="598" HPOS="805"/>
							<String ID="string_55" HPOS="833" VPOS="597" WIDTH="120" HEIGHT="38" WC="0.96" CONTENT="likhet"/><SP WIDTH="27" VPOS="597" HPOS="953"/>
							<String ID="string_56" HPOS="980" VPOS="598" WIDTH="86" HEIGHT="37" WC="0.96" CONTENT="med"/><SP WIDTH="28" VPOS="598" HPOS="1066"/>
							<String ID="string_57" HPOS="1094" VPOS="598" WIDTH="134" HEIGHT="38" WC="0.96" CONTENT="Första"/><SP WIDTH="41" VPOS="598" HPOS="1228"/>
							<String ID="string_58" HPOS="1269" VPOS="598" WIDTH="230" HEIGHT="47" WC="0.96" CONTENT="kammaren,"/><SP WIDTH="30" VPOS="598" HPOS="1499"/>
							<String ID="string_59" HPOS="1529" VPOS="599" WIDTH="78" HEIGHT="48" WC="0.96" CONTENT="vill,"/><SP WIDTH="30" VPOS="599" HPOS="1607"/>
							<String ID="string_60" HPOS="1637" VPOS="604" WIDTH="56" HEIGHT="34" WC="0.96" CONTENT="att"/><SP WIDTH="27" VPOS="604" HPOS="1693"/>
							<String ID="string_61" HPOS="1720" VPOS="599" WIDTH="217" HEIGHT="49" WC="0.96" CONTENT="Riksdagen"/><SP WIDTH="29" VPOS="599" HPOS="1937"/>
							<String ID="string_62" HPOS="1966" VPOS="602" WIDTH="59" HEIGHT="34" WC="0.96" CONTENT="må"/>
						</TextLine>
						<TextLine ID="line_8" HPOS="435" VPOS="649" WIDTH="1590" HEIGHT="52">
							<String ID="string_63" HPOS="435" VPOS="651" WIDTH="20" HEIGHT="33" WC="0.92" CONTENT="å"/><SP WIDTH="27" VPOS="651" HPOS="455"/>
							<String ID="string_64" HPOS="482" VPOS="652" WIDTH="125" HEIGHT="33" WC="0.96" CONTENT="staten"/><SP WIDTH="29" VPOS="652" HPOS="607"/>
							<String ID="string_65" HPOS="636" VPOS="649" WIDTH="58" HEIGHT="37" WC="0.93" CONTENT="för"/><SP WIDTH="26" VPOS="649" HPOS="694"/>
							<String ID="string_66" HPOS="720" VPOS="649" WIDTH="313" HEIGHT="49" WC="0.90" CONTENT="generalstabens"/><SP WIDTH="29" VPOS="649" HPOS="1033"/>
							<String ID="string_67" HPOS="1062" VPOS="650" WIDTH="91" HEIGHT="50" WC="0.73" CONTENT="fast."/><SP WIDTH="13" VPOS="650" HPOS="1153"/>
							<String ID="string_68" HPOS="1166" VPOS="650" WIDTH="185" HEIGHT="37" WC="0.73" CONTENT="anställda"/><SP WIDTH="28" VPOS="650" HPOS="1351"/>
							<String ID="string_69" HPOS="1379" VPOS="650" WIDTH="177" HEIGHT="50" WC="0.93" CONTENT="personal"/><SP WIDTH="29" VPOS="650" HPOS="1556"/>
							<String ID="string_70" HPOS="1585" VPOS="656" WIDTH="168" HEIGHT="45" WC="0.92" CONTENT="upptaga"/><SP WIDTH="29" VPOS="656" HPOS="1753"/>
							<String ID="string_71" HPOS="1782" VPOS="653" WIDTH="21" HEIGHT="35" WC="0.96" CONTENT="3"/><SP WIDTH="31" VPOS="653" HPOS="1803"/>
							<String ID="string_72" HPOS="1834" VPOS="664" WIDTH="74" HEIGHT="36" WC="0.93" CONTENT="nya"/><SP WIDTH="26" VPOS="664" HPOS="1908"/>
							<String ID="string_73" HPOS="1934" VPOS="651" WIDTH="91" HEIGHT="49" WC="0.91" CONTENT="kap-"/>
						</TextLine>
						<TextLine ID="line_9" HPOS="434" VPOS="700" WIDTH="1592" HEIGHT="52">
							<String ID="string_74" HPOS="434" VPOS="700" WIDTH="359" HEIGHT="50" WC="0.92" CONTENT="tensbeställningar"/><SP WIDTH="29" VPOS="700" HPOS="793"/>
							<String ID="string_75" HPOS="822" VPOS="702" WIDTH="40" HEIGHT="36" WC="0.96" CONTENT="af"/><SP WIDTH="25" VPOS="702" HPOS="862"/>
							<String ID="string_76" HPOS="887" VPOS="701" WIDTH="119" HEIGHT="38" WC="0.96" CONTENT="första"/><SP WIDTH="27" VPOS="701" HPOS="1006"/>
							<String ID="string_77" HPOS="1033" VPOS="702" WIDTH="154" HEIGHT="37" WC="0.95" CONTENT="klassen"/><SP WIDTH="30" VPOS="702" HPOS="1187"/>
							<String ID="string_78" HPOS="1217" VPOS="703" WIDTH="72" HEIGHT="36" WC="0.96" CONTENT="och"/><SP WIDTH="28" VPOS="703" HPOS="1289"/>
							<String ID="string_79" HPOS="1317" VPOS="705" WIDTH="22" HEIGHT="34" WC="0.96" CONTENT="2"/><SP WIDTH="29" VPOS="705" HPOS="1339"/>
							<String ID="string_80" HPOS="1368" VPOS="716" WIDTH="74" HEIGHT="36" WC="0.93" CONTENT="nya"/><SP WIDTH="28" VPOS="716" HPOS="1442"/>
							<String ID="string_81" HPOS="1470" VPOS="703" WIDTH="443" HEIGHT="49" WC="0.91" CONTENT="aktuariebefattningar,"/><SP WIDTH="17" VPOS="703" HPOS="1913"/>
							<String ID="string_82" HPOS="1930" VPOS="707" WIDTH="96" HEIGHT="33" WC="0.96" CONTENT="samt"/>
						</TextLine>
						<TextLine ID="line_10" HPOS="434" VPOS="752" WIDTH="1592" HEIGHT="52">
							<String ID="string_83" HPOS="434" VPOS="756" WIDTH="55" HEIGHT="33" WC="0.96" CONTENT="att"/><SP WIDTH="27" VPOS="756" HPOS="489"/>
							<String ID="string_84" HPOS="516" VPOS="752" WIDTH="242" HEIGHT="50" WC="0.96" CONTENT="följaktligen"/><SP WIDTH="29" VPOS="752" HPOS="758"/>
							<String ID="string_85" HPOS="787" VPOS="758" WIDTH="146" HEIGHT="32" WC="0.92" CONTENT="statens"/><SP WIDTH="29" VPOS="758" HPOS="933"/>
							<String ID="string_86" HPOS="962" VPOS="754" WIDTH="221" HEIGHT="37" WC="0.91" CONTENT="slutsumma"/><SP WIDTH="29" VPOS="754" HPOS="1183"/>
							<String ID="string_87" HPOS="1212" VPOS="754" WIDTH="96" HEIGHT="37" WC="0.96" CONTENT="skall"/><SP WIDTH="28" VPOS="754" HPOS="1308"/>
							<String ID="string_88" HPOS="1336" VPOS="759" WIDTH="136" HEIGHT="45" WC="0.93" CONTENT="utgöra"/><SP WIDTH="29" VPOS="759" HPOS="1472"/>
							<String ID="string_89" HPOS="1501" VPOS="757" WIDTH="163" HEIGHT="46" WC="0.92" CONTENT="343,485"/><SP WIDTH="30" VPOS="757" HPOS="1664"/>
							<String ID="string_90" HPOS="1694" VPOS="755" WIDTH="141" HEIGHT="37" WC="0.96" CONTENT="kronor"/><SP WIDTH="28" VPOS="755" HPOS="1835"/>
							<String ID="string_91" HPOS="1863" VPOS="755" WIDTH="70" HEIGHT="37" WC="0.92" CONTENT="och"/><SP WIDTH="29" VPOS="755" HPOS="1933"/>
							<String ID="string_92" HPOS="1962" VPOS="768" WIDTH="64" HEIGHT="23" WC="0.92" CONTENT="an-"/>
						</TextLine>
						<TextLine ID="line_11" HPOS="435" VPOS="803" WIDTH="1591" HEIGHT="54">
							<String ID="string_93" HPOS="435" VPOS="803" WIDTH="124" HEIGHT="50" WC="0.95" CONTENT="slaget"/><SP WIDTH="36" VPOS="803" HPOS="559"/>
							<String ID="string_94" HPOS="595" VPOS="804" WIDTH="57" HEIGHT="37" WC="0.92" CONTENT="till"/><SP WIDTH="39" VPOS="804" HPOS="652"/>
							<String ID="string_95" HPOS="691" VPOS="805" WIDTH="314" HEIGHT="48" WC="0.92" CONTENT="generalstabens"/><SP WIDTH="40" VPOS="805" HPOS="1005"/>
							<String ID="string_96" HPOS="1045" VPOS="806" WIDTH="75" HEIGHT="37" WC="0.96" CONTENT="fast"/><SP WIDTH="39" VPOS="806" HPOS="1120"/>
							<String ID="string_97" HPOS="1159" VPOS="806" WIDTH="189" HEIGHT="37" WC="0.95" CONTENT="anställda"/><SP WIDTH="40" VPOS="806" HPOS="1348"/>
							<String ID="string_98" HPOS="1388" VPOS="807" WIDTH="188" HEIGHT="50" WC="0.96" CONTENT="personal,"/><SP WIDTH="29" VPOS="807" HPOS="1576"/>
							<String ID="string_99" HPOS="1605" VPOS="821" WIDTH="50" HEIGHT="23" WC="0.93" CONTENT="nu"/><SP WIDTH="29" VPOS="821" HPOS="1655"/>
							<String ID="string_100" HPOS="1684" VPOS="808" WIDTH="162" HEIGHT="45" WC="0.91" CONTENT="321,315"/><SP WIDTH="29" VPOS="808" HPOS="1846"/>
							<String ID="string_101" HPOS="1875" VPOS="807" WIDTH="151" HEIGHT="47" WC="0.95" CONTENT="kronor,"/>
						</TextLine>
						<TextLine ID="line_12" HPOS="434" VPOS="856" WIDTH="1181" HEIGHT="51">
							<String ID="string_102" HPOS="434" VPOS="856" WIDTH="110" HEIGHT="49" WC="0.96" CONTENT="höjas"/><SP WIDTH="29" VPOS="856" HPOS="544"/>
							<String ID="string_103" HPOS="573" VPOS="856" WIDTH="85" HEIGHT="37" WC="0.93" CONTENT="med"/><SP WIDTH="29" VPOS="856" HPOS="658"/>
							<String ID="string_104" HPOS="687" VPOS="858" WIDTH="139" HEIGHT="47" WC="0.87" CONTENT="22,170"/><SP WIDTH="28" VPOS="858" HPOS="826"/>
							<String ID="string_105" HPOS="854" VPOS="856" WIDTH="143" HEIGHT="39" WC="0.96" CONTENT="kronor"/><SP WIDTH="27" VPOS="856" HPOS="997"/>
							<String ID="string_106" HPOS="1024" VPOS="858" WIDTH="58" HEIGHT="37" WC="0.93" CONTENT="till"/><SP WIDTH="29" VPOS="858" HPOS="1082"/>
							<String ID="string_107" HPOS="1111" VPOS="860" WIDTH="163" HEIGHT="47" WC="0.91" CONTENT="343,485"/><SP WIDTH="30" VPOS="860" HPOS="1274"/>
							<String ID="string_108" HPOS="1304" VPOS="859" WIDTH="157" HEIGHT="46" WC="0.96" CONTENT="kronor;"/><SP WIDTH="30" VPOS="859" HPOS="1461"/>
							<String ID="string_109" HPOS="1491" VPOS="864" WIDTH="124" HEIGHT="32" WC="0.96" CONTENT="röstar"/>
						</TextLine>
					</TextBlock>
				</ComposedBlock>
				<ComposedBlock ID="cblock_2" HPOS="537" VPOS="962" WIDTH="740" HEIGHT="204">
					<TextBlock ID="block_4" HPOS="537" VPOS="962" WIDTH="740" HEIGHT="204">
						<TextLine ID="line_13" HPOS="1198" VPOS="962" WIDTH="64" HEIGHT="45">
							<String ID="string_110" HPOS="1198" VPOS="962" WIDTH="64" HEIGHT="45" WC="0.95" CONTENT="Ja;"/>
						</TextLine>
						<TextLine ID="line_14" HPOS="537" VPOS="1036" WIDTH="500" HEIGHT="50">
							<String ID="string_111" HPOS="537" VPOS="1036" WIDTH="85" HEIGHT="36" WC="0.96" CONTENT="Den"/><SP WIDTH="30" VPOS="1036" HPOS="622"/>
							<String ID="string_112" HPOS="652" VPOS="1036" WIDTH="63" HEIGHT="37" WC="0.95" CONTENT="det"/><SP WIDTH="29" VPOS="1036" HPOS="715"/>
							<String ID="string_113" HPOS="744" VPOS="1037" WIDTH="33" HEIGHT="49" WC="0.95" CONTENT="ej"/><SP WIDTH="31" VPOS="1037" HPOS="777"/>
							<String ID="string_114" HPOS="808" VPOS="1037" WIDTH="76" HEIGHT="48" WC="0.95" CONTENT="vill,"/><SP WIDTH="30" VPOS="1037" HPOS="884"/>
							<String ID="string_115" HPOS="914" VPOS="1043" WIDTH="123" HEIGHT="32" WC="0.96" CONTENT="röstar"/>
						</TextLine>
						<TextLine ID="line_15" HPOS="1185" VPOS="1116" WIDTH="92" HEIGHT="50">
							<String ID="string_116" HPOS="1185" VPOS="1116" WIDTH="92" HEIGHT="50" WC="0.95" CONTENT="Nej;"/>
						</TextLine>
					</TextBlock>
				</ComposedBlock>
				<ComposedBlock ID="cblock_3" HPOS="434" VPOS="1216" WIDTH="1594" HEIGHT="259">
					<TextBlock ID="block_5" HPOS="434" VPOS="1216" WIDTH="1594" HEIGHT="259">
						<TextLine ID="line_16" HPOS="537" VPOS="1216" WIDTH="1489" HEIGHT="52">
							<String ID="string_117" HPOS="537" VPOS="1216" WIDTH="144" HEIGHT="38" WC="0.96" CONTENT="Vinner"/><SP WIDTH="27" VPOS="1216" HPOS="681"/>
							<String ID="string_118" HPOS="708" VPOS="1218" WIDTH="86" HEIGHT="49" WC="0.96" CONTENT="Nej,"/><SP WIDTH="30" VPOS="1218" HPOS="794"/>
							<String ID="string_119" HPOS="824" VPOS="1217" WIDTH="67" HEIGHT="37" WC="0.96" CONTENT="har"/><SP WIDTH="23" VPOS="1217" HPOS="891"/>
							<String ID="string_120" HPOS="914" VPOS="1218" WIDTH="221" HEIGHT="50" WC="0.96" CONTENT="Riksdagen"/><SP WIDTH="28" VPOS="1218" HPOS="1135"/>
							<String ID="string_121" HPOS="1163" VPOS="1218" WIDTH="10" HEIGHT="37" WC="0.96" CONTENT="i"/><SP WIDTH="28" VPOS="1218" HPOS="1173"/>
							<String ID="string_122" HPOS="1201" VPOS="1218" WIDTH="120" HEIGHT="37" WC="0.96" CONTENT="likhet"/><SP WIDTH="24" VPOS="1218" HPOS="1321"/>
							<String ID="string_123" HPOS="1345" VPOS="1218" WIDTH="86" HEIGHT="37" WC="0.96" CONTENT="med"/><SP WIDTH="18" VPOS="1218" HPOS="1431"/>
							<String ID="string_124" HPOS="1449" VPOS="1218" WIDTH="129" HEIGHT="36" WC="0.96" CONTENT="Andra"/><SP WIDTH="27" VPOS="1218" HPOS="1578"/>
							<String ID="string_125" HPOS="1605" VPOS="1218" WIDTH="220" HEIGHT="37" WC="0.96" CONTENT="kammaren"/><SP WIDTH="27" VPOS="1218" HPOS="1825"/>
							<String ID="string_126" HPOS="1852" VPOS="1217" WIDTH="174" HEIGHT="49" WC="0.96" CONTENT="beslutat,"/>
						</TextLine>
						<TextLine ID="line_17" HPOS="434" VPOS="1269" WIDTH="1594" HEIGHT="52">
							<String ID="string_127" HPOS="434" VPOS="1273" WIDTH="54" HEIGHT="32" WC="0.92" CONTENT="att"/><SP WIDTH="28" VPOS="1273" HPOS="488"/>
							<String ID="string_128" HPOS="516" VPOS="1271" WIDTH="21" HEIGHT="33" WC="0.92" CONTENT="å"/><SP WIDTH="28" VPOS="1271" HPOS="537"/>
							<String ID="string_129" HPOS="565" VPOS="1274" WIDTH="124" HEIGHT="32" WC="0.96" CONTENT="staten"/><SP WIDTH="41" VPOS="1274" HPOS="689"/>
							<String ID="string_130" HPOS="730" VPOS="1269" WIDTH="58" HEIGHT="37" WC="0.96" CONTENT="för"/><SP WIDTH="40" VPOS="1269" HPOS="788"/>
							<String ID="string_131" HPOS="828" VPOS="1270" WIDTH="290" HEIGHT="48" WC="0.94" CONTENT="generalstaben"/><SP WIDTH="28" VPOS="1270" HPOS="1118"/>
							<String ID="string_132" HPOS="1146" VPOS="1271" WIDTH="162" HEIGHT="50" WC="0.96" CONTENT="uppföra"/><SP WIDTH="37" VPOS="1271" HPOS="1308"/>
							<String ID="string_133" HPOS="1345" VPOS="1283" WIDTH="48" HEIGHT="24" WC="0.96" CONTENT="en"/><SP WIDTH="27" VPOS="1283" HPOS="1393"/>
							<String ID="string_134" HPOS="1420" VPOS="1284" WIDTH="52" HEIGHT="35" WC="0.93" CONTENT="ny"/><SP WIDTH="27" VPOS="1284" HPOS="1472"/>
							<String ID="string_135" HPOS="1499" VPOS="1270" WIDTH="401" HEIGHT="49" WC="0.91" CONTENT="aktuariebefattning,"/><SP WIDTH="29" VPOS="1270" HPOS="1900"/>
							<String ID="string_136" HPOS="1929" VPOS="1275" WIDTH="99" HEIGHT="32" WC="0.96" CONTENT="samt"/>
						</TextLine>
						<TextLine ID="line_18" HPOS="435" VPOS="1321" WIDTH="1592" HEIGHT="51">
							<String ID="string_137" HPOS="435" VPOS="1325" WIDTH="53" HEIGHT="32" WC="0.96" CONTENT="att"/><SP WIDTH="30" VPOS="1325" HPOS="488"/>
							<String ID="string_138" HPOS="518" VPOS="1321" WIDTH="240" HEIGHT="49" WC="0.96" CONTENT="följaktligen"/><SP WIDTH="29" VPOS="1321" HPOS="758"/>
							<String ID="string_139" HPOS="787" VPOS="1326" WIDTH="143" HEIGHT="32" WC="0.92" CONTENT="statens"/><SP WIDTH="29" VPOS="1326" HPOS="930"/>
							<String ID="string_140" HPOS="959" VPOS="1322" WIDTH="220" HEIGHT="38" WC="0.91" CONTENT="slutsumma"/><SP WIDTH="32" VPOS="1322" HPOS="1179"/>
							<String ID="string_141" HPOS="1211" VPOS="1322" WIDTH="98" HEIGHT="38" WC="0.96" CONTENT="skall"/><SP WIDTH="27" VPOS="1322" HPOS="1309"/>
							<String ID="string_142" HPOS="1336" VPOS="1327" WIDTH="136" HEIGHT="45" WC="0.93" CONTENT="utgöra"/><SP WIDTH="28" VPOS="1327" HPOS="1472"/>
							<String ID="string_143" HPOS="1500" VPOS="1323" WIDTH="164" HEIGHT="47" WC="0.91" CONTENT="322,815"/><SP WIDTH="30" VPOS="1323" HPOS="1664"/>
							<String ID="string_144" HPOS="1694" VPOS="1322" WIDTH="143" HEIGHT="37" WC="0.96" CONTENT="kronor"/><SP WIDTH="28" VPOS="1322" HPOS="1837"/>
							<String ID="string_145" HPOS="1865" VPOS="1323" WIDTH="70" HEIGHT="36" WC="0.92" CONTENT="och"/><SP WIDTH="29" VPOS="1323" HPOS="1935"/>
							<String ID="string_146" HPOS="1964" VPOS="1335" WIDTH="63" HEIGHT="23" WC="0.92" CONTENT="an-"/>
						</TextLine>
						<TextLine ID="line_19" HPOS="435" VPOS="1372" WIDTH="1591" HEIGHT="52">
							<String ID="string_147" HPOS="435" VPOS="1372" WIDTH="125" HEIGHT="49" WC="0.96" CONTENT="slaget"/><SP WIDTH="40" VPOS="1372" HPOS="560"/>
							<String ID="string_148" HPOS="600" VPOS="1372" WIDTH="57" HEIGHT="37" WC="0.92" CONTENT="till"/><SP WIDTH="39" VPOS="1372" HPOS="657"/>
							<String ID="string_149" HPOS="696" VPOS="1373" WIDTH="313" HEIGHT="49" WC="0.90" CONTENT="generalstabens"/><SP WIDTH="42" VPOS="1373" HPOS="1009"/>
							<String ID="string_150" HPOS="1051" VPOS="1374" WIDTH="76" HEIGHT="37" WC="0.96" CONTENT="fast"/><SP WIDTH="37" VPOS="1374" HPOS="1127"/>
							<String ID="string_151" HPOS="1164" VPOS="1374" WIDTH="186" HEIGHT="37" WC="0.96" CONTENT="anställda"/><SP WIDTH="37" VPOS="1374" HPOS="1350"/>
							<String ID="string_152" HPOS="1387" VPOS="1374" WIDTH="187" HEIGHT="50" WC="0.96" CONTENT="personal,"/><SP WIDTH="29" VPOS="1374" HPOS="1574"/>
							<String ID="string_153" HPOS="1603" VPOS="1388" WIDTH="51" HEIGHT="22" WC="0.93" CONTENT="nu"/><SP WIDTH="29" VPOS="1388" HPOS="1654"/>
							<String ID="string_154" HPOS="1683" VPOS="1374" WIDTH="163" HEIGHT="48" WC="0.89" CONTENT="321,315"/><SP WIDTH="30" VPOS="1374" HPOS="1846"/>
							<String ID="string_155" HPOS="1876" VPOS="1373" WIDTH="150" HEIGHT="49" WC="0.96" CONTENT="kronor,"/>
						</TextLine>
						<TextLine ID="line_20" HPOS="434" VPOS="1424" WIDTH="1013" HEIGHT="51">
							<String ID="string_156" HPOS="434" VPOS="1424" WIDTH="109" HEIGHT="50" WC="0.96" CONTENT="höjas"/><SP WIDTH="28" VPOS="1424" HPOS="543"/>
							<String ID="string_157" HPOS="571" VPOS="1425" WIDTH="86" HEIGHT="37" WC="0.93" CONTENT="med"/><SP WIDTH="31" VPOS="1425" HPOS="657"/>
							<String ID="string_158" HPOS="688" VPOS="1427" WIDTH="111" HEIGHT="47" WC="0.89" CONTENT="1,500"/><SP WIDTH="31" VPOS="1427" HPOS="799"/>
							<String ID="string_159" HPOS="830" VPOS="1425" WIDTH="139" HEIGHT="38" WC="0.96" CONTENT="kronor"/><SP WIDTH="28" VPOS="1425" HPOS="969"/>
							<String ID="string_160" HPOS="997" VPOS="1426" WIDTH="57" HEIGHT="37" WC="0.93" CONTENT="till"/><SP WIDTH="29" VPOS="1426" HPOS="1054"/>
							<String ID="string_161" HPOS="1083" VPOS="1428" WIDTH="162" HEIGHT="47" WC="0.91" CONTENT="322,815"/><SP WIDTH="31" VPOS="1428" HPOS="1245"/>
							<String ID="string_162" HPOS="1276" VPOS="1427" WIDTH="171" HEIGHT="37" WC="0.94" CONTENT="kronor»."/>
						</TextLine>
					</TextBlock>
				</ComposedBlock>
				<ComposedBlock ID="cblock_4" HPOS="1184" VPOS="1546" WIDTH="87" HEIGHT="50">
					<TextBlock ID="block_6" HPOS="1184" VPOS="1546" WIDTH="87" HEIGHT="50">
						<TextLine ID="line_21" HPOS="1184" VPOS="1546" WIDTH="87" HEIGHT="50">
							<String ID="string_163" HPOS="1184" VPOS="1546" WIDTH="87" HEIGHT="50" WC="0.91" CONTENT="2:0)."/>
						</TextLine>
					</TextBlock>
				</ComposedBlock>
				<ComposedBlock ID="cblock_5" HPOS="435" VPOS="1631" WIDTH="1593" HEIGHT="725">
					<TextBlock ID="block_7" HPOS="435" VPOS="1631" WIDTH="1593" HEIGHT="308">
						<TextLine ID="line_22" HPOS="537" VPOS="1631" WIDTH="1490" HEIGHT="51">
							<String ID="string_164" HPOS="537" VPOS="1631" WIDTH="18" HEIGHT="37" WC="0.96" CONTENT="I"/><SP WIDTH="28" VPOS="1631" HPOS="555"/>
							<String ID="string_165" HPOS="583" VPOS="1632" WIDTH="121" HEIGHT="49" WC="0.96" CONTENT="punkt"/><SP WIDTH="29" VPOS="1632" HPOS="704"/>
							<String ID="string_166" HPOS="733" VPOS="1633" WIDTH="21" HEIGHT="35" WC="0.96" CONTENT="6"/><SP WIDTH="30" VPOS="1633" HPOS="754"/>
							<String ID="string_167" HPOS="784" VPOS="1632" WIDTH="42" HEIGHT="37" WC="0.96" CONTENT="af"/><SP WIDTH="25" VPOS="1632" HPOS="826"/>
							<String ID="string_168" HPOS="851" VPOS="1632" WIDTH="121" HEIGHT="49" WC="0.93" CONTENT="fjärde"/><SP WIDTH="28" VPOS="1632" HPOS="972"/>
							<String ID="string_169" HPOS="1000" VPOS="1632" WIDTH="259" HEIGHT="37" WC="0.91" CONTENT="hufvudtiteln"/><SP WIDTH="28" VPOS="1632" HPOS="1259"/>
							<String ID="string_170" HPOS="1287" VPOS="1632" WIDTH="97" HEIGHT="37" WC="0.96" CONTENT="hade"/><SP WIDTH="25" VPOS="1632" HPOS="1384"/>
							<String ID="string_171" HPOS="1409" VPOS="1632" WIDTH="141" HEIGHT="49" WC="0.95" CONTENT="Kungl."/><SP WIDTH="21" VPOS="1632" HPOS="1550"/>
							<String ID="string_172" HPOS="1571" VPOS="1632" WIDTH="109" HEIGHT="50" WC="0.96" CONTENT="Maj:t"/><SP WIDTH="19" VPOS="1632" HPOS="1680"/>
							<String ID="string_173" HPOS="1699" VPOS="1632" WIDTH="201" HEIGHT="49" WC="0.93" CONTENT="föreslagit"/><SP WIDTH="18" VPOS="1632" HPOS="1900"/>
							<String ID="string_174" HPOS="1918" VPOS="1632" WIDTH="109" HEIGHT="37" WC="0.90" CONTENT="Riks-"/>
						</TextLine>
						<TextLine ID="line_23" HPOS="435" VPOS="1683" WIDTH="1592" HEIGHT="50">
							<String ID="string_175" HPOS="435" VPOS="1683" WIDTH="125" HEIGHT="49" WC="0.96" CONTENT="dagen"/><SP WIDTH="29" VPOS="1683" HPOS="560"/>
							<String ID="string_176" HPOS="589" VPOS="1688" WIDTH="66" HEIGHT="43" WC="0.96" CONTENT="att,"/><SP WIDTH="29" VPOS="1688" HPOS="655"/>
							<String ID="string_177" HPOS="684" VPOS="1684" WIDTH="86" HEIGHT="36" WC="0.96" CONTENT="med"/><SP WIDTH="27" VPOS="1684" HPOS="770"/>
							<String ID="string_178" HPOS="797" VPOS="1684" WIDTH="281" HEIGHT="49" WC="0.96" CONTENT="godkännande"/><SP WIDTH="28" VPOS="1684" HPOS="1078"/>
							<String ID="string_179" HPOS="1106" VPOS="1685" WIDTH="42" HEIGHT="36" WC="0.96" CONTENT="af"/><SP WIDTH="24" VPOS="1685" HPOS="1148"/>
							<String ID="string_180" HPOS="1172" VPOS="1685" WIDTH="45" HEIGHT="36" WC="0.96" CONTENT="de"/><SP WIDTH="29" VPOS="1685" HPOS="1217"/>
							<String ID="string_181" HPOS="1246" VPOS="1684" WIDTH="63" HEIGHT="37" WC="0.93" CONTENT="vid"/><SP WIDTH="29" VPOS="1684" HPOS="1309"/>
							<String ID="string_182" HPOS="1338" VPOS="1684" WIDTH="416" HEIGHT="49" WC="0.91" CONTENT="statsrådsprotokollet"/><SP WIDTH="24" VPOS="1684" HPOS="1754"/>
							<String ID="string_183" HPOS="1778" VPOS="1684" WIDTH="108" HEIGHT="37" WC="0.93" CONTENT="öfver"/><SP WIDTH="19" VPOS="1684" HPOS="1886"/>
							<String ID="string_184" HPOS="1905" VPOS="1684" WIDTH="122" HEIGHT="37" WC="0.92" CONTENT="landt-"/>
						</TextLine>
						<TextLine ID="line_24" HPOS="436" VPOS="1736" WIDTH="1590" HEIGHT="50">
							<String ID="string_185" HPOS="436" VPOS="1736" WIDTH="339" HEIGHT="36" WC="0.92" CONTENT="försvarsärenden"/><SP WIDTH="30" VPOS="1736" HPOS="775"/>
							<String ID="string_186" HPOS="805" VPOS="1736" WIDTH="74" HEIGHT="37" WC="0.96" CONTENT="den"/><SP WIDTH="31" VPOS="1736" HPOS="879"/>
							<String ID="string_187" HPOS="910" VPOS="1739" WIDTH="44" HEIGHT="34" WC="0.96" CONTENT="13"/><SP WIDTH="24" VPOS="1739" HPOS="954"/>
							<String ID="string_188" HPOS="978" VPOS="1736" WIDTH="151" HEIGHT="50" WC="0.95" CONTENT="januari"/><SP WIDTH="31" VPOS="1736" HPOS="1129"/>
							<String ID="string_189" HPOS="1160" VPOS="1739" WIDTH="94" HEIGHT="34" WC="0.96" CONTENT="1911"/><SP WIDTH="30" VPOS="1739" HPOS="1254"/>
							<String ID="string_190" HPOS="1284" VPOS="1737" WIDTH="140" HEIGHT="48" WC="0.96" CONTENT="fogade"/><SP WIDTH="29" VPOS="1737" HPOS="1424"/>
							<String ID="string_191" HPOS="1453" VPOS="1736" WIDTH="147" HEIGHT="49" WC="0.96" CONTENT="förslag"/><SP WIDTH="26" VPOS="1736" HPOS="1600"/>
							<String ID="string_192" HPOS="1626" VPOS="1736" WIDTH="59" HEIGHT="37" WC="0.96" CONTENT="till"/><SP WIDTH="28" VPOS="1736" HPOS="1685"/>
							<String ID="string_193" HPOS="1713" VPOS="1749" WIDTH="75" HEIGHT="37" WC="0.96" CONTENT="nya"/><SP WIDTH="29" VPOS="1749" HPOS="1788"/>
							<String ID="string_194" HPOS="1817" VPOS="1741" WIDTH="119" HEIGHT="32" WC="0.96" CONTENT="stater"/><SP WIDTH="19" VPOS="1741" HPOS="1936"/>
							<String ID="string_195" HPOS="1955" VPOS="1736" WIDTH="71" HEIGHT="48" WC="0.96" CONTENT="för,"/>
						</TextLine>
						<TextLine ID="line_25" HPOS="435" VPOS="1787" WIDTH="1593" HEIGHT="50">
							<String ID="string_196" HPOS="435" VPOS="1787" WIDTH="114" HEIGHT="37" WC="0.96" CONTENT="bland"/><SP WIDTH="29" VPOS="1787" HPOS="549"/>
							<String ID="string_197" HPOS="578" VPOS="1787" WIDTH="128" HEIGHT="49" WC="0.92" CONTENT="andra,"/><SP WIDTH="29" VPOS="1787" HPOS="706"/>
							<String ID="string_198" HPOS="735" VPOS="1788" WIDTH="323" HEIGHT="49" WC="0.91" CONTENT="truppförbandet"/><SP WIDTH="28" VPOS="1788" HPOS="1058"/>
							<String ID="string_199" HPOS="1086" VPOS="1789" WIDTH="41" HEIGHT="36" WC="0.96" CONTENT="af"/><SP WIDTH="24" VPOS="1789" HPOS="1127"/>
							<String ID="string_200" HPOS="1151" VPOS="1788" WIDTH="207" HEIGHT="48" WC="0.96" CONTENT="artilleriet,"/><SP WIDTH="29" VPOS="1788" HPOS="1358"/>
							<String ID="string_201" HPOS="1387" VPOS="1788" WIDTH="88" HEIGHT="49" WC="0.96" CONTENT="höja"/><SP WIDTH="20" VPOS="1788" HPOS="1475"/>
							<String ID="string_202" HPOS="1495" VPOS="1789" WIDTH="175" HEIGHT="48" WC="0.96" CONTENT="anslaget"/><SP WIDTH="19" VPOS="1789" HPOS="1670"/>
							<String ID="string_203" HPOS="1689" VPOS="1788" WIDTH="58" HEIGHT="37" WC="0.93" CONTENT="till"/><SP WIDTH="20" VPOS="1788" HPOS="1747"/>
							<String ID="string_204" HPOS="1767" VPOS="1788" WIDTH="169" HEIGHT="49" WC="0.91" CONTENT="aflöning"/><SP WIDTH="20" VPOS="1788" HPOS="1936"/>
							<String ID="string_205" HPOS="1956" VPOS="1789" WIDTH="72" HEIGHT="36" WC="0.97" CONTENT="och"/>
						</TextLine>
						<TextLine ID="line_26" HPOS="435" VPOS="1839" WIDTH="1593" HEIGHT="50">
							<String ID="string_206" HPOS="435" VPOS="1839" WIDTH="245" HEIGHT="49" WC="0.92" CONTENT="rekrytering"/><SP WIDTH="35" VPOS="1839" HPOS="680"/>
							<String ID="string_207" HPOS="715" VPOS="1853" WIDTH="47" HEIGHT="23" WC="0.90" CONTENT="m."/><SP WIDTH="31" VPOS="1853" HPOS="762"/>
							<String ID="string_208" HPOS="793" VPOS="1853" WIDTH="63" HEIGHT="35" WC="0.91" CONTENT="m.,"/><SP WIDTH="40" VPOS="1853" HPOS="856"/>
							<String ID="string_209" HPOS="896" VPOS="1854" WIDTH="50" HEIGHT="23" WC="0.93" CONTENT="nu"/><SP WIDTH="45" VPOS="1854" HPOS="946"/>
							<String ID="string_210" HPOS="991" VPOS="1842" WIDTH="224" HEIGHT="47" WC="0.91" CONTENT="17,986,176"/><SP WIDTH="43" VPOS="1842" HPOS="1215"/>
							<String ID="string_211" HPOS="1258" VPOS="1840" WIDTH="152" HEIGHT="49" WC="0.95" CONTENT="kronor,"/><SP WIDTH="43" VPOS="1840" HPOS="1410"/>
							<String ID="string_212" HPOS="1453" VPOS="1840" WIDTH="86" HEIGHT="37" WC="0.92" CONTENT="med"/><SP WIDTH="45" VPOS="1840" HPOS="1539"/>
							<String ID="string_213" HPOS="1584" VPOS="1842" WIDTH="159" HEIGHT="46" WC="0.91" CONTENT="196,841"/><SP WIDTH="46" VPOS="1842" HPOS="1743"/>
							<String ID="string_214" HPOS="1789" VPOS="1840" WIDTH="141" HEIGHT="37" WC="0.96" CONTENT="kronor"/><SP WIDTH="40" VPOS="1840" HPOS="1930"/>
							<String ID="string_215" HPOS="1970" VPOS="1840" WIDTH="58" HEIGHT="37" WC="0.95" CONTENT="till"/>
						</TextLine>
						<TextLine ID="line_27" HPOS="438" VPOS="1891" WIDTH="411" HEIGHT="48">
							<String ID="string_216" HPOS="438" VPOS="1892" WIDTH="227" HEIGHT="47" WC="0.92" CONTENT="18,183,017"/><SP WIDTH="30" VPOS="1892" HPOS="665"/>
							<String ID="string_217" HPOS="695" VPOS="1891" WIDTH="154" HEIGHT="37" WC="0.95" CONTENT="kronor."/>
						</TextLine>
					</TextBlock>
					<TextBlock ID="block_8" HPOS="435" VPOS="1943" WIDTH="1593" HEIGHT="296">
						<TextLine ID="line_28" HPOS="539" VPOS="1943" WIDTH="1488" HEIGHT="50">
							<String ID="string_218" HPOS="539" VPOS="1943" WIDTH="240" HEIGHT="37" WC="0.96" CONTENT="Beträffande"/><SP WIDTH="42" VPOS="1943" HPOS="779"/>
							<String ID="string_219" HPOS="821" VPOS="1945" WIDTH="184" HEIGHT="36" WC="0.94" CONTENT="artilleriet"/><SP WIDTH="39" VPOS="1945" HPOS="1005"/>
							<String ID="string_220" HPOS="1044" VPOS="1944" WIDTH="69" HEIGHT="36" WC="0.96" CONTENT="har"/><SP WIDTH="36" VPOS="1944" HPOS="1113"/>
							<String ID="string_221" HPOS="1149" VPOS="1944" WIDTH="189" HEIGHT="36" WC="0.96" CONTENT="utskottet"/><SP WIDTH="27" VPOS="1944" HPOS="1338"/>
							<String ID="string_222" HPOS="1365" VPOS="1944" WIDTH="12" HEIGHT="36" WC="0.96" CONTENT="i"/><SP WIDTH="22" VPOS="1944" HPOS="1377"/>
							<String ID="string_223" HPOS="1399" VPOS="1944" WIDTH="161" HEIGHT="49" WC="0.93" CONTENT="punkten"/><SP WIDTH="31" VPOS="1944" HPOS="1560"/>
							<String ID="string_224" HPOS="1591" VPOS="1944" WIDTH="57" HEIGHT="37" WC="0.75" CONTENT="6:0"/><SP WIDTH="29" VPOS="1944" HPOS="1648"/>
							<String ID="string_225" HPOS="1677" VPOS="1948" WIDTH="29" HEIGHT="40" WC="0.90" CONTENT="c)"/><SP WIDTH="29" VPOS="1948" HPOS="1706"/>
							<String ID="string_226" HPOS="1735" VPOS="1943" WIDTH="42" HEIGHT="37" WC="0.96" CONTENT="af"/><SP WIDTH="25" VPOS="1943" HPOS="1777"/>
							<String ID="string_227" HPOS="1802" VPOS="1944" WIDTH="65" HEIGHT="36" WC="0.93" CONTENT="sitt"/><SP WIDTH="29" VPOS="1944" HPOS="1867"/>
							<String ID="string_228" HPOS="1896" VPOS="1943" WIDTH="131" HEIGHT="37" WC="0.91" CONTENT="ofvan-"/>
						</TextLine>
						<TextLine ID="line_29" HPOS="435" VPOS="1995" WIDTH="1592" HEIGHT="50">
							<String ID="string_229" HPOS="435" VPOS="1995" WIDTH="166" HEIGHT="37" WC="0.96" CONTENT="nämnda"/><SP WIDTH="27" VPOS="1995" HPOS="601"/>
							<String ID="string_230" HPOS="628" VPOS="1995" WIDTH="192" HEIGHT="37" WC="0.93" CONTENT="utlåtande"/><SP WIDTH="20" VPOS="1995" HPOS="820"/>
							<String ID="string_231" HPOS="840" VPOS="1995" WIDTH="204" HEIGHT="48" WC="0.89" CONTENT="hemställt,"/><SP WIDTH="21" VPOS="1995" HPOS="1044"/>
							<String ID="string_232" HPOS="1065" VPOS="2000" WIDTH="56" HEIGHT="33" WC="0.96" CONTENT="att"/><SP WIDTH="18" VPOS="2000" HPOS="1121"/>
							<String ID="string_233" HPOS="1139" VPOS="1995" WIDTH="219" HEIGHT="50" WC="0.94" CONTENT="Riksdagen"/><SP WIDTH="19" VPOS="1995" HPOS="1358"/>
							<String ID="string_234" HPOS="1377" VPOS="1998" WIDTH="117" HEIGHT="34" WC="0.96" CONTENT="måtte"/><SP WIDTH="20" VPOS="1998" HPOS="1494"/>
							<String ID="string_235" HPOS="1514" VPOS="1995" WIDTH="205" HEIGHT="49" WC="0.95" CONTENT="godkänna"/><SP WIDTH="19" VPOS="1995" HPOS="1719"/>
							<String ID="string_236" HPOS="1738" VPOS="1995" WIDTH="142" HEIGHT="49" WC="0.95" CONTENT="Kungl."/><SP WIDTH="21" VPOS="1995" HPOS="1880"/>
							<String ID="string_237" HPOS="1901" VPOS="1995" WIDTH="126" HEIGHT="49" WC="0.96" CONTENT="Maj:ts"/>
						</TextLine>
						<TextLine ID="line_30" HPOS="435" VPOS="2047" WIDTH="1592" HEIGHT="49">
							<String ID="string_238" HPOS="435" VPOS="2047" WIDTH="149" HEIGHT="48" WC="0.96" CONTENT="förslag"/><SP WIDTH="27" VPOS="2047" HPOS="584"/>
							<String ID="string_239" HPOS="611" VPOS="2047" WIDTH="57" HEIGHT="37" WC="0.96" CONTENT="till"/><SP WIDTH="27" VPOS="2047" HPOS="668"/>
							<String ID="string_240" HPOS="695" VPOS="2052" WIDTH="120" HEIGHT="32" WC="0.96" CONTENT="stater"/><SP WIDTH="29" VPOS="2052" HPOS="815"/>
							<String ID="string_241" HPOS="844" VPOS="2048" WIDTH="58" HEIGHT="36" WC="0.96" CONTENT="för"/><SP WIDTH="27" VPOS="2048" HPOS="902"/>
							<String ID="string_242" HPOS="929" VPOS="2047" WIDTH="198" HEIGHT="37" WC="0.96" CONTENT="artilleriet"/><SP WIDTH="27" VPOS="2047" HPOS="1127"/>
							<String ID="string_243" HPOS="1154" VPOS="2047" WIDTH="86" HEIGHT="37" WC="0.93" CONTENT="med"/><SP WIDTH="29" VPOS="2047" HPOS="1240"/>
							<String ID="string_244" HPOS="1269" VPOS="2052" WIDTH="191" HEIGHT="44" WC="0.91" CONTENT="tygstater"/><SP WIDTH="28" VPOS="2052" HPOS="1460"/>
							<String ID="string_245" HPOS="1488" VPOS="2047" WIDTH="212" HEIGHT="49" WC="0.91" CONTENT="(bilagorna"/><SP WIDTH="29" VPOS="2047" HPOS="1700"/>
							<String ID="string_246" HPOS="1729" VPOS="2061" WIDTH="44" HEIGHT="23" WC="0.93" CONTENT="nr"/><SP WIDTH="20" VPOS="2061" HPOS="1773"/>
							<String ID="string_247" HPOS="1793" VPOS="2050" WIDTH="151" HEIGHT="35" WC="0.90" CONTENT="42—49"/><SP WIDTH="21" VPOS="2050" HPOS="1944"/>
							<String ID="string_248" HPOS="1965" VPOS="2047" WIDTH="62" HEIGHT="36" WC="0.96" CONTENT="vid"/>
						</TextLine>
						<TextLine ID="line_31" HPOS="435" VPOS="2098" WIDTH="1593" HEIGHT="51">
							<String ID="string_249" HPOS="435" VPOS="2099" WIDTH="251" HEIGHT="37" WC="0.92" CONTENT="omförmälda"/><SP WIDTH="40" VPOS="2099" HPOS="686"/>
							<String ID="string_250" HPOS="726" VPOS="2099" WIDTH="407" HEIGHT="50" WC="0.87" CONTENT="statsrådsprotokoll),"/><SP WIDTH="41" VPOS="2099" HPOS="1133"/>
							<String ID="string_251" HPOS="1174" VPOS="2099" WIDTH="175" HEIGHT="37" WC="0.95" CONTENT="slutande"/><SP WIDTH="36" VPOS="2099" HPOS="1349"/>
							<String ID="string_252" HPOS="1385" VPOS="2100" WIDTH="119" HEIGHT="49" WC="0.96" CONTENT="jämte"/><SP WIDTH="42" VPOS="2100" HPOS="1504"/>
							<String ID="string_253" HPOS="1546" VPOS="2099" WIDTH="102" HEIGHT="37" WC="0.93" CONTENT="förut"/><SP WIDTH="37" VPOS="2099" HPOS="1648"/>
							<String ID="string_254" HPOS="1685" VPOS="2099" WIDTH="153" HEIGHT="37" WC="0.91" CONTENT="faställd"/><SP WIDTH="28" VPOS="2099" HPOS="1838"/>
							<String ID="string_255" HPOS="1866" VPOS="2104" WIDTH="75" HEIGHT="32" WC="0.96" CONTENT="stat"/><SP WIDTH="28" VPOS="2104" HPOS="1941"/>
							<String ID="string_256" HPOS="1969" VPOS="2098" WIDTH="59" HEIGHT="37" WC="0.96" CONTENT="för"/>
						</TextLine>
						<TextLine ID="line_32" HPOS="437" VPOS="2150" WIDTH="1590" HEIGHT="51">
							<String ID="string_257" HPOS="437" VPOS="2150" WIDTH="205" HEIGHT="38" WC="0.92" CONTENT="Gottlands"/><SP WIDTH="50" VPOS="2150" HPOS="642"/>
							<String ID="string_258" HPOS="692" VPOS="2151" WIDTH="226" HEIGHT="38" WC="0.81" CONTENT="artillerikår"/><SP WIDTH="40" VPOS="2151" HPOS="918"/>
							<String ID="string_259" HPOS="958" VPOS="2151" WIDTH="72" HEIGHT="37" WC="0.93" CONTENT="och"/><SP WIDTH="41" VPOS="2151" HPOS="1030"/>
							<String ID="string_260" HPOS="1071" VPOS="2151" WIDTH="217" HEIGHT="37" WC="0.82" CONTENT="artilleriets"/><SP WIDTH="41" VPOS="2151" HPOS="1288"/>
							<String ID="string_261" HPOS="1329" VPOS="2156" WIDTH="192" HEIGHT="45" WC="0.90" CONTENT="tygstater"/><SP WIDTH="42" VPOS="2156" HPOS="1521"/>
							<String ID="string_262" HPOS="1563" VPOS="2154" WIDTH="20" HEIGHT="33" WC="0.91" CONTENT="å"/><SP WIDTH="42" VPOS="2154" HPOS="1583"/>
							<String ID="string_263" HPOS="1625" VPOS="2151" WIDTH="157" HEIGHT="50" WC="0.91" CONTENT="tillhopa"/><SP WIDTH="42" VPOS="2151" HPOS="1782"/>
							<String ID="string_264" HPOS="1824" VPOS="2152" WIDTH="203" HEIGHT="47" WC="0.91" CONTENT="3,568,194"/>
						</TextLine>
						<TextLine ID="line_33" HPOS="436" VPOS="2202" WIDTH="154" HEIGHT="37">
							<String ID="string_265" HPOS="436" VPOS="2202" WIDTH="154" HEIGHT="37" WC="0.96" CONTENT="kronor."/>
						</TextLine>
					</TextBlock>
					<TextBlock ID="block_9" HPOS="436" VPOS="2253" WIDTH="1592" HEIGHT="103">
						<TextLine ID="line_34" HPOS="541" VPOS="2253" WIDTH="1486" HEIGHT="51">
							<String ID="string_266" HPOS="541" VPOS="2254" WIDTH="52" HEIGHT="37" WC="0.96" CONTENT="På"/><SP WIDTH="41" VPOS="2254" HPOS="593"/>
							<String ID="string_267" HPOS="634" VPOS="2255" WIDTH="125" HEIGHT="48" WC="0.96" CONTENT="grund"/><SP WIDTH="49" VPOS="2255" HPOS="759"/>
							<String ID="string_268" HPOS="808" VPOS="2255" WIDTH="41" HEIGHT="36" WC="0.95" CONTENT="af"/><SP WIDTH="40" VPOS="2255" HPOS="849"/>
							<String ID="string_269" HPOS="889" VPOS="2255" WIDTH="207" HEIGHT="36" WC="0.95" CONTENT="utskottets"/><SP WIDTH="45" VPOS="2255" HPOS="1096"/>
							<String ID="string_270" HPOS="1141" VPOS="2254" WIDTH="146" HEIGHT="49" WC="0.95" CONTENT="förslag"/><SP WIDTH="40" VPOS="2254" HPOS="1287"/>
							<String ID="string_271" HPOS="1327" VPOS="2255" WIDTH="12" HEIGHT="36" WC="0.95" CONTENT="i"/><SP WIDTH="41" VPOS="2255" HPOS="1339"/>
							<String ID="string_272" HPOS="1380" VPOS="2255" WIDTH="261" HEIGHT="49" WC="0.96" CONTENT="nyssnämnda"/><SP WIDTH="46" VPOS="2255" HPOS="1641"/>
							<String ID="string_273" HPOS="1687" VPOS="2254" WIDTH="71" HEIGHT="37" WC="0.96" CONTENT="och"/><SP WIDTH="46" VPOS="2254" HPOS="1758"/>
							<String ID="string_274" HPOS="1804" VPOS="2253" WIDTH="125" HEIGHT="49" WC="0.93" CONTENT="öfriga"/><SP WIDTH="45" VPOS="2253" HPOS="1929"/>
							<String ID="string_275" HPOS="1974" VPOS="2254" WIDTH="53" HEIGHT="37" WC="0.88" CONTENT="af-"/>
						</TextLine>
						<TextLine ID="line_35" HPOS="436" VPOS="2306" WIDTH="1592" HEIGHT="50">
							<String ID="string_276" HPOS="436" VPOS="2306" WIDTH="166" HEIGHT="37" WC="0.92" CONTENT="seenden"/><SP WIDTH="44" VPOS="2306" HPOS="602"/>
							<String ID="string_277" HPOS="646" VPOS="2306" WIDTH="160" HEIGHT="38" WC="0.96" CONTENT="rörande"/><SP WIDTH="42" VPOS="2306" HPOS="806"/>
							<String ID="string_278" HPOS="848" VPOS="2307" WIDTH="174" HEIGHT="49" WC="0.95" CONTENT="anslaget"/><SP WIDTH="41" VPOS="2307" HPOS="1022"/>
							<String ID="string_279" HPOS="1063" VPOS="2306" WIDTH="57" HEIGHT="37" WC="0.93" CONTENT="till"/><SP WIDTH="36" VPOS="2306" HPOS="1120"/>
							<String ID="string_280" HPOS="1156" VPOS="2306" WIDTH="171" HEIGHT="49" WC="0.92" CONTENT="aflöning"/><SP WIDTH="28" VPOS="2306" HPOS="1327"/>
							<String ID="string_281" HPOS="1355" VPOS="2308" WIDTH="68" HEIGHT="36" WC="0.96" CONTENT="och"/><SP WIDTH="29" VPOS="2308" HPOS="1423"/>
							<String ID="string_282" HPOS="1452" VPOS="2306" WIDTH="242" HEIGHT="50" WC="0.93" CONTENT="rekrytering"/><SP WIDTH="29" VPOS="2306" HPOS="1694"/>
							<String ID="string_283" HPOS="1723" VPOS="2320" WIDTH="46" HEIGHT="22" WC="0.91" CONTENT="m."/><SP WIDTH="32" VPOS="2320" HPOS="1769"/>
							<String ID="string_284" HPOS="1801" VPOS="2319" WIDTH="46" HEIGHT="23" WC="0.91" CONTENT="m."/><SP WIDTH="29" VPOS="2319" HPOS="1847"/>
							<String ID="string_285" HPOS="1876" VPOS="2306" WIDTH="67" HEIGHT="37" WC="0.93" CONTENT="har"/><SP WIDTH="28" VPOS="2306" HPOS="1943"/>
							<String ID="string_286" HPOS="1971" VPOS="2311" WIDTH="57" HEIGHT="32" WC="0.93" CONTENT="ut-"/>
						</TextLine>
					</TextBlock>
				</ComposedBlock>
			</PrintSpace>
		</Page>
	</Layout>
</alto>
