2212 2679
418 160 18 30 6
651 165 103 29 Andra
782 167 192 30 Kammarens
1000 169 157 40 Tillfälliga
1187 172 123 29 Utskotts
1333 173 72 37 (N:o
1430 174 30 31 5)
1489 175 152 29 Utlåtande
1665 177 54 28 N:o
1741 179 49 28 26.

416 241 117 36 landt-
566 243 68 36 och
667 243 534 52 sjöförsvarsdepartementen;
1233 258 67 29 när
1328 257 52 31 ett
1407 252 132 38 sådant
1565 255 191 37 samlande
1784 256 40 36 af
1848 256 175 38 trådarna

414 292 83 37 från
536 293 197 40 försvarets
774 298 74 35 alla
887 312 134 32 grenar
1051 301 58 36 till
1138 315 43 23 en
1209 316 210 33 gemensam
1446 305 120 48 högsta
1595 306 154 48 ledning
1777 308 71 37 blir
1874 322 147 36 genom-

414 343 94 47 förd,
536 345 55 47 då,
611 360 84 24 men
723 347 93 38 först
844 349 45 36 då
916 351 105 37 torde
1048 352 41 36 af
1112 353 54 47 sig
1193 354 99 47 själft
1319 356 123 36 kunna
1472 358 150 36 komma
1645 359 56 36 till
1721 359 105 38 stånd
1849 367 50 31 ett
1919 363 101 35 rcali-

413 397 154 36 serande
607 398 41 36 af
683 401 204 37 motionens
928 404 198 36 önskemål.
1182 405 12 35 I
1231 406 100 37 detta
1366 407 171 39 afseende
1569 410 73 36 kan
1675 413 179 35 utskottet
1882 413 137 37 således

412 448 79 36 icke
523 448 83 37 dela
636 452 248 37 motionärens
912 453 104 47 åsikt,
1045 455 46 36 då
1118 456 72 37 han
1219 465 112 39 säger,
1359 464 54 31 att
1441 460 61 36 det
1529 461 119 37 skulle
1675 475 88 24 vara
1790 464 114 43 klokt,
1938 478 78 23 >om

411 499 37 37 vi
487 513 135 33 genom
660 504 172 45 partiella
862 504 178 39 reformer
1071 507 256 40 underlättade
1354 513 387 47 sammanslagningen
1769 515 68 36 och
1865 515 46 37 då
1939 517 81 36 bör-

406 551 88 47 jade
520 551 47 48 på
595 558 51 31 ett
673 554 159 47 område,
861 556 65 36 där
953 558 111 36 sedan
1093 559 38 35 så
1158 559 101 49 långt
1286 562 156 37 tillbaka
1469 576 79 24 som
1577 564 40 37 år
1642 567 94 35 1878
1759 571 51 32 ett
1829 569 189 36 önskemål

410 602 123 38 blifvit
573 606 240 47 uppställdt>.
866 608 176 37 Tvärtom
1069 610 117 37 håller
1213 614 179 36 utskottet
1418 614 89 47 före,
1535 621 54 32 att
1617 622 51 31 ett
1695 618 322 38 sammanförande

409 653 41 37 af
485 656 171 46 samtliga
695 658 157 36 tekniska
904 661 156 36 element
1095 662 11 35 i
1139 676 43 23 en
1214 678 211 32 gemensam
1453 666 66 37 kår
1547 668 68 36 och
1642 669 207 38 sedermera
1876 670 138 38 dennas

408 706 253 38 insorterande
701 710 68 34 »ad
804 711 166 36 interim»>
1008 713 118 36 under
1153 714 60 36 det
1242 729 66 22 ena
1334 716 457 48 försvarsdepartementet
1817 723 80 35 icke
1923 723 94 35 skall

408 756 128 36 kunna
563 759 113 35 verka
703 760 57 36 till
787 759 119 38 fördel
932 761 58 37 för
1016 762 180 39 försvaret
1222 766 12 35 i
1262 766 79 37 dess
1370 768 131 46 helhet,
1527 769 47 37 då
1598 770 77 36 helt
1692 772 90 36 visst
1801 772 215 46 därigenom

408 807 62 36 det
496 808 117 37 andra
641 810 310 47 departementets
978 815 179 37 intressen
1185 817 124 37 kunde
1336 819 150 37 komma
1514 826 54 31 att
1594 821 117 38 blifva
1738 823 158 38 lidande.

507 859 129 38 Ehuru
663 862 138 37 således
829 864 70 36 den
928 866 119 44 tanke,
1075 879 79 24 som
1181 869 118 47 ligger
1325 871 58 35 till
1410 872 122 45 grund
1560 872 57 36 för
1635 875 249 36 motionärens
1903 875 109 37 fram-

406 910 187 48 ställning,
634 913 88 37 eller
763 915 220 48 uppnående
1022 916 41 37 af
1101 932 43 23 en
1186 920 118 37 bättre
1335 924 217 35 samverkan
1586 926 137 36 mellan
1752 926 68 36 och
1848 932 51 31 ett
1925 927 88 36 full-

405 961 212 48 ständigare
656 966 236 46 utnyttjande
933 967 40 36 af
1009 968 44 37 de
1089 970 9 34 i
1131 969 199 39 försvarets
1358 974 113 46 tjänst
1498 975 199 38 arbetande
1725 978 168 36 tekniska
1919 979 94 36 kraft

378 1047 4 3 .
405 1018 115 41 terna,
548 1015 95 36 lärer
670 1029 89 24 vara
787 1016 154 49 förtjänt
968 1018 40 37 af
1034 1020 67 36 allt
1128 1022 244 47 erkännande,
1401 1037 106 36 synes
1531 1026 80 37 dess
1630 1028 245 37 realiserande
1895 1030 117 36 under

404 1065 217 37 nuvarande
661 1068 194 47 tudelning
895 1070 40 35 af
965 1070 197 38 försvarets
1194 1074 152 47 ledning
1373 1081 95 31 stöta
1494 1077 47 46 på
1570 1078 278 49 oöfverstigliga
1875 1081 136 47 svårig-

405 1115 113 46 heter,
545 1117 153 37 hvarför
725 1120 179 37 utskottet
930 1120 57 37 får
1015 1123 201 46 hemställa,

905 1228 53 32 att
985 1224 84 37 herr
1095 1225 290 39 Pantzarhielms
1405 1229 280 49 ifrågavarande
1703 1234 152 46 motion,
1874 1248 58 23 n:o
1954 1237 57 45 64,

802 1274 80 36 icke
921 1275 113 37 måtte
1073 1278 57 34 till
1170 1278 122 46 någon
1333 1278 130 39 Andra
1498 1282 242 38 Kammarens
1776 1285 130 48 åtgärd
1937 1286 72 37 för-

803 1325 140 37 anleda.

501 1405 215 39 Stockholm
746 1409 68 36 den
846 1413 45 34 28
921 1412 94 46 april
1045 1415 104 34 1905.

985 1522 33 45 Å
1046 1532 196 38 utskottets
1270 1542 153 39 vägnar:

943 1632 212 38 HENRIK
1184 1635 278 39 HEDLUND.

1020 1939 352 39 Reservation

493 2035 41 36 af
557 2036 85 36 herr
673 2037 190 37 Hedlund:
895 2039 148 38 >Ehuru
1065 2043 66 46 jag
1156 2044 77 36 icke
1256 2045 145 36 kunnat
1423 2045 147 38 förorda
1590 2049 251 37 motionärens
1862 2050 139 48 förslag

394 2085 119 36 såsom
554 2087 124 36 alltför
717 2089 240 45 omfattande,
985 2093 11 35 i
1020 2095 199 45 synnerhet
1246 2095 38 37 så
1311 2097 108 48 länge
1447 2098 120 36 skilda
1594 2099 256 48 departement
1878 2103 120 35 finnas

390 2135 57 37 för
487 2138 117 35 landt-
633 2140 67 35 och
737 2140 245 48 sjöförsvaret,
1014 2144 115 37 måste
1152 2146 65 46 jag
1245 2148 203 36 emellertid
1476 2150 83 35 med
1588 2152 231 36 motionären
1848 2153 66 36 och
1943 2160 54 29 ut-

391 2188 136 36 skottet
560 2190 102 36 finna
693 2191 83 36 »det
802 2194 161 36 militära
991 2196 140 36 arbetet
1158 2203 103 31 utom
1288 2198 143 38 facket>
1464 2214 89 23 vara
1583 2215 66 22 >en
1678 2203 214 37 ekonomisk
1920 2206 80 35 vill-

389 2237 151 38 farelse>
585 2241 67 35 och
689 2255 106 23 anser
827 2244 62 36 det
916 2247 269 48 ögonskenligt,
1215 2254 53 31 att
1295 2250 61 36 det
1388 2252 5 34 i
1422 2252 234 37 ekonomiskt
1683 2253 169 38 afseende
1880 2256 119 36 skulle
