1882 2782
267 159 41 29 10
651 159 125 28 Första
802 158 248 39 lagutskottets
1077 157 181 29 utlåtande
1285 165 42 20 nr
1355 156 29 30 6.

267 243 214 39 fonapparat
502 251 75 21 som
599 242 192 30 innehaves
814 251 43 21 av
878 243 67 29 den
968 251 75 21 som
1066 242 159 39 skäligen
1248 242 70 30 kan
1341 241 217 30 misstänkas
1581 241 55 30 för
1658 241 128 30 brottet

265 293 88 31 eller
378 293 101 39 eljest
505 293 71 30 kan
601 295 147 38 antagas
775 293 144 30 komma
944 293 51 28 att
1020 292 175 40 begagnas
1223 301 43 21 av
1290 292 143 30 honom.
1460 291 210 31 Tillståndet
1697 292 91 29 skall

267 344 180 30 meddelas
468 344 50 29 ait
539 344 91 39 gälla
650 343 70 30 viss
740 343 63 36 tid,
824 343 102 39 högst
946 352 43 21 en
1008 343 120 34 vecka,
1150 342 80 30 från
1251 343 68 29 den
1338 343 78 39 dag,
1437 342 45 30 då
1501 342 196 30 tillståndet
1718 342 70 30 del-

268 402 84 31 gavs
385 394 328 29 telefonanstaltens
746 393 254 31 föreståndare.
1032 392 230 31 Beträffande
1296 392 219 41 granskning
1546 402 43 20 av
1619 392 169 40 uppteck-

267 444 86 39 ning
376 453 75 21 som
472 444 58 39 ägt
551 453 80 20 rum
653 444 58 30 vid
734 444 146 29 samtals
903 443 211 35 avhörande,
1138 443 90 29 skall
1251 444 67 29 vad
1340 443 11 29 i
1374 442 40 30 27
1437 443 80 39 kap.
1543 443 38 29 12
1606 441 15 37 $
1646 443 141 39 stadgas

267 503 59 20 om
344 494 265 40 undersökning
627 494 65 30 och
710 494 218 39 granskning
946 504 42 20 av
1005 494 140 30 enskild
1162 493 171 40 handling
1353 494 65 39 äga
1435 493 234 40 tillämpning.
1688 493 13 29 I
1720 494 67 29 den

267 544 85 30 mån
373 544 285 40 uppteckningen
679 544 195 31 innehåller
895 544 115 39 något,
1034 553 75 20 som
1131 544 30 39 ej
1186 545 39 29 är
1246 553 43 21 av
1309 544 177 38 betydelse
1507 544 56 29 för
1584 544 204 39 utredning-

267 604 54 25 en,
344 595 90 30 skall
455 595 67 30 den
542 594 88 31 efter
652 594 263 40 granskningen
937 593 216 31 omedelbart
1174 594 183 30 förstöras.

313 645 118 30 Under
462 645 224 30 förarbetena
717 645 54 29 till
802 654 69 30 nya
901 644 332 40 rättegångsbalken
1264 644 226 39 ifrågasattes
1522 645 50 30 att
1602 644 187 40 möjlighet

267 695 115 30 skulle
404 695 144 31 beredas
572 695 430 39 undersökningsledaren
1025 695 83 30 eller
1131 694 191 40 åklagaren
1345 697 53 28 att
1420 694 81 31 från
1522 695 266 29 telefonanstalt

268 745 133 31 erhålla
423 745 138 40 uppgift
582 745 20 30 å
622 745 272 34 telefonsamtal,
916 745 146 30 växlade
1083 744 82 31 eller
1186 745 172 30 beställda
1379 746 131 29 mellan
1532 746 157 39 apparat,
1712 754 77 21 som

267 795 120 30 kunde
411 797 145 38 antagas
580 796 46 30 ha
648 795 191 40 begagnats
864 795 82 31 eller
969 796 146 30 komma
1136 796 51 28 att
1209 795 176 39 begagnas
1409 805 43 21 av
1474 796 69 29 den
1565 795 222 34 misstänkte,

268 846 66 29 och
355 856 117 20 annan
492 847 158 39 apparat.
670 846 112 39 Något
802 846 193 38 stadgande
1014 846 126 30 härom
1160 846 84 29 kom
1263 846 92 30 dock
1374 845 77 31 icke
1470 846 52 30 att
1540 846 128 39 inflyta
1687 846 12 29 i
1718 846 71 30 rät-

266 896 285 40 tegånugsbalken,
576 898 84 28 enär
681 896 441 39 processlagberedningen
1144 896 65 29 och
1232 896 257 39 föredragande
1512 896 277 40 departements-

265 946 128 30 chefen
419 947 129 39 ansågo
574 948 51 28 att
649 946 125 40 frågan
800 956 58 20 om
883 946 110 30 sådan
1018 946 124 40 åtgärd
1167 947 119 29 kunde
1311 946 154 40 regleras
1489 946 12 30 i
1527 946 261 31 administrativ

265 996 153 40 ordning
446 996 52 34 (se
519 1006 98 31 prop.
643 995 134 31 1942:5
801 1006 26 20 s.
849 996 97 33 509).
969 996 205 31 Sedermera
1195 997 83 29 kom
1300 997 196 30 emellertid
1518 998 50 29 att
1590 997 10 29 i
1624 996 84 30 1929
1730 996 58 31 års

267 1047 345 39 telefonreglemente
639 1046 34 37 (8
696 1047 18 29 2
735 1047 10 29 i
767 1047 130 38 lydelse
915 1047 144 39 jämlikt
1079 1047 211 40 kungörelse
1311 1048 68 29 den
1399 1047 41 29 26
1462 1047 196 40 september
1680 1046 102 35 1948)

267 1096 131 39 inflyta
412 1098 48 28 ett
476 1097 193 38 stadgande
686 1106 42 20 av
741 1096 168 34 innehåll,
926 1096 108 30 bland
1049 1097 119 32 annat,
1186 1097 52 29 att
1254 1096 141 40 uppgift
1411 1105 57 21 om
1485 1105 109 21 namn
1611 1096 20 30 å
1649 1097 42 29 de
1708 1105 78 31 per-

266 1157 105 21 soner
398 1148 64 30 och
489 1157 164 21 nummer
666 1147 20 30 å
700 1148 41 29 de
756 1149 196 38 apparater,
967 1148 131 30 mellan
1111 1147 95 30 vilka
1220 1148 128 30 samtal
1375 1148 188 33 utväxlats,
1577 1147 77 30 icke
1681 1148 106 40 finge,

264 1199 65 29 där
345 1198 30 39 ej
394 1198 10 29 i
419 1198 56 39 lag
490 1199 223 30 annorlunda
729 1198 197 39 stadgades,
942 1198 116 39 delges
1074 1199 112 30 andra
1201 1199 44 29 än
1261 1199 90 33 dem,
1368 1198 131 30 mellan
1513 1198 96 31 vilka
1625 1199 163 30 samtalet

266 1247 177 29 utväxlats
462 1247 83 29 eller
562 1256 77 20 som
656 1256 82 21 vore
755 1246 214 30 innehavare
988 1256 43 21 av
1048 1247 42 30 de
1107 1246 58 31 vid
1184 1247 164 29 samtalet
1368 1247 163 29 använda
1548 1247 241 40 telefonappa-

266 1300 153 29 raterna.
441 1298 141 31 Samma
605 1299 194 38 stadgande
821 1298 194 31 återfinnes
1037 1299 12 29 i
1071 1298 19 30 3
1115 1297 16 37 8
1154 1299 11 29 i
1187 1307 48 21 nu
1258 1299 162 39 gällande
1441 1298 346 40 telefonreglemente

266 1347 69 30 den
355 1348 39 29 16
411 1356 94 21 mars
526 1347 94 35 1951,
639 1357 42 21 nr
701 1347 72 31 132.

317 1518 584 41 Tvångsmedelslagstiftningen
925 1518 67 33 och
1016 1519 84 31 dess
1124 1518 245 41 tillämpning
1392 1518 120 32 under
1535 1518 62 32 det
1620 1518 117 32 andra

517 1579 8 10 .
896 1569 265 40 världskriget.

311 1649 77 30 Den
413 1650 38 29 10
472 1649 80 39 juni
578 1649 85 31 1938
686 1650 189 30 utfärdade
897 1650 127 38 Kungl.
1049 1649 107 40 Maj:t
1177 1659 44 21 en
1242 1649 305 38 hemligstämplad
1569 1649 219 38 kungörelse,

266 1700 70 29 den
361 1709 27 20 s.
413 1700 33 29 k.
473 1700 433 39 säkerhetskungörelsen.
932 1700 118 39 Enligt
1076 1701 117 29 denna
1219 1700 212 39 kungörelse
1456 1700 115 30 skulle
1597 1699 120 30 finnas
1745 1708 44 21 en

266 1752 134 30 allmän
425 1752 297 39 säkerhetstjänst
748 1752 12 30 i
785 1752 92 39 syfte
903 1753 51 29 att
978 1752 59 30 vid
1062 1752 79 41 krig
1167 1753 83 29 eller
1275 1752 179 40 krigsfara
1479 1751 186 31 förhindra
1691 1753 97 29 över-

265 1801 211 40 bringandet
501 1812 43 20 av
568 1802 376 40 krigsunderrättelser
969 1803 53 29 till
1047 1802 199 40 obehöriga.
1273 1803 14 29 I
1313 1803 236 39 kungörelsen
1575 1810 130 32 angavs
1733 1810 55 32 ge-

265 1859 85 21 nom
376 1860 43 20 en
441 1851 194 39 detaljerad
658 1851 227 40 uppräkning
909 1852 66 29 vad
999 1861 76 20 som
1100 1851 113 30 skulle
1237 1860 103 21 anses
1364 1851 118 30 såsom
1505 1851 283 39 krigsunderrät-

265 1902 117 30 telser.
404 1902 366 40 Säkerhetstjänstens
790 1903 226 31 verksamhet
1036 1913 62 21 var
1118 1903 107 40 enligt
1246 1903 237 39 kungörelsen
1501 1903 177 40 uppdelad
1698 1903 11 30 i
1729 1902 59 31 två

267 1960 136 32 grenar,
430 1952 244 32 innefattande
700 1953 68 30 den
794 1963 66 21 ena
885 1953 241 40 övervakning
1152 1963 43 21 av
1219 1955 104 38 post-,
1351 1953 172 40 telegraf-,
1549 1953 147 30 telefon-
1721 1953 66 30 och

266 2003 213 30 radiotrafik
505 2004 92 30 samt
624 2003 157 31 trafiken
807 2003 21 30 å
853 2003 190 41 järnvägar
1071 2005 66 29 och
1163 2005 89 38 väg-,
1280 2004 72 39 sjö-
1377 2004 66 30 och
1471 2004 315 34 luftförbindelser,

265 2054 67 29 och
357 2054 68 29 den
450 2054 109 30 andra
584 2054 56 30 för
666 2054 98 39 dylik
787 2054 239 40 övervakning
1051 2054 208 40 erforderlig
1284 2055 150 39 spaning
1460 2055 88 29 efter
1573 2054 215 30 misstänkta

267 2111 178 30 personer.
477 2102 229 30 Beträffande
737 2103 42 29 de
811 2103 258 38 befogenheter,
1103 2112 75 20 som
1211 2103 114 29 skulle
1356 2103 200 29 tillkomma
1589 2103 197 29 säkerhets-

268 2153 177 39 tjänstens
474 2153 351 39 befattningshavare
855 2153 57 30 vid
941 2153 290 30 verksamhetens
1262 2153 187 34 utövande,
1480 2153 157 31 innehöll
1669 2154 117 29 säker-

267 2203 317 39 hetskungörelsen
610 2204 160 29 däremot
795 2203 11 29 i
832 2203 113 39 övrigt
968 2203 77 30 icke
1072 2203 109 39 några
1207 2203 276 30 bestämmelser.
1511 2203 12 29 I
1550 2204 237 39 kungörelsen

268 2254 154 33 utsades,
449 2255 50 28 att
523 2254 181 38 angående
730 2253 210 39 befogenhet
965 2253 55 30 för
1045 2254 210 39 personalen
1281 2254 59 30 vid
1366 2254 343 39 säkerhetstjänsten
1735 2256 51 29 att

267 2304 171 30 förordna
458 2313 58 20 om
537 2304 129 39 beslag,
690 2304 344 39 skingringsförbud,
1056 2304 84 30 hus-
1161 2304 65 30 och
1249 2304 341 39 kroppsrannsakan
1614 2308 91 28 samt
1728 2313 57 21 om

267 2354 240 39 övervakning
532 2363 43 21 av
599 2354 268 34 meddelanden,
894 2363 75 21 som
995 2354 229 31 befordrades
1248 2355 81 29 med
1355 2355 90 38 post,
1471 2354 158 39 telegraf,
1654 2354 132 30 telefon

268 2405 68 31 och
358 2406 98 30 radio
477 2405 85 30 eller
585 2406 219 34 annorledes,
828 2407 166 29 ävensom
1018 2415 58 20 om
1099 2405 255 31 kvarhållande
1378 2414 43 22 av
1443 2405 192 31 misstänkt
1658 2414 128 32 person

268 2454 116 31 skulle
411 2454 89 39 gälla
527 2455 67 29 vad
620 2455 124 29 därom
771 2455 120 29 kunde
917 2454 110 31 varda
1054 2454 144 30 särskilt
1226 2454 150 39 stadgat.
