1884 2778
295 162 20 30 8
647 167 285 31 Statsutskottets
951 170 179 30 utlåtande
1147 180 42 20 nr
1207 173 60 28 124
1284 172 40 29 år
1344 174 81 29 1963

340 241 94 35 11:o)
460 244 276 36 Tillämpningen
772 256 42 21 av
851 247 417 38 bidragsförskottslagen.
1295 253 115 29 Under
1437 255 341 37 socialdepartemen-

297 296 58 33 tet,
377 295 14 34 $
415 296 49 35 11,
482 297 65 30 har
565 299 217 32 revisorerna
802 302 191 30 undersökt
1013 303 267 39 tillämpningen
1300 315 42 21 av
1361 306 416 41 bidragsförskottslagen

301 347 79 36 (Del
400 348 24 35 I,
443 358 25 21 s.
488 350 161 36 64—73).

339 401 210 33 Utlåtanden
566 403 66 31 har
648 405 145 37 avgivits
810 416 42 20 av
868 407 301 43 lagberedningen,
1186 410 289 37 socialstyrelsen,
1494 414 282 31 överståthållar-

295 454 162 41 ämbetet,
486 456 289 37 länsstyrelserna
806 459 10 29 i
843 459 198 32 Malmöhus
1071 462 68 38 län,
1169 462 186 38 Göteborgs
1384 465 64 29 och
1476 466 119 30 Bohus
1625 467 57 30 län
1711 469 64 30 och

293 506 243 39 Kopparbergs
555 509 57 30 län
631 514 90 28 samt
737 511 325 39 polisberedningen
1087 514 76 35 (Del
1183 516 41 34 H,
1242 525 26 20 s.
1287 516 161 36 61—385).

300 647 5 3 .
338 622 185 33 Utskottet.
547 624 217 39 Riksdagens
789 628 168 31 revisorer
980 630 64 30 har
1068 633 338 37 uppmärksammat,
1431 637 50 30 att
1505 636 268 31 verksamheten

293 675 79 29 med
392 675 295 38 bidragsförskott
707 680 82 30 ökat
810 682 112 30 starkt
943 682 79 31 från
1044 684 39 29 år
1104 685 51 29 till
1177 685 47 30 år.
1246 686 228 33 Revisorerna
1496 688 117 31 finner
1634 690 140 30 utveck-

292 727 117 38 lingen
433 729 87 30 både
544 732 340 38 anmärkningsvärd
909 735 64 30 och
999 736 225 39 förvånande,
1251 739 10 29 i
1287 740 188 36 synnerhet
1501 743 73 28 mot
1598 742 175 37 bakgrun-

292 780 66 30 den
376 791 42 21 av
437 783 65 29 den
520 784 112 29 under
650 794 121 22 senare
789 786 39 30 år
847 788 144 38 kraftigt
1008 789 108 37 höjda
1137 791 367 38 levnadsstandarden,
1524 794 65 30 och
1608 795 70 29 kan
1698 795 75 31 icke

292 833 132 40 frigöra
442 836 50 37 sig
510 836 80 31 från
608 838 281 39 uppfattningen,
906 843 51 29 att
974 843 449 39 underhållsskyldigheten
1442 847 10 29 i
1470 846 127 38 många
1616 847 62 30 fall
1696 848 76 30 bor-

292 887 41 29 de
352 887 120 32 kunna
492 890 178 37 uppfyllas
688 891 44 37 på
752 894 48 29 ett
819 893 112 30 bättre
951 895 69 29 sätt
1039 896 45 28 än
1105 905 75 20 som
1199 906 47 20 nu
1268 897 89 31 sker.
1378 898 250 39 Utvecklingen
1648 900 124 31 kräver

290 940 108 37 enligt
419 942 216 32 revisorerna
656 944 121 38 skärpt
797 947 314 36 uppmärksamhet
1133 949 79 30 från
1232 951 258 31 vederbörande
1510 949 261 45 myndigheters

291 992 85 32 sida.
397 993 303 39 Socialstyrelsens
719 997 10 29 i
750 998 82 31 1962
853 998 56 31 års
928 1000 108 37 petita
1055 1001 201 31 meddelade
1276 1003 115 30 avsikt
1409 1006 51 28 att
1479 1004 157 39 företaga
1656 1015 43 21 en
1718 1008 53 29 ut-

291 1046 146 38 redning
462 1047 54 30 för
541 1050 51 28 att
617 1050 86 30 söka
727 1050 179 39 klarlägga
932 1053 190 30 orsakerna
1147 1055 52 29 till
1224 1056 286 31 verksamhetens
1537 1058 154 38 kraftiga
1716 1068 55 21 ex-

289 1099 160 36 pansion,
468 1100 118 31 hälsas
607 1103 79 29 med
706 1103 314 34 tillfredsställelse.
1042 1106 228 31 Revisorerna
1292 1108 204 31 framhåller
1517 1110 87 30 även
1625 1111 146 31 behovet

289 1161 42 20 av
359 1161 43 21 en
431 1154 164 37 statistik,
626 1164 73 21 som
729 1157 161 30 närmare
918 1158 135 37 belyser
1080 1159 595 40 bidragsförskottsverksamheten,
1705 1165 65 30 och

288 1204 161 31 förordar
470 1216 40 20 en
533 1208 262 38 undersökning
818 1212 137 28 snarast
976 1211 178 38 angående
1177 1213 65 29 den
1264 1213 219 38 lämpligaste
1505 1215 265 40 utformningen

288 1266 42 22 av
347 1267 42 21 en
407 1259 108 30 sådan
532 1260 166 31 statistik.

331 1310 93 31 Även
441 1313 120 35 andra,
580 1322 96 22 mera
693 1314 228 39 långtgående
939 1316 162 40 åtgärder
1118 1319 38 29 är
1175 1319 105 38 enligt
1299 1320 234 32 revisorernas
1552 1323 142 38 mening
1711 1324 59 37 på-

287 1364 149 31 kallade.
458 1366 73 30 Den
554 1368 202 30 nuvarande
779 1368 255 39 författningen
1056 1371 11 29 i
1090 1372 117 29 ämnet
1229 1372 204 31 förorsakar
1454 1376 48 29 ett
1523 1376 141 36 mycket
1686 1377 84 30 tids-

286 1417 136 32 ödande
450 1419 273 32 administrativt
751 1422 126 29 arbete.
905 1422 313 32 Bestämmelserna
1245 1425 63 30 bör
1335 1427 197 30 omarbetas
1559 1428 11 30 i
1599 1428 92 38 syfte
1718 1431 51 29 att

286 1470 84 30 ernå
396 1470 249 40 förenklingar.
671 1473 79 30 Som
775 1475 154 37 exempel
954 1476 158 35 nämnes,
1138 1478 50 29 att
1214 1478 55 29 det
1295 1478 109 38 årliga
1429 1476 339 47 omsökningsförfa-

287 1524 123 30 randet
427 1524 62 30 bör
506 1525 120 30 kunna
645 1526 126 37 slopas.
789 1527 126 31 Vidare
933 1528 215 36 framhålles,
1166 1531 50 29 att
1234 1531 66 29 den
1318 1532 233 38 redovisning,
1570 1543 75 20 som
1664 1533 104 32 krävs

281 1576 11 29 i
307 1576 99 37 fråga
425 1586 58 21 om
505 1578 266 38 statsbidragen,
791 1579 63 30 bör
874 1581 120 30 kunna
1015 1582 277 31 schabloniseras
1314 1585 85 29 utan
1420 1586 49 29 att
1487 1587 135 29 statens
1644 1587 123 30 intres-

286 1638 60 21 sen
369 1630 121 30 därför
511 1631 151 30 behöver
683 1633 47 29 bli
754 1633 148 31 lidande.
925 1635 77 29 Med
1025 1635 211 39 hänvisning
1258 1637 53 30 till
1334 1647 43 20 en
1401 1641 153 35 rapport,
1578 1641 189 36 upprättad

283 1691 43 21 av
344 1683 167 31 nordiska
529 1685 273 37 socialpolitiska
821 1686 226 32 kommitténs
1066 1689 249 31 underutskott
1334 1690 54 30 för
1406 1691 213 39 behandling
1637 1703 42 20 av
1697 1694 70 38 lag-

284 1735 207 39 stiftningen
510 1746 56 21 om
587 1738 295 38 bidragsförskott
901 1740 64 30 och
985 1740 246 32 innehållande
1249 1743 271 39 principförslag
1539 1745 53 31 till
1614 1755 42 21 en
1677 1755 89 21 sam-

284 1789 134 30 ordnad
437 1791 144 29 nordisk
603 1791 219 38 lagstiftning
842 1793 43 37 på
905 1793 168 35 området,
1094 1794 130 30 uttalar
1243 1795 228 39 revisorerna,
1492 1798 51 29 att
1564 1797 125 39 frågan
1709 1809 56 21 om

283 1851 43 20 en
346 1851 47 29 ny
412 1843 126 30 svensk
558 1844 55 37 lag
632 1853 57 21 om
708 1844 294 39 bidragsförskott
1022 1849 139 28 snarast
1180 1848 63 29 bör
1261 1850 172 36 upptagas
1454 1850 51 30 till
1527 1850 119 39 slutlig
1665 1854 101 35 pröv-

283 1894 94 38 ning.

325 1948 68 30 Till
416 1949 70 30 slut
507 1948 206 32 framhåller
732 1951 217 31 revisorerna
972 1954 292 37 angelägenheten
1287 1965 42 21 av
1352 1958 51 28 att
1423 1957 342 31 barnavårdsnämn-

282 2001 108 31 derna
410 2002 177 37 utnyttjar
610 2002 234 39 föreliggande
867 2005 221 38 möjligheter
1109 2008 51 30 att
1181 2007 136 31 indriva
1340 2009 202 31 utestående
1565 2010 200 39 fordringar

280 2053 45 37 på
348 2055 114 36 grund
484 2063 43 21 av
549 2055 173 37 beviljade
745 2057 294 38 bidragsförskott
1064 2059 65 30 och
1153 2061 50 29 att
1224 2060 374 33 barnavårdsmännen
1619 2081 47 4 —
1689 2072 74 22 som

281 2106 10 30 i
313 2107 91 37 regel
426 2108 97 30 torde
544 2108 134 31 bevaka
700 2110 235 30 nämndernas
957 2110 200 39 fordringar
1177 2130 45 4 —
1242 2114 85 30 även
1350 2114 11 30 i
1384 2115 93 30 detta
1498 2115 199 31 hänseende
1718 2116 45 38 på

281 2159 223 31 effektivaste
531 2162 70 29 sätt
628 2161 128 40 fullgör
784 2163 53 29 sin
864 2163 266 37 betydelsefulla
1158 2166 147 37 uppgift.
1334 2166 228 32 Revisorerna
1590 2169 136 30 erinrar
1752 2169 11 30 i

281 2213 94 30 detta
398 2213 255 38 sammanhang
674 2223 55 21 om
753 2215 41 30 de
816 2215 216 31 förbättrade
1054 2217 222 38 möjligheter
1296 2220 52 30 att
1370 2221 119 36 uttaga
1513 2221 96 30 äldre
1630 2217 132 47 bidrag,

277 2275 75 20 som
377 2266 310 38 lagberedningens
712 2267 131 38 förslag
864 2268 54 30 till
943 2270 154 29 ändrade
1122 2270 109 37 regler
1251 2280 59 21 om
1335 2272 114 29 rätten
1473 2274 50 28 att
1545 2274 123 37 uttaga
1692 2273 69 30 för-

280 2319 110 30 fallna
410 2319 121 37 bidrag
553 2320 155 30 innebär.
730 2322 49 28 De
802 2321 203 31 framhåller
1027 2323 86 29 även
1135 2324 293 38 angelägenheten
1451 2335 42 20 av
1513 2328 52 28 att
1588 2327 175 39 lagbered-

277 2372 130 38 ningen
424 2373 110 29 under
551 2373 60 29 sitt
628 2373 163 30 fortsatta
809 2375 115 29 arbete
941 2376 216 30 undersöker
1175 2376 340 39 förutsättningarna
1534 2379 54 30 för
1606 2381 51 29 att
1675 2381 86 30 även
