1860 2784
249 166 36 29 12
531 166 406 39 Bevillningsutskottets
959 166 219 31 betänkande
1201 176 43 21 nr
1264 168 41 29 43
1325 168 40 29 år
1388 168 84 29 1959

250 249 82 40 ning
356 259 40 20 av
419 250 40 29 de
480 249 366 40 beskattningsfrågor
866 259 75 21 som
962 251 63 29 här
1046 260 110 20 avses.
1178 251 92 30 Från
1292 251 93 30 olika
1406 252 71 29 håll
1498 252 65 30 har
1584 252 170 31 framhål-

250 300 57 29 lits
329 302 49 27 att
400 310 42 19 en
463 300 130 30 allmän
613 302 150 39 översyn
784 310 41 20 av
845 301 158 39 reglerna
1024 301 149 30 rörande
1197 302 374 40 skogsbeskattningen
1593 304 38 29 är
1650 303 103 39 höge-

250 350 90 39 ligen
365 351 176 29 önskvärd
563 351 67 29 och
656 353 49 28 alt
730 351 41 29 de
794 351 208 39 ifrågasatta
1026 351 239 39 ändringarna
1288 352 105 30 borde
1418 353 100 29 anstå
1541 353 12 29 i
1578 354 174 29 avvaktan

250 401 44 39 på
313 410 41 20 en
374 401 109 29 sådan
501 402 160 38 översyn.
681 402 175 29 Utskottet
876 401 96 30 delar
992 402 272 39 uppfattningen
1284 404 49 28 att
1352 402 265 40 lagstiftningen
1638 404 45 38 på
1702 403 51 30 fö-

249 452 191 28 revarande
463 451 141 30 område
628 452 37 29 så
689 454 96 27 snart
808 461 74 20 som
904 452 138 39 möjligt
1064 452 62 29 bör
1148 453 103 38 göras
1272 452 51 30 till
1346 452 146 30 föremål
1515 453 55 31 för
1592 463 42 20 en
1656 454 96 39 ingå-

246 501 87 30 ende
362 502 66 28 och
456 501 326 40 förutsättningslös
810 501 198 39 utredning.
1037 501 47 30 På
1112 502 115 38 grund
1255 511 41 20 av
1324 503 135 29 ämnets
1487 503 258 38 komplicerade

250 553 104 27 natur
372 552 111 29 måste
502 552 194 30 emellertid
715 562 42 20 en
778 552 109 30 sådan
907 553 187 39 utredning
1114 553 47 29 bli
1180 553 217 30 tidsödande.
1418 554 51 29 Då
1489 563 42 20 en
1550 554 139 39 lösning
1709 563 42 20 av

250 602 40 30 de
315 602 10 29 i
347 602 262 39 propositionen
632 603 218 29 behandlade
872 603 413 39 beskattningsfrågorna
1306 605 38 28 är
1365 604 88 29 både
1476 605 188 39 angelägen
1687 604 63 30 och

249 652 222 30 brådskande
494 653 42 29 bl.
559 663 30 19 a.
612 653 80 29 med
715 654 136 38 hänsyn
874 653 52 30 till
949 653 65 30 den
1036 653 179 39 pågående
1238 656 94 28 stora
1352 654 246 39 utbyggnaden
1622 655 56 30 för
1698 657 54 26 ut-

250 703 185 39 nyttjande
453 713 41 19 av
511 704 271 34 vattenkraften,
802 713 102 20 anser
922 703 52 40 sig
990 704 170 29 utskottet
1178 704 85 29 böra
1279 704 176 40 tillstyrka
1473 707 49 27 att
1537 723 44 3 —
1596 705 11 29 i
1626 705 126 29 avvak-

250 756 58 26 tan
326 754 45 38 på
389 763 41 20 en
449 763 95 20 mera
564 754 294 39 genomgripande
876 754 130 30 reform
1027 764 42 19 av
1086 754 376 40 skogsbeskattningen
1478 773 44 3 —
1538 764 44 20 en
1597 755 155 39 proviso-

250 804 70 29 risk
343 804 220 39 lagstiftning
584 813 47 20 nu
654 804 230 39 genomföres.

293 854 192 38 Ändringar
503 855 10 29 i
533 855 370 37 skogsbeskattningen
921 855 145 29 föreslås
1086 855 10 28 i
1114 855 260 37 propositionen
1393 857 86 27 även
1497 855 54 30 för
1570 856 87 34 dem,
1676 865 73 20 som

250 907 97 36 utger
365 905 83 29 eller
465 907 128 28 mottar
613 905 333 38 ståndskogslikvid,
966 905 115 39 Enligt
1100 905 346 39 jorddelningslagen
1464 906 70 29 kan
1552 905 200 40 fastighets-

249 957 102 36 ägare
373 955 56 29 vid
450 955 92 29 vissa
563 955 254 38 förrättningar
837 955 160 39 tilläggas
1019 956 68 29 rätt
1108 955 53 30 till
1184 955 320 39 ståndskogslikvid
1524 965 58 20 om
1604 956 71 30 han
1696 965 56 20 av-

250 1008 72 27 står
343 1006 101 28 mark
465 1005 78 29 med
564 1006 159 29 växande
747 1006 83 38 skog
853 1008 86 27 utan
962 1007 49 28 att
1033 1006 10 28 i
1065 1006 120 38 utbyte
1208 1005 37 30 få
1265 1006 111 33 mark,
1397 1005 85 30 varå
1501 1006 70 29 den
1594 1006 157 30 växande

249 1054 130 40 skogen
399 1055 134 39 uppgår
550 1055 51 29 till
621 1064 136 20 samma
774 1055 209 39 myckenhet
1000 1055 82 29 eller
1099 1055 106 29 värde
1223 1064 74 20 som
1314 1055 44 39 på
1376 1055 57 29 det
1450 1055 11 29 i
1477 1055 120 39 utbyte
1615 1055 133 29 lämna-

250 1106 40 29 de
308 1106 168 30 området.
496 1107 48 28 De
563 1106 200 39 föreslagna
781 1106 208 39 åtgärderna
1007 1106 59 39 går
1083 1106 44 29 bl.
1146 1116 30 19 a.
1195 1109 38 27 ut
1252 1106 44 39 på
1313 1108 50 28 att
1381 1106 121 39 medge
1519 1114 231 32 gynnsamma

248 1157 222 38 möjligheter
495 1157 51 29 till
573 1156 130 39 avdrag
729 1156 55 30 för
807 1156 311 39 värdeminskning
1145 1165 41 20 av
1213 1157 95 38 skog.
1335 1158 12 28 I
1375 1156 98 39 fråga
1499 1166 56 20 om
1582 1156 67 30 den
1673 1166 77 20 som

247 1209 128 27 mottar
402 1207 320 39 ståndskogslikvid
750 1207 261 30 åstadkommes
1037 1207 95 29 detta
1156 1207 107 39 enligt
1289 1206 165 40 förslaget
1480 1215 123 30 genom
1630 1216 42 20 en
1698 1209 53 27 ut-

249 1257 147 40 trycklig
417 1258 243 29 bestämmelse
682 1257 10 29 i
714 1257 426 39 kommunalskattelagen
1162 1259 49 27 att
1234 1257 320 39 ståndskogslikvid
1577 1257 89 30 skall
1687 1257 64 29 lik-

249 1309 119 28 ställas
388 1308 78 29 med
485 1308 114 29 intäkt
619 1318 43 19 av
681 1308 84 37 skog
786 1317 73 20 som
879 1310 154 36 avyttras
1052 1307 11 29 i
1083 1307 170 30 samband
1273 1307 78 30 med
1370 1308 156 29 marken.

291 1358 176 30 Utskottet
483 1359 157 28 ansluter
656 1358 51 39 sig
722 1358 51 30 till
791 1357 406 40 departementschefens
1214 1357 227 40 uppfattning
1458 1360 50 27 att
1524 1357 226 39 ståndskogs-

246 1408 109 29 fikvid
374 1408 62 30 bör
455 1408 167 30 hänföras
642 1409 52 29 till
716 1409 114 29 intäkt
849 1418 42 20 av
911 1408 85 39 skog
1015 1408 11 29 i
1046 1408 170 29 samband
1237 1409 78 28 med
1335 1408 175 39 avyttring
1530 1417 41 20 av
1590 1408 157 29 marken.

249 1458 136 39 Frågan
404 1468 56 19 om
477 1458 464 40 värdeminskningsavdrag
959 1458 54 30 för
1031 1458 66 30 den
1116 1459 96 39 skog,
1232 1458 54 30 för
1303 1458 117 30 vilken
1440 1458 312 39 ståndskogslikvi-

248 1508 66 29 den
337 1510 102 37 utgör
462 1509 204 39 ersättning,
692 1509 54 29 får
769 1509 203 39 härigenom
995 1518 42 20 en
1061 1509 127 39 smidig
1211 1509 138 39 lösning
1372 1509 65 29 och
1459 1509 118 29 vidare
1601 1509 150 29 erhålles

245 1559 347 29 överensstämmelse
612 1559 80 29 med
710 1559 66 30 vad
797 1568 73 21 som
891 1559 146 30 föreslås
1056 1560 98 29 skola
1176 1560 91 38 gälla
1285 1559 222 30 beträffande
1527 1559 222 39 skogsintäkt

248 1609 11 28 i
277 1609 170 29 samband
465 1609 78 29 med
561 1609 474 39 nyttjanderättsupplåtelse
1053 1609 54 30 för
1126 1609 271 39 framdragande
1416 1619 42 20 av
1474 1610 65 39 väg
1556 1619 29 20 o.
1606 1610 68 38 dyl.
1694 1609 58 31 Så-

247 1668 74 19 som
349 1658 213 30 framhållits
589 1659 12 28 i
628 1659 262 38 propositionen
920 1660 38 28 är
983 1659 79 29 med
1090 1659 167 39 förslaget
1284 1659 166 29 förenade
1477 1659 93 29 vissa
1596 1659 152 39 tillämp-

248 1708 328 40 ningssvårigheter,
599 1709 128 30 främst
749 1710 346 39 sammanhängande
1119 1710 80 29 med
1220 1710 239 39 beräkningen
1482 1719 41 21 av
1545 1710 129 39 avdrag
1697 1709 55 30 för

247 1759 102 39 skogs
369 1759 323 40 värdeminskning.
713 1761 64 29 Det
798 1760 70 29 kan
888 1760 121 29 därför
1027 1778 44 3 —
1091 1760 116 30 såsom
1229 1761 85 29 även
1335 1760 206 30 förutsättes
1561 1760 11 29 i
1592 1760 158 40 proposi-

245 1808 118 30 tionen
379 1828 45 2 —
440 1809 46 29 bli
504 1810 215 39 nödvändigt
738 1812 49 27 att
804 1810 57 29 vid
878 1810 269 39 tillämpningen
1165 1820 42 20 av
1225 1811 41 30 de
1283 1810 93 30 olika
1394 1811 355 39 avdragsmetoderna

247 1858 10 29 i
279 1859 70 30 viss
373 1859 244 40 utsträckning
642 1860 105 39 godta
770 1860 321 40 schablonmässiga
1116 1861 245 39 beräkningar.
1385 1862 64 29 Det
1473 1861 62 30 bör
1559 1862 191 29 anmärkas

245 1911 50 27 att
314 1909 322 39 ståndskogslikvid
655 1910 11 29 i
686 1910 191 30 allmänhet
896 1910 72 30 inte
987 1912 101 38 utgör
1107 1911 195 39 ersättning
1322 1911 54 30 för
1394 1911 121 30 värdet
1535 1921 41 20 av
1596 1912 44 29 all
1663 1912 85 38 skog

247 1959 20 29 å
288 1959 57 30 det
367 1960 158 29 avskilda
548 1960 160 30 området
729 1962 85 27 utan
836 1960 124 30 endast
984 1961 54 30 för
1058 1961 68 30 den
1148 1961 54 29 del
1226 1971 41 20 av
1287 1962 121 29 värdet
1432 1971 74 20 som
1528 1962 71 29 inte
1622 1964 128 28 ersatts

246 2009 80 30 med
349 2010 246 30 markområde
619 2011 66 28 och
711 2011 84 29 därå
817 2011 159 30 växande
1001 2012 94 39 skog.
1122 2013 12 28 I
1160 2011 134 30 sådana
1318 2011 61 30 fall
1404 2012 62 30 bör
1489 2012 194 39 beräkning
1708 2021 41 20 av

244 2059 464 41 värdeminskningsavdrag
728 2061 143 39 givetvis
892 2061 61 30 ske
972 2062 79 29 med
1071 2062 266 39 utgångspunkt
1357 2062 80 30 från
1457 2064 50 28 att
1527 2063 57 29 det
1603 2062 88 30 blott
1710 2063 39 29 är

246 2110 181 29 tillväxten
452 2111 19 29 å
496 2111 84 39 skog
605 2120 75 20 som
708 2120 119 21 svarar
850 2114 74 27 mot
948 2112 154 29 nämnda
1127 2112 54 30 del
1207 2122 74 20 som
1307 2122 98 20 avses
1431 2113 98 29 skola
1553 2112 129 31 träffas
1707 2122 41 20 av

244 2160 235 40 beskattning.

289 2210 226 30 Beträffande
538 2210 302 40 fastighetsägare,
863 2221 75 20 som
963 2212 137 40 ålägges
1123 2214 80 38 utge
1227 2213 332 40 ståndskogslikvid,
1581 2214 70 29 kan
1675 2214 72 30 ofta

246 2261 213 38 svårigheter
486 2261 167 40 föreligga
679 2264 50 27 att
757 2262 118 30 skaffa
900 2262 122 30 härför
1048 2263 229 39 erforderliga
1302 2264 123 30 medel.
1453 2264 67 30 Vill
1548 2263 200 41 fastighets-

245 2311 127 39 ägaren
391 2310 190 31 finansiera
601 2311 156 30 likviden
776 2320 124 31 genom
920 2313 205 39 skogsuttag
1144 2313 45 39 på
1209 2313 57 30 det
1285 2314 152 34 område,
1457 2323 74 20 som
1551 2314 197 31 förvärvats

243 2363 71 27 mot
334 2361 381 38 ståndskogslikvidens
734 2363 214 37 erläggande,
967 2363 108 30 måste
1094 2364 69 29 han
1184 2364 105 37 enligt
1310 2365 54 29 för
1384 2365 214 30 närvarande
1619 2366 129 37 gällan-

245 2410 42 32 de
309 2411 111 39 regler
444 2412 110 29 räkna
578 2412 80 29 med
684 2414 50 28 att
759 2413 265 39 skogsintäkten
1049 2414 72 29 helt
1145 2414 84 30 eller
1254 2414 108 30 delvis
1385 2415 67 28 blir
1476 2414 195 31 beskattad.
1696 2415 51 29 Då

244 2460 94 31 detta
355 2464 132 27 ansetts
503 2462 349 32 otillfredsställande
869 2463 147 30 föreslås
1032 2464 11 29 i
1060 2464 263 39 propositionen
1339 2465 263 31 bestämmelser
1619 2475 42 20 av
1679 2466 66 29 den

243 2511 215 30 innebörden
477 2514 49 28 att
542 2512 316 39 fastighetsägaren
874 2514 11 29 i
901 2514 137 39 angivet
1055 2514 61 29 fall
1134 2514 141 40 medges
1292 2515 127 39 avdrag
1437 2515 53 29 för
1505 2516 242 30 värdeminsk-
