1878 2806
388 155 406 41 Bevillningsutskottets
817 160 220 34 betänkande
1058 172 43 20 nr
1122 164 42 30 43
1185 164 39 30 år
1246 165 85 30 1959
1575 170 37 29 15

243 238 145 40 (Kungl.
408 240 126 40 Maj:ts
552 240 152 41 förslag)
1052 247 214 33 (Utskottets
1285 249 151 41 förslag)

153 321 65 30 Det
239 321 54 31 för
312 341 44 3 -—
374 341 45 3 —
503 324 39 30 10
555 325 62 30 200
638 326 140 30 kronor.
927 330 65 29 Det
1014 330 53 29 för
1086 349 44 3 —
1149 349 44 3 —
1211 350 43 4 -—
1278 333 37 30 10
1330 333 63 32 200
1414 335 141 30 kronor.

155 363 231 40 Exempel
428 366 19 29 å
486 385 45 3 —
568 385 45 4 —
648 387 45 3 —
733 369 9 29 i
782 369 62 30 in-
929 372 231 40 Exempel
1211 374 10 30 å
1260 394 44 3 —
1342 394 45 4 —
1422 396 46 3 —
1506 378 11 29 i
1557 378 62 30 in-

109 401 330 49 gångsvärde:
883 413 330 39 sångsvärde:

152 448 36 28 B.
208 447 164 40 försäljer
387 468 45 3 —
446 468 44 3 —
505 469 43 3 —
568 452 37 30 10
620 452 63 30 000
702 453 140 30 kronor.
927 456 36 29 B.
983 456 164 40 försäljer
1162 476 44 3 —
1220 477 45 3 -—
1278 478 45 2 —
1342 461 38 29 10
1395 461 62 30 000
1476 462 140 30 kronor.

153 489 273 40 Ingångsvärdet
445 492 64 30 har
529 511 43 3 -—
589 512 43 3 —
649 512 45 4 —-
711 495 57 30 det
787 505 56 20 ur-
927 498 273 39 Ingångsvärdet
1219 501 64 29 har
1302 520 45 3 —
1362 520 45 4 —
1423 521 46 4 —
1485 503 57 31 det
1562 513 56 21 ur-

109 528 211 47 sprungliga.
882 540 212 39 sprungliga.

467 685 37 33 2)
534 688 128 39 antaga
684 688 57 30 det
763 688 58 30 vid
844 691 264 38 propositionen
1132 692 124 41 fogade
1280 694 168 42 förslaget
1471 697 51 30 till
1547 697 71 31 för-

421 735 150 41 ordning
595 738 179 39 angående
799 740 136 30 ändrad
959 742 131 39 lydelse
1115 752 42 21 av
1182 744 18 30 2
1228 745 16 37 8
1271 745 253 42 förordningen
1548 748 67 31 den

421 786 40 30 27
485 795 96 22 mars
605 787 84 31 1954
717 789 58 34 (nr
801 790 79 35 142)
908 800 58 21 om
988 793 159 40 taxering
1171 794 55 30 för
1248 795 156 32 inkomst
1428 807 42 20 av
1492 799 124 34 medel,

421 845 74 21 som
516 836 126 32 insatts
665 839 20 30 å
705 840 231 40 skogskonto;
960 845 91 28 samt

464 887 37 34 3)
532 890 126 38 antaga
681 890 58 30 det
761 891 58 29 vid
843 893 264 39 propositionen
1131 895 125 40 fogade
1280 896 166 42 förslaget
1470 900 52 29 till
1547 900 70 30 för-

419 937 151 41 ordning
591 948 56 20 om
670 941 160 39 uppskov
852 943 10 28 i
884 943 95 30 vissa
1002 943 61 31 fall
1086 945 79 30 med
1188 946 225 42 beskattning
1436 959 42 20 av
1500 950 116 31 intäkt

422 996 43 21 av
485 988 206 40 skogsbruk.

155 1085 201 30 Stockholm
380 1087 67 29 den
471 1088 38 30 16
531 1089 87 39 april
643 1090 83 31 1959

540 1190 49 29 På
609 1190 401 42 bevillningsutskottets
1031 1197 146 39 vägnar:

684 1275 116 31 JOHN
825 1278 214 31 ERICSSON

735 1452 243 31 Närvarande:

150 1510 81 31 från
269 1511 168 32 första
471 1514 222 33 kammaren:
715 1517 123 31 herrar
857 1520 181 38 Eriksson,
1062 1523 147 39 Snygg",
1230 1525 110 39 Spetz,
1361 1527 164 36 Jansson,
1547 1530 64 29 Os-

105 1561 59 21 car
182 1553 175 36 Carlsson,
376 1555 192 40 Wolgast",
587 1558 231 37 Kronstrand,
837 1562 192 35 Wirmark,
1049 1564 191 31 Mattsson”
1262 1568 65 29 och
1347 1568 126 31 Gustaf
1492 1571 117 40 Henry

107 1594 200 38 Hansson";
330 1600 92 27 samt

151 1652 81 31 från
266 1655 156 30 andra
456 1657 221 33 kammaren:
703 1660 122 31 herrar
849 1663 165 31 Ericsson
1038 1665 10 29 i
1072 1666 126 36 Kinna,
1223 1669 133 30 Brandt
1379 1670 12 29 i
1415 1667 197 50 Aspabruk,

105 1694 140 31 Nilsson
260 1696 12 29 i
288 1698 134 35 Svalöv,
437 1699 173 41 Kollberg,
627 1702 130 35 Allard,
776 1703 195 40 Vigelsbo",
988 1707 224 37 Kärrlander,
1229 1711 202 31 Andersson
1447 1713 11 29 i
1475 1710 137 43 Essvik,

107 1737 165 40 Stenberg
292 1739 65 29 och
380 1740 218 33 Stiernstedt.

152 1796 10 9 "
186 1796 64 25 Icke
267 1799 132 24 närvarit
417 1799 48 24 vid
482 1799 147 33 justering
647 1810 35 17 av
700 1802 207 28 betänkandet.

335 2407 96 22 590643
472 2402 166 25 Stockholm
651 2403 75 24 1959.
739 2402 80 24 Isaac
829 2403 113 23 Marcus
952 2403 187 31 Boktryckeri
1152 2403 170 31 Aktiebolag
