2184 2638
713 164 274 33 PBankoutskottets
1011 166 164 31 utlåtande
1198 166 53 31 Nr
1273 167 53 30 44.
1744 167 38 31 15

350 251 255 51 Utredningen
645 255 12 34 i
698 254 150 36 ärendet
887 255 197 35 återfinnes
1123 255 13 34 i
1176 254 251 36 ovanberörda
1453 255 370 48 statsrådsprotokoll,

215 303 57 35 till
297 303 113 36 vilket
438 305 180 35 utskottet
646 304 57 36 får
731 305 161 35 hänvisa.

352 353 196 45 Utskottet,
578 368 79 23 som
684 356 80 35 icke
792 355 124 36 funnit
944 355 201 48 anledning
1171 356 57 35 till
1255 357 148 34 erinran
1432 362 76 30 mot
1537 356 133 48 Kungl.
1700 356 123 49 Maj:ts

213 403 149 49 förslag,
391 383 223 67 hemställer,

752 479 54 30 att
833 474 197 48 riksdagen
1059 478 59 32 må
1136 473 129 37 bifalla
1283 474 280 48 ifrågavarande
1581 477 242 47 proposition.

352 571 98 48 16:0)
491 574 17 35 I
548 588 45 22 en
620 575 57 34 till
704 575 196 46 riksdagen
929 576 71 35 den
1032 578 43 33 12
1105 589 96 22 mars
1228 577 144 35 avlåten
1401 577 240 47 proposition,
1670 590 43 22 nr
1741 577 166 45 252,-4ng.
1890 576 146 61 poor

216 624 67 35 har
323 624 136 43 Kungl.
488 625 105 48 Maj:t
634 625 193 48 föreslagit
858 627 197 46 riksdagen
1088 627 178 46 medgiva,
1295 632 54 30 att
1376 628 275 35 vaktmästaren
1679 628 63 36 vid
1769 630 55 34 in-
1860 610 148 60 ära

214 676 147 34 stitutet
389 676 66 34 och
484 674 188 37 förskolan
699 676 59 36 för
771 654 139 58 blinda
937 681 20 32 &
983 656 228 57 Tomteboda
1236 679 121 35 Johan
1386 679 163 36 Larsson
1576 682 60 32 må
1655 677 83 37 från
1757 679 66 36 och
1834 678 129 60 Foken
1936 677 99 61 pe

215 725 83 35 med
326 726 181 35 månaden
535 731 82 30 näst
643 726 97 37 efter
766 727 83 43 den,
879 728 120 35 under
1026 729 124 35 vilken
1179 728 69 36 han
1276 732 110 45 avgår
1413 728 83 36 från
1524 730 56 35 sin
1600 729 222 48 befattning,

214 776 118 35 under
369 777 56 34 sin
468 777 231 36 återstående
738 777 124 36 livstid
904 779 169 47 uppbära
1111 782 21 32 å
1171 760 186 55 allmänna
1383 779 367 48 indragningsstaten
1778 794 45 22 en

215 827 94 47 årlig
335 828 154 45 pension
518 840 44 23 av
593 829 106 42 1,200
728 829 145 34 kronor.

351 877 71 35 Till
463 878 81 34 stöd
581 855 58 58 för
679 877 324 50 framställningen
1035 880 176 48 åberopas
1239 882 276 46 propositionen
1542 881 117 47 bilagt
1688 881 135 47 utdrag

213 940 45 22 av
298 928 402 47 statsrådsprotokollet
733 936 86 28 över
846 909 395 57 ecklesiastikärenden
1268 930 59 36 för
1354 944 94 23 ovan
1475 932 159 47 angivna
1657 931 81 49 dag,
1767 913 57 54 till

213 978 114 35 vilket
355 979 183 34 utskottet
566 979 138 35 tillåter
731 980 56 47 sig
813 980 163 36 hänvisa.

348 1028 51 36 På
438 1029 122 47 grund
588 1042 43 22 av
657 1030 69 35 vad
754 1032 13 33 i
794 1031 404 48 statsrådsprotokollet
1224 1031 151 45 anförts,
1405 1032 66 35 har
1497 1033 181 35 utskottet
1704 1038 120 30 ansett

214 1079 58 47 sig
298 1078 88 36 böra
413 1059 121 69 tillsty
536 1081 65 34 rka
629 1079 103 37 bifall
759 1081 58 35 till
845 1081 134 49 Kungl.
1008 1081 123 48 Maj:ts
1158 1081 139 49 förslag
1324 1083 68 36 och
1421 1084 211 35 hemställer
1658 1083 110 49 förty,

751 1186 54 31 att
844 1181 239 37 förevarande
1123 1185 228 46 proposition
1392 1197 45 22 nr
1465 1186 70 34 252
1577 1188 59 32 må
1663 1198 44 23 av
1733 1185 91 35 riks-

617 1231 119 48 dagen
764 1232 156 35 bifallas.

349 1330 212 37 Stockholm
590 1331 71 37 den
690 1334 45 34 23
764 1334 94 47 april
889 1335 106 34 1920.

730 1483 51 36 På
808 1484 320 37 bankoutskottets
1154 1493 151 41 vägnar:

777 1584 166 37 MALTE
971 1584 286 39 SOMMELIUS.

500 2200 150 24 Stockholm
671 2200 73 25 1920.
780 2202 109 31 Kungl.
908 2202 246 32 Boktryckeriet,
1174 2204 26 23 P.
1221 2205 30 24 A.
1270 2205 123 24 Norstedt
1412 2209 19 21 &
1451 2206 89 25 Söner.

969 2248 98 21 201846
