1866 2788
268 146 19 29 8
610 147 109 27 Andra
742 148 217 34 lagutskottets
984 152 162 26 utlåtande
1168 161 40 18 nr
1230 153 36 27 27
1288 154 37 26 år
1347 155 75 27 1955

324 223 66 30 Det
415 224 11 29 i
453 225 217 31 motionerna
699 229 150 29 avsedda
877 230 132 29 arbetet
1034 232 81 29 med
1142 232 202 31 smittämne
1370 234 59 30 vid
1452 235 307 41 bakteriologiskt-

268 275 205 40 virologiskt
511 279 251 31 laboratorium
800 282 37 29 är
865 282 115 30 såsom
1004 283 159 40 framgår
1190 295 42 20 av
1258 286 41 29 de
1326 296 42 20 av
1395 284 361 48 medicinalstyrelsen

268 330 64 29 och
359 331 133 29 statens
517 331 294 41 bakteriologiska
839 335 250 31 laboratorium
1115 338 52 29 till
1194 339 169 30 utskottet
1390 341 147 38 avgivna
1562 343 195 39 remissytt-

268 383 156 30 randena
447 384 140 31 förenat
614 387 80 29 med
722 396 42 20 en
790 387 76 30 icke
893 388 175 40 obetydlig
1095 391 279 31 infektionsrisk.
1411 394 5 28 I
1444 394 219 31 motionerna
1691 397 65 29 har

267 435 152 30 lämnats
455 438 91 29 vissa
581 439 188 39 uppgifter,
806 450 41 20 av
870 441 93 30 vilka
989 452 102 29 synes
1117 443 136 40 framgå
1278 447 49 28 att
1351 447 278 40 översjuklighet
1654 449 101 30 råder

266 488 105 31 bland
391 490 67 29 den
475 493 171 37 personal,
666 502 73 20 som
758 495 37 28 är
814 495 180 38 sysselsatt
1012 497 78 29 med
1109 497 327 32 laboratoriearbete
1455 510 41 19 av
1515 510 82 30 nyss
1616 503 137 39 angivet

267 541 82 40 slag.
371 543 65 29 Det
457 543 164 31 framstår
644 545 54 30 för
718 547 169 30 utskottet
908 557 74 20 som
1002 551 180 38 angeläget
1203 553 51 27 att
1272 551 161 40 åtgärder
1453 554 155 39 vidtages
1628 555 55 30 för
1704 557 50 29 att

266 594 9 28 i
301 596 128 31 största
465 597 143 39 möjliga
641 600 247 40 utsträckning
914 602 198 40 undanröja
1138 604 158 30 riskerna
1317 605 59 30 för
1401 607 122 30 ohälsa
1545 608 59 30 vid
1625 609 129 30 sådant

265 648 127 30 arbete.

320 711 65 29 Det
404 710 235 41 föreliggande
659 714 402 39 utredningsmaterialet
1080 718 64 29 har
1164 719 75 29 icke
1257 719 82 39 givit
1360 721 170 30 utskottet
1550 722 203 40 tillräckligt

264 763 170 40 underlag
458 764 54 29 för
535 767 46 27 ett
607 767 117 29 säkert
748 768 215 31 bedömande
988 780 42 19 av
1052 771 93 29 vilka
1171 771 160 39 åtgärder
1357 783 73 19 som
1454 774 78 30 bäst
1555 776 40 28 är
1618 777 133 38 ägnade

264 817 49 28 att
336 817 182 38 tillgodose
541 819 95 29 detta
660 820 99 39 syfte.
784 821 174 30 Utskottet
978 822 119 31 finner
1121 825 57 28 det
1201 825 119 29 därför
1343 827 168 29 önskvärt
1534 830 50 27 att
1608 838 43 19 en
1674 831 78 28 när-

263 878 95 21 mare
378 871 187 40 utredning
584 872 159 31 kommer
763 873 49 30 till
834 874 103 31 stånd
955 877 148 29 rörande
1124 877 124 39 frågan
1267 887 56 20 om
1343 880 42 29 de
1405 880 160 39 åtgärder
1586 891 75 20 som
1680 883 70 29 kan

263 931 81 21 vara
369 923 224 41 erforderliga
619 926 54 29 för
697 929 48 27 att
770 927 142 30 komma
935 928 50 30 till
1009 931 92 28 rätta
1125 932 78 28 med
1227 932 40 28 de
1291 933 173 30 särskilda
1487 934 263 31 hälsoriskerna

263 975 53 30 för
346 976 267 39 ifrågavarande
643 979 382 41 laboratoriepersonal.
1056 983 77 30 Med
1162 984 139 39 hänsyn
1331 985 52 30 till
1412 987 66 29 vad
1507 987 11 29 i
1548 988 202 30 medicinal-

263 1030 189 37 styrelsens
472 1032 161 36 yttrande
655 1032 137 30 anförts
810 1043 60 20 om
891 1036 50 27 att
961 1036 85 28 även
1068 1036 329 32 laboratoriearbete
1418 1048 41 20 av
1480 1042 108 27 annat
1611 1041 72 39 slag
1705 1043 45 28 än

262 1081 124 31 sådant
414 1092 74 20 som
514 1084 132 30 utföres
675 1085 57 30 vid
757 1086 508 43 bakteriologiskt-virologiskt
1292 1092 251 30 laboratorium
1570 1094 71 29 kan
1666 1104 83 20 vara

261 1135 205 40 förknippat
489 1138 78 29 med
590 1138 179 40 allvarliga
792 1140 213 30 hälsorisker
1027 1142 59 30 vill
1109 1143 170 30 utskottet
1302 1145 89 29 även
1412 1146 110 29 uttala
1546 1147 57 29 det
1625 1148 124 29 önske-

261 1188 115 34 målet,
404 1191 49 28 att
491 1191 233 39 utredningen
762 1193 106 29 måtte
906 1194 147 32 omfatta
1080 1196 62 29 allt
1168 1197 93 38 slags
1288 1198 328 31 laboratoriearbete
1644 1201 9 29 i
1680 1202 68 29 den

259 1242 262 40 vetenskapliga
539 1244 259 39 forskningens,
816 1246 98 39 sjuk-
931 1248 63 29 och
1013 1249 250 30 hälsovårdens
1283 1253 90 27 samt
1391 1251 216 32 industriens
1626 1254 121 39 tjänst,

260 1294 61 31 där
342 1296 133 29 arbetet
496 1298 38 28 är
554 1297 138 31 förenat
713 1300 77 29 med
812 1300 150 30 särskild
984 1301 185 31 hälsorisk.

314 1348 170 40 Slutligen
510 1350 57 30 må
591 1351 207 31 framhållas
823 1353 284 31 önskvärdheten
1131 1365 43 20 av
1198 1358 50 28 att
1273 1358 234 39 utredningen
1532 1359 108 30 måtte
1664 1370 83 21 vara

259 1401 231 32 oförhindrad
518 1405 59 32 att,
612 1405 4 28 i
645 1405 69 29 den
743 1406 83 29 mån
854 1408 250 39 utredningens
1135 1410 139 39 slutliga
1305 1411 336 40 ställningstagande
1671 1413 75 30 icke

258 1454 205 39 härigenom
487 1457 202 40 föregripes,
716 1459 222 31 beträffande
963 1461 40 29 de
1029 1462 9 28 i
1065 1462 220 31 motionerna
1309 1464 147 30 berörda
1482 1465 265 40 arbetstagarna

259 1507 183 40 framlägga
488 1511 40 28 de
564 1511 131 39 förslag
720 1512 113 30 vartill
858 1514 232 40 utredningen
1114 1516 70 29 kan
1204 1516 185 31 föranleda
1413 1519 86 28 utan
1523 1520 51 28 att
1596 1520 150 29 avvakta

259 1561 234 31 slutförandet
519 1573 40 19 av
586 1565 234 39 utredningen
846 1566 9 28 i
882 1567 120 39 övrigt.
1028 1568 133 30 Härvid
1186 1569 61 30 bör
1274 1570 123 39 frågan
1423 1580 57 20 om
1508 1572 161 39 förlängd
1697 1582 49 20 se-

258 1616 128 28 mester
414 1616 54 29 för
494 1617 100 29 dessa
622 1618 235 40 arbetstagare
884 1623 171 37 upptagas
1083 1622 52 30 till
1164 1624 151 30 särskild
1337 1625 226 41 behandling.

313 1668 46 29 På
381 1670 113 36 grund
514 1680 41 19 av
575 1672 66 29 vad
663 1671 145 30 sålunda
831 1673 134 30 anförts
987 1674 53 30 får
1061 1676 170 29 utskottet
1251 1677 195 35 hemställa,

565 1743 50 28 att
641 1742 188 40 riksdagen
854 1744 9 29 i
891 1745 189 40 anledning
1105 1756 42 20 av
1171 1747 230 32 förevarande
1427 1750 183 35 motioner,
1636 1752 29 29 I:
1683 1752 61 29 170

521 1795 63 29 och
607 1795 45 29 II:
669 1795 74 34 204,
766 1796 107 31 måtte
894 1798 63 29 hos
980 1799 125 39 Kungl.
1128 1800 106 39 Maj:t
1255 1801 142 30 anhålla
1418 1804 49 28 att
1489 1803 126 40 Kungl.
1639 1805 105 39 Maj:t

521 1847 106 30 måtte
652 1848 210 32 föranstalta
889 1860 56 20 om
972 1853 188 39 utredning
1186 1855 147 29 rörande
1360 1856 41 29 de
1428 1856 215 30 hälsorisker
1669 1867 74 21 som

517 1901 12 29 i
558 1901 94 30 vissa
680 1902 61 30 fall
769 1904 38 28 är
836 1903 164 31 förenade
1029 1907 80 29 med
1138 1907 327 31 laboratoriearbete
1493 1910 9 28 i
1531 1910 69 29 den
1627 1913 117 27 veten-

521 1954 158 40 skapliga
722 1956 257 39 forskningens,
1022 1959 97 39 sjuk-
1161 1961 64 28 och
1266 1961 251 31 hälsovårdens
1560 1966 90 27 samt
1691 1965 52 29 in-

520 2008 176 29 dustriens
735 2009 110 39 tjänst
882 2011 164 30 ävensom
1072 2012 10 29 i
1110 2012 98 39 fråga
1234 2022 56 20 om
1317 2015 42 29 de
1385 2015 170 39 åtgärder,
1584 2026 75 20 som
1685 2018 58 29 må

519 2060 121 30 kunna
667 2062 157 39 vidtagas
852 2063 54 30 för
933 2065 268 39 undanröjande
1229 2076 42 20 av
1296 2068 101 30 dessa
1424 2068 123 35 risker,
1575 2072 91 27 samt
1692 2072 50 28 att

519 2113 125 40 Kungl.
665 2115 106 39 Maj:t
790 2116 107 29 måtte
918 2117 261 40 för-riksdagen
1200 2119 193 40 framlägga
1414 2122 39 29 de
1475 2122 131 40 förslag
1625 2124 116 29 vartill

518 2167 232 39 utredningen
773 2169 70 29 kan
865 2169 74 38 giva
962 2171 199 38 anledning.

307 2235 202 29 Stockholm
534 2237 67 29 den
628 2238 13 28 1
671 2239 89 38 april
787 2239 82 30 1955

683 2327 46 29 På
755 2328 109 29 andra
890 2329 245 38 lagutskottets
1161 2332 144 37 vägnar:

817 2417 138 29 DAVID
981 2417 190 31 NORMAN
