1935 2829
235 208 41 31 24
506 198 452 36 Konstitutionsutskottets
980 192 178 33 uiiålande
1179 201 42 21 nr
1241 191 42 31 39
1303 190 39 31 år
1364 188 83 31 1970

278 289 73 30 dels
377 289 115 29 såsom
516 285 138 32 vilande
678 284 54 30 för
756 280 212 40 behandling
992 280 10 30 i
1028 275 283 43 grundlagsenlig
1335 272 149 39 ordning
1507 271 127 38 antaga
1657 267 65 31 föl-

236 345 104 40 jande
360 343 129 41 lydelse
510 351 42 20 av
571 335 501 46 tryckfrihetsförordningens
1094 332 16 30 7
1131 332 80 39 kap.
1232 329 19 30 4
1274 329 14 38 $
1311 329 111 29 första
1442 325 145 41 stycket,
1607 322 116 42 punkt

237 400 48 34 13,
306 398 177 40 nämligen
504 396 112 30 »brott
636 395 72 29 mot
727 389 318 42 religionsfriheten
1066 395 124 32 genom
1210 382 209 42 skymfande
1440 391 42 20 av
1501 380 124 30 sådant
1645 386 77 21 som

234 454 107 39 enligt
364 460 136 22 annans
522 447 302 41 trosuppfattning
846 445 110 29 hålles
978 443 138 39 heligt>,

281 507 72 30 dels
372 507 54 29 för
445 506 53 30 sin
516 505 54 29 del
588 505 126 37 antaga
731 499 157 42 följande
906 497 129 41 lydelse
1053 506 42 20 av
1110 492 259 33 brottsbalkens
1390 490 38 30 16
1445 491 80 38 kap.
1543 488 18 30 9
1582 488 26 37 $,
1626 487 99 29 näm-

235 564 108 38 ligen:
370 562 94 29 »Den
489 569 74 21 som
585 559 12 29 i
620 557 87 30 strid
730 557 72 28 mot
825 555 115 29 rätten
962 552 53 30 till
1037 547 274 43 religionsfrihet
1334 544 207 40 offentligen
1564 541 160 41 skymfar

237 617 125 30 sådant
391 624 74 21 som
493 613 106 39 enligt
627 620 137 22 annans
790 606 303 42 trosuppfattning
1119 603 110 31 hålles
1256 601 117 39 heligt,
1402 599 120 30 dömes
1549 597 54 30 för
1630 596 94 29 brott

237 674 73 28 mot
328 668 320 41 religionsfriheten
666 666 53 30 till
737 665 98 30 böter
854 663 82 30 eller
956 660 154 40 fängelse
1129 659 11 30 i
1159 658 101 38 högst
1280 665 59 21 sex
1358 653 198 34 månader>,

284 725 72 30 dels
374 734 75 20 som
466 723 89 39 följd
571 722 110 29 härav
696 720 55 30 för
768 719 53 30 sin
837 718 55 29 del
907 716 137 30 besluta
1060 715 49 29 att
1127 713 39 29 16
1183 712 79 39 kap.
1279 710 19 30 8
1314 720 20 20 a
1352 709 15 38 $
1384 706 240 33 brottsbalken
1641 704 87 30 fort-

240 780 145 31 farande
405 778 88 31 skall
511 778 46 28 ha
575 776 114 30 denna
706 772 240 39 beteckning>.

995 878 26 25 5.

846 923 95 27 1:1235
955 922 52 26 och
1018 921 110 26 II:1443

284 985 213 30 Motionärer
521 984 37 29 är
581 983 12 29 i
614 982 111 40 första
748 981 221 29 kammaren:
994 976 121 30 herrar
1140 973 203 31 Svanström
1366 970 64 30 och
1452 969 80 29 Eric
1555 967 173 32 Carlsson,

242 1042 106 28 Ernst
371 1040 55 29 W.
451 1038 128 30 Olsson
603 1037 90 29 samt
716 1035 74 29 Nils
813 1033 141 29 Nilsson
983 1030 85 35 (alla
1091 1028 74 40 cp).
1190 1028 13 29 I
1227 1025 110 31 andra
1361 1025 222 29 kammaren:
1608 1020 121 29 herrar

242 1094 139 31 Fälldin
396 1093 65 30 och
476 1093 153 29 Larsson
643 1090 12 30 i
670 1090 134 33 Luttra,
820 1085 180 32 Dockered
1016 1085 90 29 samt
1122 1083 57 30 fru
1194 1081 138 39 Jonäng
1353 1078 85 35 (alla
1452 1077 74 40 cp).

287 1147 218 30 Hemställan
532 1153 114 22 avser:
676 1145 71 28 »att
772 1142 189 38 riksdagen
984 1139 59 30 vid
1070 1138 54 29 sin
1148 1134 213 39 behandling
1387 1142 42 20 av
1454 1130 126 39 Kungl.
1607 1128 125 39 Maj:ts

244 1201 218 42 proposition
480 1199 98 31 1970:
597 1198 58 30 125
672 1197 107 30 måtte
794 1195 137 30 besluta

294 1257 27 29 1.
339 1258 52 28 att
408 1255 56 30 TF
482 1255 11 29 i
512 1254 16 30 7
548 1254 80 39 kap.
647 1252 20 29 4
688 1252 14 36 $
722 1250 67 30 vad
807 1258 98 21 avser
923 1248 94 30 brott
1035 1247 73 29 mot
1125 1243 191 31 trosfriden
1335 1250 57 31 ges
1411 1238 157 41 följande
1586 1236 147 41 lydelse:

248 1322 64 18 »—
329 1328 45 4 —
390 1327 45 3 —
453 1309 93 29 brott
567 1308 73 29 mot
658 1303 319 42 religionsfriheten
998 1308 124 33 genom
1143 1296 210 42 skymfande
1373 1304 42 21 av
1436 1293 125 31 sådant
1582 1300 75 22 som
1678 1299 58 20 en-

247 1365 63 39 ligt
327 1372 136 21 annans
480 1359 302 41 trosuppfattning
798 1358 111 29 hålles
925 1356 139 38 heligt>,

296 1418 29 30 2.
351 1419 50 28 att
417 1417 74 29 BrB
511 1415 39 30 16
567 1415 79 39 kap.
664 1414 19 29 9
702 1413 15 36 $
735 1412 67 31 vad
819 1420 98 21 avser
933 1410 94 29 brott
1042 1409 74 29 mot
1132 1404 192 33 trosfriden
1341 1411 57 32 ges
1415 1400 158 41 följande
1589 1398 146 40 lydelse:

251 1484 64 17 >
333 1489 45 4 —
396 1489 45 3 —
462 1470 67 29 den
552 1478 75 21 som
627 1449 23 58 i
682 1466 87 31 strid
791 1467 73 28 mot
884 1465 116 29 rätten
1021 1462 53 30 till
1095 1458 274 42 religionsfrihet
1391 1455 207 39 offentligen
1621 1453 117 39 skym-

250 1527 54 30 far
325 1525 125 31 sådant
469 1533 75 21 som
563 1523 107 38 enligt
689 1529 136 22 annans
846 1516 300 41 trosuppfattning
1164 1514 111 30 hålles
1293 1512 117 39 heligt,
1431 1510 120 29 dömes
1571 1508 54 30 för
1644 1507 95 29 brott

250 1582 74 29 mot
342 1577 320 42 religionsfriheten
680 1575 52 30 till
750 1574 98 30 böter
867 1572 82 30 eller
969 1570 154 40 fängelse
1142 1569 12 29 i
1171 1568 103 39 högst
1294 1575 59 21 sex
1371 1563 198 32 månader.»

997 1688 27 26 6.

856 1734 96 26 1:1236
965 1733 52 26 och
1029 1732 110 26 II:1448

296 1794 213 31 Motionärer
529 1794 38 29 är
587 1793 11 29 i
618 1792 111 40 första
749 1790 223 30 kammaren:
994 1786 121 30 herrar
1137 1785 246 38 Svenungsson
1403 1780 65 31 och
1489 1779 83 29 Karl
1593 1778 148 29 Petters-

254 1861 63 20 son
342 1851 106 34 (båda
467 1849 68 34 m).
555 1849 13 29 I
588 1847 110 30 andra
719 1846 222 30 kammaren:
961 1842 122 30 herrar
1102 1841 147 29 Werner
1269 1837 65 30 och
1352 1835 221 31 Fridolfsson
1591 1834 12 29 i
1623 1832 117 30 Stock-

253 1906 107 33 holm,
384 1904 114 29 Hedin
522 1904 91 28 samt
636 1901 181 29 Oskarson
845 1898 86 34 (alla
953 1896 68 34 m).

297 1957 219 31 Hemställan
538 1964 114 22 avser:
678 1956 70 28 »att
769 1952 188 39 riksdagen
979 1950 107 30 måtte
1108 1950 127 37 antaga
1256 1943 260 32 nedanstående
1538 1941 131 39 förslag
1689 1939 53 30 till

256 2013 135 30 ändrad
409 2011 130 41 lydelse
558 2019 42 20 av
620 2009 16 30 7
657 2009 79 39 kap.
756 2007 20 29 4
805 2007 7 37 $
834 2015 104 21 mom.
960 2004 38 30 13
1017 1998 493 45 tryckfrihetsförordningen.

941 2059 16 29 7
980 2058 80 39 kap.

973 2165 54 36 48

303 2227 79 31 Med
397 2225 197 31 beaktande
611 2233 42 21 av
667 2242 17 3 —
871 2239 18 3 -
1019 2236 46 4 a

261 2282 48 29 13.
336 2279 209 42 skymfande
566 2288 42 20 av
629 2278 124 30 sådant
775 2285 75 21 som
871 2275 106 38 enligt
998 2281 135 22 annans
1153 2268 304 42 trosuppfattning
1475 2267 111 29 hålles
1605 2264 137 39 heligt.>

1006 2392 27 24 7.

958 2436 95 26 I:1242

308 2495 175 31 Motionär
504 2495 39 29 är
563 2494 82 29 herr
667 2493 74 29 Nils
762 2492 141 29 Nilsson
930 2489 91 40 (cp).

306 2548 219 31 Hemställan
550 2556 113 21 avser:
692 2548 71 28 »att
785 2544 190 39 riksdagen
996 2543 59 29 vid
1079 2542 54 29 sin
1155 2539 214 38 behandling
1392 2546 42 21 av
1456 2534 218 43 proposition
1697 2542 53 21 nr.
