2236 2624
764 154 236 42 Lagutskottets
1022 154 165 32 utlåtande
1210 154 53 31 Nr
1287 155 50 30 14.
1771 154 36 30 11

247 234 289 49 ifrågakomma,
567 234 70 36 och
665 233 124 37 denna
817 233 194 48 förfrågan
1039 232 87 37 blev
1155 232 47 36 då
1230 246 46 22 av
1305 245 47 23 en
1381 232 251 36 framstående
1652 231 112 49 jurist
1783 232 70 36 och

247 285 399 58 lagutskottsledamot
664 285 187 37 besvarad
867 285 98 45 med,
987 290 53 31 att
1058 285 85 48 kap.
1173 286 44 34 18
1239 284 21 49 $
1283 287 44 33 13
1349 284 220 49 strafflagen
1589 287 139 33 »måste
1747 284 107 36 ovill-

247 337 174 59 korligen
449 338 97 35 hava
575 337 60 36 sin
664 337 256 49 tillämpning,
950 313 47 59 då
1024 337 251 51 prestationer
1303 336 109 48 givas
1441 339 20 33 å
1491 314 187 58 allmänna
1705 341 146 41 teatrar,

246 390 221 47 varigenom
496 389 85 36 tukt
609 388 71 37 och
709 388 176 36 ärbarhet
914 391 134 33 såras».
1091 381 110 43 Åven
1221 387 72 36 den
1312 388 132 47 kungl.
1466 387 228 47 kungörelse
1715 400 45 23 av
1779 365 74 58 den

248 442 48 35 28
338 440 197 37 december
578 441 111 46 1872,
732 452 140 36 genom
900 439 126 37 vilken
1054 444 305 31 teatercensuren
1387 414 234 78 upphävdes,
1649 439 205 36 hänvisade

246 493 58 36 till
332 491 224 49 strafflagen
584 492 71 36 och
684 491 349 49 ordningsstadgan
1062 491 57 37 för
1145 491 118 36 rikets
1291 490 124 37 städer
1442 493 124 34 såsom
1596 490 258 37 innefattande

246 544 295 47 bestämmelser,
583 544 246 48 »tillämpliga
858 543 10 36 i
897 543 108 48 fråga
1032 556 61 23 om
1123 542 189 37 missbruk
1341 556 45 23 av
1415 542 229 36 dramatiska
1672 542 183 36 föreställ-

246 597 171 47 ningar».
474 595 342 37 Teatercensurens
859 594 244 37 avskaffande
1145 594 140 36 skedde
1313 594 158 36 sålunda
1499 594 120 36 under
1647 594 208 49 uttrycklig

248 647 287 48 förutsättning,
578 652 55 30 att
662 646 221 37 annorledes
912 646 228 49 tillräckliga
1168 645 70 36 och
1267 645 174 36 effektiva
1469 658 124 36 vapen
1620 658 90 23 vore
1738 645 117 48 givna

247 705 79 30 mot
368 698 371 49 sedlighetssårande
781 697 307 48 föreställningar
1116 700 20 33 å
1164 702 200 31 teatrarne.
1422 696 80 37 Och
1542 696 202 48 riksdagen
1785 696 70 36 har

247 750 126 48 aldrig
402 750 127 49 släppt
555 750 145 46 kravet,
730 755 54 30 att
812 755 122 30 staten
962 749 68 36 har
1058 748 96 37 både
1181 749 183 47 rättighet
1392 749 69 35 och
1489 748 98 49 plikt
1616 754 52 30 att
1687 748 168 36 inskrida

247 807 79 31 mot
369 801 152 36 sådana.
577 801 131 36 Redan
750 802 96 35 1869
877 803 58 33 års
964 800 183 36 skrivelse
1176 800 163 49 antydde
1368 799 250 49 möjligheten
1647 813 47 22 av
1722 806 53 29 att
1802 813 54 35 ny

247 853 246 49 lagstiftning
522 852 126 37 kunde
676 852 104 36 bliva
807 851 191 49 behövlig.
1053 851 113 37 Visar
1193 850 61 50 sig
1282 851 73 36 den
1384 864 70 23 ena
1481 855 125 44 vägen
1635 851 82 36 icke
1742 851 113 36 fram-

246 904 158 49 korolig,
435 904 57 36 får
520 904 85 36 med
635 906 42 34 så
704 899 153 72 mycket
884 908 119 32 större
1030 903 104 36 kraft
1162 916 46 23 en
1237 916 124 23 annan
1390 903 122 47 följas.

379 956 60 50 Ty
465 978 51 4 —
544 956 70 36 och
656 955 62 37 det
747 960 41 32 är
815 958 49 46 på
893 956 72 35 alla
993 954 45 38 de
1066 968 51 23 nu
1145 954 156 37 berörda
1331 955 201 35 områdena
1560 954 154 49 frågans
1744 954 111 36 kärn-

246 1008 125 50 punkt
397 1029 51 5 —
477 1013 123 31 staten
642 1008 57 36 får
739 1008 83 36 icke
858 1008 132 57 längre
1018 1006 208 37 åsidosätta
1253 1012 55 31 ett
1335 1006 162 48 kraftigt
1524 1006 224 49 ingripande
1776 1013 79 30 mot

247 1060 71 36 den
360 1060 225 48 tilltagande
626 1059 147 49 sedliga
813 1059 260 48 urartningen.
1129 1058 54 36 På
1223 1058 63 36 det
1315 1057 207 37 materiella
1551 1058 167 36 området
1746 1058 109 36 söker

246 1118 124 30 staten
411 1114 49 46 på
503 1111 101 37 olika
644 1112 165 48 punkter
850 1088 160 71 skydda
1039 1110 82 36 sina
1163 1109 248 49 medborgare
1451 1115 79 30 mot
1557 1109 173 49 skadliga
1759 1110 96 36 före-

246 1164 155 44 teelser;
431 1163 73 36 den
531 1163 141 36 tillåter
700 1163 117 48 ingen
845 1161 281 38 okontrollerad
1155 1161 137 36 handel
1320 1161 83 36 med
1433 1161 124 49 gifter,
1588 1161 149 36 straffar
1764 1161 91 48 gift-

245 1215 208 36 blandaren
490 1214 71 37 och
602 1214 189 36 inskrider
831 1214 214 49 preventivt
1072 1214 12 35 i
1114 1218 139 31 största
1293 1213 157 48 möjliga
1483 1212 267 49 utsträckning
1777 1218 78 30 mot

247 1266 175 49 skadliga
463 1266 90 37 eller
593 1266 269 49 underhaltiga
901 1265 310 49 näringsämnen.
1266 1263 82 37 Den
1389 1264 67 36 vill
1497 1269 95 31 även
1634 1263 220 37 annorledes

246 1318 161 48 kraftigt
435 1317 130 37 arbeta
594 1320 49 46 på
671 1317 231 37 förbättrade
931 1316 228 49 hygieniska
1187 1316 259 36 förhållanden
1474 1316 12 35 i
1515 1315 101 37 olika
1644 1315 210 37 avseenden

246 1370 57 36 till
332 1369 202 36 stärkande
563 1383 46 22 av
638 1368 159 37 släktets
825 1368 143 49 fysiska
996 1368 185 35 livskraft.
1239 1367 16 36 I
1284 1368 217 48 möjligaste
1530 1370 87 32 mån
1646 1367 108 36 söker
1783 1367 71 35 den

247 1427 55 30 att
330 1420 190 50 begränsa
540 1421 69 36 och
628 1420 153 37 hämma
800 1420 296 49 rusdryckernas
1120 1419 112 36 faror.
1274 1419 59 36 En
1353 1419 155 48 religiös
1528 1418 327 58 folkuppfostrans

247 1473 70 37 och
345 1486 47 24 en
421 1473 76 49 god
526 1472 379 49 folkundervisnings
930 1471 211 49 främjande
1161 1471 70 36 har
1251 1470 72 37 den
1343 1448 104 59 ställt
1464 1470 115 37 bland
1599 1470 83 36 sina
1700 1470 157 36 främsta

245 1525 317 47 kulturändamål,
607 1525 80 36 viss
729 1530 54 31 att
824 1524 133 37 endast
990 1523 220 48 därigenom
1240 1525 48 34 nå
1316 1522 45 37 de
1389 1522 243 48 nödvändiga
1661 1522 192 36 förutsätt-

246 1577 190 48 ningarna
481 1576 57 36 för
580 1576 218 36 samhällets
839 1575 168 49 lyckliga
1041 1575 232 48 utveckling.
1330 1573 80 37 Och
1441 1574 57 36 för
1527 1580 54 30 att
1609 1574 122 36 denna
1759 1574 95 36 skall

247 1628 38 36 få
327 1628 126 48 fortgå
494 1628 127 36 ostörd
663 1641 48 22 av
739 1627 247 47 inkräktning
1014 1626 155 48 utifrån,
1199 1626 68 36 har
1295 1626 69 36 den
1395 1625 171 37 alltmera
1597 1626 121 46 börjat
1746 1626 109 35 ställa

246 1680 135 48 frågan
423 1692 61 23 om
527 1680 186 36 försvaret
754 1684 80 31 mot
875 1684 99 43 yttre
1014 1677 143 37 fiender
1199 1680 48 47 på
1275 1677 72 36 den
1375 1677 111 49 plats,
1518 1690 79 23 som
1626 1677 230 36 tillkommer

247 1731 231 36 densamma.
534 1731 87 36 Men
650 1730 73 37 den
753 1736 85 42 stat,
869 1743 80 23 som
978 1732 49 46 på
1056 1729 136 36 sådant
1220 1734 74 31 sätt
1320 1732 48 45 på
1396 1729 62 35 det
1486 1742 70 22 ena
1576 1728 167 36 området
1762 1728 95 36 efter

246 1782 64 36 det
345 1782 117 36 andra
491 1783 148 36 alltmer
667 1782 110 37 söker
804 1760 136 70 främja
967 1781 101 36 olika
1091 1780 322 58 förutsättningar
1440 1780 59 36 för
1526 1780 136 36 folkets
1690 1780 165 49 lyckliga

246 1834 65 46 liv,
353 1834 76 36 kan
470 1839 93 31 utan
605 1833 331 59 självmotsägelse
977 1832 83 36 icke
1088 1832 13 36 i
1129 1832 65 36 det
1234 1832 81 36 inre
1356 1832 74 36 låta
1472 1831 213 36 förförande
1714 1831 142 36 krafter

246 1885 194 37 ohämmat
472 1885 160 37 utbreda
660 1886 73 48 sig,
761 1885 105 37 vilka
894 1885 89 35 hota
1007 1884 164 48 själva
1153 1883 306 37 grundvillkoren
1480 1883 57 36 för
1556 1883 84 36 dess
1660 1882 191 37 bestånd.»

378 1988 130 38 Såsom
552 1989 85 37 stöd
680 1989 58 36 för
778 1988 186 50 yrkandet
993 2001 60 23 om
1083 1988 165 48 ändring
1274 1988 12 36 i
1318 1989 45 35 10
1392 1987 85 49 kap.
1512 1989 45 34 14
1586 1986 20 50 8
1635 1986 219 49 strafflagen

246 2040 69 37 har
343 2041 194 36 hänvisats
566 2041 57 36 till
651 2054 98 23 ovan
778 2041 159 48 intagna
966 2039 238 49 motivering.
