2204 2626
736 220 222 29 Statsutskottets
985 219 150 30 Utlåtande
1157 219 57 29 N:o
1240 219 50 29 67.
1769 214 38 32 17

216 300 169 49 pligtelse
426 299 58 37 för
526 300 162 49 köparen
722 304 54 32 att
804 299 69 37 den
911 302 13 34 1
960 299 205 49 september
1193 298 111 36 hvart
1332 298 66 36 och
1426 302 54 32 ett
1508 299 38 35 af
1573 297 44 36 de
1645 301 164 31 närmast

212 354 163 49 följande
416 355 60 35 nio
506 353 84 37 åren
619 355 59 35 till.
708 352 251 51 kronofogden
988 354 149 48 erlägga
1165 366 46 29 en
1238 352 186 37 tiondedel
1449 350 41 37 af
1516 351 292 49 köpeskillingen

210 409 116 48 jemte
355 409 189 48 upplupen
571 413 104 31 ränta
699 407 20 36 å
761 408 69 35 den
855 408 59 35 del
943 406 40 36 af
1008 407 304 49 köpeskillingen,
1343 419 75 23 som
1448 407 80 35 icke
1557 404 125 37 blifvit
1710 404 100 37 förut

213 463 151 47 gulden;
406 463 92 35 dock
538 462 82 36 med
663 462 176 48 rättighet
880 461 59 36 för
968 462 147 47 köpare,
1145 473 78 23 som
1252 460 128 37 sådant
1407 459 173 45 önskade,
1611 464 52 31 att
1691 458 47 49 på
1766 471 43 24 en

214 515 97 49 gång
353 516 63 36 vid
458 516 129 48 köpets
628 515 207 37 afslutande
877 516 90 35 eller
1011 515 117 36 under
1169 515 146 35 kortare
1343 514 54 36 tid
1426 521 45 29 än
1500 514 52 35 tio
1580 513 39 36 år
1647 513 162 36 inbetala

214 570 302 49 köpeskillingen,
545 569 84 36 med
658 569 237 49 iakttagande
923 570 13 34 i
965 568 224 36 sistnämnda
1218 567 69 37 fall
1315 567 40 36 af
1372 568 96 36 hvad
1489 568 67 35 här
1576 566 111 37 ofvan
1711 572 99 43 sagts

212 624 184 49 angående
426 623 349 36 skuldförbindelses
804 621 212 51 afgifvande
1046 628 95 31 samt
1169 622 220 49 erläggande
1418 620 41 37 af
1480 625 121 41 ränta;

321 683 55 30 att
404 677 44 36 de
476 683 146 38 tomter,
650 678 126 35 hvilka
804 676 57 37 för
888 677 226 36 närvarande
1143 676 80 37 icke
1251 689 89 23 vore
1367 677 59 35 till
1456 676 158 36 brukare
1634 673 176 50 upplåtna

213 732 90 36 eller
339 731 146 37 hvilkas
518 730 241 37 innehafvare
802 731 78 36 icke
920 731 215 49 begagnade
1177 731 55 48 sig
1270 729 38 37 af
1344 735 118 30 rätten
1504 730 61 35 till
1592 729 218 48 tomtinköp,

212 786 98 49 finge
334 784 40 37 af
399 786 137 48 Kongl.
567 785 120 48 Maj:ts
715 783 407 50 befallningshafvande
1159 785 172 47 antingen
1368 783 36 36 åt
1432 784 179 48 lämpliga
1639 795 171 36 personer

213 838 181 50 upplåtas,
422 840 90 38 eller
540 839 79 44 ock,
647 852 58 22 om
746 838 130 37 sådant
908 837 131 37 funnes
1070 837 312 49 ändamålsenligt,
1416 837 21 36 å
1465 836 168 50 offentlig
1656 837 154 35 auktion

211 894 61 35 till
315 893 69 35 den
425 893 293 48 högstbjudande
756 892 179 49 försäljas,
976 892 119 36 under
1137 892 235 48 iakttagande
1409 891 12 35 i
1464 890 95 37 båda
1601 891 102 36 dessa
1731 889 78 46 fall,

212 949 56 34 att
309 947 294 48 köpeskillingen
643 947 79 35 icke
763 948 99 42 finge
903 946 212 49 understiga
1149 946 68 35 den
1246 944 57 37 för
1331 945 126 48 hvarje
1485 949 98 32 tomt
1610 946 39 35 af
1676 944 133 49 Kongl.

212 1001 123 48 Maj:ts
376 1000 408 49 befallningshafvande
827 998 219 50 föreslagna,
1088 1005 55 30 att
1183 998 114 38 första
1339 999 232 36 tiondedelen
1614 997 41 37 af
1702 998 107 49 köpe-

211 1055 197 48 skillingen
423 1055 121 35 skulle
560 1055 165 48 erläggas
739 1054 63 35 vid
819 1054 126 48 köpets
960 1053 209 37 afslutande
1193 1059 94 30 samt
1301 1058 55 31 att
1371 1054 11 34 i
1398 1052 114 50 öfrigt
1531 1065 139 24 samma
1690 1053 119 35 vilkor

212 1109 120 36 skulle
362 1109 107 35 lända
510 1109 62 35 till
599 1107 242 37 efterrättelse
869 1121 77 23 som
981 1107 225 37 beträffande
1246 1107 44 36 de
1313 1110 146 42 tomter,
1490 1107 125 36 hvilka
1645 1107 57 35 till
1730 1107 79 35 sina

211 1162 212 38 nuvarande
451 1163 238 35 -innehafvare
719 1163 184 48 upplätes;

319 1219 54 33 att
399 1216 162 36 tillträde
603 1217 59 35 till
696 1216 129 48 inköpt
858 1220 95 31 tomt
985 1215 119 36 skulle
1138 1227 102 23 anses
1268 1227 67 35 ega
1364 1226 85 23 rum
1478 1214 72 36 den
1579 1214 84 48 dag,
1693 1212 114 38 första

211 1270 232 36 tiondedelen
472 1269 41 36 af
539 1270 293 48 köpeskillingen
862 1268 127 37 blifvit
1017 1268 127 49 erlagd
1174 1268 65 36 och
1268 1266 337 37 skuldförbindelse
1634 1266 57 37 för
1719 1268 88 35 åter-

212 1324 127 36 stoden
367 1324 203 44 aflemnats,
598 1322 45 37 då
667 1324 141 48 jemväl
836 1321 181 50 köpebref
1044 1322 119 36 skulle
1197 1320 41 37 af
1264 1321 130 48 Kongl.
1423 1321 120 48 Maj:ts
1572 1319 235 50 befallnings-

212 1377 184 37 hafvande
425 1377 164 37 utfärdas
618 1377 77 43 och,
723 1377 98 36 hvad
851 1377 156 48 anginge
1036 1381 105 39 tomt,
1178 1388 78 23 som
1285 1375 57 35 för
1370 1375 232 36 närvarande
1631 1388 87 23 vore
1747 1376 61 34 till

213 1432 162 36 brukare
403 1431 192 49 upplåten,
626 1431 71 35 den
725 1430 58 37 för
811 1436 138 31 tomten
978 1429 181 49 utgående
1188 1428 126 49 afgäld
1346 1429 185 48 upphöra;
1561 1434 94 31 samt

320 1490 53 31 att
400 1486 135 48 köpare
560 1486 120 35 skulle
709 1497 124 24 ensam
861 1484 204 37 vidkännas
1098 1482 359 50 lagfartskostnaden
1487 1483 68 35 och
1584 1483 115 36 andra
1724 1483 84 36 med

212 1540 112 49 köpet
351 1539 173 36 förenade
552 1537 169 51 utgifter;

318 1595 70 34 dels
416 1595 60 34 ock
504 1594 150 42 besluta,
683 1596 55 32 att
766 1594 30 47 ej
827 1592 143 45 mindre
1008 1591 337 49 köpeskillingarna
1369 1589 59 37 för
1456 1590 44 35 de
1529 1589 160 37 försålda
1717 1595 90 31 tom-

211 1651 104 31 terna
357 1655 45 28 än
444 1646 108 37 äfven
596 1652 126 30 räntor
763 1646 21 36 å
826 1646 332 48 köpeskillingarna
1195 1645 68 35 och
1303 1643 175 50 afgälder,
1512 1657 76 22 som
1622 1643 57 37 för
1707 1645 100 35 tiden

211 1701 99 35 intill
339 1700 77 36 dess
443 1706 185 30 tomterna
663 1701 121 35 blefve
813 1698 160 37 försålda
1008 1699 123 35 kunde
1160 1699 151 34 komma
1334 1704 64 29 att
1426 1697 58 36 för
1513 1698 83 35 dem
1625 1699 181 47 erläggas,

211 1755 111 47 finge,
365 1755 12 34 i
406 1754 69 35 den
505 1754 87 35 mån
624 1754 43 35 de
696 1753 135 44 inflöte,
872 1752 40 36 af
939 1752 133 48 Kongl.
1102 1751 118 49 Maj:ts
1249 1750 407 49 befallningshafvande
1685 1752 11 34 i
1727 1751 79 36 Ble-

211 1807 110 49 kinge
362 1808 61 36 län
464 1808 59 35 till
565 1808 261 35 statskontoret
866 1807 219 35 inlevereras
1124 1805 56 36 för
1223 1810 53 30 att
1318 1804 83 49 ingå
1430 1805 115 35 bland
1574 1805 233 36 statsverkets

210 1860 119 50 öfriga
357 1862 212 35 inkomster.

317 1914 54 36 Af
404 1914 274 37 ofvannämnda
711 1913 358 49 statsrådsprotokoll
1098 1913 190 43 inhemtas,
1316 1913 179 35 hurusom
1524 1912 132 48 Kongl.
1687 1913 119 48 Maj:ts

211 1967 411 50 befallningshafvande
651 1969 11 34 i
690 1969 177 47 Blekinge
887 1969 60 34 län
968 1968 83 34 med
1071 1965 191 37 skrifvelse
1282 1967 68 34 den
1376 1968 44 35 18
1442 1979 97 22 mars
1557 1967 246 35 innevarande

210 2021 50 45 år,
302 2021 44 48 på
388 2024 121 47 grund
548 2021 41 36 af
623 2021 187 37 föreskrift
841 2022 12 34 i
887 2022 124 47 kongl.
1063 2019 82 37 bref
1170 2020 70 35 den
1287 2023 41 33 17
1362 2020 152 35 oktober
1559 2021 110 43 1900,
1694 2021 111 46 jemte

211 2080 82 43 eget
320 2076 172 47 yttrande
521 2076 58 34 till
609 2075 132 47 Kongl.
772 2074 121 47 Maj:ts
921 2072 172 49 pröfning
1121 2074 244 35 öfverlemnat
1383 2072 182 48 åtskilliga
1585 2073 221 48 handlingar

211 2127 227 37 beträffande
467 2128 216 48 försäljning
712 2126 40 36 af
778 2128 103 43 vissa,
908 2127 147 48 jemlikt
1082 2127 239 48 nyssberörda
1350 2125 83 36 bref
1459 2125 57 36 för
1541 2126 158 35 kronans
1725 2127 80 34 räk-

210 2182 90 48 ning
328 2182 151 47 inköpta
507 2182 104 35 delar
640 2180 39 36 af
711 2180 42 49 '/,
783 2182 139 34 mantal
942 2180 105 35 Hanö
1068 2193 56 22 n:o
1150 2183 13 33 1
1188 2181 11 34 i
1220 2180 154 48 Mjellby
1394 2179 132 35 socken
1547 2178 39 37 af
1604 2179 112 48 sagda
1735 2180 69 35 län.

319 2234 114 36 Innan
462 2232 398 51 departementschefen
893 2240 168 29 närmare
1085 2233 216 49 redogjorde
1320 2231 56 37 för
1395 2232 201 36 innehållet
1614 2233 40 35 af
1672 2233 132 49 Kongl.

212 2288 121 49 Maj:ts
361 2287 426 50 befallningshafvandes
815 2287 241 37 omförmälda
1080 2288 168 48 yttrande
1269 2287 66 35 och
1360 2286 149 36 dermed
1528 2285 276 38 öfverlemnade

301 2353 67 29 Bih.
393 2353 44 29 till
461 2354 103 28 Riksd.
590 2353 80 28 Prot.
695 2353 88 28 1901.
831 2353 18 27 4
876 2352 92 29 Saml.
1017 2353 13 26 1
1055 2352 69 37 Ajd.
1151 2353 40 26 36
1216 2351 84 38 Häift.
1741 2351 18 29 3
