1910 2828
287 201 119 31 Första
423 201 203 31 kammarens
649 201 147 30 undra
820 200 169 39 tillfälliga
1005 201 142 30 utskotts
1163 201 171 30 utlåtande
1352 211 39 20 nr
1407 204 28 27 2.
1586 202 15 29 1

799 427 63 40 Nr
879 427 45 40 2.

413 550 129 30 Ankom
565 549 52 31 till
640 548 190 39 riksdagens
851 549 106 30 kansli
980 549 64 30 den
1069 550 38 28 14
1130 548 148 31 februari
1303 549 78 30 1941
1405 548 42 31 kl.
1471 550 17 28 9
1513 548 24 30 f£.
1561 558 41 20 m.

282 667 119 30 Första
428 666 204 30 kammarens
655 666 147 30 andra
826 665 168 38 tillfälliga
1024 666 139 30 utskotts
1190 665 171 30 utlåtande
1387 665 13 29 i
1424 663 179 39 anledning

441 729 39 21 av
500 720 97 30 väckt
617 719 123 30 motion
759 729 49 20 om
830 719 128 30 ändrad
977 718 295 37 sanumansättning
1292 728 39 21 av
1354 717 82 31 vissa
1456 716 148 31 kristids-

440 772 245 31 kommnvuissioner
706 782 41 21 nm.
771 782 41 20 m.

208 891 14 28 I
246 900 41 21 en
309 890 88 30 inom
421 889 104 31 första
548 889 188 30 kammaren
760 888 104 38 väckt,
888 888 52 30 till
963 888 72 30 dess
1058 887 105 31 andra
1185 887 171 38 tillfälliga
1378 887 125 30 utskott
1526 887 77 30 hän-

126 944 91 31 visad
235 944 133 37 motion,
388 953 40 20 nr
448 944 68 36 127,
536 943 62 30 har
616 943 76 29 herr
710 942 158 30 Linderot
888 941 181 37 föreslagit,
1090 941 68 30 ”att
1177 940 175 38 riksdagen
1372 940 144 31 beslutar
1535 940 69 30 dels

125 1001 48 27 att
198 998 10 29 i
232 997 155 31 skrivelse
410 997 51 30 till
486 996 123 38 Kungl.
634 996 103 37 Maj:t
761 995 170 30 hemställa
956 1005 50 20 om
1032 1004 39 20 en
1097 995 35 29 så
1156 994 128 30 ändrad
1308 993 296 38 sammansättning

120 1062 39 20 av
188 1050 423 36 livsmedelskommissionen,
643 1049 386 36 industrikommissionen,
1062 1047 369 38 bränslekommissionen,
1463 1046 142 32 handels-

121 1105 235 31 kommissionen
379 1104 56 31 och
455 1103 362 39 priskontrollnämnden
837 1106 80 27 samt
938 1113 39 19 av
998 1102 70 30 dess
1090 1101 192 38 rådgivande
1303 1110 106 29 organ,
1431 1104 46 27 att
1498 1101 38 31 de
1556 1100 49 31 till

119 1160 49 30 sin
186 1159 113 31 sociala
319 1158 281 37 sammansättning
620 1158 122 30 komma
763 1160 46 28 att
830 1156 145 38 avspegla
996 1156 61 30 den
1077 1155 113 31 sociala
1211 1154 320 38 sammansättningen
1551 1154 55 30 hos

122 1213 51 31 det
199 1213 74 37 folk,
301 1222 70 20 vars
395 1211 323 38 försörjningsfrågor
741 1211 89 30 dessa
854 1220 98 28 organ
975 1210 41 30 ha
1040 1212 47 28 att
1111 1210 128 37 avgöra;
1265 1208 65 31 dels
1355 1211 47 27 att
1426 1208 10 30 i
1459 1207 148 31 skrivelse

122 1267 45 30 till
190 1266 119 38 Kungl.
330 1265 98 38 Maj:t
450 1265 164 31 hemställa
635 1275 48 20 om
704 1268 47 27 att
772 1264 39 31 de
831 1263 138 31 centrala
988 1263 174 37 krisorgan,
1183 1272 65 21 som
1268 1266 120 27 sortera
1407 1261 102 31 under
1528 1261 79 31 folk-

122 1320 476 37 hushållningsdepartementet,
627 1319 126 37 åläggas
781 1322 46 27 att
855 1318 10 30 i
892 1317 173 37 månatliga
1094 1316 181 31 berättelser
1301 1315 152 38 redogöra
1480 1316 52 29 för
1558 1315 50 30 sin

121 1374 193 31 verksamhet
338 1374 55 30 och
416 1374 72 29 över
509 1373 70 30 sina
601 1372 99 31 beslut
723 1376 81 27 samt
828 1375 47 27 att
899 1371 166 37 riksdagen
1090 1370 94 31 måtte
1207 1370 121 30 lämnas
1352 1369 126 30 tillfälle
1502 1372 47 27 att
1574 1372 31 26 ta

119 1428 150 37 ställning
289 1427 47 30 till
360 1427 87 30 dessa
466 1425 212 32 berättelser.”

207 1479 212 31 Beträffande
439 1479 239 37 motiveringen
697 1478 54 30 får
771 1478 158 30 utskottet
949 1477 136 30 hänvisa
1105 1476 51 31 till
1176 1476 62 30 den
1258 1475 73 31 med
1351 1475 253 37 ifrågavarande

125 1534 122 30 motion
268 1532 219 38 likalydande,
508 1532 89 30 inom
617 1531 104 30 andra
741 1531 188 30 kammaren
949 1540 40 20 av
1011 1530 77 29 herr
1108 1530 138 30 Persson
1267 1529 10 29 i
1298 1528 185 31 Stockholm
1503 1538 41 20 m.
1567 1528 36 30 fl.

125 1588 116 30 väckta
260 1586 165 31 motionen
442 1596 41 20 nr
502 1586 68 30 104.

210 1695 75 30 Som
306 1694 100 30 motiv
428 1694 53 30 för
500 1703 41 20 en
560 1692 128 32 ändrad
709 1690 296 38 sammansättning
1025 1700 40 20 av
1087 1690 38 30 de
1146 1690 145 30 centrala
1312 1689 212 37 krisorganen
1545 1688 60 31 har

128 1748 201 31 motionären
348 1748 122 35 anfört,
489 1750 50 26 att
558 1746 93 30 dessa
669 1755 102 27 organ
790 1745 10 29 i
819 1744 51 31 sin
887 1743 193 31 nuvarande
1099 1742 295 38 sammansättning
1413 1742 69 31 icke
1501 1742 104 30 skulle

127 1803 61 37 äga
211 1801 61 31 den
295 1800 207 38 sakkunskap
527 1809 65 21 som
618 1798 168 31 erfordras
809 1798 54 30 för
885 1801 48 27 att
957 1796 171 39 tillgodose
1151 1797 84 30 vissa
1258 1806 41 20 av
1322 1796 116 30 honom
1461 1795 144 38 angivna

126 1855 317 37 samhällsgruppers
460 1853 169 30 intressen.
657 1851 224 31 Motionärens
897 1850 139 31 sålunda
1053 1849 148 31 uttalade
1218 1849 219 38 uppfattning
1454 1848 65 30 kan
1537 1848 69 30 icke

127 1908 88 31 delas
236 1918 41 20 av
300 1907 167 30 utskottet.
501 1904 214 32 Beträffande
737 1904 55 30 det
816 1904 9 29 i
848 1903 164 30 motionen
1036 1902 207 31 framställda
1267 1901 158 38 förslaget
1447 1911 50 20 om
1521 1901 84 37 skyl-

127 1961 112 38 dighet
260 1961 54 30 för
336 1960 38 31 de
396 1959 144 31 centrala
561 1958 215 37 krisorganen
797 1960 50 27 att
868 1957 108 29 lämna
998 1955 192 30 berättelser
1211 1954 140 30 rörande
1373 1954 50 30 sin
1445 1954 161 30 verksam-

128 2015 52 29 het
199 2014 57 30 vill
276 2013 159 31 utskottet
454 2010 187 38 framhålla,
661 2014 49 27 att
728 2011 151 29 närmare
897 2008 205 38 upplysning
1121 2018 50 20 om
1191 2007 107 31 denna
1316 2007 204 30 verksamhet
1537 2007 70 31 står

128 2072 48 26 att
199 2067 101 30 vinna
322 2067 9 29 i
353 2066 122 31 sådana
498 2064 153 32 officiella
671 2063 245 39 publikationer
938 2072 68 20 som
1029 2061 193 30 tidskriften
1247 2060 109 30 ”Från
1380 2060 227 38 departement

127 2122 58 29 och
216 2119 189 37 nämnder”,
436 2119 135 37 utgiven
601 2127 40 20 av
670 2120 124 27 statens
825 2114 377 38 informationsstyrelse,
1232 2117 83 27 samt
1347 2112 259 31 ”Meddelanden

132 2176 73 29 från
221 2170 404 41 konjunkturinstitutet”.
653 2172 172 28 Dessutom
842 2167 141 31 utsända
999 2166 203 37 livsmedels-,
1221 2166 155 31 industri-
1392 2167 57 29 och
1466 2165 141 31 bränsle-

129 2227 286 31 kommissionerna
434 2223 208 38 fortlöpande
657 2223 145 30 cirkulär
817 2222 58 30 och
891 2220 236 31 meddelanden
1142 2219 141 30 rörande
1300 2219 122 37 frågor,
1437 2229 66 20 som
1522 2219 82 30 inom

130 2280 286 30 kommissionerna
436 2278 85 29 varit
541 2276 137 30 föremål
699 2276 51 29 för
767 2274 128 37 åtgärd.
925 2274 120 29 Genom
1067 2273 39 29 de
1129 2272 217 37 redogörelser
1366 2272 9 28 i
1397 2271 211 30 folkhushåll-

132 2333 219 38 ningsfrågor,
369 2341 66 20 som
452 2330 137 31 sålunda
609 2329 133 35 lämnas,
761 2337 97 27 synas
874 2325 124 38 skäliga
1016 2325 143 37 anspråk
1177 2326 42 36 på
1236 2334 39 20 en
1295 2323 209 38 fortlöpande
1521 2325 87 29 över-

129 2387 59 29 sikt
211 2396 40 19 av
272 2385 228 36 krisorganens
521 2382 198 30 verksamhet
747 2390 77 19 vara
846 2377 246 38 tillgodosedda.
1125 2375 88 32 Även
1236 2378 51 29 må
1310 2377 8 29 i
1340 2376 89 30 detta
1450 2386 158 20 samman-

132 2440 84 36 hang
244 2439 127 29 erinras
399 2447 48 19 om
478 2436 39 30 de
547 2433 234 32 meddelanden
814 2433 5 29 i
850 2432 111 37 dylika
994 2431 121 36 frågor,
1144 2440 63 20 som
1240 2430 228 35 krisorganens
1498 2430 111 29 chefer

132 2503 37 19 m.
192 2492 32 30 fl.
245 2492 97 37 pläga
362 2491 104 29 lämna
487 2490 6 28 i
514 2488 101 30 radio.
649 2489 6 27 I
678 2487 103 36 övrigt
807 2487 50 29 får
877 2485 152 30 utskottet
1056 2483 171 30 framhålla
1246 2486 46 26 att
1328 2502 1 2 —
1371 2482 103 30 därest
1500 2481 108 31 motio-

136 2564 125 37 Bihang
284 2563 51 30 till
355 2561 188 38 riksdagens
563 2559 163 39 protokoll
746 2560 90 29 1941.
865 2561 34 27 12
918 2556 89 30 saml.
1032 2559 18 27 2
1071 2554 71 31 avd.
1167 2554 47 30 Nr
1232 2558 29 27 2.

1642 887 144 24 Motionen.

1645 1690 144 25 Utskottet.
