2295 2771
505 237 24 32 2
910 238 204 44 Bevillnings-
1123 238 155 34 Utskottets
1307 240 196 33 Betänkande
1526 240 60 33 N:o
1609 242 50 31 16.

467 316 65 32 den
557 317 70 31 inre
652 316 190 42 sogelleden
867 317 51 32 till
944 317 38 32 de
1010 326 110 24 vestra
1144 318 213 33 kustorterna
1385 319 82 32 eller
1492 326 155 32 tvärtom,
1674 319 82 33 eller
1773 320 141 32 emellan
1932 320 167 33 särskilda

469 369 173 32 kustorter
671 370 57 30 vid
758 370 147 40 saltsjön,
932 370 41 32 då
997 370 115 32 dervid
1138 371 74 31 icke
1237 374 107 39 någon
1369 373 159 31 utländsk
1554 380 51 24 ort
1630 373 111 32 tillika
1766 374 150 41 anlöpes;
1942 381 87 25 samt
2052 382 46 24 att

469 421 96 30 dessa
602 421 443 41 undantagsbestämmelser
1080 423 85 31 dock
1196 424 74 31 icke
1299 425 89 40 gälla
1412 425 51 31 för
1489 426 140 38 följande
1654 436 98 20 varor
1776 427 132 30 utöfver
1930 426 90 31 vissa
2045 427 54 31 be-

470 473 127 31 stämda
623 473 212 41 qvantiteter,
860 474 165 41 nemligen
1052 474 98 39 kaffe,
1176 475 119 32 socker
1320 476 57 31 och
1404 476 185 32 fabrikater
1613 477 100 38 deraf,
1738 477 58 33 vin
1821 477 65 31 alla
1902 478 79 41 slag,
2000 478 98 32 brän-

470 525 53 31 vin
560 526 58 30 och
656 526 84 40 sprit
775 526 35 31 af
837 528 36 29 så
900 526 156 32 inhemsk
1081 538 67 20 som
1175 527 160 32 utländsk
1360 529 230 40 tillverkning,
1616 529 115 31 hvilka
1756 540 99 20 varor
1879 530 138 31 sålunda
2040 531 55 31 vid

468 582 167 36 transport
662 578 149 41 sjöledes,
837 578 115 32 dervid
979 580 138 40 saltsjön
1144 580 136 37 befares,
1306 583 104 29 måste
1435 581 130 41 åtföljas
1590 583 34 29 af
1645 581 211 41 vederbörlig
1877 582 219 42 förpassning.

619 628 176 35 Bhuruväl
830 630 176 33 Utskottet
1041 632 75 31 fullt
1153 631 168 33 erkönner
1351 633 243 40 befogenheten
1624 634 35 30 af
1679 634 226 32 motionärens
1930 634 166 32 allmänna

466 688 76 27 gats,
569 690 48 23 att
640 683 9 30 i
675 690 125 25 statens
825 689 74 35 eget
923 684 142 31 intresse
1082 684 58 31 bör
1162 684 168 32 undvikas
1355 685 126 37 sådant,
1509 692 86 24 "som
1622 685 65 31 kan
1713 686 155 31 störande
1892 686 143 32 inverka
2058 691 39 37 på

468 734 163 32 handelns
668 734 60 32 och
764 735 176 41 sjöfartens
974 735 285 42 ändamålsenliga
1282 738 87 39 gång
1393 736 60 32 och
1476 737 227 41 utveckling”,
1729 737 60 31 har
1811 735 179 33 Utskottet
2014 738 81 32 dock

466 787 47 31 uti
548 787 254 34 ifrågavarande
839 788 189 31 hänseende
1065 789 75 31 bort
1174 789 118 37 erinra,
1323 796 49 23 att
1396 789 38 30 de
1460 791 105 29 såsom
1593 789 187 40 hinderliga
1804 790 58 30 och
1893 790 204 31 besvärande

468 838 51 30 för
554 839 249 39 omsättningen
839 839 240 40 öfverklagade
1111 839 227 41 stadgandena
1362 840 169 40 angående
1556 840 211 40 förpassping
1792 841 35 30 af
1848 841 248 40 ofvanuppräk-

465 890 94 37 nade,
595 891 10 30 i
641 891 169 40 ogenskap
845 891 35 30 auf
914 890 212 42 tullpligtiga,
1163 891 148 32 särdeles
1337 891 187 41 betydande
1560 892 148 37 artiklar,
1745 893 88 31 varit
1864 893 177 41 betingade
2066 893 34 31 af

467 952 174 30 omsorgen
682 947 48 26 att
767 942 159 41 betrygga
961 947 127 27 statens
1124 943 169 31 okränkta
1328 942 194 41 åtnjutande
1561 944 35 30 af
1628 944 74 30 dess
1733 947 42 37 på
1803 944 294 41 tullbevillningen

466 993 164 31 beroende
666 993 196 36 inkomster,
899 997 86 28 samt
1019 999 50 26 att
1103 994 95 31 dessa
1232 995 214 41 stadganden,
1479 996 51 30 för
1559 998 34 28 så
1619 995 71 31 vidt
1715 995 39 31 de
1779 996 50 31 för
1856 996 90 31 detta
1970 996 128 41 vigtiga

469 1045 154 32 ändamål
649 1056 96 21 anses
769 1046 140 40 alltjomt
934 1045 131 42 nödiga,
1090 1046 198 41 visserligen
1312 1047 204 31 fortfarunde
1541 1048 79 31 böra
1645 1048 168 31 ornbbade
1840 1048 190 32 bibehållas.
2058 1066 39 5 —

465 1097 52 31 Då
552 1097 55 31 det
640 1097 74 31 icke
751 1103 79 25 utan
865 1097 58 31 allt
951 1097 51 32 för
1031 1098 209 41 betungande
1264 1096 183 33 kostnader
1470 1099 51 31 lär
1545 1110 79 20 vara
1649 1100 127 40 möjligt
1801 1105 48 25 att
1872 1100 49 31 uti
1947 1103 58 28 vår
2026 1101 71 30 vid-

464 1149 147 30 sträckta
651 1149 163 40 skärgård
848 1149 203 41 tillbörligen
1088 1150 183 31 öfvervaka
1307 1150 154 37 trafiken,
1497 1156 118 35 utgöra
1650 1151 75 31 dess
1774 1151 320 41 förpassningsstad-

466 1201 129 40 ganden
623 1212 41 19 en
712 1201 217 41 ufvudsaklig
951 1201 149 31 kontroll
1126 1201 87 35 derå,
1239 1207 46 25 att
1302 1202 72 31 icke
1393 1202 38 31 de
1448 1202 256 41 ifrågavarnnde
1722 1202 204 42 tullpligtiga
1943 1214 151 21 varorna.

466 1252 106 31 under
597 1252 83 31 sken
704 1254 36 29 af
759 1258 172 35 transport
955 1253 119 31 endast
1097 1254 127 30 inrikes
1249 1261 89 24 orter
1362 1255 152 36 omellan,
1538 1254 9 31 i
1572 1255 236 41 verkligheten
1835 1255 110 32 blifvit
1969 1256 123 31 afhom-

464 1304 74 30 tade
574 1305 70 29 från
683 1310 101 25 annat
817 1306 125 29 utifrån
978 1305 200 31 kommande
1213 1306 114 41 fartyg
1361 1307 82 30 eler
1471 1307 74 30 från
1570 1307 84 39 plats
1677 1308 8 29 i
1712 1307 217 41 skärgården,
1956 1308 60 31 och
2040 1309 55 29 vid

464 1356 117 31 sådan:
612 1356 207 31 torhållande
849 1357 60 31 har
934 1357 173 31 Utskottet
1132 1363 108 25 ansett
1265 1358 114 30 kunna
1405 1358 75 31 med
1505 1358 72 31 skäl
1607 1359 136 35 befaras,
1770 1364 49 25 att
1842 1359 252 40 upphäfvandet

464 1408 36 30 af
531 1408 106 30 denna
674 1408 149 31 kontroll
854 1409 109 30 skulle
993 1409 186 41 tillskynda
1203 1408 74 32 icke
1302 1410 141 31 allenast
1467 1417 109 24 staten
1600 1417 80 25 utan
1705 1413 98 29 äfven
1830 1411 53 31 det
1908 1411 112 41 lofliga
2044 1418 51 24 ut-

464 1461 95 39 hytet
583 1460 215 40 olägenheter
823 1461 60 30 och
906 1461 166 37 förluster,
1098 1471 71 20 som
1192 1461 196 41 visserligen
1414 1461 74 31 icke
1512 1462 113 31 kuude
1642 1468 172 34 uppvägas
1832 1462 35 31 af
1881 1462 38 31 de
1936 1463 157 40 sjöfarten

462 1512 10 29 i
497 1511 179 31 allmänhet
704 1512 190 40 derigenom
922 1512 145 31 beredda
1089 1512 154 31 fördelar.
1290 1512 175 32 Utskottet
1490 1512 195 32 hemställer
1710 1513 105 37 alltså,

1254 1626 47 30 1:o

665 1707 48 27 att
749 1700 56 34 det
838 1701 256 43 ifrågavarande
1129 1701 160 42 förslaget
1323 1701 49 33 till
1408 1702 142 42 ändring
1585 1703 37 31 af
1650 1700 237 44 Tullstadgans
1917 1703 12 41 $
1954 1703 41 31 63
2018 1701 74 34 icke

664 1759 52 27 nå
740 1755 34 31 af
794 1755 195 39 Riksdagen
1014 1754 138 33 bifallas.

611 1804 17 33 I
660 1807 154 31 afseende
847 1807 137 30 dernäst
1013 1810 18 28 å
1055 1807 225 31 motionärens
1305 1807 125 40 förslag
1453 1807 170 40 angående
1651 1806 232 41 npphäfvande
1909 1807 35 30 af
1964 1807 128 30 undan-

462 1857 333 42 tagsbestämmelsen
820 1858 9 30 i
853 1859 13 39 $
891 1858 41 31 93
956 1858 34 30 af
1010 1858 153 41 svällande
1189 1858 181 41 tullstadga
1393 1866 85 23 samt
1502 1858 235 41 medgifvande
1763 1861 35 28 at
1818 1858 162 41 rättighet
2002 1863 49 26 att
2074 1862 18 28 å

461 1909 222 41 tullnederlig
718 1910 165 40 upplägga
919 1911 100 29 äfven
1053 1909 175 31 utländskt
1261 1910 139 31 bränvin
1433 1910 60 31 och
1517 1911 83 39 sprit
1625 1911 35 30 af
1680 1910 56 31 säd
1763 1909 81 32 eller
1867 1915 140 35 potates,
2035 1911 56 31 bör

460 1961 135 35 erinras,
622 1968 47 24 att
693 1961 151 39 grunden
868 1961 51 31 för
943 1961 89 31 detta
1057 1961 379 41 undantagsstadgande,
1462 1961 168 41 nemligen
1654 1969 48 23 att
1726 1964 107 38 någon
1855 1961 236 31 morsvarande

462 2013 126 30 förmån
625 2012 118 31 bittills
778 2012 74 31 ieke
889 2013 88 30 varit
1013 2013 95 39 dylik
1141 2013 157 30 inhemsk
1336 2024 77 19 vara
1446 2013 201 40 medgifven,
1673 2013 58 30 allt
1755 2013 205 31 fortfarunde
1986 2015 102 29 måste

460 2075 96 20 anses
590 2064 166 41 gällande,
792 2070 80 25 enär
903 2064 63 31 den
996 2062 194 34 vuvarande
1214 2065 253 41 lagstiftningen
1493 2065 51 30 för
1567 2064 221 42 tillverkning
1812 2065 35 30 af
1869 2065 141 31 bränvin
2035 2065 54 31 väl

459 2116 129 31 lemnar
623 2122 61 25 rätt
725 2116 48 31 till
810 2116 232 41 uppläggande
1079 2118 35 29 af
1146 2115 138 33 bränvin
1322 2119 18 29 å
1374 2116 158 41 nederlag
1563 2116 57 31 vid
1645 2116 166 38 bränneri,
1838 2123 86 24 samt
1948 2117 141 31 anstånd

458 2167 73 31 med
572 2167 155 41 afoiftens
763 2167 198 41 erläggande
999 2167 104 31 under
1137 2167 97 41 hövst
1269 2173 47 25 octt
1350 2170 37 29 år
1421 2167 83 31 eller
1538 2168 52 30 till
1624 2166 55 33 det
1713 2179 68 29 nya
1817 2168 273 40 bränningsårets

461 2219 124 39 början,
621 2230 75 19 men
732 2216 138 33 alldeles
904 2218 83 37 icke,
1018 2221 42 38 på
1089 2224 64 26 sätt
1182 2218 208 32 motionären
1416 2219 107 32 likväl
1547 2220 136 40 antagit,
1709 2220 7 30 i
1745 2218 243 32 vidsträcktare
2013 2222 76 29 mån

461 2270 81 30 eler
567 2270 50 30 till
641 2273 107 37 någon
776 2270 239 40 motsvarighet
1041 2271 73 30 med
1139 2270 88 31 hvad
1251 2271 11 31 i
1286 2271 155 31 afseende
1466 2274 19 29 &å
1510 2271 220 41 tullnederlag
1755 2282 77 29 eger
1856 2282 82 25 rum,
1965 2271 123 31 tilläm-

459 2330 59 31 par
560 2321 232 41 grundsatsen,
836 2327 48 25 att
926 2322 138 40 afoiften
1107 2322 50 30 till
1199 2329 108 24 staten
1353 2323 84 31 skall
1474 2329 135 34 utgöras
1643 2323 85 30 forst
1769 2328 61 24 när
1873 2333 103 19 varan
2015 2322 71 30 fritt

460 2373 201 40 disponeras,
690 2390 36 5 —
752 2371 96 33 Först
887 2384 52 20 om
976 2373 58 31 och
1067 2372 101 32 sedan
1192 2379 67 26 rätt
1284 2374 49 31 till
1360 2373 230 42 uppläggande
1615 2376 18 29 å
1656 2373 224 40 tullnederlag
1906 2373 181 37 befunnits,
