<?xml version="1.0" encoding="UTF-8"?>
<alto xmlns="http://www.loc.gov/standards/alto/ns-v3#" xmlns:xlink="http://www.w3.org/1999/xlink" xmlns:xsi="http://www.w3.org/2001/XMLSchema-instance" xsi:schemaLocation="http://www.loc.gov/standards/alto/ns-v3# http://www.loc.gov/alto/v3/alto-3-0.xsd">
	<Description>
		<MeasurementUnit>pixel</MeasurementUnit>
		<sourceImageInformation>
			<fileName>/tmp/tess_bei56nis_input.PNG</fileName>
		</sourceImageInformation>
		<OCRProcessing ID="OCR_0">
			<ocrProcessingStep>
				<processingSoftware>
					<softwareName>tesseract 5.3.0</softwareName>
				</processingSoftware>
			</ocrProcessingStep>
		</OCRProcessing>
	</Description>
	<Layout>
		<Page WIDTH="2127" HEIGHT="2655" PHYSICAL_IMG_NR="0" ID="page_0">
			<PrintSpace HPOS="0" VPOS="0" WIDTH="2127" HEIGHT="2655">
				<ComposedBlock ID="cblock_0" HPOS="728" VPOS="201" WIDTH="1049" HEIGHT="42">
					<TextBlock ID="block_0" HPOS="728" VPOS="201" WIDTH="1049" HEIGHT="42">
						<TextLine ID="line_0" HPOS="728" VPOS="201" WIDTH="1049" HEIGHT="42">
							<String ID="string_0" HPOS="728" VPOS="201" WIDTH="243" HEIGHT="41" WC="0.63" CONTENT="Lagutskottets"/><SP WIDTH="31" VPOS="201" HPOS="971"/>
							<String ID="string_1" HPOS="1002" VPOS="203" WIDTH="175" HEIGHT="34" WC="0.96" CONTENT="Utlåtande"/><SP WIDTH="23" VPOS="203" HPOS="1177"/>
							<String ID="string_2" HPOS="1200" VPOS="206" WIDTH="63" HEIGHT="33" WC="0.90" CONTENT="N:o"/><SP WIDTH="23" VPOS="206" HPOS="1263"/>
							<String ID="string_3" HPOS="1286" VPOS="208" WIDTH="28" HEIGHT="30" WC="0.96" CONTENT="2."/><SP WIDTH="448" VPOS="208" HPOS="1314"/>
							<String ID="string_4" HPOS="1762" VPOS="215" WIDTH="15" HEIGHT="28" WC="0.96" CONTENT="1"/>
						</TextLine>
					</TextBlock>
				</ComposedBlock>
				<ComposedBlock ID="cblock_1" HPOS="751" VPOS="550" WIDTH="973" HEIGHT="201">
					<TextBlock ID="block_1" HPOS="751" VPOS="550" WIDTH="973" HEIGHT="201">
						<TextLine ID="line_1" HPOS="945" VPOS="550" WIDTH="140" HEIGHT="42">
							<String ID="string_5" HPOS="945" VPOS="550" WIDTH="74" HEIGHT="41" WC="0.92" CONTENT="N:o"/><SP WIDTH="29" VPOS="550" HPOS="1019"/>
							<String ID="string_6" HPOS="1048" VPOS="551" WIDTH="37" HEIGHT="41" WC="0.80" CONTENT="2,"/>
						</TextLine>
						<TextLine ID="line_2" HPOS="751" VPOS="704" WIDTH="973" HEIGHT="47">
							<String ID="string_7" HPOS="751" VPOS="704" WIDTH="112" HEIGHT="32" WC="0.96" CONTENT="Ankom"/><SP WIDTH="23" VPOS="704" HPOS="863"/>
							<String ID="string_8" HPOS="886" VPOS="706" WIDTH="42" HEIGHT="30" WC="0.93" CONTENT="till"/><SP WIDTH="21" VPOS="706" HPOS="928"/>
							<String ID="string_9" HPOS="949" VPOS="707" WIDTH="99" HEIGHT="30" WC="0.92" CONTENT="Riksd."/><SP WIDTH="24" VPOS="707" HPOS="1048"/>
							<String ID="string_10" HPOS="1072" VPOS="708" WIDTH="94" HEIGHT="30" WC="0.96" CONTENT="kansli"/><SP WIDTH="22" VPOS="708" HPOS="1166"/>
							<String ID="string_11" HPOS="1188" VPOS="710" WIDTH="55" HEIGHT="30" WC="0.96" CONTENT="den"/><SP WIDTH="22" VPOS="710" HPOS="1243"/>
							<String ID="string_12" HPOS="1265" VPOS="712" WIDTH="20" HEIGHT="29" WC="0.90" CONTENT="4"/><SP WIDTH="21" VPOS="712" HPOS="1285"/>
							<String ID="string_13" HPOS="1306" VPOS="712" WIDTH="69" HEIGHT="30" WC="0.95" CONTENT="febr."/><SP WIDTH="27" VPOS="712" HPOS="1375"/>
							<String ID="string_14" HPOS="1402" VPOS="714" WIDTH="89" HEIGHT="37" WC="0.96" CONTENT="1887,"/><SP WIDTH="24" VPOS="714" HPOS="1491"/>
							<String ID="string_15" HPOS="1515" VPOS="715" WIDTH="36" HEIGHT="30" WC="0.94" CONTENT="kl."/><SP WIDTH="26" VPOS="715" HPOS="1551"/>
							<String ID="string_16" HPOS="1577" VPOS="717" WIDTH="37" HEIGHT="28" WC="0.93" CONTENT="12"/><SP WIDTH="23" VPOS="717" HPOS="1614"/>
							<String ID="string_17" HPOS="1637" VPOS="718" WIDTH="87" HEIGHT="30" WC="0.90" CONTENT="midd."/>
						</TextLine>
					</TextBlock>
				</ComposedBlock>
				<ComposedBlock ID="cblock_2" HPOS="415" VPOS="846" WIDTH="1402" HEIGHT="104">
					<TextBlock ID="block_2" HPOS="415" VPOS="846" WIDTH="1402" HEIGHT="104">
						<TextLine ID="line_3" HPOS="415" VPOS="846" WIDTH="1402" HEIGHT="53">
							<String ID="string_18" HPOS="415" VPOS="846" WIDTH="256" HEIGHT="45" WC="0.66" CONTENT="Lugutskoltets"/><SP WIDTH="27" VPOS="846" HPOS="671"/>
							<String ID="string_19" HPOS="698" VPOS="849" WIDTH="187" HEIGHT="45" WC="0.95" CONTENT="utlåtande,"/><SP WIDTH="28" VPOS="849" HPOS="885"/>
							<String ID="string_20" HPOS="913" VPOS="851" WIDTH="12" HEIGHT="35" WC="0.96" CONTENT="i"/><SP WIDTH="28" VPOS="851" HPOS="925"/>
							<String ID="string_21" HPOS="953" VPOS="852" WIDTH="187" HEIGHT="46" WC="0.96" CONTENT="anledning"/><SP WIDTH="18" VPOS="852" HPOS="1140"/>
							<String ID="string_22" HPOS="1158" VPOS="852" WIDTH="45" HEIGHT="45" WC="0.96" CONTENT="af"/><SP WIDTH="12" VPOS="852" HPOS="1203"/>
							<String ID="string_23" HPOS="1215" VPOS="854" WIDTH="121" HEIGHT="37" WC="0.95" CONTENT="remiss"/><SP WIDTH="8" VPOS="854" HPOS="1336"/>
							<String ID="string_24" HPOS="1344" VPOS="856" WIDTH="92" HEIGHT="43" WC="0.96" CONTENT="från"/><SP WIDTH="22" VPOS="856" HPOS="1436"/>
							<String ID="string_25" HPOS="1458" VPOS="858" WIDTH="126" HEIGHT="36" WC="0.96" CONTENT="Andra"/><SP WIDTH="21" VPOS="858" HPOS="1584"/>
							<String ID="string_26" HPOS="1605" VPOS="861" WIDTH="212" HEIGHT="38" WC="0.95" CONTENT="Kammaren"/>
						</TextLine>
						<TextLine ID="line_4" HPOS="616" VPOS="898" WIDTH="978" HEIGHT="52">
							<String ID="string_27" HPOS="616" VPOS="898" WIDTH="46" HEIGHT="43" WC="0.93" CONTENT="af"/><SP WIDTH="22" VPOS="898" HPOS="662"/>
							<String ID="string_28" HPOS="684" VPOS="912" WIDTH="41" HEIGHT="22" WC="0.96" CONTENT="en"/><SP WIDTH="27" VPOS="912" HPOS="725"/>
							<String ID="string_29" HPOS="752" VPOS="901" WIDTH="83" HEIGHT="43" WC="0.94" CONTENT="utaf"/><SP WIDTH="20" VPOS="901" HPOS="835"/>
							<String ID="string_30" HPOS="855" VPOS="902" WIDTH="80" HEIGHT="35" WC="0.93" CONTENT="herr"/><SP WIDTH="27" VPOS="902" HPOS="935"/>
							<String ID="string_31" HPOS="962" VPOS="903" WIDTH="43" HEIGHT="35" WC="0.79" CONTENT="A."/><SP WIDTH="37" VPOS="903" HPOS="1005"/>
							<String ID="string_32" HPOS="1042" VPOS="904" WIDTH="37" HEIGHT="36" WC="0.91" CONTENT="V."/><SP WIDTH="30" VPOS="904" HPOS="1079"/>
							<String ID="string_33" HPOS="1109" VPOS="905" WIDTH="201" HEIGHT="45" WC="0.96" CONTENT="Ljungman"/><SP WIDTH="28" VPOS="905" HPOS="1310"/>
							<String ID="string_34" HPOS="1338" VPOS="909" WIDTH="95" HEIGHT="34" WC="0.96" CONTENT="väckt"/><SP WIDTH="28" VPOS="909" HPOS="1433"/>
							<String ID="string_35" HPOS="1461" VPOS="911" WIDTH="133" HEIGHT="35" WC="0.96" CONTENT="motion."/>
						</TextLine>
					</TextBlock>
				</ComposedBlock>
				<ComposedBlock ID="cblock_3" HPOS="207" VPOS="1048" WIDTH="1611" HEIGHT="611">
					<TextBlock ID="block_3" HPOS="209" VPOS="1048" WIDTH="1609" HEIGHT="303">
						<TextLine ID="line_5" HPOS="348" VPOS="1048" WIDTH="1467" HEIGHT="58">
							<String ID="string_36" HPOS="348" VPOS="1048" WIDTH="96" HEIGHT="37" WC="0.96" CONTENT="Från"/><SP WIDTH="26" VPOS="1048" HPOS="444"/>
							<String ID="string_37" HPOS="470" VPOS="1050" WIDTH="122" HEIGHT="36" WC="0.94" CONTENT="Andra"/><SP WIDTH="30" VPOS="1050" HPOS="592"/>
							<String ID="string_38" HPOS="622" VPOS="1053" WIDTH="216" HEIGHT="36" WC="0.96" CONTENT="Kammaren"/><SP WIDTH="27" VPOS="1053" HPOS="838"/>
							<String ID="string_39" HPOS="865" VPOS="1056" WIDTH="65" HEIGHT="34" WC="0.96" CONTENT="har"/><SP WIDTH="26" VPOS="1056" HPOS="930"/>
							<String ID="string_40" HPOS="956" VPOS="1057" WIDTH="235" HEIGHT="43" WC="0.96" CONTENT="lagutskottet"/><SP WIDTH="27" VPOS="1057" HPOS="1191"/>
							<String ID="string_41" HPOS="1218" VPOS="1057" WIDTH="69" HEIGHT="37" WC="0.96" CONTENT="fått"/><SP WIDTH="26" VPOS="1057" HPOS="1287"/>
							<String ID="string_42" HPOS="1313" VPOS="1062" WIDTH="55" HEIGHT="34" WC="0.96" CONTENT="till"/><SP WIDTH="27" VPOS="1062" HPOS="1368"/>
							<String ID="string_43" HPOS="1395" VPOS="1062" WIDTH="52" HEIGHT="44" WC="0.96" CONTENT="sig"/><SP WIDTH="26" VPOS="1062" HPOS="1447"/>
							<String ID="string_44" HPOS="1473" VPOS="1064" WIDTH="172" HEIGHT="35" WC="0.96" CONTENT="hänvisad"/><SP WIDTH="20" VPOS="1064" HPOS="1645"/>
							<String ID="string_45" HPOS="1665" VPOS="1076" WIDTH="41" HEIGHT="24" WC="0.96" CONTENT="en"/><SP WIDTH="19" VPOS="1076" HPOS="1706"/>
							<String ID="string_46" HPOS="1725" VPOS="1067" WIDTH="90" HEIGHT="34" WC="0.95" CONTENT="inom"/>
						</TextLine>
						<TextLine ID="line_6" HPOS="211" VPOS="1100" WIDTH="1605" HEIGHT="59">
							<String ID="string_47" HPOS="211" VPOS="1100" WIDTH="215" HEIGHT="35" WC="0.95" CONTENT="Kammaren"/><SP WIDTH="43" VPOS="1100" HPOS="426"/>
							<String ID="string_48" HPOS="469" VPOS="1103" WIDTH="38" HEIGHT="33" WC="0.95" CONTENT="af"/><SP WIDTH="36" VPOS="1103" HPOS="507"/>
							<String ID="string_49" HPOS="543" VPOS="1104" WIDTH="82" HEIGHT="34" WC="0.94" CONTENT="herr"/><SP WIDTH="40" VPOS="1104" HPOS="625"/>
							<String ID="string_50" HPOS="665" VPOS="1105" WIDTH="44" HEIGHT="34" WC="0.14" CONTENT="ÅA."/><SP WIDTH="44" VPOS="1105" HPOS="709"/>
							<String ID="string_51" HPOS="753" VPOS="1105" WIDTH="39" HEIGHT="35" WC="0.91" CONTENT="V."/><SP WIDTH="29" VPOS="1105" HPOS="792"/>
							<String ID="string_52" HPOS="821" VPOS="1105" WIDTH="202" HEIGHT="44" WC="0.89" CONTENT="Ljungman"/><SP WIDTH="28" VPOS="1105" HPOS="1023"/>
							<String ID="string_53" HPOS="1051" VPOS="1108" WIDTH="156" HEIGHT="45" WC="0.91" CONTENT="afgifven"/><SP WIDTH="27" VPOS="1108" HPOS="1207"/>
							<String ID="string_54" HPOS="1234" VPOS="1112" WIDTH="141" HEIGHT="43" WC="0.95" CONTENT="motion,"/><SP WIDTH="28" VPOS="1112" HPOS="1375"/>
							<String ID="string_55" HPOS="1403" VPOS="1123" WIDTH="57" HEIGHT="25" WC="0.92" CONTENT="n:o"/><SP WIDTH="32" VPOS="1123" HPOS="1460"/>
							<String ID="string_56" HPOS="1492" VPOS="1116" WIDTH="79" HEIGHT="43" WC="0.93" CONTENT="153,"/><SP WIDTH="29" VPOS="1116" HPOS="1571"/>
							<String ID="string_57" HPOS="1600" VPOS="1116" WIDTH="103" HEIGHT="35" WC="0.92" CONTENT="hvari"/><SP WIDTH="27" VPOS="1116" HPOS="1703"/>
							<String ID="string_58" HPOS="1730" VPOS="1118" WIDTH="86" HEIGHT="35" WC="0.91" CONTENT="före-"/>
						</TextLine>
						<TextLine ID="line_7" HPOS="212" VPOS="1150" WIDTH="1605" HEIGHT="61">
							<String ID="string_59" HPOS="212" VPOS="1150" WIDTH="79" HEIGHT="45" WC="0.89" CONTENT="slås,"/><SP WIDTH="47" VPOS="1150" HPOS="291"/>
							<String ID="string_60" HPOS="338" VPOS="1152" WIDTH="80" HEIGHT="35" WC="0.89" CONTENT="»det"/><SP WIDTH="39" VPOS="1152" HPOS="418"/>
							<String ID="string_61" HPOS="457" VPOS="1152" WIDTH="203" HEIGHT="47" WC="0.96" CONTENT="Riksdagen"/><SP WIDTH="40" VPOS="1152" HPOS="660"/>
							<String ID="string_62" HPOS="700" VPOS="1154" WIDTH="109" HEIGHT="37" WC="0.96" CONTENT="måtte"/><SP WIDTH="39" VPOS="1154" HPOS="809"/>
							<String ID="string_63" HPOS="848" VPOS="1158" WIDTH="12" HEIGHT="33" WC="0.96" CONTENT="i"/><SP WIDTH="40" VPOS="1158" HPOS="860"/>
							<String ID="string_64" HPOS="900" VPOS="1159" WIDTH="184" HEIGHT="35" WC="0.96" CONTENT="skrifvelse"/><SP WIDTH="41" VPOS="1159" HPOS="1084"/>
							<String ID="string_65" HPOS="1125" VPOS="1159" WIDTH="151" HEIGHT="47" WC="0.96" CONTENT="anhålla,"/><SP WIDTH="29" VPOS="1159" HPOS="1276"/>
							<String ID="string_66" HPOS="1305" VPOS="1166" WIDTH="54" HEIGHT="32" WC="0.96" CONTENT="att"/><SP WIDTH="26" VPOS="1166" HPOS="1359"/>
							<String ID="string_67" HPOS="1385" VPOS="1163" WIDTH="130" HEIGHT="46" WC="0.95" CONTENT="Kongl."/><SP WIDTH="29" VPOS="1163" HPOS="1515"/>
							<String ID="string_68" HPOS="1544" VPOS="1165" WIDTH="108" HEIGHT="46" WC="0.96" CONTENT="Maj:t"/><SP WIDTH="27" VPOS="1165" HPOS="1652"/>
							<String ID="string_69" HPOS="1679" VPOS="1169" WIDTH="138" HEIGHT="35" WC="0.96" CONTENT="täcktes"/>
						</TextLine>
						<TextLine ID="line_8" HPOS="211" VPOS="1201" WIDTH="1607" HEIGHT="63">
							<String ID="string_70" HPOS="211" VPOS="1201" WIDTH="74" HEIGHT="36" WC="0.96" CONTENT="låta"/><SP WIDTH="31" VPOS="1201" HPOS="285"/>
							<String ID="string_71" HPOS="316" VPOS="1205" WIDTH="165" HEIGHT="33" WC="0.96" CONTENT="utarbeta"/><SP WIDTH="33" VPOS="1205" HPOS="481"/>
							<String ID="string_72" HPOS="514" VPOS="1206" WIDTH="61" HEIGHT="34" WC="0.96" CONTENT="och"/><SP WIDTH="35" VPOS="1206" HPOS="575"/>
							<String ID="string_73" HPOS="610" VPOS="1207" WIDTH="55" HEIGHT="34" WC="0.96" CONTENT="till"/><SP WIDTH="26" VPOS="1207" HPOS="665"/>
							<String ID="string_74" HPOS="691" VPOS="1207" WIDTH="221" HEIGHT="45" WC="0.92" CONTENT="Riksdagens"/><SP WIDTH="26" VPOS="1207" HPOS="912"/>
							<String ID="string_75" HPOS="938" VPOS="1210" WIDTH="164" HEIGHT="45" WC="0.91" CONTENT="pröfning"/><SP WIDTH="26" VPOS="1210" HPOS="1102"/>
							<String ID="string_76" HPOS="1128" VPOS="1211" WIDTH="197" HEIGHT="47" WC="0.95" CONTENT="framlägga"/><SP WIDTH="28" VPOS="1211" HPOS="1325"/>
							<String ID="string_77" HPOS="1353" VPOS="1215" WIDTH="133" HEIGHT="45" WC="0.96" CONTENT="förslag"/><SP WIDTH="27" VPOS="1215" HPOS="1486"/>
							<String ID="string_78" HPOS="1513" VPOS="1217" WIDTH="54" HEIGHT="34" WC="0.96" CONTENT="till"/><SP WIDTH="26" VPOS="1217" HPOS="1567"/>
							<String ID="string_79" HPOS="1593" VPOS="1218" WIDTH="225" HEIGHT="46" WC="0.96" CONTENT="lagstiftning"/>
						</TextLine>
						<TextLine ID="line_9" HPOS="209" VPOS="1255" WIDTH="1606" HEIGHT="59">
							<String ID="string_80" HPOS="209" VPOS="1255" WIDTH="150" HEIGHT="34" WC="0.96" CONTENT="rörande"/><SP WIDTH="40" VPOS="1255" HPOS="359"/>
							<String ID="string_81" HPOS="399" VPOS="1256" WIDTH="241" HEIGHT="36" WC="0.96" CONTENT="meddelandet"/><SP WIDTH="41" VPOS="1256" HPOS="640"/>
							<String ID="string_82" HPOS="681" VPOS="1258" WIDTH="39" HEIGHT="34" WC="0.93" CONTENT="af"/><SP WIDTH="35" VPOS="1258" HPOS="720"/>
							<String ID="string_83" HPOS="755" VPOS="1259" WIDTH="245" HEIGHT="36" WC="0.80" CONTENT="koncessioner"/><SP WIDTH="39" VPOS="1259" HPOS="1000"/>
							<String ID="string_84" HPOS="1039" VPOS="1259" WIDTH="37" HEIGHT="37" WC="0.94" CONTENT="åt"/><SP WIDTH="40" VPOS="1259" HPOS="1076"/>
							<String ID="string_85" HPOS="1116" VPOS="1264" WIDTH="156" HEIGHT="35" WC="0.94" CONTENT="enskilde"/><SP WIDTH="28" VPOS="1264" HPOS="1272"/>
							<String ID="string_86" HPOS="1300" VPOS="1268" WIDTH="54" HEIGHT="32" WC="0.96" CONTENT="att"/><SP WIDTH="27" VPOS="1268" HPOS="1354"/>
							<String ID="string_87" HPOS="1381" VPOS="1267" WIDTH="153" HEIGHT="44" WC="0.92" CONTENT="anlägga"/><SP WIDTH="28" VPOS="1267" HPOS="1534"/>
							<String ID="string_88" HPOS="1562" VPOS="1269" WIDTH="162" HEIGHT="45" WC="0.91" CONTENT="telegraf-"/><SP WIDTH="28" VPOS="1269" HPOS="1724"/>
							<String ID="string_89" HPOS="1752" VPOS="1272" WIDTH="63" HEIGHT="34" WC="0.96" CONTENT="och"/>
						</TextLine>
						<TextLine ID="line_10" HPOS="209" VPOS="1305" WIDTH="404" HEIGHT="46">
							<String ID="string_90" HPOS="209" VPOS="1305" WIDTH="404" HEIGHT="46" WC="0.90" CONTENT="telefoninrättningar.»"/>
						</TextLine>
					</TextBlock>
					<TextBlock ID="block_4" HPOS="207" VPOS="1356" WIDTH="1608" HEIGHT="303">
						<TextLine ID="line_11" HPOS="343" VPOS="1356" WIDTH="1470" HEIGHT="59">
							<String ID="string_91" HPOS="343" VPOS="1356" WIDTH="98" HEIGHT="35" WC="0.0" CONTENT="Enär"/><SP WIDTH="41" VPOS="1356" HPOS="441"/>
							<String ID="string_92" HPOS="482" VPOS="1360" WIDTH="192" HEIGHT="34" WC="0.96" CONTENT="emellertid"/><SP WIDTH="40" VPOS="1360" HPOS="674"/>
							<String ID="string_93" HPOS="714" VPOS="1361" WIDTH="112" HEIGHT="34" WC="0.96" CONTENT="denna"/><SP WIDTH="41" VPOS="1361" HPOS="826"/>
							<String ID="string_94" HPOS="867" VPOS="1363" WIDTH="129" HEIGHT="34" WC="0.96" CONTENT="motion"/><SP WIDTH="39" VPOS="1363" HPOS="996"/>
							<String ID="string_95" HPOS="1035" VPOS="1364" WIDTH="78" HEIGHT="35" WC="0.95" CONTENT="icke"/><SP WIDTH="40" VPOS="1364" HPOS="1113"/>
							<String ID="string_96" HPOS="1153" VPOS="1365" WIDTH="194" HEIGHT="37" WC="0.96" CONTENT="innefattar"/><SP WIDTH="39" VPOS="1365" HPOS="1347"/>
							<String ID="string_97" HPOS="1386" VPOS="1368" WIDTH="133" HEIGHT="46" WC="0.96" CONTENT="förslag"/><SP WIDTH="36" VPOS="1368" HPOS="1519"/>
							<String ID="string_98" HPOS="1555" VPOS="1371" WIDTH="53" HEIGHT="33" WC="0.93" CONTENT="till"/><SP WIDTH="27" VPOS="1371" HPOS="1608"/>
							<String ID="string_99" HPOS="1635" VPOS="1372" WIDTH="178" HEIGHT="43" WC="0.92" CONTENT="stiftande,"/>
						</TextLine>
						<TextLine ID="line_12" HPOS="210" VPOS="1407" WIDTH="1605" HEIGHT="57">
							<String ID="string_100" HPOS="210" VPOS="1407" WIDTH="160" HEIGHT="45" WC="0.96" CONTENT="ändring,"/><SP WIDTH="42" VPOS="1407" HPOS="370"/>
							<String ID="string_101" HPOS="412" VPOS="1408" WIDTH="196" HEIGHT="46" WC="0.95" CONTENT="förklaring"/><SP WIDTH="40" VPOS="1408" HPOS="608"/>
							<String ID="string_102" HPOS="648" VPOS="1412" WIDTH="84" HEIGHT="34" WC="0.92" CONTENT="eller"/><SP WIDTH="39" VPOS="1412" HPOS="732"/>
							<String ID="string_103" HPOS="771" VPOS="1413" WIDTH="247" HEIGHT="43" WC="0.92" CONTENT="upphäfvande"/><SP WIDTH="41" VPOS="1413" HPOS="1018"/>
							<String ID="string_104" HPOS="1059" VPOS="1416" WIDTH="38" HEIGHT="33" WC="0.91" CONTENT="af"/><SP WIDTH="38" VPOS="1416" HPOS="1097"/>
							<String ID="string_105" HPOS="1135" VPOS="1417" WIDTH="105" HEIGHT="44" WC="0.83" CONTENT="civil-,"/><SP WIDTH="34" VPOS="1417" HPOS="1240"/>
							<String ID="string_106" HPOS="1274" VPOS="1418" WIDTH="188" HEIGHT="46" WC="0.90" CONTENT="kriminal-,"/><SP WIDTH="29" VPOS="1418" HPOS="1462"/>
							<String ID="string_107" HPOS="1491" VPOS="1421" WIDTH="211" HEIGHT="36" WC="0.90" CONTENT="kommunal-"/><SP WIDTH="29" VPOS="1421" HPOS="1702"/>
							<String ID="string_108" HPOS="1731" VPOS="1425" WIDTH="84" HEIGHT="33" WC="0.95" CONTENT="eller"/>
						</TextLine>
						<TextLine ID="line_13" HPOS="209" VPOS="1459" WIDTH="1605" HEIGHT="58">
							<String ID="string_109" HPOS="209" VPOS="1459" WIDTH="186" HEIGHT="44" WC="0.96" CONTENT="kyrkolag,"/><SP WIDTH="30" VPOS="1459" HPOS="395"/>
							<String ID="string_110" HPOS="425" VPOS="1461" WIDTH="62" HEIGHT="33" WC="0.96" CONTENT="och"/><SP WIDTH="28" VPOS="1461" HPOS="487"/>
							<String ID="string_111" HPOS="515" VPOS="1462" WIDTH="170" HEIGHT="35" WC="0.96" CONTENT="motioner"/><SP WIDTH="26" VPOS="1462" HPOS="685"/>
							<String ID="string_112" HPOS="711" VPOS="1463" WIDTH="12" HEIGHT="34" WC="0.96" CONTENT="i"/><SP WIDTH="26" VPOS="1463" HPOS="723"/>
							<String ID="string_113" HPOS="749" VPOS="1463" WIDTH="164" HEIGHT="36" WC="0.96" CONTENT="liknande"/><SP WIDTH="28" VPOS="1463" HPOS="913"/>
							<String ID="string_114" HPOS="941" VPOS="1466" WIDTH="91" HEIGHT="43" WC="0.96" CONTENT="syfte"/><SP WIDTH="28" VPOS="1466" HPOS="1032"/>
							<String ID="string_115" HPOS="1060" VPOS="1467" WIDTH="59" HEIGHT="34" WC="0.96" CONTENT="vid"/><SP WIDTH="27" VPOS="1467" HPOS="1119"/>
							<String ID="string_116" HPOS="1146" VPOS="1467" WIDTH="82" HEIGHT="36" WC="0.96" CONTENT="flere"/><SP WIDTH="29" VPOS="1467" HPOS="1228"/>
							<String ID="string_117" HPOS="1257" VPOS="1468" WIDTH="209" HEIGHT="46" WC="0.96" CONTENT="föregående"/><SP WIDTH="26" VPOS="1468" HPOS="1466"/>
							<String ID="string_118" HPOS="1492" VPOS="1472" WIDTH="187" HEIGHT="45" WC="0.96" CONTENT="riksdagar"/><SP WIDTH="18" VPOS="1472" HPOS="1679"/>
							<String ID="string_119" HPOS="1697" VPOS="1475" WIDTH="117" HEIGHT="35" WC="0.96" CONTENT="blifvit"/>
						</TextLine>
						<TextLine ID="line_14" HPOS="210" VPOS="1510" WIDTH="1602" HEIGHT="59">
							<String ID="string_120" HPOS="210" VPOS="1515" WIDTH="37" HEIGHT="28" WC="0.87" CONTENT="så"/><SP WIDTH="28" VPOS="1515" HPOS="247"/>
							<String ID="string_121" HPOS="275" VPOS="1510" WIDTH="59" HEIGHT="34" WC="0.96" CONTENT="väl"/><SP WIDTH="27" VPOS="1510" HPOS="334"/>
							<String ID="string_122" HPOS="361" VPOS="1510" WIDTH="39" HEIGHT="34" WC="0.96" CONTENT="af"/><SP WIDTH="24" VPOS="1510" HPOS="400"/>
							<String ID="string_123" HPOS="424" VPOS="1510" WIDTH="127" HEIGHT="36" WC="0.95" CONTENT="Första"/><SP WIDTH="29" VPOS="1510" HPOS="551"/>
							<String ID="string_124" HPOS="580" VPOS="1523" WIDTH="70" HEIGHT="24" WC="0.96" CONTENT="som"/><SP WIDTH="27" VPOS="1523" HPOS="650"/>
							<String ID="string_125" HPOS="677" VPOS="1513" WIDTH="126" HEIGHT="36" WC="0.95" CONTENT="Andra"/><SP WIDTH="26" VPOS="1513" HPOS="803"/>
							<String ID="string_126" HPOS="829" VPOS="1514" WIDTH="215" HEIGHT="37" WC="0.96" CONTENT="Kammaren"/><SP WIDTH="28" VPOS="1514" HPOS="1044"/>
							<String ID="string_127" HPOS="1072" VPOS="1518" WIDTH="191" HEIGHT="36" WC="0.96" CONTENT="hänvisade"/><SP WIDTH="28" VPOS="1518" HPOS="1263"/>
							<String ID="string_128" HPOS="1291" VPOS="1521" WIDTH="53" HEIGHT="34" WC="0.96" CONTENT="till"/><SP WIDTH="28" VPOS="1521" HPOS="1344"/>
							<String ID="string_129" HPOS="1372" VPOS="1522" WIDTH="172" HEIGHT="45" WC="0.91" CONTENT="tillfäiligt"/><SP WIDTH="26" VPOS="1522" HPOS="1544"/>
							<String ID="string_130" HPOS="1570" VPOS="1525" WIDTH="147" HEIGHT="44" WC="0.91" CONTENT="utskott,"/><SP WIDTH="29" VPOS="1525" HPOS="1717"/>
							<String ID="string_131" HPOS="1746" VPOS="1526" WIDTH="66" HEIGHT="35" WC="0.91" CONTENT="för-"/>
						</TextLine>
						<TextLine ID="line_15" HPOS="210" VPOS="1558" WIDTH="1603" HEIGHT="61">
							<String ID="string_132" HPOS="210" VPOS="1558" WIDTH="134" HEIGHT="36" WC="0.90" CONTENT="anlåtes"/><SP WIDTH="40" VPOS="1558" HPOS="344"/>
							<String ID="string_133" HPOS="384" VPOS="1563" WIDTH="235" HEIGHT="43" WC="0.96" CONTENT="lagutskottet"/><SP WIDTH="40" VPOS="1563" HPOS="619"/>
							<String ID="string_134" HPOS="659" VPOS="1567" WIDTH="54" HEIGHT="32" WC="0.96" CONTENT="att"/><SP WIDTH="40" VPOS="1567" HPOS="713"/>
							<String ID="string_135" HPOS="753" VPOS="1566" WIDTH="53" HEIGHT="34" WC="0.95" CONTENT="till"/><SP WIDTH="39" VPOS="1566" HPOS="806"/>
							<String ID="string_136" HPOS="845" VPOS="1564" WIDTH="126" HEIGHT="37" WC="0.96" CONTENT="Andra"/><SP WIDTH="26" VPOS="1564" HPOS="971"/>
							<String ID="string_137" HPOS="997" VPOS="1567" WIDTH="217" HEIGHT="37" WC="0.93" CONTENT="Kammaren"/><SP WIDTH="27" VPOS="1567" HPOS="1214"/>
							<String ID="string_138" HPOS="1241" VPOS="1568" WIDTH="192" HEIGHT="39" WC="0.91" CONTENT="återlemna"/><SP WIDTH="29" VPOS="1568" HPOS="1433"/>
							<String ID="string_139" HPOS="1462" VPOS="1575" WIDTH="185" HEIGHT="44" WC="0.96" CONTENT="motionen,"/><SP WIDTH="29" VPOS="1575" HPOS="1647"/>
							<String ID="string_140" HPOS="1676" VPOS="1577" WIDTH="137" HEIGHT="35" WC="0.96" CONTENT="hvilket"/>
						</TextLine>
						<TextLine ID="line_16" HPOS="207" VPOS="1611" WIDTH="457" HEIGHT="48">
							<String ID="string_141" HPOS="207" VPOS="1611" WIDTH="141" HEIGHT="34" WC="0.96" CONTENT="härmed"/><SP WIDTH="30" VPOS="1611" HPOS="348"/>
							<String ID="string_142" HPOS="378" VPOS="1613" WIDTH="54" HEIGHT="33" WC="0.96" CONTENT="för"/><SP WIDTH="26" VPOS="1613" HPOS="432"/>
							<String ID="string_143" HPOS="458" VPOS="1612" WIDTH="206" HEIGHT="47" WC="0.96" CONTENT="Riksdagen"/>
						</TextLine>
					</TextBlock>
				</ComposedBlock>
				<ComposedBlock ID="cblock_4" HPOS="344" VPOS="1718" WIDTH="917" HEIGHT="252">
					<TextBlock ID="block_5" HPOS="344" VPOS="1718" WIDTH="917" HEIGHT="252">
						<TextLine ID="line_17" HPOS="658" VPOS="1718" WIDTH="298" HEIGHT="45">
							<String ID="string_144" HPOS="658" VPOS="1718" WIDTH="298" HEIGHT="45" WC="0.89" CONTENT="tillkännagifves."/>
						</TextLine>
						<TextLine ID="line_18" HPOS="344" VPOS="1813" WIDTH="662" HEIGHT="44">
							<String ID="string_145" HPOS="344" VPOS="1813" WIDTH="201" HEIGHT="37" WC="0.96" CONTENT="Stockholm"/><SP WIDTH="29" VPOS="1813" HPOS="545"/>
							<String ID="string_146" HPOS="574" VPOS="1817" WIDTH="65" HEIGHT="35" WC="0.95" CONTENT="den"/><SP WIDTH="28" VPOS="1817" HPOS="639"/>
							<String ID="string_147" HPOS="667" VPOS="1820" WIDTH="22" HEIGHT="33" WC="0.95" CONTENT="4"/><SP WIDTH="27" VPOS="1820" HPOS="689"/>
							<String ID="string_148" HPOS="716" VPOS="1818" WIDTH="155" HEIGHT="37" WC="0.95" CONTENT="februari"/><SP WIDTH="31" VPOS="1818" HPOS="871"/>
							<String ID="string_149" HPOS="902" VPOS="1823" WIDTH="104" HEIGHT="34" WC="0.96" CONTENT="1887."/>
						</TextLine>
						<TextLine ID="line_19" HPOS="755" VPOS="1919" WIDTH="506" HEIGHT="51">
							<String ID="string_150" HPOS="755" VPOS="1919" WIDTH="53" HEIGHT="36" WC="0.93" CONTENT="På"/><SP WIDTH="26" VPOS="1919" HPOS="808"/>
							<String ID="string_151" HPOS="834" VPOS="1923" WIDTH="250" HEIGHT="43" WC="0.90" CONTENT="lagutskottets"/><SP WIDTH="27" VPOS="1923" HPOS="1084"/>
							<String ID="string_152" HPOS="1111" VPOS="1930" WIDTH="150" HEIGHT="40" WC="0.96" CONTENT="vägnar:"/>
						</TextLine>
					</TextBlock>
				</ComposedBlock>
				<ComposedBlock ID="cblock_5" HPOS="766" VPOS="2020" WIDTH="481" HEIGHT="43">
					<TextBlock ID="block_6" HPOS="766" VPOS="2020" WIDTH="481" HEIGHT="43">
						<TextLine ID="line_20" HPOS="766" VPOS="2020" WIDTH="481" HEIGHT="43">
							<String ID="string_153" HPOS="766" VPOS="2022" WIDTH="141" HEIGHT="37" WC="0.95" CONTENT="AXEL"/><SP WIDTH="28" VPOS="2022" HPOS="907"/>
							<String ID="string_154" HPOS="935" VPOS="2020" WIDTH="312" HEIGHT="43" WC="0.94" CONTENT="BERGSTRÖM."/>
						</TextLine>
					</TextBlock>
				</ComposedBlock>
				<ComposedBlock ID="cblock_6" HPOS="295" VPOS="2331" WIDTH="884" HEIGHT="51">
					<TextBlock ID="block_7" HPOS="295" VPOS="2331" WIDTH="884" HEIGHT="51">
						<TextLine ID="line_21" HPOS="295" VPOS="2331" WIDTH="884" HEIGHT="51">
							<String ID="string_155" HPOS="295" VPOS="2331" WIDTH="74" HEIGHT="32" WC="0.78" CONTENT="Bih."/><SP WIDTH="26" VPOS="2331" HPOS="369"/>
							<String ID="string_156" HPOS="395" VPOS="2334" WIDTH="52" HEIGHT="33" WC="0.93" CONTENT="till"/><SP WIDTH="21" VPOS="2334" HPOS="447"/>
							<String ID="string_157" HPOS="468" VPOS="2335" WIDTH="114" HEIGHT="32" WC="0.92" CONTENT="Riksd."/><SP WIDTH="25" VPOS="2335" HPOS="582"/>
							<String ID="string_158" HPOS="607" VPOS="2336" WIDTH="87" HEIGHT="32" WC="0.94" CONTENT="Prot."/><SP WIDTH="25" VPOS="2336" HPOS="694"/>
							<String ID="string_159" HPOS="719" VPOS="2338" WIDTH="92" HEIGHT="29" WC="0.95" CONTENT="1887."/><SP WIDTH="45" VPOS="2338" HPOS="811"/>
							<String ID="string_160" HPOS="856" VPOS="2340" WIDTH="21" HEIGHT="28" WC="0.95" CONTENT="7"/><SP WIDTH="21" VPOS="2340" HPOS="877"/>
							<String ID="string_161" HPOS="898" VPOS="2337" WIDTH="97" HEIGHT="33" WC="0.50" CONTENT="Sand."/><SP WIDTH="45" VPOS="2337" HPOS="995"/>
							<String ID="string_162" HPOS="1040" VPOS="2341" WIDTH="24" HEIGHT="29" WC="0.90" CONTENT="2"/><SP WIDTH="21" VPOS="2341" HPOS="1064"/>
							<String ID="string_163" HPOS="1085" VPOS="2340" WIDTH="94" HEIGHT="42" WC="0.73" CONTENT="Häft."/>
						</TextLine>
					</TextBlock>
				</ComposedBlock>
			</PrintSpace>
		</Page>
	</Layout>
</alto>
