1930 2822
289 189 18 28 2
741 184 275 27 Bankoutskottets
1036 183 159 28 utlåtande
1213 183 43 27 Nr
1276 184 47 26 20.

291 266 69 38 liga
380 264 316 39 balansräkningen
717 264 56 30 vid
794 263 244 39 övertagandet
1060 262 115 31 såsom
1195 261 142 40 tillgång
1358 261 253 40 kapitalvärdet
1632 271 42 20 av
1695 260 84 31 åter-

292 309 142 31 stående
457 308 281 40 tilläggsavgifter
762 308 55 30 för
840 308 108 30 redan
972 307 175 39 ingångna
1172 308 202 37 äktenskap.
1412 306 65 30 För
1502 306 203 39 äktenskap,
1730 306 49 29 in-

291 354 138 39 gångna
457 354 84 30 efter
570 353 254 39 övertagandet,
853 351 156 40 bortsågs
1036 352 10 30 i
1075 351 318 38 balansräkningen
1421 350 78 30 från
1527 350 253 39 kapitalvärdet

290 399 97 30 såväl
405 408 42 21 av
465 398 68 30 års-
553 399 66 29 och
638 397 285 39 tilläggsavgifter
940 407 73 20 som
1031 406 43 20 av
1092 395 359 40 pensionsförmånen,
1471 396 81 29 enär
1571 395 101 30 dessa
1689 394 90 31 båda

291 447 116 35 poster
426 442 146 40 ansågos
592 442 238 39 ungefärligen
851 443 158 37 uppväga
1029 441 182 30 varandra.

337 488 135 30 Antalet
499 487 247 31 förutvarande
773 487 160 38 delägare
960 486 10 29 i
998 486 103 30 änke-
1131 486 64 29 och
1223 485 249 39 pupillkassan,
1502 494 75 20 som
1605 484 176 30 förvärvat

292 542 45 29 ny
360 533 207 38 delägarrätt
590 532 11 29 i
623 532 127 29 kassan
774 531 82 30 eller
878 530 83 30 efter
985 533 128 27 statens
1136 530 230 38 övertagande
1390 539 41 20 av
1454 529 128 29 kassan
1605 529 175 30 förvärvat

292 576 366 39 familjepensionsrätt
677 576 54 30 för
749 576 124 29 hustru
892 576 65 29 och
974 576 87 28 barn
1080 575 11 29 i
1111 574 44 30 då
1173 573 162 39 ingånget
1355 574 201 38 äktenskap,
1576 573 107 38 jämte
1702 574 79 29 dem

291 622 68 29 den
382 623 13 28 1
416 621 136 38 januari
574 621 83 30 1940
676 619 181 40 åliggande
876 619 107 39 årliga
1001 619 281 38 tilläggsavgifter
1301 617 137 40 framgå
1456 627 42 21 av
1517 618 156 38 följande
1693 627 87 20 sam-

292 666 260 39 manställning:

1532 699 77 35 Årlig
1628 704 122 30 tilläggs-

339 736 29 40 1)
400 738 12 29 I
431 737 106 39 tjänst
554 737 152 30 varande
1378 723 85 24 Sten
1563 740 91 30 avgift
1673 740 50 23 Kr.

404 789 31 40 a)
465 791 192 38 äktenskap
674 789 175 39 ingångna
866 790 126 29 mellan
1009 790 41 29 50
1068 789 66 30 och
1152 789 41 29 60
1209 787 37 31 år
1270 811 74 6 ....
1398 788 38 29 67
1596 788 20 29 8
1630 787 63 29 428

402 834 33 39 b)
467 835 192 39 äktenskap
677 834 175 39 ingångna
870 834 85 30 efter
972 834 40 30 60
1031 833 37 30 år
1094 856 250 6 ............
1422 833 14 28 1
1600 832 14 29 1
1630 832 63 29 069

339 896 32 40 2)
402 897 225 30 Pensionärer

406 949 30 39 a)
467 950 193 39 äktenskap
677 949 174 40 ingångna
868 950 126 30 mellan
1012 950 41 29 50
1070 949 67 30 och
1153 949 42 30 60
1211 947 37 31 år
1272 972 75 6 ....
1400 948 40 30 65
1600 947 93 29 7791

405 994 34 40 b)
469 996 192 38 äktenskap
680 994 174 40 ingångna
873 994 85 30 efter
975 995 40 29 60
1033 993 38 31 år
1097 1016 251 7 ...........-
1404 994 36 28 11
1603 992 93 29 1568

1409 1054 143 30 Summa
1579 1055 39 28 18
1632 1054 64 29 856

340 1119 66 30 Vid
435 1120 228 38 uppgörelsen
692 1118 178 40 angående
901 1121 125 28 statens
1056 1118 230 38 övertagande
1317 1127 42 20 av
1389 1118 127 28 kassan
1545 1116 64 30 har
1640 1115 145 30 sålunda

294 1165 143 29 räknats
459 1164 78 30 med
558 1167 50 27 att
630 1162 265 40 ifrågavarande
917 1163 143 39 avgifter
1083 1162 148 39 alltjämt
1253 1162 99 29 skola
1375 1162 153 38 erläggas
1550 1161 66 29 och
1639 1160 146 30 tillföras

294 1208 430 40 familjepensionsfonden
743 1208 65 30 och
828 1208 43 30 de
890 1217 42 21 av
951 1208 145 29 kassans
1116 1207 157 38 delägare
1291 1206 148 30 utsedda
1457 1204 219 39 fullmäktige
1695 1205 90 29 hava

294 1253 59 30 vid
374 1253 57 30 sitt
450 1253 255 38 godkännande
724 1262 42 20 av
786 1251 360 31 överenskommelsen
1165 1250 74 30 icke
1259 1253 114 27 ansett
1393 1249 49 39 sig
1461 1250 84 29 böra
1566 1249 139 38 vidtaga
1724 1247 60 31 nå-

295 1305 68 31 gon
387 1296 120 40 åtgärd
529 1297 11 30 i
563 1306 119 21 annan
704 1296 164 39 riktning.
904 1296 55 30 Att
981 1296 208 30 överskottet
1212 1295 10 29 i
1244 1296 131 28 kassan
1397 1294 57 30 vid
1476 1294 67 30 den
1567 1293 138 39 slutliga
1728 1302 56 20 av-

295 1342 193 39 räkningen
508 1342 80 30 med
609 1344 110 27 staten
738 1342 76 29 blev
835 1341 156 30 avsevärt
1011 1340 139 38 mycket
1170 1341 107 28 större
1296 1340 46 29 än
1363 1339 66 30 vad
1450 1348 74 21 som
1544 1338 145 38 tidigare
1708 1338 76 29 räk-

295 1390 79 27 nats
398 1387 87 35 med,
510 1387 70 29 kan
604 1386 76 30 icke
703 1388 96 36 tagas
823 1385 52 30 till
899 1385 110 29 intäkt
1032 1384 56 30 för
1111 1387 50 27 att
1184 1387 110 26 staten
1319 1393 49 21 nu
1393 1383 87 30 skall
1503 1383 100 29 träda
1628 1382 156 35 emellan,

295 1432 83 29 enär
405 1431 89 30 detta
521 1431 175 29 överskott
721 1430 71 30 helt
817 1429 142 30 tillfallit
985 1428 174 31 Stiftelsen
1185 1427 397 40 statsbanepersonalens
1609 1426 176 40 pensions-

294 1476 67 29 och
380 1475 303 30 understödsfond.
704 1474 335 39 Järnvägsstyrelsen
1057 1473 61 30 vill
1136 1473 11 30 i
1165 1473 91 30 detta
1276 1473 254 37 sammanhang
1548 1471 169 35 meddela,
1737 1473 49 27 att

295 1519 127 40 frågan
446 1529 56 21 om
526 1519 266 39 kompensation
817 1518 56 31 för
899 1519 65 29 den
989 1518 40 30 fr.
1056 1528 30 20 o.
1113 1527 45 21 m.
1186 1518 65 29 den
1279 1518 14 28 1
1322 1517 64 38 juli
1414 1517 82 30 1936
1521 1516 165 38 vidtagna
1710 1515 74 38 höj-

295 1564 131 39 ningen
454 1574 42 20 av
525 1563 422 39 återinträdesavgifterna
975 1562 10 30 i
1014 1563 129 29 kassan
1172 1561 87 31 varit
1288 1560 148 32 föremål
1464 1561 54 30 för
1547 1560 239 39 övervägande

297 1609 97 30 inom
415 1609 153 30 nämnda
591 1608 144 30 stiftelse
756 1607 45 40 på
823 1608 68 29 sätt
912 1606 153 39 framgår
1087 1616 42 20 av
1152 1605 20 40 &
1197 1607 37 29 12
1256 1606 11 30 i
1288 1605 164 40 bifogade
1474 1605 184 39 protokoll,
1680 1604 105 30 hållet

294 1654 57 30 vid
373 1654 126 30 urtima
520 1655 93 29 möte
634 1653 80 30 med
735 1653 185 30 stiftelsens
942 1651 217 38 fullmäktige
1182 1652 65 30 den
1268 1652 132 29 21—23
1422 1650 186 30 november
1632 1644 108 35 1938.!

341 1697 194 39 Anledning
552 1697 128 30 saknas
698 1696 131 31 således
847 1696 55 30 för
919 1699 46 27 ett
982 1695 290 30 efterskänkande
1290 1694 80 30 från
1389 1696 127 28 statens
1535 1693 75 30 sida
1628 1703 42 20 av
1688 1693 97 30 dessa

297 1742 157 39 avgifter,
484 1741 44 31 då
557 1740 429 40 familjepensionsfonden
1015 1739 202 39 härigenom
1247 1739 112 30 skulle
1388 1738 141 30 komma
1559 1740 49 27 att
1638 1738 149 29 drabbas

297 1796 44 21 av
358 1786 361 40 pensionskostnader,
737 1785 53 31 för
808 1785 94 30 vilka
919 1784 163 39 täckning
1098 1784 76 30 icke
1190 1783 123 30 finnes.
1345 1783 58 30 Ett
1419 1785 106 28 annat
1542 1782 77 30 skäl
1636 1783 38 29 är
1691 1783 95 33 även,

296 1834 50 27 att
371 1831 106 30 bland
503 1831 202 30 nuvarande
729 1830 211 39 tjänstemän
964 1829 63 31 och
1053 1828 222 40 pensionärer
1300 1827 115 31 finnes
1440 1830 46 27 ett
1511 1827 105 35 antal,
1644 1836 73 21 som
1742 1825 44 40 på

298 1875 54 30 sin
374 1875 50 31 tid
445 1875 56 30 vid
522 1875 172 39 medgivet
715 1874 140 39 förnyat
877 1874 226 38 delägarskap
1125 1873 11 30 i
1157 1874 128 29 kassan
1306 1873 108 38 erlagt
1436 1872 52 30 sin
1510 1870 246 40 tilläggsavgift
1777 1870 11 29 i

296 1919 94 31 form
414 1929 42 21 av
480 1929 42 21 en
547 1918 262 40 engångsavgift
835 1919 66 30 och
925 1918 91 30 vilka
1042 1917 147 31 sålunda
1214 1917 111 30 skulle
1349 1917 141 30 komma
1514 1919 50 27 att
1589 1915 197 31 vederfaras

298 1973 43 21 en
361 1964 69 30 viss
449 1965 88 29 orätt
558 1972 125 31 genom
702 1966 49 28 att
769 1963 76 30 icke
864 1963 92 30 bliva
975 1962 174 39 delaktiga
1168 1962 10 30 i
1198 1961 319 39 avgiftsbefrielsen.

345 2008 75 30 Den
444 2018 42 20 av
509 2008 257 30 motionärerna
792 2007 122 39 gjorda
937 2007 222 39 jämförelsen
1183 2006 78 30 med
1285 2006 221 38 tjänstemän,
1532 2004 55 31 för
1611 2004 93 30 vilka
1729 2004 59 29 all-

298 2053 131 30 männa
451 2052 520 39 familjepensionsreglementet
994 2052 37 29 är
1055 2051 158 39 gällande
1236 2051 66 29 och
1325 2050 94 30 vilka
1442 2052 84 28 utan
1549 2049 132 38 ökning
1704 2048 11 30 i
1737 2047 41 30 fa

299 2097 426 39 miljepensionsavdraget
745 2098 64 38 äga
828 2095 82 40 ingå
929 2096 191 39 äktenskap
1140 2095 87 30 intill
1247 2096 41 29 60
1309 2094 56 31 års
1385 2094 103 36 ålder,
1509 2095 71 29 kan
1600 2094 76 30 icke
1694 2092 11 30 i
1724 2091 66 31 och

300 2142 54 30 för
378 2142 50 39 sig
451 2151 99 21 anses
573 2143 123 37 utgöra
719 2142 74 29 skäl
815 2141 55 30 för
892 2140 98 31 bifall
1012 2141 51 29 till
1086 2140 226 35 motionerna,
1337 2140 83 29 enär
1442 2139 66 30 den
1531 2138 114 31 ökade
1666 2137 123 30 belast-

299 2186 84 39 ning
404 2186 20 31 å
444 2186 440 40 familjepensionsfonden,
907 2195 73 21 som
1000 2184 241 39 medgivandet
1261 2184 11 30 i
1294 2183 100 39 fråga
1414 2183 268 34 åstadkommer,
1704 2190 84 30 upp-

300 2232 103 38 väges
426 2241 41 20 av
489 2231 66 30 den
577 2230 311 39 omständigheten,
911 2233 49 27 att
982 2229 158 39 samtliga
1162 2229 210 38 tjänstemän
1393 2246 44 3 —
1459 2227 147 31 sålunda
1629 2227 86 30 även
1737 2226 51 35 de,

300 2285 76 20 som
394 2276 57 30 vid
468 2276 68 30 viss
554 2275 96 31 ålder
668 2276 108 29 sakna
794 2273 510 41 familjepensionsberättigade
1322 2272 168 40 anhöriga
1505 2290 45 4 —
1568 2273 60 29 äro
1646 2270 144 40 pliktiga

301 2322 49 28 att
390 2320 193 30 vidkännas
622 2319 426 40 familjepensionsavdrag
1088 2318 92 30 ända
1217 2318 51 30 till
1294 2317 208 40 tidpunkten
1529 2316 55 31 för
1612 2315 179 40 avgången

299 2373 42 21 ur
359 2364 116 39 tjänst.

346 2408 50 30 På
423 2409 110 38 grund
559 2419 43 20 av
629 2409 67 30 vad
722 2408 147 31 sålunda
896 2408 130 30 anförts
1053 2407 56 31 får
1135 2407 165 39 styrelsen
1327 2407 162 38 avstyrka
1515 2405 101 31 bifall
1642 2405 50 31 till
1718 2414 71 21 mo-

302 2451 167 32 tionerna.

337 2513 10 16 1
368 2514 61 25 Här
448 2515 25 31 ej
493 2514 148 33 återgivet.
